3772 5828
202 349 260 411 339,

205 478 299 555 εὴμῖν
320 474 440 541 καίτους
452 470 570 554 φυγάδας
584 466 822 541 ἐξελάσητι,’τοτε
841 463 900 532 τοθς
915 460 976 545 περί

204 570 320 648 αφιλίας
340 589 369 624 τε
394 587 441 623 και
429 560 609 641 συμμαχίας
636 556 887 635 διαλιξομένουςρ
851 578 872 612 π
889 551 974 615 ίσύεις

155 672 158 679 “
205 680 220 711 ιι
235 653 354 731 πέμπετε
378 652 440 731 πρὸς
456 653 581 729 ήμᾶς,’
568 675 602 717 ως
592 645 713 716 οὐδενὸς
728 647 908 758 ἀτυχήσοντας
922 643 973 698 τῶν

203 768 219 803 α
236 743 386 853 μετρίων.
374 742 537 820 Ἀπῄισαν
552 741 576 798 οί
590 761 611 796 π
613 736 713 818 ρέσθεις
734 735 830 801 ταύτας
844 731 890 799 τάς
907 732 973 789 ἀπο·

160 872 174 907 ς
202 834 299 914 κρίσεις
312 830 448 907 λαάόντες,
457 828 503 889 καί
515 852 564 904 μετ
565 825 672 937 ’ὀλίγρς
685 824 786 904 ἡμέρας
796 815 860 895 ἧκον
875 818 935 884 τούς
944 839 973 875 τε

203 920 415 1002 αθχμαλῶτους’
400 917 533 999 αφεικάτες
545 914 591 974 καί
613 913 672 981 τοὺς
690 913 799 979 ἁλόντας
820 913 873 970 τῶν
897 910 974 967 αὐτο·

204 1013 292 1090 μύλων
325 1005 487 1084 δεσμίους
470 1028 586 1083 αγοντες,
608 1002 654 1063 καὶ
680 1003 739 1068 τοθς
759 1000 815 1078 άμα
834 994 975 1110 Ταρκυνίῳ

204 1100 320 1182 φυγάδας
347 1094 530 1167 έξεληλακύτις
551 1097 581 1153 ἐκ
608 1095 659 1151 τῶν
689 1088 801 1151 πολεων.
843 1085 909 1147 ’sled’
938 1075 974 1142 ῶν

203 1188 307 1267 εθροντσ
322 1209 374 1263 παρ
376 1184 437 1243 4
405 1209 451 1255 της
464 1185 560 1260 βουλῆς
571 1178 619 1252 τὴν
630 1179 745 1260 ἀρχαίαν
754 1175 895 1289 φιλίαν
852 1201 898 1236 και
909 1198 976 1251 συμ·

151 1309 177 1348 10
204 1277 316 1356 μαχίαν,
329 1275 376 1334 καὶ
390 1271 450 1339 τοθς
466 1270 556 1350 ὅρκους
572 1267 631 1336 τοθς
650 1267 715 1348 ὑπὲρ
730 1267 829 1328 τούτων
849 1266 912 1323 ποτέ
932 1286 976 1343 γε·

204 1367 326 1442 νομένους
337 1360 429 1421 δάι’
394 1384 446 1418 των
461 1357 660 1438 είρηνοδικῶν’
645 1355 830 1416 ανινιάισαντο.
871 1351 906 1413 ‘0
928 1350 976 1426 μέν

204 1454 236 1526 δὴ
253 1477 274 1511 π
276 1451 318 1531 ρος
331 1449 391 1515 τοὺς
403 1447 544 1526 τυράννους
567 1443 664 1512 συστάς
677 1444 791 1521 πόλεμος
808 1440 976 1550 τετρακαρδε·

204 1538 281 1609 κέτης
299 1534 351 1593 ἀπὸ
370 1536 416 1603 τῆς
435 1531 632 1599 έκπτῶσεως’
603 1534 689 1590 αυτῶν
706 1530 842 1608 γενόμενος
854 1528 977 1599 τοιαύτης

204 1627 280 1704 ἔτυχε
288 1626 420 1691 τελευτῆς.
463 1620 609 1699 Ἰαρκύνιος
619 1621 671 1680 444
686 1624 826 1700 βασιλεύς·
842 1610 955 1686 οὗτος
926 1640 978 1697 γαρ

154 1752 177 1791 Ι,
205 1714 244 1774 ίτι
265 1710 355 1780 λοιπθς
377 1713 407 1770 ta
429 1734 474 1770 του
457 1708 578 1787 γένους
588 1701 637 1782 ἦν·
652 1713 719 1787 cccc
740 1735 765 1770 τι
786 1711 899 1789 γεγονὼς
922 1709 978 1765 ἀνε-

204 1803 318 1874 νήκοντα
329 1802 375 1872 ἔτη
389 1799 459 1859 κατθι
473 1798 517 1858 τὸν
536 1801 631 1878 χρόνον
647 1805 738 1859 τοῦτον
760 1794 934 1864 ἀπολωλεκὼς
944 1793 979 1854 ¹s4

205 1895 285 1953 τέκνα
297 1891 343 1950 καί
357 1891 401 1950 τὸν
414 1894 467 1949 τῶν
482 1889 615 1960 κηδεστῶν
626 1880 696 1949 υίκον
708 1889 753 1949 καί
766 1894 849 1970 γῆρας
870 1887 977 1947 ἐλεεινέν

206 1982 252 2041 καὶ
266 1983 329 2062 παρ’
347 1983 450 2061 ἐχθροῖς
471 1980 615 2051 διαντλῶν,
630 1979 690 2039 οὔτε
714 1978 835 2040 Λατίνων
850 1976 977 2054 ὑποδεχο-

207 2071 292 2146 μένων
307 2070 385 2128 αὐτὸν
400 2068 438 2127 ἔτι
465 2067 523 2135 ταῖς
535 2067 652 2139 πολεσιν,
665 2067 724 2127 οὔτε
748 2069 895 2146 Τυρρηνῶν
919 2061 978 2121 οὔτε

153 2192 179 2231 tu
206 2158 329 2220 Σαέίνων
344 2156 398 2215 οὔτ’
414 2157 497 2228 άλλης
516 2155 705 2235 πλησιοχώρου
722 2155 823 2220 πόλεως
844 2150 980 2231 ἐλευθέρας

206 2250 341 2324 οὐδεμιᾶς,
372 2248 407 2312 εἷς
426 2243 473 2316 τλν
503 2244 665 2323 Καμπανίδα
688 2245 784 2320 Κύμην
812 2240 898 2322 ᾤχετο
915 2239 980 2317 πρδς

206 2335 396 2414 Ἀριστόδημον
411 2332 455 2392 τθν
470 2332 645 2405 ἐπικληθέντα
659 2333 790 2394 Μαλακὸν
806 2333 980 2410 τυραννοῦντα

204 2424 266 2484 vtes
282 2421 411 2499 Κυμαίων
422 2445 429 2459 ·
442 2422 532 2501 παρ’
518 2412 540 2479 ῶ
555 2420 656 2502 βραχύν
670 2444 729 2480 τινα
743 2423 849 2500 ἡμερῶν
871 2416 981 2499 ἀριθμὸν

149 2512 325 2651 πέπιύιοθς
339 2510 498 2581 ἀποθνήσκει
518 2511 562 2571 καλ
585 2510 712 2571 θάπτεται
733 2509 776 2570 ὑπ’
788 2511 878 2569 αὐτοῦ.
918 2510 980 2568 Τῶν

207 2602 234 2661 44
249 2603 296 2662 σθν
307 2599 398 2711 έκείνιρ
420 2600 542 2679 φυγάδων
555 2603 579 2659 oi
599 2601 647 2678 μίν
662 2602 736 2658 is*
702 2622 735 2678 τῃ
752 2598 833 2676 Κύμῃ
855 2594 981 2672 κατέμει-

206 2714 265 2764 ναν
287 2688 346 2748 ota*
367 2689 403 2756 εἷς
429 2687 600 2756 άλλαςτινθις
625 2687 713 2754 πόλεις
732 2684 916 2751 σκεδασθέντες
936 2680 980 2741 ἐπί

208 2778 281 2849 ξένης
292 2776 335 2836 τὸν
353 2778 408 2855 βίον
423 2778 611 2854 κατέστρεψαν.

247 2866 341 2927 xxii.
363 2864 508 2942 Ῥωμαίοις
523 2863 550 2922 44
572 2864 799 2941 καταλυσαμένοις
815 2862 874 2931 τοθς
898 2866 980 2920 ύπαι-

208 2955 293 3035 θρίσυς
315 2954 474 3030 πολέμουςὴ
495 2952 616 3023 πολιτικὴ
635 2954 726 3021 στάσις
746 2944 819 3019 α’ύθις
840 2950 980 3022 ἀνίστατο,

151 3068 177 3109 sc
207 3048 253 3115 τῆς
269 3043 315 3120 μὲν
332 3045 428 3122 βουλῆς
443 3039 627 3122 ψηφισαμένης
641 3043 753 3110 καθίζειν
770 3040 804 3098 τά
822 3039 980 3117 δικαστήρια

208 3132 252 3190 καί
271 3132 316 3199 τάς
331 3129 552 3212 ἀμφισὸητήσεις,
570 3131 601 3198 ἃς
615 3131 658 3188 διθι
670 3130 713 3188 τὸν
728 3129 844 3203 πολεμον
869 3126 980 3186 ἀνεθάλ-

208 3223 291 3292 λοντο,
307 3220 439 3299 κρίνεσθαι
458 3219 526 3275 κατά
545 3216 604 3284 τοὺς
618 3216 729 3294 νόμους·
744 3219 796 3275 τῶν
811 3216 838 3274 44
858 3215 918 3293 περὶ
932 3214 980 3283 τθις

208 3309 373 3386 συναλλαγὰς
386 3305 635 3384 ἀμφισύητημάτων
651 3308 688 3372 είς
706 3305 835 3384 μεγάλους
848 3304 980 3371 κλύδωνας

208 3399 251 3457 καί
266 3395 349 3464 δεινδις
364 3394 569 3474 προύεύηκότων
580 3394 688 3461 ἀτοπίας
700 3417 728 3453 τε
739 3394 784 3452 καὶ
795 3393 980 3472 ἀναισχυντίας

151 3507 179 3546 sc
208 3490 259 3544 τῶν
285 3484 333 3562 μὲν
354 3484 503 3560 δημοτικῶν
530 3481 664 3549 ἀδυνάτως
688 3481 757 3562 ἔχειν
790 3481 977 3558 σκηπτομένων

208 3574 321 3634 διαλύειν
336 3569 369 3629 τά
383 3568 459 3651 χρέα,
473 3568 562 3652 χώρας
572 3594 600 3630 τε
616 3573 703 3638 αὐτοῖς
723 3570 886 3648 κεκομμένης
900 3574 926 3630 έν
942 3574 979 3650 τῶ

207 3665 329 3722 πολυετεῖ
342 3658 451 3738 πολέμῳ
466 3658 513 3718 καί
528 3659 705 3739 βοσκημάτων
728 3659 920 3741 διεφθαρμένων
935 3658 980 3718 καί

209 3747 378 3830 ἀνδραπόδων
407 3749 574 3824 αὐτομολίαις
593 3748 638 3807 καὶ
660 3748 839 3826 καταδρομαῖς
868 3768 980 3805 σπανισ-

208 3836 317 3913 θέντων,
334 3840 380 3906 τῆς
405 3858 433 3894 τε
458 3834 527 3895 κατδι
547 3837 623 3894 πολιν
643 3835 760 3906 κτίσεως
783 3835 981 3912 ἐξανηλωμένης

154 3946 181 3982 ru
210 3932 266 3992 ταῖς
288 3928 324 3990 εἰς
336 3923 384 3994 τλν
407 3923 544 4001 στρατείαν
565 3923 708 3990 δαπάναις·
723 3927 774 3981 τῶν
793 3923 820 3981 44
840 3924 981 3982 δανειστῶν

210 4012 309 4078 ταύτας
326 4011 374 4090 μέν
397 4012 443 4079 τὰς
462 4012 599 4093 συμφοράς
623 4012 715 4088 ὁμοίας
739 4012 823 4069 ἅπασι
846 4010 981 4087 γεγονέναι

210 4099 353 4173 λεγόντων,
367 4100 412 4158 καί
422 4103 451 4159 οὗ
463 4102 551 4211 μένρις
562 4105 614 4167 τοῖς
624 4098 835 4181 χρεωφειλέταις,
844 4099 891 4157 οὐκ
902 4099 982 4159 ἀνεκ-

212 4187 254 4244 τθν
273 4186 296 4244 δ
310 4188 461 4262 ἡγουμένων
477 4191 550 4268 σφίσι
562 4189 599 4263 μὴ
620 4191 696 4266 μόνον
712 4187 830 4248 ἀδιά
807 4210 850 4246 τον
865 4190 981 4266 πόλεμον

211 4279 281 4358 ἀφῃρ
268 4277 310 4354 ρθέ
297 4280 380 4347 θησαν
396 4278 446 4335 ὑπὸ
461 4284 512 4337 τῶν
525 4283 643 4358 ἐχθρῶν,
665 4279 734 4338 ἀλλὰ
755 4304 800 4337 και
790 4278 835 4336 4
852 4282 1010 4375 δεομένοις

153 4402 181 4438 ts
211 4367 263 4425 τισὶ
277 4369 329 4424 τῶν
342 4367 483 4424 πολιτῶν’
471 4392 497 4425 εν
509 4369 600 4449 εἰρήνῃ
616 4368 746 4439 συνηλλας
748 4393 795 4440 αν,
816 4369 982 4429 ἀπολωλεκέ-

210 4478 270 4512 ναι·
287 4457 316 4523 ἀς
305 4454 424 4512 ιούντων
439 4456 511 4514 44
482 4480 540 4516 ουτε
555 4461 606 4515 τῶν
634 4460 774 4517 δανειστῶν
790 4458 863 4517 οὐδέν
878 4485 928 4537 μετ
918 4485 983 4543 ριον

211 4544 361 4618 ὑπομένειν,
384 4542 442 4602 οὔτε
456 4549 508 4602 τῶν
529 4550 725 4626 χρεωφειλετῶν
751 4555 833 4606 ποιεῖν
848 4515 920 4606 οὐδὲν
945 4549 982 4607 δί-

211 4650 293 4701 καιον,
308 4629 375 4688 ἁλλθι
399 4635 450 4690 τῶν
472 4633 518 4709 μέν
534 4635 591 4692 οὐδὲ
606 4633 665 4702 τοὺς
685 4636 775 4703 τόκους
801 4636 915 4713 ἀφιέναι,
933 4641 982 4694 τῶν

212 4718 238 4776 44
265 4718 331 4795 μηδὲ
348 4719 415 4778 αὐτὰ
444 4720 475 4777 τά
504 4722 711 4801 συναλλάγματα
734 4723 864 4783 διαλύειν·
892 4723 917 4791 ἐξ
947 4715 983 4782 ῶν

212 4810 314 4869 σύνοδοι
326 4810 373 4886 μὲν
390 4811 441 4882 ἤδη
460 4811 527 4868 κατὰ
542 4813 689 4892 συστροφάς
703 4817 753 4872 τῶν
768 4815 795 4871 ἐν
810 4821 867 4880 ταῖς
883 4812 984 4890 ὁμοίαις

211 4893 290 4955 ὄντων
306 4899 399 4980 τύχαις
415 4900 539 4977 ἐγίνοντο,
554 4901 599 4960 καὶ
619 4901 835 4982 ἀντιπαρατάξεις
855 4902 922 4962 κατέ
937 4902 984 4971 τήν

213 4984 321 5060 ipop4v,
346 4989 401 5047 ἔστι
422 4989 449 5048 44
472 4988 514 5047 ὅτε
534 4987 579 5047 καί
604 4993 699 5068 χειρῶν
726 4991 884 5071 ἁψιμαχίαι,
911 5011 984 5046 συνε-

213 5069 357 5144 τετάρακτο
378 5087 429 5144 seq
453 5077 615 5142 θπολιτικδς
637 5077 745 5154 κόσμος.
769 5080 864 5136 Ταῦτα
885 5079 952 5155 ὁρῶν
971 5078 985 5133 4

214 5156 376 5235 Ποστόμιος,
392 5163 440 5229 ἕως
455 5165 492 5222 ἔτι
508 5167 537 5224 τὸ
555 5165 702 5244 τιμώμενον
716 5155 772 5243 εἶχε
792 5162 864 5238 παρδ
879 5164 985 5223 πάντων
1011 5186 1015 5239 ι

719 335 886 397 ΒΙΟΝΥΞΙΙ
908 331 1284 393 fltclcsnrrtssertsrs

1024 472 1154 524 cedite:
1173 462 1217 522 ubi
1235 485 1294 520 uero
1315 468 1426 534 captivos
1443 468 1585 519 dimiseritis
1605 468 1631 519 et
1653 470 1796 535 transfugas

1028 571 1125 622 «nobis
1138 572 1283 624 dedideritis
1297 576 1322 623 et
1337 573 1435 625 exsules
1456 571 1621 637 expuleritis
1634 574 1695 623 tnnc
1710 574 1801 625 mittite

1028 691 1041 718 ι
1054 675 1148 739 legatos
1161 675 1193 724 ad
1208 688 1252 724 uos
1265 675 1309 737 qni
1321 673 1471 724 deamicitia
1482 673 1727 739 etsocietateagant,
1742 677 1801 725 nnl-

1028 775 1135 825 lorum
1148 790 1275 840 aequorum
1292 777 1473 840 postulatorum
1496 776 1621 840 repulsam
1638 791 1762 842 passuros.
1788 802 1799 822 ι

1027 877 1113 940 Legati
1126 877 1299 942 biaresponais
1316 879 1425 942 acceptis
1439 879 1571 940 abierunt,
1592 884 1619 930 ct
1637 880 1721 945 paucis
1743 889 1800 947 pcsl

1028 978 1115 1030 diebus
1134 981 1269 1042 redierunt,
1285 982 1393 1033 liberatis
1407 982 1521 1049 caprini,
1534 988 1561 1035 et
1578 987 1719 1050 rrmstugas
1736 1002 1799 1051 quoa

1028 1091 1147 1154 ceperant
1172 1088 1267 1137 uinctos
1294 1085 1461 1148 adducentes,
1496 1091 1523 1138 et
1545 1087 1624 1152 pulsis
1645 1102 1676 1140 ex
1698 1089 1801 1141 urbibus

1028 1190 1168 1247 exsulibus,
1181 1189 1293 1253 quicum
1311 1187 1443 1251 Tarquinio
1454 1191 1573 1240 venerant
1590 1203 1657 1254 ipro
1678 1191 1769 1253 quibus
1788 1205 1802 1240 a

1029 1296 1116 1345 senatu
1140 1293 1164 1342 in
1180 1292 1308 1356 pristinam
1331 1291 1466 1342 amicitiam
1486 1295 1513 1342 et
1539 1291 1682 1343 societatem
1708 1297 1802 1359 recepti

1030 1399 1097 1457 sunt,
1110 1397 1135 1445 et
1148 1395 1242 1445 loedera
1255 1392 1379 1457 quondam
1390 1391 1459 1444 hisce
1471 1393 1502 1443 de
1522 1394 1597 1444 rebus
1608 1408 1666 1446 cnm
1679 1396 1739 1461 ipsis
1753 1398 1803 1448 icta

1030 1511 1075 1561 per
1090 1495 1190 1548 recides
1202 1497 1319 1546 renovata
1340 1499 1407 1546 sunt.
1439 1497 1486 1546 liic
1507 1497 1583 1560 igitur
1600 1498 1648 1549 tuit
1661 1496 1717 1549 finis
1729 1499 1802 1561 belli,

1031 1600 1174 1663 quodcum
1194 1598 1304 1662 tyrannis
1321 1602 1376 1663 post
1398 1613 1440 1650 eos
1456 1603 1573 1665 expulsos
1598 1616 1643 1665 per
1661 1616 1705 1652 xlv
1729 1616 1803 1653 annos

1031 1706 1128 1765 gestum
1139 1703 1186 1750 est.
1218 1703 1271 1751 lien
1285 1704 1369 1751 autem
1381 1700 1531 1764 Tarquinius
1545 1701 1585 1765 (is
1608 1701 1674 1752 enim
1693 1703 1760 1752 solus
1772 1718 1802 1754 ex

1031 1816 1121 1867 genere
1134 1804 1261 1865 superstes
1281 1801 1349 1865 crat)
1363 1802 1440 1852 lemna
1455 1803 1612 1868 nonagesimo
1632 1805 1713 1856 aetatis
1726 1819 1803 1866 anno,

1033 1905 1095 1950 tunc
1110 1899 1195 1950 liberis
1216 1903 1243 1950 et
1268 1912 1372 1951 snorum
1393 1899 1505 1950 affinium
1527 1901 1620 1952 lamilia
1634 1893 1765 1965 orbatus,
1779 1908 1804 1956 et

1033 2001 1188 2049 senectutem
1210 1997 1247 2048 rel
1261 1996 1366 2048 inimicis
1379 1996 1544 2049 miserabilem
1558 2011 1632 2062 agens
1651 2013 1709 2050 cnm
1727 2015 1806 2065 neque

1032 2097 1111 2148 Latini
1133 2109 1191 2145 eum
1212 2095 1318 2157 amplius
1346 2095 1411 2144 intra
1432 2093 1522 2158 oppida
1548 2095 1700 2158 reciperent,
1726 2112 1805 2160 neque

1032 2192 1137 2251 Etrusci,
1149 2204 1229 2253 noque
1241 2189 1333 2249 Sabini,
1347 2203 1427 2252 neque
1440 2187 1578 2239 ullusulius
1590 2187 1687 2238 vicinus
1700 2202 1729 2238 ac
1742 2189 1805 2243 liber

1033 2288 1147 2352 populus,
1163 2289 1256 2336 Cumas
1272 2287 1326 2349 agri
1343 2287 1462 2351 Campani
1479 2285 1559 2351 petiit,
1573 2283 1723 2349 divertitque
1738 2288 1804 2350 apud

1033 2384 1224 2447 Aristodemum,
1239 2384 1382 2449 cognomine
1397 2384 1530 2446 idcircum,
1543 2388 1602 2435 tunc
1614 2386 1735 2449 temporis
1752 2389 1805 2436 cu-

1034 2497 1164 2563 manurum
1185 2488 1332 2546 tyrannum
1346 2482 1415 2547 apud
1437 2496 1514 2549 quem
1529 2495 1587 2535 cum
1603 2497 1741 2550 perpaucos
1754 2488 1807 2538 dies

1034 2581 1217 2643 vixissenobilt,
1232 2584 1257 2632 st
1267 2581 1299 2632 ab
1308 2594 1337 2631 eo
1352 2581 1486 2645 sepulturas
1501 2581 1633 2633 mandatus
1646 2584 1695 2634 est.
1728 2585 1806 2634 Exsu-

1033 2677 1085 2729 lum
1098 2681 1191 2737 antem,
1204 2677 1246 2741 qui
1261 2692 1319 2729 cnm
1329 2692 1360 2730 eo
1373 2682 1459 2740 erant,
1469 2678 1511 2729 alii
1525 2678 1610 2731 dumis
1624 2685 1806 2739 remanserunt,

1034 2775 1077 2826 alii
1091 2789 1135 2840 por
1151 2775 1296 2826 aliasurbes
1314 2775 1428 2840 dissipati
1447 2775 1525 2827 vitam
1539 2775 1566 2827 in
1585 2777 1671 2830 exsilio
1683 2777 1806 2829 linierunt.

1066 2875 1143 2923 llxll.
1155 2873 1270 2922 Romanis
1284 2877 1376 2934 autern,
1385 2888 1443 2924 cum
1456 2877 1557 2925 esterna
1570 2874 1634 2926 bella
1646 2875 1809 2927 coniecissent

1033 2974 1063 3011 ac
1081 2962 1222 3022 sedassent,
1236 2961 1305 3012 donli
1323 2961 1412 3013 seditio
1423 2963 1511 3014 iterum
1528 2966 1566 3013 est
1581 2967 1685 3024 exorta3
1699 2965 1759 3028 quia
1772 2979 1810 3014 se·

1034 3052 1106 3099 natus
1124 3051 1267 3100 decreverat
1287 3055 1316 3100 ut
1337 3050 1428 3101 iudicia
1440 3044 1639 3111 restituerentur,
1661 3056 1686 3103 et
1707 3057 1809 3104 contro-

1034 3138 1129 3197 versiae,
1145 3152 1249 3202 quarum
1260 3139 1366 3202 cognitio
1375 3140 1474 3204 propter
1487 3137 1579 3187 bellum
1590 3138 1668 3188 dilata
1680 3142 1769 3201 iuerat,
1781 3155 1809 3191 en

1034 3226 1129 3289 legibus
1147 3226 1342 3277 dirimerentur:
1362 3228 1469 3290 rixisque
1487 3225 1552 3275 circa
1569 3230 1711 3277 contractus
1732 3233 1757 3277 et
1775 3243 1810 3277 ces

1033 3316 1150 3366 alterium
1162 3319 1223 3366 ortas
1235 3330 1321 3380 graves
1333 3319 1491 3381 tempestates
1503 3314 1650 3374 excitabant,
1664 3319 1689 3365 et
1700 3316 1731 3365 ad
1742 3330 1810 3365 sum-

1032 3417 1099 3454 mam
1120 3405 1274 3454 insolentiam
1292 3409 1317 3455 et
1331 3402 1506 3467 impudentiam
1530 3403 1747 3467 provehebantur;
1772 3406 1808 3453 si·

1034 3493 1142 3542 mutante
1154 3491 1254 3557 quidem
1266 3492 1336 3557 plebe
1358 3506 1385 3543 se
1402 3490 1517 3542 solvendo
1536 3505 1585 3541 non
1596 3505 1660 3553 esse,
1674 3497 1727 3543 turn
1744 3493 1810 3555 qnod

1032 3581 1149 3631 diuturno
1161 3580 1225 3631 bello
1239 3581 1292 3645 agri
1304 3581 1392 3630 vastati
1404 3579 1504 3641 tuerint,
1520 3581 1574 3631 tum
1584 3579 1653 3645 quod
1663 3593 1739 3644 pecus
1753 3581 1812 3628 inte·

1033 3669 1111 3731 rierit,
1122 3673 1199 3734 atque
1205 3671 1282 3720 multa
1291 3668 1411 3731 mancipia
1417 3667 1555 3727 amiserint,
1566 3681 1623 3731 qum
1636 3669 1724 3731 partim
1735 3670 1811 3717 trans·

1037 3761 1155 3822 ingerant,
1172 3759 1304 3822 partimin
1323 3756 1433 3807 bostium
1457 3755 1646 3807 excursionibus
1660 3760 1733 3820 capta
1756 3757 1810 3805 lne-

1033 3852 1099 3908 rant,
1110 3851 1164 3896 tum
1175 3847 1249 3897 etiam
1260 3845 1329 3911 quod
1337 3845 1419 3896 omnia
1429 3845 1501 3904 bona,
1511 3858 1568 3908 quaa
1578 3845 1604 3894 in
1611 3845 1671 3896 urbe
1679 3843 1809 3898 habebant,

1033 3936 1152 4000 impensis
1161 3937 1186 3985 in
1195 3936 1305 3987 militiam
1318 3937 1389 3987 iactis
1400 3934 1523 3986 exhausta
1533 3934 1636 3996 inerint3
1649 3933 1809 3984 creditoribus

1035 4029 1118 4075 autem
1132 4024 1270 4074 dicentibus
1282 4039 1325 4074 cas
1345 4025 1498 4075 calamitates
1511 4038 1559 4073 non
1572 4023 1630 4073 solis
1648 4021 1809 4077 debitoribus,

1035 4112 1080 4163 sed
1089 4125 1160 4175 aeque
1172 4114 1286 4162 omuibus
1294 4126 1436 4162 communes
1446 4113 1531 4174 luisse,
1541 4116 1566 4162 et
1575 4110 1673 4162 minime
1685 4108 1811 4161 terendum

1036 4199 1221 4254 arbitrantibus.
1232 4200 1252 4249 si
1265 4214 1314 4249 non
1325 4201 1404 4250 solum
1414 4215 1471 4265 qum
1481 4200 1528 4250 sibi
1541 4201 1572 4249 ab
1586 4199 1701 4250 hostibus
1713 4200 1812 4261 propter

1037 4289 1128 4339 bellurn
1141 4295 1224 4352 erepta
1241 4294 1334 4347 essent,
1347 4290 1389 4338 scd
1408 4305 1436 4339 ca
1456 4291 1531 4338 ctiam
1546 4304 1602 4351 quae
1620 4288 1688 4352 pacis
1703 4292 1811 4349 tempore

1037 4378 1133 4428 civibus
1153 4379 1236 4437 egenis
1262 4382 1352 4427 rnutuo
1373 4378 1515 4436 dedissent,
1541 4378 1690 4427 amitterent.
1725 4379 1813 4438 ltaque

1036 4481 1113 4529 quum
1124 4480 1202 4530 neque
1213 4466 1347 4516 creditores
1365 4467 1396 4515 ad
1410 4466 1472 4515 ullas
1491 4480 1574 4528 mquas
1595 4466 1746 4514 conditiones
1758 4466 1814 4514 des·

1038 4555 1151 4616 cenderc,
1166 4568 1245 4617 neque
1259 4555 1385 4605 debitores
1397 4553 1532 4618 quidquam
1544 4555 1608 4615 acqui
1624 4557 1703 4602 t'nrcro
1713 4552 1819 4613 vellent,¹

1038 4640 1082 4691 sed
1103 4642 1150 4693 illis
1163 4657 1194 4692 ne
1213 4657 1301 4692 usuras
1319 4642 1418 4707 qnidtm
1443 4642 1578 4700 remittere,
1603 4640 1657 4689 istis
1679 4654 1708 4690 ne
1735 4642 1813 4704 ipsam

1038 4730 1137 4793 quidem
1150 4734 1240 4780 sortem
1250 4730 1389 4794 persolvere
1401 4729 1500 4794 placuit,
1513 4728 1544 4775 ob
1557 4728 1601 4776 bos
1617 4741 1726 4788 caussas,
1738 4729 1760 4778 ei
1772 4728 1814 4789 qui

1039 4820 1063 4868 in
1079 4821 1131 4882 pari
1147 4820 1308 4869 versabantur
1323 4821 1428 4878 torinna,
1441 4818 1531 4880 passim
1550 4818 1661 4879 pervias
1679 4817 1778 4866 coibant
1788 4819 1813 4864 ct

1039 4907 1263 4972 conglobabanlnr,
1276 4912 1302 4958 et
1315 4908 1339 4957 in
1352 4909 1406 4958 toro
1427 4905 1531 4956 adversa
1555 4906 1653 4955 stabant
1673 4905 1738 4962 acie,
1752 4902 1813 4963 quin

1039 4997 1114 5047 etiam
1136 4996 1294 5046 interduma
1317 4996 1430 5047 manibus
1449 4995 1495 5044 sibi
1516 5008 1565 5044 non
1586 4990 1763 5057 temperabant,
1787 4995 1813 5040 et

1039 5086 1118 5135 omnis
1139 5084 1217 5134 civilis
1228 5085 1357 5149 disciplina
1368 5083 1470 5135 turbata
1484 5087 1545 5134 erat.
1579 5087 1638 5133 llaec
1655 5078 1740 5130 ridens
1757 5083 1813 5129 Pos-

1041 5173 1142 5237 tumius,
1156 5173 1195 5223 cui
1208 5174 1283 5224 ctiam
1298 5178 1357 5225 tunc
1368 5174 1445 5224 bunos
1455 5187 1525 5237 aeque
1537 5174 1567 5224 ab
1584 5168 1694 5222 omnibus
1704 5168 1811 5219 trabeba-
