3772 5828
599 349 889 421 ANTIQUlTA'l'UM
913 349 1060 410 eolles.
1087 349 1159 410 Llss.
1184 350 1221 410 X.
1664 359 1723 420 593

112 519 125 544 ιι
140 491 226 548 τάνειν
254 487 324 544 δοκεῖ
349 507 395 560 μοι
417 480 584 562 Οὐεργίνιος,
613 486 637 540 εἷ
659 505 718 541 τινα
746 481 889 557 ὑπείληφεν

112 606 125 630 ιι
139 581 215 650 ἡμῶν
229 577 310 655 ἐρεῖν,
323 572 341 644 ἢ
353 575 389 639 ὡς
400 571 569 640 ἀνεξέταστον
584 573 707 652 ἀρεῖσθαι
721 571 760 628 δεῖ
774 579 888 649 πρᾶγμα

112 693 124 717 ιι
139 663 235 723 οὑτωσί
249 661 319 740 μέγα
333 661 378 718 καλ
394 661 555 736 ἀναγκαῖον,
569 656 587 727 λ
611 660 645 723 ῶς
660 658 689 715 οὖ
710 657 748 715 δεῖ
757 665 890 717 κοινωνεῖν

113 782 124 805 ιι
141 752 199 812 οὐδέ
214 758 339 830 παρεῖναι
353 771 386 827 τη
403 745 582 819 ζητήσειτοίις
594 746 769 826 ἀνειληφότας
784 747 832 818 τὴν
846 753 891 806 τοῦ

114 870 125 895 ιι
142 841 229 916 δήμου
256 839 351 918 ἀρχήν.
397 836 491 902 Ούθιλς
520 834 575 894 οὔτ’
596 832 695 906 ἠλίθιός
719 836 790 893 ἐστιν
810 834 891 903 οὕτως

112 958 125 982 ιι
142 928 201 987 οὔτε
224 926 351 1008 τῷδήμῳ
367 923 509 994 κακόνους,
526 921 596 981 ῶστε
609 928 693 980 ταῦτα
716 923 811 1000 λέγειν.
855 925 892 982 Τί

114 1045 126 1070 ιι
143 1008 186 1076 οάν
211 1012 354 1086 παθὼν,ἀ
377 1014 510 1091 συγχωρῶ
536 1011 581 1070 καί
603 1032 671 1091 ρημι
694 1011 783 1070 δίκαια
809 1001 890 1085 εἶναι,

115 1133 127 1158 ιι
142 1104 242 1172 τούτοις
257 1099 397 1170 ἀντιλέξων
412 1099 543 1172 ἀνέστην,
564 1100 609 1158 καὶ
623 1101 649 1157 τί
670 1098 793 1178 βούλεταί
806 1122 856 1176 μου
878 1103 892 1158 δ

114 1223 127 1246 ιι
143 1193 234 1273 λόγος,
255 1191 308 1270 ἐγὼ
333 1190 366 1262 νὴ
385 1189 438 1252 Δία
461 1190 554 1271 ρράσω
579 1187 645 1266 πρὸς
664 1191 742 1264 ὑμᾶς.
787 1187 892 1254 Παντὸς

115 1310 127 1333 ιι
143 1279 230 1356 οἴομαι
247 1280 300 1338 δεῖν
319 1277 492 1361 πράγματος,
510 1265 533 1336 ῶ
560 1273 661 1355 βουλὴ,
683 1273 731 1342 τάς
745 1276 830 1357 ἀρχδις
846 1275 892 1335 καί

114 1398 127 1422 ιι
142 1368 187 1434 τέις
208 1368 315 1449 πρώτας
329 1365 463 1433 ὑποθέσεις
477 1364 536 1431 τοὺς
552 1353 581 1423 ed
603 1368 762 1444 φρονοῦντας
775 1363 892 1445 ἀκριόῶς

114 1488 126 1513 ιι
143 1467 265 1518 σκοπεῖν·
290 1448 345 1517 οἷαι
364 1453 416 1537 γάρ
433 1456 464 1514 ἀν
481 1445 559 1514 αύται
576 1463 691 1532 τύχωσιν
706 1444 796 1528 οὖσαν,
808 1456 892 1516 τοιού-

114 1571 127 1596 ιι
142 1567 200 1612 τους
217 1545 320 1623 ἀνάγκη
338 1541 455 1619 γίνεσθαι
478 1541 524 1600 καί
537 1539 596 1606 τοὺς
611 1540 671 1618 περὶ
687 1542 773 1600 αὐτῶν
788 1543 890 1620 λόγους.

113 1661 127 1685 ιι
142 1632 215 1713 Φέρε
239 1632 271 1703 δὴ
286 1634 326 1700 τίς
340 1637 357 1703 ἡ
372 1633 449 1692 τοῦδε
465 1635 510 1689 τοῶ
530 1630 686 1709 πράγματος
701 1629 821 1698 ὑπόθεσίς
834 1633 891 1691 ἐστι

114 1749 127 1773 ιι
141 1721 186 1779 καὶ
200 1720 224 1778 τί
243 1720 273 1778 τό
295 1719 429 1799 βούλευμα
449 1722 502 1777 τῶν
515 1717 659 1796 δημάρχων
682 1717 812 1779 ἀκούσατέ
827 1743 887 1796 μου.

114 1837 127 1861 ιι
142 1811 201 1869 Οὐκ
224 1811 284 1880 ἐνῆν
314 1807 414 1875 τούτοις
436 1804 526 1882 οὐδέν,
551 1797 588 1865 ῶν
612 1809 638 1865 ἐν
664 1810 702 1887 τῷ
731 1807 890 1885 παρελθόντι

115 1922 127 1947 ιι
142 1898 253 1977 ἐνιαυτῷ
282 1906 407 1977 πράττειν
438 1890 643 1969 ἐπιόαλλόμενοι
671 1893 888 1969 διεκωλύθησαν,

115 2011 127 2035 ιι
143 1985 343 2044 ἐπιτελέσασθαι
360 1989 423 2056 νῶν,
440 1985 514 2059 ὑμῶν
527 1984 551 2040 τ’
565 1980 772 2058 ἐναντιουμένων
788 1985 886 2054 αὐτοῖς,

115 2098 127 2124 ιι
142 2075 177 2140 ὡς
191 2072 315 2153 πρότερον
330 2073 376 2132 καί
389 2077 436 2133 τοῖν
450 2071 535 2147 δήμου
550 2068 646 2147 μηκέτι
664 2071 760 2148 ὁμοίως
774 2095 892 2150 συναγω·

115 2189 127 2212 ιι
142 2160 285 2237 νιζομένου.
328 2161 482 2227 Συνιδόντες
505 2158 537 2230 δὴ
564 2163 641 2218 τοῦτο
658 2158 803 2233 ἐσκόπουν,
821 2159 893 2228 όπως

115 2277 127 2302 ιι
143 2249 174 2309 ἀν
190 2253 263 2327 ὑμαῖς
286 2274 314 2310 τε
339 2248 548 2328 ἀναγκασθείητε
571 2248 646 2327 παρδι
673 2245 782 2325 γνώμην
803 2250 892 2316 αὐτοῖς

115 2366 127 2391 ιι
143 2329 223 2413 εἶξαι,
239 2339 285 2399 καλ
295 2345 310 2400 δ
322 2340 405 2416 δῆμος
422 2338 528 2397 ἅπαντα
542 2334 583 2394 όσ“
597 2336 629 2393 ἀν
643 2334 736 2404 ἀξιῶσι
751 2338 891 2416 συμπράτ·

115 2454 128 2480 ιι
143 2451 205 2486 τειν.
250 2427 347 2499 Ἀληθῆ
364 2427 412 2503 μέν
427 2416 471 2484 οὖν
486 2424 531 2482 καλ
547 2423 650 2482 δικαίαν
677 2423 799 2484 ὑπόθεσιν
816 2428 891 2486 οὐδε-

115 2542 128 2568 ιι
144 2515 206 2589 μίαν
219 2513 354 2594 εὕρισκον,
368 2512 402 2572 δι’
413 2505 444 2584 ἧς
459 2513 581 2591 ἑκάτερον
591 2509 692 2579 τούτοις
703 2510 788 2587 ίσται,
806 2514 891 2573 πολλὰ

116 2629 128 2653 ιι
143 2601 170 2659 δέ
198 2601 364 2681 βουλεύματα
394 2601 560 2680 πειράζοντες
586 2597 632 2658 καὶ
655 2598 809 2681 στρέφοντες
837 2601 892 2660 ἀνω

115 2717 128 2742 ιι
143 2689 189 2748 καλ
203 2690 277 2749 κάτω
292 2690 322 2750 τό
340 2698 454 2768 πρᾶγμα
475 2689 646 2754 τελευτῶντες
666 2688 709 2747 ἐπὶ
729 2694 844 2748 τοιοῦτον
859 2691 891 2764 δή

17 2842 21 2850 ,
115 2807 127 2831 ιι
142 2802 201 2837 τινα
217 2777 343 2858 λογισμόν
356 2770 448 2850 ἦλθον·
464 2775 647 2854 αέτιασῶμεθα
663 2777 835 2838 συνίστασθαί
848 2802 889 2837 τι·

114 2896 127 2921 ιι
143 2892 188 2934 νας
212 2869 242 2927 ἐκ
267 2871 319 2927 τῶν
342 2869 477 2947 ἐπιφανῶν
494 2864 539 2926 ἐπί
554 2865 698 2925 καταλύσει
719 2871 764 2924 τοῦ
789 2866 892 2944 δήμου,

115 2983 127 3007 ιι
142 2957 187 3015 καί
212 2954 334 3036 σράττειν
359 2953 528 3032 διεγνωκέναι
552 2952 612 3020 τοὺς
638 2953 701 3032 [μὴ]
729 2952 892 3035 παρέχοντας

113 3072 127 3096 ιι
146 3045 218 3125 αὐτῷ
231 3043 260 3102 τὸ
276 3042 403 3124 ἀσφαλές.
448 3041 504 3105 Καὶ
517 3046 602 3101 ταῦτα
617 3042 648 3101 ἐκ
662 3043 761 3101 πολλοῦ
782 3065 891 3122 παρασ-

116 3159 127 3181 ιι
144 3132 302 3198 κευάααντις
320 3130 442 3208 λέγεσθαι
467 3129 537 3190 κατὰ
552 3131 600 3201 τὴν
627 3128 723 3199 πόλιν,
751 3128 813 3189 όταν
839 3130 890 3203 ἤδη

116 3247 128 3270 ιι
142 3220 224 3281 πιστά
239 3210 307 3279 εἶναι
321 3229 374 3287 τοῖς
389 3222 497 3286 πολλοῖς
510 3215 586 3296 δόξῃ·
601 3215 671 3286 δόξει
685 3217 713 3277 δέ
725 3217 769 3276 διδ
781 3217 811 3277 τὸ
826 3218 890 3284 δέος·

111 3336 127 3361 ιι
142 3307 282 3375 εἰτιστολδις
304 3308 522 3388 μηχανησώμεθα
542 3306 648 3366 πολλῶν
671 3305 810 3384 παρόντων
828 3310 892 3382 ἡμῖν

115 3425 127 3449 ιι
143 3399 187 3455 ὑπ’
207 3396 297 3476 ἀνδρὸς
322 3399 437 3473 ἀγνῶτος
463 3395 637 3466 ἀναδοθῆναι·
663 3392 754 3451 terrra
776 3392 892 3461 ἐλθόντες

59 3517 65 3548 ι
115 3512 128 3537 ιι
146 3484 189 3544 ἐπί
208 3484 239 3543 τδ
257 3482 390 3561 συνέδριον
403 3482 593 3558 ἀγανακτῶμέν
616 3503 646 3539 τε
664 3487 710 3538 καί
731 3481 893 3559 σχετλιάζον-

31 3585 36 3593 ’
116 3600 129 3623 ιι
146 3595 212 3648 μεν,
228 3570 274 3630 καὶ
299 3575 346 3629 τοῦ
363 3570 449 3642 ζητεῖν
471 3568 503 3627 τόι
528 3567 748 3648 προσηγγελμένα
776 3571 891 3641 αἰτῶμεν

116 3688 129 3712 ιι
143 3660 192 3730 τὴν
215 3656 345 3727 ἐξουσίαν.
390 3657 454 3718 Ἐάν
470 3680 498 3717 τε
520 3657 572 3738 γάρ
593 3655 766 3735 ἀντιλέγωσιν
781 3660 845 3733 ἡμῖν
867 3660 891 3718 ol

115 3775 128 3801 ιι
143 3745 292 3829 πατρίκιοι,
308 3747 408 3820 ταύτην
426 3745 567 3823 ληψόμεθα
585 3751 631 3806 τοῦ
644 3744 779 3806 διαόαλεῐν
797 3746 891 3830 αὐτούς

112 3861 124 3883 ιι
140 3833 206 3912 πρδς
228 3830 274 3891 τδν
297 3836 380 3905 δῆμον
404 3833 543 3913 ἀρσρμήν,
573 3833 619 3893 καλ
648 3833 731 3904 ούτως
759 3836 828 3895 tres
856 3837 888 3898 τδ

113 3949 125 3972 ιι
142 3921 283 3999 δημοτικόν
308 3922 470 4000 ἠγριωμένον
495 3922 581 3988 αὐτοῖς
607 3921 710 4000 ἐτοιμον
732 3925 797 4001 ἡμῖν
815 3923 887 3992 είςά

114 4040 128 4066 ιι
145 4013 293 4093 βουλόμεθα
309 4009 433 4092 ὑπάρξει·
450 4011 539 4070 ἐάντε
561 4013 736 4090 συγχωρῶσι,
753 4009 813 4078 τούς
827 4034 892 4090 γεν-

114 4129 128 4155 ιι
143 4101 294 4168 ναιοτάτους
307 4099 334 4170 ἐξ
349 4101 436 4160 αὐτῶν
451 4098 498 4159 καί
511 4100 624 4158 πλεῖστα
641 4102 705 4176 ἡμῖν
723 4100 890 4160 ἐναντιωθέν·

114 4219 128 4245 ιι
142 4215 189 4259 τας
211 4186 404 4270 πρεσόυτέρους
418 4211 446 4248 τε
463 4186 510 4247 καὶ
524 4186 596 4254 νέους
612 4187 777 4265 ἐλαύνωμεν,
799 4192 834 4256 ῶς
847 4193 891 4250 εὑ-

112 4307 127 4333 ιι
145 4279 251 4362 ρηκότες
264 4287 322 4346 ταῖς
334 4277 431 4344 αέτίαις
444 4274 557 4357 ἐνόχους.
599 4274 717 4336 Ἐκεῖνοι
732 4277 759 4335 δέ
776 4276 829 4358 ιίρα
843 4277 891 4346 τδις

60 4394 86 4432 ιι
115 4397 127 4423 ιι
141 4369 322 4450 καταγνώσεις
334 4367 454 4440 δεδιότες,
464 4364 483 4438 ἢ
495 4363 678 4443 συμόήσονται
687 4365 752 4446 πρὸς
762 4368 834 4443 ἡμᾶς
846 4369 890 4428 ἐπὶ

114 4485 127 4511 ιι
141 4463 179 4538 τῷ
195 4459 276 4534 μηθὲν
291 4457 329 4518 ἐτι
342 4454 539 4539 ἀντιπράττειν,
553 4453 571 4527 ἣ
585 4454 742 4513 καταλιπιῑν
755 4455 889 4534 ἀναγκασ·

115 4573 127 4598 ιι
141 4546 265 4618 θήσονται
278 4548 326 4620 τὴν
343 4546 431 4607 πόλιν.
475 4544 526 4606 Ἐκ
537 4543 565 4604 δέ
584 4542 678 4604 τούτου
689 4541 789 4615 πολλὴν
806 4544 886 4618 ποιή-

115 4660 128 4685 ιι
144 4656 222 4709 συμεν
236 4637 348 4716 ἐρημίαν
361 4639 407 4695 τοῦ
423 4634 577 4695 ἀντιπάλου.

153 4724 229 4783 ΧΙΙΙι
241 4751 254 4776 ιι
267 4729 361 4785 Ταῦτα
371 4727 405 4785 rb
418 4723 586 4806 βουλεύματα
599 4712 633 4795 ἦν
646 4721 748 4796 αάτῶν,
759 4710 782 4783 ἀν
795 4723 888 4803 βουλή,

946 512 959 536 ιι
973 496 1086 543 nostmm
1109 494 1179 554 putet
1209 491 1350 552 dicturum,
1375 505 1454 554 nequo
1475 494 1658 556 inquisitionem
1683 501 1724 551 lra-

946 602 958 624 ιι
973 581 1077 632 bendum
1091 580 1122 629 de
1142 583 1233 630 rotam
1254 593 1342 643 magna
1360 585 1385 631 et
1405 584 1557 642 necessaria,
1581 599 1661 650 noque
1682 591 1725 641 tri·

946 690 959 712 ιι
974 671 1053 720 bunos
1071 668 1149 734 plebis
1161 669 1193 717 ad
1209 668 1274 718 hanc
1285 669 1470 733 inquIsitionem
1484 672 1665 738 admittendos,
1681 680 1725 730 sed

947 779 959 803 ι
974 761 1006 810 ab
1020 758 1188 810 coercendos.
1223 758 1311 809 Nullus
1334 763 1373 810 est
1393 761 1455 812 adeo
1477 763 1585 826 stultus,
1600 769 1645 817 aut
1661 768 1725 831 plebi

947 875 959 897 ι
976 853 1126 911 malevolus,
1149 852 1191 915 qui
1219 850 1273 902 hoec
1298 852 1373 903 dicat.
1408 855 1433 905 Si
1469 857 1525 920 quis
1556 872 1613 924 ergo
1632 866 1724 931 roget,

948 964 960 988 ι
972 942 1132 1008 quamobrem
1151 943 1300 994 surrexerim
1313 944 1345 994 ad
1359 945 1524 1011 impugnanda
1537 964 1576 1011 eu,
1589 966 1646 1018 quar
1665 969 1724 1006 corr·

948 1055 960 1078 ιι
978 1036 1040 1087 cedo
1051 1039 1076 1085 et
1089 1035 1157 1096 justa
1169 1049 1224 1085 esso
1240 1036 1312 1100 diro,
1324 1040 1349 1087 et
1359 1039 1422 1101 quid
1437 1041 1484 1092 sibl
1497 1057 1550 1095 mea
1563 1046 1623 1097 velit
1632 1049 1724 1112 oratio,

948 1142 1017 1192 sper
1040 1127 1128 1175 torem
1157 1124 1226 1173 vobis
1248 1124 1339 1177 dicam.
1373 1129 1435 1192 Ego,
1465 1135 1551 1185 Patres
1581 1139 1725 1203 conscripti,

947 1239 960 1263 ι
974 1234 1062 1273 censeo
1098 1225 1157 1275 rirls
1175 1225 1340 1289 prudentibus
1365 1240 1449 1277 rerum
1473 1227 1584 1279 omnium
1608 1231 1678 1282 initia
1700 1239 1726 1287 et
1816 1260 1820 1267 ·

948 1313 1054 1378 «primu
1083 1315 1241 1368 fundamenta
1269 1318 1399 1384 diligenter
1435 1321 1613 1372 consideranda
1639 1344 1646 1374 :
1668 1340 1725 1377 nam

948 1425 960 1448 ι
976 1407 1059 1469 qualia
1074 1407 1130 1458 bec
1150 1409 1253 1472 luerint,
1280 1411 1344 1461 tales
1360 1425 1461 1476 quoquo
1482 1426 1608 1465 sermones
1619 1417 1651 1468 de
1665 1418 1726 1484 ipsis

948 1516 960 1540 ι
975 1497 1059 1550 baberi
1081 1513 1181 1552 necesse
1201 1507 1247 1553 est.
1281 1503 1322 1555 Eia
1342 1504 1426 1568 igitur,
1440 1519 1471 1556 ex
1490 1520 1530 1557 me
1545 1508 1637 1572 audite,
1651 1513 1726 1575 quid-

949 1612 961 1634 ι
974 1606 1030 1642 nam
1044 1592 1134 1644 tribuni
1145 1596 1223 1659 plebis
1232 1596 1280 1648 sibl
1293 1598 1325 1648 ab
1342 1599 1412 1650 initio
1426 1601 1612 1664 proposuerint,
1626 1605 1726 1667 quodve

949 1705 961 1728 ιι
977 1685 1005 1735 srt
1016 1698 1105 1736 eorum
1119 1689 1255 1740 eonsilium.
1291 1691 1322 1740 ili
1339 1691 1400 1743 nillil
1411 1706 1514 1755 eorum,
1531 1710 1588 1760 quae
1600 1699 1727 1763 superiore

948 1798 961 1821 ιι
976 1792 1041 1829 anuo
1063 1783 1170 1844 aggressi
1195 1785 1302 1848 fuerant,
1315 1798 1431 1850 peragere
1453 1792 1602 1851 potuerunt,
1616 1792 1727 1854 impediti

948 1888 960 1911 ιι
976 1869 1081 1932 anobis,
1095 1872 1138 1936 qui
1152 1874 1212 1937 ipsis
1220 1890 1284 1926 nune
1296 1890 1368 1942 reque
1383 1881 1458 1942 atque
1477 1885 1535 1931 aute
1542 1880 1664 1943 resistitis,
1676 1888 1727 1935 eta

950 1992 962 2015 ι
977 1969 1063 2036 plebe,
1076 1982 1134 2033 quas
1148 1982 1196 2017 non
1220 1969 1326 2034 amplius
1346 1970 1407 2035 ipsis
1425 1971 1474 2032 ita,
1491 1974 1519 2023 ut
1539 1977 1623 2036 antea,
1649 1976 1724 2028 taret.

948 2082 960 2106 ι
976 2064 1028 2112 lloe
1042 2061 1075 2112 illi
1101 2061 1207 2111 scientes
1230 2061 1338 2125 cogitare
1362 2066 1503 2127 coeperunt,
1521 2079 1572 2130 qua
1595 2068 1689 2121 ratione
1701 2075 1727 2122 et

949 2175 961 2198 ι
978 2168 1023 2205 vos
1035 2153 1105 2203 inulti
1121 2151 1168 2202 sibi
1181 2151 1269 2202 cedere
1288 2152 1341 2216 oogi
1357 2153 1458 2216 possitis
1476 2157 1502 2206 et
1513 2155 1583 2220 plebs
1611 2160 1727 2212 omnibus

949 2269 961 2294 ιι
977 2251 1003 2301 iu
1013 2249 1101 2309 rebus,
1116 2263 1179 2314 quas
1197 2247 1358 2313 postularint,
1374 2260 1400 2297 se
1416 2247 1525 2309 adjuret.
1557 2252 1640 2309 Quum
1652 2253 1727 2316 igilur

948 2363 960 2384 «
975 2343 1068 2394 nullam
1083 2356 1166 2393 reram
1180 2345 1205 2389 et
1220 2341 1313 2403 justam
1341 2339 1467 2390 materiam
1482 2328 1592 2394 invenire
1608 2349 1725 2409 possent,

949 2455 962 2478 ιι
977 2448 1027 2498 qua
1044 2433 1091 2483 lroc
1106 2436 1241 2495 utrurrrque
1260 2436 1478 2494 consequeremur,
1494 2437 1550 2497 post
1566 2435 1645 2487 melta
1664 2452 1726 2489 con·

949 2549 962 2573 ιι
976 2526 1038 2588 sitia,
1062 2521 1180 2585 conatus,
1197 2530 1224 2576 et
1237 2526 1368 2586 versutias,
1390 2525 1489 2575 tandem
1503 2526 1552 2577 tale
1567 2528 1625 2591 quid
1642 2530 1690 2580 illis
1701 2532 1727 2582 in

950 2641 962 2664 ιι
976 2625 1085 2671 mentem
1109 2621 1196 2669 venit:
1221 2618 1392 2678 criminemur,
1416 2617 1510 2681 aliquot
1534 2618 1642 2670 illustres
1660 2622 1727 2674 viros

949 2731 961 2753 ιι
975 2708 1127 2774 conspirasse
1145 2710 1171 2759 in
1194 2707 1271 2771 plebis
1289 2707 1457 2769 eversionem,
1484 2711 1511 2758 et
1540 2711 1657 2762 statuisse
1683 2727 1727 2766 eos

949 2802 1093 2868 ajugulare,
1107 2800 1150 2865 qui
1162 2801 1216 2864 ejus
1233 2801 1341 2850 salutem
1360 2799 1425 2851 tueri
1446 2801 1545 2852 vellent.
1579 2803 1627 2854 Ubi
1643 2810 1728 2858 autem

949 2915 962 2939 ι
976 2891 1117 2959 hujusmodi
1135 2905 1246 2942 rumores
1263 2895 1347 2943 nostra
1370 2905 1444 2958 opera
1458 2895 1537 2944 multo
1555 2900 1613 2947 ante
1628 2912 1673 2963 per
1684 2913 1728 2949 ur·

950 2993 1033 3046 sbem
1052 2991 1131 3058 sparsi
1155 2991 1255 3054 luerint,
1281 2995 1306 3042 et
1326 2989 1379 3053 jam
1398 2991 1450 3042 veri
1469 2993 1555 3043 multis
1579 2995 1728 3051 ridebuntur

949 3106 962 3131 ι
976 3087 1075 3152 (metus
1086 3085 1152 3137 euim
1178 3085 1252 3137 tidem
1265 3084 1313 3136 illis
1331 3083 1464 3149 adstruat),
1485 3089 1547 3137 tuno
1565 3087 1728 3143 subornamus
1763 3080 1765 3084 ¹

949 3207 960 3230 ιι
976 3186 1101 3238 bominem
1122 3186 1249 3251 ignotum,
1272 3184 1314 3248 qui
1326 3182 1398 3234 uobis
1419 3181 1504 3234 literas
1517 3186 1603 3236 multis
1618 3200 1727 3251 praesen.

949 3296 961 3320 ι
975 3278 1044 3330 tibus
1063 3277 1153 3328 tradat.
1189 3278 1277 3326 Postea
1303 3277 1416 3326 senatum
1439 3274 1544 3339 ingressi
1565 3276 1727 3344 indignemur,

949 3386 961 3409 ι
974 3369 1000 3418 et
1013 3379 1204 3431 conqueramur,
1218 3367 1244 3415 et
1262 3364 1298 3415 rei
1319 3363 1437 3415 indicate
1455 3365 1637 3428 inquisitionem
1657 3369 1728 3422 uobis

949 3478 961 3500 ιι
976 3457 1080 3508 concedi
1092 3458 1254 3523 postulemus.
1288 3458 1315 3509 si
1333 3459 1398 3509 enirn
1416 3457 1511 3524 patricii
1526 3470 1581 3507 eam
1598 3458 1727 3521 nobisde·

949 3553 1095 3617 «negarint,
1117 3552 1180 3601 lrouc
1205 3549 1361 3601 occasionem
1383 3561 1426 3598 eos
1448 3548 1514 3612 apud
1531 3547 1628 3611 plebem
1640 3550 1728 3602 onmi-

949 3670 961 3693 ιι
975 3645 1049 3697 naudi
1074 3644 1234 3708 arripiemus;
1260 3645 1337 3706 atque
1356 3642 1392 3692 ita
1411 3656 1497 3692 omues
1511 3643 1616 3708 plebeii,
1642 3651 1729 3696 contra

949 3764 962 3787 ι
977 3742 1034 3793 illos
1046 3739 1161 3798 etterati,
1176 3737 1248 3788 nobis
1262 3736 1292 3785 ad
1312 3749 1384 3786 omne
1397 3735 1544 3798 obsequium
1560 3739 1729 3800 pirrostandum

947 3855 960 3879 ιι
976 3831 1058 3898 parati
1071 3833 1163 3882 erunt:
1178 3831 1200 3880 si
1217 3827 1391 3888 concesserint,
1404 3828 1606 3889 generosissimus
1616 3842 1728 3894 quosque

948 3948 960 3972 ιι
975 3940 1007 3978 ex
1022 3925 1092 3991 ipsis,
1107 3922 1188 3987 etqui
1201 3922 1273 3981 nobis
1290 3919 1399 3971 maxime
1413 3923 1472 3970 sunt
1495 3920 1619 3971 adversati
1633 3924 1684 3972 tam
1696 3937 1728 3975 ex

947 4038 959 4063 ι
973 3998 1124 4078 senioribus,
1134 4028 1208 4079 qnam
1219 4012 1371 4079 ιιιιοιιιιιι,
1387 4012 1459 4075 quast
1477 4025 1522 4062 ιιι
1534 4012 1574 4062 urs
1584 4013 1729 4066 ιιιιιιιιιιωι

947 4111 1097 4163 «obnoxios
1129 4107 1312 4167 invenerimus,
1327 4118 1361 4156 ex
1383 4103 1443 4154 urbe
1455 4102 1581 4168 pellemus.
1618 4104 1649 4155 lli
1663 4108 1728 4157 euim

948 4226 960 4250 ι
976 4204 1141 4257 damnationis
1149 4206 1217 4254 metu
1235 4204 1279 4251 aut
1290 4197 1419 4249 nobiseum
1434 4197 1609 4262 pasciscentur,
1619 4212 1645 4249 se
1657 4199 1729 4250 nobis
1832 4264 1835 4271 Ι

947 4315 960 4340 ιι
975 4309 1025 4345 non
1045 4295 1222 4346 adversaturos
1245 4290 1360 4355 amplius,
1379 4291 1423 4339 aut
1449 4288 1509 4339 urbe
1530 4287 1617 4340 cedere
1638 4303 1727 4354 cogen-

946 4407 959 4430 ιι
974 4390 1023 4437 tur.
1058 4389 1138 4449 usqne
1159 4384 1195 4435 ita
1208 4381 1366 4434 adversarios
1382 4379 1414 4430 ad
1436 4393 1548 4445 maguam
1571 4380 1728 4431 solitudinem

947 4495 958 4518 ιι
975 4476 1124 4541 redigemus.

975 4732 1044 4783 xlll.
1063 4750 1075 4773 ι
1091 4731 1151 4780 Ηιεο
1171 4729 1250 4785 erant,
1265 4728 1353 4776 Patres
1376 4723 1522 4787 conscripti,
1549 4722 1588 4772 ills
1610 4720 1725 4782 consilia,

945 4843 959 4869 ιι
972 4823 1065 4891 quibus
1079 4820 1191 4872 ineundis
1205 4819 1260 4868 illos
1282 4816 1365 4867 medio
1379 4816 1428 4865 boo
1440 4818 1550 4876 temporo
1573 4812 1596 4859 iu
1610 4822 1727 4860 consessu

946 4930 959 4956 ιι
975 4913 1109 4974 occupatos
1125 4908 1255 4966 ridebatis,
1271 4905 1311 4955 lric
1321 4906 1393 4955 dolus
1409 4907 1495 4952 contra
1509 4897 1727 4963 praestantissimos

946 5017 959 5042 ιι
973 5009 1087 5060 quosque
1100 4994 1132 5044 de
1144 4991 1216 5042 robis
1227 4990 1260 5041 ab
1278 4992 1326 5041 iltis
1339 4989 1479 5046 texebatur,
1496 4985 1549 5033 burc
1570 4983 1633 5032 retia
1654 4983 1725 5035 inno-

946 5104 958 5127 ιι
973 5082 1121 5135 oentlsslmis
1135 5080 1262 5143 equitibus
1288 5077 1461 5126 tendebantur.
1481 5071 1554 5131 Quod
1576 5073 1658 5122 autem
1672 5071 1727 5125 beo

115 5193 128 5220 “
144 5167 184 5228 3³⁸
197 5168 282 5240 ἀληθῆ
297 5163 381 5224 ταῦτά
390 5164 462 5243 3⁰³⁸,
480 5164 592 5247 βραχέος
605 5189 652 5246 μοι
661 5165 730 5227 πάνυ
741 5166 780 5224 δεῖ
793 5163 884 5244 λόγου.
945 5185 1034 5247 «urere
1050 5173 1115 5234 siut,
1137 5168 1293 5237 paucissimis
1306 5165 1389 5249 serbis
1413 5163 1552 5217 ostendam.
1587 5167 1637 5228 Age
1651 5163 1726 5225 enim,

206 5276 320 5315 monson.
1604 5257 1633 5302 38

57 4837 87 4877 ιο
114 4839 128 4864 ιι
141 4809 188 4870 καλ
203 4811 247 4870 τὸν
259 4811 356 4888 μεταξὺ
368 4815 481 4895 χρόνον,
495 4811 524 4873 δν
535 4815 635 4892 ἑωρᾶτε
647 4809 889 4890 [συμόουλεύοντας

115 4928 127 4954 ιι
142 4899 200 4978 καί]
214 4900 412 4980 σννιδρεύοντας
426 4899 532 4975 αὐτούς,
542 4893 615 4969 ούτος
626 4906 641 4961 δ
653 4901 726 4970 δόλος
737 4903 783 4960 ὑπ’
799 4903 886 4961 αὐτῶν

114 5017 128 5042 ιι
142 4987 265 5070 ύραῖνετο
277 4988 321 5049 ἐπί
332 4995 385 5056 τοῖς
397 4988 513 5069 ἀρίστοις
533 4993 624 5067 ὑμῶν,
637 4989 683 5049 καλ
698 4994 772 5049 τοῦτο
786 4986 816 5047 τδ
831 4989 889 5049 δίκ·

116 5106 129 5131 ιι
142 5102 203 5138 τυον
213 5076 283 5138 κατά
296 5079 350 5136 τῶν
364 5076 554 5156 εέγινεστάτων
566 5078 669 5139 ἱππέων
682 5076 818 5137 ἐπλέκετο.
834 5077 889 5137 Καί
