<?xml version="1.0" encoding="UTF-8"?>
<!DOCTYPE html PUBLIC "-//W3C//DTD XHTML 1.0 Transitional//EN"
    "http://www.w3.org/TR/xhtml1/DTD/xhtml1-transitional.dtd">
<html xmlns="http://www.w3.org/1999/xhtml" xml:lang="en" lang="en">
 <head>
  <title>
</title>
<meta http-equiv="Content-Type" content="text/html;charset=utf-8" />
  <meta name='ocr-system' content='tesseract 3.04.00' />
  <meta name='ocr-capabilities' content='ocr_page ocr_carea ocr_par ocr_line ocrx_word'/>
</head>
<body>
  <div class='ocr_page' id='page_1' title='image "./dionysiihalicar00prougoog/dionysiihalicar00prougoog_0056.png"; bbox 0 0 3772 5828; ppageno 0'>
   <div class='ocr_carea' id='block_1_1' title="bbox 210 322 1299 389">
    <p class='ocr_par' dir='ltr' id='par_1_1' title="bbox 210 322 1299 389">
     <span class='ocr_line' id='line_1_1' title="bbox 210 322 1299 389; baseline -0.005 0"><span class='ocrx_word' id='word_1_1' title='bbox 210 331 248 389; x_wconf 78' lang='lat' dir='ltr'><strong>:li</strong></span> <span class='ocrx_word' id='word_1_2' title='bbox 732 322 903 385; x_wconf 73' lang='lat' dir='ltr'><strong>mouisti</strong></span> <span class='ocrx_word' id='word_1_3' title='bbox 924 322 1299 384; x_wconf 76' lang='lat' dir='ltr'><strong>Haiicsititsssiiitsis</strong></span> 
     </span>
    </p>
   </div>
   <div class='ocr_carea' id='block_1_2' title="bbox 156 455 989 4687">
    <p class='ocr_par' dir='ltr' id='par_1_2' title="bbox 156 455 989 3713">
     <span class='ocr_line' id='line_1_2' title="bbox 208 455 985 540; baseline -0.003 -24"><span class='ocrx_word' id='word_1_4' title='bbox 208 459 302 540; x_wconf 88' lang='grc' dir='ltr'>χίστου</span> <span class='ocrx_word' id='word_1_5' title='bbox 324 455 418 537; x_wconf 83' lang='grc' dir='ltr'>χρόνου</span> <span class='ocrx_word' id='word_1_6' title='bbox 440 456 551 534; x_wconf 75' lang='grc' dir='ltr'>μεγίστη</span> <span class='ocrx_word' id='word_1_7' title='bbox 576 459 628 514; x_wconf 84' lang='grc' dir='ltr'>τῶν</span> <span class='ocrx_word' id='word_1_8' title='bbox 649 459 778 536; x_wconf 84' lang='grc' dir='ltr'>Τρωῖκῶν</span> <span class='ocrx_word' id='word_1_9' title='bbox 796 455 910 534; x_wconf 83' lang='grc' dir='ltr'>ἐγένετο.</span> <span class='ocrx_word' id='word_1_10' title='bbox 949 456 985 514; x_wconf 79' lang='lat' dir='ltr'>Oi</span> 
     </span>
     <span class='ocr_line' id='line_1_3' title="bbox 211 536 986 626; baseline -0.004 -21"><span class='ocrx_word' id='word_1_11' title='bbox 211 547 258 623; x_wconf 84' lang='grc' dir='ltr'>μὲν</span> <span class='ocrx_word' id='word_1_12' title='bbox 278 536 322 604; x_wconf 80' lang='grc' dir='ltr'>υύν</span> <span class='ocrx_word' id='word_1_13' title='bbox 341 545 388 604; x_wconf 78' lang='grc' dir='ltr'>σύν</span> <span class='ocrx_word' id='word_1_14' title='bbox 401 546 489 624; x_wconf 76' lang='grc' dir='ltr'>λίνείογ</span> <span class='ocrx_word' id='word_1_15' title='bbox 514 545 684 613; x_wconf 75' lang='grc' dir='ltr'>διασωθέντες</span> <span class='ocrx_word' id='word_1_16' title='bbox 705 547 735 604; x_wconf 74' lang='grc' dir='ltr'>ἐκ</span> <span class='ocrx_word' id='word_1_17' title='bbox 749 550 795 617; x_wconf 83' lang='grc' dir='ltr'>τῆς</span> <span class='ocrx_word' id='word_1_18' title='bbox 812 543 986 626; x_wconf 76' lang='grc' dir='ltr'>καταλήψεως</span> 
     </span>
     <span class='ocr_line' id='line_1_4' title="bbox 210 632 986 713; baseline -0.005 -19"><span class='ocrx_word' id='word_1_19' title='bbox 210 637 236 694; x_wconf 69' lang='lat' dir='ltr'>ii</span> <span class='ocrx_word' id='word_1_20' title='bbox 264 633 364 700; x_wconf 82' lang='grc' dir='ltr'>τούτοις</span> <span class='ocrx_word' id='word_1_21' title='bbox 390 632 562 708; x_wconf 79' lang='grc' dir='ltr'>ὑπομένοντες</span> <span class='ocrx_word' id='word_1_22' title='bbox 581 641 634 699; x_wconf 90' lang='grc' dir='ltr'>τοῖς</span> <span class='ocrx_word' id='word_1_23' title='bbox 651 633 756 713; x_wconf 77' lang='grc' dir='ltr'>χωρίοις</span> <span class='ocrx_word' id='word_1_24' title='bbox 775 635 804 692; x_wconf 83' lang='grc' dir='ltr'>ού</span> <span class='ocrx_word' id='word_1_25' title='bbox 821 633 863 691; x_wconf 76' lang='lat' dir='ltr'><strong>lli</strong></span> <span class='ocrx_word' id='word_1_26' title='bbox 883 639 986 713; x_wconf 79' lang='grc' dir='ltr'>μακροῦ</span> 
     </span>
     <span class='ocr_line' id='line_1_5' title="bbox 209 721 985 803; baseline -0.003 -20"><span class='ocrx_word' id='word_1_27' title='bbox 209 723 289 783; x_wconf 77' lang='grc' dir='ltr'>πάλιν</span> <span class='ocrx_word' id='word_1_28' title='bbox 308 724 351 780; x_wconf 79' lang='grc' dir='ltr'>ἐπὶ</span> <span class='ocrx_word' id='word_1_29' title='bbox 376 723 411 781; x_wconf 84' lang='grc' dir='ltr'>τά</span> <span class='ocrx_word' id='word_1_30' title='bbox 438 722 552 803; x_wconf 79' lang='grc' dir='ltr'>σρέτερα</span> <span class='ocrx_word' id='word_1_31' title='bbox 581 721 784 781; x_wconf 79' lang='grc' dir='ltr'>κατελεύσεσθαι</span> <span class='ocrx_word' id='word_1_32' title='bbox 807 721 917 794; x_wconf 76' lang='grc' dir='ltr'>ἤλπιζον</span> <span class='ocrx_word' id='word_1_33' title='bbox 933 725 985 781; x_wconf 87' lang='grc' dir='ltr'>τῶν</span> 
     </span>
     <span class='ocr_line' id='line_1_6' title="bbox 171 810 989 891; baseline -0.01 -16"><span class='ocrx_word' id='word_1_34' title='bbox 171 841 183 875; x_wconf 76' lang='lat' dir='ltr'>a</span> <span class='ocrx_word' id='word_1_35' title='bbox 210 812 343 887; x_wconf 69' lang='lat' dir='ltr'><strong>calupione</strong></span> <span class='ocrx_word' id='word_1_36' title='bbox 374 811 607 870; x_wconf 75' lang='grc' dir='ltr'>ἀποπλευσάντων·</span> <span class='ocrx_word' id='word_1_37' title='bbox 648 810 749 891; x_wconf 79' lang='grc' dir='ltr'>Ἀχαιοί</span> <span class='ocrx_word' id='word_1_38' title='bbox 774 813 796 870; x_wconf 89' lang='grc' dir='ltr'>δ’</span> <span class='ocrx_word' id='word_1_39' title='bbox 831 811 989 889; x_wconf 81' lang='grc' dir='ltr'>ἀνδραποδι-</span> 
     </span>
     <span class='ocr_line' id='line_1_7' title="bbox 212 897 987 981; baseline -0.003 -23"><span class='ocrx_word' id='word_1_40' title='bbox 212 901 319 977; x_wconf 90' lang='grc' dir='ltr'>σάμενοι</span> <span class='ocrx_word' id='word_1_41' title='bbox 333 897 382 970; x_wconf 78' lang='grc' dir='ltr'>τὴν</span> <span class='ocrx_word' id='word_1_42' title='bbox 398 900 473 958; x_wconf 83' lang='grc' dir='ltr'>πολιν</span> <span class='ocrx_word' id='word_1_43' title='bbox 490 899 536 957; x_wconf 86' lang='grc' dir='ltr'>καί</span> <span class='ocrx_word' id='word_1_44' title='bbox 553 900 586 957; x_wconf 85' lang='grc' dir='ltr'>τά</span> <span class='ocrx_word' id='word_1_45' title='bbox 609 898 733 978; x_wconf 90' lang='grc' dir='ltr'>σύνεγγυς</span> <span class='ocrx_word' id='word_1_46' title='bbox 747 899 834 979; x_wconf 90' lang='grc' dir='ltr'>χωρία</span> <span class='ocrx_word' id='word_1_47' title='bbox 849 899 895 957; x_wconf 86' lang='grc' dir='ltr'>καὶ</span> <span class='ocrx_word' id='word_1_48' title='bbox 907 901 987 981; x_wconf 85' lang='grc' dir='ltr'>ρρού-</span> 
     </span>
     <span class='ocr_line' id='line_1_8' title="bbox 212 986 986 1067; baseline -0.003 -21"><span class='ocrx_word' id='word_1_49' title='bbox 212 1012 255 1067; x_wconf 84' lang='grc' dir='ltr'>ρια</span> <span class='ocrx_word' id='word_1_50' title='bbox 288 989 434 1066; x_wconf 79' lang='grc' dir='ltr'>δῃώσαντες</span> <span class='ocrx_word' id='word_1_51' title='bbox 474 987 699 1067; x_wconf 81' lang='grc' dir='ltr'>παρεσκευάζοντο</span> <span class='ocrx_word' id='word_1_52' title='bbox 728 987 775 1063; x_wconf 80' lang='grc' dir='ltr'>μίν</span> <span class='ocrx_word' id='word_1_53' title='bbox 796 990 831 1054; x_wconf 87' lang='grc' dir='ltr'>ώς</span> <span class='ocrx_word' id='word_1_54' title='bbox 856 987 900 1045; x_wconf 78' lang='grc' dir='ltr'>καί</span> <span class='ocrx_word' id='word_1_55' title='bbox 928 986 986 1053; x_wconf 78' lang='grc' dir='ltr'>τούς</span> 
     </span>
     <span class='ocr_line' id='line_1_9' title="bbox 213 1074 987 1157; baseline -0.003 -22"><span class='ocrx_word' id='word_1_56' title='bbox 213 1079 238 1135; x_wconf 73' lang='grc' dir='ltr'>ἐν</span> <span class='ocrx_word' id='word_1_57' title='bbox 254 1084 307 1142; x_wconf 90' lang='grc' dir='ltr'>τοῖς</span> <span class='ocrx_word' id='word_1_58' title='bbox 331 1077 403 1156; x_wconf 84' lang='grc' dir='ltr'>όρεσι</span> <span class='ocrx_word' id='word_1_59' title='bbox 418 1075 623 1157; x_wconf 82' lang='grc' dir='ltr'>χειρωσόμενοι·</span> <span class='ocrx_word' id='word_1_60' title='bbox 644 1075 806 1156; x_wconf 68' lang='grc' dir='ltr'>πεμψάντων</span> <span class='ocrx_word' id='word_1_61' title='bbox 824 1074 852 1134; x_wconf 74' lang='grc' dir='ltr'>δέ</span> <span class='ocrx_word' id='word_1_62' title='bbox 871 1075 987 1154; x_wconf 84' lang='grc' dir='ltr'>κήρυκας</span> 
     </span>
     <span class='ocr_line' id='line_1_10' title="bbox 213 1164 987 1244; baseline -0.003 -20"><span class='ocrx_word' id='word_1_63' title='bbox 213 1167 377 1244; x_wconf 77' lang='grc' dir='ltr'>αὐτῶνπερὶ</span> <span class='ocrx_word' id='word_1_64' title='bbox 402 1167 547 1225; x_wconf 81' lang='grc' dir='ltr'>διαλύσεων</span> <span class='ocrx_word' id='word_1_65' title='bbox 575 1167 622 1224; x_wconf 83' lang='grc' dir='ltr'>καὶ</span> <span class='ocrx_word' id='word_1_66' title='bbox 643 1166 772 1243; x_wconf 76' lang='grc' dir='ltr'>δεομένων</span> <span class='ocrx_word' id='word_1_67' title='bbox 800 1164 838 1242; x_wconf 79' lang='grc' dir='ltr'>μὴ</span> <span class='ocrx_word' id='word_1_68' title='bbox 861 1173 929 1244; x_wconf 75' lang='grc' dir='ltr'>σφᾶς</span> <span class='ocrx_word' id='word_1_69' title='bbox 952 1168 987 1231; x_wconf 81' lang='grc' dir='ltr'>εἰς</span> 
     </span>
     <span class='ocr_line' id='line_1_11' title="bbox 160 1252 986 1332; baseline -0.017 -9"><span class='ocrx_word' id='word_1_70' title='bbox 160 1285 183 1324; x_wconf 87' lang='grc' dir='ltr'>ιιι</span> <span class='ocrx_word' id='word_1_71' title='bbox 213 1255 328 1332; x_wconf 86' lang='grc' dir='ltr'>ἀνάγκην</span> <span class='ocrx_word' id='word_1_72' title='bbox 353 1257 520 1324; x_wconf 75' lang='grc' dir='ltr'>καταστήσω</span> <span class='ocrx_word' id='word_1_73' title='bbox 543 1252 676 1329; x_wconf 86' lang='grc' dir='ltr'>πολέμου,</span> <span class='ocrx_word' id='word_1_74' title='bbox 695 1253 860 1321; x_wconf 81' lang='grc' dir='ltr'>συνελθόντες</span> <span class='ocrx_word' id='word_1_75' title='bbox 882 1254 917 1319; x_wconf 81' lang='grc' dir='ltr'>εἰς</span> <span class='ocrx_word' id='word_1_76' title='bbox 940 1256 986 1311; x_wconf 80' lang='grc' dir='ltr'>ἐκ-</span> 
     </span>
     <span class='ocr_line' id='line_1_12' title="bbox 211 1339 986 1420; baseline -0.01 -15"><span class='ocrx_word' id='word_1_77' title='bbox 211 1345 324 1415; x_wconf 87' lang='grc' dir='ltr'>κλησίαν</span> <span class='ocrx_word' id='word_1_78' title='bbox 350 1343 393 1400; x_wconf 80' lang='grc' dir='ltr'>ἐπὶ</span> <span class='ocrx_word' id='word_1_79' title='bbox 413 1343 495 1408; x_wconf 88' lang='grc' dir='ltr'>τοῖςδε</span> <span class='ocrx_word' id='word_1_80' title='bbox 510 1347 646 1401; x_wconf 77' lang='grc' dir='ltr'>ποιοῦνται</span> <span class='ocrx_word' id='word_1_81' title='bbox 672 1341 734 1420; x_wconf 81' lang='grc' dir='ltr'>πρὸς</span> <span class='ocrx_word' id='word_1_82' title='bbox 758 1340 851 1407; x_wconf 78' lang='grc' dir='ltr'>αὐτούς</span> <span class='ocrx_word' id='word_1_83' title='bbox 870 1339 916 1406; x_wconf 84' lang='grc' dir='ltr'>τδις</span> <span class='ocrx_word' id='word_1_84' title='bbox 930 1347 986 1398; x_wconf 86' lang='grc' dir='ltr'>δια-</span> 
     </span>
     <span class='ocr_line' id='line_1_13' title="bbox 211 1428 987 1509; baseline 0.001 -23"><span class='ocrx_word' id='word_1_85' title='bbox 211 1429 313 1493; x_wconf 78' lang='grc' dir='ltr'>λύσεις·</span> <span class='ocrx_word' id='word_1_86' title='bbox 325 1428 428 1488; x_wconf 83' lang='grc' dir='ltr'>Αἰνείαν</span> <span class='ocrx_word' id='word_1_87' title='bbox 452 1428 497 1504; x_wconf 76' lang='grc' dir='ltr'>μὲν</span> <span class='ocrx_word' id='word_1_88' title='bbox 518 1429 563 1487; x_wconf 84' lang='grc' dir='ltr'>καί</span> <span class='ocrx_word' id='word_1_89' title='bbox 577 1428 635 1495; x_wconf 74' lang='grc' dir='ltr'>τοὺς</span> <span class='ocrx_word' id='word_1_90' title='bbox 655 1428 702 1488; x_wconf 83' lang='grc' dir='ltr'>σίιν</span> <span class='ocrx_word' id='word_1_91' title='bbox 724 1430 796 1509; x_wconf 76' lang='grc' dir='ltr'>αὐτῷ</span> <span class='ocrx_word' id='word_1_92' title='bbox 812 1431 846 1489; x_wconf 81' lang='grc' dir='ltr'>τά</span> <span class='ocrx_word' id='word_1_93' title='bbox 859 1429 987 1509; x_wconf 89' lang='grc' dir='ltr'>χρήματα</span> 
     </span>
     <span class='ocr_line' id='line_1_14' title="bbox 211 1517 988 1599; baseline 0.001 -23"><span class='ocrx_word' id='word_1_94' title='bbox 211 1517 334 1597; x_wconf 72' lang='grc' dir='ltr'>φέροντος</span> <span class='ocrx_word' id='word_1_95' title='bbox 350 1517 398 1576; x_wconf 81' lang='grc' dir='ltr'>ὅσα</span> <span class='ocrx_word' id='word_1_96' title='bbox 414 1519 573 1577; x_wconf 80' lang='grc' dir='ltr'>διεσώσαντο</span> <span class='ocrx_word' id='word_1_97' title='bbox 587 1517 656 1575; x_wconf 85' lang='grc' dir='ltr'>κατδι</span> <span class='ocrx_word' id='word_1_98' title='bbox 669 1517 717 1589; x_wconf 79' lang='grc' dir='ltr'>τὴν</span> <span class='ocrx_word' id='word_1_99' title='bbox 734 1520 818 1599; x_wconf 77' lang='grc' dir='ltr'>φυγήν</span> <span class='ocrx_word' id='word_1_100' title='bbox 832 1520 859 1576; x_wconf 83' lang='grc' dir='ltr'>ἐν</span> <span class='ocrx_word' id='word_1_101' title='bbox 872 1517 988 1599; x_wconf 83' lang='grc' dir='ltr'>ώριπμέ·</span> 
     </span>
     <span class='ocr_line' id='line_1_15' title="bbox 211 1607 987 1690; baseline 0.003 -26"><span class='ocrx_word' id='word_1_102' title='bbox 211 1628 263 1673; x_wconf 84' lang='grc' dir='ltr'>νοις</span> <span class='ocrx_word' id='word_1_103' title='bbox 286 1608 338 1665; x_wconf 86' lang='grc' dir='ltr'>τισὶ</span> <span class='ocrx_word' id='word_1_104' title='bbox 359 1610 460 1688; x_wconf 76' lang='grc' dir='ltr'>χρόνοις</span> <span class='ocrx_word' id='word_1_105' title='bbox 479 1609 509 1666; x_wconf 78' lang='grc' dir='ltr'>έκ</span> <span class='ocrx_word' id='word_1_106' title='bbox 533 1612 579 1679; x_wconf 79' lang='grc' dir='ltr'>τῆς</span> <span class='ocrx_word' id='word_1_107' title='bbox 603 1607 728 1687; x_wconf 86' lang='grc' dir='ltr'>Τρωάδος</span> <span class='ocrx_word' id='word_1_108' title='bbox 748 1611 881 1681; x_wconf 85' lang='grc' dir='ltr'>ἀπελθεῖν,</span> <span class='ocrx_word' id='word_1_109' title='bbox 897 1631 987 1690; x_wconf 89' lang='grc' dir='ltr'>παρα-</span> 
     </span>
     <span class='ocr_line' id='line_1_16' title="bbox 160 1694 987 1775; baseline -0.001 -21"><span class='ocrx_word' id='word_1_110' title='bbox 160 1725 182 1762; x_wconf 67' lang='lat'>15</span> <span class='ocrx_word' id='word_1_111' title='bbox 212 1695 302 1760; x_wconf 89' lang='grc' dir='ltr'>δόντας</span> <span class='ocrx_word' id='word_1_112' title='bbox 320 1695 433 1775; x_wconf 74' lang='grc' dir='ltr'>Ἀχαιοῖς</span> <span class='ocrx_word' id='word_1_113' title='bbox 448 1694 481 1752; x_wconf 84' lang='grc' dir='ltr'>τδι</span> <span class='ocrx_word' id='word_1_114' title='bbox 508 1696 632 1774; x_wconf 74' lang='grc' dir='ltr'>φρούρια·</span> <span class='ocrx_word' id='word_1_115' title='bbox 653 1695 775 1774; x_wconf 71' lang='grc' dir='ltr'>Ἀχαιούς</span> <span class='ocrx_word' id='word_1_116' title='bbox 791 1694 818 1755; x_wconf 74' lang='grc' dir='ltr'>δὲ</span> <span class='ocrx_word' id='word_1_117' title='bbox 839 1699 987 1775; x_wconf 72' lang='grc' dir='ltr'>παρασχεῖν</span> 
     </span>
     <span class='ocr_line' id='line_1_17' title="bbox 213 1782 989 1864; baseline 0.001 -24"><span class='ocrx_word' id='word_1_118' title='bbox 213 1784 299 1850; x_wconf 85' lang='grc' dir='ltr'>αὐτοῖς</span> <span class='ocrx_word' id='word_1_119' title='bbox 321 1783 370 1855; x_wconf 75' lang='grc' dir='ltr'>τήν</span> <span class='ocrx_word' id='word_1_120' title='bbox 393 1784 540 1863; x_wconf 64' lang='grc' dir='ltr'>ἀσφάλειαν</span> <span class='ocrx_word' id='word_1_121' title='bbox 556 1782 581 1852; x_wconf 79' lang='grc' dir='ltr'>ἐξ</span> <span class='ocrx_word' id='word_1_122' title='bbox 598 1783 702 1856; x_wconf 75' lang='grc' dir='ltr'>ἀπάσης</span> <span class='ocrx_word' id='word_1_123' title='bbox 721 1783 785 1854; x_wconf 83' lang='grc' dir='ltr'>ὅσης</span> <span class='ocrx_word' id='word_1_124' title='bbox 803 1785 927 1864; x_wconf 80' lang='grc' dir='ltr'>ἐκράτουν</span> <span class='ocrx_word' id='word_1_125' title='bbox 941 1787 989 1860; x_wconf 81' lang='grc' dir='ltr'>γῆς</span> 
     </span>
     <span class='ocr_line' id='line_1_18' title="bbox 211 1870 988 1952; baseline -0.004 -22"><span class='ocrx_word' id='word_1_126' title='bbox 211 1873 256 1930; x_wconf 81' lang='grc' dir='ltr'>καὶ</span> <span class='ocrx_word' id='word_1_127' title='bbox 271 1873 401 1945; x_wconf 83' lang='grc' dir='ltr'>θαλάττης</span> <span class='ocrx_word' id='word_1_128' title='bbox 428 1872 534 1930; x_wconf 77' lang='grc' dir='ltr'>ἀπιοῦσι</span> <span class='ocrx_word' id='word_1_129' title='bbox 555 1870 623 1930; x_wconf 85' lang='grc' dir='ltr'>κατδι</span> <span class='ocrx_word' id='word_1_130' title='bbox 646 1870 692 1936; x_wconf 86' lang='grc' dir='ltr'>τάς</span> <span class='ocrx_word' id='word_1_131' title='bbox 718 1870 866 1952; x_wconf 78' lang='grc' dir='ltr'>ὁμολογίας.</span> <span class='ocrx_word' id='word_1_132' title='bbox 908 1870 988 1938; x_wconf 60' lang='lat' dir='ltr'><strong>Asici·</strong></span> 
     </span>
     <span class='ocr_line' id='line_1_19' title="bbox 214 1959 988 2038; baseline -0.001 -21"><span class='ocrx_word' id='word_1_133' title='bbox 214 1981 291 2034; x_wconf 86' lang='grc' dir='ltr'>μενος</span> <span class='ocrx_word' id='word_1_134' title='bbox 304 1959 332 2018; x_wconf 77' lang='grc' dir='ltr'>δέ</span> <span class='ocrx_word' id='word_1_135' title='bbox 353 1960 428 2019; x_wconf 81' lang='grc' dir='ltr'>ταῦτ’</span> <span class='ocrx_word' id='word_1_136' title='bbox 452 1961 558 2025; x_wconf 75' lang='grc' dir='ltr'>Αἰνείας</span> <span class='ocrx_word' id='word_1_137' title='bbox 580 1959 625 2018; x_wconf 83' lang='grc' dir='ltr'>καί</span> <span class='ocrx_word' id='word_1_138' title='bbox 648 1959 758 2038; x_wconf 86' lang='grc' dir='ltr'>νομίσας</span> <span class='ocrx_word' id='word_1_139' title='bbox 770 1963 799 2019; x_wconf 79' lang='grc' dir='ltr'>ἐκ</span> <span class='ocrx_word' id='word_1_140' title='bbox 813 1964 865 2018; x_wconf 85' lang='grc' dir='ltr'>τῶν</span> <span class='ocrx_word' id='word_1_141' title='bbox 880 1960 988 2018; x_wconf 81' lang='grc' dir='ltr'>ίνόντων</span> 
     </span>
     <span class='ocr_line' id='line_1_20' title="bbox 211 2031 988 2126; baseline -0.001 -23"><span class='ocrx_word' id='word_1_142' title='bbox 211 2046 329 2124; x_wconf 85' lang='grc' dir='ltr'>κράτιστ’</span> <span class='ocrx_word' id='word_1_143' title='bbox 358 2037 442 2121; x_wconf 77' lang='grc' dir='ltr'>εἶναι,</span> <span class='ocrx_word' id='word_1_144' title='bbox 476 2031 632 2105; x_wconf 70' lang='grc' dir='ltr'>’.θσκοίνιονι</span> <span class='ocrx_word' id='word_1_145' title='bbox 651 2046 698 2122; x_wconf 79' lang='grc' dir='ltr'>μὲν</span> <span class='ocrx_word' id='word_1_146' title='bbox 730 2047 774 2105; x_wconf 81' lang='grc' dir='ltr'>τὸν</span> <span class='ocrx_word' id='word_1_147' title='bbox 807 2044 988 2126; x_wconf 76' lang='grc' dir='ltr'>πρεσόύτατον</span> 
     </span>
     <span class='ocr_line' id='line_1_21' title="bbox 156 2126 989 2215; baseline 0.001 -23"><span class='ocrx_word' id='word_1_148' title='bbox 156 2162 185 2201; x_wconf 66' lang='grc' dir='ltr'>σο</span> <span class='ocrx_word' id='word_1_149' title='bbox 214 2136 265 2193; x_wconf 81' lang='grc' dir='ltr'>τῶν</span> <span class='ocrx_word' id='word_1_150' title='bbox 280 2136 382 2193; x_wconf 86' lang='grc' dir='ltr'>παίδων</span> <span class='ocrx_word' id='word_1_151' title='bbox 397 2134 492 2214; x_wconf 82' lang='grc' dir='ltr'>ἔχοντα</span> <span class='ocrx_word' id='word_1_152' title='bbox 507 2140 551 2193; x_wconf 83' lang='grc' dir='ltr'>τοῦ</span> <span class='ocrx_word' id='word_1_153' title='bbox 567 2140 739 2215; x_wconf 78' lang='grc' dir='ltr'>συμμαχικοῦ</span> <span class='ocrx_word' id='word_1_154' title='bbox 757 2158 815 2193; x_wconf 88' lang='grc' dir='ltr'>τινα</span> <span class='ocrx_word' id='word_1_155' title='bbox 832 2143 941 2212; x_wconf 91' lang='grc' dir='ltr'>μοῖραν,</span> <span class='ocrx_word' id='word_1_156' title='bbox 958 2126 989 2205; x_wconf 74' lang='grc' dir='ltr'>ἧς</span> 
     </span>
     <span class='ocr_line' id='line_1_22' title="bbox 212 2216 987 2301; baseline -0.001 -20"><span class='ocrx_word' id='word_1_157' title='bbox 212 2221 328 2301; x_wconf 75' lang='grc' dir='ltr'>Φρύγιον</span> <span class='ocrx_word' id='word_1_158' title='bbox 346 2216 378 2294; x_wconf 67' lang='grc' dir='ltr'>ἦν</span> <span class='ocrx_word' id='word_1_159' title='bbox 393 2223 423 2282; x_wconf 87' lang='grc' dir='ltr'>τδ</span> <span class='ocrx_word' id='word_1_160' title='bbox 440 2223 579 2295; x_wconf 89' lang='grc' dir='ltr'>πλεῖστον,</span> <span class='ocrx_word' id='word_1_161' title='bbox 593 2224 628 2289; x_wconf 85' lang='grc' dir='ltr'>εἷς</span> <span class='ocrx_word' id='word_1_162' title='bbox 644 2222 691 2293; x_wconf 76' lang='grc' dir='ltr'>τήν</span> <span class='ocrx_word' id='word_1_163' title='bbox 710 2223 871 2282; x_wconf 86' lang='grc' dir='ltr'>Δασκυλῖτιν</span> <span class='ocrx_word' id='word_1_164' title='bbox 893 2225 987 2281; x_wconf 87' lang='grc' dir='ltr'>καλου·</span> 
     </span>
     <span class='ocr_line' id='line_1_23' title="bbox 214 2310 989 2390; baseline 0.003 -22"><span class='ocrx_word' id='word_1_165' title='bbox 214 2311 296 2386; x_wconf 86' lang='grc' dir='ltr'>μένην</span> <span class='ocrx_word' id='word_1_166' title='bbox 311 2316 360 2390; x_wconf 78' lang='grc' dir='ltr'>γῆν</span> <span class='ocrx_word' id='word_1_167' title='bbox 368 2357 377 2387; x_wconf 89' lang='grc'>,</span> <span class='ocrx_word' id='word_1_168' title='bbox 395 2310 448 2370; x_wconf 77' lang='grc' dir='ltr'>ἔνθ’</span> <span class='ocrx_word' id='word_1_169' title='bbox 464 2314 564 2381; x_wconf 80' lang='grc' dir='ltr'>ἐστινὴ</span> <span class='ocrx_word' id='word_1_170' title='bbox 586 2310 712 2370; x_wconf 77' lang='grc' dir='ltr'>Ἀσκανία</span> <span class='ocrx_word' id='word_1_171' title='bbox 734 2311 833 2389; x_wconf 86' lang='grc' dir='ltr'>λίμνη,</span> <span class='ocrx_word' id='word_1_172' title='bbox 849 2314 989 2390; x_wconf 87' lang='grc' dir='ltr'>μετάπεμ-</span> 
     </span>
     <span class='ocr_line' id='line_1_24' title="bbox 211 2399 989 2482; baseline 0.004 -25"><span class='ocrx_word' id='word_1_173' title='bbox 211 2421 276 2457; x_wconf 91' lang='grc' dir='ltr'>πτον</span> <span class='ocrx_word' id='word_1_174' title='bbox 300 2399 349 2458; x_wconf 84' lang='grc' dir='ltr'>ύπδ</span> <span class='ocrx_word' id='word_1_175' title='bbox 364 2403 415 2458; x_wconf 87' lang='grc' dir='ltr'>τῶν</span> <span class='ocrx_word' id='word_1_176' title='bbox 439 2401 573 2480; x_wconf 83' lang='grc' dir='ltr'>ίγχωρίων</span> <span class='ocrx_word' id='word_1_177' title='bbox 588 2399 725 2477; x_wconf 87' lang='grc' dir='ltr'>γενόμενον</span> <span class='ocrx_word' id='word_1_178' title='bbox 739 2401 782 2460; x_wconf 80' lang='lat' dir='ltr'><strong>td</strong></span> <span class='ocrx_word' id='word_1_179' title='bbox 805 2401 926 2482; x_wconf 71' lang='grc' dir='ltr'>βασιλεία</span> <span class='ocrx_word' id='word_1_180' title='bbox 944 2409 989 2460; x_wconf 80' lang='grc' dir='ltr'>τοῦ</span> 
     </span>
     <span class='ocr_line' id='line_1_25' title="bbox 212 2484 989 2570; baseline 0.006 -27"><span class='ocrx_word' id='word_1_181' title='bbox 212 2484 313 2561; x_wconf 85' lang='grc' dir='ltr'>ίθνους,</span> <span class='ocrx_word' id='word_1_182' title='bbox 334 2489 502 2564; x_wconf 83' lang='grc' dir='ltr'>ἀποπίμπει’</span> <span class='ocrx_word' id='word_1_183' title='bbox 534 2489 579 2547; x_wconf 82' lang='grc' dir='ltr'>καὶ</span> <span class='ocrx_word' id='word_1_184' title='bbox 604 2487 707 2570; x_wconf 83' lang='grc' dir='ltr'>ᾤκησεν</span> <span class='ocrx_word' id='word_1_185' title='bbox 741 2489 881 2557; x_wconf 83' lang='grc' dir='ltr'>Ἀσκάνιος</span> <span class='ocrx_word' id='word_1_186' title='bbox 899 2490 989 2548; x_wconf 84' lang='grc' dir='ltr'>αὐτόθι</span> 
     </span>
     <span class='ocr_line' id='line_1_26' title="bbox 158 2573 989 2655; baseline 0.002 -24"><span class='ocrx_word' id='word_1_187' title='bbox 158 2613 183 2653; x_wconf 77' lang='lat' dir='ltr'>tt</span> <span class='ocrx_word' id='word_1_188' title='bbox 212 2573 305 2655; x_wconf 74' lang='grc' dir='ltr'>χρόνον</span> <span class='ocrx_word' id='word_1_189' title='bbox 325 2575 383 2634; x_wconf 87' lang='grc' dir='ltr'>τινόι</span> <span class='ocrx_word' id='word_1_190' title='bbox 398 2579 427 2635; x_wconf 86' lang='grc' dir='ltr'>οὐ</span> <span class='ocrx_word' id='word_1_191' title='bbox 442 2576 533 2637; x_wconf 89' lang='grc' dir='ltr'>πολύν.</span> <span class='ocrx_word' id='word_1_192' title='bbox 578 2576 724 2636; x_wconf 84' lang='grc' dir='ltr'>Ἐλθόντων</span> <span class='ocrx_word' id='word_1_193' title='bbox 741 2578 763 2636; x_wconf 87' lang='grc' dir='ltr'>δ’</span> <span class='ocrx_word' id='word_1_194' title='bbox 779 2581 814 2645; x_wconf 89' lang='grc' dir='ltr'>ώς</span> <span class='ocrx_word' id='word_1_195' title='bbox 828 2579 905 2637; x_wconf 86' lang='grc' dir='ltr'>αὔτδν</span> <span class='ocrx_word' id='word_1_196' title='bbox 921 2579 989 2636; x_wconf 81' lang='grc' dir='ltr'>Σκα·</span> 
     </span>
     <span class='ocr_line' id='line_1_27' title="bbox 212 2662 988 2746; baseline 0.006 -28"><span class='ocrx_word' id='word_1_197' title='bbox 212 2662 338 2742; x_wconf 87' lang='grc' dir='ltr'>μανδρίου</span> <span class='ocrx_word' id='word_1_198' title='bbox 358 2687 386 2723; x_wconf 91' lang='grc' dir='ltr'>τε</span> <span class='ocrx_word' id='word_1_199' title='bbox 408 2664 454 2723; x_wconf 84' lang='grc' dir='ltr'>καί</span> <span class='ocrx_word' id='word_1_200' title='bbox 479 2669 531 2723; x_wconf 84' lang='grc' dir='ltr'>τῶν</span> <span class='ocrx_word' id='word_1_201' title='bbox 554 2665 642 2725; x_wconf 83' lang='grc' dir='ltr'>ἀλλων</span> <span class='ocrx_word' id='word_1_202' title='bbox 663 2665 822 2746; x_wconf 83' lang='grc' dir='ltr'>Ἑκτοριδῶν</span> <span class='ocrx_word' id='word_1_203' title='bbox 842 2667 988 2746; x_wconf 70' lang='grc' dir='ltr'>ἀφειμένων</span> 
     </span>
     <span class='ocr_line' id='line_1_28' title="bbox 211 2751 989 2831; baseline 0.001 -21"><span class='ocrx_word' id='word_1_204' title='bbox 211 2756 241 2810; x_wconf 74' lang='grc' dir='ltr'>ἐκ</span> <span class='ocrx_word' id='word_1_205' title='bbox 260 2757 307 2822; x_wconf 77' lang='grc' dir='ltr'>τῆς</span> <span class='ocrx_word' id='word_1_206' title='bbox 322 2751 451 2821; x_wconf 81' lang='grc' dir='ltr'>Ἑλλάδος</span> <span class='ocrx_word' id='word_1_207' title='bbox 472 2754 523 2813; x_wconf 84' lang='grc' dir='ltr'>θπδ</span> <span class='ocrx_word' id='word_1_208' title='bbox 545 2756 745 2831; x_wconf 83' lang='grc' dir='ltr'>Νεοπτολέμου,</span> <span class='ocrx_word' id='word_1_209' title='bbox 761 2754 883 2831; x_wconf 88' lang='grc' dir='ltr'>κατάγων</span> <span class='ocrx_word' id='word_1_210' title='bbox 899 2753 989 2819; x_wconf 76' lang='grc' dir='ltr'>αὐτούς</span> 
     </span>
     <span class='ocr_line' id='line_1_29' title="bbox 211 2840 989 2923; baseline 0.001 -24"><span class='ocrx_word' id='word_1_211' title='bbox 211 2842 256 2900; x_wconf 79' lang='grc' dir='ltr'>ἐπὶ</span> <span class='ocrx_word' id='word_1_212' title='bbox 272 2840 320 2914; x_wconf 74' lang='grc' dir='ltr'>τήν</span> <span class='ocrx_word' id='word_1_213' title='bbox 331 2847 457 2922; x_wconf 81' lang='grc' dir='ltr'>πατρῴαν</span> <span class='ocrx_word' id='word_1_214' title='bbox 475 2842 560 2922; x_wconf 80' lang='grc' dir='ltr'>ἀρχὴν</span> <span class='ocrx_word' id='word_1_215' title='bbox 576 2845 611 2909; x_wconf 84' lang='grc' dir='ltr'>εἷς</span> <span class='ocrx_word' id='word_1_216' title='bbox 622 2845 719 2922; x_wconf 88' lang='grc' dir='ltr'>Τροίαν</span> <span class='ocrx_word' id='word_1_217' title='bbox 735 2848 891 2923; x_wconf 75' lang='grc' dir='ltr'>ἀφικνεῖται.</span> <span class='ocrx_word' id='word_1_218' title='bbox 936 2843 989 2903; x_wconf 83' lang='grc' dir='ltr'>Καὶ</span> 
     </span>
     <span class='ocr_line' id='line_1_30' title="bbox 211 2927 988 3007; baseline 0.004 -21"><span class='ocrx_word' id='word_1_219' title='bbox 211 2927 271 3007; x_wconf 74' lang='grc' dir='ltr'>περὶ</span> <span class='ocrx_word' id='word_1_220' title='bbox 287 2928 335 3005; x_wconf 80' lang='grc' dir='ltr'>μίν</span> <span class='ocrx_word' id='word_1_221' title='bbox 356 2929 492 2989; x_wconf 83' lang='grc' dir='ltr'>Ἀσκανίου</span> <span class='ocrx_word' id='word_1_222' title='bbox 519 2937 633 2989; x_wconf 75' lang='grc' dir='ltr'>τοσαῦτα</span> <span class='ocrx_word' id='word_1_223' title='bbox 656 2932 781 3006; x_wconf 83' lang='grc' dir='ltr'>λέγεται·</span> <span class='ocrx_word' id='word_1_224' title='bbox 806 2930 865 2997; x_wconf 80' lang='grc' dir='ltr'>τοὺς</span> <span class='ocrx_word' id='word_1_225' title='bbox 889 2931 913 2988; x_wconf 87' lang='grc' dir='ltr'>δ’</span> <span class='ocrx_word' id='word_1_226' title='bbox 939 2931 988 2989; x_wconf 90' lang='grc' dir='ltr'>άλ-</span> 
     </span>
     <span class='ocr_line' id='line_1_31' title="bbox 158 3017 988 3099; baseline 0.001 -25"><span class='ocrx_word' id='word_1_227' title='bbox 158 3051 184 3093; x_wconf 69' lang='lat'>,0</span> <span class='ocrx_word' id='word_1_228' title='bbox 211 3018 271 3083; x_wconf 89' lang='grc' dir='ltr'>λους</span> <span class='ocrx_word' id='word_1_229' title='bbox 290 3017 387 3082; x_wconf 87' lang='grc' dir='ltr'>παῖδας</span> <span class='ocrx_word' id='word_1_230' title='bbox 403 3017 508 3082; x_wconf 76' lang='grc' dir='ltr'>Αἰνείας</span> <span class='ocrx_word' id='word_1_231' title='bbox 530 3017 693 3095; x_wconf 78' lang='grc' dir='ltr'>παραλαύὼν</span> <span class='ocrx_word' id='word_1_232' title='bbox 710 3019 754 3075; x_wconf 85' lang='grc' dir='ltr'>καί</span> <span class='ocrx_word' id='word_1_233' title='bbox 766 3017 810 3076; x_wconf 86' lang='grc' dir='ltr'>τδν</span> <span class='ocrx_word' id='word_1_234' title='bbox 825 3018 927 3099; x_wconf 89' lang='grc' dir='ltr'>πατέρα</span> <span class='ocrx_word' id='word_1_235' title='bbox 944 3021 988 3077; x_wconf 84' lang='grc' dir='ltr'>καὶ</span> 
     </span>
     <span class='ocr_line' id='line_1_32' title="bbox 211 3104 988 3185; baseline 0.006 -23"><span class='ocrx_word' id='word_1_236' title='bbox 211 3106 245 3162; x_wconf 74' lang='lat' dir='ltr'>rt</span> <span class='ocrx_word' id='word_1_237' title='bbox 261 3104 307 3176; x_wconf 76' lang='grc' dir='ltr'>ἕδη</span> <span class='ocrx_word' id='word_1_238' title='bbox 321 3107 374 3161; x_wconf 84' lang='grc' dir='ltr'>τῶν</span> <span class='ocrx_word' id='word_1_239' title='bbox 396 3108 477 3176; x_wconf 81' lang='grc' dir='ltr'>θεῶν,</span> <span class='ocrx_word' id='word_1_240' title='bbox 492 3106 582 3176; x_wconf 75' lang='grc' dir='ltr'>ἐπειδίΙ</span> <span class='ocrx_word' id='word_1_241' title='bbox 600 3107 803 3185; x_wconf 76' lang='grc' dir='ltr'>παρεσκευάσθη</span> <span class='ocrx_word' id='word_1_242' title='bbox 822 3105 852 3164; x_wconf 89' lang='grc' dir='ltr'>τδ</span> <span class='ocrx_word' id='word_1_243' title='bbox 868 3109 988 3167; x_wconf 83' lang='grc' dir='ltr'>ναυτικὸν</span> 
     </span>
     <span class='ocr_line' id='line_1_33' title="bbox 213 3192 988 3273; baseline 0.004 -22"><span class='ocrx_word' id='word_1_244' title='bbox 213 3194 303 3273; x_wconf 81' lang='grc' dir='ltr'>αὐτῷ,</span> <span class='ocrx_word' id='word_1_245' title='bbox 326 3193 432 3251; x_wconf 83' lang='grc' dir='ltr'>διαπλεῖ</span> <span class='ocrx_word' id='word_1_246' title='bbox 462 3194 506 3251; x_wconf 86' lang='grc' dir='ltr'>τδν</span> <span class='ocrx_word' id='word_1_247' title='bbox 528 3192 726 3265; x_wconf 79' lang='grc' dir='ltr'>Ἑλλήσποντον</span> <span class='ocrx_word' id='word_1_248' title='bbox 753 3194 797 3253; x_wconf 81' lang='grc' dir='ltr'>ἐπί</span> <span class='ocrx_word' id='word_1_249' title='bbox 815 3198 862 3266; x_wconf 78' lang='grc' dir='ltr'>τῆς</span> <span class='ocrx_word' id='word_1_250' title='bbox 882 3196 988 3273; x_wconf 83' lang='grc' dir='ltr'>ἔγγιστα</span> 
     </span>
     <span class='ocr_line' id='line_1_34' title="bbox 211 3281 986 3362; baseline 0.003 -22"><span class='ocrx_word' id='word_1_251' title='bbox 211 3282 333 3357; x_wconf 87' lang='grc' dir='ltr'>κειμένης</span> <span class='ocrx_word' id='word_1_252' title='bbox 348 3281 512 3362; x_wconf 74' lang='grc' dir='ltr'>χερρονήσου</span> <span class='ocrx_word' id='word_1_253' title='bbox 533 3281 577 3341; x_wconf 90' lang='grc' dir='ltr'>τδν</span> <span class='ocrx_word' id='word_1_254' title='bbox 601 3283 682 3340; x_wconf 83' lang='grc' dir='ltr'>πλοῦν</span> <span class='ocrx_word' id='word_1_255' title='bbox 703 3282 869 3359; x_wconf 84' lang='grc' dir='ltr'>ποιούμενος,</span> <span class='ocrx_word' id='word_1_256' title='bbox 889 3283 986 3362; x_wconf 80' lang='grc' dir='ltr'>ἢπρό-</span> 
     </span>
     <span class='ocr_line' id='line_1_35' title="bbox 211 3369 987 3450; baseline 0.003 -22"><span class='ocrx_word' id='word_1_257' title='bbox 211 3392 296 3428; x_wconf 89' lang='grc' dir='ltr'>κειται</span> <span class='ocrx_word' id='word_1_258' title='bbox 323 3370 371 3446; x_wconf 70' lang='grc' dir='ltr'>μὲν</span> <span class='ocrx_word' id='word_1_259' title='bbox 400 3376 447 3443; x_wconf 68' lang='grc' dir='ltr'>τῆς</span> <span class='ocrx_word' id='word_1_260' title='bbox 472 3369 618 3450; x_wconf 83' lang='grc' dir='ltr'>Εὐρώπης,</span> <span class='ocrx_word' id='word_1_261' title='bbox 640 3373 761 3429; x_wconf 89' lang='grc' dir='ltr'>καλεῖται</span> <span class='ocrx_word' id='word_1_262' title='bbox 783 3372 812 3430; x_wconf 78' lang='grc' dir='ltr'>δέ</span> <span class='ocrx_word' id='word_1_263' title='bbox 845 3372 987 3445; x_wconf 86' lang='grc' dir='ltr'>Παλλήνη,</span> 
     </span>
     <span class='ocr_line' id='line_1_36' title="bbox 172 3449 987 3542; baseline 0.005 -28"><span class='ocrx_word' id='word_1_264' title='bbox 172 3474 184 3509; x_wconf 75' lang='grc' dir='ltr'>υ</span> <span class='ocrx_word' id='word_1_265' title='bbox 211 3458 283 3525; x_wconf 83' lang='grc' dir='ltr'>ἔθνος</span> <span class='ocrx_word' id='word_1_266' title='bbox 302 3459 325 3516; x_wconf 87' lang='grc' dir='ltr'>δ’</span> <span class='ocrx_word' id='word_1_267' title='bbox 348 3449 418 3540; x_wconf 80' lang='grc' dir='ltr'>εῖχεν</span> <span class='ocrx_word' id='word_1_268' title='bbox 433 3460 515 3532; x_wconf 80' lang='grc' dir='ltr'>αὐτήν</span> <span class='ocrx_word' id='word_1_269' title='bbox 537 3458 653 3542; x_wconf 69' lang='grc' dir='ltr'>Θρηίκιον</span> <span class='ocrx_word' id='word_1_270' title='bbox 669 3457 826 3539; x_wconf 89' lang='grc' dir='ltr'>σύμμαχον,</span> <span class='ocrx_word' id='word_1_271' title='bbox 840 3463 987 3542; x_wconf 85' lang='grc' dir='ltr'>Κρουσαῖον</span> 
     </span>
     <span class='ocr_line' id='line_1_37' title="bbox 212 3546 984 3629; baseline 0.006 -28"><span class='ocrx_word' id='word_1_272' title='bbox 212 3546 370 3620; x_wconf 89' lang='grc' dir='ltr'>καλούμενον</span> <span class='ocrx_word' id='word_1_273' title='bbox 379 3547 503 3606; x_wconf 86' lang='grc' dir='ltr'>ἁπάντων</span> <span class='ocrx_word' id='word_1_274' title='bbox 518 3549 715 3625; x_wconf 84' lang='grc' dir='ltr'>προθυμότατον</span> <span class='ocrx_word' id='word_1_275' title='bbox 730 3552 782 3607; x_wconf 81' lang='grc' dir='ltr'>τῶν</span> <span class='ocrx_word' id='word_1_276' title='bbox 796 3549 984 3629; x_wconf 81' lang='grc' dir='ltr'>συναραμένων</span> 
     </span>
     <span class='ocr_line' id='line_1_38' title="bbox 212 3633 503 3713; baseline 0.031 -25"><span class='ocrx_word' id='word_1_277' title='bbox 212 3633 299 3698; x_wconf 79' lang='grc' dir='ltr'>αὐτοῖς</span> <span class='ocrx_word' id='word_1_278' title='bbox 315 3640 359 3693; x_wconf 78' lang='grc' dir='ltr'>τοῦ</span> <span class='ocrx_word' id='word_1_279' title='bbox 377 3637 503 3713; x_wconf 88' lang='grc' dir='ltr'>πολέμου.</span> 
     </span>
    </p>

    <p class='ocr_par' dir='ltr' id='par_1_3' title="bbox 211 3717 989 4336">
     <span class='ocr_line' id='line_1_39' title="bbox 252 3717 987 3810; baseline 0.008 -32"><span class='ocrx_word' id='word_1_280' title='bbox 252 3721 382 3784; x_wconf 77' lang='lat' dir='ltr'>XLVIII.</span> <span class='ocrx_word' id='word_1_281' title='bbox 394 3722 426 3784; x_wconf 89' lang='grc' dir='ltr'><strong>Ὁ</strong></span> <span class='ocrx_word' id='word_1_282' title='bbox 437 3724 484 3802; x_wconf 77' lang='grc' dir='ltr'>μέν</span> <span class='ocrx_word' id='word_1_283' title='bbox 498 3717 542 3784; x_wconf 67' lang='grc' dir='ltr'>οἶν</span> <span class='ocrx_word' id='word_1_284' title='bbox 554 3728 709 3794; x_wconf 78' lang='grc' dir='ltr'>πιστότατος</span> <span class='ocrx_word' id='word_1_285' title='bbox 722 3731 773 3785; x_wconf 82' lang='grc' dir='ltr'>τῶν</span> <span class='ocrx_word' id='word_1_286' title='bbox 788 3726 890 3806; x_wconf 82' lang='grc' dir='ltr'>λόγοιν,</span> <span class='ocrx_word' id='word_1_287' title='bbox 905 3719 927 3810; x_wconf 78' lang='grc' dir='ltr'>ᾧ</span> <span class='ocrx_word' id='word_1_288' title='bbox 943 3726 987 3785; x_wconf 84' lang='grc' dir='ltr'>κε’-</span> 
     </span>
     <span class='ocr_line' id='line_1_40' title="bbox 211 3814 988 3896; baseline 0.012 -31"><span class='ocrx_word' id='word_1_289' title='bbox 211 3831 314 3888; x_wconf 80' lang='grc' dir='ltr'>χρητατ</span> <span class='ocrx_word' id='word_1_290' title='bbox 328 3814 378 3869; x_wconf 80' lang='grc' dir='ltr'>τῶν</span> <span class='ocrx_word' id='word_1_291' title='bbox 395 3817 515 3873; x_wconf 86' lang='grc' dir='ltr'>παλαιῶν</span> <span class='ocrx_word' id='word_1_292' title='bbox 530 3815 699 3896; x_wconf 70' lang='grc' dir='ltr'>συγγραφέων</span> <span class='ocrx_word' id='word_1_293' title='bbox 717 3814 872 3882; x_wconf 80' lang='grc' dir='ltr'>Ἑλλάνικος</span> <span class='ocrx_word' id='word_1_294' title='bbox 893 3819 918 3874; x_wconf 77' lang='grc' dir='ltr'>ἓν</span> <span class='ocrx_word' id='word_1_295' title='bbox 935 3825 988 3882; x_wconf 87' lang='grc' dir='ltr'>τοῖς</span> 
     </span>
     <span class='ocr_line' id='line_1_41' title="bbox 212 3899 986 3983; baseline 0.008 -28"><span class='ocrx_word' id='word_1_296' title='bbox 212 3899 341 3974; x_wconf 81' lang='grc' dir='ltr'>Τρωικοῖς</span> <span class='ocrx_word' id='word_1_297' title='bbox 356 3901 415 3978; x_wconf 83' lang='grc' dir='ltr'>περί</span> <span class='ocrx_word' id='word_1_298' title='bbox 430 3904 475 3971; x_wconf 77' lang='grc' dir='ltr'>τῆς</span> <span class='ocrx_word' id='word_1_299' title='bbox 493 3902 596 3961; x_wconf 72' lang='grc' dir='ltr'>Αἰνείου</span> <span class='ocrx_word' id='word_1_300' title='bbox 612 3907 694 3983; x_wconf 73' lang='grc' dir='ltr'>φυγῆς</span> <span class='ocrx_word' id='word_1_301' title='bbox 716 3904 805 3967; x_wconf 77' lang='grc' dir='ltr'>τοιύςδ</span> <span class='ocrx_word' id='word_1_302' title='bbox 831 3902 912 3964; x_wconf 76' lang='grc' dir='ltr'>ἐστίν.</span> <span class='ocrx_word' id='word_1_303' title='bbox 940 3903 986 3963; x_wconf 77' lang='lat' dir='ltr'><strong>iil·</strong></span> 
     </span>
     <span class='ocr_line' id='line_1_42' title="bbox 214 3986 988 4071; baseline 0.01 -29"><span class='ocrx_word' id='word_1_304' title='bbox 214 4009 306 4066; x_wconf 90' lang='grc' dir='ltr'>ρηνται</span> <span class='ocrx_word' id='word_1_305' title='bbox 325 3986 352 4045; x_wconf 76' lang='grc' dir='ltr'>δὲ</span> <span class='ocrx_word' id='word_1_306' title='bbox 377 3989 421 4047; x_wconf 83' lang='grc' dir='ltr'>καί</span> <span class='ocrx_word' id='word_1_307' title='bbox 438 3991 525 4056; x_wconf 84' lang='grc' dir='ltr'>ἀλλοις</span> <span class='ocrx_word' id='word_1_308' title='bbox 543 3995 595 4048; x_wconf 85' lang='grc' dir='ltr'>τισὶ</span> <span class='ocrx_word' id='word_1_309' title='bbox 611 3995 670 4071; x_wconf 84' lang='grc' dir='ltr'>περί</span> <span class='ocrx_word' id='word_1_310' title='bbox 689 3994 741 4049; x_wconf 75' lang='grc' dir='ltr'>τιῒιν</span> <span class='ocrx_word' id='word_1_311' title='bbox 762 3993 846 4049; x_wconf 78' lang='grc' dir='ltr'>αὐτῶν</span> <span class='ocrx_word' id='word_1_312' title='bbox 868 3995 898 4048; x_wconf 84' lang='grc' dir='ltr'>οὐ</span> <span class='ocrx_word' id='word_1_313' title='bbox 919 3994 988 4052; x_wconf 83' lang='grc' dir='ltr'>κατά</span> 
     </span>
     <span class='ocr_line' id='line_1_43' title="bbox 213 4073 988 4164; baseline 0.009 -32"><span class='ocrx_word' id='word_1_314' title='bbox 213 4076 287 4164; x_wconf 68' lang='grc' dir='ltr'>τριύτ*</span> <span class='ocrx_word' id='word_1_315' title='bbox 298 4073 400 4153; x_wconf 81' lang='grc' dir='ltr'>ἔχοντες</span> <span class='ocrx_word' id='word_1_316' title='bbox 411 4077 496 4151; x_wconf 87' lang='grc' dir='ltr'>λόγοι,</span> <span class='ocrx_word' id='word_1_317' title='bbox 512 4078 555 4144; x_wconf 87' lang='grc' dir='ltr'>οθς</span> <span class='ocrx_word' id='word_1_318' title='bbox 568 4074 647 4149; x_wconf 72' lang='grc' dir='ltr'>ἧττον</span> <span class='ocrx_word' id='word_1_319' title='bbox 664 4080 745 4158; x_wconf 80' lang='grc' dir='ltr'>ἔγωγε</span> <span class='ocrx_word' id='word_1_320' title='bbox 759 4079 852 4140; x_wconf 85' lang='grc' dir='ltr'>τούτου</span> <span class='ocrx_word' id='word_1_321' title='bbox 864 4080 988 4149; x_wconf 82' lang='grc' dir='ltr'>πιθανούς</span> 
     </span>
     <span class='ocr_line' id='line_1_44' title="bbox 214 4162 989 4245; baseline 0.013 -28"><span class='ocrx_word' id='word_1_322' title='bbox 214 4165 279 4219; x_wconf 78' lang='grc' dir='ltr'>εἰναι</span> <span class='ocrx_word' id='word_1_323' title='bbox 299 4164 406 4238; x_wconf 71' lang='grc' dir='ltr'>νομίζω.</span> <span class='ocrx_word' id='word_1_324' title='bbox 441 4162 558 4245; x_wconf 85' lang='grc' dir='ltr'>Κρινέτω</span> <span class='ocrx_word' id='word_1_325' title='bbox 570 4167 593 4224; x_wconf 81' lang='grc' dir='ltr'>δ’</span> <span class='ocrx_word' id='word_1_326' title='bbox 604 4165 714 4235; x_wconf 80' lang='grc' dir='ltr'>ῖκαστος</span> <span class='ocrx_word' id='word_1_327' title='bbox 727 4172 779 4227; x_wconf 85' lang='grc' dir='ltr'>τῶν</span> <span class='ocrx_word' id='word_1_328' title='bbox 793 4166 938 4226; x_wconf 87' lang='grc' dir='ltr'>ἀκουόντων</span> <span class='ocrx_word' id='word_1_329' title='bbox 954 4173 989 4236; x_wconf 89' lang='grc' dir='ltr'>ώς</span> 
     </span>
     <span class='ocr_line' id='line_1_45' title="bbox 215 4249 989 4336; baseline 0.013 -31"><span class='ocrx_word' id='word_1_330' title='bbox 215 4249 344 4328; x_wconf 86' lang='grc' dir='ltr'>βούλεται.</span> <span class='ocrx_word' id='word_1_331' title='bbox 386 4254 521 4333; x_wconf 74' lang='grc' dir='ltr'>Σοροκλῆς</span> <span class='ocrx_word' id='word_1_332' title='bbox 538 4255 586 4331; x_wconf 80' lang='grc' dir='ltr'>μὲν</span> <span class='ocrx_word' id='word_1_333' title='bbox 607 4254 829 4336; x_wconf 85' lang='grc' dir='ltr'>ότραγῳδοποιδς</span> <span class='ocrx_word' id='word_1_334' title='bbox 844 4259 870 4315; x_wconf 73' lang='grc' dir='ltr'>ἐν</span> <span class='ocrx_word' id='word_1_335' title='bbox 885 4256 989 4315; x_wconf 84' lang='grc' dir='ltr'>Λαοκό-</span> 
     </span>
    </p>

    <p class='ocr_par' dir='ltr' id='par_1_4' title="bbox 172 4339 988 4687">
     <span class='ocr_line' id='line_1_46' title="bbox 172 4339 987 4417; baseline 0.009 -21"><span class='ocrx_word' id='word_1_336' title='bbox 172 4375 183 4408; x_wconf 73' lang='grc'>,-,</span> <span class='ocrx_word' id='word_1_337' title='bbox 213 4362 281 4397; x_wconf 89' lang='grc' dir='ltr'>ωντι</span> <span class='ocrx_word' id='word_1_338' title='bbox 293 4339 419 4417; x_wconf 83' lang='grc' dir='ltr'>δράματι,</span> <span class='ocrx_word' id='word_1_339' title='bbox 435 4342 580 4417; x_wconf 87' lang='grc' dir='ltr'>μελλούσης</span> <span class='ocrx_word' id='word_1_340' title='bbox 596 4343 750 4404; x_wconf 79' lang='grc' dir='ltr'>ἁλίσκεσθαι</span> <span class='ocrx_word' id='word_1_341' title='bbox 764 4347 810 4415; x_wconf 82' lang='grc' dir='ltr'>τῆς</span> <span class='ocrx_word' id='word_1_342' title='bbox 824 4343 925 4411; x_wconf 90' lang='grc' dir='ltr'>πόλεως</span> <span class='ocrx_word' id='word_1_343' title='bbox 938 4367 987 4403; x_wconf 84' lang='grc' dir='ltr'>πε-</span> 
     </span>
     <span class='ocr_line' id='line_1_47' title="bbox 213 4426 986 4510; baseline 0.009 -26"><span class='ocrx_word' id='word_1_344' title='bbox 213 4426 306 4497; x_wconf 87' lang='grc' dir='ltr'>ποίηκε</span> <span class='ocrx_word' id='word_1_345' title='bbox 322 4428 366 4486; x_wconf 81' lang='grc' dir='ltr'>τὸν</span> <span class='ocrx_word' id='word_1_346' title='bbox 383 4428 489 4487; x_wconf 82' lang='grc' dir='ltr'>Αἰνείαν</span> <span class='ocrx_word' id='word_1_347' title='bbox 510 4433 752 4510; x_wconf 72' lang='grc' dir='ltr'>ἀνασκευαζόμενον</span> <span class='ocrx_word' id='word_1_348' title='bbox 775 4435 810 4500; x_wconf 83' lang='grc' dir='ltr'>εἷς</span> <span class='ocrx_word' id='word_1_349' title='bbox 831 4432 879 4505; x_wconf 74' lang='grc' dir='ltr'>τήν</span> <span class='ocrx_word' id='word_1_350' title='bbox 894 4431 986 4507; x_wconf 87' lang='grc' dir='ltr'>Ὶδην,</span> 
     </span>
     <span class='ocr_line' id='line_1_48' title="bbox 213 4515 987 4600; baseline 0.008 -27"><span class='ocrx_word' id='word_1_351' title='bbox 213 4515 376 4574; x_wconf 79' lang='grc' dir='ltr'>κελευσθένθ’</span> <span class='ocrx_word' id='word_1_352' title='bbox 390 4519 440 4573; x_wconf 84' lang='grc' dir='ltr'>ὑπὸ</span> <span class='ocrx_word' id='word_1_353' title='bbox 453 4523 498 4574; x_wconf 76' lang='grc' dir='ltr'>τοῦ</span> <span class='ocrx_word' id='word_1_354' title='bbox 516 4519 614 4596; x_wconf 81' lang='grc' dir='ltr'>πατρὸς</span> <span class='ocrx_word' id='word_1_355' title='bbox 626 4520 754 4600; x_wconf 81' lang='grc' dir='ltr'>Ἀγχίσου</span> <span class='ocrx_word' id='word_1_356' title='bbox 767 4520 836 4579; x_wconf 89' lang='grc' dir='ltr'>κατδι</span> <span class='ocrx_word' id='word_1_357' title='bbox 855 4526 901 4593; x_wconf 78' lang='grc' dir='ltr'>τὴν</span> <span class='ocrx_word' id='word_1_358' title='bbox 916 4522 987 4599; x_wconf 90' lang='grc' dir='ltr'>μνή-</span> 
     </span>
     <span class='ocr_line' id='line_1_49' title="bbox 214 4593 988 4687; baseline 0.013 -30"><span class='ocrx_word' id='word_1_359' title='bbox 214 4627 279 4680; x_wconf 87' lang='grc' dir='ltr'>μην,</span> <span class='ocrx_word' id='word_1_360' title='bbox 296 4593 332 4662; x_wconf 77' lang='grc' dir='ltr'>ών</span> <span class='ocrx_word' id='word_1_361' title='bbox 347 4604 484 4686; x_wconf 65' lang='grc' dir='ltr'>Ἀφροδίτη</span> <span class='ocrx_word' id='word_1_362' title='bbox 504 4607 656 4687; x_wconf 64' lang='grc' dir='ltr'>ἐπέσκηψε,</span> <span class='ocrx_word' id='word_1_363' title='bbox 680 4609 725 4667; x_wconf 87' lang='grc' dir='ltr'>καί</span> <span class='ocrx_word' id='word_1_364' title='bbox 746 4608 798 4666; x_wconf 87' lang='grc' dir='ltr'>ἀπδ</span> <span class='ocrx_word' id='word_1_365' title='bbox 820 4611 872 4667; x_wconf 82' lang='grc' dir='ltr'>τῶν</span> <span class='ocrx_word' id='word_1_366' title='bbox 894 4609 988 4668; x_wconf 83' lang='grc' dir='ltr'>νεωστὶ</span> 
     </span>
    </p>
   </div>
   <div class='ocr_carea' id='block_1_3' title="bbox 213 4691 987 4954">
    <p class='ocr_par' dir='ltr' id='par_1_5' title="bbox 213 4691 987 4954">
     <span class='ocr_line' id='line_1_50' title="bbox 213 4691 986 4775; baseline 0.012 -27"><span class='ocrx_word' id='word_1_367' title='bbox 213 4691 358 4771; x_wconf 80' lang='grc' dir='ltr'>γενομένων</span> <span class='ocrx_word' id='word_1_368' title='bbox 373 4693 433 4773; x_wconf 82' lang='grc' dir='ltr'>περὶ</span> <span class='ocrx_word' id='word_1_369' title='bbox 443 4692 502 4759; x_wconf 75' lang='grc' dir='ltr'>τοὺς</span> <span class='ocrx_word' id='word_1_370' title='bbox 515 4695 714 4762; x_wconf 81' lang='grc' dir='ltr'>Λαοκοωντίδας</span> <span class='ocrx_word' id='word_1_371' title='bbox 729 4697 846 4773; x_wconf 89' lang='grc' dir='ltr'>σημείων</span> <span class='ocrx_word' id='word_1_372' title='bbox 860 4698 904 4756; x_wconf 89' lang='grc' dir='ltr'>τδν</span> <span class='ocrx_word' id='word_1_373' title='bbox 921 4698 986 4775; x_wconf 86' lang='grc' dir='ltr'>μέλ-</span> 
     </span>
     <span class='ocr_line' id='line_1_51' title="bbox 213 4780 987 4865; baseline 0.009 -29"><span class='ocrx_word' id='word_1_374' title='bbox 213 4780 281 4839; x_wconf 83' lang='grc' dir='ltr'>λοντ’</span> <span class='ocrx_word' id='word_1_375' title='bbox 296 4782 400 4861; x_wconf 82' lang='grc' dir='ltr'>ὀλεθρον</span> <span class='ocrx_word' id='word_1_376' title='bbox 423 4784 469 4851; x_wconf 70' lang='grc' dir='ltr'>τῆς</span> <span class='ocrx_word' id='word_1_377' title='bbox 484 4782 582 4844; x_wconf 85' lang='grc' dir='ltr'>πόλεως</span> <span class='ocrx_word' id='word_1_378' title='bbox 602 4784 859 4864; x_wconf 87' lang='grc' dir='ltr'>συντεκμηραμένου.</span> <span class='ocrx_word' id='word_1_379' title='bbox 908 4785 987 4865; x_wconf 71' lang='grc' dir='ltr'>Ἰἰχει</span> 
     </span>
     <span class='ocr_line' id='line_1_52' title="bbox 214 4868 985 4954; baseline 0.008 -29"><span class='ocrx_word' id='word_1_380' title='bbox 214 4869 236 4925; x_wconf 83' lang='grc' dir='ltr'>δ’</span> <span class='ocrx_word' id='word_1_381' title='bbox 250 4871 276 4927; x_wconf 82' lang='grc' dir='ltr'>ἐν</span> <span class='ocrx_word' id='word_1_382' title='bbox 294 4872 366 4952; x_wconf 78' lang='grc' dir='ltr'>αὐτῷ</span> <span class='ocrx_word' id='word_1_383' title='bbox 380 4869 413 4928; x_wconf 85' lang='grc' dir='ltr'>τδι</span> <span class='ocrx_word' id='word_1_384' title='bbox 427 4868 536 4946; x_wconf 78' lang='grc' dir='ltr'>ἷαμόεῖα</span> <span class='ocrx_word' id='word_1_385' title='bbox 551 4868 691 4949; x_wconf 81' lang='grc' dir='ltr'>ίξαγγὲλου</span> <span class='ocrx_word' id='word_1_386' title='bbox 706 4873 842 4954; x_wconf 80' lang='grc' dir='ltr'>προσώπῳ</span> <span class='ocrx_word' id='word_1_387' title='bbox 855 4873 985 4952; x_wconf 84' lang='grc' dir='ltr'>λεγόμενα</span> 
     </span>
    </p>
   </div>
   <div class='ocr_carea' id='block_1_4' title="bbox 213 4946 278 5015">
    <p class='ocr_par' dir='ltr' id='par_1_6' title="bbox 213 4946 278 5015">
     <span class='ocr_line' id='line_1_53' title="bbox 213 4946 278 5015; baseline 0.031 -2"><span class='ocrx_word' id='word_1_388' title='bbox 213 4946 278 5015; x_wconf 80' lang='grc' dir='ltr'>ώδε·</span> 
     </span>
    </p>
   </div>
   <div class='ocr_carea' id='block_1_5' title="bbox 275 5073 808 5210">
    <p class='ocr_par' dir='ltr' id='par_1_7' title="bbox 275 5073 808 5210">
     <span class='ocr_line' id='line_1_54' title="bbox 275 5073 760 5132; baseline 0.006 -11"><span class='ocrx_word' id='word_1_389' title='bbox 275 5073 323 5121; x_wconf 72' lang='grc' dir='ltr'>Νῦν</span> <span class='ocrx_word' id='word_1_390' title='bbox 336 5073 356 5121; x_wconf 80' lang='grc' dir='ltr'>δ’</span> <span class='ocrx_word' id='word_1_391' title='bbox 366 5076 389 5122; x_wconf 84' lang='grc' dir='ltr'>ἐν</span> <span class='ocrx_word' id='word_1_392' title='bbox 403 5075 514 5124; x_wconf 86' lang='grc' dir='ltr'>πύλαισιν</span> <span class='ocrx_word' id='word_1_393' title='bbox 528 5073 610 5129; x_wconf 75' lang='grc' dir='ltr'>Αἰνέας</span> <span class='ocrx_word' id='word_1_394' title='bbox 626 5074 691 5132; x_wconf 79' lang='grc' dir='ltr'>ὁτῆς</span> <span class='ocrx_word' id='word_1_395' title='bbox 708 5077 760 5124; x_wconf 86' lang='grc' dir='ltr'>θεοῦ</span> 
     </span>
     <span class='ocr_line' id='line_1_55' title="bbox 275 5141 808 5210; baseline 0.013 -22"><span class='ocrx_word' id='word_1_396' title='bbox 275 5141 370 5204; x_wconf 78' lang='grc' dir='ltr'>πάρεστ’</span> <span class='ocrx_word' id='word_1_397' title='bbox 383 5144 418 5194; x_wconf 75' lang='grc' dir='ltr'>ἐπ’</span> <span class='ocrx_word' id='word_1_398' title='bbox 429 5146 501 5208; x_wconf 82' lang='grc' dir='ltr'>ὤμων</span> <span class='ocrx_word' id='word_1_399' title='bbox 513 5144 595 5208; x_wconf 84' lang='grc' dir='ltr'>πατέρ’</span> <span class='ocrx_word' id='word_1_400' title='bbox 612 5145 674 5208; x_wconf 83' lang='grc' dir='ltr'>ἔχων</span> <span class='ocrx_word' id='word_1_401' title='bbox 685 5146 808 5210; x_wconf 83' lang='grc' dir='ltr'>κεραυνίου</span> 
     </span>
    </p>
   </div>
   <div class='ocr_carea' id='block_1_6' title="bbox 1042 464 1846 835">
    <p class='ocr_par' dir='ltr' id='par_1_8' title="bbox 1042 464 1846 835">
     <span class='ocr_line' id='line_1_56' title="bbox 1042 464 1820 529; baseline 0.003 -15"><span class='ocrx_word' id='word_1_402' title='bbox 1042 465 1201 515; x_wconf 79' lang='lat' dir='ltr'><strong>Troianorum</strong></span> <span class='ocrx_word' id='word_1_403' title='bbox 1212 465 1289 528; x_wconf 80' lang='lat' dir='ltr'><strong>coplae</strong></span> <span class='ocrx_word' id='word_1_404' title='bbox 1296 465 1407 514; x_wconf 83' lang='lat' dir='ltr'><strong>maximas</strong></span> <span class='ocrx_word' id='word_1_405' title='bbox 1417 464 1491 515; x_wconf 75' lang='lat' dir='ltr'><strong>iacta</strong></span> <span class='ocrx_word' id='word_1_406' title='bbox 1503 467 1570 515; x_wconf 91' lang='lat' dir='ltr'><strong>sunt.</strong></span> <span class='ocrx_word' id='word_1_407' title='bbox 1605 465 1652 524; x_wconf 87' lang='lat' dir='ltr'>Qni</span> <span class='ocrx_word' id='word_1_408' title='bbox 1662 465 1745 529; x_wconf 49' lang='lat' dir='ltr'><strong>uitur,</strong></span> <span class='ocrx_word' id='word_1_409' title='bbox 1762 479 1820 516; x_wconf 90' lang='lat' dir='ltr'><strong>cum</strong></span> 
     </span>
     <span class='ocr_line' id='line_1_57' title="bbox 1042 565 1819 629; baseline 0 -13"><span class='ocrx_word' id='word_1_410' title='bbox 1042 568 1117 617; x_wconf 79' lang='lat' dir='ltr'><strong>AEnea</strong></span> <span class='ocrx_word' id='word_1_411' title='bbox 1129 580 1161 616; x_wconf 83' lang='lat' dir='ltr'>ex</span> <span class='ocrx_word' id='word_1_412' title='bbox 1177 566 1241 616; x_wconf 90' lang='lat' dir='ltr'><strong>urbe</strong></span> <span class='ocrx_word' id='word_1_413' title='bbox 1256 569 1327 629; x_wconf 89' lang='lat' dir='ltr'><strong>capta</strong></span> <span class='ocrx_word' id='word_1_414' title='bbox 1346 565 1491 629; x_wconf 71' lang='lat' dir='ltr'>superstites</span> <span class='ocrx_word' id='word_1_415' title='bbox 1506 569 1651 625; x_wconf 80' lang='lat' dir='ltr'><strong>eraserunt.</strong></span> <span class='ocrx_word' id='word_1_416' title='bbox 1663 565 1689 616; x_wconf 91' lang='lat' dir='ltr'>in</span> <span class='ocrx_word' id='word_1_417' title='bbox 1704 565 1743 616; x_wconf 86' lang='lat' dir='ltr'>bis</span> <span class='ocrx_word' id='word_1_418' title='bbox 1757 565 1819 616; x_wconf 84' lang='lat' dir='ltr'><strong>iocis</strong></span> 
     </span>
     <span class='ocr_line' id='line_1_58' title="bbox 1042 665 1819 733; baseline -0.006 -14"><span class='ocrx_word' id='word_1_419' title='bbox 1042 672 1196 720; x_wconf 75' lang='lat' dir='ltr'><strong>remanentes</strong></span> <span class='ocrx_word' id='word_1_420' title='bbox 1214 668 1237 718; x_wconf 92' lang='lat' dir='ltr'>in</span> <span class='ocrx_word' id='word_1_421' title='bbox 1255 667 1348 733; x_wconf 90' lang='lat' dir='ltr'><strong>patrias</strong></span> <span class='ocrx_word' id='word_1_422' title='bbox 1360 666 1431 717; x_wconf 88' lang='lat' dir='ltr'><strong>sedes</strong></span> <span class='ocrx_word' id='word_1_423' title='bbox 1442 680 1469 717; x_wconf 91' lang='lat' dir='ltr'>se</span> <span class='ocrx_word' id='word_1_424' title='bbox 1481 665 1551 717; x_wconf 77' lang='lat' dir='ltr'><strong>brevi</strong></span> <span class='ocrx_word' id='word_1_425' title='bbox 1564 669 1621 730; x_wconf 88' lang='lat' dir='ltr'><strong>post</strong></span> <span class='ocrx_word' id='word_1_426' title='bbox 1636 666 1748 717; x_wconf 79' lang='lat' dir='ltr'>hostibus</span> <span class='ocrx_word' id='word_1_427' title='bbox 1762 680 1819 730; x_wconf 92' lang='lat' dir='ltr'><strong>pro·</strong></span> 
     </span>
     <span class='ocr_line' id='line_1_59' title="bbox 1042 770 1846 835; baseline -0.001 -13"><span class='ocrx_word' id='word_1_428' title='bbox 1042 774 1114 824; x_wconf 88' lang='lat' dir='ltr'><strong>lectis</strong></span> <span class='ocrx_word' id='word_1_429' title='bbox 1134 772 1256 824; x_wconf 88' lang='lat' dir='ltr'><strong>redituros</strong></span> <span class='ocrx_word' id='word_1_430' title='bbox 1275 771 1411 835; x_wconf 74' lang='lat' dir='ltr'><strong>sperabant.</strong></span> <span class='ocrx_word' id='word_1_431' title='bbox 1445 770 1494 821; x_wconf 85' lang='lat' dir='ltr'>Sed</span> <span class='ocrx_word' id='word_1_432' title='bbox 1508 771 1605 834; x_wconf 79' lang='lat' dir='ltr'><strong>(irasci,</strong></span> <span class='ocrx_word' id='word_1_433' title='bbox 1618 784 1675 822; x_wconf 88' lang='lat' dir='ltr'><strong>cum</strong></span> <span class='ocrx_word' id='word_1_434' title='bbox 1693 770 1780 821; x_wconf 89' lang='lat' dir='ltr'><strong>urbem</strong></span> <span class='ocrx_word' id='word_1_435' title='bbox 1794 776 1818 822; x_wconf 93' lang='lat' dir='ltr'>et</span> <span class='ocrx_word' id='word_1_436' title='bbox 1843 806 1846 810; x_wconf 63' lang='grc'><em>»</em></span> 
     </span>
    </p>
   </div>
   <div class='ocr_carea' id='block_1_7' title="bbox 1036 875 1818 942">
    <p class='ocr_par' dir='ltr' id='par_1_9' title="bbox 1036 875 1818 942">
     <span class='ocr_line' id='line_1_60' title="bbox 1036 875 1818 942; baseline -0.006 -12"><span class='ocrx_word' id='word_1_437' title='bbox 1036 878 1122 932; x_wconf 81' lang='grc' dir='ltr'>νίεἰαε</span> <span class='ocrx_word' id='word_1_438' title='bbox 1141 876 1231 942; x_wconf 86' lang='lat' dir='ltr'><strong>oppido</strong></span> <span class='ocrx_word' id='word_1_439' title='bbox 1247 877 1397 941; x_wconf 85' lang='lat' dir='ltr'><strong>castellaque</strong></span> <span class='ocrx_word' id='word_1_440' title='bbox 1415 876 1525 926; x_wconf 85' lang='lat' dir='ltr'><strong>insuam</strong></span> <span class='ocrx_word' id='word_1_441' title='bbox 1540 878 1687 940; x_wconf 85' lang='lat' dir='ltr'><strong>potestatem</strong></span> <span class='ocrx_word' id='word_1_442' title='bbox 1706 875 1818 928; x_wconf 84' lang='lat' dir='ltr'><strong>redactas</strong></span> 
     </span>
    </p>
   </div>
   <div class='ocr_carea' id='block_1_8' title="bbox 1041 975 1877 3256">
    <p class='ocr_par' dir='ltr' id='par_1_10' title="bbox 1041 975 1877 3256">
     <span class='ocr_line' id='line_1_61' title="bbox 1041 975 1817 1042; baseline 0.003 -16"><span class='ocrx_word' id='word_1_443' title='bbox 1041 978 1189 1028; x_wconf 74' lang='lat' dir='ltr'><strong>delevissent</strong></span> <span class='ocrx_word' id='word_1_444' title='bbox 1208 978 1347 1042; x_wconf 85' lang='lat' dir='ltr'><strong>incolasque</strong></span> <span class='ocrx_word' id='word_1_445' title='bbox 1375 977 1400 1027; x_wconf 89' lang='lat' dir='ltr'>in</span> <span class='ocrx_word' id='word_1_446' title='bbox 1421 977 1566 1028; x_wconf 85' lang='lat' dir='ltr'><strong>servitutem</strong></span> <span class='ocrx_word' id='word_1_447' title='bbox 1588 975 1817 1038; x_wconf 70' lang='lat' dir='ltr'><strong>assendentes</strong></span> 
     </span>
     <span class='ocr_line' id='line_1_62' title="bbox 1041 1079 1817 1145; baseline 0.004 -17"><span class='ocrx_word' id='word_1_448' title='bbox 1041 1081 1072 1128; x_wconf 87' lang='lat' dir='ltr'>ad</span> <span class='ocrx_word' id='word_1_449' title='bbox 1095 1080 1190 1130; x_wconf 87' lang='lat' dir='ltr'><strong>illorum</strong></span> <span class='ocrx_word' id='word_1_450' title='bbox 1215 1094 1314 1144; x_wconf 76' lang='lat' dir='ltr'><strong>utroque</strong></span> <span class='ocrx_word' id='word_1_451' title='bbox 1333 1080 1377 1144; x_wconf 87' lang='lat' dir='ltr'>qni</span> <span class='ocrx_word' id='word_1_452' title='bbox 1396 1081 1421 1130; x_wconf 89' lang='lat' dir='ltr'>iu</span> <span class='ocrx_word' id='word_1_453' title='bbox 1447 1079 1572 1130; x_wconf 88' lang='lat' dir='ltr'><strong>montibus</strong></span> <span class='ocrx_word' id='word_1_454' title='bbox 1595 1082 1666 1132; x_wconf 89' lang='lat' dir='ltr'><strong>erant</strong></span> <span class='ocrx_word' id='word_1_455' title='bbox 1690 1094 1817 1145; x_wconf 77' lang='lat' dir='ltr'><strong>oppugna-</strong></span> 
     </span>
     <span class='ocr_line' id='line_1_63' title="bbox 1042 1180 1818 1244; baseline 0.005 -15"><span class='ocrx_word' id='word_1_456' title='bbox 1042 1182 1133 1230; x_wconf 77' lang='lat' dir='ltr'><strong>tionem</strong></span> <span class='ocrx_word' id='word_1_457' title='bbox 1163 1180 1291 1244; x_wconf 84' lang='lat' dir='ltr'><strong>parabant.</strong></span> <span class='ocrx_word' id='word_1_458' title='bbox 1338 1181 1385 1231; x_wconf 88' lang='lat' dir='ltr'>Sed</span> <span class='ocrx_word' id='word_1_459' title='bbox 1411 1193 1468 1231; x_wconf 87' lang='lat' dir='ltr'><strong>cum</strong></span> <span class='ocrx_word' id='word_1_460' title='bbox 1494 1180 1529 1231; x_wconf 93' lang='lat' dir='ltr'><strong>illl</strong></span> <span class='ocrx_word' id='word_1_461' title='bbox 1554 1181 1647 1244; x_wconf 71' lang='lat' dir='ltr'><strong>legatos</strong></span> <span class='ocrx_word' id='word_1_462' title='bbox 1679 1181 1818 1244; x_wconf 71' lang='lat' dir='ltr'><strong>misissent,</strong></span> 
     </span>
     <span class='ocr_line' id='line_1_64' title="bbox 1041 1281 1819 1347; baseline 0.004 -16"><span class='ocrx_word' id='word_1_463' title='bbox 1041 1286 1116 1344; x_wconf 69' lang='lat' dir='ltr'><strong>aurae</strong></span> <span class='ocrx_word' id='word_1_464' title='bbox 1140 1285 1252 1346; x_wconf 78' lang='lat' dir='ltr'><strong>rogarent</strong></span> <span class='ocrx_word' id='word_1_465' title='bbox 1272 1296 1303 1333; x_wconf 88' lang='lat' dir='ltr'>nc</span> <span class='ocrx_word' id='word_1_466' title='bbox 1334 1295 1362 1333; x_wconf 91' lang='lat' dir='ltr'>se</span> <span class='ocrx_word' id='word_1_467' title='bbox 1393 1283 1424 1332; x_wconf 90' lang='lat' dir='ltr'>ad</span> <span class='ocrx_word' id='word_1_468' title='bbox 1445 1281 1505 1333; x_wconf 88' lang='lat' dir='ltr'><strong>beili</strong></span> <span class='ocrx_word' id='word_1_469' title='bbox 1529 1282 1628 1347; x_wconf 84' lang='lat' dir='ltr'><strong>gerendi</strong></span> <span class='ocrx_word' id='word_1_470' title='bbox 1646 1284 1819 1334; x_wconf 79' lang='lat' dir='ltr'><strong>oeoessitatem</strong></span> 
     </span>
     <span class='ocr_line' id='line_1_65' title="bbox 1042 1382 1818 1448; baseline 0.005 -17"><span class='ocrx_word' id='word_1_471' title='bbox 1042 1382 1179 1447; x_wconf 67' lang='lat' dir='ltr'><strong>affigerent,</strong></span> <span class='ocrx_word' id='word_1_472' title='bbox 1200 1384 1314 1434; x_wconf 87' lang='lat' dir='ltr'><strong>contione</strong></span> <span class='ocrx_word' id='word_1_473' title='bbox 1341 1387 1474 1434; x_wconf 81' lang='lat' dir='ltr'><strong>convocata</strong></span> <span class='ocrx_word' id='word_1_474' title='bbox 1492 1398 1578 1448; x_wconf 88' lang='lat' dir='ltr'><strong>pacem</strong></span> <span class='ocrx_word' id='word_1_475' title='bbox 1603 1382 1671 1435; x_wconf 86' lang='lat' dir='ltr'><strong>bisce</strong></span> <span class='ocrx_word' id='word_1_476' title='bbox 1694 1383 1818 1435; x_wconf 90' lang='lat' dir='ltr'><strong>conditio·</strong></span> 
     </span>
     <span class='ocr_line' id='line_1_66' title="bbox 1043 1481 1819 1548; baseline 0.003 -18"><span class='ocrx_word' id='word_1_477' title='bbox 1043 1481 1114 1532; x_wconf 88' lang='lat' dir='ltr'><strong>nibus</strong></span> <span class='ocrx_word' id='word_1_478' title='bbox 1138 1497 1194 1532; x_wconf 88' lang='lat' dir='ltr'>cnm</span> <span class='ocrx_word' id='word_1_479' title='bbox 1224 1483 1271 1533; x_wconf 90' lang='lat' dir='ltr'><strong>illis</strong></span> <span class='ocrx_word' id='word_1_480' title='bbox 1300 1484 1409 1534; x_wconf 87' lang='lat' dir='ltr'><strong>iecerunt</strong></span> <span class='ocrx_word' id='word_1_481' title='bbox 1436 1503 1442 1534; x_wconf 79' lang='grc' dir='ltr'>ι</span> <span class='ocrx_word' id='word_1_482' title='bbox 1466 1485 1495 1534; x_wconf 91' lang='lat' dir='ltr'><strong>nt</strong></span> <span class='ocrx_word' id='word_1_483' title='bbox 1517 1487 1607 1535; x_wconf 80' lang='lat' dir='ltr'><strong>AEueas</strong></span> <span class='ocrx_word' id='word_1_484' title='bbox 1633 1483 1735 1548; x_wconf 87' lang='lat' dir='ltr'><strong>eiusque</strong></span> <span class='ocrx_word' id='word_1_485' title='bbox 1759 1483 1819 1535; x_wconf 88' lang='lat' dir='ltr'><strong>socii</strong></span> 
     </span>
     <span class='ocr_line' id='line_1_67' title="bbox 1043 1583 1818 1649; baseline -0.001 -16"><span class='ocrx_word' id='word_1_486' title='bbox 1043 1598 1100 1634; x_wconf 88' lang='lat' dir='ltr'>cnm</span> <span class='ocrx_word' id='word_1_487' title='bbox 1121 1584 1194 1635; x_wconf 86' lang='lat' dir='ltr'><strong>rebus</strong></span> <span class='ocrx_word' id='word_1_488' title='bbox 1208 1583 1331 1644; x_wconf 89' lang='lat' dir='ltr'><strong>omnibus,</strong></span> <span class='ocrx_word' id='word_1_489' title='bbox 1344 1598 1407 1649; x_wconf 87' lang='lat' dir='ltr'><strong>quas</strong></span> <span class='ocrx_word' id='word_1_490' title='bbox 1423 1583 1447 1633; x_wconf 91' lang='lat' dir='ltr'>in</span> <span class='ocrx_word' id='word_1_491' title='bbox 1463 1584 1516 1648; x_wconf 89' lang='lat' dir='ltr'><strong>ipsa</strong></span> <span class='ocrx_word' id='word_1_492' title='bbox 1534 1585 1592 1649; x_wconf 74' lang='lat' dir='ltr'><strong>toga</strong></span> <span class='ocrx_word' id='word_1_493' title='bbox 1604 1587 1714 1636; x_wconf 85' lang='lat' dir='ltr'><strong>serratas</strong></span> <span class='ocrx_word' id='word_1_494' title='bbox 1732 1597 1818 1648; x_wconf 89' lang='lat' dir='ltr'><strong>aspor-</strong></span> 
     </span>
     <span class='ocr_line' id='line_1_68' title="bbox 1044 1685 1819 1747; baseline -0.001 -14"><span class='ocrx_word' id='word_1_495' title='bbox 1044 1688 1164 1745; x_wconf 84' lang='lat' dir='ltr'><strong>taverant,</strong></span> <span class='ocrx_word' id='word_1_496' title='bbox 1191 1685 1255 1733; x_wconf 91' lang='lat' dir='ltr'><strong>intra</strong></span> <span class='ocrx_word' id='word_1_497' title='bbox 1276 1688 1370 1733; x_wconf 91' lang='lat' dir='ltr'><strong>certum</strong></span> <span class='ocrx_word' id='word_1_498' title='bbox 1393 1697 1423 1734; x_wconf 90' lang='lat' dir='ltr'>ac</span> <span class='ocrx_word' id='word_1_499' title='bbox 1443 1686 1564 1735; x_wconf 86' lang='lat' dir='ltr'><strong>stalnlnin</strong></span> <span class='ocrx_word' id='word_1_500' title='bbox 1584 1686 1681 1746; x_wconf 90' lang='lat' dir='ltr'><strong>tempus</strong></span> <span class='ocrx_word' id='word_1_501' title='bbox 1703 1696 1734 1733; x_wconf 83' lang='lat' dir='ltr'>ex</span> <span class='ocrx_word' id='word_1_502' title='bbox 1761 1696 1819 1747; x_wconf 82' lang='lat' dir='ltr'><strong>agro</strong></span> 
     </span>
     <span class='ocr_line' id='line_1_69' title="bbox 1042 1784 1816 1848; baseline -0.001 -13"><span class='ocrx_word' id='word_1_503' title='bbox 1042 1785 1146 1835; x_wconf 86' lang='lat' dir='ltr'><strong>Troiano</strong></span> <span class='ocrx_word' id='word_1_504' title='bbox 1167 1785 1278 1846; x_wconf 80' lang='lat' dir='ltr'><strong>abirent,</strong></span> <span class='ocrx_word' id='word_1_505' title='bbox 1302 1785 1444 1848; x_wconf 81' lang='lat' dir='ltr'><strong>Grtccisque</strong></span> <span class='ocrx_word' id='word_1_506' title='bbox 1467 1784 1568 1837; x_wconf 86' lang='lat' dir='ltr'><strong>castella</strong></span> <span class='ocrx_word' id='word_1_507' title='bbox 1589 1784 1719 1845; x_wconf 73' lang='lat' dir='ltr'><strong>‹lederent3</strong></span> <span class='ocrx_word' id='word_1_508' title='bbox 1737 1785 1816 1835; x_wconf 75' lang='lat' dir='ltr'><strong>Graeci</strong></span> 
     </span>
     <span class='ocr_line' id='line_1_70' title="bbox 1043 1887 1816 1953; baseline 0.001 -18"><span class='ocrx_word' id='word_1_509' title='bbox 1043 1901 1102 1937; x_wconf 87' lang='lat' dir='ltr'><strong>vero</strong></span> <span class='ocrx_word' id='word_1_510' title='bbox 1135 1887 1182 1937; x_wconf 89' lang='lat' dir='ltr'><strong>iilis</strong></span> <span class='ocrx_word' id='word_1_511' title='bbox 1203 1900 1235 1935; x_wconf 82' lang='lat' dir='ltr'>er</span> <span class='ocrx_word' id='word_1_512' title='bbox 1264 1888 1332 1938; x_wconf 90' lang='lat' dir='ltr'><strong>omni</strong></span> <span class='ocrx_word' id='word_1_513' title='bbox 1360 1902 1418 1953; x_wconf 74' lang='lat' dir='ltr'><strong>agro</strong></span> <span class='ocrx_word' id='word_1_514' title='bbox 1440 1888 1566 1952; x_wconf 79' lang='lat' dir='ltr'><strong>marique,</strong></span> <span class='ocrx_word' id='word_1_515' title='bbox 1596 1889 1668 1938; x_wconf 90' lang='lat' dir='ltr'><strong>cuins</strong></span> <span class='ocrx_word' id='word_1_516' title='bbox 1688 1887 1816 1952; x_wconf 87' lang='lat' dir='ltr'><strong>imperinm</strong></span> 
     </span>
     <span class='ocr_line' id='line_1_71' title="bbox 1043 1987 1818 2053; baseline -0.001 -13"><span class='ocrx_word' id='word_1_517' title='bbox 1043 1987 1175 2048; x_wconf 80' lang='lat' dir='ltr'><strong>haberent,</strong></span> <span class='ocrx_word' id='word_1_518' title='bbox 1206 1991 1260 2038; x_wconf 90' lang='lat' dir='ltr'><strong>tuto</strong></span> <span class='ocrx_word' id='word_1_519' title='bbox 1298 1988 1441 2039; x_wconf 85' lang='lat' dir='ltr'><strong>discedendi</strong></span> <span class='ocrx_word' id='word_1_520' title='bbox 1471 1988 1566 2053; x_wconf 90' lang='lat' dir='ltr'><strong>copiam</strong></span> <span class='ocrx_word' id='word_1_521' title='bbox 1590 2002 1621 2038; x_wconf 81' lang='lat' dir='ltr'>ax</span> <span class='ocrx_word' id='word_1_522' title='bbox 1648 1990 1721 2053; x_wconf 86' lang='lat' dir='ltr'><strong>pacto</strong></span> <span class='ocrx_word' id='word_1_523' title='bbox 1751 1987 1818 2040; x_wconf 79' lang='lat' dir='ltr'><strong>iace·</strong></span> 
     </span>
     <span class='ocr_line' id='line_1_72' title="bbox 1043 2078 1877 2155; baseline -0.005 -14"><span class='ocrx_word' id='word_1_524' title='bbox 1043 2094 1106 2143; x_wconf 80' lang='lat' dir='ltr'><strong>serit.</strong></span> <span class='ocrx_word' id='word_1_525' title='bbox 1139 2093 1228 2141; x_wconf 81' lang='lat' dir='ltr'><strong>AEneas</strong></span> <span class='ocrx_word' id='word_1_526' title='bbox 1252 2090 1327 2155; x_wconf 78' lang='lat' dir='ltr'><strong>igitur</strong></span> <span class='ocrx_word' id='word_1_527' title='bbox 1352 2089 1391 2139; x_wconf 89' lang='lat' dir='ltr'>bis</span> <span class='ocrx_word' id='word_1_528' title='bbox 1413 2089 1594 2141; x_wconf 77' lang='lat' dir='ltr'><strong>mndilionibus</strong></span> <span class='ocrx_word' id='word_1_529' title='bbox 1619 2089 1736 2154; x_wconf 84' lang='lat' dir='ltr'><strong>acceptis,</strong></span> <span class='ocrx_word' id='word_1_530' title='bbox 1759 2102 1820 2152; x_wconf 84' lang='lat' dir='ltr'><strong>quas</strong></span> <span class='ocrx_word' id='word_1_531' title='bbox 1874 2078 1877 2085; x_wconf 78' lang='grc'><strong>’</strong></span> 
     </span>
     <span class='ocr_line' id='line_1_73' title="bbox 1043 2185 1820 2253; baseline -0.005 -15"><span class='ocrx_word' id='word_1_532' title='bbox 1043 2203 1088 2253; x_wconf 88' lang='lat' dir='ltr'>pro</span> <span class='ocrx_word' id='word_1_533' title='bbox 1105 2190 1220 2253; x_wconf 83' lang='lat' dir='ltr'><strong>praescnti</strong></span> <span class='ocrx_word' id='word_1_534' title='bbox 1237 2202 1318 2239; x_wconf 82' lang='lat' dir='ltr'><strong>reruni</strong></span> <span class='ocrx_word' id='word_1_535' title='bbox 1338 2193 1404 2238; x_wconf 85' lang='lat' dir='ltr'><strong>statu</strong></span> <span class='ocrx_word' id='word_1_536' title='bbox 1419 2185 1525 2252; x_wconf 88' lang='lat' dir='ltr'><strong>optimas</strong></span> <span class='ocrx_word' id='word_1_537' title='bbox 1547 2200 1603 2237; x_wconf 87' lang='lat' dir='ltr'><strong>esse</strong></span> <span class='ocrx_word' id='word_1_538' title='bbox 1616 2186 1751 2246; x_wconf 86' lang='lat' dir='ltr'><strong>indicabat,</strong></span> <span class='ocrx_word' id='word_1_539' title='bbox 1771 2192 1820 2235; x_wconf 85' lang='lat' dir='ltr'><strong>iis-</strong></span> 
     </span>
     <span class='ocr_line' id='line_1_74' title="bbox 1044 2282 1819 2346; baseline -0.009 -10"><span class='ocrx_word' id='word_1_540' title='bbox 1044 2287 1144 2337; x_wconf 88' lang='lat' dir='ltr'><strong>caoium</strong></span> <span class='ocrx_word' id='word_1_541' title='bbox 1159 2286 1266 2338; x_wconf 84' lang='lat' dir='ltr'><strong>filiomm</strong></span> <span class='ocrx_word' id='word_1_542' title='bbox 1277 2290 1337 2338; x_wconf 86' lang='lat' dir='ltr'><strong>natu</strong></span> <span class='ocrx_word' id='word_1_543' title='bbox 1350 2287 1486 2336; x_wconf 81' lang='lat' dir='ltr'><strong>maximum</strong></span> <span class='ocrx_word' id='word_1_544' title='bbox 1500 2297 1556 2334; x_wconf 85' lang='lat' dir='ltr'>cnm</span> <span class='ocrx_word' id='word_1_545' title='bbox 1572 2282 1681 2346; x_wconf 85' lang='lat' dir='ltr'><strong>quadarn</strong></span> <span class='ocrx_word' id='word_1_546' title='bbox 1694 2282 1819 2333; x_wconf 89' lang='lat' dir='ltr'><strong>sociorum</strong></span> 
     </span>
     <span class='ocr_line' id='line_1_75' title="bbox 1043 2379 1820 2447; baseline -0.008 -14"><span class='ocrx_word' id='word_1_547' title='bbox 1043 2388 1119 2447; x_wconf 83' lang='lat' dir='ltr'><strong>parto,</strong></span> <span class='ocrx_word' id='word_1_548' title='bbox 1135 2398 1193 2447; x_wconf 77' lang='lat' dir='ltr'><strong>quan</strong></span> <span class='ocrx_word' id='word_1_549' title='bbox 1205 2398 1235 2434; x_wconf 83' lang='lat' dir='ltr'>ex</span> <span class='ocrx_word' id='word_1_550' title='bbox 1247 2382 1387 2447; x_wconf 72' lang='lat' dir='ltr'><strong>Phrygibus</strong></span> <span class='ocrx_word' id='word_1_551' title='bbox 1408 2383 1458 2434; x_wconf 84' lang='lat' dir='ltr'><strong>tere</strong></span> <span class='ocrx_word' id='word_1_552' title='bbox 1476 2384 1531 2432; x_wconf 84' lang='lat' dir='ltr'><strong>tota</strong></span> <span class='ocrx_word' id='word_1_553' title='bbox 1542 2379 1683 2441; x_wconf 84' lang='lat' dir='ltr'><strong>constabat,</strong></span> <span class='ocrx_word' id='word_1_554' title='bbox 1694 2381 1719 2430; x_wconf 88' lang='lat' dir='ltr'>in</span> <span class='ocrx_word' id='word_1_555' title='bbox 1731 2392 1820 2442; x_wconf 82' lang='lat' dir='ltr'><strong>agrum</strong></span> 
     </span>
     <span class='ocr_line' id='line_1_76' title="bbox 1042 2475 1820 2547; baseline -0.009 -15"><span class='ocrx_word' id='word_1_556' title='bbox 1042 2482 1086 2547; x_wconf 83' lang='lat' dir='ltr'><strong>qul</strong></span> <span class='ocrx_word' id='word_1_557' title='bbox 1102 2482 1268 2546; x_wconf 71' lang='lat' dir='ltr'><strong>Dascpliticns</strong></span> <span class='ocrx_word' id='word_1_558' title='bbox 1285 2487 1390 2530; x_wconf 80' lang='lat' dir='ltr'><strong>vocatur</strong></span> <span class='ocrx_word' id='word_1_559' title='bbox 1408 2479 1464 2544; x_wconf 91' lang='lat' dir='ltr'><strong>(nbi</strong></span> <span class='ocrx_word' id='word_1_560' title='bbox 1489 2483 1528 2530; x_wconf 91' lang='lat' dir='ltr'>est</span> <span class='ocrx_word' id='word_1_561' title='bbox 1548 2479 1616 2529; x_wconf 91' lang='lat' dir='ltr'><strong>lacus</strong></span> <span class='ocrx_word' id='word_1_562' title='bbox 1631 2475 1765 2540; x_wconf 77' lang='lat' dir='ltr'><strong>ascanius)</strong></span> <span class='ocrx_word' id='word_1_563' title='bbox 1788 2475 1820 2525; x_wconf 89' lang='lat' dir='ltr'>ab</span> 
     </span>
     <span class='ocr_line' id='line_1_77' title="bbox 1044 2573 1820 2645; baseline -0.008 -15"><span class='ocrx_word' id='word_1_564' title='bbox 1044 2582 1108 2632; x_wconf 90' lang='lat' dir='ltr'><strong>iliius</strong></span> <span class='ocrx_word' id='word_1_565' title='bbox 1125 2580 1230 2645; x_wconf 79' lang='lat' dir='ltr'><strong>regionis</strong></span> <span class='ocrx_word' id='word_1_566' title='bbox 1242 2578 1329 2628; x_wconf 80' lang='lat' dir='ltr'><strong>meotis</strong></span> <span class='ocrx_word' id='word_1_567' title='bbox 1340 2576 1373 2628; x_wconf 84' lang='lat' dir='ltr'>nd</span> <span class='ocrx_word' id='word_1_568' title='bbox 1381 2577 1449 2642; x_wconf 80' lang='lat' dir='ltr'><strong>regni</strong></span> <span class='ocrx_word' id='word_1_569' title='bbox 1462 2574 1701 2627; x_wconf 71' lang='lat' dir='ltr'><strong>administrationem</strong></span> <span class='ocrx_word' id='word_1_570' title='bbox 1714 2573 1820 2624; x_wconf 81' lang='lat' dir='ltr'><strong>accitura</strong></span> 
     </span>
     <span class='ocr_line' id='line_1_78' title="bbox 1044 2671 1820 2742; baseline -0.01 -14"><span class='ocrx_word' id='word_1_571' title='bbox 1044 2682 1117 2730; x_wconf 81' lang='lat' dir='ltr'><strong>misit.</strong></span> <span class='ocrx_word' id='word_1_572' title='bbox 1151 2683 1231 2742; x_wconf 78' lang='lat' dir='ltr'><strong>atquc</strong></span> <span class='ocrx_word' id='word_1_573' title='bbox 1247 2676 1363 2727; x_wconf 75' lang='lat' dir='ltr'><strong>ascanius</strong></span> <span class='ocrx_word' id='word_1_574' title='bbox 1386 2674 1418 2726; x_wconf 86' lang='lat' dir='ltr'>lbi</span> <span class='ocrx_word' id='word_1_575' title='bbox 1435 2689 1484 2725; x_wconf 91' lang='lat' dir='ltr'><strong>non</strong></span> <span class='ocrx_word' id='word_1_576' title='bbox 1507 2674 1549 2724; x_wconf 86' lang='lat' dir='ltr'>din</span> <span class='ocrx_word' id='word_1_577' title='bbox 1564 2673 1672 2731; x_wconf 82' lang='lat' dir='ltr'><strong>mansit,</strong></span> <span class='ocrx_word' id='word_1_578' title='bbox 1696 2671 1739 2722; x_wconf 88' lang='lat' dir='ltr'>sed</span> <span class='ocrx_word' id='word_1_579' title='bbox 1762 2684 1820 2720; x_wconf 90' lang='lat' dir='ltr'><strong>cum</strong></span> 
     </span>
     <span class='ocr_line' id='line_1_79' title="bbox 1044 2767 1820 2831; baseline -0.012 -7"><span class='ocrx_word' id='word_1_580' title='bbox 1044 2775 1217 2826; x_wconf 84' lang='lat' dir='ltr'><strong>scamandrius</strong></span> <span class='ocrx_word' id='word_1_581' title='bbox 1242 2776 1268 2824; x_wconf 90' lang='lat' dir='ltr'>et</span> <span class='ocrx_word' id='word_1_582' title='bbox 1296 2772 1369 2823; x_wconf 85' lang='lat' dir='ltr'><strong>ceteri</strong></span> <span class='ocrx_word' id='word_1_583' title='bbox 1395 2770 1534 2821; x_wconf 79' lang='lat' dir='ltr'><strong>Hectoridrs</strong></span> <span class='ocrx_word' id='word_1_584' title='bbox 1564 2782 1579 2819; x_wconf 88' lang='lat' dir='ltr'>a</span> <span class='ocrx_word' id='word_1_585' title='bbox 1608 2767 1763 2831; x_wconf 78' lang='lat' dir='ltr'><strong>Neoptolemo</strong></span> <span class='ocrx_word' id='word_1_586' title='bbox 1789 2776 1820 2815; x_wconf 86' lang='lat' dir='ltr'>ex</span> 
     </span>
     <span class='ocr_line' id='line_1_80' title="bbox 1044 2863 1819 2933; baseline -0.019 -9"><span class='ocrx_word' id='word_1_587' title='bbox 1044 2874 1139 2926; x_wconf 75' lang='lat' dir='ltr'><strong>Graecia</strong></span> <span class='ocrx_word' id='word_1_588' title='bbox 1160 2870 1256 2920; x_wconf 85' lang='lat' dir='ltr'><strong>dimissi</strong></span> <span class='ocrx_word' id='word_1_589' title='bbox 1274 2868 1306 2919; x_wconf 90' lang='lat' dir='ltr'>ad</span> <span class='ocrx_word' id='word_1_590' title='bbox 1328 2869 1408 2933; x_wconf 91' lang='lat' dir='ltr'><strong>ipsum</strong></span> <span class='ocrx_word' id='word_1_591' title='bbox 1426 2866 1564 2925; x_wconf 85' lang='lat' dir='ltr'><strong>venissent,</strong></span> <span class='ocrx_word' id='word_1_592' title='bbox 1589 2877 1632 2913; x_wconf 87' lang='lat' dir='ltr'>cos</span> <span class='ocrx_word' id='word_1_593' title='bbox 1647 2863 1672 2913; x_wconf 91' lang='lat' dir='ltr'>in</span> <span class='ocrx_word' id='word_1_594' title='bbox 1690 2864 1819 2927; x_wconf 86' lang='lat' dir='ltr'><strong>palernum</strong></span> 
     </span>
     <span class='ocr_line' id='line_1_81' title="bbox 1044 2957 1819 3036; baseline -0.019 -15"><span class='ocrx_word' id='word_1_595' title='bbox 1044 2964 1465 3036; x_wconf 76' lang='lat' dir='ltr'><strong>regnnmdeduconsiroiamredlit.</strong></span> <span class='ocrx_word' id='word_1_596' title='bbox 1477 2967 1556 3027; x_wconf 77' lang='lat' dir='ltr'><strong>Atque</strong></span> <span class='ocrx_word' id='word_1_597' title='bbox 1565 2960 1620 3012; x_wconf 69' lang='lat' dir='ltr'><strong>haec</strong></span> <span class='ocrx_word' id='word_1_598' title='bbox 1628 2957 1764 3025; x_wconf 71' lang='lat' dir='ltr'><strong>pidemde</strong></span> <span class='ocrx_word' id='word_1_599' title='bbox 1773 2963 1819 3007; x_wconf 89' lang='lat' dir='ltr'><strong>its·</strong></span> 
     </span>
     <span class='ocr_line' id='line_1_82' title="bbox 1043 3058 1819 3125; baseline -0.018 -5"><span class='ocrx_word' id='word_1_600' title='bbox 1043 3070 1113 3120; x_wconf 87' lang='lat' dir='ltr'><strong>eanlo</strong></span> <span class='ocrx_word' id='word_1_601' title='bbox 1125 3067 1262 3119; x_wconf 89' lang='lat' dir='ltr'><strong>traduntur.</strong></span> <span class='ocrx_word' id='word_1_602' title='bbox 1273 3069 1363 3116; x_wconf 77' lang='lat' dir='ltr'><strong>AEneas</strong></span> <span class='ocrx_word' id='word_1_603' title='bbox 1375 3078 1434 3116; x_wconf 81' lang='lat' dir='ltr'><strong>vero</strong></span> <span class='ocrx_word' id='word_1_604' title='bbox 1448 3077 1505 3113; x_wconf 87' lang='lat' dir='ltr'><strong>curu</strong></span> <span class='ocrx_word' id='word_1_605' title='bbox 1515 3061 1614 3125; x_wconf 81' lang='lat' dir='ltr'><strong>reliquis</strong></span> <span class='ocrx_word' id='word_1_606' title='bbox 1626 3058 1710 3109; x_wconf 87' lang='lat' dir='ltr'><strong>liberis</strong></span> <span class='ocrx_word' id='word_1_607' title='bbox 1718 3060 1743 3108; x_wconf 87' lang='lat' dir='ltr'>el</span> <span class='ocrx_word' id='word_1_608' title='bbox 1749 3060 1819 3121; x_wconf 88' lang='lat' dir='ltr'><strong>patre</strong></span> 
     </span>
     <span class='ocr_line' id='line_1_83' title="bbox 1043 3157 1818 3256; baseline -0.019 -36"><span class='ocrx_word' id='word_1_609' title='bbox 1043 3174 1068 3221; x_wconf 85' lang='lat' dir='ltr'>ot</span> <span class='ocrx_word' id='word_1_610' title='bbox 1083 3170 1185 3220; x_wconf 82' lang='lat' dir='ltr'><strong>deornm</strong></span> <span class='ocrx_word' id='word_1_611' title='bbox 1197 3167 1344 3256; x_wconf 72' lang='lat' dir='ltr'><strong>domineris,</strong></span> <span class='ocrx_word' id='word_1_612' title='bbox 1360 3165 1438 3216; x_wconf 87' lang='lat' dir='ltr'><strong>classe</strong></span> <span class='ocrx_word' id='word_1_613' title='bbox 1459 3165 1509 3213; x_wconf 90' lang='lat' dir='ltr'>iam</span> <span class='ocrx_word' id='word_1_614' title='bbox 1526 3163 1619 3226; x_wconf 91' lang='lat' dir='ltr'><strong>parata,</strong></span> <span class='ocrx_word' id='word_1_615' title='bbox 1634 3157 1818 3222; x_wconf 75' lang='lat' dir='ltr'><strong>Hellespontum</strong></span> 
     </span>
    </p>
   </div>
   <div class='ocr_carea' id='block_1_9' title="bbox 1043 3256 1820 3423">
    <p class='ocr_par' dir='ltr' id='par_1_11' title="bbox 1043 3256 1820 3423">
     <span class='ocr_line' id='line_1_84' title="bbox 1043 3256 1820 3333; baseline -0.018 -13"><span class='ocrx_word' id='word_1_616' title='bbox 1043 3271 1138 3320; x_wconf 83' lang='lat' dir='ltr'><strong>traiecit</strong></span> <span class='ocrx_word' id='word_1_617' title='bbox 1149 3269 1174 3318; x_wconf 90' lang='lat' dir='ltr'>in</span> <span class='ocrx_word' id='word_1_618' title='bbox 1185 3268 1321 3333; x_wconf 83' lang='lat' dir='ltr'><strong>proximam</strong></span> <span class='ocrx_word' id='word_1_619' title='bbox 1331 3263 1489 3329; x_wconf 69' lang='lat' dir='ltr'><strong>peninsulam</strong></span> <span class='ocrx_word' id='word_1_620' title='bbox 1501 3260 1630 3325; x_wconf 76' lang='lat' dir='ltr'><strong>navigans,</strong></span> <span class='ocrx_word' id='word_1_621' title='bbox 1640 3270 1698 3321; x_wconf 77' lang='lat' dir='ltr'>quo</span> <span class='ocrx_word' id='word_1_622' title='bbox 1714 3256 1740 3306; x_wconf 91' lang='lat' dir='ltr'>in</span> <span class='ocrx_word' id='word_1_623' title='bbox 1751 3269 1820 3306; x_wconf 88' lang='lat' dir='ltr'><strong>mare</strong></span> 
     </span>
     <span class='ocr_line' id='line_1_85' title="bbox 1044 3346 1818 3423; baseline -0.017 -14"><span class='ocrx_word' id='word_1_624' title='bbox 1044 3371 1190 3423; x_wconf 88' lang='lat' dir='ltr'><strong>procurrens</strong></span> <span class='ocrx_word' id='word_1_625' title='bbox 1207 3361 1263 3406; x_wconf 89' lang='lat' dir='ltr'><strong>ante</strong></span> <span class='ocrx_word' id='word_1_626' title='bbox 1292 3359 1413 3418; x_wconf 77' lang='lat' dir='ltr'><strong>Europam</strong></span> <span class='ocrx_word' id='word_1_627' title='bbox 1441 3352 1516 3411; x_wconf 85' lang='lat' dir='ltr'><strong>iacet,</strong></span> <span class='ocrx_word' id='word_1_628' title='bbox 1546 3353 1571 3400; x_wconf 90' lang='lat' dir='ltr'>et</span> <span class='ocrx_word' id='word_1_629' title='bbox 1588 3346 1684 3398; x_wconf 86' lang='lat' dir='ltr'><strong>Pallene</strong></span> <span class='ocrx_word' id='word_1_630' title='bbox 1704 3347 1818 3396; x_wconf 82' lang='lat' dir='ltr'><strong>rocalur.</strong></span> 
     </span>
    </p>
   </div>
   <div class='ocr_carea' id='block_1_10' title="bbox 1042 3443 1821 4667">
    <p class='ocr_par' dir='ltr' id='par_1_12' title="bbox 1042 3443 1821 3717">
     <span class='ocr_line' id='line_1_86' title="bbox 1044 3443 1821 3515; baseline -0.022 -8"><span class='ocrx_word' id='word_1_631' title='bbox 1044 3459 1113 3506; x_wconf 88' lang='lat' dir='ltr'><strong>lianc</strong></span> <span class='ocrx_word' id='word_1_632' title='bbox 1128 3458 1213 3506; x_wconf 88' lang='lat' dir='ltr'><strong>nutem</strong></span> <span class='ocrx_word' id='word_1_633' title='bbox 1231 3452 1334 3503; x_wconf 87' lang='lat' dir='ltr'><strong>Thracia</strong></span> <span class='ocrx_word' id='word_1_634' title='bbox 1344 3463 1403 3515; x_wconf 76' lang='lat' dir='ltr'><strong>gens</strong></span> <span class='ocrx_word' id='word_1_635' title='bbox 1417 3450 1484 3499; x_wconf 87' lang='lat' dir='ltr'><strong>socia</strong></span> <span class='ocrx_word' id='word_1_636' title='bbox 1503 3443 1639 3504; x_wconf 85' lang='lat' dir='ltr'><strong>incolebat,</strong></span> <span class='ocrx_word' id='word_1_637' title='bbox 1649 3454 1706 3507; x_wconf 72' lang='lat' dir='ltr'><strong>quo</strong></span> <span class='ocrx_word' id='word_1_638' title='bbox 1717 3443 1821 3492; x_wconf 77' lang='lat' dir='ltr'><strong>crnsaea</strong></span> 
     </span>
     <span class='ocr_line' id='line_1_87' title="bbox 1042 3540 1819 3619; baseline -0.023 -12"><span class='ocrx_word' id='word_1_639' title='bbox 1042 3557 1188 3615; x_wconf 83' lang='lat' dir='ltr'><strong>vorabatur,</strong></span> <span class='ocrx_word' id='word_1_640' title='bbox 1200 3557 1274 3619; x_wconf 84' lang='lat' dir='ltr'><strong>atque</strong></span> <span class='ocrx_word' id='word_1_641' title='bbox 1292 3551 1401 3603; x_wconf 88' lang='lat' dir='ltr'><strong>omnium</strong></span> <span class='ocrx_word' id='word_1_642' title='bbox 1413 3549 1536 3600; x_wconf 91' lang='lat' dir='ltr'><strong>sociorum</strong></span> <span class='ocrx_word' id='word_1_643' title='bbox 1551 3545 1576 3595; x_wconf 89' lang='lat' dir='ltr'>iu</span> <span class='ocrx_word' id='word_1_644' title='bbox 1587 3540 1651 3595; x_wconf 85' lang='lat' dir='ltr'><strong>bello</strong></span> <span class='ocrx_word' id='word_1_645' title='bbox 1660 3541 1765 3606; x_wconf 81' lang='lat' dir='ltr'><strong>gerendo</strong></span> <span class='ocrx_word' id='word_1_646' title='bbox 1772 3553 1819 3605; x_wconf 83' lang='lat' dir='ltr'>pa-</span> 
     </span>
     <span class='ocr_line' id='line_1_88' title="bbox 1043 3649 1502 3717; baseline -0.024 -11"><span class='ocrx_word' id='word_1_647' title='bbox 1043 3656 1190 3706; x_wconf 82' lang='lat' dir='ltr'><strong>ratissimam</strong></span> <span class='ocrx_word' id='word_1_648' title='bbox 1207 3666 1306 3717; x_wconf 85' lang='lat' dir='ltr'><strong>operam</strong></span> <span class='ocrx_word' id='word_1_649' title='bbox 1327 3649 1375 3700; x_wconf 89' lang='lat' dir='ltr'><strong>iliis</strong></span> <span class='ocrx_word' id='word_1_650' title='bbox 1392 3649 1502 3698; x_wconf 83' lang='lat' dir='ltr'><strong>navarat.</strong></span> 
     </span>
    </p>

    <p class='ocr_par' dir='ltr' id='par_1_13' title="bbox 1042 3737 1820 4667">
     <span class='ocr_line' id='line_1_89' title="bbox 1075 3737 1818 3815; baseline -0.023 -12"><span class='ocrx_word' id='word_1_651' title='bbox 1075 3755 1185 3803; x_wconf 77' lang='lat' dir='ltr'><strong>xbl&#39;iil.</strong></span> <span class='ocrx_word' id='word_1_652' title='bbox 1204 3750 1291 3815; x_wconf 86' lang='lat' dir='ltr'><strong>Opinio</strong></span> <span class='ocrx_word' id='word_1_653' title='bbox 1311 3747 1384 3810; x_wconf 75' lang='lat' dir='ltr'><strong>igitur</strong></span> <span class='ocrx_word' id='word_1_654' title='bbox 1398 3744 1429 3795; x_wconf 91' lang='lat' dir='ltr'>de</span> <span class='ocrx_word' id='word_1_655' title='bbox 1442 3747 1524 3795; x_wconf 80' lang='lat' dir='ltr'><strong>AEneae</strong></span> <span class='ocrx_word' id='word_1_656' title='bbox 1545 3743 1601 3804; x_wconf 77' lang='lat' dir='ltr'><strong>tuga</strong></span> <span class='ocrx_word' id='word_1_657' title='bbox 1614 3737 1818 3800; x_wconf 78' lang='lat' dir='ltr'><strong>verisimillima,</strong></span> 
     </span>
     <span class='ocr_line' id='line_1_90' title="bbox 1043 3839 1819 3914; baseline -0.012 -16"><span class='ocrx_word' id='word_1_658' title='bbox 1043 3865 1115 3914; x_wconf 77' lang='grc' dir='ltr'>ηυιιω</span> <span class='ocrx_word' id='word_1_659' title='bbox 1146 3852 1209 3900; x_wconf 89' lang='lat' dir='ltr'><strong>inter</strong></span> <span class='ocrx_word' id='word_1_660' title='bbox 1233 3847 1348 3909; x_wconf 88' lang='lat' dir='ltr'><strong>antiquos</strong></span> <span class='ocrx_word' id='word_1_661' title='bbox 1373 3844 1503 3908; x_wconf 84' lang='lat' dir='ltr'><strong>scriptores</strong></span> <span class='ocrx_word' id='word_1_662' title='bbox 1526 3840 1665 3892; x_wconf 81' lang='lat' dir='ltr'><strong>Hellanicus</strong></span> <span class='ocrx_word' id='word_1_663' title='bbox 1692 3839 1717 3891; x_wconf 88' lang='lat' dir='ltr'>ia</span> <span class='ocrx_word' id='word_1_664' title='bbox 1744 3840 1819 3911; x_wconf 85' lang='lat' dir='ltr'>rebus¹</span> 
     </span>
     <span class='ocr_line' id='line_1_91' title="bbox 1042 3936 1819 3999; baseline -0.017 -1"><span class='ocrx_word' id='word_1_665' title='bbox 1042 3948 1151 3998; x_wconf 71' lang='lat' dir='ltr'><strong>‘troianis</strong></span> <span class='ocrx_word' id='word_1_666' title='bbox 1166 3944 1333 3996; x_wconf 78' lang='lat' dir='ltr'><strong>describendis</strong></span> <span class='ocrx_word' id='word_1_667' title='bbox 1347 3947 1386 3992; x_wconf 89' lang='lat' dir='ltr'>cst</span> <span class='ocrx_word' id='word_1_668' title='bbox 1400 3945 1514 3999; x_wconf 87' lang='lat' dir='ltr'><strong>secutus,</strong></span> <span class='ocrx_word' id='word_1_669' title='bbox 1529 3940 1584 3990; x_wconf 74' lang='lat' dir='ltr'><strong>huic</strong></span> <span class='ocrx_word' id='word_1_670' title='bbox 1597 3943 1645 3988; x_wconf 90' lang='lat' dir='ltr'><strong>est.</strong></span> <span class='ocrx_word' id='word_1_671' title='bbox 1678 3936 1819 3990; x_wconf 79' lang='lat' dir='ltr'><strong>Traduntur</strong></span> 
     </span>
     <span class='ocr_line' id='line_1_92' title="bbox 1042 4035 1820 4098; baseline -0.013 -1"><span class='ocrx_word' id='word_1_672' title='bbox 1042 4053 1125 4098; x_wconf 82' lang='lat' dir='ltr'><strong>autern</strong></span> <span class='ocrx_word' id='word_1_673' title='bbox 1146 4045 1177 4095; x_wconf 91' lang='lat' dir='ltr'>ab</span> <span class='ocrx_word' id='word_1_674' title='bbox 1194 4043 1248 4093; x_wconf 85' lang='lat' dir='ltr'><strong>aliis</strong></span> <span class='ocrx_word' id='word_1_675' title='bbox 1261 4043 1292 4092; x_wconf 85' lang='lat' dir='ltr'>‹le</span> <span class='ocrx_word' id='word_1_676' title='bbox 1307 4041 1380 4092; x_wconf 91' lang='lat' dir='ltr'><strong>rebus</strong></span> <span class='ocrx_word' id='word_1_677' title='bbox 1396 4041 1484 4091; x_wconf 84' lang='lat' dir='ltr'><strong>iisdem</strong></span> <span class='ocrx_word' id='word_1_678' title='bbox 1502 4053 1550 4090; x_wconf 88' lang='lat' dir='ltr'><strong>non</strong></span> <span class='ocrx_word' id='word_1_679' title='bbox 1567 4036 1655 4088; x_wconf 88' lang='lat' dir='ltr'><strong>eodem</strong></span> <span class='ocrx_word' id='word_1_680' title='bbox 1666 4035 1742 4088; x_wconf 77' lang='lat' dir='ltr'><strong>modo</strong></span> <span class='ocrx_word' id='word_1_681' title='bbox 1753 4049 1820 4087; x_wconf 78' lang='lat' dir='ltr'><strong>coin·</strong></span> 
     </span>
     <span class='ocr_line' id='line_1_93' title="bbox 1042 4135 1820 4207; baseline -0.018 -15"><span class='ocrx_word' id='word_1_682' title='bbox 1042 4143 1128 4207; x_wconf 84' lang='lat' dir='ltr'><strong>positas</strong></span> <span class='ocrx_word' id='word_1_683' title='bbox 1142 4140 1303 4199; x_wconf 83' lang='lat' dir='ltr'><strong>narrationes,</strong></span> <span class='ocrx_word' id='word_1_684' title='bbox 1318 4153 1380 4202; x_wconf 85' lang='lat' dir='ltr'><strong>quas</strong></span> <span class='ocrx_word' id='word_1_685' title='bbox 1394 4139 1475 4188; x_wconf 82' lang='lat' dir='ltr'><strong>mbins</strong></span> <span class='ocrx_word' id='word_1_686' title='bbox 1496 4135 1635 4201; x_wconf 81' lang='lat' dir='ltr'><strong>probabiles</strong></span> <span class='ocrx_word' id='word_1_687' title='bbox 1647 4135 1716 4200; x_wconf 88' lang='lat' dir='ltr'><strong>pulo.</strong></span> <span class='ocrx_word' id='word_1_688' title='bbox 1736 4137 1820 4184; x_wconf 86' lang='lat' dir='ltr'><strong>Unus.</strong></span> 
     </span>
     <span class='ocr_line' id='line_1_94' title="bbox 1042 4232 1820 4306; baseline -0.01 -16"><span class='ocrx_word' id='word_1_689' title='bbox 1042 4244 1146 4306; x_wconf 64' lang='lat' dir='ltr'><strong>sinisque</strong></span> <span class='ocrx_word' id='word_1_690' title='bbox 1166 4243 1250 4289; x_wconf 77' lang='lat' dir='ltr'><strong>taurios</strong></span> <span class='ocrx_word' id='word_1_691' title='bbox 1277 4250 1375 4296; x_wconf 81' lang='lat' dir='ltr'><strong>eorum,</strong></span> <span class='ocrx_word' id='word_1_692' title='bbox 1401 4235 1445 4299; x_wconf 88' lang='lat' dir='ltr'>qui</span> <span class='ocrx_word' id='word_1_693' title='bbox 1471 4235 1524 4284; x_wconf 84' lang='lat' dir='ltr'><strong>broc</strong></span> <span class='ocrx_word' id='word_1_694' title='bbox 1548 4232 1667 4294; x_wconf 77' lang='lat' dir='ltr'><strong>andiunt,</strong></span> <span class='ocrx_word' id='word_1_695' title='bbox 1689 4245 1720 4283; x_wconf 83' lang='lat' dir='ltr'>ex</span> <span class='ocrx_word' id='word_1_696' title='bbox 1743 4232 1820 4282; x_wconf 85' lang='lat' dir='ltr'><strong>animi</strong></span> 
     </span>
     <span class='ocr_line' id='line_1_95' title="bbox 1042 4324 1819 4393; baseline -0.014 -10"><span class='ocrx_word' id='word_1_697' title='bbox 1042 4332 1162 4385; x_wconf 85' lang='lat' dir='ltr'><strong>sententia</strong></span> <span class='ocrx_word' id='word_1_698' title='bbox 1178 4330 1278 4380; x_wconf 85' lang='lat' dir='ltr'><strong>indicet.</strong></span> <span class='ocrx_word' id='word_1_699' title='bbox 1311 4327 1444 4393; x_wconf 87' lang='lat' dir='ltr'><strong>Sophocles</strong></span> <span class='ocrx_word' id='word_1_700' title='bbox 1462 4326 1549 4390; x_wconf 80' lang='lat' dir='ltr'><strong>igitur,</strong></span> <span class='ocrx_word' id='word_1_701' title='bbox 1566 4328 1639 4389; x_wconf 84' lang='lat' dir='ltr'><strong>poeta</strong></span> <span class='ocrx_word' id='word_1_702' title='bbox 1656 4324 1778 4386; x_wconf 75' lang='lat' dir='ltr'><strong>tragicus,</strong></span> <span class='ocrx_word' id='word_1_703' title='bbox 1793 4325 1819 4373; x_wconf 92' lang='lat' dir='ltr'>in</span> 
     </span>
     <span class='ocr_line' id='line_1_96' title="bbox 1044 4411 1819 4480; baseline -0.012 -8"><span class='ocrx_word' id='word_1_704' title='bbox 1044 4421 1125 4472; x_wconf 77' lang='lat' dir='ltr'><strong>ialrnla</strong></span> <span class='ocrx_word' id='word_1_705' title='bbox 1151 4421 1301 4480; x_wconf 78' lang='lat' dir='ltr'><strong>Laocoonte,</strong></span> <span class='ocrx_word' id='word_1_706' title='bbox 1325 4430 1384 4467; x_wconf 91' lang='lat' dir='ltr'>cnm</span> <span class='ocrx_word' id='word_1_707' title='bbox 1404 4417 1429 4466; x_wconf 90' lang='lat' dir='ltr'>in</span> <span class='ocrx_word' id='word_1_708' title='bbox 1454 4429 1483 4465; x_wconf 88' lang='lat' dir='ltr'>eo</span> <span class='ocrx_word' id='word_1_709' title='bbox 1497 4417 1579 4475; x_wconf 86' lang='lat' dir='ltr'><strong>essct,</strong></span> <span class='ocrx_word' id='word_1_710' title='bbox 1598 4418 1628 4464; x_wconf 90' lang='lat' dir='ltr'><strong>nt</strong></span> <span class='ocrx_word' id='word_1_711' title='bbox 1653 4411 1712 4463; x_wconf 91' lang='lat' dir='ltr'><strong>nrbs</strong></span> <span class='ocrx_word' id='word_1_712' title='bbox 1741 4424 1819 4476; x_wconf 85' lang='lat' dir='ltr'><strong>caps-</strong></span> 
     </span>
     <span class='ocr_line' id='line_1_97' title="bbox 1042 4504 1819 4571; baseline -0.014 -6"><span class='ocrx_word' id='word_1_713' title='bbox 1042 4520 1124 4571; x_wconf 84' lang='lat' dir='ltr'><strong>relnr,</strong></span> <span class='ocrx_word' id='word_1_714' title='bbox 1137 4510 1234 4562; x_wconf 89' lang='lat' dir='ltr'><strong>inducit</strong></span> <span class='ocrx_word' id='word_1_715' title='bbox 1252 4512 1353 4559; x_wconf 77' lang='lat' dir='ltr'><strong>AEneam</strong></span> <span class='ocrx_word' id='word_1_716' title='bbox 1366 4521 1423 4558; x_wconf 88' lang='lat' dir='ltr'>cnm</span> <span class='ocrx_word' id='word_1_717' title='bbox 1446 4506 1520 4558; x_wconf 80' lang='lat' dir='ltr'><strong>rebus</strong></span> <span class='ocrx_word' id='word_1_718' title='bbox 1536 4505 1588 4556; x_wconf 87' lang='lat' dir='ltr'><strong>suis</strong></span> <span class='ocrx_word' id='word_1_719' title='bbox 1606 4504 1777 4555; x_wconf 85' lang='lat' dir='ltr'><strong>abscedentem</strong></span> <span class='ocrx_word' id='word_1_720' title='bbox 1792 4504 1819 4554; x_wconf 88' lang='lat' dir='ltr'><strong>tn</strong></span> 
     </span>
     <span class='ocr_line' id='line_1_98' title="bbox 1044 4593 1820 4667; baseline -0.017 -9"><span class='ocrx_word' id='word_1_721' title='bbox 1044 4608 1121 4662; x_wconf 80' lang='lat' dir='ltr'><strong>idam.</strong></span> <span class='ocrx_word' id='word_1_722' title='bbox 1134 4606 1204 4655; x_wconf 87' lang='lat' dir='ltr'><strong>iussn</strong></span> <span class='ocrx_word' id='word_1_723' title='bbox 1223 4604 1302 4667; x_wconf 86' lang='lat' dir='ltr'><strong>patris</strong></span> <span class='ocrx_word' id='word_1_724' title='bbox 1318 4602 1431 4652; x_wconf 72' lang='lat' dir='ltr'><strong>Anchisae</strong></span> <span class='ocrx_word' id='word_1_725' title='bbox 1452 4619 1458 4649; x_wconf 78' lang='grc' dir='ltr'>ι</span> <span class='ocrx_word' id='word_1_726' title='bbox 1475 4599 1517 4663; x_wconf 88' lang='lat' dir='ltr'>qni</span> <span class='ocrx_word' id='word_1_727' title='bbox 1538 4611 1632 4649; x_wconf 72' lang='lat' dir='ltr'><strong>monor</strong></span> <span class='ocrx_word' id='word_1_728' title='bbox 1644 4593 1820 4649; x_wconf 67' lang='lat' dir='ltr'><strong>sandalorum</strong></span> 
     </span>
    </p>
   </div>
   <div class='ocr_carea' id='block_1_11' title="bbox 1042 4686 1820 4855">
    <p class='ocr_par' dir='ltr' id='par_1_14' title="bbox 1042 4686 1820 4855">
     <span class='ocr_line' id='line_1_99' title="bbox 1042 4686 1813 4756; baseline -0.017 -8"><span class='ocrx_word' id='word_1_729' title='bbox 1042 4716 1056 4748; x_wconf 87' lang='lat' dir='ltr'>a</span> <span class='ocrx_word' id='word_1_730' title='bbox 1075 4704 1171 4749; x_wconf 82' lang='lat' dir='ltr'><strong>Venere</strong></span> <span class='ocrx_word' id='word_1_731' title='bbox 1184 4699 1350 4756; x_wconf 85' lang='lat' dir='ltr'><strong>acceptorum,</strong></span> <span class='ocrx_word' id='word_1_732' title='bbox 1363 4697 1386 4744; x_wconf 93' lang='lat' dir='ltr'>et</span> <span class='ocrx_word' id='word_1_733' title='bbox 1399 4691 1522 4742; x_wconf 84' lang='lat' dir='ltr'><strong>adductus</strong></span> <span class='ocrx_word' id='word_1_734' title='bbox 1538 4689 1612 4754; x_wconf 79' lang='lat' dir='ltr'><strong>signis</strong></span> <span class='ocrx_word' id='word_1_735' title='bbox 1634 4686 1813 4754; x_wconf 57' lang='lat' dir='ltr'><strong>prodiciomm,</strong></span> 
     </span>
     <span class='ocr_line' id='line_1_100' title="bbox 1042 4777 1820 4855; baseline -0.014 -17"><span class='ocrx_word' id='word_1_736' title='bbox 1042 4804 1099 4855; x_wconf 81' lang='grc' dir='ltr'>ηοω</span> <span class='ocrx_word' id='word_1_737' title='bbox 1123 4786 1294 4839; x_wconf 83' lang='lat' dir='ltr'><strong>taocooniidio</strong></span> <span class='ocrx_word' id='word_1_738' title='bbox 1323 4799 1408 4836; x_wconf 82' lang='lat' dir='ltr'><strong>recens</strong></span> <span class='ocrx_word' id='word_1_739' title='bbox 1431 4783 1582 4842; x_wconf 87' lang='lat' dir='ltr'><strong>acciderant,</strong></span> <span class='ocrx_word' id='word_1_740' title='bbox 1609 4780 1740 4832; x_wconf 77' lang='lat' dir='ltr'><strong>bominem</strong></span> <span class='ocrx_word' id='word_1_741' title='bbox 1763 4777 1820 4829; x_wconf 91' lang='lat' dir='ltr'><strong>nrbl</strong></span> 
     </span>
    </p>
   </div>
   <div class='ocr_carea' id='block_1_12' title="bbox 1042 4868 1820 5126">
    <p class='ocr_par' dir='ltr' id='par_1_15' title="bbox 1042 4868 1820 5126">
     <span class='ocr_line' id='line_1_101' title="bbox 1042 4868 1820 4937; baseline -0.015 -4"><span class='ocrx_word' id='word_1_742' title='bbox 1042 4882 1165 4933; x_wconf 80' lang='lat' dir='ltr'><strong>excidium</strong></span> <span class='ocrx_word' id='word_1_743' title='bbox 1179 4880 1324 4930; x_wconf 80' lang='lat' dir='ltr'><strong>coniecerat.</strong></span> <span class='ocrx_word' id='word_1_744' title='bbox 1357 4877 1417 4927; x_wconf 86' lang='lat' dir='ltr'><strong>Eius</strong></span> <span class='ocrx_word' id='word_1_745' title='bbox 1436 4883 1518 4926; x_wconf 85' lang='lat' dir='ltr'><strong>autem</strong></span> <span class='ocrx_word' id='word_1_746' title='bbox 1540 4875 1688 4937; x_wconf 85' lang='lat' dir='ltr'><strong>lamb1‚qur</strong></span> <span class='ocrx_word' id='word_1_747' title='bbox 1710 4868 1820 4923; x_wconf 86' lang='lat' dir='ltr'><strong>anuntii</strong></span> 
     </span>
     <span class='ocr_line' id='line_1_102' title="bbox 1043 4969 1573 5039; baseline -0.004 -19"><span class='ocrx_word' id='word_1_748' title='bbox 1043 4988 1145 5039; x_wconf 69' lang='lat' dir='ltr'><strong>prersona</strong></span> <span class='ocrx_word' id='word_1_749' title='bbox 1156 4971 1352 5037; x_wconf 88' lang='lat' dir='ltr'><strong>pmnuniiantnr,</strong></span> <span class='ocrx_word' id='word_1_750' title='bbox 1367 4971 1402 5021; x_wconf 87' lang='lat' dir='ltr'>ila</span> <span class='ocrx_word' id='word_1_751' title='bbox 1415 4985 1441 5020; x_wconf 91' lang='lat' dir='ltr'>se</span> <span class='ocrx_word' id='word_1_752' title='bbox 1455 4969 1547 5020; x_wconf 83' lang='lat' dir='ltr'><strong>habent</strong></span> <span class='ocrx_word' id='word_1_753' title='bbox 1567 4988 1573 5018; x_wconf 79' lang='grc' dir='ltr'>ι</span> 
     </span>
     <span class='ocr_line' id='line_1_103' title="bbox 1096 5068 1542 5126; baseline -0.018 -9"><span class='ocrx_word' id='word_1_754' title='bbox 1096 5073 1164 5118; x_wconf 77' lang='lat' dir='ltr'><strong>dam</strong></span> <span class='ocrx_word' id='word_1_755' title='bbox 1175 5071 1207 5115; x_wconf 86' lang='lat' dir='ltr'>ad</span> <span class='ocrx_word' id='word_1_756' title='bbox 1216 5074 1308 5126; x_wconf 84' lang='lat' dir='ltr'><strong>portam</strong></span> <span class='ocrx_word' id='word_1_757' title='bbox 1321 5070 1408 5112; x_wconf 79' lang='lat' dir='ltr'><strong>AErrecr</strong></span> <span class='ocrx_word' id='word_1_758' title='bbox 1417 5069 1465 5113; x_wconf 80' lang='lat' dir='ltr'><strong>cleoe</strong></span> <span class='ocrx_word' id='word_1_759' title='bbox 1471 5068 1542 5123; x_wconf 73' lang='lat' dir='ltr'><strong>stilus</strong></span> 
     </span>
    </p>
   </div>
   <div class='ocr_carea' id='block_1_13' title="bbox 1015 5135 1729 5198">
    <p class='ocr_par' dir='ltr' id='par_1_16' title="bbox 1015 5135 1729 5198">
     <span class='ocr_line' id='line_1_104' title="bbox 1015 5135 1729 5198; baseline -0.021 -5"><span class='ocrx_word' id='word_1_760' title='bbox 1015 5192 1018 5193; x_wconf 10' lang='grc' dir='ltr'><em>γ</em></span> <span class='ocrx_word' id='word_1_761' title='bbox 1096 5145 1177 5198; x_wconf 62' lang='lat' dir='ltr'><strong>,idest</strong></span> <span class='ocrx_word' id='word_1_762' title='bbox 1187 5142 1292 5187; x_wconf 72' lang='lat' dir='ltr'><strong>iteneris</strong></span> <span class='ocrx_word' id='word_1_763' title='bbox 1300 5145 1390 5195; x_wconf 82' lang='lat' dir='ltr'><strong>patrem</strong></span> <span class='ocrx_word' id='word_1_764' title='bbox 1405 5141 1488 5191; x_wconf 68' lang='lat' dir='ltr'><strong>sends,</strong></span> <span class='ocrx_word' id='word_1_765' title='bbox 1504 5137 1546 5194; x_wconf 76' lang='lat' dir='ltr'>uui</span> <span class='ocrx_word' id='word_1_766' title='bbox 1555 5149 1585 5180; x_wconf 79' lang='lat' dir='ltr'>cc</span> <span class='ocrx_word' id='word_1_767' title='bbox 1592 5135 1729 5190; x_wconf 71' lang='lat' dir='ltr'><strong>fulminato</strong></span> 
     </span>
    </p>
   </div>
   <div class='ocr_carea' id='block_1_14' title="bbox 0 0 1891 5828">
    <p class='ocr_par' dir='ltr' id='par_1_17' title="bbox 0 0 1891 5828">
     <span class='ocr_line' id='line_1_105' title="bbox 0 0 1891 5828; baseline 0 0"><span class='ocrx_word' id='word_1_768' title='bbox 0 0 1891 5828; x_wconf 95' lang='lat' dir='ltr'> </span> 
     </span>
    </p>
   </div>
  </div>
 </body>
</html>
