3772 5828
590 379 885 454 AN'llQUleTUM
907 377 1054 441 nullst.
1081 379 1153 439 LlB.
1178 381 1229 441 tx.

101 518 222 591 ἱκανούς,
250 513 362 595 έξήγαγε
387 511 437 587 rip
469 511 581 590 δύναμιν
610 512 655 571 ἀντὶ
678 511 874 580 Οὐολούσκους.

104 606 235 675 Μενήνιος
257 602 285 662 θί
305 599 439 672 τοσαύτην
465 598 593 679 στρατιθιν
622 598 713 681 έτέραν
743 600 814 680 άγων
836 601 880 660 tat

103 692 254 773 Τυρρηνούς
280 690 377 770 έμελλε
402 697 533 750 ποιεῖσθαι
561 689 611 763 ris
636 689 732 759 ἔξοδον.
777 691 881 768 Παρα-

104 778 297 858 σκευαζομένου
309 779 336 840 dd
353 785 432 840 αὐτοῦ
447 779 492 838 καί
501 776 638 860 τρίόοντος
651 778 694 838 τόν
708 776 803 860 χρόνον
816 777 881 859 ίφθη

62 899 75 935 ιι
102 877 133 932 τὸ
149 876 175 931 ἐν
195 872 322 954 Κρεμέρα
331 869 454 953 φρούριον
465 867 594 950 όέαιρεθέν
608 867 660 927 ὑπὸ
674 871 727 927 τῶν
737 867 882 946 πολεμίων,

104 961 200 1019 καὶτὸ
225 958 339 1021 beiloe
358 958 432 1036 γένος
457 957 529 1016 άπαν
551 954 727 1033 ἀπολόμενον.
770 956 839 1037 Περὶ
854 956 882 1016 θλ

104 1054 152 1119 τῆς
167 1048 353 1128 κατασχούσης
367 1047 428 1113 τοθς
441 1046 537 1128 ἄνδρας
556 1054 692 1127 συμφορᾶς
708 1045 794 1113 διττός
807 1043 882 1126 φέρε·

106 1160 151 1195 ται
165 1139 261 1215 λόγος,
281 1136 358 1215 ὁμέν
373 1127 453 1207 ἧττον
476 1134 646 1211 seburim
666 1131 695 1192 θλ
714 1136 816 1210 μᾶλλον
837 1137 884 1205 τῆς

42 1253 44 1258 ’
108 1226 229 1298 ἀληθείας
243 1225 400 1303 ἁπτόμενος.
444 1222 530 1296 Θήσω
547 1222 574 1280 δέ
591 1221 685 1288 αθτοθς
707 1220 884 1304 ἀμφοτέρους,

55 1337 80 1375 ιο
107 1313 318 1394 όιςπαρέλαόον.

148 1404 229 1464 ΧΙΧ.
250 1401 329 1469 Τινὲς
351 1400 400 1478 μὲν
414 1390 458 1459 οθν
476 1422 569 1481 φασιν,
582 1396 623 1458 ότι
635 1398 727 1467 θυσίας
741 1398 886 1472 έπιστάοης

107 1490 235 1567 πατρίου,
251 1489 283 1562 ἣν
294 1491 347 1550 ἔδει
361 1488 392 1546 τθ
405 1487 519 1549 Φαόίων
534 1490 686 1548 ἐπιτελέσαι
696 1487 782 1566 γένος,
798 1489 822 1548 oi
838 1485 885 1566 μέν

108 1580 199 1652 ἄνδρες
219 1579 325 1649 ἐξῆλθον
349 1577 453 1654 ὀλίγους
473 1576 635 1654 ἀπαγόμενοι
656 1575 776 1644 πελάτας
791 1576 835 1637 ἐπὶ
851 1575 886 1634 τθι

108 1663 165 1744 apt
172 1710 179 1743 ,
189 1666 235 1724 καὶ
246 1665 380 1746 προῄεσαν
396 1663 456 1723 οὗτε
471 1663 673 1745 διερευνώμενοι
687 1662 735 1732 τάς
744 1663 817 1731 ital<
827 1662 885 1723 ούτε

109 1756 160 1814 ὑπὸ
179 1755 304 1830 σημαίαις
324 1751 482 1831 τεταγμένοι
504 1751 575 1812 κατὰ
589 1751 700 1833 λόχους,
718 1750 843 1835 ῥᾳθύμως
858 1750 886 1812 θλ

109 1840 154 1898 καὶ
170 1840 343 1922 ἀφυλάκτως,
367 1845 405 1908 ὡς
420 1841 447 1899 έν
471 1839 562 1922 εἰρήνη
577 1863 606 1899 τε
619 1842 665 1900 καλ
680 1840 724 1900 iri
736 1838 825 1923 φιλίας
839 1843 888 1918 γῆς

109 1931 291 2008 πορευόμενοι.
334 1932 370 1990 Oi
390 1927 419 1988 δέ
439 1929 574 2010 Τυρρηνοί
589 1931 784 2009 προεγνωκότες
799 1931 887 1989 αθτῶν

109 2016 157 2086 τὴν
173 2016 258 2083 ἔξοδον
270 2017 401 2098 ἐλόχησαν
416 2021 463 2088 τῆς
472 2017 533 2075 teob
543 2019 641 2097 χωρίον
653 2016 729 2099 μέρει
740 2021 787 2090 τῆς
800 2041 887 2098 στρα-

110 2114 180 2173 τιᾶς,
199 2104 248 2175 τὴν
266 2105 293 2164 θλ
307 2105 402 2176 λοιπὴν
417 2102 529 2181 δύναμιν
551 2105 764 2184 συντεταγμένην
783 2104 889 2187 έχοντες

109 2195 138 2252 ού
149 2194 244 2277 πολλῷ
253 2193 359 2277 θστερον
382 2191 556 2267 ἠκολούθουν.
600 2192 652 2262 Ὣς
675 2197 697 2254 δ’
717 2195 888 2268 έπλησέασαν

109 2283 132 2340 οἱ
152 2283 256 2343 dictim
271 2287 328 2350 ταῖς
346 2283 480 2363 ἀνέδραις,
509 2280 699 2352 ίξαναστάντες
730 2287 776 2342 τοῦ
806 2281 889 2362 λόχου

110 2373 133 2430 oi
147 2375 280 2452 Τυρρηνοὶ
297 2370 509 2452 προσπίπτουσιν
525 2372 630 2448 αὐτοῖς,
650 2375 675 2430 ot
691 2371 740 2447 μέν
752 2371 824 2430 κατὰ
838 2369 888 2447 μέ·

111 2483 218 2532 τωττον,
236 2467 260 2521 οἱ
273 2463 297 2521 θ’
313 2464 343 2521 έκ
357 2464 409 2519 τῶν
425 2459 554 2538 πλαγίων.
599 2462 653 2520 Καὶ
672 2463 730 2536 μετ’
745 2463 775 2519 οὗ
788 2457 888 2532 πολθή

112 2550 164 2605 τῶν
188 2549 274 2606 ἄλλων
292 2549 437 2626 Τυρρηνῶν
463 2547 571 2624 δύναμις
594 2546 761 2628 προσέόαλεν
785 2550 815 2608 έκ
834 2549 888 2606 τῶν

114 2637 241 2708 κατόπιν,
254 2634 481 2713 καλπεριστάντες
494 2636 582 2702 αὐτοῖς
599 2635 785 2716 πανταχόθεν,
801 2638 824 2694 εί
840 2635 888 2713 μέν

115 2722 283 2802 σφενδόναις,
298 2723 323 2780 οἱ
339 2722 367 2780 δέ
382 2721 478 2794 τόξοις,
493 2725 517 2781 ol
540 2723 569 2782 et
584 2722 699 2792 σαυνίοις
719 2747 748 2783 τε
762 2723 809 2783 καὶ
823 2723 889 2801 λόγ-

113 2832 174 2888 χαις
189 2810 394 2890 στοχαζόμενοι,
412 2815 451 2891 τῷ
470 2810 566 2882 πλήθει
590 2816 642 2871 τῶν
661 2815 745 2892 βελῶν
769 2812 889 2880 ἅπαντας

113 2900 331 2980 κατειργάσαντο.
374 2892 459 2968 Ούτος
473 2899 521 2976 μὲν
535 2891 580 2961 σόν
591 2891 671 2973 ἧττον
682 2898 772 2980 ίμοιγε
783 2899 890 2968 πιθανὸς

112 2989 233 3067 φαίνεται
248 2978 316 3049 ε’ίναι
330 2990 416 3067 λόγος.
434 2987 504 3049 Οὔτε
518 2995 570 3068 γὰρ
584 2990 653 3057 εἰκὸς
671 2988 724 3049 ἀπὸ
740 2989 889 3070 στρατοπέ-

59 3098 86 3139 atl
113 3080 157 3138 όου
172 3081 262 3146 θυσίας
281 3078 359 3138 ένεκα
384 3078 442 3145 τοθς
457 3079 507 3138 ύπθ
528 3080 586 3148 ταῖς
602 3078 730 3155 σημαίαις
751 3080 890 3149 τοσούτους

115 3167 209 3244 ἀνδρας
228 3169 265 3233 είς
278 3167 327 3238 τὴν
343 3165 420 3226 πόλιν
445 3167 618 3250 ἀναστρέφειν
634 3167 696 3227 ένευ
719 3168 890 3250 ψηφίσματος

115 3256 228 3334 βουλῆς,
250 3255 401 3333 δυναμένων
417 3260 470 3314 τῶν
490 3259 643 3336 ἱερουργιῶν
668 3255 714 3315 καλ
739 3258 773 3316 δι’
793 3260 890 3339 ἑτέρων

114 3345 312 3415 ἐπιτελεσθῆναι
324 3348 377 3402 τῶν
393 3343 557 3422 μετεχόντων
572 3344 621 3420 μίν
635 3350 681 3404 τοῦ
696 3346 777 3404 αὐτοῦ
791 3345 890 3425 γένους,

114 3429 321 3508 προόεόηκότων
336 3432 364 3491 δὲ
379 3432 436 3499 ταῖς
457 3433 586 3503 ἡλικίαις·
602 3433 656 3493 οὔτ’
671 3435 694 3493 εί
704 3432 800 3502 πάντες
820 3437 890 3495 άπε-

114 3519 262 3588 ληλόθεσαν
286 3523 317 3579 έκ
337 3525 384 3591 τῆς
406 3519 524 3594 πόλεως,
539 3521 585 3581 καί
607 3522 727 3599 μηδεμία
750 3531 830 3602 μοῖρα
845 3531 891 3586 τοῦ

116 3608 230 3666 ιΙεαόίοιν
247 3607 336 3686 γόνους
351 3611 445 3677 ἐντοῖς
459 3608 587 3692 έφεστίαες
597 3611 773 3687 ὑπελείπετο,
787 3614 889 3682 πάντας

115 3697 182 3762 εἰκὸς
197 3689 228 3768 ἦν
243 3695 300 3764 τοθς
311 3696 473 3778 κατέχοντας
486 3699 517 3757 τθ
535 3698 658 3781 φρούριον
679 3701 796 3759 ἐκλιπεῖν
811 3701 891 3762 αὐτοῦ

114 3786 162 3857 τὴν
177 3786 308 3866 φυλακήν.
350 3782 468 3867 Ἠρκουν
483 3786 535 3869 γθρ
547 3789 579 3848 ἂν
590 3789 636 3849 καί
651 3793 720 3871 τρεῖς
737 3789 892 3872 ἢτέτταρες

115 3877 270 3957 ἀφικόμενοι
283 3876 437 3936 συντελέσαι
447 3877 514 3957 ὑπέρ
529 3882 577 3937 τοῦ
587 3878 676 3956 γένους
690 3880 752 3939 όλου
767 3879 801 3938 τά
817 3880 888 3961 ίερά.

114 3966 166 4027 Διὰ
182 3965 229 4042 μὲν
245 3967 277 4037 δὴ
295 3965 457 4034 ταύταςτὰς
473 3966 560 4034 αἰτίας
575 3968 624 4026 οὐκ
643 3967 715 4038 έθοξέ
737 3992 783 4048 μοι
797 3971 890 4039 πιστός

115 4048 181 4115 εἶναι
195 4054 274 4137 [ὅδε]
291 4060 305 4117 ό
319 4055 407 4134 λόγος.

154 4145 218 4207 XX.
243 4144 278 4207 Ὁ
293 4146 316 4205 θ’
331 4144 434 4226 έτιρος,
449 4144 478 4206 όν
490 4146 665 4225 ἀληθέστερον
685 4138 751 4207 εἶναι
773 4148 891 4227 νομίζω,

112 4234 216 4312 περίτι
231 4240 280 4307 τῆς
300 4236 434 4303 ἀπωλείας
455 4238 508 4295 τῶν
524 4236 686 4317 ἀνδρῶνκαὶ
703 4240 752 4308 τῆς
767 4237 892 4307 ἁλύσεως

113 4329 160 4382 τοῦ
175 4322 315 4404 φρουρίου,
329 4322 427 4393 τοιόςόε
443 4347 482 4392 τις
497 4325 580 4386 έστίν.
623 4324 765 4394 ’Eirinon
786 4325 831 4386 lat
844 4325 893 4396 τάς

73 4458 76 4468 .
114 4413 246 4488 προνομὰς
264 4415 317 4472 τῶν
333 4414 435 4494 ἀνδρῶν
449 4412 594 4487 πολλάκις,
616 4415 662 4473 καί
682 4415 725 4475 διὰ
746 4412 776 4473 τό
792 4437 892 4495 κατορ-

114 4504 174 4556 θοῦν
197 4503 223 4559 έν
245 4503 303 4569 ταῖς
324 4503 427 4582 πείραις
450 4506 568 4582 συνεχῶς
589 4503 749 4584 προσωτέρω
783 4524 892 4582 προχω-

115 4587 247 4664 ρούντων,
274 4593 299 4650 oi
327 4591 459 4672 Τυρρηνοί
487 4591 735 4673 παρεσκευασμένοι
764 4591 891 4672 στρατιάν

115 4676 213 4752 συχνὴν
229 4682 255 4738 έν
269 4681 323 4747 τοῖς
336 4681 445 4758 ἔγγιστα
467 4680 575 4763 χωρίοις
595 4679 718 4748 λαθόντες
731 4680 792 4747 τούς
813 4683 892 4740 πολε-

115 4763 190 4837 μίους
205 4771 514 4847 κατεστρατοπέδευσαν.
557 4763 665 4831 'Erum'
686 4769 892 4838 ἀποστέλλοντες

115 4854 211 4911 ἐκτῶν
227 4854 331 4934 χωρίων
348 4859 462 4936 ποίμνας
483 4881 512 4917 τε
529 4857 575 4918 καὶ
591 4857 716 4938 βουκόλια
731 4857 776 4917 καί
792 4858 893 4938 φορόά-

116 4943 167 5000 δων
182 4940 280 5020 ἀγέλας
288 4939 378 5005 ἵππων
389 4946 436 5006 ἀντί
450 4946 534 5023 νομὴν
546 4945 684 5027 τῷλόγῳ,
696 4950 893 5027 προύκαλοῦντο

115 5031 173 5098 τοὺς
188 5031 285 5112 ἄνδρας
300 5033 343 5092 έπί
361 5041 456 5099 ταῦτα.
501 5040 537 5097 Oi
552 5038 577 5096 δ’
592 5036 701 5105 ίξιόντες
724 5036 783 5100 τούτ
802 5059 832 5095 τε
846 5039 891 5094 άν-

115 5120 233 5198 θρόιπους
248 5120 413 5201 συνήρπαζον
428 5123 475 5184 καί
488 5123 522 5182 τά
534 5124 694 5204 βοσκήματα
706 5123 891 5207 περιήλαυνον.

114 5212 200 5270 Τοῦτο
215 5214 330 5293 συνεχῶς
347 5213 372 5272 οί
389 5212 522 5293 Τυρρηνοὶ
542 5219 694 5290 ποιοῦντες,
709 5214 755 5275 καί
775 5213 891 5296 προαγό·

1649 392 1709 452 537

934 525 1061 588 proiectus
1074 526 1121 572 est.
1153 521 1281 573 Menenius
1299 534 1431 574 varocum
1451 523 1504 586 pari
1517 526 1643 589 copiarum
1663 543 1713 579 nu·

934 651 1003 690 mero
1012 638 1038 689 in
1051 641 1168 689 Etruscos
1177 637 1262 688 iturus
1273 639 1341 699 erat;
1355 637 1400 690 sed
1415 638 1477 690 dnm
1492 652 1519 691 se
1533 645 1605 706 parat
1613 647 1638 694 et
1651 646 1714 696 tem·

936 767 984 819 pus
997 755 1070 815 terit,
1087 753 1186 804 interim
1204 753 1361 818 praesidium,
1374 754 1443 819 quod
1464 756 1587 806 cromerus
1598 761 1668 818 erat,
1685 758 1716 809 ab

936 868 1052 920 hostibus
1065 869 1178 920 celeriter
1187 871 1227 918 est
1236 872 1420 932 expugnatum,
1432 874 1457 920 et
1467 869 1542 920 Fabio
1550 885 1609 934 gens
1621 870 1714 924 deleta.

937 987 974 1036 lie
985 984 1085 1035 illorum
1098 988 1183 1036 antem
1195 984 1265 1035 clade
1276 984 1369 1050 duplex
1380 989 1418 1036 est
1435 986 1533 1050 opinio,
1551 1002 1601 1038 una
1613 987 1716 1051 quidem

937 1099 1019 1151 minus
1029 1099 1268 1166 probabilismltera,
1288 1113 1345 1164 quae
1359 1099 1392 1151 ad
1406 1100 1535 1152 veritatem
1550 1102 1653 1167 propius
1672 1115 1714 1153 ac·

938 1217 1012 1267 cedit.
1046 1217 1182 1281 Utramque
1194 1221 1277 1267 tumen
1287 1255 1293 1274 ,
1304 1217 1339 1267 ita
1353 1221 1382 1267 ut
1398 1218 1497 1281 accepi,
1510 1218 1621 1269 aiteram.

971 1439 1034 1489 xlx.
1053 1437 1160 1496 Quidam
1172 1436 1274 1497 dicunt,
1285 1438 1392 1490 instante
1407 1439 1488 1504 patrio
1500 1439 1620 1491 sacrificio
1630 1481 1636 1498 ‚
1648 1441 1717 1507 quod

937 1547 955 1592 ‚a
969 1539 1041 1599 gente
1051 1537 1126 1588 Fabia
1136 1535 1274 1586 laciendum
1287 1539 1354 1598 erat,
1367 1549 1411 1587 eos
1422 1548 1479 1586 cum
1489 1538 1575 1601 paucis
1586 1537 1718 1588 clientibus

940 1632 972 1683 ad
980 1646 1050 1684 sacra
1059 1634 1147 1684 exiisse
1158 1638 1184 1683 οι
1193 1633 1342 1697 processisse
1352 1672 1359 1693 ‚
1369 1648 1415 1685 nec
1428 1633 1560 1686 itineribus
1567 1638 1626 1686 ante
1637 1635 1719 1700 explo-

940 1727 1002 1779 ratis
1012 1742 1057 1780 nec
1067 1730 1114 1780 sub
1126 1729 1203 1793 signis
1215 1730 1267 1780 acie
1281 1731 1410 1788 instructa,
1425 1730 1469 1781 sed
1479 1731 1566 1783 leviter
1575 1735 1600 1782 et
1610 1732 1718 1790 incaute,

942 1830 970 1876 ut
990 1828 1058 1891 pacis
1078 1830 1189 1892 tempore
1201 1834 1227 1877 et
1241 1841 1286 1891 per
1301 1829 1408 1878 amicum
1423 1841 1511 1891 agrum
1525 1830 1573 1880 iter
1591 1829 1716 1882 iacientes.

942 1925 1041 1975 Etrusci
1068 1938 1141 1985 vero,
1168 1940 1248 1990 quum
1271 1939 1357 1976 eorum
1383 1926 1558 1991 protectionem
1578 1929 1718 1990 preesoiris·

943 2023 1009 2079 sent.
1026 2033 1083 2070 cum
1106 2023 1176 2084 parte
1198 2021 1325 2086 copiarum
1342 2022 1367 2072 in
1379 2022 1420 2073 ria
1436 2025 1501 2087 ipsis
1523 2023 1626 2074 insidias
1648 2027 1717 2075 stru·

944 2121 1051 2179 serunt,
1070 2131 1127 2168 cum
1149 2116 1245 2181 reliqua
1264 2131 1323 2168 uero
1343 2121 1412 2183 perte
1431 2118 1551 2170 instructa
1571 2132 1620 2169 non
1641 2119 1721 2172 multo

944 2219 1001 2280 post
1019 2214 1106 2266 secuti.
1141 2215 1225 2272 Quum
1242 2219 1326 2265 autem
1344 2214 1413 2265 Fabii
1433 2215 1466 2266 ad
1487 2214 1588 2267 insidias
1601 2217 1721 2267 accessis·

944 2315 1011 2368 sent.
1028 2316 1087 2364 tunc
1096 2315 1214 2363 Etruscos
1225 2326 1256 2363 ex
1266 2312 1362 2364 insidiis
1372 2315 1523 2373 surrexisse,
1540 2318 1567 2365 et
1579 2314 1603 2363 ln
1613 2327 1656 2365 eos
1673 2314 1720 2365 im·

944 2414 1030 2476 petum
1043 2411 1137 2470 iecisse,
1153 2410 1215 2461 alios
1228 2424 1243 2459 a
1254 2409 1344 2471 fronte,
1358 2409 1421 2459 alios
1432 2409 1590 2472 uiatoribus,
1601 2416 1626 2462 el
1638 2411 1722 2476 paullo

944 2511 1001 2572 post
1012 2506 1120 2570 reliquas
1133 2509 1295 2557 Etruscorum
1311 2506 1422 2570 copiasa
1439 2509 1508 2570 tergo
1518 2506 1640 2557 adductas
1652 2521 1721 2566 esser

944 2619 1037 2670 eosque
1057 2604 1167 2669 undique
1183 2603 1383 2663 circumventos,
1405 2603 1495 2666 partim
1517 2602 1612 2660 tundis.
1632 2604 1721 2666 partim

944 2703 1057 2767 sagittis,
1075 2703 1166 2766 partim
1182 2701 1270 2751 iaculis
1284 2705 1309 2752 et
1327 2699 1419 2751 lanceis
1432 2699 1464 2751 ab
1478 2699 1592 2751 hostibus
1612 2699 1720 2765 petitos,

945 2801 1052 2850 telorum
1064 2799 1223 2850 multitudino
1234 2811 1321 2849 omnes
1331 2798 1362 2848 ab
1377 2798 1427 2848 illis
1438 2796 1550 2848 confixos
1561 2800 1638 2862 atque
1648 2797 1723 2848 obru-

945 2901 984 2949 tos
996 2909 1059 2948 esse.
1092 2898 1174 2959 atque
1193 2895 1248 2945 hec
1266 2892 1369 2958 quidem
1382 2893 1465 2959 opinio
1485 2893 1568 2944 minus
1590 2894 1724 2958 probabilis

945 2994 1007 3046 mibi
1027 2990 1136 3043 ridetur.
1182 2991 1270 3055 ltaque
1291 2989 1357 3039 enim
1381 2987 1517 3039 verisimile
1539 2990 1578 3038 est
1607 2988 1721 3039 sacrificii

944 3106 1034 3145 camsa
1047 3094 1084 3141 tot
1097 3089 1179 3147 viros,
1190 3087 1234 3152 qui
1246 3085 1294 3136 sub
1307 3086 1384 3150 signis
1399 3087 1484 3144 crant.
1498 3085 1551 3136 sine
1562 3089 1720 3136 senatuscon-

944 3191 1010 3241 sulto
1023 3190 1048 3240 in
1058 3188 1146 3239 urbem
1161 3199 1193 3237 er
1204 3183 1295 3234 castris
1308 3182 1389 3234 redire
1405 3195 1479 3233 ausos
1493 3195 1548 3234 esse
1564 3202 1571 3232 ι
1587 3183 1724 3246 presertim

944 3300 1021 3352 quum
1035 3300 1065 3337 ea
1076 3297 1147 3334 sacra
1158 3296 1203 3347 per
1212 3281 1274 3332 alios
1285 3280 1390 3345 gentiles
1405 3282 1480 3330 telate
1493 3279 1543 3329 iam
1555 3281 1724 3344 provectiores

944 3384 1028 3448 peragi
1043 3383 1151 3446 possent.
1186 3382 1216 3428 Et
1237 3379 1260 3429 si
1280 3391 1367 3429 omnes
1388 3391 1418 3428 ex
1439 3376 1501 3427 urbe
1519 3377 1652 3435 abiissent,
1679 3391 1724 3427 nec

944 3481 996 3532 ulla
1007 3480 1087 3544 gentis
1103 3477 1187 3529 Fabius
1200 3476 1282 3541 portio
1294 3476 1362 3527 domi
1376 3476 1463 3527 relicta
1484 3479 1563 3533 esset,
1578 3480 1723 3527 tamennon

945 3581 984 3630 ast
993 3577 1126 3627 uerisimile
1135 3614 1142 3635 ‚
1152 3588 1239 3626 omnes
1252 3574 1297 3639 qui
1306 3573 1375 3624 aliud
1384 3573 1514 3624 castellum
1527 3573 1652 3632 tenebant.
1668 3574 1723 3626 eius

945 3674 1083 3727 custodiam
1096 3673 1242 3724 deservisse.
1275 3672 1342 3723 Salis
1357 3671 1423 3722 enim
1442 3671 1538 3732 inisset,
1561 3672 1583 3721 si
1595 3674 1646 3722 tres
1659 3686 1724 3735 qua·

946 3776 1034 3823 tnorre
1043 3771 1148 3837 proiecti
1157 3783 1202 3834 pro
1219 3771 1272 3819 tuta
1285 3771 1358 3832 gente
1374 3781 1445 3818 sacra
1460 3768 1583 3819 iecissent.
1598 3768 1637 3819 Ob
1651 3769 1725 3819 hasco

947 3872 1024 3936 igitur
1044 3883 1146 3922 caussas
1167 3869 1221 3920 brac
1235 3867 1319 3932 opinio
1336 3880 1424 3932 parum
1447 3866 1582 3932 probabilis
1600 3868 1662 3919 mibi
1684 3868 1724 3919 ri·

946 3969 1029 4020 detur.

977 4180 1029 4229 llll.
1045 4178 1129 4229 Altera
1142 4190 1220 4236 vero,
1236 4189 1314 4242 quam
1334 4175 1366 4227 ad
1386 4176 1518 4228 veritatem
1540 4177 1642 4243 propius
1654 4192 1726 4230 acce-

945 4274 1005 4327 dere
1020 4280 1095 4340 puto,
1118 4275 1150 4326 de
1168 4275 1266 4326 illorum
1286 4275 1395 4327 virorum
1416 4275 1583 4326 internecione
1601 4276 1675 4327 etde
1693 4277 1725 4326 il·

945 4374 994 4426 lius
1003 4371 1099 4424 castelli
1117 4372 1314 4437 oppugnatione,
1328 4373 1383 4422 brec
1400 4376 1448 4422 eat.
1482 4374 1566 4431 Quum
1577 4372 1612 4423 illi
1634 4373 1726 4436 sepius

946 4469 1084 4536 presulatum
1103 4469 1213 4532 exirent,
1231 4473 1258 4521 ct
1273 4470 1404 4520 conatibus
1421 4470 1537 4521 secundis
1553 4470 1652 4519 inritati
1665 4484 1724 4520 ron·

948 4569 1017 4618 tinno
1051 4567 1211 4632 procederent
1233 4566 1353 4625 ulterius;
1380 4567 1498 4628 Etrusci,
1528 4571 1615 4630 parato
1638 4580 1725 4628 magno

946 4667 1071 4724 exercitu,
1090 4669 1151 4716 ctam
1164 4666 1279 4716 hostibus
1296 4665 1320 4715 in
1331 4664 1451 4730 proximis
1465 4665 1526 4714 loeis
1540 4668 1621 4714 castra
1634 4677 1724 4727 posue-

947 4761 1005 4808 runt
1024 4776 1030 4806 ε
1048 4757 1137 4807 deinde
1160 4769 1192 4806 ex
1216 4755 1325 4806 castellis
1347 4768 1432 4818 greges
1455 4755 1541 4803 ouium
1568 4755 1594 4801 et
1612 4754 1725 4801 armenta

946 4850 1022 4900 boum
1034 4853 1059 4899 et
1076 4862 1197 4913 equorum
1210 4846 1242 4897 ad
1261 4860 1353 4911 pascua
1367 4843 1483 4895 simulate
1502 4841 1658 4897 emittentes,
1677 4839 1725 4889 boc

946 4941 1020 4993 modo
1033 4945 1058 4991 ct
1079 4940 1187 5006 praedam
1209 4940 1276 4990 viros
1300 4938 1455 4989 allectabant.
1499 4931 1535 4980 llli
1555 4943 1613 4979 rero
1632 4933 1723 4992 egressi

946 5037 1057 5099 pastores
1073 5032 1327 5097 comprehendebant,
1347 5034 1371 5079 et
1388 5039 1464 5091 pecus
1474 5020 1613 5083 abigebant.
1650 5022 1724 5079 Quod

946 5139 1024 5190 quum
1042 5125 1132 5189 sepius
1141 5123 1239 5174 Etrusci
1252 5122 1371 5176 iacerent.
1383 5122 1407 5167 et
1419 5115 1504 5164 hostes
1513 5126 1610 5176 semper
1625 5112 1724 5176 longius

946 5221 1064 5273 acastris
1078 5220 1235 5277 abducerent,
1255 5217 1298 5266 ubi
1316 5227 1401 5265 eornm
1421 5210 1578 5277 prudentiam
1595 5214 1723 5275 perverte-
