3772 5828
157 286 215 346 5¹12

157 421 302 499 Ῥωμαίοις
316 424 420 481 έπιοδσι
443 421 491 493 τὴν
507 420 596 483 πόλιν.
640 425 727 484 Τοῦτο
750 423 878 500 μαθόντες
902 427 937 483 ίκ
962 443 967 453 ·

159 508 295 587 μηνύσεως
315 511 340 567 ut
362 509 497 570 Ἀντιάται
527 512 567 589 τῷ
590 534 619 571 τε
649 514 735 591 καιρῷ
759 510 868 584 τέκωσι,
891 512 938 571 καλ

158 603 231 677 κοινῇ
256 597 313 675 μετ’
338 598 444 657 έκιίνων
462 599 682 677 βουλευσόμενοι,
697 599 876 679 παραδιδόασι
898 602 938 680 τῷ

161 686 277 765 Κοῑντέῳ
290 684 339 756 τὴν
351 685 443 759 πόλιν,
462 688 501 767 tp·
514 678 536 767 ᾧ
552 688 683 755 Αέκανοδς
694 686 742 763 μέν
756 688 939 755 ὑποσπόνδους

120 820 133 855 ,
161 776 298 847 ἀπελθεῖν,
310 774 446 843 Ἀντιάτας
458 776 485 834 δέ
506 777 622 858 φρουρδν
638 777 763 844 δέξασθαι
782 776 829 836 καλ
843 777 877 837 τά
894 800 939 836 κε·

159 864 289 943 λαυόμενα
304 864 356 924 ύτδ
369 864 514 941 Ῥωμαίων
536 874 631 926 ποιεῖν.
652 866 716 927 Ἐπί
736 866 839 933 τούτοις
852 865 940 946 κύριος

160 954 299 1033 γενόμενος
308 958 356 1025 τῆς
374 958 501 1024 πολεωςό
520 954 620 1023 ύπατος
633 956 680 1015 καί
695 953 786 1014 λαθὼν
800 952 901 1036 δψιόνιά
911 979 940 1015 τι

161 1041 207 1102 καί
235 1042 320 1101 τάλλα
342 1042 410 1103 δσων
425 1043 479 1103 ἔδει
500 1067 533 1123 τη
559 1050 671 1124 στρατιᾷ
693 1042 741 1101 καλ
764 1042 880 1124 φρουράν
896 1044 938 1120 tp·

161 1132 347 1207 καταστήσας,
369 1135 457 1210 ἀπῆγε
479 1134 526 1203 τὴν
549 1133 671 1209 δύναμιν·
691 1134 748 1193 ἀνθ’
762 1124 800 1191 ῶν
824 1132 938 1204 αύτόνῆ

111 1265 136 1303 ,υ
164 1220 245 1302 βωλὴ
261 1221 393 1289 θπαντήσι
408 1245 438 1280 τε
452 1221 630 1302 φιλανθρώπῳ
648 1217 753 1287 ἐδέξατο
774 1219 821 1279 καλ
842 1220 939 1299 θριόμ·

163 1308 211 1369 6ου
225 1313 321 1387 πομπὶξΙ
341 1308 478 1384 έτίμησεν.

204 1399 278 1458 LIX.
303 1397 352 1456 Ἐν
368 1396 395 1454 δέ
416 1400 454 1475 τῷ
469 1396 539 1473 μετὰ
561 1397 667 1464 τούτους
687 1396 740 1458 έτει
775 1396 871 1456 teum
890 1395 939 1473 μέν

162 1479 231 1559 ἦσαν
243 1483 366 1563 Τιδίριος
376 1484 501 1559 Αἰμίλιος
514 1486 546 1545 τδ
555 1485 676 1567 δεύτερον
693 1488 736 1546 καλ
756 1487 863 1554 Κόϊντος
877 1485 940 1547 Φοί-

163 1576 226 1645 ύιος,
241 1572 296 1640 ένδς
307 1577 359 1631 τῶν
370 1576 448 1653 τριῶν
461 1576 579 1657 ἀδελφῶν
590 1575 644 1642 υἱός
654 1579 706 1635 τῶν
720 1574 899 1653 ἡγησαμένων
910 1597 939 1634 τε

113 1696 137 1733 μ,
163 1668 210 1734 τῆς
228 1663 422 1734 ἀποσταλείσης
436 1671 551 1743 φρουρθς
569 1667 606 1731 τίς
629 1666 771 1747 Κρεμέραν
793 1665 840 1725 καί
857 1665 937 1743 διαφ·

163 1753 295 1832 θαρέντων
310 1753 364 1812 ἐκεῖ
374 1751 421 1812 σθν
436 1761 489 1819 τοῖς
506 1754 640 1821 πελάταις.
683 1753 720 1815 Ἦ
735 1752 763 1812 δί
779 1755 844 1831 βουλ
855 1798 871 1826 ,,
886 1757 939 1811 τῶν

164 1839 310 1921 δημάρχων
340 1840 534 1901 ἀνακινούντων
555 1843 636 1902 πόλιν
666 1844 697 1902 τό
721 1845 820 1913 πλῆθος
840 1842 886 1899 tut
906 1846 939 1921 τῇ

164 1929 328 2010 κληρουχία,
353 1930 399 1990 καλ
416 1929 658 2008 συναγωνιζομένου
680 1929 790 2008 θατέρου
803 1932 856 1986 τῶν
871 1931 940 1987 ὑπαί-

164 2041 216 2075 τοιν
229 2020 316 2084 αὐτοῖς
335 2019 473 2095 Αἰμιλίου,
496 2019 581 2096 δόγμα
600 2018 751 2097 ἐπεκύρωσε
778 2019 940 2093 θεραπεῦσαί

111 2138 137 2173 ου
164 2132 192 2166 τε
207 2108 252 2165 καὶ
265 2107 407 2165 ἀναλαόεῖν
423 2108 480 2173 τοὺς
494 2109 610 2180 πένητας
629 2107 791 2189 βουλομένη,
807 2108 940 2184 διανεῖμαί

164 2221 223 2255 τινα
237 2203 332 2273 μοῖραν
347 2197 435 2262 αὐτοῖς
458 2199 488 2254 ἐκ
502 2199 548 2266 τῆς
564 2195 704 2255 Ἀντιατῶν
729 2193 836 2276 χώρας,
853 2195 887 2267 ἢν
901 2199 940 2276 τῷ

164 2280 283 2361 προτέρῳ
296 2282 349 2339 έτει
362 2282 452 2360 δόρατι
468 2285 569 2349 ἑλόντες
584 2282 726 2363 κατέσχον.
772 2284 824 2344 Καὶ
837 2284 940 2343 ἀπεδεί-

164 2377 267 2451 χθησαν
282 2369 407 2450 ἡγεμόνες
423 2375 469 2443 τῆς
483 2371 644 2451 κληρουχίας
653 2374 732 2438 Τῖτος
750 2372 869 2439 Κοίντιος
886 2375 941 2432 Ku-

165 2450 353 2541 πιτωλῖνος,ᾧ
367 2461 519 2540 παρέδοσαν
539 2459 673 2519 Ἀντιάται
686 2468 753 2541 σφᾶς
773 2460 879 2533 αὐτοὺς,
894 2462 940 2520 καί

111 2582 137 2620 25
165 2548 212 2608 σθν
235 2552 306 2630 αὐτῷ
330 2549 439 2616 Λεύκιος
460 2547 573 2628 Φούριος
597 2550 642 2609 καὶ
666 2540 754 2619 Atto<
778 2551 939 2631 Οὐεργίνιος.

164 2629 219 2698 Ἦν
235 2636 257 2695 δ’
272 2641 320 2696 οὐκ
344 2640 468 2714 ἀγαπῶσι
491 2645 544 2703 τοῖς
567 2638 674 2706 πολλοῖς
692 2641 738 2697 καλ
759 2633 854 2708 πίνησλ
869 2639 940 2700 Ῥω·

165 2723 251 2800 μαίων
264 2729 282 2795 ἡ
293 2726 406 2802 διανομὴ
421 2732 469 2798 τῆς
486 2725 592 2806 χώρας,
606 2729 641 2794 ὡς
662 2729 883 2803 ἀπελαυνομένοις
895 2731 941 2797 τῆς

165 2813 306 2891 πατρίδος,
320 2815 414 2895 ὀλίγων
425 2839 453 2873 τε
467 2816 699 2895 ἀπογραψαμένων
711 2816 779 2884 ίδοξε
794 2820 827 2893 τῇ
844 2820 939 2895 βουλῇ,

166 2902 257 2975 έπειδλ
270 2908 318 2962 οδκ
332 2904 475 2982 ἀξιόχρεως
485 2896 543 2976 {vt
558 2906 721 2980 ἀπόστολος,
735 2907 874 2983 ἐπιτρέψαι
886 2910 941 2966 Λα·

113 3010 140 3049 ³0
166 2994 242 3051 rivere
259 3019 287 3053 τε
303 2997 348 3053 καὶ
364 2995 493 3072 Ἑρνίκων
510 3002 563 3059 τοῖς
580 2994 744 3071 βουλομένοις
764 2999 810 3063 τῆς
824 2992 945 3057 ἀποικίας

168 3082 299 3161 μετέχειν.
328 3086 364 3140 Oi
387 3082 434 3158 μέν
457 3082 490 3150 δὴ
510 3082 545 3147 είς
564 3078 664 3138 ιἐθντιον
686 3082 875 3144 ἀποσταλέντες
896 3103 943 3137 κα·

166 3169 273 3246 τένεμον
292 3169 338 3239 τὴν
353 3174 402 3246 γῆν
421 3178 474 3235 τοῖς
490 3168 630 3249 σφετέροις,
647 3168 740 3247 μοῖράν
753 3191 809 3223 τινα
823 3166 849 3233 ἐξ
864 3168 943 3236 αὐτῆς

164 3263 218 3323 τοῖς
230 3259 372 3325 ΙΑντιαὶταις
383 3258 594 3330 ὑπολειπόμενοι.
607 3257 652 3316 Ἐν
663 3256 688 3314 δὲ
702 3255 845 3332 τῷμεταξδ
852 3256 943 3333 χρόνῳ

165 3348 293 3427 στρατεία
310 3349 362 3404 τῶν
378 3347 483 3405 ὑπάτων
499 3346 654 3427 ἀμφοτέρων
675 3348 795 3426 ἐγένετο,
817 3351 941 3424 Αἰμιλίου

112 3466 137 3504 οι
166 3440 215 3515 μέν
230 3438 321 3508 εἰςτὴν
336 3437 458 3496 Σαύίνων
474 3438 564 3517 χώραν
574 3486 580 3509 ,
592 3436 700 3498 (budion
713 3436 735 3495 δ’
750 3440 786 3505 εἷς
799 3437 847 3509 τὴν
862 3442 942 3499 Αέκα·

165 3533 226 3588 νῶν.
257 3528 310 3585 Καὶ
328 3530 365 3607 τῷ
381 3527 429 3601 μέν
445 3527 562 3606 Αἰμιλίῳ
574 3526 655 3586 πολύν

165 3639 238 3673 ναντι
253 3616 347 3695 χρόνον
371 3615 479 3690 οὐδεμία
500 3616 609 3691 δύναμις
629 3617 763 3688 ὑπήντησε
783 3620 939 3697 μαχουμένη

164 3706 226 3782 περὶ
239 3707 285 3772 τῆς
296 3706 351 3779 γῆς·
361 3705 420 3761 ἀλλ’
432 3704 513 3769 ἀδεῶς
522 3703 602 3773 αὐτὴν
614 3705 713 3784 κείρας,
727 3706 816 3776 ἐπειδὴ
827 3713 939 3776 καθῆκεν

165 3794 178 3846 θ
192 3790 284 3869 χρόνος
294 3794 345 3847 τῶν
359 3792 549 3871 ἀρχαιρεσίων,
563 3795 649 3868 ἀπῆγε
665 3792 711 3859 τάς
729 3795 859 3870 δυνάμεις.
880 3799 941 3855 ψα-

166 3878 215 3955 ύίῳ
224 3878 250 3936 δὲ
263 3881 386 3952 Αἰκανοί,
397 3878 458 3957 πρίν
468 3882 503 3946 είς
512 3880 628 3956 ἀνοίγκην
638 3883 720 3939 ἐλθεῖν
731 3892 856 3958 στρατιᾶς
867 3886 941 3961 διαφ-

165 3967 285 4043 θαρείσης
294 3968 310 4038 ἢ
319 3972 413 4047 τειχῶν
424 3969 614 4046 ἁλισκομένων,
624 3969 869 4040 ἐπεκηρυκεύσαντο
880 3975 940 4047 περὶ

165 4055 314 4131 διαλλαγῶν
330 4057 374 4114 καὶ
387 4058 486 4135 φιλίας.
540 4056 571 4117 ‘O
586 4059 608 4115 δ’
624 4056 725 4124 ’ύπατος
739 4057 785 4115 δύο
804 4082 832 4115 τε
848 4065 940 4134 μηνῶν

168 4142 262 4221 τροφὰς
277 4149 309 4222 τῇ
323 4155 448 4226 στρατιᾷ,
465 4146 511 4204 καὶ
526 4146 571 4204 δύο
588 4151 703 4227 χιτῶνας
721 4150 781 4205 κατ’
796 4148 878 4228 ἀνδρα
893 4150 939 4207 καί

165 4229 287 4310 ἀργύριον
312 4232 346 4297 εἰς
361 4233 529 4309 ὀψωνιασμὸν
547 4233 693 4309 ἑξαμήνου,
717 4234 762 4293 καὶ
787 4234 812 4294 εἴ
834 4238 940 4298 τιᾶλλο

125 4357 135 4387 ,ς
165 4319 340 4396 κατήπειγεν,
356 4324 578 4401 ελσπραξοίμενος,
600 4326 698 4404 ἀνοχὰς
714 4327 862 4400 ἐποιήσατο
877 4329 940 4409 πρός

165 4411 272 4478 αύτούς,
295 4407 342 4471 έως
379 4408 410 4465 ἀν
433 4413 467 4477 εἷς
491 4412 600 4488 Ῥώμην
629 4414 872 4497 ἀρικύμενοιπαρδι
894 4422 940 4488 τῆς

165 4498 259 4575 βουλῆς
277 4496 403 4573 ε’ύρωνται
426 4499 473 4565 τθς
498 4502 637 4568 διαλύσεις.
686 4502 720 4562 ἹΙ
744 4503 833 4577 μέντοι
857 4509 938 4584 βουλὴ

163 4590 244 4644 ταῦτα
269 4590 405 4659 μαθοῦσα,
425 4590 463 4667 τῷ
487 4588 586 4669 Φαδίῳ
607 4592 748 4668 ἐπέτρεψεν
766 4595 939 4672 αὐτοκράτορι

165 4674 338 4734 διαλύσασθαι
359 4675 422 4752 πρὸς
446 4675 504 4743 τοὺς
519 4677 666 4748 Αἰκανοὺς,
687 4682 727 4759 ἐφ’
745 4672 786 4746 οἷς
810 4680 841 4738 διν
864 4682 940 4747 αὐτὸς

164 4768 334 4843 προαιρῆται.
393 4763 469 4822 Merit
500 4772 577 4824 τοῦτο
600 4773 727 4839 συνθῆκαι
748 4774 864 4847 γίνονται
883 4771 940 4835 ταῖς

166 4857 255 4912 πόλεσι
270 4853 471 4927 μεσιτεύσαντος
487 4855 567 4920 αύτθς
582 4862 627 4915 τοῦ
647 4857 748 4917 ὑπάτου
766 4858 873 4915 τοιαίδε·
891 4860 939 4916 Αἰ·
965 4862 968 4973 1

162 4942 254 5007 κανοθς
270 4933 336 5000 εἶναι
353 4941 495 5015 Ῥωμαίων
514 4945 660 5015 ὑπηκόους,
675 4946 765 5011 πόλεις
779 4969 807 5003 τε
822 4945 867 5003 καί
881 4943 937 5023 χὼ·
965 4978 968 5061 γ

163 5048 208 5100 ρας
227 5028 273 5095 τδις
291 5035 390 5090 ἑαυτῶν
406 5033 531 5111 ἔχοντας,
556 5033 727 5091 ἀποστέλλειν
743 5033 770 5092 δέ
793 5033 939 5109 Ῥωμαίοις
963 5064 968 5156 γ

161 5115 241 5189 μηδὲν
285 5119 323 5176 ὅτι
347 5120 383 5193 μὴ
400 5128 546 5197 στρατιὰν,
562 5122 625 5179 ὅταν
639 5123 726 5188 αὐτοῖς
749 5125 934 5201 παραγγελθῇ,

681 286 853 349 ntun'rsrr
875 284 1256 353 HALIGARNASSENSIS

994 429 1104 481 Antiates
1117 428 1261 495 preeeidium
1280 428 1438 495 reciperent,
1460 431 1488 481 et
1501 429 1597 496 populi
1618 432 1726 483 Romani
1737 434 1777 485 int·

992 549 1077 610 perata
1092 543 1211 597 iacerent.
1234 545 1280 596 iiie
1289 543 1480 597 mundilionibus
1488 546 1588 597 runaut
1601 548 1699 612 potitus
1708 548 1780 607 urbe.

991 664 1142 726 receptoque
1166 659 1299 725 stipendio,
1311 665 1391 726 utque
1404 659 1463 712 aliis
1484 661 1578 722 rebus,
1600 662 1693 728 quibus
1717 678 1781 730 epus

992 776 1100 827 habebnt
1118 776 1251 837 exereitus,
1266 776 1435 842 imperitoque
1449 776 1485 827 ihi
1499 777 1635 843 presidio,
1647 780 1731 845 ruptas
1741 778 1782 831 eie

993 889 1068 941 duxit
1081 911 1088 941 :
1101 895 1252 956 quamopter
1264 893 1377 942 nemin
1389 891 1493 943 obviam
1504 894 1532 945 et
1544 894 1781 960 promuntunum

995 998 1061 1051 ritiue
1074 1004 1195 1065 exceptus
1205 1005 1281 1065 atque
1299 999 1445 1069 triumphati
1455 1017 1554 1071 pompe
1575 1006 1719 1060 herenius
1729 1016 1774 1062 ent.

1024 1427 1086 1477 ΗΧ.
1099 1427 1293 1493 Αιιιιοοοηιιεοιί
1307 1429 1422 1481 consertes
1444 1432 1526 1483 creati
1551 1440 1616 1486 snut
1625 1440 1655 1489 Τ.
1668 1443 1776 1493 AErnitim

993 1526 1098 1587 iterum,
1120 1530 1146 1578 et
1164 1531 1195 1586 Q.
1221 1529 1325 1590 Fabius,
1340 1528 1407 1580 titius
1421 1530 1500 1583 unius
1518 1534 1602 1586 trium
1616 1537 1714 1590 ittnruur
1729 1540 1778 1592 iru-

995 1632 1062 1680 trnm
1073 1632 1125 1696 qui,
1142 1632 1257 1698 praesidio
1274 1630 1307 1680 ad
1329 1630 1474 1683 Cremeram
1488 1635 1582 1700 minen,
1603 1638 1710 1703 ρτιιίασιν·
1721 1642 1773 1693 tue·

994 1735 1059 1793 rant,
1068 1736 1093 1783 et
1104 1734 1149 1798 qui
1162 1747 1218 1784 eum
1227 1732 1279 1784 suin
1290 1731 1413 1783 clientelis
1428 1732 1465 1785 ibi
1477 1734 1642 1792 interierant.
1671 1745 1770 1795 senaim

994 1845 1062 1895 reru,
1077 1834 1184 1885 tribunis
1193 1832 1358 1900 plebemtegie
1368 1835 1475 1899 aarum
1486 1837 1605 1891 stimulis
1615 1842 1707 1895 iterum
1717 1859 1774 1896 nnn·

993 1935 1134 1993 uitantibus.
1156 1936 1306 2001 AEmitioque
1324 1935 1405 1987 attero
1415 1938 1522 1990 οοοαιιίο
1532 1941 1597 2005 ipsiu
1612 1942 1722 2009 invente,
1735 1949 1774 1999 de·

993 2034 1071 2083 erevit
1092 2048 1213 2099 pauperes
1230 2035 1353 2087 demereri
1370 2039 1447 2103 etque
1459 2052 1506 2089 αοτ
1524 2041 1657 2094 subterere
1679 2047 1773 2103 notens.

995 2136 1022 2183 ut
1037 2147 1095 2198 pare
1108 2134 1192 2199 aliqua
1201 2135 1233 2187 de
1245 2135 1376 2186 Antiatum
1392 2152 1471 2203 agro,
1487 2141 1613 2204 εσρεείοιε
1624 2149 1775 2197 arimannis

997 2236 1325 2302 ruptoetoreupato,i11is
1348 2237 1511 2291 diuideretur.
1541 2244 1627 2301 Quare.
1646 2246 1772 2298 triumuiri

994 2333 1045 2398 egri
1064 2334 1191 2386 dividendi
1213 2349 1300 2385 ταωνι
1321 2336 1398 2386 urenti
1421 2342 1481 2389 eunt
1493 2340 1522 2391 τ.
1542 2340 1661 2399 Quintius
1674 2346 1772 2411 capitu

995 2431 1075 2493 tinus,
1092 2433 1132 2483 eui
1142 2447 1169 2483 se
1180 2433 1292 2485 Antiates
1305 2432 1471 2500 dediderant,
1481 2438 1574 2488 etrum
1583 2452 1622 2490 eu.
1636 2443 1665 2492 Ι..
1682 2444 1773 2495 Furiut

994 2537 1071 2598 atque
1085 2537 1118 2584 Α.
1133 2532 1267 2597 Virginius.
1302 2532 1347 2583 tila
1365 2536 1452 2586 entem
1469 2535 1525 2601 egri
1542 2536 1635 2590 dirieiu
1652 2541 1772 2609 plerisque

995 2634 1096 2700 plebeiis
1109 2639 1133 2685 et
1149 2634 1300 2699 pauperihus
1320 2636 1508 2699 Romanorum,
1529 2641 1606 2705 quusi
1628 2645 1708 2707 putria
1721 2646 1771 2697 abi·

995 2738 1121 2799 gerentur,
1133 2738 1490 2800 nequaquamerutgratu.1it
1503 2752 1584 2803 quum
1596 2743 1667 2807 peuri
1676 2745 1770 2796 nemim

994 2835 1134 2896 dedissent,
1148 2837 1241 2902 placuit
1255 2836 1352 2888 senatui
1368 2838 1378 2901 (
1386 2851 1466 2902 quum
1482 2854 1534 2891 uon
1553 2848 1621 2896 emet
1632 2846 1711 2909 jurem
1726 2862 1767 2898 ω.

995 2938 1065 2988 tenire
1080 2940 1212 3002 numerus)
1226 2938 1321 2988 Latinis
1335 2941 1360 2987 et
1371 2939 1494 2997 Hernicis,
1515 2942 1598 3009 niqui
1614 2946 1698 2997 retient
1713 2961 1768 3012 per.

995 3039 1103 3099 mittere,
1119 3044 1147 3088 nt
1161 3040 1265 3089 retenire
1281 3038 1349 3089 iltius
1363 3044 1447 3091 essent
1459 3043 1609 3109 participes.
1640 3048 1769 3100 'triumviri

995 3141 1069 3203 igitur
1083 3139 1185 3189 antium
1206 3140 1276 3189 missi
1297 3153 1384 3204 ugrum
1400 3140 1453 3191 suis
1462 3140 1619 3208 diviserunt,
1634 3152 1702 3211 parte
1714 3163 1771 3213 quu-

994 3241 1052 3291 dum
1078 3240 1220 3289 Antiatibus
1241 3239 1337 3290 retiuta.
1365 3242 1542 3293 intereavero
1568 3246 1645 3297 nrubo
1664 3249 1770 3298 eonsules

995 3342 1176 3406 expeditionem
1194 3341 1320 3401 iecerunt;
1342 3340 1457 3391 AErniliue
1473 3342 1498 3392 in
1514 3343 1631 3407 Sabinos,
1647 3349 1733 3398 Fabius
1746 3351 1769 3399 in

996 3447 1096 3508 rthuos.
1110 3448 1144 3494 nc
1155 3443 1270 3494 AEruitius
1286 3441 1396 3506 quidem,
1407 3456 1487 3507 quum
1499 3444 1524 3494 in
1535 3445 1649 3498 hostiurn
1661 3464 1719 3511 agre
1728 3450 1768 3502 diu

995 3552 1061 3597 esset
1080 3552 1206 3605 moratus,
1217 3543 1339 3595 neminem
1353 3543 1457 3602 invenit,
1468 3545 1512 3608 qui
1522 3560 1569 3609 pro
1578 3562 1609 3598 en
1621 3556 1772 3615 pugnaturus

994 3647 1092 3697 «eteniam
1112 3649 1216 3696 verrisset
1235 3667 1241 3695 :
1260 3643 1318 3704 sed,
1333 3644 1433 3708 impune
1448 3650 1595 3708 peruastato
1611 3663 1687 3713 agro,
1699 3667 1772 3717 ‹punm

994 3752 1044 3812 jann
1058 3750 1159 3799 instaret
1176 3750 1333 3799 comitiorum
1350 3752 1455 3813 tempus,
1467 3748 1554 3812 ωριτε
1570 3750 1684 3803 domurn
1695 3754 1772 3805 abdu-

995 3852 1039 3900 nit.
1074 3849 1110 3898 Ad
1127 3850 1228 3898 Fnirirrm
1250 3865 1310 3900 vero
1328 3850 1411 3914 AEqui,
1430 3853 1565 3913 antequam
1588 3852 1681 3904 deletis
1699 3855 1774 3920 copiis

995 3955 1038 4000 aut
1053 3950 1149 3999 ruoeniis
1160 3953 1322 4014 expugnatis,
1340 3966 1419 4017 usque
1438 3952 1469 4002 ed
1485 3955 1625 4004 extremum
1639 3958 1774 4008 neoessitu·

995 4058 1044 4103 tem
1066 4053 1243 4115 redigerentur,
1265 4055 1359 4119 legatos
1377 4053 1409 4104 de
1432 4068 1491 4118 luce
1516 4058 1542 4105 et
1565 4056 1676 4107 amicitia
1693 4060 1771 4124 impe·

994 4154 1081 4204 tranda
1095 4155 1224 4204 rnimrunt.
1260 4158 1288 4205 nt
1304 4155 1404 4214 Conseri,
1417 4159 1506 4206 exarto
1529 4156 1639 4208 duorum
1651 4161 1775 4211 mensium

994 4254 1134 4307 frumenta.
1161 4260 1185 4304 et
1206 4256 1272 4305 trinis
1295 4258 1383 4306 ternieis
1401 4257 1425 4306 in
1442 4257 1554 4319 singutas
1567 4258 1668 4316 milites,
1696 4264 1775 4323 atque.

994 4353 1116 4416 stipemtin
1132 4367 1173 4400 sex
1188 4353 1310 4401 inermum
1329 4357 1369 4413 et,
1390 4354 1489 4417 siquid
1512 4354 1582 4405 atiud
1606 4356 1773 4406 necesarium

994 4456 1056 4509 erat,
1079 4450 1188 4498 imtueian
1205 4466 1262 4499 enm
1287 4452 1334 4500 iilis
1356 4450 1424 4512 nuit,
1451 4453 1530 4501 etenrree
1549 4457 1648 4503 Remum
1663 4454 1774 4515 preteeti

995 4565 1078 4613 parem
1100 4563 1114 4596 a
1135 4553 1221 4597 senatu
1243 4550 1412 4614 impetrarent.
1447 4552 1562 4612 Senatus,
1577 4552 1642 4601 hisee
1656 4553 1776 4616 cognitis,

996 4649 1069 4698 Fabio
1082 4649 1222 4712 imperaturi
1233 4650 1353 4712 pnrrnisit,
1367 4653 1392 4697 ut
1407 4664 1490 4713 pacem
1504 4665 1562 4700 enen
1573 4652 1667 4714 ,τῖιμιίειΙ
1679 4652 1776 4716 quibus

996 4745 1067 4794 reitet
1093 4745 1281 4803 eanditiemibns,
1309 4744 1410 4795 irrueret.
1447 4749 1535 4796 Postea
1554 4748 1658 4796 eorrsute
1672 4752 1776 4797 nurture

994 4841 1086 4891 fendera
1107 4843 1244 4892 inimatum
1264 4842 1368 4906 populns
1389 4842 1427 4891 his
1448 4843 1544 4906 legibus
1566 4848 1623 4892 sunt
1649 4843 1731 4893 taeta:
1746 4852 1774 4895 ut

994 4940 1068 5004 AEqui
1086 4940 1161 4989 saleis
1173 4941 1277 4989 urbibus
1285 4943 1307 4989 et
1317 4940 1383 5002 agris
1393 4941 1445 4989 suis
1456 4941 1539 5004 popuii
1556 4943 1658 4992 Romani
1670 4942 1776 5003 imperio

994 5040 1114 5100 parerent.
1133 5039 1156 5083 et
1181 5036 1295 5085 interranis
1323 5035 1385 5085 nihii
1408 5036 1542 5093 mitterent,
1568 5038 1775 5101 praeterannitin,

992 5133 1187 5195 quruiieseunqne
1211 5131 1264 5179 teoec
1279 5130 1337 5193 ipsis
1353 5134 1546 5197 imperarentur,
1573 5133 1649 5198 idque
1667 5135 1775 5199 propriis
