3772 5828
621 435 914 509 ANTIQUITATL'M
936 439 1083 501 nolenti.
1108 441 1180 501 Llll.
1205 442 1255 502 lV.

122 592 134 615 ι
156 565 191 632 εἰς
211 562 289 623 τοῦτο’
312 587 353 623 σοι
382 565 646 642 συναγωνισαμένης,
673 566 772 645 πατρὸς
794 567 896 628 εὔνοιαν

121 656 206 719 «τοῖς
238 650 350 717 παιδίοις
381 652 463 717 τοῖςδε
499 651 697 731 παρασχέσθαι·
725 653 786 714 όταν
814 657 841 715 δὲ
863 661 899 724 είς

120 768 132 793 ι
153 740 248 819 ἀνδρας
267 739 372 809 ἔλθωσι,
391 738 435 796 καὶ
457 736 490 797 τδι
514 740 587 798 κοινδι
603 740 727 819 πράττειν
750 744 834 802 ἱκανοὶ
857 743 900 822 γε’·

120 856 132 879 κ
153 851 262 900 νωνται,
287 827 331 886 τὸν
356 824 533 907 πρεσύύτερον
559 830 644 887 αὐτῶν
667 829 801 897 ἀποδεῖξαι
829 829 899 891 Ῥω-

79 929 92 964 θ
120 945 131 971 α
155 918 241 994 μαίων
256 917 383 993 ἡγεμόνα.
402 943 413 967 ν

65 1379 89 1414 Ιθ

64 1797 88 1835 15

160 1008 194 1064 V.
215 1008 300 1066 Ταῦτ’
315 1005 436 1078 εἰποῦσα,
458 1003 503 1061 καὶ
520 1006 572 1062 τῶν
591 1004 703 1063 παιδίων
722 1006 845 1087 ίκάτερον
863 1013 899 1077 εἱς

118 1095 165 1162 τὰς
178 1095 293 1171 ἀγκάλας
307 1092 475 1168 ἐμόαλοῦσα,
491 1097 536 1151 τοῦ
551 1115 580 1151 τε
596 1093 719 1172 γαμόροῧ
728 1096 774 1154 καὶ
788 1101 836 1167 τῆς
850 1102 898 1157 θυ-

117 1182 212 1263 γατρὸς
233 1182 278 1240 καί
302 1179 384 1240 πολὺν
408 1181 434 1250 ἐξ
457 1180 612 1262 ἀμφοτέρων
635 1181 767 1253 κινήσασα
795 1174 896 1263 οἶκτον,

117 1271 206 1343 ἐπειδὴ
217 1271 305 1349 καιρὸς
316 1261 361 1348 ἦν,
370 1270 474 1341 ἐξῆλθεν
484 1273 514 1329 ἐκ
529 1276 575 1329 τοῦ
586 1271 720 1348 δωματίου
734 1272 779 1331 καλ
792 1273 898 1354 παρήγ-

116 1364 186 1437 γειλε
203 1361 253 1427 τοῖς
270 1359 342 1418 ἔνδον
358 1362 470 1441 εὐτρεπῆ
485 1358 519 1419 τδι
536 1359 600 1439 πρὸς
614 1359 661 1431 τὴν
678 1362 819 1440 θεραπείαν
835 1366 897 1422 ἔπι-

116 1451 206 1520 τήδεια
229 1450 324 1526 ποιεῖν,
339 1449 385 1508 καὶ
406 1448 464 1516 τοθς
483 1448 585 1528 ἰατροὺς
608 1452 759 1527 συγκαλεῖν.
803 1454 897 1511 Διαλι-

116 1543 202 1599 ποῦσα
212 1536 239 1597 δέ
248 1539 297 1610 τὴν
313 1536 409 1613 μεταξύ
419 1538 518 1608 νύκτα,
528 1541 560 1616 τῇ
576 1537 685 1595 κατόπιν
699 1538 787 1616 ἡμέρᾳ
799 1542 897 1600 πολλοῦ

117 1629 180 1706 πρδς
196 1627 231 1686 τά
253 1626 375 1707 βασίλεια
397 1625 587 1706 συνδραμόντος
607 1626 701 1707 όχλου,
720 1631 847 1706 προῆλθεν
862 1632 897 1697 εἰς

117 1715 261 1794 τούμφανές
273 1724 331 1782 ταῖς
350 1720 450 1794 θυρῖσιν
468 1716 601 1775 ἐπιστᾶσα
613 1724 672 1781 ταῖς
689 1718 847 1792 βλεπούσαις
861 1720 896 1785 τίς

116 1805 161 1864 τδν
178 1805 230 1885 πρὸ
245 1807 297 1864 τῶν
320 1807 405 1884 θυρῶν
416 1804 566 1875 στενωπὸν,
589 1804 634 1862 καὶ
649 1808 753 1884 πρῶτον
770 1804 818 1881 μέν
835 1806 895 1877 ι’δή·

115 1896 187 1952 λωσε
201 1901 254 1959 τοῖς
268 1896 383 1971 παροῦσι
396 1889 454 1959 τοθς
469 1894 660 1970 βουλεύσαντας
674 1894 717 1951 ἀπὶ
732 1895 769 1973 τῷ
790 1896 895 1973 βασιλεῖ

117 1981 163 2039 τὸν
185 1981 277 2059 φόνον,
300 1979 344 2039 καὶ
365 1978 424 2049 τοὺς
444 1980 488 2040 ίπῖ
501 1971 610 2061 τούργον
633 1980 831 2049 ἀποσταλέντας
852 1979 896 2040 ὑπ’

116 2072 201 2128 αὐτῶν
212 2069 361 2145 δεδεμένους
370 2071 540 2149 παρήγαγεν·
556 2069 658 2142 ἔπειτα,
671 2075 706 2136 ῶς
717 2062 770 2130 εἶδε
782 2069 895 2138 πολλοὺς

115 2157 319 2239 ὀλοφυρομένους
330 2182 358 2217 τε
372 2158 496 2224 τὸπάθος
514 2159 624 2226 καὶτοῖς
640 2159 791 2239 δεδρακόσιν
807 2160 893 2239 ἀπεχ-

60 2249 88 2287 2⁰
114 2247 251 2324 θομένοος,
267 2249 417 2307 τελευτῶσα
439 2236 510 2307 εἶπεν
529 2248 603 2306 οὐδὲν
617 2250 702 2315 αὐτοῖς
718 2251 748 2308 ίκ
766 2251 817 2307 τῶν
833 2251 894 2307 dro-

54 2677 83 2715 25

114 2338 176 2395 σίυιν
190 2336 423 2412 έπιόουλευμάτων
435 2335 570 2415 γεγονέναι
583 2333 686 2416 [πλέον]
702 2337 731 2394 ού
747 2336 892 2406 δυνηθεῖσιν

113 2428 265 2484 ἀποκτεῖναι
276 2428 302 2485 Τ
305 2425 437 2503 αρκύνιον.
453 2423 616 2501 Ἀγαπητῶς
630 2423 656 2482 δέ
667 2425 710 2484 τὸν
722 2423 800 2501 λόγον
812 2422 896 2482 ἁπάν-

114 2536 166 2570 των
182 2511 348 2588 δεξαμένων,
362 2510 421 2569 τότε
439 2511 482 2570 τὸν
493 2509 608 2570 Τύλλιον
625 2512 711 2577 αὐτοῖς
726 2509 893 2588 συνίστησιν,

115 2603 151 2661 ὡς
179 2597 230 2657 ύπδ
260 2605 305 2658 τοῦ
339 2596 468 2676 βασιλέως
490 2597 628 2676 ἐπίτροπον
650 2596 774 2657 ἁπάντων
796 2601 847 2658 τῶν
867 2624 894 2658 τι

116 2687 190 2746 ἰδίων
198 2687 243 2745 καὶ
253 2690 305 2746 τῶν
318 2691 410 2745 κοινῶν
420 2687 653 2762 ἀποδεικνύμενον,
664 2686 712 2752 ἕως
720 2686 795 2754 αὐτὸς
804 2683 894 2767 ῥαίσῃ.

114 2775 149 2835 Ὁ
160 2775 207 2852 μὲν
219 2766 265 2834 οὖν
280 2777 361 2850 δῆμος
370 2775 452 2854 ἀπῄει
465 2774 612 2855 περιχαρὴς
620 2776 767 2854 γενόμενος,
779 2778 801 2834 εί
814 2776 895 2850 μηδὲν

111 2863 241 2924 πέπονθεν
255 2869 270 2923 θ
285 2863 409 2944 βασιλεὺς
424 2864 515 2938 δεινὸν,
530 2864 576 2923 καί
591 2863 670 2943 μέχρι
683 2866 780 2924 πολλοῦ
793 2862 893 2936 ταύτην

111 2955 159 3026 τὴν
182 2954 258 3024 δόξαν
289 2955 358 3033 ἔχων
382 2953 507 3013 διετέλει·
537 2958 551 3013 θ
576 2953 603 3013 δέ
628 2953 755 3025 Τύλλιος,
783 2953 893 3033 ἰσχυρὰν

111 3046 187 3124 χεῖρα
203 3044 264 3122 περὶ
277 3045 355 3101 αὑτὸν
370 3041 440 3122 ἔχων
455 3043 501 3101 καί
515 3041 574 3108 τοὺς
586 3041 749 3124 ραόδούχους
761 3041 893 3119 ίπαγόμε·

57 3133 86 3171 ³⁰
111 3155 152 3199 νος
174 3132 232 3198 τοὺς
257 3130 568 3210 βασιλικοὺς,προῆλθεν
586 3133 622 3198 εἰς
642 3129 689 3202 τὴν
712 3130 826 3210 α’γοράν,
846 3131 891 3191 καὶ

111 3223 170 3290 τοὺς
187 3221 323 3300 Μαρκίους
343 3220 482 3299 ἐκήρυττεν
496 3222 571 3293 ήκειν
594 3220 733 3302 ὑφέξοντας
752 3219 842 3293 δίκην·
857 3226 892 3289 ὡς

113 3310 135 3368 δ’
144 3312 194 3389 ούχ
208 3309 356 3382 ὑπήκουον,
368 3308 525 3388 ἐπικηρύξας
537 3311 623 3375 αύτοῒς
640 3306 737 3375 ἀϊδίους
751 3308 834 3388 φυγὰς
846 3308 891 3366 καλ

111 3399 158 3466 τδς
170 3400 259 3467 ούοίας
276 3396 419 3456 ἀναλαόὼν
434 3402 470 3466 εἷς
490 3398 520 3456 τδ
538 3396 681 3474 δημόσιον,
702 3399 824 3478 ἀσφαλῶς
838 3396 890 3469 ἤδη

111 3489 160 3562 τὴν
168 3488 316 3563 Ταρκυνίου
330 3497 453 3568 κατεῖχεν
468 3489 565 3569 ἀρχήν.

154 3579 201 3638 Vl.
226 3578 361 3653 Βούλομαι
383 3580 407 3636 δ’
423 3579 568 3649 ἐπιστήσας
589 3577 633 3636 τὸν
654 3578 710 3647 ἑξῆς
729 3576 805 3654 λόγον
826 3581 889 3637 ἀπο·

112 3666 258 3733 δοῦναιτάς
276 3668 374 3739 αἰτίας,
388 3668 421 3725 δι’
444 3666 475 3734 ἃς
497 3665 555 3725 ούτε
572 3666 672 3745 lessio
692 3664 890 3742 συγκατεθέμην

112 3754 173 3813 οὔτε
190 3755 242 3823 τοῖς
254 3754 341 3824 ἀλλοις
355 3758 503 3834 ἱστορικοῖς,
514 3754 570 3814 όσοι
581 3756 724 3835 γράφουσιν
738 3754 807 3820 υἱοὺς
823 3743 890 3813 εἶναι

110 3843 170 3910 τοὺς
187 3844 409 3925 καταλειφθέντας
425 3844 521 3909 παῖδας
543 3845 594 3901 ὑπὸ
614 3841 773 3921 Ταρκυνίου,
793 3840 889 3919 ἵναμή

109 3956 176 3998 τινες
188 3936 240 3991 τῶν
250 3934 360 4000 ἀκείναις
371 3932 530 4011 ἐντυχόντων
543 3932 600 3997 ταῖς
609 3932 734 4010 ἱστορίαις
743 3932 889 4009 σχεδιάζειν

110 4043 144 4093 με
160 4018 340 4093 ύπολάύιοσιν,
356 4023 405 4098 ούχ
424 4018 494 4084 υἱούς
518 4019 575 4077 ἀλλ’
595 4018 701 4085 υἱωνούς
724 4018 803 4075 αὐτοῦ
824 4015 888 4095 γρά-

109 4131 190 4185 φοντα
217 4106 277 4174 τοὺς
297 4108 405 4175 παῖδας.
448 4106 610 4167 Παντάπασι
625 4105 676 4185 γδιρ
691 4102 888 4182 ἀπερισκέπτως

109 4197 155 4257 καὶ
166 4195 288 4276 ῥαθύμως
302 4198 326 4254 οἱ
342 4203 501 4275 συγγραφεῖς
513 4198 598 4255 αὐτῶν
610 4196 708 4266 ταύτην
720 4192 889 4272 ἐξενηνόχασι

108 4286 155 4357 τήν
166 4285 294 4365 ἱστορίαν,
305 4283 377 4343 οὐδέν
390 4284 544 4356 ἐξητακότες
558 4288 610 4343 τῶν
621 4284 795 4363 ἀναιρούντων
806 4284 888 4354 αὐτὴν

109 4373 243 4432 ἀδυνάτων
255 4394 283 4430 τε
298 4373 344 4431 καὶ
355 4373 473 4433 ἀτόπων·
487 4364 524 4432 ῶν
536 4373 648 4433 ἕκαστον
663 4373 715 4454 ἐγὼ
729 4371 888 4450 πειράσομαι

69 4475 75 4483 ’
107 4466 220 4533 ποιῆσαι
231 4461 341 4543 φανερὸν
353 4462 387 4520 δι’
394 4462 501 4541 ὀλίγων.
544 4462 690 4542 Ταρκύνιος
701 4465 729 4521 ἐκ
739 4460 887 4541 Τυρρηνίας

108 4551 299 4626 μετανίσταται
317 4550 362 4608 τὀν
380 4540 452 4609 οἷκον
471 4549 530 4609 όλον
548 4552 792 4628 ἀνασκευασάμενος
811 4551 885 4628 ἔντη

107 4640 238 4721 κρατίστη
253 4647 297 4702 τοῦ
314 4649 415 4721 φρονεῖν
432 4640 558 4720 ὑπάρχων
574 4640 680 4720 ἡλικία·
701 4635 887 4698 πολιτεύεσθαι

106 4729 158 4810 γάρ
172 4728 280 4802 ήδηκαῖ
296 4729 443 4810 ἄρχεινκαὶ
455 4729 489 4786 τδι
507 4728 582 4788 κοινά
597 4728 723 4806 πράττειν
737 4727 815 4797 ἀξιῶν
836 4749 887 4783 πα-

108 4819 255 4896 ραδίδοται,
270 4818 316 4877 καὶ
332 4818 381 4889 τήν
399 4818 514 4898 ἄπαρσιν
535 4819 632 4876 ἐκεῖθεν
652 4817 827 4893 πεποιημένος
842 4813 886 4873 διδι

52 4915 80 4954 ⁶⁰
107 4907 136 4966 τ“ο
144 4908 278 4985 μηδεμιᾶς
286 4906 444 4986 ἀντῇπόλει
454 4910 532 4983 τιμῆς
541 4905 767 4984 μεταλαμόάνειν.
808 4901 886 4963 ‘'Ere-

108 5019 151 5075 ρος
164 4996 213 5074 μέν
229 4985 274 5055 σύν
290 4996 321 5054 ἀν
333 5018 372 5063 τις
383 4997 461 5056 αὐτὸν
474 4995 583 5055 ὑπέθετο
597 4994 643 5054 καῖ
658 4992 814 5074 τριακοστὸν
830 4992 886 5058 ἔτος

106 5085 201 5164 Ῑχοντα
221 5084 405 5165 τούλάχιστον,
416 5084 463 5151 ,δτι
483 5088 583 5163 ἀπῆρεν
606 5086 636 5144 ἐκ
655 5083 818 5164 Τυρρηνίας·
834 5080 886 5158 πρὸ

104 5176 203 5249 ταύτης
214 5175 265 5255 γθιρ
281 5178 305 5234 οἱ
321 5173 395 5252 νόμοι
412 5178 459 5246 τῆς
472 5174 577 5245 ἡλικίας
591 5170 736 5232 κωλύουσιν
748 5175 783 5238 ὡς
797 5168 841 5228 tsi
855 5165 886 5226 τό

105 5263 175 5323 πολὺ
196 5262 255 5331 τοθς
283 5262 423 5344 ἀρχειντε
444 5263 490 5323 καῖ
507 5262 631 5342 πράττειν
656 5257 828 5341 βουλομένους
850 5255 883 5314 τὰ

1675 451 1732 511 lea

954 595 965 619 ι
985 580 1058 628 carate
1069 583 1166 629 creatus
1180 581 1264 641 tueris,
1278 586 1382 645 paterno
1397 595 1481 631 arbore
1499 583 1560 632 istos
1574 598 1662 648 pueros
1674 602 1731 651 pro·

954 707 966 730 «
984 690 1107 752 sequaris:
1126 705 1182 741 cum
1194 706 1254 742 vero
1270 692 1302 741 od
1313 696 1412 742 aetatem
1427 693 1523 743 virilem
1541 697 1696 759 pervenerint
1708 701 1735 751 et

954 816 965 839 ν
984 797 1016 847 arl
1031 801 1205 864 rempublicam
1224 805 1399 867 capessendam
1415 806 1494 858 idonei
1512 808 1611 870 luerint,
1629 810 1734 862 alterum

955 927 967 950 ι
982 922 1068 959 eorum
1080 910 1198 960 maiorem
1212 915 1272 962 natu
1282 915 1448 964 ltomanorum
1460 930 1543 981 regem
1552 917 1676 983 designes.
1688 941 1701 963 ν

985 1021 1015 1068 V.
1033 1020 1078 1068 llis
1095 1019 1169 1070 dietis
1187 1023 1212 1071 et
1230 1021 1313 1085 pueris
1332 1024 1452 1076 ambobus
1472 1028 1497 1076 iu
1519 1029 1584 1078 ulnis
1604 1031 1686 1093 generi
1709 1035 1735 1082 et

953 1115 1009 1165 tiliae
1023 1116 1152 1181 impositis.
1167 1120 1296 1184 utriusque
1312 1136 1433 1173 summam
1450 1125 1642 1179 misericordiam
1663 1130 1732 1180 erci-

953 1217 1028 1280 tarit;
1051 1221 1078 1268 et
1098 1233 1155 1269 cum
1178 1224 1276 1287 tempus
1295 1229 1461 1289 opportunum
1480 1233 1553 1291 esset,
1570 1243 1602 1280 ex
1618 1230 1733 1283 eubiculo

952 1333 1057 1383 egressa.
1071 1323 1220 1376 domesticos
1236 1328 1305 1378 iussit
1316 1343 1356 1380 res
1368 1344 1454 1381 omnes
1466 1333 1617 1383 necessarias
1625 1334 1656 1384 acl
1670 1335 1734 1399 regis

953 1420 1053 1472 vulnera
1073 1425 1181 1476 curanda
1200 1441 1286 1491 parare
1306 1430 1457 1480 etrnerlicos
1472 1445 1614 1484 conuocare.
1648 1436 1731 1486 lnter·

951 1525 1027 1577 nrissa
1042 1531 1127 1578 autem
1141 1530 1181 1579 illa
1193 1535 1272 1591 noete,
1285 1534 1396 1595 sequenti
1405 1535 1454 1589 «lie,
1472 1550 1549 1599 quum
1563 1536 1647 1600 urgens
1659 1538 1733 1589 turba

950 1630 982 1679 acl
1000 1632 1091 1695 regiam
1106 1635 1279 1694 concurrisset,
1298 1636 1388 1698 prodiit
1402 1636 1427 1685 in
1441 1639 1553 1688 omnium
1563 1644 1732 1704 conspectum,

950 1734 1020 1782 stans
1034 1733 1065 1782 ad
1077 1733 1199 1782 fenestras
1207 1748 1265 1797 qum
1277 1737 1419 1799 spectabant
1432 1737 1464 1786 ad
1480 1739 1554 1802 regiae
1565 1741 1732 1801 vestibulum

949 1847 979 1883 ae
1001 1833 1107 1899 primum
1126 1834 1226 1896 quirlem
1240 1837 1394 1889 adstantibus
1415 1840 1532 1890 indicarit
1554 1856 1605 1901 eos,
1625 1844 1669 1905 qui
1681 1843 1732 1908 regi

949 1940 1042 1990 cedem
1052 1938 1129 1989 moliti
1138 1943 1228 2001 essent,
1240 1955 1331 2004 eosque
1345 1944 1387 2007 qui
1401 1945 1432 1993 erl
1444 1945 1467 1994 iel
1481 1947 1575 1997 lacinus
1584 1948 1731 2011 patrandum

948 2042 980 2092 ab
993 2042 1040 2092 illis
1060 2041 1128 2091 missi
1139 2043 1252 2104 inerant,
1273 2044 1369 2094 uinctos
1383 2047 1502 2109 proluxit
1521 2066 1526 2096 :
1543 2048 1640 2105 deinde.
1653 2065 1731 2113 quum

950 2142 1011 2194 uidit
1023 2142 1114 2192 multos
1126 2142 1195 2193 illum
1210 2157 1296 2193 casnm
1308 2144 1390 2208 lugere
1407 2149 1431 2196 et
1441 2146 1517 2195 crudis
1537 2148 1679 2200 auctoribus
1692 2151 1732 2200 ln·

950 2247 1743 2319 censores-e,tandemdixirnituteossretesusbiaiasioiispro·'

949 2350 1044 2409 iecisse,
1055 2351 1172 2414 quoniam
1184 2364 1265 2415 regem
1276 2351 1415 2404 interlicere
1427 2367 1475 2404 non
1486 2357 1632 2419 potuissent.
1666 2359 1729 2409 (tum

949 2456 1032 2504 autem
1045 2467 1139 2509 ,onrnrs
1152 2453 1206 2504 baec
1227 2453 1301 2505 rerba
1317 2455 1389 2507 hilari
1409 2457 1491 2507 animo
1503 2459 1667 2522 excepissent,
1677 2463 1731 2511 turn

947 2557 1056 2608 Tullium
1065 2557 1124 2621 ipsis
1135 2557 1326 2618 eornmendarit,
1345 2563 1373 2609 ut
1383 2559 1418 2610 ab
1429 2560 1482 2625 ipso
1496 2576 1552 2626 rege
1566 2563 1729 2614 constitutum

948 2675 1031 2712 rerum
1045 2661 1153 2712 omnium
1169 2664 1194 2712 et
1206 2661 1358 2725 publicarum
1376 2666 1402 2713 et
1415 2664 1568 2727 privatarum
1581 2666 1730 2724 curatorem,

948 2765 1027 2815 drinec
1048 2765 1100 2829 ipse
1126 2765 1215 2815 melius
1239 2779 1266 2816 ae
1290 2766 1399 2817 baberet.
1434 2766 1541 2830 Pupulus
1566 2767 1638 2830 igitur
1658 2768 1730 2819 lutus

948 2867 1069 2921 discessit,
1083 2867 1151 2931 quocl
1163 2881 1207 2917 rex
1220 2867 1281 2917 nibil
1298 2869 1356 2918 mali
1371 2869 1492 2931 gravioris
1510 2869 1652 2932 accepisset,
1669 2872 1694 2921 et
1704 2871 1730 2921 in

947 2984 975 3020 ea
1002 2970 1114 3033 opinione
1136 2970 1179 3019 rliu
1210 2972 1307 3022 mansit.
1342 2972 1437 3021 Tullius
1464 2986 1532 3032 cero,
1548 2971 1629 3021 ualida
1656 2987 1729 3025 manu

947 3074 1058 3138 stipatus,
1073 3089 1129 3125 eum
1139 3077 1212 3138 regiis
1221 3075 1350 3125 lictoribus
1360 3075 1447 3138 prodiit
1457 3076 1480 3124 in
1489 3076 1579 3133 lorum,
1590 3080 1614 3125 et
1624 3077 1729 3129 biarcios

946 3190 990 3240 per
1004 3191 1143 3241 preconem
1160 3178 1184 3227 in
1196 3177 1313 3227 iudicium
1327 3181 1358 3227 acl
1373 3191 1487 3228 (nussam
1503 3177 1633 3228 dicendam
1644 3182 1728 3233 venire

945 3280 1028 3342 iussit;
1046 3296 1151 3345 cumque
1172 3296 1218 3331 non
1237 3285 1360 3342 parerent,
1378 3281 1492 3332 absentes
1512 3282 1599 3332 exsilio
1614 3283 1728 3334 multavit

945 3391 1053 3441 elbonis
1071 3404 1156 3442 eorum
1182 3389 1312 3454 publicatis
1333 3394 1386 3442 luto
1407 3404 1509 3454 mgnum
1533 3393 1657 3456 Tarquinii
1679 3394 1722 3444 ob·

945 3493 1026 3544 tinuit.

975 3614 1018 3661 Vl.
1035 3614 1105 3660 Nune
1122 3613 1203 3660 autem
1227 3611 1374 3662 narrationis
1387 3626 1486 3662 cursum
1505 3613 1600 3678 sistens,
1621 3614 1724 3667 reddere

944 3716 1001 3765 colo
1018 3715 1134 3775 rationes,
1150 3728 1195 3762 cur
1213 3727 1292 3777 neque
1305 3713 1379 3764 Fabio
1398 3729 1479 3778 neque
1494 3716 1548 3766 aliis
1565 3717 1725 3781 scriptoribus

944 3817 1071 3876 assentior,
1081 3818 1124 3880 qui
1135 3817 1232 3867 trallunt
1243 3830 1333 3880 pueros
1344 3817 1406 3879 illos,
1420 3819 1462 3882 qui
1472 3832 1487 3868 a
1498 3820 1632 3882 Tarquinio
1646 3821 1725 3873 relicti

945 3919 1049 3981 fuerant,
1068 3920 1131 3970 filios
1152 3922 1206 3971 eius
1223 3920 1300 3972 luisse
1320 3935 1373 3971 :ne
1392 3921 1433 3984 qui
1450 3935 1544 3980 eorum,
1566 3921 1608 3985 qui
1630 3922 1655 3971 iu
1667 3922 1725 3974 illo-

944 4039 1000 4074 rum
1018 4023 1134 4074 historias
1155 4023 1280 4085 incidunt,
1303 4037 1343 4074 me
1364 4025 1417 4073 lime
1443 4023 1541 4073 finxisse
1561 4023 1722 4085 arbitrentur,

943 4129 1011 4194 quod
1023 4128 1079 4180 illos
1095 4143 1186 4193 prueros
1201 4143 1250 4179 non
1264 4128 1326 4179 tilios
1342 4129 1385 4178 sert
1399 4132 1499 4192 nepotes
1513 4129 1632 4193 Tarquini
1647 4129 1724 4179 luisse

943 4234 1051 4284 dixerim.
1093 4234 1198 4283 Omnino
1215 4233 1280 4282 enirn
1294 4231 1470 4282 inmusiderate
1484 4236 1508 4281 et
1523 4232 1670 4295 negligenter
1680 4244 1724 4281 eon

943 4353 998 4389 rum
1010 4339 1141 4402 scriptores
1154 4339 1208 4388 lime
1222 4336 1370 4393 retulerunt,
1385 4349 1432 4384 nou
1443 4333 1589 4385 examinatis
1604 4336 1639 4385 eis
1653 4348 1721 4398 qum,

943 4457 999 4492 curn
1009 4440 1077 4491 nullo
1090 4446 1161 4505 paeto
1172 4441 1225 4491 lieri
1236 4441 1361 4505 potuerint
1372 4443 1396 4489 et
1406 4437 1513 4488 absurda
1524 4437 1580 4498 sint,
1592 4437 1665 4487 lrclem
1676 4435 1721 4485 tol·

941 4546 992 4596 lant
1006 4565 1012 4595 ι
1026 4559 1083 4609 qum
1098 4545 1192 4605 singula
1211 4558 1255 4606 ego
1271 4545 1355 4607 paneis
1374 4542 1495 4606 explicare
1511 4541 1627 4592 conabor.
1659 4543 1720 4589 Tar·

940 4649 1039 4713 quinius
1052 4662 1083 4700 ex
1091 4649 1188 4699 Etruria
1199 4661 1255 4696 cum
1266 4651 1317 4696 tota
1328 4647 1419 4695 tarrrilia
1427 4646 1539 4708 migrarit
1549 4646 1664 4701 maiole,
1674 4656 1722 4705 qua

940 4753 1053 4804 homines
1071 4752 1174 4801 summis
1194 4751 1280 4813 ingenii
1311 4750 1405 4799 viribus
1426 4749 1513 4798 llorere
1537 4746 1623 4796 solent.
1659 4744 1721 4791 cum

940 4856 1006 4908 enim
1016 4856 1063 4905 iam
1079 4859 1105 4905 et
1117 4869 1157 4906 res
1169 4852 1278 4918 publicas
1291 4855 1406 4911 tractare,
1421 4855 1445 4900 et
1456 4849 1612 4911 magistratus
1626 4856 1720 4908 gerere,

940 4964 966 5010 et
987 4957 1162 5023 rempublicam
1182 4956 1354 5006 administrare
1370 4954 1451 5012 vellet,
1468 4950 1512 5000 sed
1534 4946 1671 4997 incivitate
1688 4947 1720 4998 ad

940 5063 1021 5114 nullos
1037 5061 1142 5113 bonores
1155 5060 1335 5120 admitteretur,
1356 5056 1486 5117 emigrasse
1504 5049 1618 5101 traditur.
1652 5051 1720 5103 nlius

940 5165 1015 5231 igitur
1033 5164 1143 5225 diceret,
1161 5177 1219 5215 enm
1233 5166 1292 5212 tune
1304 5159 1432 5211 minimum
1455 5155 1532 5207 luisse
1554 5154 1719 5214 tricenarium,

942 5280 1000 5319 eum
1018 5280 1048 5317 ox
1062 5263 1162 5317 Etruria
1177 5262 1292 5315 naemu
1307 5262 1380 5329 (anta
1393 5258 1538 5313 baueenim
1552 5262 1653 5312 etatem
1665 5255 1718 5321 plo·

1240 5440 1467 5479 ..ὼ
1587 5347 1626 5399 ¹³·
1682 5390 1686 5403 ⁸
