3772 5828
564 375 859 452 ANTIQUITATUM
880 374 1030 437 ROMAN.
1054 373 1125 433 ΗΒ.
1150 371 1200 429 ll'.

82 530 214 605 sponsistat
232 517 279 580 καί
295 517 420 600 βαρύτης,
442 513 487 573 καί
500 511 531 571 τὸ
546 512 583 591 μὴ
598 514 721 590 παρεῖναι
735 509 799 589 πρὸς
812 510 857 569 τὸν

82 614 205 688 σύλλογον
224 608 304 667 αὐτὸν
323 608 367 664 τὸν
390 601 540 676 κεκληκότα
558 605 611 660 τῶν
626 602 713 660 ἄλλων
733 600 857 659 ἁπάντων

79 685 226 783 παρόντων.
270 691 497 771 Ἀπολογουμένσυ
513 687 540 749 ll
555 693 601 747 τοῦ
616 687 753 762 Μαμιλίου
768 693 813 745 καί
823 690 858 754 είς

82 787 225 868 ἀναγκαίας
236 785 308 849 τινας
322 779 494 861 ἀναφέροντος
506 776 591 843 αἰτίας
600 775 644 834 τὸν
655 782 699 837 τοῶ
710 776 858 854 Ταρκυνίου

40 911 53 947 ς
79 874 233 959 χρονισμὸν,
258 866 437 931 εἷναόαλέσθαί
464 866 487 926 τ’
510 865 640 932 ἀξιοῦντος
665 864 708 922 τὸν
733 865 858 943 σύλλογον

80 971 116 1034 εἷς
138 965 187 1037 τὴν
203 965 326 1021 ἐπιοῦσαν
348 957 463 1034 ἡμέραν,
478 953 625 1020 πεισθέντες
638 954 662 1011 οί
674 952 794 1033 πρόεδροι
807 956 858 1012 τῶν

83 1054 203 1119 Λατίνων
219 1046 434 1117 ἂνεόείλοντοτὴν
451 1043 556 1120 βουλήν.

123 1143 225 1205 XLVI.
249 1141 293 1216 Τῇ
308 1138 330 1196 δ’
343 1135 401 1206 ίξῆς
414 1131 502 1212 ἡμέρᾳ
515 1134 603 1208 παρῆν
617 1135 632 1189 6
647 1131 801 1210 Ταρκύνιος,
815 1132 860 1191 καί

84 1230 252 1311 συναχθέντος
265 1230 311 1285 τοῦ
323 1223 463 1300 συλλόγου,
479 1218 562 1300 μικρό
577 1219 599 1279 θ’
613 1219 678 1298 ίιπίρ
693 1224 739 1281 τοῦ
753 1242 860 1301 χρονισ-

30 1350 56 1388 m
84 1327 134 1400 μσῦ
158 1314 303 1397 προειπὼν,
332 1312 399 1393 ὑπὲρ
415 1316 462 1384 τῆς
485 1307 629 1390 ἡγεμονίας
651 1306 724 1375 abab<
744 1311 861 1369 ἐποιεῖτο

83 1410 184 1489 λόγους,
195 1411 231 1473 ῶς
245 1403 314 1465 κατὰ
323 1403 355 1463 εδ
365 1403 465 1461 δίκαιον
480 1401 552 1478 αύτῷ
563 1397 755 1479 προσηκούσης,
770 1397 860 1471 ίπειδὴ

85 1499 230 1579 Ταρκύνιος
244 1492 327 1564 αὐτὴν
344 1489 473 1569 κατέσχεν
489 1494 504 1549 6
519 1487 628 1554 ποίππος
642 1489 737 1557 αὐτοῦ,
752 1486 862 1567 πολίμῳ

86 1587 261 1662 κτησόμενος,
272 1582 317 1641 καί
333 1578 379 1648 τδις
394 1576 524 1651 συνθήκας
543 1577 687 1657 παρείχετο
698 1576 745 1644 τὰς
756 1577 862 1655 γενομέ-

87 1702 130 1744 νας
143 1679 201 1740 ταῖς
215 1672 308 1731 πόλεσι
321 1669 386 1748 πρὸς
399 1670 506 1728 ἐκεῖνον.
551 1663 642 1726 Πολίιν
662 1664 690 1723 δί
706 1664 783 1745 λόγον
797 1665 863 1745 ίιπίρ

34 1789 59 1829 εει
85 1771 132 1824 τοῦ
147 1761 248 1823 δικαίου
263 1760 309 1818 καί
321 1761 377 1816 τῶν
384 1757 531 1834 ὁμολογιῶν
546 1752 681 1822 διεξελθὼν
692 1755 738 1813 καὶ
759 1755 864 1834 μιγοίλα

87 1854 133 1921 τὰς
152 1853 241 1915 πόλεις
254 1850 433 1928 εὐεργετήσειν
445 1845 635 1925 ὑποσχόμενος,
648 1843 692 1904 lb
707 1845 776 1921 ίντῇ
791 1845 865 1926 φιλίᾳ

89 1941 255 2018 διαμείνωσι,
270 1939 396 1996 τελευτῶν
414 1936 514 1994 ἔπειθεν
528 1932 622 2002 αὐτοὺς
637 1932 681 1994 ἐπί
695 1931 726 1991 τὸ
742 1934 864 1994 Σαόίνων

88 2033 161 2097 ἔθνος
176 2024 367 2106 συστρατεύειν.
410 2025 460 2092 Ὠς
471 2022 491 2087 δ’
501 2021 635 2081 ἐπαύσατο
655 2021 753 2098 λέγων,
767 2025 865 2102 παρελ-

92 2118 144 2180 θὼν
159 2123 174 2179 6
186 2116 287 2196 Τύρνος
300 2119 314 2173 6
328 2114 373 2175 καί
387 2112 432 2172 τον
446 2110 558 2194 ὀψισμὸν
572 2113 651 2170 αὐτοῦ
666 2110 800 2172 δεαύαλὼν
820 2113 868 2171 οὐκ

36 2234 65 2272 ao
91 2209 133 2269 εία
147 2204 207 2275 τοὺς
221 2203 359 2284 συνέδρους
372 2201 543 2282 παραχωρεῖν
560 2204 598 2276 τῷ
613 2200 688 2280 ἀνδρί
703 2205 749 2271 τῆς
767 2202 866 2280 ἀρχῆς,

91 2302 126 2364 ὡς
138 2294 196 2357 οὔτε
217 2293 286 2353 κατὰ
300 2293 331 2351 τό
350 2290 449 2350 δίκαιον
470 2293 542 2368 αύτῷ
556 2288 739 2367 προσηκούσης
755 2288 810 2347 οὔτ’
825 2291 869 2349 inl

91 2390 129 2466 τῷ
142 2382 303 2463 συμφέροντι
324 2382 377 2438 τῶν
399 2377 520 2438 Λατίνων
535 2378 725 2452 δοθησομένης·
737 2375 783 2436 καί
806 2379 871 2436 πολ·

31 2509 41 2530 ι
91 2475 153 2540 λούς
167 2475 232 2551 ίιπὲρ
247 2470 402 2548 ἀμφοτέροιν
417 2467 533 2536 διεξῆλθε
551 2465 655 2544 λόγους,
677 2464 724 2531 τδες
742 2465 789 2542 μίν
810 2491 872 2528 ουν-

94 2564 189 2634 θήκας,
208 2561 240 2624 ἃς
254 2557 413 2627 ἐποιήσαντο
424 2554 489 2635 πρὸς
500 2553 544 2612 τόν
563 2555 673 2613 πείππον
691 2556 770 2615 αὐτοῦ
789 2579 873 2637 παρα-

35 2688 65 2726 25
95 2648 220 2722 διδόντες,
234 2645 283 2718 τὴν
305 2643 447 2721 ἡγεμονίαν
471 2640 596 2702 λελύσθαι
623 2643 707 2720 λέγων
735 2641 801 2720 μετδι
829 2642 872 2701 τὸν

96 2739 195 2801 ἐκείνου
209 2735 331 2808 θάνατον,
344 2731 388 2791 διὰ
403 2732 431 2792 τό
454 2731 492 2810 μὴ
506 2730 720 2812 προσγεγρόρθαι
733 2734 791 2800 ταῖς
808 2734 873 2811 δμο-

95 2827 207 2905 λσγίαις,
227 2820 372 2894 τὴναύτίςν
388 2811 454 2880 εἶναι
467 2820 568 2900 δωρεὰν
587 2821 632 2879 καί
653 2828 706 2888 τοῖς
726 2821 872 2901 Ταρκυνίου

95 2915 223 2994 ἐγγόνοις·
245 2911 329 2972 τόνδ’
353 2910 474 2980 ἀξιοῦντα
490 2913 542 2968 τῶν
567 2917 613 2969 τοῦ
635 2911 745 2969 πάππον
771 2912 874 2987 δωρεῶν

95 3008 268 3085 κληρονομεῖν
284 2998 408 3058 οίπείντων
421 2997 565 3079 ἀνθρώπων
577 2998 800 3078 παρανομώτατον
812 3001 875 3060 ἀπο·

43 3132 69 3171 30
96 3093 193 3176 ραίνων
210 3090 255 3149 καί
270 3088 457 3168 πονηρότατον,
472 3087 560 3166 [καί]
574 3087 620 3154 τδις
630 3086 735 3166 πράξεις
743 3089 821 3148 αὐτοῦ
835 3093 874 3149 δι·

98 3180 188 3250 εξιύιν,
209 3177 239 3245 ἃς
263 3177 307 3238 ἐπὶ
334 3180 372 3256 τῷ
393 3178 538 3256 κατασχεῖν
558 3173 607 3246 τὴν
619 3173 762 3252 Ῥωμαίων
789 3178 874 3258 ἀρχὴν

98 3269 280 3329 ἐπετελέσατο.
324 3263 470 3332 Διεξελθῶν
483 3265 510 3324 δὲ
524 3262 624 3331 πολλθς
633 3265 712 3323 αὐτοῦ
726 3264 771 3323 καί
791 3267 875 3334 δεινὰς

98 3357 272 3437 κατηγορίας,
293 3356 422 3414 τελευτῶν
443 3352 578 3413 ίδίδασκεν
600 3357 635 3420 ὡς
654 3352 713 3411 οὐδὲ
731 3354 780 3425 τὴν
802 3358 875 3433 βασι·

98 3452 172 3510 λείαν
188 3440 243 3527 εἶχε
258 3447 305 3522 τὴν
321 3445 465 3524 Ῥωμαίων
492 3445 562 3506 κατὰ
574 3435 667 3522 νόμους
681 3444 743 3522 παρ’
763 3448 874 3506 ἑκόντων

41 3556 72 3593 35
97 3535 301 3616 λαόὼν,ῶσπερ
314 3539 338 3595 οἱ
362 3535 414 3616 πρὸ
434 3537 513 3594 αὐτοῦ
534 3535 661 3613 βασιλεῖς,
675 3531 764 3601 ὅπλοις
781 3535 808 3592 δὲ
830 3539 875 3597 καί

104 3628 149 3710 βίᾳ
164 3625 335 3706 κατισχύσας,
355 3628 512 3707 τυραννικήν
527 3650 555 3685 τε
571 3629 717 3708 μοναρχίαν
738 3653 874 3705 καταστη-

102 3714 295 3795 σόμενος,τούς
321 3715 369 3792 μίν
383 3716 533 3777 ἀποκτείνοι
553 3720 604 3774 τῶν
638 3723 763 3793 πολιτῶν,
780 3721 838 3790 τοὺς
851 3724 875 3783 l·

102 3808 234 3878 ἐξελαύνοι
248 3810 294 3878 τῆς
306 3807 439 3887 πατρίδος,
451 3810 503 3865 τῶν
513 3807 540 3864 δὲ
551 3807 705 3888 περικόπτοι
718 3809 764 3876 τίς
776 3811 875 3892 οὐσίας,

100 3901 226 3961 ἁπάντων
243 3898 264 3956 δ’
284 3895 339 3972 δμα
360 3894 408 3967 τὴν
428 3896 579 3976 παρρησίαν
594 3899 639 3955 καὶ
661 3896 710 3969 τὴν
728 3901 875 3980 ἐλευθερίαν

43 4001 72 4039 40
99 3993 253 4069 ἀφαιροῖτο·
278 3988 378 4058 πολλῆς
402 4009 431 4046 τε
452 3987 553 4066 μωρίας
566 3987 615 4068 ίρη
638 3990 684 4049 καί
706 3988 876 4058 θεσόλαύείας

100 4072 178 4155 εἶναι,
191 4077 265 4156 πορθ
287 4081 402 4155 πονηροῦ
416 4077 462 4137 καί
482 4077 587 4138 ἀνοσίου
600 4080 697 4159 τρόπον
710 4082 828 4161 χρηστόν
851 4107 877 4141 τε

100 4167 145 4227 καί
159 4166 341 4247 φιλάνθρωπον
351 4165 476 4239 ίλπίζειν,
491 4166 536 4225 καί
549 4169 663 4243 νομίζειν
678 4172 713 4235 ὡς
725 4173 739 4227 6
752 4173 804 4227 τῶν
816 4192 877 4247 συγ·

101 4255 264 4332 γενεστότων
278 4277 306 4313 τε
321 4253 367 4313 καί
381 4255 594 4332 ἀναγκαιοτάτων
607 4256 644 4333 μὴ
659 4257 815 4336 φεισόμενος
825 4262 877 4318 τῶν

103 4344 246 4422 ἀλλοτρίων
269 4340 405 4424 ρείσεεαι·
418 4344 531 4424 παρῄνει
544 4343 570 4403 θ’
582 4343 630 4411 ἕως
648 4345 723 4407 σύπσι
735 4352 779 4406 τὸν
795 4349 876 4427 χαλε-

47 4455 74 4494 ss
101 4430 145 4491 νδν
160 4431 285 4511 εἰλήφασι
299 4434 346 4502 τῆς
359 4430 486 4500 δουλείας,
506 4433 628 4515 περὶτοῦ
643 4434 681 4512 μὴ
696 4435 788 4496 λαθεῖν
800 4435 878 4496 αύτθν

103 4520 291 4599 διαμάχεσθαι,
308 4518 336 4589 ἐξ
346 4511 384 4581 ῶν
400 4521 484 4601 ἕτεροι
498 4525 645 4582 πεπόνθασι
665 4523 754 4583 δεινῶν
770 4547 879 4601 τεκμαι-

95 4608 227 4689 ρομένους
243 4609 260 4668 ἃ
276 4609 443 4687 συμόόσεται
458 4615 551 4671 παθεῖν
562 4613 658 4679 αὐτοῖς.

144 4700 260 4760 vall.
284 4699 405 4780 Τοιαύτη
420 4702 575 4783 καταδρομῇ
592 4706 640 4763 τοῦ
657 4700 761 4783 Τύρνου
775 4724 879 4782 χρησα·

104 4786 195 4865 μένου,
212 4789 258 4847 καί
279 4792 332 4848 τῶν
354 4792 459 4850 πολλῶν
477 4790 577 4872 σρόδρα
592 4792 748 4864 κινηθέντων
769 4791 881 4857 ἑστίασις

50 4898 79 4936 οε
104 4873 200 4952 λόγοις,
220 4877 398 4955 αἰτησόμενος
420 4880 457 4946 εἰς
477 4879 621 4956 ἀπολογίαν
644 4879 819 4959 δ’ίάρκύνιος
833 4878 881 4950 τὴν

107 4963 233 5023 ίπιοῦσαν
248 4966 351 5044 ἡμέραν
371 4969 417 5027 καί
434 4965 537 5041 λαθὼν,
552 4970 588 5034 be
604 4971 618 5026 6
633 4967 757 5045 σύλλογος
776 4967 882 5039 διελύθη

106 5052 883 5134 παρακαλέσαςτούςδνογκαιοεοίτουςίσκόπεεμετ’ίκείνων

107 5139 163 5200 τίνα
178 5143 308 5222 χρηστέον
328 5147 381 5211 τοῖς
403 5145 543 5224 πράγμασι
566 5145 672 5224 τρόπον.
715 5145 752 5204 Οί
771 5143 819 5221 μίν
839 5135 884 5205 σύν

109 5230 183 5291 ἀλλοι
197 5231 257 5300 τοίις
267 5232 370 5314 λόγους,
383 5231 427 5301 st<
440 5224 473 5307 ἦν
491 5236 563 5313 αὐτῷ
576 5231 682 5293 λεκτέον
696 5232 740 5291 tat
753 5237 801 5306 τῆς
816 5235 886 5294 ἀπο-

1628 366 1690 426 θθθ

912 516 1035 566 adessent.
1070 514 1118 564 sed
1133 509 1280 561 defendente
1302 508 1372 557 illom
1388 504 1505 563 Mamilio,
1519 509 1544 555 et
1564 506 1691 570 Tarquinii

913 652 997 688 moras
1004 635 1149 687 necessariis
1173 631 1321 698 quibusdam
1342 635 1367 681 et
1381 629 1526 694 urgentibus
1543 630 1639 679 caussis
1650 644 1691 680 ex·

912 767 1022 823 cussnle,
1043 766 1068 812 et
1082 766 1111 810 ut
1124 759 1255 810 concilium
1270 758 1296 808 in
1317 757 1451 806 crastinum
1463 756 1529 805 diem
1547 753 1693 804 differretur

913 886 1033 949 rogante,
1057 884 1178 948 principes
1200 882 1342 933 Latinorum
1359 881 1414 932 eius
1435 880 1546 931 oratione
1563 877 1692 929 'commodi

912 1006 1044 1057 concilium
1054 1005 1212 1055 distulerunt.

947 1148 1031 1196 xnvl.
1051 1147 1168 1210 sequenti
1191 1158 1250 1195 νειο
1268 1145 1309 1196 die
1324 1145 1392 1197 venit
1413 1146 1575 1209 Tarquinius,
1594 1150 1619 1196 et
1632 1158 1695 1195 con-

918 1245 1005 1291 vocato
1016 1239 1134 1299 coneilio,
1160 1241 1280 1304 prmtatus
1303 1253 1381 1304 pauca
1400 1243 1428 1290 ut
1448 1255 1476 1289 se
1493 1244 1610 1304 purgaret
1628 1238 1695 1302 quod

917 1336 998 1386 serios
1016 1333 1139 1394 venisset,
1159 1336 1244 1385 statim
1255 1333 1287 1385 de
1307 1335 1444 1400 principatu
1464 1334 1540 1384 verba
1551 1333 1633 1384 lacere
1646 1346 1697 1383 om·

915 1430 961 1494 pit,
984 1428 1103 1492 quemad
1123 1444 1150 1478 se
1174 1429 1228 1478 iure
1242 1427 1363 1491 pertinere
1380 1425 1491 1483 dicebat,
1505 1425 1620 1488 quoniam
1632 1426 1695 1474 'lar-

917 1522 1019 1587 quinius
1043 1535 1106 1572 asos
1128 1521 1208 1586 ipsum
1228 1520 1303 1571 armis
1326 1518 1457 1583 quaesitum
1481 1517 1647 1567 obtinuisset:
1672 1522 1698 1569 et

918 1617 1070 1667 conditiones
1101 1617 1215 1677 l'mderis,
1230 1616 1298 1680 quod
1321 1616 1405 1680 populi
1430 1629 1488 1665 curn
1511 1614 1552 1664 illo
1575 1616 1696 1679 fenerant,

918 1715 1028 1779 protulit.
1063 1716 1127 1764 cram
1139 1716 1221 1763 autem
1230 1711 1325 1776 prolixa
1337 1712 1450 1762 oratione
1459 1711 1491 1762 de
1502 1711 1590 1762 iureet
1600 1710 1699 1762 lnsleris

919 1806 1101 1857 conditionibus
1111 1805 1280 1864 disseruisset,
1293 1810 1319 1856 et
1338 1805 1434 1869 magnis
1450 1805 1572 1855 Maenalis
1585 1821 1600 1856 a
1615 1820 1641 1857 se
1652 1820 1698 1871 po·

920 1903 992 1968 pulos
1010 1901 1110 1952 Latinos
1131 1900 1247 1951 allectum
1269 1900 1299 1951 iri
1322 1899 1476 1964 promisisset
1488 1938 1494 1958 ,
1506 1900 1528 1949 si
1547 1900 1572 1949 in
1591 1898 1700 1950 amicitia

921 1994 1126 2060 permansissent,
1148 1993 1248 2043 tandem
1273 1993 1420 2057 persuadere
1440 1992 1487 2042 illis
1512 1992 1648 2042 conabatur
1671 1998 1701 2042 ut

922 2093 1009 2139 eontra
1023 2087 1168 2139 Sabinorum
1185 2092 1283 2152 gerulam
1297 2100 1382 2138 secum
1397 2085 1577 2151 expeditionem
1588 2085 1699 2152 suscipe·
1778 2153 1782 2162 Ι

922 2187 985 2235 rent.
1020 2182 1068 2233 b'bi
1079 2182 1176 2233 dicendi
1192 2183 1265 2233 linem
1286 2181 1357 2240 lecit,
1374 2184 1633 2253 Turnnsprogressus
1653 2185 1702 2238 est,

922 2282 949 2330 et
972 2278 1026 2327 eius
1046 2289 1141 2326 inuram
1164 2275 1309 2326 crirninatus
1334 2289 1383 2325 non
1407 2274 1547 2339 patiebatur
1570 2273 1703 2324 nonniiium

924 2370 1027 2436 imperio
1035 2370 1068 2420 illi
1085 2370 1173 2421 cedere
1184 2370 1249 2434 equod
1264 2384 1344 2434 neque
1358 2370 1412 2420 iure
1426 2370 1456 2419 ad
1478 2383 1535 2419 eum
1554 2368 1701 2433 pertineret,

924 2479 1023 2530 neque,
1048 2467 1070 2516 si
1089 2466 1112 2517 ei
1128 2467 1246 2527 daretur,
1270 2466 1408 2530 reipublicm
1425 2466 1567 2515 Latinorum
1587 2464 1703 2529 prolutu-

925 2571 981 2608 rum
989 2560 1056 2608 esset
1066 2578 1072 2607 ι
1081 2559 1192 2608 etmulta
1201 2558 1233 2607 de
1245 2561 1349 2620 utraque
1359 2572 1385 2607 re
1393 2557 1526 2607 disseruit:
1539 2557 1616 2605 lmdns
1627 2555 1702 2609 enirn,

926 2650 992 2715 quod
1008 2665 1066 2700 cum
1080 2651 1134 2700 eius
1152 2664 1199 2699 avo
1218 2650 1311 2699 tradito
1330 2650 1365 2700 illi
1376 2650 1478 2714 imperio
1495 2649 1624 2706 iecissent,
1649 2651 1705 2710 post

926 2744 980 2795 elus
991 2747 1095 2793 mortem
1112 2744 1216 2793 solutam
1229 2742 1335 2801 dicebat,
1349 2741 1417 2806 quod
1433 2755 1481 2791 non
1502 2741 1655 2804 adscriptum
1662 2752 1704 2791 es·

926 2841 965 2887 set
980 2838 1005 2886 in
1027 2836 1125 2887 roderis
1135 2835 1325 2895 conditionibus,
1344 2841 1372 2885 ut
1384 2835 1448 2885 idem
1466 2835 1559 2885 donum
1579 2831 1705 2898 Tarquinii

927 2929 1153 2995 posterisdaretur:
1169 2928 1408 2991 demonstrabamus
1424 2928 1520 2992 ipsum,
1533 2927 1578 2992 qui
1591 2929 1664 2978 vellet
1680 2926 1706 2976 in

928 3025 968 3074 ani
988 3025 1043 3075 iura
1056 3024 1201 3086 succedere,
1215 3023 1325 3074 omniurn
1337 3024 1479 3073 mortalium
1489 3022 1707 3073 sceleratissimum

929 3120 954 3168 et
966 3118 1101 3184 pessimum
1113 3131 1167 3169 esse
1180 3137 1186 3166 ι
1198 3119 1224 3168 et
1239 3131 1369 3169 recensens
1378 3130 1407 3167 ea
1423 3130 1480 3179 «quas
1494 3117 1601 3176 iecerat,
1617 3120 1646 3165 ut
1657 3118 1705 3164 im-

930 3213 1024 3276 perinm
1039 3214 1204 3262 Romanorum
1218 3214 1367 3276 occuparet,
1383 3214 1439 3275 post
1450 3208 1530 3259 multa
1539 3207 1708 3272 atquegravia

929 3302 1032 3354 crimina
1043 3305 1067 3353 in
1086 3319 1143 3355 mm
1155 3310 1280 3367 marpesia,
1295 3302 1394 3354 tandem
1407 3304 1491 3354 docuit
1500 3316 1557 3354 eum
1566 3314 1708 3366 naregnum

930 3398 1031 3463 quidem
1056 3402 1221 3449 Romanorum
1244 3413 1272 3450 ex
1289 3400 1340 3462 leue
1365 3414 1380 3449 a
1400 3374 1538 3449 nolentibus
1564 3397 1705 3461 accepisse,

931 3493 1139 3560 quemadmodum
1156 3494 1297 3558 superiores
1311 3506 1396 3556 reges,
1410 3493 1454 3543 sed
1468 3492 1544 3542 armis
1557 3494 1585 3543 et
1601 3490 1708 3555 pervim

933 3591 1083 3651 occupatum
1104 3590 1204 3645 tenere,
1222 3585 1297 3649 idque
1315 3586 1339 3634 in
1354 3587 1504 3649 tqrannieam
1518 3586 1709 3636 dominationem

937 3680 1189 3742 neumasensium
1204 3680 1265 3730 alios
1277 3679 1433 3740 interlicere,
1449 3682 1511 3731 alios
1526 3680 1605 3744 patria
1626 3679 1710 3744 pulsos

931 3778 956 3829 in
967 3775 1081 3827 exsilium
1098 3787 1178 3840 agere,
1196 3774 1258 3825 alios
1274 3775 1381 3825 fortunis
1396 3774 1510 3842 spoliare,
1520 3775 1638 3826 omnibus
1651 3786 1711 3824 sem

932 3870 1006 3921 simul
1017 3870 1155 3921 libertatern
1168 3869 1269 3920 vivendi
1282 3871 1310 3919 et
1327 3869 1443 3933 loquendi
1455 3869 1550 3934 eripere
1569 3887 1575 3918 :
1588 3868 1710 3920 hominis-

932 3980 981 4030 que
996 3965 1067 4016 valde
1079 3963 1149 4015 stulti
1172 3967 1198 4014 ei
1217 3966 1300 4016 mente
1310 3963 1377 4026 capti
1392 3976 1446 4012 esse
1459 3962 1570 4024 dicebat,
1588 3963 1609 4014 si
1626 3964 1713 4027 quise

932 4074 1000 4111 saro
1012 4074 1041 4111 ae
1056 4058 1132 4124 impio
1143 4058 1238 4121 ingenio
1248 4057 1342 4123 aliquid
1356 4056 1413 4107 boni
1422 4061 1465 4107 aut
1481 4057 1582 4107 bumaoi
1592 4061 1712 4123 speraret,

932 4160 958 4209 et
969 4157 1121 4210 existimaret
1137 4155 1189 4205 toro
1202 4159 1231 4204 nt
1244 4155 1266 4205 is
1278 4155 1322 4218 qni
1330 4153 1471 4205 bominibus
1483 4155 1626 4218 cognatione
1635 4158 1662 4206 et
1671 4168 1713 4206 ne·

932 4254 1082 4306 cessitudlne
1097 4251 1144 4301 sibi
1153 4249 1359 4302 coniunctissimis
1373 4264 1421 4300 non
1434 4252 1592 4314 pepercisset,
1603 4254 1713 4315 parceret

933 4347 1026 4399 alienis.
1072 4351 1155 4406 Quare
1175 4346 1294 4398 suadebat
1310 4347 1355 4403 ut,
1378 4343 1577 4408 quandoquidem
1604 4343 1712 4393 nondum

934 4439 1059 4491 servitutis
1072 4440 1169 4490 trenam
1189 4438 1347 4504 recepissent,
1363 4437 1422 4487 totis
1446 4437 1541 4488 viribus
1555 4439 1712 4495 resisterent,

934 4534 1000 4585 neid
1023 4533 1172 4599 reciperent,
1195 4547 1227 4584 ex
1244 4533 1348 4583 aliorum
1370 4530 1552 4583 calamitatibus
1575 4531 1633 4595 quid
1655 4531 1715 4596 ipsis

935 4632 1080 4678 eventurum
1094 4633 1161 4679 esset
1176 4629 1341 4679 coniieientes.

967 4724 1063 4773 Xbi'll.
1076 4724 1140 4772 cum
1153 4722 1227 4786 igilur
1240 4726 1338 4772 Turnus
1352 4722 1386 4773 ita
1402 4723 1426 4772 in
1438 4720 1597 4787 Tarquinium
1615 4717 1714 4768 invelie-

937 4815 1013 4872 retur,
1026 4811 1148 4875 multique
1164 4811 1211 4861 bac
1224 4813 1335 4862 oratione
1358 4813 1517 4861 vehementer
1539 4807 1655 4857 commoti
1675 4819 1716 4857 es·

937 4903 1001 4958 sent,
1012 4899 1176 4963 Tarquinius,
1191 4902 1316 4963 postulato
1337 4900 1449 4964 sequenti
1468 4899 1508 4948 (lie
1524 4896 1555 4946 ad
1569 4910 1596 4944 se
1608 4909 1715 4959 purgan-

937 4985 996 5035 dum
1030 4987 1054 5032 et
1081 4984 1226 5049 impetrato,
1258 4988 1313 5049 post
1333 4984 1464 5033 eonsilium
1499 4980 1626 5031 dimissum
1659 4994 1716 5032 eum

938 5070 1082 5122 necessariis
1104 5072 1156 5122 suis
1169 5073 1326 5122 consultabat
1338 5070 1456 5134 quidnam
1479 5069 1618 5121 iaciendum
1640 5076 1714 5120 esset.

939 5159 987 5210 Altl
1007 5158 1084 5223 intur
1104 5172 1192 5211 eorum
1209 5158 1398 5226 suppeditabant
1411 5159 1448 5219 ei,
1465 5174 1522 5226 qum
1537 5159 1576 5212 sni
1597 5161 1716 5227 purgandi

938 5260 1029 5300 aaut
1041 5250 1109 5301 tusi
1117 5244 1243 5313 didm,
1252 5251 1280 5301 st
1288 5246 1322 5299 dn
1331 5246 1407 5299 modo
1419 5262 1471 5315 quo
1488 5249 1654 5302 multitudinis
1674 5250 1720 5299 be·
