3772 5828
168 272 229 335 sis

168 433 180 457 ι
196 405 260 484 πρὸς
270 407 354 463 ταῦτα
365 401 398 462 τά
404 402 493 462 δίκαια
501 401 548 462 καί
559 400 654 481 εὔορκα
659 403 822 483 ψηφίσασθε.
832 430 845 455 r
852 405 946 463 Ταῦτα

167 497 213 551 τοῦ
236 491 373 552 Σκαπτίου
396 491 531 569 λέγοντος,
551 488 629 557 αἰδὼς
647 489 730 570 είσῄει
753 490 812 558 τοὺς
833 491 948 557 ίιπάτους

169 581 393 657 ίνδυμσυμένους,
408 583 443 646 ὡς
458 578 518 638 οὔτε
533 578 634 637 δίκαιον
648 575 707 638 οὔτ’
720 578 875 657 εδπρεπίςή
886 577 946 650 δίκη

168 671 282 750 λήψεται
292 670 379 742 τέλος,
399 670 430 727 άν
443 690 502 727 τινα
514 665 769 746 ἀμρισόητουμένην
792 666 834 749 tp’
851 668 947 747 έτίριον

127 785 139 821 s
169 757 258 839 χώραν
276 755 403 828 δικαστὴς
424 755 534 835 αἱρεθείς
552 759 566 813 ό
587 753 731 829 Ῥωμαίων
750 757 848 834 δῆμος,
865 754 946 833 μηδέ·

168 870 233 907 ποτε
247 850 327 917 αὐτῆς
349 842 585 920 ἀντιποιησόμενσς
598 846 684 924 ἑαυτῷ
705 844 869 924 προσδικάσῃ
889 843 948 912 τοδς

169 935 401 1016 ἀμρισόητοῦντας
421 931 589 1012 ἀφελόμενος
604 932 650 990 καί
662 932 755 991 πολλοὶ
775 933 875 1013 σφόδρα
889 930 947 991 ut-

167 1027 271 1104 χδησαν
292 1025 329 1087 εἰς
341 1019 495 1100 ἀποτροπὴν
510 1023 555 1078 τοῦ
575 1018 732 1101 πράγματος
746 1022 798 1081 ὑπὸ
812 1025 864 1081 τῶν
880 1019 948 1079 ίιπά-

168 1134 220 1172 των
234 1111 346 1170 καὶτῶν
366 1106 521 1186 ἡγουμένων
542 1111 589 1179 τῆς
608 1109 704 1187 βουλῆς
720 1108 792 1188 λόγοι
815 1109 946 1180 διακενῆς.

115 1222 141 1262 ιιι
165 1197 202 1258 Oi
218 1199 269 1279 γάρ
285 1196 455 1276 ἀνειληφότες
469 1196 516 1263 τδς
527 1196 632 1278 abipsa(
647 1194 748 1267 πολλὴν
762 1195 865 1276 μωρίαν
880 1186 946 1255 εἶναι

167 1287 287 1366 λέγοντες
301 1286 404 1365 έτέρους
427 1294 553 1364 περιορᾶν
578 1281 612 1343 τά
635 1283 747 1365 σρέτερα
771 1284 945 1367 κατέχοντας,

166 1375 214 1437 καί
228 1377 276 1436 οὐκ
291 1374 396 1441 ιάσεόίς
413 1372 519 1439 ἐξοίσειν
534 1373 608 1440 τίλας
630 1373 880 1449 ὑπολαμάάνοντες,
900 1373 946 1433 idn

166 1463 315 1545 Ἀρικηνοὺς
333 1461 350 1532 ἢ
368 1462 507 1540 Ἀρδεάτας
527 1461 630 1542 κυρίους
655 1460 814 1530 ἀποδείξωσι
831 1465 878 1533 τῆς
893 1464 946 1538 άμ-

167 1553 381 1633 ρισόητουμένης
397 1555 444 1626 γῆς
459 1550 629 1627 ὀμωμοκότες
643 1541 681 1607 ῶν
694 1551 725 1608 ἂν
738 1549 848 1628 εὕρωσιν
864 1551 945 1622 αὐτὴν

116 1661 140 1701 ις
167 1625 247 1694 οὖσαν
263 1636 363 1694 τούτων
380 1637 537 1715 ἐπικρινεῖν·
560 1644 614 1703 τοῖς
625 1660 654 1696 τε
670 1637 849 1713 δικαζομένοις
866 1637 946 1717 ἀργὴν

168 1724 287 1803 ἔχοντες,
303 1725 343 1782 ὅτι
363 1723 423 1791 τοὺς
447 1723 690 1805 ἀποστερουμένους
715 1729 797 1795 αὐτῆς
818 1725 946 1791 δικαστάς

167 1810 281 1883 ἠξίωσαν
295 1811 406 1889 λαόεῑν,
422 1811 466 1870 ίνα
479 1811 546 1890 μηδὲ
561 1813 667 1893 ὕστερον
683 1813 722 1872 έτι
742 1814 946 1895 σρίσινίγγένη·

167 1925 212 1960 ται
225 1900 274 1974 τὴν
283 1905 382 1961 ίαιιτῶν
398 1902 611 1980 ἀνακομίσασθαι
626 1907 731 1981 κτῆσιν,
744 1904 777 1976 ἣν
792 1904 865 1963 αὐτοὶ
879 1903 946 1980 μετά

166 1990 244 2071 όριεου
261 1991 421 2058 δικάσαντας
437 1989 532 2071 ἑτέρων
556 1991 707 2069 ἐπέγνωσαν
730 1982 807 2051 εἶναι.
851 1994 944 2052 Ταῦτα

112 2100 139 2139 ao
168 2079 200 2152 δὴ
214 2081 377 2158 λογιζόμενοι
393 2079 439 2139 καί
458 2083 680 2156 ἀγανακτοῦντες,
694 2079 780 2159 τρίτον
801 2080 943 2139 ἐκέλευσαν

165 2174 271 2242 τεθῆναι
286 2171 413 2228 καδίσκον
433 2171 498 2247 ὑπὲρ
519 2173 565 2239 τῆς
584 2168 684 2235 πόλεως
708 2167 853 2244 Ῥωμαίων
874 2167 944 2227 κατὰ
982 2220 987 2233 .,

166 2258 281 2329 ίκάστην
296 2256 399 2336 φυλὴν,
414 2260 450 2323 είς
463 2256 492 2316 δν
505 2256 681 2328 ἀποδήσονται
701 2256 748 2323 τάς
766 2256 884 2338 ψόφους·
899 2256 944 2315 καΙ

166 2344 266 2421 γίνεται
280 2344 378 2410 πάσαις
403 2351 461 2410 ταῖς
485 2344 609 2424 ψήφοιςδ
633 2342 775 2421 Ῥωμαίων
799 2344 881 2419 δῆμος
896 2348 944 2415 τῆς

167 2431 315 2510 ἀμριλόγου
338 2430 428 2511 χώρας
446 2431 544 2513 κύριος.
588 2435 682 2493 Ταῦτα
701 2432 748 2511 μὲν
771 2433 815 2492 ἐπὶ
841 2432 940 2491 τούτων

112 2547 138 2585 ος
167 2521 219 2577 τῶν
235 2520 343 2578 ὑπάτων
355 2520 485 2599 ἐπράχθη.

207 2610 285 2670 illl.
309 2609 422 2689 Μάρκου
445 2610 472 2668 δέ
498 2609 622 2671 Γενυκίου
651 2609 697 2669 καὶ
720 2607 800 2671 Ιάίου
824 2608 944 2671 Καῖντίου

165 2697 213 2768 τὴν
230 2696 316 2776 ἀρχὴν
340 2698 554 2779 παρειληφότων,
578 2701 607 2757 σί
626 2697 763 2757 πολιτικαὶ
785 2696 866 2756 πάλιν
883 2697 945 2754 ἀνί-

165 2809 262 2845 σταντο
282 2786 424 2866 διαφοραὶ,
448 2793 501 2846 τῶν
526 2788 675 2863 δημοτικῶν
699 2785 841 2856 ἀξιούντων
861 2784 944 2845 ἅπασι

165 2870 309 2952 Ῥωμαίοις
324 2875 418 2944 ἐξεῖναι
428 2874 475 2944 τὴν
490 2874 589 2934 ὕπατον
608 2875 695 2954 ἀρχὴν
709 2873 865 2950 λαμόάνειν·
880 2873 944 2940 τέως

110 2988 138 3029 το
165 2963 216 3042 γάρ
233 2966 256 3022 oi
269 2962 403 3042 πατρίκιοι
414 2963 487 3040 μόνοι
507 2964 639 3043 μετῄεσαν
651 2964 746 3035 αὐτὴν,
761 2964 787 3020 έν
800 2966 856 3028 ταῖς
870 2964 943 3042 λοχί-

165 3075 232 3110 τισιν
252 3051 404 3121 ἐκκλησίαις
425 3052 660 3126 ἀποδεικνύμενοι·
686 3051 766 3125 νόμον
781 3073 810 3107 τε
827 3051 944 3129 συγγρά-

164 3145 261 3222 ψαντες
281 3140 347 3218 ὑπὲρ
374 3141 426 3196 τῶν
448 3142 582 3199 ὑπατικῶν
607 3141 783 3219 ἀρχαιρεσιῶν
811 3139 943 3219 είσέρερον

164 3233 188 3290 oi
204 3230 262 3291 τότε
287 3232 502 3309 δημαρχοῦντες,
524 3229 598 3295 έκτδς
628 3228 683 3293 ἑνὸς
707 3226 789 3287 Ιάίου
812 3227 943 3305 Φουρνίου

164 3322 274 3392 πάντες,
293 3324 316 3378 οἱ
333 3318 420 3378 λοιποί
441 3318 578 3396 συμρρονή
588 3339 695 3390 σαντες,
719 3317 747 3374 έν
761 3305 784 3396 ᾧ
800 3315 844 3372 τόν
861 3315 943 3389 δῆμον

111 3447 137 3486 35
165 3408 267 3468 ίποίουν
296 3408 384 3485 κόριον
413 3411 460 3477 τῆς
485 3405 649 3482 διαγνώσεως
674 3406 732 3461 καθ’
758 3406 804 3461 ἕνα
833 3404 944 3463 ἕκαστον

165 3497 300 3567 ίνιαυτδν,
319 3494 369 3554 εἴτε
382 3494 535 3574 πατρικίους
552 3495 671 3571 βούλοιτο
685 3492 801 3567 μετιέναι
816 3493 864 3563 τὴν
877 3495 944 3551 ὑπα-

165 3587 237 3646 τείαν
256 3584 308 3643 είτε
323 3584 489 3661 δημοτικούς.
536 3581 597 3663 Ἐφ’
610 3573 647 3648 οἷς
663 3583 830 3656 ἠγανάκτουν
852 3584 877 3640 σί
898 3588 943 3640 τοῦ

167 3675 331 3750 βουλευτικοῦ
372 3673 526 3750 μετέχοντες
561 3670 714 3750 συνεδρίου,
744 3670 944 3747 καταλυομένην

164 3765 212 3833 τήν
228 3767 327 3822 ἑαυτῶν
344 3762 498 3821 δυναστείαν
515 3764 642 3841 δρῶντες,
667 3762 712 3820 καί
728 3760 816 3820 πάντα
841 3761 938 3837 ὕπομέ·

111 3870 137 3906 tu
164 3875 215 3909 νειν
235 3852 317 3931 ᾤοντο
332 3853 383 3909 δεῖν
399 3851 525 3929 πρότερον
547 3849 565 3921 ἢ
588 3849 633 3907 τδν
651 3849 730 3925 νόμον
753 3849 841 3927 κύριον
866 3851 944 3908 έᾶσαι

165 3940 299 4016 γενίσίιαι·
322 3940 398 4019 ὀργαί
413 3963 442 3998 τε
465 3939 510 3999 καί
534 3937 691 4016 κατηγορίαι
715 3938 759 3996 καὶ
781 3936 944 4015 ἀντιπράξεις

167 4026 281 4103 ἐγίνοντο
302 4036 417 4105 συνεχεῖς
438 4030 464 4085 ἐν
490 4026 562 4092 ttici<
588 4051 615 4084 τε
641 4024 778 4104 συλλόγοις
802 4024 847 4082 καὶ
875 4023 944 4083 κατδι

165 4113 212 4180 τὰς
227 4114 314 4179 κοινὰς
329 4115 466 4192 συνόδους,
491 4114 615 4172 ἁπάντων
636 4116 689 4170 τῶν
711 4110 858 4190 πατρικίων
880 4110 944 4189 πρὸς

166 4201 285 4267 ἅπαντας
300 4202 516 4280 ἠλλοτριωμὲνων
533 4201 591 4267 τοὺς
608 4200 773 4277 δημοτικούς.
802 4197 857 4259 Καὶ
871 4197 943 4276 λόγοι

112 4308 136 4344 ta
166 4289 259 4349 πολλοί
272 4289 319 4365 μὲν
333 4291 359 4347 ἐν
376 4293 413 4367 τῷ
430 4292 568 4373 συνεδρίῳ,
593 4290 685 4349 πολλοὶ
703 4291 730 4349 δὲ
745 4289 814 4347 κατὰ
834 4287 880 4354 τάς
900 4289 943 4347 ἒκ-

166 4378 276 4451 κλησίας
301 4380 351 4438 ὑπὸ
377 4382 429 4435 τῶν
455 4384 656 4458 προϊσταμένων
676 4386 723 4452 τῆς
743 4378 944 4460 ἀριστοκρατίας

167 4468 327 4547 ἐλέχθησαν,
354 4467 539 4548 ἐπιεικέστεροι
555 4471 602 4546 μὲν
622 4468 673 4529 ὑπὸ
698 4471 749 4527 τῶν
771 4468 896 4545 οἰομένων
912 4473 942 4528 ἀ-

166 4560 241 4639 γνοίᾳ
253 4566 298 4617 τοῦ
313 4556 489 4637 συμρέροντος
509 4559 669 4637 ἁμαρτάνειν
689 4556 748 4624 τοὺς
770 4558 941 4633 δημοτικοὺς,

166 4648 321 4727 τραχύτεροι
335 4647 362 4707 δὲ
379 4648 430 4705 ὓπδ
446 4651 497 4705 τῶν
515 4651 671 4724 νομιζόντων
693 4647 719 4716 έξ
743 4646 882 4719 ἐπιόουλῆς
897 4647 942 4705 καί

110 4751 136 4786 tu
167 4736 259 4809 φθόνου
274 4740 320 4793 τοῦ
336 4735 400 4815 πρδς
416 4733 510 4801 αὐτοὺς
524 4738 553 4792 τδ
566 4746 677 4816 πρᾶγμα
694 4740 856 4813 συγκεῖσθαι.

208 4825 279 4885 lli‘.
305 4823 469 4902 Ἑλκομένου
485 4823 512 4882 δὲ
536 4830 582 4882 τοῦ
602 4824 697 4905 χρόνου
723 4827 861 4894 διακενῆς,
878 4815 941 4895 ἧκον

166 4913 200 4974 εἷς
221 4911 267 4980 τὴν
281 4912 356 4973 πόλιν
372 4915 424 4973 ἀπὸ
438 4918 489 4973 τῶν
509 4913 661 4991 συμμάχων
677 4914 801 4990 ἄγγελοι,
824 4912 941 4988 λέγοντες

165 4996 204 5052 ότι
230 5002 316 5076 πολλῇ
339 5014 451 5082 στρατιᾷ
475 5001 614 5077 μέλλουσιν
640 5002 755 5057 ἐλαόνειν
781 4999 822 5058 ἐπ’
849 4998 942 5065 αὐτοὺς

164 5084 277 5144 Αἰκανοί
292 5108 320 5142 τε
344 5087 390 5144 καί
414 5091 592 5162 Οὐολοῦσκοι,
612 5085 658 5146 καί
676 5087 793 5161 δεόμενοι
817 5087 939 5164 βοήθειαν

682 269 852 332 illusisti
874 270 1257 334 Halicauiiassun'sts

1002 430 1015 454 a
1030 425 1087 475 qua
1097 412 1166 476 justa
1177 415 1203 462 ct
1214 414 1374 463 sanctasunt.
1395 414 1478 462 »llaec
1494 413 1595 479 Scaptio
1604 415 1725 477 dicente,
1742 432 1794 483 pu-

1001 506 1172 558 dorconsnles
1198 507 1288 567 subiit,
1315 507 1383 571 quod
1405 508 1541 570 cogitarent
1566 523 1648 574 neque
1671 514 1794 577 justum,

1001 611 1083 662 neque
1103 598 1234 649 honestum
1254 597 1320 649 illius
1330 598 1418 661 judicit
1433 598 1507 649 tinem
1525 601 1646 661 laturum,
1664 604 1688 651 si
1709 620 1794 670 popu·

1001 690 1175 741 lusltomanus
1197 690 1272 752 iudex
1295 689 1390 740 electus
1409 704 1495 755 agrum
1509 692 1616 756 aliquem
1637 699 1793 749 contruser-

1001 795 1066 844 sum,
1079 795 1152 846 quem
1168 795 1293 844 nunquam
1306 782 1354 833 sibi
1365 781 1529 844 vendicasset,
1541 784 1602 849 ipsis
1616 785 1793 850 litigatoribus

1002 877 1115 937 ereptum
1124 871 1172 923 sibi
1187 871 1339 934 adiudicaret
1352 873 1523 940 :plurimaque
1536 877 1684 939 rerba,tam
1701 896 1718 931 a
1728 897 1790 933 eon-

1002 963 1109 1025 suiibus,
1125 977 1225 1027 quuma
1239 968 1341 1015 senatus
1353 965 1519 1029 principibus,
1531 968 1562 1018 ad
1575 984 1628 1021 rem
1639 985 1697 1022 εστιν
1711 989 1790 1026 arer-

1001 1056 1101 1106 tendam
1119 1056 1210 1106 trustra
1223 1060 1282 1106 sunt
1298 1056 1374 1106 iacta.
1410 1061 1472 1109 Nam
1486 1059 1529 1123 qui
1543 1059 1569 1110 in
1581 1063 1705 1129 sutfragia
1717 1067 1791 1119 missi

1002 1148 1098 1198 luerent
1113 1162 1207 1215 magnac
1217 1148 1330 1199 stultitiis
1347 1163 1402 1200 esse
1415 1150 1535 1214 dicentes,
1552 1154 1604 1218 pati
1623 1169 1666 1205 res
1682 1171 1746 1209 suas
1756 1159 1790 1211 ab

1002 1241 1057 1291 allis
1064 1240 1178 1303 detineri,
1190 1255 1235 1291 nec
1249 1243 1317 1307 pium
1328 1242 1402 1294 tinem
1409 1242 1549 1304 juniolosa
1567 1246 1735 1313 imposituros
1750 1268 1789 1304 ar·

1003 1334 1129 1393 bistonios,
1147 1332 1266 1397 siagrum
1286 1339 1473 1388 controversum
1491 1337 1607 1400 Aricinis,
1629 1345 1675 1392 aut
1689 1345 1788 1398 Ardea·

1002 1421 1077 1483 tibus,
1103 1422 1294 1488 adjudicassent,
1314 1426 1381 1489 quod
1403 1428 1536 1491 jurassent,
1552 1444 1580 1483 se
1598 1446 1658 1485 eum
1680 1436 1741 1500 illis,
1755 1441 1788 1490 ad

1002 1528 1066 1577 quus
1080 1528 1138 1565 cum
1152 1515 1271 1578 pertinere
1282 1518 1468 1581 comperissent,
1485 1520 1695 1585 adjudicaturos:
1711 1533 1741 1579 et
1754 1529 1788 1580 li-

1002 1605 1148 1670 ligatoribus
1159 1606 1256 1668 intensi,
1271 1609 1338 1671 quud
1355 1623 1414 1672 eos,
1428 1624 1443 1660 a
1457 1611 1548 1674 quibus
1562 1627 1594 1664 eo
1610 1617 1790 1684 privabantur,

1001 1698 1097 1762 judices
1111 1700 1199 1763 eligere
1215 1715 1244 1750 ac
1257 1701 1349 1752 babere
1364 1703 1508 1766 voluissent,
1528 1707 1558 1755 nt
1568 1719 1600 1757 ne
1614 1708 1641 1758 in
1655 1714 1789 1774 posterum

1003 1790 1102 1854 quidem
1120 1791 1167 1841 sibi
1193 1793 1298 1857 amplius
1314 1793 1398 1844 liceret
1413 1807 1501 1858 agrurn
1520 1809 1595 1849 suum
1621 1813 1786 1865 recuperare,

1002 1893 1075 1944 quem
1096 1881 1144 1944 ipsi
1157 1881 1240 1945 jurato
1259 1881 1352 1945 judicio
1373 1882 1476 1933 aliorum
1492 1897 1547 1936 esse
1566 1890 1786 1950 pronunciassent.

1002 1975 1061 2023 llaec
1083 1973 1160 2037 igitur
1180 1973 1381 2036 considerantes,
1404 1979 1430 2026 et
1452 1977 1539 2040 iniquo
1562 1980 1647 2031 animo
1671 1982 1793 2047 terentes,

1001 2066 1101 2117 tortium
1117 2069 1246 2132 jusserunt
1258 2081 1344 2119 urnam
1368 2069 1393 2117 in
1412 2082 1561 2134 unoquoquo
1575 2073 1639 2125 tribu
1652 2075 1710 2137 poni
1734 2091 1784 2140 pro

1001 2160 1091 2224 pupulo
1101 2162 1225 2222 liumano,
1238 2160 1263 2210 in
1275 2173 1350 2222 quam
1366 2161 1456 2211 calculi
1474 2163 1658 2227 conjicerentur.
1691 2168 1779 2216 Omni·

1001 2252 1096 2316 busque
1125 2251 1247 2317 suiiragiis
1273 2253 1378 2318 populus
1403 2257 1530 2306 ltomanus
1551 2256 1600 2321 agri
1621 2259 1776 2309 controversi

1000 2344 1115 2395 domiuus
1137 2345 1284 2396 declaratur.
1314 2348 1394 2409 Αῑσοιι
1420 2345 1475 2398 buc
1499 2347 1541 2399 bis
1563 2347 1700 2400 causalibus
1714 2353 1774 2401 suat

1000 2436 1077 2494 gesta.

1030 2617 1094 2667 Llll.
1110 2618 1195 2667 llarco
1204 2618 1289 2669 autem
1304 2616 1412 2669 Genucio
1427 2622 1452 2670 et
1464 2620 1490 2671 c.
1505 2621 1609 2679 Quintio
1623 2625 1782 2692 consulibus,

1000 2707 1084 2759 civiles
1099 2708 1230 2759 discordie
1242 2710 1330 2760 iterum
1345 2713 1402 2761 sunt
1420 2712 1544 2774 excitato,
1558 2713 1661 2779 plebeiis
1674 2716 1782 2770 bomini-

1000 2798 1047 2849 bus
1059 2797 1251 2862 postulantibus,
1276 2802 1304 2849 ut
1322 2799 1436 2851 omnibus
1450 2801 1549 2854 civibus
1561 2806 1682 2858 Romanis
1693 2821 1785 2861 eonsu-

999 2891 1078 2941 latum
1100 2904 1187 2955 capere
1207 2890 1311 2941 decret:
1326 2893 1400 2953 (nam
1419 2892 1451 2943 ad
1475 2894 1544 2945 illam
1558 2910 1638 2962 usque
1654 2899 1723 2952 diem
1735 2902 1785 2954 soli

1000 2983 1105 3051 patricii,
1120 2983 1227 3035 comitiis
1249 2983 1391 3035 centuriatis
1409 2985 1536 3051 designati,
1555 2992 1714 3044 consulatum
1739 3010 1783 3060 pe-

1001 3075 1095 3138 tebant)
1105 3079 1129 3126 et
1143 3075 1186 3138 qui
1201 3079 1262 3124 tunc
1276 3075 1368 3126 tribuni
1381 3080 1459 3140 crant,
1473 3083 1564 3143 praeter
1581 3096 1659 3133 unum
1676 3085 1704 3135 c.
1719 3087 1783 3136 Fur-

1001 3170 1075 3231 nium,
1088 3167 1170 3218 cuteri
1187 3180 1272 3217 omnes
1289 3169 1414 3219 communi
1430 3183 1551 3222 consensu
1568 3172 1646 3237 legem
1659 3176 1692 3227 de
1704 3180 1784 3230 comi·

1001 3264 1042 3313 tiis
1050 3259 1220 3311 consularibus
1237 3262 1351 3311 accurate
1373 3262 1489 3327 scriptam
1508 3267 1713 3331 promulgabant,
1730 3286 1782 3334 qua

999 3358 1053 3418 lege
1069 3353 1152 3419 populi
1167 3352 1269 3403 arbitrio
1292 3354 1475 3417 permittebant,
1492 3360 1519 3407 ut
1537 3361 1670 3421 quotannis
1689 3376 1782 3424 cogno-
1839 3338 1845 3352 ⁸

1000 3453 1087 3511 sceret,
1101 3454 1185 3498 uirum
1198 3462 1212 3496 a
1233 3447 1350 3511 patriciis,
1364 3463 1395 3498 an
1405 3463 1419 3498 a
1431 3449 1544 3512 plebeiis,
1559 3455 1716 3506 consulatum
1728 3459 1781 3521 peti

1001 3544 1082 3594 vellet.
1122 3545 1160 3594 Ob
1183 3557 1239 3607 quea
1272 3540 1462 3604 indignabuntur
1477 3543 1520 3607 qui
1547 3546 1666 3596 senatorii
1686 3550 1781 3600 ordinis

1000 3644 1083 3699 erant,
1100 3638 1158 3701 quia
1179 3635 1310 3701 potentiam
1330 3649 1399 3684 suam
1414 3634 1463 3685 doc
1479 3636 1557 3688 modo
1577 3637 1631 3689 tolli
1645 3640 1780 3701 ridebant;

1000 3736 1024 3783 et
1037 3732 1135 3797 quidvis
1149 3730 1195 3780 sibi
1216 3734 1273 3780 anic
1289 3729 1431 3794 patiendum
1445 3728 1574 3792 putabant,
1586 3744 1661 3794 mam
1675 3737 1780 3797 perunit·

1000 3825 1113 3883 tendum,
1129 3829 1156 3874 ut
1178 3838 1206 3873 ca
1228 3824 1269 3874 les
1286 3823 1450 3886 perterretur:
1462 3825 1549 3886 atque,
1566 3826 1617 3873 tam
1636 3824 1662 3875 in
1676 3826 1781 3890 privatis

999 3913 1116 3973 cestibus,
1130 3926 1206 3976 quam
1227 3914 1251 3963 in
1272 3914 1378 3977 publicis
1398 3917 1573 3978 conventibus,
1592 3921 1691 3974 assidue
1711 3922 1784 3975 alteri

997 4000 1081 4051 alteris
1092 3999 1269 4060 irascebantur,
1288 4016 1314 4053 se
1324 4007 1410 4054 mutuo
1421 4007 1577 4067 accusabant,
1593 4012 1668 4073 atquc
1678 4009 1719 4061 alii
1729 4012 1784 4063 aliis

995 4090 1199 4150 adversabantur,
1216 4091 1377 4154 patriciorum
1402 4095 1490 4145 animia
1500 4111 1515 4147 a
1527 4101 1581 4148 toto
1593 4098 1688 4164 plebeio
1697 4098 1782 4149 ordine

994 4180 1145 4232 abalienatis.
1162 4179 1291 4244 Multaque
1304 4183 1379 4232 rerba
1393 4183 1418 4233 in
1438 4189 1535 4250 senatu,
1552 4188 1631 4238 multa
1644 4189 1670 4239 in
1682 4188 1778 4237 concio·

994 4271 1079 4333 nibus,
1090 4272 1121 4322 ab
1136 4271 1285 4336 optimatum
1310 4275 1462 4340 principibus
1479 4281 1536 4328 suni
1546 4275 1611 4326 iact'a
1626 4280 1716 4339 :atque
1728 4273 1775 4322 mi·

993 4363 1055 4410 tiora
1068 4362 1168 4424 quidem
1185 4365 1216 4413 ab
1232 4366 1277 4427 iis,
1301 4366 1343 4429 qui
1355 4366 1542 4421 existimabant.
1561 4364 1668 4429 plebeios
1680 4364 1711 4412 ob
1725 4362 1773 4411 uti·

993 4455 1068 4505 litatis
1084 4458 1245 4517 ignorantiam
1268 4471 1369 4520 peccare
1389 4474 1394 4501 :
1411 4458 1535 4521 asperiora
1549 4471 1608 4507 ιντο
1621 4455 1652 4505 ab
1666 4454 1707 4505 iia.
1726 4452 1771 4516 qui

991 4546 1109 4606 putabant
1122 4563 1173 4598 rem
1196 4553 1272 4598 totam
1285 4548 1446 4611 conaqiusiiam
1463 4548 1603 4611 apiebeiis,
1622 4543 1664 4610 qui
1676 4544 1721 4593 sibi
1737 4544 1775 4595 iu-

990 4635 1143 4687 sidlabantur
1162 4645 1186 4688 et
1200 4639 1352 4689 inridebant.

1028 4827 1090 4875 le.
1117 4825 1198 4881 Quum
1224 4824 1306 4871 utitem
1332 4824 1429 4883 tempus
1451 4816 1544 4866 trustra
1574 4816 1773 4879 protraheretur,

996 4916 1074 4965 nuntii
1090 4929 1104 4964 a
1119 4912 1222 4962 sociisin
1235 4911 1321 4961 uriiem
1338 4911 1472 4965 uerierunt,
1486 4905 1529 4968 qui
1548 4905 1665 4955 dixerunt
1682 4909 1775 4969 AEqnos

996 5007 1020 5054 et
1032 5005 1134 5054 i'olscos
1147 5016 1202 5051 cum
1216 5001 1305 5062 ingenti
1324 4999 1435 5047 exercitu
1448 4996 1534 5044 contra
1550 5006 1576 5043 se
1590 4993 1675 5043 uenire
1688 4992 1774 5040 dcere·

996 5093 1073 5152 τίκτω
1098 5093 1264 5156 rugaruntquc
1278 5091 1307 5138 ut
1327 5086 1445 5136 auxilium
1464 5082 1511 5132 sibi
1530 5081 1645 5132 celeriter
1664 5079 1773 5130 mittere-
