3772 5828
598 346 895 418 ANTIQUlTATUM
916 345 1064 405 ΙὶΟλίΑΝ.
1088 345 1163 405 LIB.
1187 345 1236 406 lv.

142 479 212 539 LXl.
234 479 328 537 Ταῦτα
344 476 469 555 μαθόντες
480 480 504 536 οὶ
517 475 655 555 πρίσὺεις,
671 477 759 548 ἐπειδὴ
775 478 876 556 σχολὴν

100 564 278 645 ὀπρισόὑτης
292 563 356 644 έσχε
380 565 425 625 καὶ
449 565 581 644 προσῆλθέ
594 589 632 633 τις
654 565 746 632 αὐτοῦς
765 564 876 641 μετιὼν,

100 654 257 720 εἰσελθόντες
272 651 397 734 φράζουσι
411 656 449 732 τῷ
466 651 558 728 μάντει
579 651 608 710 τδ
631 651 719 730 τέρας.
763 655 876 735 Eupato-

100 746 178 822 μένου
190 744 212 803 δ’
227 746 307 803 αὑτοῦ
324 743 370 802 καὶ
385 743 569 822 διαγράφοντος
583 743 627 801 ἐπὶ
643 747 692 813 τῆς·
701 746 750 819 γῆς
771 765 878 823 περιρε-

102 828 152 910 ρεῖς
165 856 194 892 τε
214 831 341 912 γραμμθις
363 832 409 891 καὶ
428 830 517 909 ἑτέρας
534 820 607 898 αῦθις
630 830 744 910 εὐθείας,
759 832 804 889 καὶ
820 831 878 890 καθ’

100 925 127 985 ἓν
141 924 254 984 ἕκαστον
268 925 364 1001 χωρίον
377 920 532 997 ποιουμένου
548 920 596 985 τδς
609 919 674 999 ὑπὲρ
689 923 735 991 τῆς
754 918 878 997 εὑρέσεως

102 1012 254 1093 ἐρωτήσεις,
279 1009 351 1070 οῦδὶν
375 1007 608 1088 ἐπιταραττόμενοι
638 1009 685 1079 τὴν
710 1007 818 1085 γνώμην
854 1012 878 1069 οἱ

101 1100 224 1180 πρέοθεις
236 1098 284 1171 τὴν
299 1098 380 1168 αὐτὴν
391 1099 534 1179 ἐρύλαττον
549 1098 704 1177 ἀπόκρισιν,
722 1098 813 1177 ὥσπερ
828 1100 878 1157 αὐ-

102 1191 155 1257 τοῖς
168 1193 238 1248 ὀτοῦ
251 1187 369 1264 μάντεως
385 1187 492 1246 ὑπέθετο
505 1189 575 1259 atat,
589 1185 637 1258 τὴν
652 1184 764 1264 Ῥώμην
779 1187 878 1246 καὶτὸν

102 1277 241 1359 Ταρπῆίον
264 1276 435 1353 ὀνομάζοντες
459 1276 500 1335 ἀεὶ
518 1276 596 1355 λόρον
612 1276 657 1334 καὶ
680 1277 724 1334 τὸν
750 1273 878 1354 ἐξηγητὴν

104 1370 233 1437 ἀξιοῦντες
260 1366 297 1442 μὴ
326 1364 521 1445 σφετερίζεσθαι
540 1365 570 1423 τδ
595 1372 718 1442 σημεῖον,
741 1368 800 1424 ἀλλ’
825 1366 880 1425 ἀπὶ

102 1463 146 1518 τοῦ
160 1454 303 1538 κρατίστου
316 1452 362 1512 καὶ
381 1453 545 1512 δικαιοτάτου
559 1453 656 1530 λέγειν.
699 1455 740 1514 Οὐ
765 1455 880 1523 δυνηθεὶς

103 1544 135 1617 δὴ
150 1543 389 1623 παρακρούσασθαι
402 1541 461 1609 τοθς
475 1540 570 1620 ἀνδρας
587 1546 601 1601 ὀ
620 1542 726 1621 μάντις,
739 1543 797 1601 otti
813 1565 878 1621 σρε-

104 1634 258 1715 τερίοασθαι
278 1631 323 1690 τδν
342 1631 448 1703 οὶωνθν,
465 1630 535 1708 λέγει
549 1631 612 1710 πρὸς
629 1628 734 1700 αὐτοῦς·
748 1658 761 1684 ι
774 1627 880 1711 Ἄνδρες

105 1751 119 1776 s
139 1721 376 1798 Ῥωμαῖοι,λίγετε
386 1718 880 1799 πρδςτοὶιςίαυτῶνπολίτας,ὀτικερα-

105 1840 118 1867 a
140 1812 189 1884 λὴν
201 1809 326 1891 εἵμαρται
340 1809 458 1890 γενέσθαι
470 1809 612 1885 συμπάσης
620 1808 734 1877 Ἰταλίας
747 1811 791 1871 τδν
801 1811 880 1870 τόσον

107 1930 120 1958 ε
141 1905 231 1961 τοῦτον
244 1903 270 1960 ἐν
285 1888 366 1981 ᾧτλν
380 1897 498 1980 κερκλῆν
512 1898 612 1979 εῦρετε.
629 1926 642 1950 ι
654 1897 701 1968 Ἐξ
718 1899 817 1959 ἐκείνου
829 1921 879 1958 κα·

105 1991 191 2048 λεῑται
203 1992 247 2046 τοῦ
262 1986 356 2067 χρόνου
372 1988 553 2052 Καπιτωλῖνος
565 1990 579 2044 ὑ
590 1987 682 2066 λάρος,
694 1987 738 2047 ἐπὶ
749 1990 796 2056 τῆς
810 1988 882 2067 εὑρε·

105 2076 192 2147 θείσης
211 2079 237 2134 ἰν
259 2078 330 2155 αὐτῷ
349 2078 478 2156 κεραλῆς·
508 2077 607 2134 κάπιτα
628 2074 678 2154 γδρ
703 2079 727 2136 ot
751 2074 882 2151 Ῥωμαῖοι

103 2168 212 2226 καλοῦσι
232 2164 279 2232 τδις
305 2166 429 2246 κεραλοίς.
470 2167 561 2224 Ταῦτα
586 2165 661 2244 παρὰ
683 2168 735 2223 τῶν
748 2162 882 2243 πρεσθευ·

104 2256 205 2315 σάντων
229 2253 343 2320 ἀκοόσας
370 2256 384 2310 ὁ
404 2252 560 2332 Ταρκύνιος,
568 2253 697 2324 ἐπέστησε
718 2253 772 2319 τοῖς
796 2251 882 2330 ἔργοις

103 2344 163 2411 τοὺς
183 2348 316 2422 τεχνίτας·
345 2344 390 2400 καὶ
410 2339 444 2397 τθ
475 2340 521 2416 μέν
546 2341 621 2405 πόλλ’
643 2341 812 2418 ἐξειργάσατο
834 2345 882 2399 τοῦ

104 2432 183 2507 νααῦί,
217 2433 354 2489 τελειῶσαι
383 2429 406 2486 δ’
430 2429 478 2486 οὑκ
502 2426 615 2508 ίρθασεν
646 2427 716 2486 ἅπαν
746 2432 776 2486 τὸ
806 2427 882 2507 ἔργον

106 2518 225 2580 ἐκπεσὼν
238 2519 330 2596 τάχιον
348 2520 378 2575 ἐκ
392 2521 439 2588 τῆς
453 2516 618 2582 δυναστείας·
634 2517 692 2574 ἀλλ’
708 2517 751 2576 ἐπὶ
769 2520 815 2588 τῆς
828 2516 882 2596 τρί·

52 2629 75 2651 ν
106 2630 154 2678 της
172 2605 323 2676 ὑπατείαςῆ
336 2603 480 2679 Ῥωμαίων
503 2605 578 2670 πολις
594 2603 671 2663 αῦτδν
686 2605 722 2672 είς
734 2605 882 2663 συντέλειαν

107 2694 289 2771 ἐξειργάσατο.
333 2691 463 2764 Ἐποιῆθη
482 2692 504 2750 δ’
515 2691 560 2752 ἐπὶ
573 2691 699 2772 κρηπῖδος
717 2695 818 2774 ὑψηλῆς
839 2697 883 2773 βε·

108 2781 198 2855 ὅηκὼς
212 2781 387 2862 ὀκτάπλεθρος
411 2779 457 2850 τὴν
474 2779 607 2862 περίοδον,
631 2782 769 2842 διακοσιων
796 2786 883 2845 ποδῶν

106 2873 217 2951 ἔγγιστα
233 2872 282 2942 τῆν
297 2871 411 2950 πλευρὰν
426 2871 493 2949 ἔχων
516 2870 647 2942 ἑκάστην·
662 2870 747 2949 ὀλίγον
767 2873 796 2934 δέ
815 2898 841 2932 τι
854 2873 883 2932 τδ

108 2959 264 3021 διαλλάττον
290 2959 359 3039 εὕροι
383 2983 422 3025 τις
447 2959 479 3016 δν
500 2962 546 3027 τῆς
566 2963 697 3040 ὑπεροχῆς
715 2966 760 3020 τοῦ
784 2960 884 3039 μήκους

53 3066 79 3107 ³0
107 3049 181 3130 παρὶι
201 3048 232 3107 τθ
258 3048 374 3121 πλάτος,
397 3049 451 3107 οὐδ’
475 3046 544 3105 ὅλων
565 3051 752 3108 πεντεκαίδεκα
783 3052 881 3113 ποδῶν.

108 3139 173 3198 Ἐπὶ
191 3136 242 3215 γδρ
260 3143 313 3202 τοῖς
327 3135 417 3202 αὑτοῖς
429 3136 556 3212 θεμελίοις
580 3136 673 3212 ὀμετοὶ
689 3137 736 3208 τῆν
752 3140 884 3219 ἔμπρησιν

109 3226 287 3302 οἰκοδομηθεὶς
300 3225 370 3284 κατὰ
380 3224 439 3292 τοὶις
453 3223 569 3303 πατέρας
580 3227 658 3301 ἡμῶν
671 3227 778 3306 ἱδρύθη,
791 3232 824 3307 τῇ
835 3252 885 3287 πο-

107 3315 227 3396 λυτελείᾳ
243 3318 289 3385 τῆς
303 3313 366 3386 ὑλης
379 3314 456 3391 μόνον
471 3313 636 3374 διαλλάττων
646 3320 691 3373 τοῦ
709 3315 840 3394 ἀρχαίου,
854 3319 884 3376 ἐκ

109 3405 156 3481 μὶν
169 3410 216 3463 τοῦ
228 3402 298 3460 κατὰ
312 3403 452 3480 πρόσωπον
468 3403 562 3480 μέρους
578 3406 624 3460 τοῦ
637 3401 701 3482 πρδς
714 3401 884 3481 μεαημὸρίαν

55 3514 81 3554 ³⁶
111 3493 263 3570 βλέποντος,
278 3493 382 3572 τριπλῷ
390 3489 649 3569 περιλεμῦανόμενος
663 3491 762 3571 στοίχῳ
774 3492 883 3569 κιόνων,

111 3586 142 3641 ἐκ
151 3581 178 3641 δέ
187 3584 238 3638 τῶν
250 3579 368 3659 πλαγίων
380 3580 472 3658 διπλῶ·
486 3581 545 3637 ἐνθ’
561 3581 631 3660 αὐτῷ
642 3588 710 3659 τρεῖς
719 3579 799 3638 ἔνεισι
809 3580 885 3651 σηκοὶ

112 3669 292 3748 παράλληλοι,
312 3666 398 3734 κοινὶις
412 3667 514 3746 ἔχοντες
529 3667 576 3733 τὰς
594 3669 722 3747 πλευράς·
738 3668 817 3745 μέσος
837 3668 885 3746 μὲν

112 3761 183 3817 ὀποῦ
197 3755 272 3828 Διδς,
287 3759 348 3836 παρ’
364 3755 487 3832 ἑκάτερον
500 3756 527 3814 δέ
538 3755 569 3812 τδ
580 3752 658 3833 μέρος
669 3756 686 3814 ὀ
697 3780 725 3815 τε
740 3760 787 3828 τῆς
796 3756 883 3836 Ἥρας

112 3845 184 3906 καὶδ
205 3848 250 3916 τῆς
272 3845 395 3919 Ἀθηνᾶς,
413 3846 458 3925 ὑφ’
483 3843 538 3911 ένδς
561 3846 637 3904 ἀετοῦ
652 3845 697 3903 καὶ
717 3853 779 3923 μιᾶς
795 3847 886 3924 στέγης

56 3952 83 3994 ου
110 3935 315 4011 καλυπτόμενοι.

150 4027 240 4088 Lllll.
262 4023 377 4103 Λέγεται
392 4023 419 4082 δέ
437 4045 463 4081 τι
478 4024 523 4083 καὶ
539 4022 625 4104 ἕτερον
639 4023 683 4084 ἐπὶ
704 4029 750 4096 τῆς
775 4027 886 4104 Ταρκυ-

110 4114 165 4175 νέου
180 4111 331 4178 δυναστείας
355 4110 425 4170 πάνυ
440 4111 591 4188 θαυμαστὸν
612 4111 750 4190 εὐτύχημα
766 4116 800 4190 τῇ
815 4112 886 4176 Ῥω-

111 4202 197 4278 μαίων
211 4199 324 4279 ὑπάρξαι
345 4198 433 4270 πόλει,
449 4199 502 4258 εἴτε
523 4205 588 4258 θεῶν
605 4223 673 4268 τινος
687 4201 740 4259 εἶτε
756 4200 886 4278 δαιμόνων

112 4290 199 4370 εὐνοία
218 4287 347 4368 δωρηθέν·
370 4286 436 4367 ὅπερ
450 4289 480 4347 οὗ
502 4287 566 4368 πρὸς
588 4290 674 4366 ὀλίγον
696 4290 803 4368 καιρὸν,
827 4292 886 4350 ἀλλ’

58 4400 84 4440 to
112 4380 148 4445 εὶς
163 4380 267 4436 ἅπαντα
279 4375 324 4435 τὸν
341 4375 396 4454 βίον
410 4376 535 4441 πολλάκις
552 4376 634 4448 αὐτὴν
648 4379 745 4435 ἔσωσεν
758 4379 787 4434 ἐκ
803 4377 887 4457 μεγά-

112 4468 165 4526 λων
188 4471 289 4527 κακῶν.
331 4464 402 4534 Γυνή
424 4488 462 4530 τις
483 4464 592 4546 ἀρίκετο
610 4464 674 4543 πρὶς
697 4465 741 4524 τὸν
763 4465 897 4545 τύραννον4

112 4559 160 4616 οὐκ
187 4555 334 4636 ἐπιχωρία,
367 4553 479 4631 βὺῦλους
504 4557 577 4612 ἐννέα
603 4552 701 4632 μεστθις
727 4553 888 4616 Σιὺυλλιίων

111 4648 241 4725 χρησμῶν
256 4643 446 4719 ἀπεμπολῆσαι
460 4643 581 4702 θέλουσα.
624 4643 684 4702 Ota
705 4640 839 4710 ἀξιοῦντος
860 4642 887 4703 δέ

111 4730 157 4793 τοῦ
180 4732 329 4812 Ταρκυνίου
353 4736 401 4801 τῆς
426 4729 576 4803 αἰτηθείσης
597 4735 675 4808 τιμῆς
696 4732 823 4809 πρίασθαι
843 4733 890 4799 τὰς

61 4836 88 4876 ω
114 4820 238 4902 βόθλους,
255 4821 406 4879 ἀπελθοῦσα
424 4819 495 4897 τρεῖς
515 4820 541 4887 ἐξ
559 4822 646 4878 αὐτῶν
662 4819 828 4895 κατέκαυσε,
842 4820 888 4878 καὶ

1653 353 1713 414 239

963 486 1024 534 llll.
1042 487 1102 535 llaec
1122 485 1203 535 edocti
1229 486 1316 550 legati,
1332 499 1390 537 cum
1416 487 1469 536 seni
1489 488 1568 538 olium
1589 496 1669 554 esset,
1686 498 1713 544 et

931 595 1033 661 quidam
1043 596 1175 661 prodiisset
1185 601 1261 662 atque
1275 613 1318 650 eos
1331 599 1494 659 advocasset,
1513 601 1615 666 ingressi
1629 607 1712 668 prodi-

930 708 998 772 qium
1021 709 1071 758 rati
1097 711 1274 772 exposuerunt.
1307 709 1352 760 lllo
1373 713 1457 761 autem
1483 714 1565 762 astute
1579 726 1608 763 ac
1630 713 1714 766 dolose

932 823 1034 884 agente,
1058 824 1084 869 ct
1099 820 1125 870 in
1149 823 1216 872 terra
1240 820 1396 873 describente
1420 822 1497 875 lineas
1517 824 1663 885 circulares,
1690 829 1716 878 at

933 943 1020 981 rursus
1032 930 1094 1007 allas
1112 935 1209 992 rectas,
1224 935 1249 983 et
1271 947 1314 998 per
1331 934 1441 998 singulas
1457 936 1570 1002 regiones
1587 943 1716 1003 quoerenta

932 1043 1033 1095 ubinam
1053 1048 1128 1110 eaput
1141 1046 1229 1098 luisset
1242 1047 1370 1099 inventum
1392 1050 1478 1115 legati,
1495 1049 1553 1101 nihil
1570 1051 1651 1100 antimo
1663 1054 1715 1103 tur·

934 1154 983 1205 bati
1006 1153 1071 1204 idem
1096 1168 1241 1220 responsum
1260 1162 1402 1221 servarunt,
1425 1159 1636 1224 quemadmodum
1651 1160 1716 1211 ratis

935 1258 1001 1309 filius
1015 1272 1058 1309 cos
1072 1265 1215 1323 monuerat,
1235 1264 1337 1314 Romam
1350 1265 1377 1315 et
1399 1265 1530 1329 Tarpeium
1550 1265 1636 1316 collem
1652 1279 1715 1317 sem·

933 1384 978 1436 pen
992 1371 1159 1433 nominantes,
1179 1378 1206 1424 et
1226 1374 1307 1439 ipsum
1330 1379 1413 1427 ratem
1432 1379 1547 1439 orantes,
1574 1392 1604 1428 ne
1620 1379 1715 1443 signum

933 1477 1118 1538 intervenerat,
1132 1479 1176 1529 sed
1188 1493 1264 1542 quam
1279 1481 1443 1532 sincerissime
1455 1495 1485 1533 ac
1497 1483 1638 1535 rcrisssimc
1659 1498 1715 1537 res·

934 1589 1061 1654 ponderet.
1096 1591 1139 1642 lile
1152 1604 1224 1650 reno,
1240 1606 1297 1643 cunr
1312 1593 1372 1643 illud
1386 1593 1484 1658 signum
1495 1593 1658 1647 intervertere
1670 1634 1677 1656 ,
1689 1600 1717 1647 et

934 1699 1065 1760 augurium
1081 1697 1127 1747 sibi
1149 1698 1273 1749 rinrlicarc
1298 1713 1346 1750 non
1359 1704 1458 1767 posset,
1478 1701 1513 1752 sic
1537 1716 1581 1752 cos
1595 1703 1717 1754 allocutus
1758 1742 1761 1749 ,

934 1809 974 1857 est
986 1826 992 1855 :
1002 1825 1015 1849 s
1024 1805 1121 1856 Vestris
1132 1805 1244 1867 civibus,
1258 1809 1374 1868 Romani,
1388 1808 1537 1870 renuntiate,
1552 1824 1607 1861 esse
1620 1812 1647 1861 in
1658 1811 1716 1863 tatis
1824 1822 1827 1827 '

937 1937 949 1961 a
966 1922 995 1968 nt
1006 1918 1075 1968 locus
1088 1917 1137 1977 ille,
1147 1920 1172 1969 in
1181 1932 1232 1981 qno
1242 1923 1316 1982 caput
1324 1919 1460 1982 invenistis,
1468 1921 1632 1972 totiusltaliae
1642 1925 1718 1988 caput
1812 1972 1815 1979 ,
1882 1944 1885 1951 ·

937 2043 949 2065 «
967 2022 1017 2073 dat.
1033 2043 1044 2066 υ
1055 2024 1136 2086 Atque
1147 2021 1179 2072 ab
1199 2035 1229 2072 eo
1242 2026 1351 2087 temporo
1361 2023 1430 2075 locus
1441 2039 1456 2076 a
1468 2026 1547 2090 capite
1571 2028 1603 2077 ibi
1616 2029 1718 2078 invento

939 2126 1091 2192 Capitolinus
1098 2126 1715 2196 dictuscst.Romanicnimsepalberocantcapita.

937 2234 1000 2290 Qnae
1018 2246 1075 2282 curn
1088 2233 1238 2298 Tarquinius
1258 2246 1290 2282 cn
1311 2233 1398 2298 legatis
1416 2233 1551 2295 audiisset,
1568 2234 1668 2300 opifices
1684 2237 1717 2287 ad

936 2352 1000 2403 opus
1019 2340 1185 2405 peragendum
1201 2339 1329 2401 adtribuit,
1349 2345 1376 2392 et
1390 2355 1503 2406 magnam
1521 2344 1605 2407 tempti
1620 2347 1716 2408 partem

937 2445 1154 2508 absolvi13totum
1176 2461 1233 2497 vcro
1246 2461 1308 2512 opus
1332 2448 1452 2511 perticere
1463 2463 1514 2499 non
1528 2451 1624 2513 potuit,
1643 2464 1718 2516 regno

937 2551 993 2600 ante
1005 2549 1092 2612 pulsus
1105 2570 1112 2600 :
1126 2549 1170 2601 sed
1183 2551 1256 2600 tortio
1268 2549 1404 2600 consuleris
1422 2552 1517 2616 imperii
1529 2566 1594 2602 anno
1606 2555 1713 2618 popolus

937 2659 1061 2706 Romanus
1075 2655 1100 2706 id
1120 2655 1234 2706 absolvit.
1255 2658 1415 2705 Exstructum
1429 2660 1510 2715 estac
1527 2656 1656 2707 tundatum
1672 2672 1717 2707 au·

938 2774 981 2826 per
994 2761 1118 2825 crepidine
1131 2763 1181 2812 alta
1207 2764 1266 2811 octo
1279 2762 1389 2824 iugerum
1407 2761 1517 2823 ambitu,
1534 2760 1626 2825 pedum
1642 2762 1719 2813 terme

938 2864 1101 2917 ducentorum
1109 2866 1204 2932 singula
1211 2866 1288 2918 latera
1301 2866 1396 2917 babens
1412 2887 1419 2917 ε
1434 2865 1551 2931 partiare
1568 2865 1719 2931 longitudino

939 2986 968 3022 ac
994 2972 1136 3033 latitudine,
1159 2987 1217 3038 qua
1245 2973 1288 3024 rix
1320 2971 1461 3037 quindecim
1482 2970 1589 3036 podibus
1610 2978 1718 3038 superat.

940 3080 1035 3132 Etenim
1047 3081 1179 3147 templum,
1192 3080 1258 3145 quod
1268 3093 1344 3144 supra
1352 3080 1439 3132 eadem
1450 3080 1609 3131 fundamenta
1622 3084 1720 3144 patrum

940 3187 1079 3236 nostrorum
1100 3188 1174 3236 aetate
1197 3190 1252 3249 post
1270 3184 1410 3235 incendium
1429 3184 1577 3235 aedificatum
1595 3187 1647 3245 est,
1668 3184 1720 3236 sola

940 3290 1050 3340 materias
1068 3287 1277 3353 magnificentiae
1294 3289 1375 3352 prisco
1397 3289 1488 3339 ditlert.
1523 3295 1543 3339 Α
1569 3293 1638 3352 parte
1654 3289 1721 3339 cnbn

942 3394 1029 3446 trontis
1040 3407 1097 3458 qnae
1107 3393 1138 3444 ad
1153 3393 1280 3443 meridiem
1292 3394 1342 3444 tert
1353 3393 1473 3457 triplicem
1493 3394 1663 3444 columnarum
1676 3407 1720 3443 or·
1828 3382 1831 3389 ⁴

940 3500 1022 3551 dinem
1036 3500 1120 3560 babet,
1135 3513 1150 3549 a
1163 3499 1281 3550 lateribus
1290 3498 1426 3562 simplicem
1443 3516 1449 3547 :
1462 3501 1487 3549 ct
1499 3498 1524 3548 in
1539 3498 1592 3563 ipso
1603 3498 1651 3548 tria
1662 3502 1722 3550 suut

940 3606 1044 3658 delubra
1059 3608 1128 3656 recte
1142 3605 1205 3656 serie
1218 3609 1346 3656 exstructa
1362 3608 1387 3657 et
1406 3604 1442 3654 ita
1458 3606 1520 3655 inter
1534 3618 1562 3654 se
1574 3605 1720 3665 coniuncta,

941 3718 970 3765 ut
981 3714 1120 3765 communia
1132 3712 1236 3766 babeant
1253 3714 1338 3765 latera.
1372 3716 1482 3774 Quorum
1499 3713 1609 3765 medium
1621 3713 1721 3779 quidem

941 3827 979 3872 cst
989 3821 1054 3872 loris
1069 3822 1114 3871 :ut
1122 3819 1154 3871 ab
1164 3824 1271 3885 utraque
1279 3823 1349 3884 porte
1363 3820 1470 3871 alterum
1482 3822 1599 3877 lunonis,
1614 3820 1721 3873 alterum

941 3936 1071 3994 Minervae,
1087 3932 1134 3985 sub
1150 3931 1238 3983 eodem
1249 3932 1346 3997 fastigio
1357 3935 1384 3982 et
1397 3931 1484 3983 iisdem
1498 3935 1579 3984 tectis.

973 4044 1045 4093 nxn.
1063 4040 1203 4100 Quinetiam
1214 4038 1281 4090 aliud
1292 4037 1418 4104 quoddam
1431 4038 1553 4089 lelieltatls
1563 4053 1664 4102 prorsus
1675 4040 1722 4091 ad·

942 4140 1060 4192 mirandae
1077 4139 1252 4190 documentum
1262 4139 1378 4201 regnanto
1390 4135 1524 4199 Tarquinio
1538 4139 1656 4188 Romanus
1672 4136 1722 4189 rci-

942 4221 1046 4303 publicce
1058 4236 1190 4301 contigisse
1209 4236 1295 4294 lcdur,
1311 4233 1364 4284 sire
1376 4233 1479 4283 deornm
1498 4233 1603 4286 alicuius
1614 4236 1666 4286 sine
1680 4249 1722 4299 ge·

942 4335 1040 4386 niumm
1059 4335 1144 4386 farore
1161 4349 1191 4384 ac
1209 4346 1327 4391 munere3
1341 4330 1408 4395 quod
1423 4345 1471 4381 non
1486 4330 1518 4383 ad
1533 4332 1632 4397 aliquod
1647 4333 1723 4382 breve

942 4430 1060 4495 temporis
1077 4431 1199 4495 spatium,
1219 4429 1262 4479 sed
1276 4431 1395 4494 perpetuo
1408 4428 1432 4478 in
1445 4431 1539 4491 magnis
1553 4430 1623 4479 malis
1635 4427 1721 4488 variis,

942 4544 991 4594 que
1002 4527 1119 4593 periculis
1131 4541 1185 4578 eam
1199 4527 1315 4578 servarit.
1349 4525 1470 4584 Quaedam
1485 4527 1548 4576 enirn
1560 4524 1657 4585 mulier,
1672 4537 1722 4574 non

942 4626 1069 4691 indigena,
1087 4628 1218 4691 tyrannum
1231 4624 1306 4685 adiit,
1323 4637 1410 4673 norem
1422 4622 1593 4687 Sibyllinorum
1606 4620 1721 4671 oraculo·

943 4739 998 4775 rum
1015 4723 1091 4775 libros
1104 4724 1211 4775 rendere
1228 4723 1320 4774 volens.
1356 4723 1418 4783 Sed,
1437 4727 1566 4773 recusante
1589 4718 1722 4782 Tarquinio

943 4822 1085 4873 librosillos
1108 4824 1177 4871 tanto
1193 4821 1271 4883 pretio
1294 4835 1376 4871 cmcre
1396 4823 1517 4884 quantum
1539 4817 1579 4867 illa
1608 4815 1720 4879 petebat,

113 4910 170 4987 μετ’
187 4910 217 4967 οὑ
231 4907 313 4968 πολὺν
328 4908 422 4988 χρόνον
436 4907 483 4973 τδς
498 4907 591 4974 λοιπὶις
607 4902 735 4985 ἐνέγκασα
746 4911 793 4977 τῆς
807 4908 889 4979 αὐτῆς
943 4915 1017 4976 abiit,
1027 4918 1053 4967 ct
1071 4920 1120 4966 tres
1136 4928 1222 4966 eorum
1237 4915 1431 4972 eremar1t3nec
1448 4910 1527 4960 multo
1540 4911 1596 4974 post
1615 4908 1721 4975 reliquos

114 4998 309 5071 ἐπώλειτιμῆι.
351 4995 456 5066 Δόξασα
471 4998 495 5054 δ’
510 4995 599 5076 άρρων
620 5020 659 5063 τις
673 4987 795 5055 εἶναικαὶ
808 4997 890 5073 γελα-
943 5003 1029 5056 eodem
1046 5005 1125 5069 pretio
1139 5005 1245 5055 vendere
1258 5004 1365 5055 volebat.
1398 5000 1523 5053 Pnostulta
1537 5002 1620 5050 autem
1636 4999 1723 5055 habita

115 5090 195 5147 οθεῖσ’
212 5085 254 5145 ἐπὶ
278 5089 315 5166 τῷ
328 5085 376 5157 τλν
389 5085 471 5158 αὑτὴν
482 5085 562 5162 τιμὴν
574 5086 655 5144 αἰτεῖν
667 5085 732 5163 ὑπὲρ
746 5088 798 5143 τῶν
811 5088 889 5145 ἐλατ-
943 5101 970 5150 et
981 5098 1062 5150 denua
1071 5099 1139 5162 quod
1151 5099 1176 5149 id
1190 5099 1297 5164 pretium
1308 5109 1353 5161 pro
1362 5091 1523 5160 paucioribus
1534 5091 1604 5146 libris
1615 5096 1720 5161 peteret,

115 5176 211 5252 τόνων,
230 5175 263 5247 ῆν
278 5175 333 5233 οὐδ’
348 5174 414 5255 ὑπὲρ
435 5177 488 5235 τῶν
506 5173 632 5235 πλειόνων
655 5172 764 5246 ἐδυνήθη
782 5171 890 5248 letata,
944 5191 1050 5254 quodne
1064 5206 1109 5255 pro
1124 5190 1237 5257 pluribus
1248 5189 1349 5253 qddou
1362 5184 1475 5251 accipere
1485 5188 1625 5253 potuisset3
1639 5187 1729 5265 (λεμμα,
