3772 5828
199 339 258 400 θ58

201 468 287 530 οὐκέτι
315 469 420 528 πολλῶν
445 469 573 548 ἐγκρατὴς
600 469 701 547 ἐγένετο
716 470 786 528 κατδι
809 469 908 542 ταύτην
929 469 976 542 την
1005 480 1008 491 “

203 560 352 638 στρατείαν·
369 560 393 616 ci
418 558 469 637 γδιρ
486 557 617 639 ἅνθρωποι
639 558 672 616 τδι
686 558 811 616 πλείστου
831 560 890 626 ἀξια
919 581 981 617 euc-

202 646 375 724 κευασάμεναι
398 647 556 726 παλαίτερον
571 646 609 704 ἔτι
625 646 872 726 κατεπεφεύγεσαν,
888 649 911 706 οἱ
932 647 980 722 μὲν

205 738 240 802 είς
253 735 301 806 τὴν
316 734 403 804 πόλιν,
418 739 442 793 οἱ
455 735 478 793 δ’
494 738 529 801 εἰς
543 737 575 793 τδι
590 735 703 804 πλησίον
719 734 841 814 φρούρια,
854 733 878 792 εί
888 737 935 790 τιν’
949 725 980 806 ἦν

162 861 175 898 g
204 823 367 902 ἐχυρώτατα·
383 821 416 879 τά
428 821 456 879 δέ
469 820 617 899 βοσκήματ’
632 824 717 880 αὐτῶν
729 865 737 894 ,
751 820 800 880 tina
821 824 869 900 οὐχ
886 807 936 882 aiot
952 843 981 878 τε

204 905 273 983 ἦσαν
285 911 479 983 ἀπελάσαι,καὶ
494 908 554 978 τοὺς
565 910 692 986 νέμοντας
705 911 865 991 θεράποντας
876 908 983 987 λαμύά·

204 1023 242 1058 νει
254 999 298 1058 τόν
310 1023 338 1057 τε
349 1007 420 1057 σῖτον
427 1000 471 1056 τὸν
479 1002 506 1059 έν
515 1000 572 1066 ταῖς
579 998 679 1058 ἅλωσιν
689 998 727 1058 ἔτι
740 996 858 1070 κείμενον
867 995 912 1054 καί
924 993 982 1060 τοῦς

205 1087 299 1154 ἄλλους
313 1083 439 1164 καρπούς,
454 1085 512 1154 τοὺς
522 1085 569 1163 μὲν
585 1090 612 1145 έν
626 1087 717 1167 χερσὶν
733 1087 820 1158 ὄντας,
830 1084 923 1153 τοῦςδέ
938 1086 983 1144 καί

205 1174 458 1249 συγκεκομισμένους
467 1177 625 1254 ἀναιρεῖται.
637 1174 822 1253 Προνομεύσας
833 1175 861 1234 δέ
872 1173 917 1232 καί
929 1175 983 1233 δια-

153 1288 177 1326 10
205 1261 338 1339 πορθήσας
352 1260 470 1337 ἅπαντα,
484 1263 586 1329 οὐδενὸς
603 1262 686 1340 ὁμόσε
700 1266 824 1343 χωρῆσαι
835 1261 983 1338 τολμήσαν-

203 1373 259 1421 τος,
271 1353 373 1426 ἀπῆγεν
384 1353 426 1409 ἐπ’
440 1351 512 1409 οἴκου
522 1350 570 1422 τὴν
579 1350 706 1430 στρατιδιν
716 1356 827 1430 βαρεῖαν
838 1342 918 1411 οὖσαν
929 1351 981 1424 ἤδη

204 1441 241 1518 τῷ
263 1438 357 1509 πλήθει
371 1443 424 1497 τῶν
439 1439 570 1519 ὠρελειῶν
587 1439 633 1499 καί
649 1443 733 1521 σχολῇ
749 1439 939 1520 πορευομένην.

245 1528 335 1587 XVlt.
359 1528 395 1586 Oi
411 1526 438 1586 δέ
455 1530 620 1588 Οὐολοῦσκοι
641 1531 672 1588 τδ
692 1531 797 1604 μέγεθος
812 1533 859 1600 τῆς
874 1531 983 1606 κομιζο·

205 1613 285 1690 μένης
300 1613 372 1679 λείας
387 1617 513 1693 δρῶντες,
535 1617 581 1675 καὶ
597 1617 657 1694 περὶ
677 1620 723 1687 τῆς
744 1614 886 1694 Ῥωμαίων
902 1618 982 1674 ἀτολ-

155 1723 178 1762 ιι
206 1701 268 1780 μίας
279 1703 427 1778 ἀκούοντες,
440 1702 465 1762 οἳ
475 1702 506 1776 δὴ
518 1706 582 1771 τέως
592 1705 639 1772 τὴν
646 1706 785 1786 ἀλλοτρίαν
795 1709 983 1777 λεηλατοῦντες

206 1793 287 1858 ἀδεῶς
302 1793 361 1852 τότε
375 1793 423 1866 τὴν
440 1798 526 1854 αὑτῶν
540 1799 591 1874 γῆν
603 1795 738 1875 ἠνείχοντο
749 1798 894 1876 δῃουμένην
906 1800 983 1877 θρῶν-

205 1905 263 1954 τες,
278 1881 434 1961 αὐχήματός
444 1906 473 1941 τε
489 1883 606 1961 μεγάλου
626 1886 821 1959 ἐνεπίμπλαντο
837 1886 882 1944 καὶ
897 1887 983 1944 ε’λπίδι

205 1961 272 2041 ἦσαν
288 1971 450 2048 ἡγεμονίας,
471 1974 506 2038 ὡς
522 1972 552 2042 δὴ
569 1973 658 2053 ῥοίδιον
680 1974 726 2032 καὶ
742 1978 768 2033 ἐν
782 1974 880 2055 ἑτοίμῳ
896 1972 983 2051 σρίσιν

205 2056 235 2116 δν
263 2062 411 2118 καταλῦσαι
432 2059 481 2131 τὴν
499 2063 551 2117 τῶν
576 2061 726 2120 ἀντιπάλων
749 2061 836 2141 ἰσχύν.
881 2061 983 2127 Θυσίας

152 2180 179 2220 20
205 2173 233 2208 τε
244 2149 430 2229 χαριστηρίους
441 2154 495 2215 τοῖς
510 2156 574 2216 θεοῖς
591 2154 724 2209 ἐποιοῦντο
736 2151 781 2209 καὶ
795 2150 899 2209 σκύλων
914 2152 982 2208 ἀνα·

206 2238 275 2296 θέσει
291 2236 348 2301 τοὺς
362 2234 426 2301 νεὼς
440 2237 485 2295 καὶ
499 2235 546 2304 τδις
564 2238 662 2317 ἀγορδις
684 2238 830 2316 ἐκόσμουν,
854 2237 900 2297 καί
913 2230 981 2310 ἦσαν

206 2326 320 2392 ἅπαντες
341 2328 368 2383 ἐν
384 2329 485 2405 ἑορταῖς
507 2328 552 2386 καί
567 2328 730 2395 εὐπαθείαις,
749 2327 793 2386 τόν
810 2351 839 2386 τε
860 2328 982 2408 Μάρκιον

208 2413 333 2492 ἀγόμενοι
350 2413 395 2470 καί
411 2416 549 2490 ὑμνοῦντες
563 2415 708 2488 διετέλουν,
728 2417 763 2482 ὣς
778 2414 819 2487 είη
833 2415 867 2476 τά
886 2440 915 2475 τε
930 2438 982 2475 πο-

205 2502 285 2579 λέμια
300 2502 446 2569 δεινότατος
462 2505 607 2583 ἀνθρώπων
623 2507 668 2564 καί
681 2506 844 2585 στρατηγὸς,
862 2496 982 2573 οἷοςούτε

153 2619 178 2656 aa
206 2590 340 2666 Ῥωμαῖος
350 2589 403 2648 οὔτ’
415 2590 493 2658 ἀλλος
506 2592 688 2672 [στρατηγὸς]
704 2591 841 2664 Ἑλλήνων
856 2594 873 2665 ἢ
886 2591 983 2673 βαρθά·

207 2701 257 2756 ρων
273 2681 367 2744 οὐδείς,
411 2681 540 2740 Μάλιστα
555 2680 583 2739 δέ
598 2687 645 2753 τῆς
659 2682 743 2760 τύχης
758 2683 836 2741 αὐτὸν
851 2682 982 2762 ἐμακάρι-

206 2770 266 2836 ζον,
290 2766 396 2825 ἅπαντα
415 2767 484 2835 όσοις
503 2771 678 2850 ἐπιχειρήσειε
694 2770 763 2828 κατὰ
782 2770 889 2849 γνώμην
912 2773 983 2850 αὐτῷ

206 2860 394 2936 προχωροῦντα
412 2859 522 2936 δρῶντες
544 2858 606 2936 δίχα
621 2859 711 2919 πόνου.
741 2857 829 2919 Ὥστε
850 2861 933 2927 οὐδεὶς
951 2852 983 2931 ἦν

206 2946 258 3002 τῶν
272 2942 384 3022 ἐχόντων
398 2943 446 3014 τὴν
467 2946 659 3023 στρατεύσιμον
680 2946 803 3017 ἡλικίαν,
827 2946 854 3016 ὃς
875 2947 984 3007 ἀπολεί-

154 3063 181 3102 ³0
207 3034 301 3091 πεσθοιι
315 3038 361 3092 τοῦ
376 3032 467 3110 ἀνδρὸς
481 3032 571 3109 ἠξίου,
587 3030 656 3090 ἀλλδ
666 3033 761 3099 ποίντες
773 3032 897 3114 ὥρμηντο
908 3035 985 3112 μετέ·

205 3143 262 3200 χειν
277 3124 330 3179 τῶν
345 3119 482 3198 πράξεων,
498 3121 543 3178 καλ
554 3121 683 3201 συνῄεσαν
695 3124 730 3187 ὡς
745 3122 824 3179 αὐτὸν
836 3120 862 3189 ἐξ
877 3123 984 3195 διπάσης

206 3211 318 3275 πόλεως.
362 3209 396 3268 ‘0
423 3209 449 3267 δὲ
473 3210 633 3289 στρατηγὸς,
657 3209 747 3281 ἐπειδὴ
772 3211 820 3281 τὴν
835 3211 983 3291 προθυμίαν

205 3302 257 3357 τῶν
273 3297 449 3359 Οὐολούσκων
465 3298 613 3378 έπέρρωσε,
627 3298 672 3356 καί
686 3299 715 3357 τδ
724 3301 775 3357 τῶν
790 3298 924 3376 πολεμίων
934 3303 982 3357 ἀν·

207 3389 289 3467 δρεῖον
301 3388 337 3453 εἰς
347 3387 473 3456 ταπεινὴν
488 3387 534 3445 καὶ
549 3387 674 3464 ἀνανδρον
689 3387 856 3446 κατέκλεισεν
870 3391 982 3466 ἀμηχα-

207 3480 280 3551 νίαν,
292 3479 336 3537 έπλ
348 3479 395 3545 τάς
406 3481 577 3558 συμμαχίδας
593 3482 680 3537 αὐτῶν
696 3481 784 3547 πόλεις
804 3478 864 3538 όσαι
874 3481 904 3539 τὸ
920 3504 984 3541 πισ-

206 3569 251 3627 τὸν
267 3566 437 3648 διερύλαττον
453 3559 501 3646 ἦγε
515 3567 564 3639 τὴν
580 3568 698 3646 δύναμιν·
714 3569 759 3627 καὶ
776 3571 868 3627 αὐτίκα
880 3572 986 3646 ἑτοιμα-

208 3656 320 3731 σάμενος
335 3657 384 3713 ὅσα
400 3657 434 3722 είς
449 3657 604 3737 πολιορκίαν
619 3681 638 3737 χ
642 3656 742 3738 ρησιμα
756 3651 803 3728 ἦν.
816 3657 859 3715 έπί
873 3658 984 3738 Τολερί·

207 3769 264 3811 νους
272 3745 374 3804 ἐλαύνει
383 3746 555 3804 τοῦΛατίνων
566 3745 643 3814 ὄντας
656 3747 797 3813 ἔθνους.οῑ
813 3748 838 3805 δὲ
851 3748 984 3826 Τολερῖνοι

207 3835 258 3911 πρὸ
272 3837 372 3893 πολλοῦ
392 3837 661 3916 παρασκευασάμενοι
680 3837 714 3894 τδι
738 3839 773 3903 εἰς
788 3837 830 3895 τόν
851 3837 982 3914 πολεμον,

208 3923 253 3980 καὶ
276 3924 310 3983 τὰ
325 3928 355 3982 ἐκ
377 3930 424 3997 τῆς
446 3923 535 4005 χώρας
555 3929 590 3992 εἰς
605 3924 652 3997 την
675 3925 752 3984 πόλιν
768 3926 985 4001 συγκεκομικότες

209 4010 329 4089 ἐδέχοντο
344 4012 422 4071 αὐτὸν
438 4013 553 4071 ἐπιόντα·
568 4012 612 4071 καί
623 4013 715 4093 χρόνον
735 4012 783 4087 μέν
801 4015 849 4069 τιν’
865 4016 984 4095 ἀντεῖχον

210 4099 263 4156 ἀπὸ
278 4103 329 4156 τῶν
346 4105 442 4181 τειχῶν
458 4101 621 4182 μαχόμενοι,
635 4101 680 4161 καί
700 4099 811 4169 πολλοῦς
831 4104 883 4160 τῶν
902 4106 985 4163 πολε-

210 4186 276 4262 μίοιν
292 4187 470 4265 κατέτρωσαν·
485 4189 576 4249 ἔπειτα
589 4189 641 4247 ῦπδ
658 4192 710 4247 τῶν
723 4190 901 4268 σφενδονητῶν
918 4193 984 4250 ἀνα-

209 4275 360 4350 τελλόμενοι
384 4279 428 4334 καί
453 4279 531 4357 μέχρι
551 4278 636 4350 δείλης
661 4277 736 4359 ὀψίας
756 4279 984 4358 ταλαιπωροῦντες

209 4364 296 4423 πολλὰ
308 4364 373 4443 μέρη
388 4372 433 4424 τοῦ
448 4369 548 4447 τείχους
564 4368 691 4436 ἐξέλιπον.
726 4368 812 4426 Τοῦτο
823 4369 984 4446 καταμαθὼν

210 4459 222 4512 δ
241 4453 375 4531 Μάρκιος,
397 4457 449 4521 τοῖς
467 4456 514 4531 μὲν
527 4457 614 4525 ἀλλοις
635 4457 808 4537 στρατιώταις
823 4460 984 4538 παρήγγειλε

208 4541 340 4616 κλίμακας
355 4545 509 4623 προσρέρειν
529 4549 596 4604 κατδι
618 4547 651 4606 τδι
671 4547 840 4625 γυμνούμενα
856 4548 923 4624 μέρη
939 4553 984 4604 τοῦ

210 4630 370 4710 περιόόλου,
398 4634 473 4699 αὐτὸς
492 4636 518 4690 δὲ
540 4633 600 4701 τοὺς
624 4637 778 4716 κρατίστους
801 4640 847 4706 τῆς
861 4645 985 4713 στρατιᾶς

209 4716 351 4779 ἀναλαύὼν
368 4719 410 4776 ἐπί
432 4719 478 4787 τὰς
495 4723 578 4790 πύλας
601 4722 670 4784 ἵεται
686 4726 846 4804 βαλλόμενος
868 4725 919 4781 ἀπὸ
933 4727 984 4780 τῶν

208 4808 334 4888 πύργων,
361 4810 405 4868 καὶ
436 4812 575 4891 διαρρήξας
599 4813 656 4880 τοὺς
688 4813 985 4895 μοχλοῦςπαρέρχεται

208 4902 310 4974 πρῶτος
325 4901 359 4966 εἷς
373 4899 420 4970 τὴν
437 4901 524 4961 πόλιν.
541 4892 595 4961 Ἦν
614 4902 636 4959 δ’
652 4903 792 4981 έρεστηκδς
813 4905 870 4969 ταῖς
891 4902 985 4966 πύλαις

209 4986 275 5041 πολὺ
290 4989 335 5046 καί
351 4992 477 5071 καρτερόν
492 4992 581 5071 στῖφος
598 4996 650 5050 τῶν
660 4993 807 5065 πολεμίοιν,
823 4992 848 5050 οἳ
865 4991 985 5070 δέχονταί

210 5072 233 5124 τ’
250 5073 326 5130 αὐτόν
349 5080 503 5155 ἐρρωμένως
526 5079 665 5156 καὶμέχρι
684 5081 781 5136 πολλοῦ
805 5078 985 5157 διεκαρτέρουν

210 5159 401 5236 ἀγωνιζόμενοι·
416 5169 520 5225 πολλῶν
542 5165 564 5223 δ’
585 5166 778 5244 ἀναιρεθέντοιν,
800 5165 941 5245 τρέπονται
960 5171 983 5225 οἱ

732 336 905 397 ntentstt
929 334 1304 397 Hattcnnrmssuttsts

1035 477 1199 539 ingenuarum
1219 475 1365 540 corporibus
1380 474 1405 524 in
1423 473 1471 523 bae
1481 471 1633 537 expeditione
1646 475 1684 521 est
1706 471 1815 536 potitus.

1035 567 1104 628 (laur
1118 564 1182 615 enirn
1195 564 1273 614 multo
1291 566 1349 613 ante
1361 561 1492 613 carissimis
1512 561 1653 625 quibusque
1668 562 1746 611 rebus
1765 561 1821 611 col·

1034 654 1104 704 lestis
1111 653 1278 716 confugerant,
1291 652 1333 702 alii
1344 652 1370 700 in
1382 651 1477 711 urbem,
1490 649 1531 700 alii
1541 650 1566 698 in
1575 650 1687 713 prasiana
1697 650 1819 710 castella,

1019 754 1089 806 ‘qum
1102 741 1265 793 munitissima
1279 742 1362 804 erant)
1375 740 1514 791 sedeorum
1528 752 1612 802 pecus,
1627 738 1695 802 qnod
1710 742 1819 792 mature

1034 830 1133 894 abigere
1146 845 1194 882 non
1218 832 1365 896 potuerant,
1386 841 1520 891 servosque
1538 826 1565 876 id
1587 830 1714 890 pascentes
1728 829 1819 892 cepit,

1037 921 1250 984 frumentumque,
1262 920 1330 983 quod
1346 918 1427 969 adhue
1448 919 1473 968 in
1493 918 1558 968 areis
1573 918 1687 974 iacebat,
1702 918 1820 985 aliasque

1035 1008 1134 1073 fruges,
1154 1023 1211 1074 qum
1228 1006 1268 1058 rel
1291 1007 1375 1057 adhue
1388 1007 1412 1056 in
1438 1005 1552 1056 manibus
1568 1019 1714 1056 ιιιεοεοτιιιιι
1729 1012 1817 1067 erant,

1037 1099 1077 1151 rel
1086 1100 1136 1149 iam
1145 1097 1254 1148 collectae
1264 1098 1370 1157 lucrant,
1383 1095 1543 1160 absportavit.
1556 1097 1623 1145 Cum
1638 1096 1715 1159 igitur
1732 1097 1818 1149 omnia

1037 1190 1159 1239 vastasset
1173 1184 1382 1252 diripuissetque,
1407 1185 1477 1234 nullo
1495 1171 1579 1236 secum
1599 1185 1714 1248 congredi
1737 1200 1816 1245 auso,

1037 1277 1120 1342 eopias
1134 1275 1227 1340 ingenti
1246 1273 1330 1340 praeda
1350 1277 1454 1324 onustas
1466 1277 1542 1338 atque
1559 1273 1614 1324 ideo
1630 1273 1697 1325 lente
1715 1276 1766 1326 iter
1779 1275 1820 1327 la-

1037 1366 1130 1417 cientes
1140 1365 1245 1416 domum
1256 1361 1377 1416 reduxiti.

1069 1541 1147 1590 xvir.
1165 1537 1249 1588 volsci
1266 1540 1365 1596 autem,
1377 1550 1434 1587 eum
1454 1538 1550 1587 tantam
1564 1535 1675 1601 predam
1686 1535 1773 1588 afferri
1784 1538 1819 1589 ri·

1039 1626 1136 1685 derent,
1150 1629 1176 1677 et
1185 1629 1353 1677 Rornanorum
1374 1624 1535 1676 timiditatem
1547 1625 1676 1684 audirent,
1689 1627 1747 1691 qui,
1761 1640 1818 1677 eum

1040 1720 1098 1767 ante
1113 1715 1217 1766 aliorum
1229 1728 1302 1780 agros
1312 1714 1359 1778 ipsi
1372 1712 1556 1778 popularentur,
1569 1727 1633 1764 nune
1643 1728 1702 1765 auos
1711 1715 1738 1764 in
1750 1704 1820 1765 cons·

1040 1808 1114 1868 pecto
1135 1817 1181 1854 suo
1196 1803 1295 1868 impune
1309 1800 1401 1853 rasta'ri
1416 1805 1568 1865 paterentur,
1585 1817 1687 1867 magnos
1703 1818 1819 1869 sumpse-

1042 1896 1101 1943 runt
1112 1891 1227 1956 spiritus,
1248 1897 1273 1942 et
1287 1890 1383 1955 imperii
1403 1904 1473 1954 spem
1490 1895 1672 1955 conceperunt,
1685 1894 1759 1956 quasi
1769 1894 1819 1944 ίειιι

1041 1979 1112 2031 facile
1124 1984 1150 2031 et
1167 1981 1269 2030 minimo
1284 1982 1380 2043 negotio
1399 1980 1599 2031 adversariorum
1612 1983 1747 2045 potentiam
1760 1997 1821 2047 pos·

1041 2074 1097 2122 seut
1109 2074 1228 2123 evertere.
1263 2073 1294 2121 nt
1309 2070 1500 2135 supplicationes
1509 2070 1558 2121 diis
1566 2071 1736 2132 decreverunt,
1752 2072 1820 2123 diea-

1041 2160 1123 2224 tisque
1143 2159 1232 2225 spoliis
1253 2158 1343 2222 templa
1367 2162 1392 2208 et
1407 2160 1460 2208 lora
1484 2162 1617 2217 ornarunt;
1639 2172 1774 2222 omnesque
1791 2161 1819 2211 in

1041 2250 1224 2315 epulationibus
1236 2254 1260 2300 et
1280 2249 1367 2300 letitia
1388 2249 1562 2310 versabantur,
1583 2251 1610 2300 et
1625 2249 1743 2299 Marcium
1757 2265 1818 2301 eum

1042 2339 1203 2391 adspiratione
1210 2337 1310 2393 assidue
1325 2337 1499 2399 celebrabant,
1515 2342 1569 2389 turn
1580 2337 1645 2401 quod
1657 2337 1691 2387 rei
1700 2338 1817 2390 militaris

1043 2433 1139 2479 eeteros
1162 2427 1277 2478 mortales
1300 2430 1444 2492 superaret,
1467 2430 1522 2477 tum
1539 2426 1604 2489 quod
1624 2425 1759 2491 imperator
1772 2441 1818 2478 es-

1043 2519 1090 2577 set,
1106 2516 1188 2580 qualis
1199 2516 1281 2565 nullus
1297 2516 1360 2565 alius
1376 2516 1421 2566 aut
1433 2517 1601 2565 Romanorum
1618 2519 1660 2565 aut
1674 2517 1819 2566 Graecorum

1042 2603 1087 2650 aut
1101 2600 1262 2650 barbarorum
1279 2598 1365 2649 luisset
1379 2618 1386 2646 τ
1403 2598 1448 2648 sed
1466 2599 1594 2664 praecipue
1610 2599 1664 2650 eius
1677 2599 1820 2650 telicitalem

1042 2686 1221 2752 predicabant,
1242 2685 1310 2749 quod
1334 2685 1429 2743 omnia,
1452 2698 1510 2749 quas
1534 2699 1664 2752 aggressus
1689 2691 1764 2748 esset,
1788 2701 1820 2738 ex

1042 2777 1117 2826 animi
1125 2775 1245 2826 sententia
1254 2774 1363 2824 sineullo
1376 2773 1461 2824 labore
1469 2772 1516 2838 ipsi
1525 2774 1657 2825 succedere
1664 2775 1817 2827 riderentur.

1042 2867 1198 2928 Quapropter
1216 2864 1298 2913 nullus
1317 2866 1370 2912 erat
1384 2862 1497 2912 militaris
1511 2861 1609 2921 relatis,
1622 2860 1665 2923 qui
1677 2859 1731 2910 eius
1747 2861 1820 2911 ducis

1041 2953 1150 3017 auspicia
1161 2952 1232 3015 sequi
1252 2955 1396 3002 recusaret:
1414 2950 1457 3001 sed
1468 2962 1553 3000 omues
1575 2960 1658 2997 rerum
1673 2946 1705 2997 ab
1720 2962 1749 2997 eo
1758 2963 1817 3012 ges-

1042 3045 1125 3092 tarurn
1137 3041 1269 3105 participes
1284 3054 1338 3090 esse
1356 3039 1501 3104 cupiebant,
1514 3039 1539 3086 et
1555 3050 1586 3086 ex
1599 3035 1715 3086 omnibus
1729 3051 1815 3101 pepu-

1041 3129 1072 3181 lis
1084 3131 1115 3179 ad
1133 3145 1190 3178 euru
1207 3129 1370 3179 confluebant.
1390 3131 1422 3178 nt
1439 3127 1579 3189 imperator,
1593 3129 1726 3189 postquam
1745 3127 1818 3177 Vols-

1040 3235 1126 3271 corum
1141 3219 1293 3270 alacritatem
1308 3216 1468 3274 confirmarit,
1480 3219 1505 3264 et
1514 3214 1624 3264 bostium
1641 3216 1817 3267 fortitudinem

1041 3309 1073 3359 ad
1094 3308 1213 3358 humilem
1226 3312 1251 3356 et
1264 3307 1378 3370 ignaram
1389 3303 1484 3355 musilii
1495 3303 1602 3367 inopiam
1617 3302 1722 3367 redegit,
1737 3305 1819 3354 socias

1041 3411 1126 3447 eorum
1140 3397 1261 3455 civitates,
1272 3410 1330 3459 quau
1341 3396 1365 3445 in
1375 3393 1424 3444 lide
1433 3393 1573 3448 manebant.
1585 3391 1724 3443 exercitum
1745 3394 1819 3445 duxit

1042 3485 1166 3549 rebusque
1186 3485 1218 3534 ad
1234 3484 1441 3549 oppugnationem
1462 3482 1600 3533 necessaria
1622 3483 1754 3532 confestim
1768 3499 1815 3548 pa-

1044 3575 1120 3635 ratis,
1131 3574 1161 3628 ,in
1178 3573 1320 3632 Tolerinos,
1339 3570 1418 3621 Latini
1430 3569 1536 3620 nominis
1553 3568 1683 3633 populum,
1699 3570 1818 3634 impetum

1042 3663 1102 3714 feeit
1145 3662 1251 3712 'l'olerini
1272 3676 1347 3720 rere,
1362 3662 1412 3710 iam
1426 3659 1504 3709 multo
1517 3663 1574 3709 onte
1587 3659 1681 3723 paratis
1697 3659 1772 3709 rebus
1788 3660 1819 3710 ad

1042 3752 1133 3802 bellurn
1150 3750 1305 3809 necessariis,
1321 3753 1345 3799 et
1359 3749 1440 3808 rebus,
1454 3760 1511 3811 quae
1523 3746 1549 3796 iu
1563 3747 1627 3811 agris
1645 3752 1729 3807 erant,
1742 3748 1767 3797 in
1779 3762 1818 3796 ur·

1042 3843 1097 3895 bern
1114 3842 1283 3908 comportatis,
1293 3841 1346 3891 eius
1357 3841 1477 3904 impeturn
1486 3839 1642 3905 excipiebant
1653 3843 1694 3890 :et
1705 3840 1820 3902 aliquam·

1041 3933 1085 3984 din
1105 3947 1137 3983 en
1158 3932 1235 3982 muris
1254 3931 1301 3995 ipsi
1324 3929 1484 3991 restiterunt,
1500 3928 1640 3993 multosque
1655 3927 1686 3977 de
1706 3927 1819 3979 hostibus

1041 4023 1215 4082 vulnerarunt;
1241 4020 1358 4071 deindea
1379 4018 1545 4070 funditoribus
1564 4016 1675 4081 depulsi,
1697 4021 1773 4082 alque
1786 4017 1819 4068 ad

1041 4113 1206 4177 vespertinum
1230 4124 1309 4174 usque
1326 4109 1501 4173 crepusculum
1524 4107 1636 4171 fatigati,
1654 4107 1740 4157 multis
1759 4106 1821 4157 loeis

1040 4201 1130 4249 moenia
1144 4199 1335 4262 dereliquerunt.
1369 4200 1465 4255 Quare
1479 4196 1584 4260 cognita,
1603 4195 1709 4244 lllarcins
1724 4197 1821 4244 eeteros

1040 4291 1129 4340 milites
1153 4290 1184 4339 nd
1200 4290 1305 4339 nudatas
1326 4301 1453 4338 murorum
1477 4289 1561 4350 partes
1581 4285 1661 4335 scalas
1685 4273 1821 4334 admovere

1040 4378 1127 4436 iussit,
1143 4379 1195 4442 ipse
1212 4393 1271 4427 vern
1285 4392 1341 4426 rum
1355 4375 1496 4425 laetissimis
1508 4373 1586 4422 tetius
1595 4372 1721 4422 exereitus
1736 4371 1820 4421 militi·

1042 4467 1086 4516 bns
1100 4467 1131 4515 ad
1146 4470 1229 4530 pertas
1245 4466 1386 4526 ecritendit,
1408 4465 1465 4513 lieet
1478 4462 1535 4512 telis
1548 4463 1580 4511 de
1593 4462 1704 4511 turribus
1723 4466 1819 4525 petere·

1043 4562 1103 4606 tur:
1122 4556 1254 4617 tractisque
1266 4555 1396 4619 repagulis,
1411 4554 1507 4617 prirnus
1524 4551 1607 4601 urbem
1626 4550 1772 4613 ingreditur.
1786 4554 1819 4600 Ae

1042 4649 1125 4711 pierias
1135 4647 1218 4693 autem
1232 4645 1315 4707 ingens
1331 4649 1356 4693 et
1374 4643 1455 4692 valida
1473 4641 1583 4691 hostiurn
1597 4653 1686 4688 uranus
1701 4639 1818 4689 substite-

1041 4737 1089 4792 rat,
1102 4731 1144 4795 qui
1160 4733 1212 4781 eius
1222 4731 1342 4795 impeturn
1358 4731 1452 4782 sortiter
1474 4732 1641 4792 exceperunt,
1659 4732 1682 4777 et
1699 4727 1742 4777 diu
1755 4730 1820 4776 stre-

1041 4835 1090 4871 nue
1107 4824 1241 4884 pugnantes
1252 4820 1296 4884 ipsi
1312 4820 1456 4870 restiterunt
1472 4840 1478 4867 :
1491 4818 1534 4867 sed
1545 4818 1629 4866 multis
1639 4829 1726 4868 eorum
1737 4814 1820 4873 casis,

1042 4908 1130 4973 reliqui
1155 4914 1221 4973 terga
1244 4913 1386 4965 verterunt,
1408 4912 1433 4957 et
1450 4907 1555 4970 dispersi
1579 4920 1622 4969 per
1645 4905 1714 4955 rinos
1736 4904 1822 4966 lugere

1042 5000 1180 5063 eoeperunt.
1200 4998 1243 5048 llle
1260 5013 1319 5047 vera
1333 5012 1346 5045 a
1362 5001 1431 5059 tergo
1447 4994 1569 5054 instabat,
1586 4994 1685 5045 rudens
1697 4992 1781 5042 hostes
1795 4995 1822 5041 et

1041 5102 1203 5153 quoscunque
1217 5087 1404 5149 assequebatur,
1419 5088 1444 5133 et
1455 5088 1577 5146 quotquot
1590 5083 1692 5133 abiectis
1707 5080 1782 5131 armis
1793 5095 1821 5128 se

1048 5179 1079 5228 ad
1094 5193 1178 5238 preces
1193 5191 1241 5226 non
1263 5174 1447 5224 convertebant.
1483 5176 1577 5221 interea
1601 5187 1661 5223 rero
1685 5176 1710 5222 et
1730 5170 1753 5219 ei
1775 5165 1821 5230 qui
