<?xml version="1.0" encoding="UTF-8"?>
<!DOCTYPE html PUBLIC "-//W3C//DTD XHTML 1.0 Transitional//EN"
    "http://www.w3.org/TR/xhtml1/DTD/xhtml1-transitional.dtd">
<html xmlns="http://www.w3.org/1999/xhtml" xml:lang="en" lang="en">
 <head>
  <title>
</title>
<meta http-equiv="Content-Type" content="text/html;charset=utf-8" />
  <meta name='ocr-system' content='tesseract 3.04.00' />
  <meta name='ocr-capabilities' content='ocr_page ocr_carea ocr_par ocr_line ocrx_word'/>
</head>
<body>
  <div class='ocr_page' id='page_1' title='image "./dionysiihalicar00prougoog_0032.png"; bbox 0 0 3772 5828; ppageno 0'>
   <div class='ocr_carea' id='block_1_1' title="bbox 699 336 971 399">
    <p class='ocr_par' dir='ltr' id='par_1_1' title="bbox 699 336 971 399">
     <span class='ocr_line' id='line_1_1' title="bbox 699 336 971 399; baseline 0.011 -3"><span class='ocrx_word' id='word_1_1' title='bbox 699 336 869 399; x_wconf 80' lang='lat' dir='ltr'><strong>liiONYSIl</strong></span> <span class='ocrx_word' id='word_1_2' title='bbox 882 340 971 399; x_wconf 79' lang='lat' dir='ltr'><strong>-HAL</strong></span> 
     </span>
    </p>
   </div>
   <div class='ocr_carea' id='block_1_2' title="bbox 111 464 955 5198">
    <p class='ocr_par' dir='ltr' id='par_1_2' title="bbox 111 464 953 3702">
     <span class='ocr_line' id='line_1_2' title="bbox 180 464 952 545; baseline 0.01 -23"><span class='ocrx_word' id='word_1_3' title='bbox 180 466 302 532; x_wconf 83' lang='grc' dir='ltr'>σπανίους</span> <span class='ocrx_word' id='word_1_4' title='bbox 313 465 371 532; x_wconf 81' lang='grc' dir='ltr'>τούς</span> <span class='ocrx_word' id='word_1_5' title='bbox 385 464 506 532; x_wconf 74' lang='grc' dir='ltr'>εἰωθότας</span> <span class='ocrx_word' id='word_1_6' title='bbox 520 465 635 544; x_wconf 80' lang='grc' dir='ltr'>καρπούς</span> <span class='ocrx_word' id='word_1_7' title='bbox 652 466 813 545; x_wconf 78' lang='grc' dir='ltr'>ἐξενέγκειεν,</span> <span class='ocrx_word' id='word_1_8' title='bbox 828 468 952 541; x_wconf 80' lang='grc' dir='ltr'>ἢτοιόνδε</span> 
     </span>
     <span class='ocr_line' id='line_1_3' title="bbox 178 552 953 633; baseline 0.003 -21"><span class='ocrx_word' id='word_1_9' title='bbox 178 578 203 612; x_wconf 86' lang='grc' dir='ltr'>τι</span> <span class='ocrx_word' id='word_1_10' title='bbox 226 556 307 621; x_wconf 80' lang='grc' dir='ltr'>πόθος</span> <span class='ocrx_word' id='word_1_11' title='bbox 319 553 385 612; x_wconf 78' lang='grc' dir='ltr'>ἀλλο</span> <span class='ocrx_word' id='word_1_12' title='bbox 402 552 448 620; x_wconf 85' lang='grc' dir='ltr'>τόις</span> <span class='ocrx_word' id='word_1_13' title='bbox 462 554 549 621; x_wconf 89' lang='grc' dir='ltr'>πολεις</span> <span class='ocrx_word' id='word_1_14' title='bbox 567 555 700 633; x_wconf 74' lang='grc' dir='ltr'>κατασχόν</span> <span class='ocrx_word' id='word_1_15' title='bbox 715 555 763 613; x_wconf 83' lang='grc' dir='ltr'>εἶτ’</span> <span class='ocrx_word' id='word_1_16' title='bbox 776 557 881 633; x_wconf 81' lang='grc' dir='ltr'>ἄμεινον</span> <span class='ocrx_word' id='word_1_17' title='bbox 902 560 953 618; x_wconf 76' lang='grc' dir='ltr'>εἴτε</span> 
     </span>
     <span class='ocr_line' id='line_1_4' title="bbox 177 640 952 721; baseline 0.006 -22"><span class='ocrx_word' id='word_1_18' title='bbox 177 650 265 721; x_wconf 75' lang='grc' dir='ltr'>χεῖρον</span> <span class='ocrx_word' id='word_1_19' title='bbox 290 643 406 716; x_wconf 78' lang='grc' dir='ltr'>ἀνάγκην</span> <span class='ocrx_word' id='word_1_20' title='bbox 430 640 579 709; x_wconf 74' lang='grc' dir='ltr'>ἐπιστήσειε</span> <span class='ocrx_word' id='word_1_21' title='bbox 603 642 736 714; x_wconf 82' lang='grc' dir='ltr'>μειώσεως</span> <span class='ocrx_word' id='word_1_22' title='bbox 756 649 800 702; x_wconf 80' lang='grc' dir='ltr'>τοῦ</span> <span class='ocrx_word' id='word_1_23' title='bbox 824 643 952 717; x_wconf 75' lang='grc' dir='ltr'>πλήθους,</span> 
     </span>
     <span class='ocr_line' id='line_1_5' title="bbox 178 729 951 811; baseline 0.008 -24"><span class='ocrx_word' id='word_1_24' title='bbox 178 731 241 789; x_wconf 79' lang='grc' dir='ltr'>θεῶν</span> <span class='ocrx_word' id='word_1_25' title='bbox 271 729 355 808; x_wconf 81' lang='grc' dir='ltr'>θτῳδὴ</span> <span class='ocrx_word' id='word_1_26' title='bbox 382 735 560 807; x_wconf 79' lang='grc' dir='ltr'>καθιεροῦντες</span> <span class='ocrx_word' id='word_1_27' title='bbox 588 730 729 809; x_wconf 81' lang='grc' dir='ltr'>ἀνθρώπων</span> <span class='ocrx_word' id='word_1_28' title='bbox 753 731 850 798; x_wconf 79' lang='grc' dir='ltr'>ἐτείους</span> <span class='ocrx_word' id='word_1_29' title='bbox 874 734 951 811; x_wconf 82' lang='grc' dir='ltr'>γονάς</span> 
     </span>
     <span class='ocr_line' id='line_1_6' title="bbox 138 814 951 901; baseline 0.009 -28"><span class='ocrx_word' id='word_1_30' title='bbox 138 836 151 873; x_wconf 89' lang='grc' dir='ltr'>ε</span> <span class='ocrx_word' id='word_1_31' title='bbox 177 815 321 891; x_wconf 77' lang='grc' dir='ltr'>ἐξέπεμπον</span> <span class='ocrx_word' id='word_1_32' title='bbox 343 814 432 884; x_wconf 88' lang='grc' dir='ltr'>όπλοις</span> <span class='ocrx_word' id='word_1_33' title='bbox 453 816 635 894; x_wconf 86' lang='grc' dir='ltr'>κοσμήσαντες</span> <span class='ocrx_word' id='word_1_34' title='bbox 658 822 687 877; x_wconf 81' lang='grc' dir='ltr'>ἐκ</span> <span class='ocrx_word' id='word_1_35' title='bbox 710 825 758 890; x_wconf 84' lang='grc' dir='ltr'>τῆς</span> <span class='ocrx_word' id='word_1_36' title='bbox 772 820 908 901; x_wconf 88' lang='grc' dir='ltr'>σφετέρας·</span> <span class='ocrx_word' id='word_1_37' title='bbox 928 825 951 880; x_wconf 90' lang='grc' dir='ltr'>εί</span> 
     </span>
     <span class='ocr_line' id='line_1_7' title="bbox 177 902 950 986; baseline 0.006 -25"><span class='ocrx_word' id='word_1_38' title='bbox 177 902 225 980; x_wconf 81' lang='grc' dir='ltr'>μίν</span> <span class='ocrx_word' id='word_1_39' title='bbox 248 902 312 982; x_wconf 76' lang='grc' dir='ltr'>ύπὲρ</span> <span class='ocrx_word' id='word_1_40' title='bbox 331 904 465 983; x_wconf 78' lang='grc' dir='ltr'>εὐανδρίας</span> <span class='ocrx_word' id='word_1_41' title='bbox 480 903 497 971; x_wconf 69' lang='lat' dir='ltr'>i,</span> <span class='ocrx_word' id='word_1_42' title='bbox 511 903 584 975; x_wconf 91' lang='grc' dir='ltr'>νίκης</span> <span class='ocrx_word' id='word_1_43' title='bbox 604 906 635 966; x_wconf 75' lang='grc' dir='ltr'>ἐκ</span> <span class='ocrx_word' id='word_1_44' title='bbox 656 905 772 982; x_wconf 86' lang='grc' dir='ltr'>πολέμου</span> <span class='ocrx_word' id='word_1_45' title='bbox 790 908 950 986; x_wconf 79' lang='grc' dir='ltr'>χαριστήρια</span> 
     </span>
     <span class='ocr_line' id='line_1_8' title="bbox 176 990 950 1072; baseline 0.008 -25"><span class='ocrx_word' id='word_1_46' title='bbox 176 997 242 1056; x_wconf 86' lang='grc' dir='ltr'>θεοῖς</span> <span class='ocrx_word' id='word_1_47' title='bbox 254 990 418 1062; x_wconf 81' lang='grc' dir='ltr'>ἀποδιδοῖεν,</span> <span class='ocrx_word' id='word_1_48' title='bbox 434 991 586 1069; x_wconf 81' lang='grc' dir='ltr'>προθύοντες</span> <span class='ocrx_word' id='word_1_49' title='bbox 596 992 654 1072; x_wconf 89' lang='grc' dir='ltr'>ίερόι</span> <span class='ocrx_word' id='word_1_50' title='bbox 667 993 700 1052; x_wconf 87' lang='grc' dir='ltr'>τόι</span> <span class='ocrx_word' id='word_1_51' title='bbox 715 997 888 1071; x_wconf 77' lang='grc' dir='ltr'>νομιζόμενα,</span> <span class='ocrx_word' id='word_1_52' title='bbox 905 999 950 1054; x_wconf 88' lang='grc' dir='ltr'>εῦ-</span> 
     </span>
     <span class='ocr_line' id='line_1_9' title="bbox 176 1078 950 1160; baseline 0.009 -26"><span class='ocrx_word' id='word_1_53' title='bbox 176 1078 270 1158; x_wconf 91' lang='grc' dir='ltr'>φήμοις</span> <span class='ocrx_word' id='word_1_54' title='bbox 293 1081 392 1144; x_wconf 77' lang='grc' dir='ltr'>οἰωνοῖς</span> <span class='ocrx_word' id='word_1_55' title='bbox 406 1078 453 1146; x_wconf 80' lang='grc' dir='ltr'>τὰς</span> <span class='ocrx_word' id='word_1_56' title='bbox 466 1079 588 1144; x_wconf 80' lang='grc' dir='ltr'>ἀποικίας</span> <span class='ocrx_word' id='word_1_57' title='bbox 609 1080 821 1160; x_wconf 85' lang='grc' dir='ltr'>προπέμποντες·</span> <span class='ocrx_word' id='word_1_58' title='bbox 837 1086 859 1141; x_wconf 83' lang='grc' dir='ltr'>εἰ</span> <span class='ocrx_word' id='word_1_59' title='bbox 872 1085 895 1141; x_wconf 85' lang='grc' dir='ltr'>δ’</span> <span class='ocrx_word' id='word_1_60' title='bbox 908 1084 950 1141; x_wconf 80' lang='grc' dir='ltr'>ἐπὶ</span> 
     </span>
     <span class='ocr_line' id='line_1_10' title="bbox 175 1168 950 1247; baseline 0.006 -22"><span class='ocrx_word' id='word_1_61' title='bbox 175 1168 307 1246; x_wconf 79' lang='grc' dir='ltr'>μηνίμασι</span> <span class='ocrx_word' id='word_1_62' title='bbox 321 1168 462 1245; x_wconf 83' lang='grc' dir='ltr'>δαιμονίοις</span> <span class='ocrx_word' id='word_1_63' title='bbox 477 1169 635 1247; x_wconf 76' lang='grc' dir='ltr'>ἀπαλλαγάς</span> <span class='ocrx_word' id='word_1_64' title='bbox 646 1169 796 1247; x_wconf 82' lang='grc' dir='ltr'>αἰτούμενοι</span> <span class='ocrx_word' id='word_1_65' title='bbox 810 1175 861 1230; x_wconf 81' lang='grc' dir='ltr'>τῶν</span> <span class='ocrx_word' id='word_1_66' title='bbox 876 1196 950 1232; x_wconf 87' lang='grc' dir='ltr'>κατε·</span> 
     </span>
     <span class='ocr_line' id='line_1_11' title="bbox 122 1255 948 1339; baseline 0.011 -28"><span class='ocrx_word' id='word_1_67' title='bbox 122 1274 147 1314; x_wconf 87' lang='grc' dir='ltr'>ιο</span> <span class='ocrx_word' id='word_1_68' title='bbox 173 1256 274 1338; x_wconf 82' lang='grc' dir='ltr'>χόντων</span> <span class='ocrx_word' id='word_1_69' title='bbox 287 1266 353 1337; x_wconf 80' lang='grc' dir='ltr'>σφᾶς</span> <span class='ocrx_word' id='word_1_70' title='bbox 374 1261 461 1314; x_wconf 81' lang='grc' dir='ltr'>κακῶν</span> <span class='ocrx_word' id='word_1_71' title='bbox 475 1255 506 1315; x_wconf 80' lang='grc' dir='ltr'>τό</span> <span class='ocrx_word' id='word_1_72' title='bbox 520 1257 706 1335; x_wconf 85' lang='grc' dir='ltr'>παραπλήσιον</span> <span class='ocrx_word' id='word_1_73' title='bbox 722 1260 817 1339; x_wconf 80' lang='grc' dir='ltr'>δρῷεν,</span> <span class='ocrx_word' id='word_1_74' title='bbox 830 1261 905 1320; x_wconf 85' lang='grc' dir='ltr'>αὐτοί</span> <span class='ocrx_word' id='word_1_75' title='bbox 925 1264 948 1319; x_wconf 88' lang='grc' dir='ltr'>τ’</span> 
     </span>
     <span class='ocr_line' id='line_1_12' title="bbox 173 1343 949 1424; baseline 0.008 -23"><span class='ocrx_word' id='word_1_76' title='bbox 173 1344 314 1423; x_wconf 86' lang='grc' dir='ltr'>ἀχθόμενοι</span> <span class='ocrx_word' id='word_1_77' title='bbox 334 1343 379 1401; x_wconf 81' lang='grc' dir='ltr'>καὶ</span> <span class='ocrx_word' id='word_1_78' title='bbox 397 1344 582 1422; x_wconf 82' lang='grc' dir='ltr'>συγγνώμονας</span> <span class='ocrx_word' id='word_1_79' title='bbox 597 1344 728 1414; x_wconf 78' lang='grc' dir='ltr'>ἀξιοῦντες</span> <span class='ocrx_word' id='word_1_80' title='bbox 747 1347 866 1424; x_wconf 85' lang='grc' dir='ltr'>γενέσθαι</span> <span class='ocrx_word' id='word_1_81' title='bbox 891 1356 949 1416; x_wconf 81' lang='grc' dir='ltr'>τοὺς</span> 
     </span>
     <span class='ocr_line' id='line_1_13' title="bbox 172 1430 944 1506; baseline 0.003 -16"><span class='ocrx_word' id='word_1_82' title='bbox 172 1430 403 1506; x_wconf 77' lang='grc' dir='ltr'>ἀπελαυνομένους.</span> <span class='ocrx_word' id='word_1_83' title='bbox 447 1434 482 1490; x_wconf 88' lang='lat' dir='ltr'><strong>0t</strong></span> <span class='ocrx_word' id='word_1_84' title='bbox 508 1432 531 1489; x_wconf 85' lang='grc' dir='ltr'>δ’</span> <span class='ocrx_word' id='word_1_85' title='bbox 554 1433 767 1503; x_wconf 82' lang='grc' dir='ltr'>ἀπαναστάντες,</span> <span class='ocrx_word' id='word_1_86' title='bbox 794 1437 830 1502; x_wconf 82' lang='grc' dir='ltr'>ὡς</span> <span class='ocrx_word' id='word_1_87' title='bbox 858 1434 944 1494; x_wconf 85' lang='grc' dir='ltr'>οὐκέτι</span> 
     </span>
     <span class='ocr_line' id='line_1_14' title="bbox 173 1516 948 1599; baseline 0.008 -22"><span class='ocrx_word' id='word_1_88' title='bbox 173 1516 300 1599; x_wconf 80' lang='grc' dir='ltr'>πατρῴας</span> <span class='ocrx_word' id='word_1_89' title='bbox 311 1522 359 1596; x_wconf 73' lang='grc' dir='ltr'>γῆς</span> <span class='ocrx_word' id='word_1_90' title='bbox 373 1517 608 1597; x_wconf 75' lang='grc' dir='ltr'>μεταληψόμενοι,</span> <span class='ocrx_word' id='word_1_91' title='bbox 625 1521 648 1577; x_wconf 87' lang='grc' dir='ltr'>εί</span> <span class='ocrx_word' id='word_1_92' title='bbox 669 1521 706 1595; x_wconf 82' lang='grc' dir='ltr'>μὴ</span> <span class='ocrx_word' id='word_1_93' title='bbox 729 1523 869 1593; x_wconf 75' lang='grc' dir='ltr'>κτήσαιντο</span> <span class='ocrx_word' id='word_1_94' title='bbox 891 1527 948 1584; x_wconf 83' lang='grc' dir='ltr'>ίτέ-</span> 
     </span>
     <span class='ocr_line' id='line_1_15' title="bbox 174 1604 948 1690; baseline 0.008 -25"><span class='ocrx_word' id='word_1_95' title='bbox 174 1629 234 1685; x_wconf 86' lang='grc' dir='ltr'>ραν,</span> <span class='ocrx_word' id='word_1_96' title='bbox 249 1606 296 1677; x_wconf 80' lang='grc' dir='ltr'>τήν</span> <span class='ocrx_word' id='word_1_97' title='bbox 315 1604 508 1680; x_wconf 75' lang='grc' dir='ltr'>ὑποδεξαμένην</span> <span class='ocrx_word' id='word_1_98' title='bbox 525 1604 618 1672; x_wconf 78' lang='grc' dir='ltr'>αὐτοὺς</span> <span class='ocrx_word' id='word_1_99' title='bbox 636 1607 686 1666; x_wconf 88' lang='grc' dir='ltr'>είτε</span> <span class='ocrx_word' id='word_1_100' title='bbox 707 1608 771 1686; x_wconf 78' lang='grc' dir='ltr'>πρὸς</span> <span class='ocrx_word' id='word_1_101' title='bbox 793 1609 880 1690; x_wconf 80' lang='grc' dir='ltr'>φιλίαν</span> <span class='ocrx_word' id='word_1_102' title='bbox 899 1611 948 1670; x_wconf 80' lang='grc' dir='ltr'>εἴτ’</span> 
     </span>
     <span class='ocr_line' id='line_1_16' title="bbox 119 1693 947 1774; baseline 0.01 -25"><span class='ocrx_word' id='word_1_103' title='bbox 119 1716 143 1756; x_wconf 74' lang='lat' dir='ltr'><strong>u,</strong></span> <span class='ocrx_word' id='word_1_104' title='bbox 175 1695 202 1751; x_wconf 83' lang='grc' dir='ltr'>ἐν</span> <span class='ocrx_word' id='word_1_105' title='bbox 211 1693 319 1772; x_wconf 86' lang='grc' dir='ltr'>πολέμῳ</span> <span class='ocrx_word' id='word_1_106' title='bbox 334 1698 506 1774; x_wconf 79' lang='grc' dir='ltr'>κρατηθεῖσαν</span> <span class='ocrx_word' id='word_1_107' title='bbox 519 1693 632 1773; x_wconf 78' lang='grc' dir='ltr'>πατρίδα</span> <span class='ocrx_word' id='word_1_108' title='bbox 649 1697 796 1758; x_wconf 86' lang='grc' dir='ltr'>ἐποιοῦντο·</span> <span class='ocrx_word' id='word_1_109' title='bbox 810 1698 866 1757; x_wconf 89' lang='grc' dir='ltr'>ότε</span> <span class='ocrx_word' id='word_1_110' title='bbox 878 1700 947 1773; x_wconf 85' lang='grc' dir='ltr'>θεὸς,</span> 
     </span>
     <span class='ocr_line' id='line_1_17' title="bbox 174 1772 947 1862; baseline 0.006 -23"><span class='ocrx_word' id='word_1_111' title='bbox 174 1772 196 1862; x_wconf 80' lang='grc' dir='ltr'>ᾧ</span> <span class='ocrx_word' id='word_1_112' title='bbox 213 1782 431 1856; x_wconf 85' lang='grc' dir='ltr'>κατονομασθεῖεν</span> <span class='ocrx_word' id='word_1_113' title='bbox 449 1782 675 1857; x_wconf 87' lang='grc' dir='ltr'>ἀπελαυνόμενοι,</span> <span class='ocrx_word' id='word_1_114' title='bbox 691 1785 887 1860; x_wconf 84' lang='grc' dir='ltr'>συλλαμόοίνεεν</span> <span class='ocrx_word' id='word_1_115' title='bbox 900 1789 947 1844; x_wconf 82' lang='grc' dir='ltr'>αύ-</span> 
     </span>
     <span class='ocr_line' id='line_1_18' title="bbox 171 1868 947 1952; baseline 0.006 -25"><span class='ocrx_word' id='word_1_116' title='bbox 171 1871 225 1936; x_wconf 88' lang='grc' dir='ltr'>τοῖς</span> <span class='ocrx_word' id='word_1_117' title='bbox 236 1873 271 1935; x_wconf 81' lang='grc' dir='ltr'>ὡς</span> <span class='ocrx_word' id='word_1_118' title='bbox 288 1868 424 1928; x_wconf 75' lang='grc' dir='ltr'>τὰπολλὰ</span> <span class='ocrx_word' id='word_1_119' title='bbox 447 1871 546 1946; x_wconf 84' lang='grc' dir='ltr'>ἐδόκει,</span> <span class='ocrx_word' id='word_1_120' title='bbox 565 1870 610 1928; x_wconf 86' lang='grc' dir='ltr'>καί</span> <span class='ocrx_word' id='word_1_121' title='bbox 631 1871 706 1950; x_wconf 78' lang='grc' dir='ltr'>παρὰ</span> <span class='ocrx_word' id='word_1_122' title='bbox 720 1871 769 1943; x_wconf 79' lang='grc' dir='ltr'>τήν</span> <span class='ocrx_word' id='word_1_123' title='bbox 784 1874 947 1952; x_wconf 84' lang='grc' dir='ltr'>ἀνθρωπίνην</span> 
     </span>
     <span class='ocr_line' id='line_1_19' title="bbox 172 1957 946 2041; baseline 0.005 -26"><span class='ocrx_word' id='word_1_124' title='bbox 172 1957 247 2025; x_wconf 78' lang='grc' dir='ltr'>δόξαν</span> <span class='ocrx_word' id='word_1_125' title='bbox 262 1962 404 2036; x_wconf 84' lang='grc' dir='ltr'>κατορθοῦν</span> <span class='ocrx_word' id='word_1_126' title='bbox 419 1959 466 2023; x_wconf 82' lang='grc' dir='ltr'>τός</span> <span class='ocrx_word' id='word_1_127' title='bbox 487 1958 618 2025; x_wconf 86' lang='grc' dir='ltr'>ἀποικίας.</span> <span class='ocrx_word' id='word_1_128' title='bbox 661 1958 755 2040; x_wconf 82' lang='grc' dir='ltr'>Τούτῳ</span> <span class='ocrx_word' id='word_1_129' title='bbox 774 1959 806 2030; x_wconf 82' lang='grc' dir='ltr'>δή</span> <span class='ocrx_word' id='word_1_130' title='bbox 821 1964 858 2040; x_wconf 82' lang='grc' dir='ltr'>τῷ</span> <span class='ocrx_word' id='word_1_131' title='bbox 874 1960 946 2041; x_wconf 80' lang='grc' dir='ltr'>νόμῳ</span> 
     </span>
     <span class='ocr_line' id='line_1_20' title="bbox 170 2044 947 2125; baseline 0.004 -21"><span class='ocrx_word' id='word_1_132' title='bbox 170 2047 302 2125; x_wconf 72' lang='grc' dir='ltr'>χρώμενοι</span> <span class='ocrx_word' id='word_1_133' title='bbox 316 2045 360 2102; x_wconf 84' lang='grc' dir='ltr'>καί</span> <span class='ocrx_word' id='word_1_134' title='bbox 380 2045 438 2103; x_wconf 86' lang='grc' dir='ltr'>τότε</span> <span class='ocrx_word' id='word_1_135' title='bbox 450 2049 501 2103; x_wconf 83' lang='grc' dir='ltr'>τῶν</span> <span class='ocrx_word' id='word_1_136' title='bbox 522 2044 693 2124; x_wconf 81' lang='grc' dir='ltr'>Ἀόοριγίνων</span> <span class='ocrx_word' id='word_1_137' title='bbox 709 2047 787 2124; x_wconf 80' lang='grc' dir='ltr'>τινές,</span> <span class='ocrx_word' id='word_1_138' title='bbox 802 2047 947 2107; x_wconf 80' lang='grc' dir='ltr'>ἀνθούντων</span> 
     </span>
     <span class='ocr_line' id='line_1_21' title="bbox 117 2134 945 2214; baseline 0 -21"><span class='ocrx_word' id='word_1_139' title='bbox 117 2156 144 2193; x_wconf 81' lang='grc' dir='ltr'>ευ</span> <span class='ocrx_word' id='word_1_140' title='bbox 173 2134 283 2214; x_wconf 77' lang='grc' dir='ltr'>ἀνδράσι</span> <span class='ocrx_word' id='word_1_141' title='bbox 305 2138 358 2192; x_wconf 80' lang='grc' dir='ltr'>τῶν</span> <span class='ocrx_word' id='word_1_142' title='bbox 382 2135 502 2214; x_wconf 85' lang='grc' dir='ltr'>χωρίων·</span> <span class='ocrx_word' id='word_1_143' title='bbox 525 2134 634 2194; x_wconf 85' lang='grc' dir='ltr'>κτείνειν</span> <span class='ocrx_word' id='word_1_144' title='bbox 652 2134 703 2212; x_wconf 71' lang='grc' dir='ltr'>γὰρ</span> <span class='ocrx_word' id='word_1_145' title='bbox 725 2134 815 2192; x_wconf 82' lang='grc' dir='ltr'>οὐδένα</span> <span class='ocrx_word' id='word_1_146' title='bbox 835 2139 888 2193; x_wconf 88' lang='grc' dir='ltr'>τῶν</span> <span class='ocrx_word' id='word_1_147' title='bbox 902 2137 945 2193; x_wconf 87' lang='grc' dir='ltr'>ἐκ·</span> 
     </span>
     <span class='ocr_line' id='line_1_22' title="bbox 170 2221 946 2299; baseline -0.001 -17"><span class='ocrx_word' id='word_1_148' title='bbox 170 2223 252 2299; x_wconf 87' lang='grc' dir='ltr'>γόνων</span> <span class='ocrx_word' id='word_1_149' title='bbox 268 2221 371 2293; x_wconf 80' lang='grc' dir='ltr'>ἠξίουν,</span> <span class='ocrx_word' id='word_1_150' title='bbox 388 2222 464 2299; x_wconf 79' lang='grc' dir='ltr'>ἄγοος</span> <span class='ocrx_word' id='word_1_151' title='bbox 477 2221 577 2290; x_wconf 79' lang='grc' dir='ltr'>οὐδενὸς</span> <span class='ocrx_word' id='word_1_152' title='bbox 592 2222 698 2279; x_wconf 79' lang='grc' dir='ltr'>ἔλαττον</span> <span class='ocrx_word' id='word_1_153' title='bbox 713 2226 790 2280; x_wconf 86' lang='grc' dir='ltr'>τοῦτο</span> <span class='ocrx_word' id='word_1_154' title='bbox 801 2221 946 2297; x_wconf 80' lang='grc' dir='ltr'>τιθέμενοι·</span> 
     </span>
     <span class='ocr_line' id='line_1_23' title="bbox 173 2308 945 2389; baseline -0.004 -20"><span class='ocrx_word' id='word_1_155' title='bbox 173 2313 236 2369; x_wconf 79' lang='grc' dir='ltr'>θεῶν</span> <span class='ocrx_word' id='word_1_156' title='bbox 252 2309 338 2388; x_wconf 86' lang='grc' dir='ltr'>θτῳδὴ</span> <span class='ocrx_word' id='word_1_157' title='bbox 354 2310 559 2389; x_wconf 83' lang='grc' dir='ltr'>καθιερώσαντες</span> <span class='ocrx_word' id='word_1_158' title='bbox 574 2308 718 2374; x_wconf 81' lang='grc' dir='ltr'>ἐνιαυσίους</span> <span class='ocrx_word' id='word_1_159' title='bbox 734 2310 826 2385; x_wconf 84' lang='grc' dir='ltr'>γονίις,</span> <span class='ocrx_word' id='word_1_160' title='bbox 845 2311 945 2389; x_wconf 83' lang='grc' dir='ltr'>ἀνδρω·</span> 
     </span>
     <span class='ocr_line' id='line_1_24' title="bbox 172 2395 943 2477; baseline -0.003 -21"><span class='ocrx_word' id='word_1_161' title='bbox 172 2398 259 2464; x_wconf 79' lang='grc' dir='ltr'>θέντας</span> <span class='ocrx_word' id='word_1_162' title='bbox 276 2396 437 2464; x_wconf 82' lang='grc' dir='ltr'>ἀποικίζουσι</span> <span class='ocrx_word' id='word_1_163' title='bbox 456 2395 513 2462; x_wconf 82' lang='grc' dir='ltr'>τοὺς</span> <span class='ocrx_word' id='word_1_164' title='bbox 531 2397 628 2462; x_wconf 82' lang='grc' dir='ltr'>παῖδας</span> <span class='ocrx_word' id='word_1_165' title='bbox 644 2398 674 2454; x_wconf 76' lang='grc' dir='ltr'>ἐκ</span> <span class='ocrx_word' id='word_1_166' title='bbox 693 2401 740 2468; x_wconf 78' lang='grc' dir='ltr'>τῆς</span> <span class='ocrx_word' id='word_1_167' title='bbox 754 2396 892 2477; x_wconf 84' lang='grc' dir='ltr'>σφετέρας,</span> <span class='ocrx_word' id='word_1_168' title='bbox 918 2395 943 2455; x_wconf 80' lang='grc' dir='ltr'>σί</span> 
     </span>
     <span class='ocr_line' id='line_1_25' title="bbox 171 2482 942 2564; baseline -0.004 -21"><span class='ocrx_word' id='word_1_169' title='bbox 171 2482 230 2549; x_wconf 80' lang='grc' dir='ltr'>τοθς</span> <span class='ocrx_word' id='word_1_170' title='bbox 259 2483 385 2550; x_wconf 84' lang='grc' dir='ltr'>Σικελούς</span> <span class='ocrx_word' id='word_1_171' title='bbox 404 2483 510 2559; x_wconf 79' lang='grc' dir='ltr'>ἄγοντές</span> <span class='ocrx_word' id='word_1_172' title='bbox 531 2508 560 2543; x_wconf 88' lang='grc' dir='ltr'>τε</span> <span class='ocrx_word' id='word_1_173' title='bbox 584 2485 629 2541; x_wconf 87' lang='grc' dir='ltr'>καί</span> <span class='ocrx_word' id='word_1_174' title='bbox 655 2485 774 2564; x_wconf 89' lang='grc' dir='ltr'>φέροντες</span> <span class='ocrx_word' id='word_1_175' title='bbox 798 2484 942 2556; x_wconf 83' lang='grc' dir='ltr'>διετέλουν,</span> 
     </span>
     <span class='ocr_line' id='line_1_26' title="bbox 115 2563 945 2650; baseline 0 -21"><span class='ocrx_word' id='word_1_176' title='bbox 115 2576 142 2614; x_wconf 69' lang='lat'>²⁶</span> <span class='ocrx_word' id='word_1_177' title='bbox 171 2570 261 2641; x_wconf 78' lang='grc' dir='ltr'>ἐπειδὴ</span> <span class='ocrx_word' id='word_1_178' title='bbox 272 2569 320 2642; x_wconf 80' lang='grc' dir='ltr'>τήν</span> <span class='ocrx_word' id='word_1_179' title='bbox 333 2572 432 2627; x_wconf 82' lang='grc' dir='ltr'>ἑαυτῶν</span> <span class='ocrx_word' id='word_1_180' title='bbox 447 2569 573 2639; x_wconf 78' lang='grc' dir='ltr'>ἐξέλιπον.</span> <span class='ocrx_word' id='word_1_181' title='bbox 617 2570 666 2637; x_wconf 86' lang='grc' dir='ltr'>Ὡς</span> <span class='ocrx_word' id='word_1_182' title='bbox 678 2570 700 2630; x_wconf 81' lang='grc' dir='ltr'>δ’</span> <span class='ocrx_word' id='word_1_183' title='bbox 719 2570 788 2639; x_wconf 78' lang='grc' dir='ltr'>ἀπαξ</span> <span class='ocrx_word' id='word_1_184' title='bbox 804 2563 874 2630; x_wconf 70' lang='grc' dir='ltr'>οὗτοι</span> <span class='ocrx_word' id='word_1_185' title='bbox 888 2595 945 2650; x_wconf 77' lang='grc' dir='ltr'>χω·</span> 
     </span>
     <span class='ocr_line' id='line_1_27' title="bbox 175 2658 946 2740; baseline 0.001 -24"><span class='ocrx_word' id='word_1_186' title='bbox 175 2658 237 2738; x_wconf 88' lang='grc' dir='ltr'>ρίυιν</span> <span class='ocrx_word' id='word_1_187' title='bbox 257 2663 333 2718; x_wconf 84' lang='grc' dir='ltr'>τινῶν</span> <span class='ocrx_word' id='word_1_188' title='bbox 349 2663 396 2730; x_wconf 80' lang='grc' dir='ltr'>τῆς</span> <span class='ocrx_word' id='word_1_189' title='bbox 412 2660 540 2737; x_wconf 85' lang='grc' dir='ltr'>πολεμίας</span> <span class='ocrx_word' id='word_1_190' title='bbox 555 2660 720 2739; x_wconf 78' lang='grc' dir='ltr'>ἐκράτησαν,</span> <span class='ocrx_word' id='word_1_191' title='bbox 742 2662 771 2719; x_wconf 80' lang='grc' dir='ltr'>ἐκ</span> <span class='ocrx_word' id='word_1_192' title='bbox 791 2666 837 2719; x_wconf 87' lang='grc' dir='ltr'>τοῦ</span> <span class='ocrx_word' id='word_1_193' title='bbox 860 2663 946 2740; x_wconf 82' lang='grc' dir='ltr'>ἀσφα-</span> 
     </span>
     <span class='ocr_line' id='line_1_28' title="bbox 171 2747 946 2827; baseline 0 -23"><span class='ocrx_word' id='word_1_194' title='bbox 171 2748 294 2827; x_wconf 86' lang='grc' dir='ltr'>λεστέρου</span> <span class='ocrx_word' id='word_1_195' title='bbox 315 2748 367 2818; x_wconf 85' lang='grc' dir='ltr'>ήδη</span> <span class='ocrx_word' id='word_1_196' title='bbox 388 2748 433 2804; x_wconf 84' lang='grc' dir='ltr'>καί</span> <span class='ocrx_word' id='word_1_197' title='bbox 454 2750 477 2805; x_wconf 91' lang='grc' dir='ltr'>οί</span> <span class='ocrx_word' id='word_1_198' title='bbox 496 2749 582 2805; x_wconf 84' lang='grc' dir='ltr'>λοιποὶ</span> <span class='ocrx_word' id='word_1_199' title='bbox 600 2747 763 2826; x_wconf 80' lang='grc' dir='ltr'>Ἀόοριγῖνες</span> <span class='ocrx_word' id='word_1_200' title='bbox 783 2750 807 2806; x_wconf 82' lang='grc' dir='ltr'>οἱ</span> <span class='ocrx_word' id='word_1_201' title='bbox 831 2748 946 2824; x_wconf 87' lang='grc' dir='ltr'>δεόμενοι</span> 
     </span>
     <span class='ocr_line' id='line_1_29' title="bbox 170 2834 944 2916; baseline -0.001 -23"><span class='ocrx_word' id='word_1_202' title='bbox 170 2838 220 2913; x_wconf 77' lang='grc' dir='ltr'>γῆς</span> <span class='ocrx_word' id='word_1_203' title='bbox 232 2834 301 2893; x_wconf 81' lang='grc' dir='ltr'>κατίι</span> <span class='ocrx_word' id='word_1_204' title='bbox 316 2845 382 2916; x_wconf 79' lang='grc' dir='ltr'>σφᾶς</span> <span class='ocrx_word' id='word_1_205' title='bbox 401 2835 507 2895; x_wconf 73' lang='grc' dir='ltr'>ἔκαστοι</span> <span class='ocrx_word' id='word_1_206' title='bbox 523 2838 674 2914; x_wconf 67' lang='grc' dir='ltr'>ἐπεχείρουν</span> <span class='ocrx_word' id='word_1_207' title='bbox 692 2837 747 2901; x_wconf 82' lang='grc' dir='ltr'>τοῖς</span> <span class='ocrx_word' id='word_1_208' title='bbox 765 2836 882 2914; x_wconf 82' lang='grc' dir='ltr'>ὁμόροις·</span> <span class='ocrx_word' id='word_1_209' title='bbox 899 2835 944 2893; x_wconf 87' lang='grc' dir='ltr'>καί</span> 
     </span>
     <span class='ocr_line' id='line_1_30' title="bbox 168 2922 944 3000; baseline -0.001 -20"><span class='ocrx_word' id='word_1_210' title='bbox 168 2924 255 2988; x_wconf 88' lang='grc' dir='ltr'>πόλεις</span> <span class='ocrx_word' id='word_1_211' title='bbox 274 2925 412 2994; x_wconf 77' lang='grc' dir='ltr'>ἐκτήσαντ’</span> <span class='ocrx_word' id='word_1_212' title='bbox 429 2922 509 2989; x_wconf 82' lang='grc' dir='ltr'>ἄλλας</span> <span class='ocrx_word' id='word_1_213' title='bbox 530 2923 559 2980; x_wconf 90' lang='grc' dir='ltr'>τέ</span> <span class='ocrx_word' id='word_1_214' title='bbox 573 2946 645 2988; x_wconf 84' lang='grc' dir='ltr'>τινας</span> <span class='ocrx_word' id='word_1_215' title='bbox 657 2923 702 2980; x_wconf 83' lang='grc' dir='ltr'>καί</span> <span class='ocrx_word' id='word_1_216' title='bbox 723 2922 768 2987; x_wconf 80' lang='grc' dir='ltr'>τὰς</span> <span class='ocrx_word' id='word_1_217' title='bbox 784 2927 863 3000; x_wconf 78' lang='grc' dir='ltr'>μέχρι</span> <span class='ocrx_word' id='word_1_218' title='bbox 875 2923 944 2980; x_wconf 90' lang='grc' dir='ltr'>τοῦδ’</span> 
     </span>
     <span class='ocr_line' id='line_1_31' title="bbox 114 3008 945 3098; baseline -0.005 -29"><span class='ocrx_word' id='word_1_219' title='bbox 114 3023 140 3060; x_wconf 59' lang='grc' dir='ltr'>θ’</span> <span class='ocrx_word' id='word_1_220' title='bbox 168 3010 333 3085; x_wconf 80' lang='grc' dir='ltr'>οἰκουμένας,</span> <span class='ocrx_word' id='word_1_221' title='bbox 348 3009 529 3073; x_wconf 81' lang='grc' dir='ltr'>Ἀντεμνάτας</span> <span class='ocrx_word' id='word_1_222' title='bbox 541 3031 570 3065; x_wconf 89' lang='grc' dir='ltr'>τε</span> <span class='ocrx_word' id='word_1_223' title='bbox 579 3008 625 3066; x_wconf 86' lang='grc' dir='ltr'>καί</span> <span class='ocrx_word' id='word_1_224' title='bbox 635 3009 774 3078; x_wconf 84' lang='grc' dir='ltr'>Τελληνεῖ;</span> <span class='ocrx_word' id='word_1_225' title='bbox 789 3009 834 3098; x_wconf 78' lang='grc' dir='ltr'>καί</span> <span class='ocrx_word' id='word_1_226' title='bbox 843 3010 945 3068; x_wconf 82' lang='grc' dir='ltr'>Φικολ-</span> 
     </span>
     <span class='ocr_line' id='line_1_32' title="bbox 167 3093 946 3174; baseline 0.001 -20"><span class='ocrx_word' id='word_1_227' title='bbox 167 3100 238 3163; x_wconf 87' lang='grc' dir='ltr'>νέους</span> <span class='ocrx_word' id='word_1_228' title='bbox 251 3095 310 3163; x_wconf 86' lang='grc' dir='ltr'>τοθς</span> <span class='ocrx_word' id='word_1_229' title='bbox 322 3097 385 3174; x_wconf 86' lang='grc' dir='ltr'>πρδς</span> <span class='ocrx_word' id='word_1_230' title='bbox 396 3118 451 3160; x_wconf 92' lang='grc' dir='ltr'>τοις</span> <span class='ocrx_word' id='word_1_231' title='bbox 465 3093 636 3170; x_wconf 86' lang='grc' dir='ltr'>καλουμένοις</span> <span class='ocrx_word' id='word_1_232' title='bbox 652 3097 803 3172; x_wconf 83' lang='grc' dir='ltr'>ίίορνικλοῖς</span> <span class='ocrx_word' id='word_1_233' title='bbox 816 3098 885 3169; x_wconf 87' lang='grc' dir='ltr'>ὄρεσι</span> <span class='ocrx_word' id='word_1_234' title='bbox 900 3096 946 3155; x_wconf 85' lang='grc' dir='ltr'>καί</span> 
     </span>
     <span class='ocr_line' id='line_1_33' title="bbox 166 3173 946 3263; baseline -0.006 -18"><span class='ocrx_word' id='word_1_235' title='bbox 166 3188 191 3246; x_wconf 92' lang='grc' dir='ltr'>Τ</span> <span class='ocrx_word' id='word_1_236' title='bbox 193 3183 360 3263; x_wconf 86' lang='grc' dir='ltr'>εόουρτίνους,</span> <span class='ocrx_word' id='word_1_237' title='bbox 375 3185 438 3260; x_wconf 84' lang='grc' dir='ltr'>παρ’</span> <span class='ocrx_word' id='word_1_238' title='bbox 447 3173 484 3247; x_wconf 78' lang='grc' dir='ltr'>οἷς</span> <span class='ocrx_word' id='word_1_239' title='bbox 497 3181 534 3240; x_wconf 84' lang='grc' dir='ltr'>ἔτι</span> <span class='ocrx_word' id='word_1_240' title='bbox 551 3181 595 3240; x_wconf 90' lang='grc' dir='ltr'>καί</span> <span class='ocrx_word' id='word_1_241' title='bbox 608 3185 643 3247; x_wconf 81' lang='grc' dir='ltr'>εἷς</span> <span class='ocrx_word' id='word_1_242' title='bbox 657 3181 714 3239; x_wconf 89' lang='grc' dir='ltr'>τόδε</span> <span class='ocrx_word' id='word_1_243' title='bbox 724 3183 818 3261; x_wconf 73' lang='grc' dir='ltr'>χρόνον</span> <span class='ocrx_word' id='word_1_244' title='bbox 830 3183 907 3261; x_wconf 86' lang='grc' dir='ltr'>μέρος</span> <span class='ocrx_word' id='word_1_245' title='bbox 921 3208 946 3240; x_wconf 88' lang='grc' dir='ltr'>τι</span> 
     </span>
     <span class='ocr_line' id='line_1_34' title="bbox 165 3264 945 3347; baseline -0.005 -15"><span class='ocrx_word' id='word_1_246' title='bbox 165 3278 212 3344; x_wconf 75' lang='grc' dir='ltr'>τῆς</span> <span class='ocrx_word' id='word_1_247' title='bbox 226 3275 325 3339; x_wconf 83' lang='grc' dir='ltr'>πόλεως</span> <span class='ocrx_word' id='word_1_248' title='bbox 338 3273 493 3347; x_wconf 76' lang='grc' dir='ltr'>ὀνομάζεται</span> <span class='ocrx_word' id='word_1_249' title='bbox 509 3271 659 3330; x_wconf 74' lang='grc' dir='ltr'>Σικελικόν·</span> <span class='ocrx_word' id='word_1_250' title='bbox 676 3271 721 3327; x_wconf 86' lang='grc' dir='ltr'>καί</span> <span class='ocrx_word' id='word_1_251' title='bbox 736 3264 803 3341; x_wconf 73' lang='grc' dir='ltr'>ἦσαν</span> <span class='ocrx_word' id='word_1_252' title='bbox 821 3270 945 3328; x_wconf 78' lang='grc' dir='ltr'>ἁπάντων</span> 
     </span>
     <span class='ocr_line' id='line_1_35' title="bbox 166 3359 942 3438; baseline -0.004 -17"><span class='ocrx_word' id='word_1_253' title='bbox 166 3362 281 3438; x_wconf 73' lang='grc' dir='ltr'>μάλιστα</span> <span class='ocrx_word' id='word_1_254' title='bbox 304 3364 357 3419; x_wconf 80' lang='grc' dir='ltr'>τῶν</span> <span class='ocrx_word' id='word_1_255' title='bbox 378 3359 585 3437; x_wconf 88' lang='grc' dir='ltr'>προσοικούντων</span> <span class='ocrx_word' id='word_1_256' title='bbox 603 3360 715 3437; x_wconf 83' lang='grc' dir='ltr'>λυπηροὶ</span> <span class='ocrx_word' id='word_1_257' title='bbox 741 3367 793 3423; x_wconf 76' lang='grc' dir='ltr'>τοῖς</span> <span class='ocrx_word' id='word_1_258' title='bbox 813 3359 942 3425; x_wconf 85' lang='grc' dir='ltr'>Σικελοῖς.</span> 
     </span>
     <span class='ocr_line' id='line_1_36' title="bbox 111 3445 944 3524; baseline -0.005 -16"><span class='ocrx_word' id='word_1_259' title='bbox 111 3459 138 3502; x_wconf 73' lang='lat'>8³»</span> <span class='ocrx_word' id='word_1_260' title='bbox 165 3449 313 3508; x_wconf 78' lang='grc' dir='ltr'>Ἀνίσταται</span> <span class='ocrx_word' id='word_1_261' title='bbox 333 3450 356 3506; x_wconf 80' lang='grc' dir='ltr'>δ’</span> <span class='ocrx_word' id='word_1_262' title='bbox 380 3452 410 3508; x_wconf 87' lang='grc' dir='ltr'>ἐκ</span> <span class='ocrx_word' id='word_1_263' title='bbox 435 3445 532 3504; x_wconf 85' lang='grc' dir='ltr'>τούτων</span> <span class='ocrx_word' id='word_1_264' title='bbox 554 3451 606 3506; x_wconf 82' lang='grc' dir='ltr'>τῶν</span> <span class='ocrx_word' id='word_1_265' title='bbox 629 3447 758 3524; x_wconf 74' lang='grc' dir='ltr'>διαφορῶν</span> <span class='ocrx_word' id='word_1_266' title='bbox 775 3453 827 3514; x_wconf 84' lang='grc' dir='ltr'>τοῖς</span> <span class='ocrx_word' id='word_1_267' title='bbox 847 3446 944 3505; x_wconf 85' lang='grc' dir='ltr'>ἔθνεσιν</span> 
     </span>
     <span class='ocr_line' id='line_1_37' title="bbox 165 3532 944 3613; baseline -0.004 -21"><span class='ocrx_word' id='word_1_268' title='bbox 165 3534 232 3602; x_wconf 82' lang='grc' dir='ltr'>όλοις</span> <span class='ocrx_word' id='word_1_269' title='bbox 251 3536 364 3610; x_wconf 91' lang='grc' dir='ltr'>πόλεμος</span> <span class='ocrx_word' id='word_1_270' title='bbox 381 3534 438 3601; x_wconf 81' lang='grc' dir='ltr'>ὅσος</span> <span class='ocrx_word' id='word_1_271' title='bbox 454 3535 534 3600; x_wconf 83' lang='grc' dir='ltr'>οὐδεὶς</span> <span class='ocrx_word' id='word_1_272' title='bbox 548 3540 600 3594; x_wconf 81' lang='grc' dir='ltr'>τῶν</span> <span class='ocrx_word' id='word_1_273' title='bbox 615 3533 738 3613; x_wconf 86' lang='grc' dir='ltr'>πρότερον</span> <span class='ocrx_word' id='word_1_274' title='bbox 758 3532 903 3612; x_wconf 77' lang='grc' dir='ltr'>γενομένων</span> <span class='ocrx_word' id='word_1_275' title='bbox 918 3537 944 3592; x_wconf 87' lang='grc' dir='ltr'>ἐν</span> 
     </span>
     <span class='ocr_line' id='line_1_38' title="bbox 165 3622 943 3702; baseline 0 -19"><span class='ocrx_word' id='word_1_276' title='bbox 165 3622 275 3702; x_wconf 78' lang='grc' dir='ltr'>Ἰταλία,</span> <span class='ocrx_word' id='word_1_277' title='bbox 291 3623 538 3702; x_wconf 78' lang='grc' dir='ltr'>καίπροῆλθενάχρι</span> <span class='ocrx_word' id='word_1_278' title='bbox 548 3625 637 3700; x_wconf 88' lang='grc' dir='ltr'>πόρρω</span> <span class='ocrx_word' id='word_1_279' title='bbox 653 3623 739 3702; x_wconf 78' lang='grc' dir='ltr'>χρόνῳ</span> <span class='ocrx_word' id='word_1_280' title='bbox 756 3622 943 3699; x_wconf 86' lang='grc' dir='ltr'>μηκυνόμενος.</span> 
     </span>
    </p>

    <p class='ocr_par' dir='ltr' id='par_1_3' title="bbox 111 3707 955 5198">
     <span class='ocr_line' id='line_1_39' title="bbox 205 3707 942 3787; baseline -0.005 -18"><span class='ocrx_word' id='word_1_281' title='bbox 205 3711 297 3770; x_wconf 82' lang='lat' dir='ltr'>XVII.</span> <span class='ocrx_word' id='word_1_282' title='bbox 325 3707 440 3769; x_wconf 78' lang='grc' dir='ltr'>Ἔπειτα</span> <span class='ocrx_word' id='word_1_283' title='bbox 471 3713 616 3787; x_wconf 76' lang='grc' dir='ltr'>Πελασγῶν</span> <span class='ocrx_word' id='word_1_284' title='bbox 638 3733 705 3777; x_wconf 87' lang='grc' dir='ltr'>τινες</span> <span class='ocrx_word' id='word_1_285' title='bbox 728 3713 780 3768; x_wconf 83' lang='grc' dir='ltr'>τῶν</span> <span class='ocrx_word' id='word_1_286' title='bbox 803 3710 942 3768; x_wconf 82' lang='grc' dir='ltr'>οἰκούντων</span> 
     </span>
     <span class='ocr_line' id='line_1_40' title="bbox 166 3797 943 3876; baseline -0.003 -22"><span class='ocrx_word' id='word_1_287' title='bbox 166 3800 192 3854; x_wconf 92' lang='grc' dir='ltr'>ἐν</span> <span class='ocrx_word' id='word_1_288' title='bbox 202 3802 235 3876; x_wconf 79' lang='grc' dir='ltr'>τῇ</span> <span class='ocrx_word' id='word_1_289' title='bbox 252 3797 401 3874; x_wconf 84' lang='grc' dir='ltr'>καλουμένη</span> <span class='ocrx_word' id='word_1_290' title='bbox 420 3803 463 3855; x_wconf 92' lang='grc' dir='ltr'>νῦν</span> <span class='ocrx_word' id='word_1_291' title='bbox 485 3798 618 3876; x_wconf 67' lang='grc' dir='ltr'>Θετταλίᾳ</span> <span class='ocrx_word' id='word_1_292' title='bbox 636 3799 683 3866; x_wconf 81' lang='grc' dir='ltr'>τήν</span> <span class='ocrx_word' id='word_1_293' title='bbox 705 3801 804 3854; x_wconf 80' lang='grc' dir='ltr'>ἑαυτῶν</span> <span class='ocrx_word' id='word_1_294' title='bbox 826 3802 943 3873; x_wconf 85' lang='grc' dir='ltr'>ἀναγκα-</span> 
     </span>
     <span class='ocr_line' id='line_1_41' title="bbox 112 3884 938 3962; baseline -0.011 -14"><span class='ocrx_word' id='word_1_295' title='bbox 112 3911 139 3948; x_wconf 85' lang='lat' dir='ltr'>tu</span> <span class='ocrx_word' id='word_1_296' title='bbox 168 3887 267 3951; x_wconf 85' lang='grc' dir='ltr'>σθέντες</span> <span class='ocrx_word' id='word_1_297' title='bbox 296 3886 409 3944; x_wconf 80' lang='grc' dir='ltr'>ἐκλιπεῖν</span> <span class='ocrx_word' id='word_1_298' title='bbox 432 3886 548 3944; x_wconf 89' lang='grc' dir='ltr'>σύνοικοι</span> <span class='ocrx_word' id='word_1_299' title='bbox 567 3884 682 3962; x_wconf 85' lang='grc' dir='ltr'>γίνονται</span> <span class='ocrx_word' id='word_1_300' title='bbox 707 3888 759 3951; x_wconf 87' lang='grc' dir='ltr'>τοῖς</span> <span class='ocrx_word' id='word_1_301' title='bbox 781 3884 938 3962; x_wconf 75' lang='grc' dir='ltr'>Ἀόοριγῖσι,</span> 
     </span>
     <span class='ocr_line' id='line_1_42' title="bbox 167 3969 942 4052; baseline -0.005 -20"><span class='ocrx_word' id='word_1_302' title='bbox 167 3975 303 4052; x_wconf 81' lang='grc' dir='ltr'>καὶκοινῇ</span> <span class='ocrx_word' id='word_1_303' title='bbox 324 3975 381 4048; x_wconf 77' lang='grc' dir='ltr'>μετ’</span> <span class='ocrx_word' id='word_1_304' title='bbox 402 3974 505 4031; x_wconf 85' lang='grc' dir='ltr'>ἐκείνων</span> <span class='ocrx_word' id='word_1_305' title='bbox 528 3973 672 4048; x_wconf 80' lang='grc' dir='ltr'>ἐπολέμουν</span> <span class='ocrx_word' id='word_1_306' title='bbox 701 3972 763 4048; x_wconf 82' lang='grc' dir='ltr'>πρὸς</span> <span class='ocrx_word' id='word_1_307' title='bbox 788 3969 847 4038; x_wconf 85' lang='grc' dir='ltr'>τούς</span> <span class='ocrx_word' id='word_1_308' title='bbox 864 3972 942 4029; x_wconf 82' lang='grc' dir='ltr'>Σικε-</span> 
     </span>
     <span class='ocr_line' id='line_1_43' title="bbox 168 4057 941 4136; baseline -0.005 -17"><span class='ocrx_word' id='word_1_309' title='bbox 168 4061 239 4128; x_wconf 89' lang='grc' dir='ltr'>λούς.</span> <span class='ocrx_word' id='word_1_310' title='bbox 293 4059 431 4127; x_wconf 64' lang='lat' dir='ltr'><strong>&#39;litatem</strong></span> <span class='ocrx_word' id='word_1_311' title='bbox 466 4062 488 4117; x_wconf 77' lang='grc' dir='ltr'>δ’</span> <span class='ocrx_word' id='word_1_312' title='bbox 517 4059 608 4125; x_wconf 80' lang='grc' dir='ltr'>αὐτούς</span> <span class='ocrx_word' id='word_1_313' title='bbox 643 4063 664 4118; x_wconf 88' lang='grc' dir='ltr'>οί</span> <span class='ocrx_word' id='word_1_314' title='bbox 698 4058 853 4136; x_wconf 68' lang='grc' dir='ltr'>’.θόοριγῖνες</span> <span class='ocrx_word' id='word_1_315' title='bbox 879 4057 941 4124; x_wconf 81' lang='grc' dir='ltr'>ἴσως</span> 
     </span>
     <span class='ocr_line' id='line_1_44' title="bbox 167 4145 939 4237; baseline -0.005 -33"><span class='ocrx_word' id='word_1_316' title='bbox 167 4148 214 4224; x_wconf 86' lang='grc' dir='ltr'>μὲν</span> <span class='ocrx_word' id='word_1_317' title='bbox 250 4147 295 4205; x_wconf 84' lang='grc' dir='ltr'>καί</span> <span class='ocrx_word' id='word_1_318' title='bbox 334 4145 402 4205; x_wconf 88' lang='grc' dir='ltr'>κατόι</span> <span class='ocrx_word' id='word_1_319' title='bbox 432 4147 478 4216; x_wconf 82' lang='grc' dir='ltr'>τήν</span> <span class='ocrx_word' id='word_1_320' title='bbox 510 4153 555 4206; x_wconf 87' lang='grc' dir='ltr'>τοῦ</span> <span class='ocrx_word' id='word_1_321' title='bbox 586 4147 799 4227; x_wconf 84' lang='grc' dir='ltr'>ὠφεληθήσεσθαι</span> <span class='ocrx_word' id='word_1_322' title='bbox 830 4147 939 4237; x_wconf 70' lang='grc' dir='ltr'>ἐλπίδα,</span> 
     </span>
     <span class='ocr_line' id='line_1_45' title="bbox 166 4234 939 4313; baseline -0.01 -16"><span class='ocrx_word' id='word_1_323' title='bbox 166 4240 203 4304; x_wconf 77' lang='grc' dir='ltr'>ὣς</span> <span class='ocrx_word' id='word_1_324' title='bbox 218 4239 240 4295; x_wconf 86' lang='grc' dir='ltr'>δ’</span> <span class='ocrx_word' id='word_1_325' title='bbox 253 4234 304 4312; x_wconf 78' lang='grc' dir='ltr'>ἐγὼ</span> <span class='ocrx_word' id='word_1_326' title='bbox 321 4235 442 4312; x_wconf 85' lang='grc' dir='ltr'>πείθομαι</span> <span class='ocrx_word' id='word_1_327' title='bbox 456 4237 525 4293; x_wconf 79' lang='grc' dir='ltr'>κατὰ</span> <span class='ocrx_word' id='word_1_328' title='bbox 539 4237 569 4295; x_wconf 82' lang='grc' dir='ltr'>τὸ</span> <span class='ocrx_word' id='word_1_329' title='bbox 583 4236 702 4313; x_wconf 85' lang='grc' dir='ltr'>συγγενὲς</span> <span class='ocrx_word' id='word_1_330' title='bbox 718 4236 843 4310; x_wconf 83' lang='grc' dir='ltr'>μάλιστα.</span> <span class='ocrx_word' id='word_1_331' title='bbox 890 4237 939 4292; x_wconf 86' lang='grc' dir='ltr'>Ἠν</span> 
     </span>
     <span class='ocr_line' id='line_1_46' title="bbox 111 4320 938 4405; baseline -0.005 -22"><span class='ocrx_word' id='word_1_332' title='bbox 111 4350 137 4388; x_wconf 79' lang='lat' dir='ltr'>es</span> <span class='ocrx_word' id='word_1_333' title='bbox 167 4325 219 4405; x_wconf 82' lang='grc' dir='ltr'>γόιρ</span> <span class='ocrx_word' id='word_1_334' title='bbox 247 4323 279 4393; x_wconf 74' lang='grc' dir='ltr'>δὴ</span> <span class='ocrx_word' id='word_1_335' title='bbox 298 4324 343 4381; x_wconf 81' lang='grc' dir='ltr'>καὶ</span> <span class='ocrx_word' id='word_1_336' title='bbox 360 4322 389 4378; x_wconf 83' lang='grc' dir='ltr'>τὸ</span> <span class='ocrx_word' id='word_1_337' title='bbox 408 4325 459 4381; x_wconf 84' lang='grc' dir='ltr'>τῶν</span> <span class='ocrx_word' id='word_1_338' title='bbox 475 4325 621 4400; x_wconf 83' lang='grc' dir='ltr'>Πελασγῶν</span> <span class='ocrx_word' id='word_1_339' title='bbox 643 4322 714 4401; x_wconf 80' lang='grc' dir='ltr'>γένος</span> <span class='ocrx_word' id='word_1_340' title='bbox 736 4320 891 4391; x_wconf 78' lang='grc' dir='ltr'>Ἑλληνικὸν</span> <span class='ocrx_word' id='word_1_341' title='bbox 909 4323 938 4379; x_wconf 83' lang='grc' dir='ltr'>ἐκ</span> 
     </span>
     <span class='ocr_line' id='line_1_47' title="bbox 166 4408 937 4489; baseline -0.005 -20"><span class='ocrx_word' id='word_1_342' title='bbox 166 4409 368 4481; x_wconf 85' lang='grc' dir='ltr'>Πελοποννήσου</span> <span class='ocrx_word' id='word_1_343' title='bbox 382 4409 412 4466; x_wconf 83' lang='grc' dir='ltr'>τὸ</span> <span class='ocrx_word' id='word_1_344' title='bbox 433 4412 556 4489; x_wconf 81' lang='grc' dir='ltr'>ἀρχαῖον·</span> <span class='ocrx_word' id='word_1_345' title='bbox 573 4410 705 4488; x_wconf 82' lang='grc' dir='ltr'>ἐχρήσατο</span> <span class='ocrx_word' id='word_1_346' title='bbox 724 4408 750 4466; x_wconf 77' lang='grc' dir='ltr'>δὲ</span> <span class='ocrx_word' id='word_1_347' title='bbox 765 4409 858 4487; x_wconf 77' lang='grc' dir='ltr'>τύχαις</span> <span class='ocrx_word' id='word_1_348' title='bbox 875 4408 937 4466; x_wconf 84' lang='grc' dir='ltr'>δυο-</span> 
     </span>
     <span class='ocr_line' id='line_1_48' title="bbox 167 4496 955 4577; baseline -0.006 -20"><span class='ocrx_word' id='word_1_349' title='bbox 167 4497 275 4576; x_wconf 87' lang='grc' dir='ltr'>πότμοις</span> <span class='ocrx_word' id='word_1_350' title='bbox 288 4498 324 4560; x_wconf 79' lang='grc' dir='ltr'>εἷς</span> <span class='ocrx_word' id='word_1_351' title='bbox 338 4496 424 4556; x_wconf 85' lang='grc' dir='ltr'>πολλίι</span> <span class='ocrx_word' id='word_1_352' title='bbox 443 4496 490 4573; x_wconf 79' lang='grc' dir='ltr'>μὲν</span> <span class='ocrx_word' id='word_1_353' title='bbox 504 4498 548 4557; x_wconf 91' lang='grc' dir='ltr'>καί</span> <span class='ocrx_word' id='word_1_354' title='bbox 564 4498 647 4574; x_wconf 87' lang='grc' dir='ltr'>ἀλλα,</span> <span class='ocrx_word' id='word_1_355' title='bbox 662 4498 777 4575; x_wconf 77' lang='grc' dir='ltr'>μάλιστα</span> <span class='ocrx_word' id='word_1_356' title='bbox 796 4499 818 4555; x_wconf 83' lang='grc' dir='ltr'>θ’</span> <span class='ocrx_word' id='word_1_357' title='bbox 840 4499 875 4563; x_wconf 82' lang='grc' dir='ltr'>εἰς</span> <span class='ocrx_word' id='word_1_358' title='bbox 889 4496 955 4577; x_wconf 55' lang='grc' dir='ltr'>τήν.</span> 
     </span>
     <span class='ocr_line' id='line_1_49' title="bbox 168 4576 943 4659; baseline 0.01 -22"><span class='ocrx_word' id='word_1_359' title='bbox 168 4581 334 4638; x_wconf 85' lang='grc' dir='ltr'>πολύπλανόν</span> <span class='ocrx_word' id='word_1_360' title='bbox 355 4581 447 4636; x_wconf 83' lang='grc' dir='ltr'>τεκαὶ</span> <span class='ocrx_word' id='word_1_361' title='bbox 474 4576 574 4647; x_wconf 73' lang='grc' dir='ltr'>οὐδενός</span> <span class='ocrx_word' id='word_1_362' title='bbox 596 4585 675 4638; x_wconf 83' lang='grc' dir='ltr'>τόπου</span> <span class='ocrx_word' id='word_1_363' title='bbox 704 4583 809 4659; x_wconf 80' lang='grc' dir='ltr'>βέόαιον</span> <span class='ocrx_word' id='word_1_364' title='bbox 830 4587 943 4657; x_wconf 85' lang='grc' dir='ltr'>οἴκησιν.</span> 
     </span>
     <span class='ocr_line' id='line_1_50' title="bbox 168 4671 944 4752; baseline 0.004 -25"><span class='ocrx_word' id='word_1_365' title='bbox 168 4671 277 4748; x_wconf 84' lang='grc' dir='ltr'>Πρῶτον</span> <span class='ocrx_word' id='word_1_366' title='bbox 303 4671 416 4750; x_wconf 72' lang='grc' dir='ltr'>μὲνγὰρ</span> <span class='ocrx_word' id='word_1_367' title='bbox 440 4671 500 4751; x_wconf 78' lang='grc' dir='ltr'>περὶ</span> <span class='ocrx_word' id='word_1_368' title='bbox 525 4672 553 4729; x_wconf 81' lang='grc' dir='ltr'>τὸ</span> <span class='ocrx_word' id='word_1_369' title='bbox 579 4672 738 4746; x_wconf 88' lang='grc' dir='ltr'>καλούμενον</span> <span class='ocrx_word' id='word_1_370' title='bbox 759 4677 803 4730; x_wconf 90' lang='grc' dir='ltr'>νῦν</span> <span class='ocrx_word' id='word_1_371' title='bbox 824 4673 944 4752; x_wconf 75' lang='grc' dir='ltr'>Ἀχαϊκόν</span> 
     </span>
     <span class='ocr_line' id='line_1_51' title="bbox 120 4756 944 4841; baseline 0.008 -28"><span class='ocrx_word' id='word_1_372' title='bbox 120 4775 147 4813; x_wconf 77' lang='lat' dir='ltr'>ae</span> <span class='ocrx_word' id='word_1_373' title='bbox 166 4756 259 4838; x_wconf 77' lang='grc' dir='ltr'>Ἄργος</span> <span class='ocrx_word' id='word_1_374' title='bbox 282 4759 389 4840; x_wconf 80' lang='grc' dir='ltr'>ᾤκησαν</span> <span class='ocrx_word' id='word_1_375' title='bbox 406 4762 558 4838; x_wconf 76' lang='grc' dir='ltr'>αὐτόχθονες</span> <span class='ocrx_word' id='word_1_376' title='bbox 575 4761 657 4830; x_wconf 81' lang='grc' dir='ltr'>ὄντες,</span> <span class='ocrx_word' id='word_1_377' title='bbox 684 4767 718 4826; x_wconf 86' lang='grc' dir='ltr'>όις</span> <span class='ocrx_word' id='word_1_378' title='bbox 739 4764 762 4818; x_wconf 81' lang='lat' dir='ltr'>oi</span> <span class='ocrx_word' id='word_1_379' title='bbox 779 4764 870 4821; x_wconf 86' lang='grc' dir='ltr'>πολλοὶ</span> <span class='ocrx_word' id='word_1_380' title='bbox 885 4763 944 4841; x_wconf 79' lang='grc' dir='ltr'>περὶ</span> 
     </span>
     <span class='ocr_line' id='line_1_52' title="bbox 168 4849 946 4929; baseline 0.005 -25"><span class='ocrx_word' id='word_1_381' title='bbox 168 4851 253 4905; x_wconf 80' lang='grc' dir='ltr'>αὐτῶν</span> <span class='ocrx_word' id='word_1_382' title='bbox 269 4851 382 4927; x_wconf 81' lang='grc' dir='ltr'>λέγουσι.</span> <span class='ocrx_word' id='word_1_383' title='bbox 425 4853 482 4921; x_wconf 74' lang='grc' dir='ltr'>Τήν</span> <span class='ocrx_word' id='word_1_384' title='bbox 504 4850 528 4907; x_wconf 83' lang='grc' dir='ltr'>θ’</span> <span class='ocrx_word' id='word_1_385' title='bbox 545 4850 695 4924; x_wconf 77' lang='grc' dir='ltr'>ἐπωνυμίαν</span> <span class='ocrx_word' id='word_1_386' title='bbox 715 4849 808 4908; x_wconf 76' lang='grc' dir='ltr'>ἔλαθον</span> <span class='ocrx_word' id='word_1_387' title='bbox 825 4850 850 4919; x_wconf 78' lang='grc' dir='ltr'>ἐξ</span> <span class='ocrx_word' id='word_1_388' title='bbox 863 4854 946 4929; x_wconf 77' lang='grc' dir='ltr'>ἀρχῆς</span> 
     </span>
     <span class='ocr_line' id='line_1_53' title="bbox 168 4929 945 5015; baseline 0.006 -23"><span class='ocrx_word' id='word_1_389' title='bbox 168 4959 266 5007; x_wconf 86' lang='grc' dir='ltr'>ταυτην</span> <span class='ocrx_word' id='word_1_390' title='bbox 278 4939 321 4995; x_wconf 83' lang='grc' dir='ltr'>ἐπὶ</span> <span class='ocrx_word' id='word_1_391' title='bbox 335 4943 381 4995; x_wconf 89' lang='grc' dir='ltr'>τοῦ</span> <span class='ocrx_word' id='word_1_392' title='bbox 401 4940 539 5015; x_wconf 77' lang='grc' dir='ltr'>Πελασγοῦ</span> <span class='ocrx_word' id='word_1_393' title='bbox 556 4939 693 5015; x_wconf 85' lang='grc' dir='ltr'>βασιλέως.</span> <span class='ocrx_word' id='word_1_394' title='bbox 754 4929 808 4998; x_wconf 77' lang='grc' dir='ltr'>Ἦν</span> <span class='ocrx_word' id='word_1_395' title='bbox 825 4941 848 4997; x_wconf 80' lang='grc' dir='ltr'>δ’</span> <span class='ocrx_word' id='word_1_396' title='bbox 864 4944 878 4997; x_wconf 81' lang='grc' dir='ltr'>ὁ</span> <span class='ocrx_word' id='word_1_397' title='bbox 892 4943 945 5000; x_wconf 90' lang='grc' dir='ltr'>Πε-</span> 
     </span>
     <span class='ocr_line' id='line_1_54' title="bbox 167 5025 944 5107; baseline 0.006 -26"><span class='ocrx_word' id='word_1_398' title='bbox 167 5025 264 5103; x_wconf 79' lang='grc' dir='ltr'>λασγός</span> <span class='ocrx_word' id='word_1_399' title='bbox 281 5029 310 5084; x_wconf 82' lang='grc' dir='ltr'>ἐκ</span> <span class='ocrx_word' id='word_1_400' title='bbox 328 5028 402 5100; x_wconf 79' lang='grc' dir='ltr'>Διὸς,</span> <span class='ocrx_word' id='word_1_401' title='bbox 419 5031 453 5095; x_wconf 84' lang='grc' dir='ltr'>ὡς</span> <span class='ocrx_word' id='word_1_402' title='bbox 470 5029 587 5106; x_wconf 83' lang='grc' dir='ltr'>λέγεται,</span> <span class='ocrx_word' id='word_1_403' title='bbox 609 5027 654 5085; x_wconf 87' lang='grc' dir='ltr'>καὶ</span> <span class='ocrx_word' id='word_1_404' title='bbox 674 5028 775 5101; x_wconf 83' lang='grc' dir='ltr'>Νιόόης</span> <span class='ocrx_word' id='word_1_405' title='bbox 791 5034 837 5100; x_wconf 75' lang='grc' dir='ltr'>τῆς</span> <span class='ocrx_word' id='word_1_406' title='bbox 849 5031 944 5107; x_wconf 83' lang='grc' dir='ltr'>Φορω·</span> 
     </span>
     <span class='ocr_line' id='line_1_55' title="bbox 168 5112 945 5198; baseline 0.013 -31"><span class='ocrx_word' id='word_1_407' title='bbox 168 5112 244 5185; x_wconf 86' lang='grc' dir='ltr'>νέως,</span> <span class='ocrx_word' id='word_1_408' title='bbox 265 5115 389 5195; x_wconf 79' lang='grc' dir='ltr'>ῇπρώτῃ</span> <span class='ocrx_word' id='word_1_409' title='bbox 410 5116 514 5193; x_wconf 86' lang='grc' dir='ltr'>γυναικὶ</span> <span class='ocrx_word' id='word_1_410' title='bbox 535 5120 616 5198; x_wconf 80' lang='grc' dir='ltr'>θνητῇ</span> <span class='ocrx_word' id='word_1_411' title='bbox 634 5116 786 5195; x_wconf 83' lang='grc' dir='ltr'>μίσγεταιδ</span> <span class='ocrx_word' id='word_1_412' title='bbox 805 5117 887 5192; x_wconf 86' lang='grc' dir='ltr'>Ζεὺς,</span> <span class='ocrx_word' id='word_1_413' title='bbox 910 5120 945 5186; x_wconf 88' lang='grc' dir='ltr'>ὡς</span> 
     </span>
    </p>
   </div>
   <div class='ocr_carea' id='block_1_3' title="bbox 973 340 1271 407">
    <p class='ocr_par' dir='ltr' id='par_1_4' title="bbox 973 340 1271 407">
     <span class='ocr_line' id='line_1_56' title="bbox 973 340 1271 407; baseline 0.023 -7"><span class='ocrx_word' id='word_1_414' title='bbox 973 340 1271 407; x_wconf 73' lang='grc' dir='ltr'>ΙΠΑΠΝΑ58ΕΝ318</span> 
     </span>
    </p>
   </div>
   <div class='ocr_carea' id='block_1_4' title="bbox 1000 483 1783 2389">
    <p class='ocr_par' dir='ltr' id='par_1_5' title="bbox 1000 483 1783 2389">
     <span class='ocr_line' id='line_1_57' title="bbox 1007 483 1782 551; baseline 0.018 -21"><span class='ocrx_word' id='word_1_415' title='bbox 1007 483 1135 546; x_wconf 86' lang='lat' dir='ltr'><strong>pauciores</strong></span> <span class='ocrx_word' id='word_1_416' title='bbox 1152 486 1294 548; x_wconf 76' lang='lat' dir='ltr'><strong>protulisset</strong></span> <span class='ocrx_word' id='word_1_417' title='bbox 1309 505 1316 535; x_wconf 78' lang='grc' dir='ltr'>ι</span> <span class='ocrx_word' id='word_1_418' title='bbox 1331 490 1374 537; x_wconf 89' lang='lat' dir='ltr'>aut</span> <span class='ocrx_word' id='word_1_419' title='bbox 1393 488 1481 551; x_wconf 87' lang='lat' dir='ltr'><strong>aliquis</strong></span> <span class='ocrx_word' id='word_1_420' title='bbox 1496 490 1559 540; x_wconf 84' lang='lat' dir='ltr'><strong>alius</strong></span> <span class='ocrx_word' id='word_1_421' title='bbox 1574 490 1715 542; x_wconf 84' lang='lat' dir='ltr'><strong>huiusmodi</strong></span> <span class='ocrx_word' id='word_1_422' title='bbox 1734 507 1782 544; x_wconf 90' lang='lat' dir='ltr'>ca-</span> 
     </span>
     <span class='ocr_line' id='line_1_58' title="bbox 1006 581 1781 642; baseline 0.018 -14"><span class='ocrx_word' id='word_1_423' title='bbox 1006 592 1050 629; x_wconf 83' lang='lat' dir='ltr'>uus</span> <span class='ocrx_word' id='word_1_424' title='bbox 1064 581 1116 632; x_wconf 85' lang='lat' dir='ltr'><strong>sire</strong></span> <span class='ocrx_word' id='word_1_425' title='bbox 1131 582 1210 632; x_wconf 91' lang='lat' dir='ltr'><strong>bonus</strong></span> <span class='ocrx_word' id='word_1_426' title='bbox 1225 584 1278 633; x_wconf 85' lang='lat' dir='ltr'><strong>sire</strong></span> <span class='ocrx_word' id='word_1_427' title='bbox 1299 584 1380 634; x_wconf 91' lang='lat' dir='ltr'><strong>malus</strong></span> <span class='ocrx_word' id='word_1_428' title='bbox 1399 587 1541 638; x_wconf 82' lang='lat' dir='ltr'><strong>civitatibus</strong></span> <span class='ocrx_word' id='word_1_429' title='bbox 1553 590 1716 640; x_wconf 84' lang='lat' dir='ltr'><strong>multitudinis</strong></span> <span class='ocrx_word' id='word_1_430' title='bbox 1735 593 1781 642; x_wconf 87' lang='lat' dir='ltr'>mi·</span> 
     </span>
     <span class='ocr_line' id='line_1_59' title="bbox 1006 677 1783 748; baseline 0.017 -23"><span class='ocrx_word' id='word_1_431' title='bbox 1006 677 1292 730; x_wconf 83' lang='lat' dir='ltr'><strong>uuendaeueeessitatem</strong></span> <span class='ocrx_word' id='word_1_432' title='bbox 1314 682 1485 746; x_wconf 88' lang='lat' dir='ltr'><strong>imposuisset,</strong></span> <span class='ocrx_word' id='word_1_433' title='bbox 1505 684 1552 734; x_wconf 85' lang='lat' dir='ltr'>deo</span> <span class='ocrx_word' id='word_1_434' title='bbox 1571 685 1676 748; x_wconf 88' lang='lat' dir='ltr'><strong>cuipiam</strong></span> <span class='ocrx_word' id='word_1_435' title='bbox 1696 700 1783 739; x_wconf 89' lang='lat' dir='ltr'><strong>eonse-</strong></span> 
     </span>
     <span class='ocr_line' id='line_1_60' title="bbox 1006 777 1781 843; baseline 0.018 -21"><span class='ocrx_word' id='word_1_436' title='bbox 1006 778 1105 824; x_wconf 85' lang='lat' dir='ltr'><strong>craates</strong></span> <span class='ocrx_word' id='word_1_437' title='bbox 1124 786 1229 826; x_wconf 88' lang='lat' dir='ltr'><strong>annuam</strong></span> <span class='ocrx_word' id='word_1_438' title='bbox 1251 777 1381 828; x_wconf 89' lang='lat' dir='ltr'><strong>bominum</strong></span> <span class='ocrx_word' id='word_1_439' title='bbox 1397 781 1552 843; x_wconf 87' lang='lat' dir='ltr'><strong>progeniem,</strong></span> <span class='ocrx_word' id='word_1_440' title='bbox 1567 796 1598 832; x_wconf 87' lang='lat' dir='ltr'>ex</span> <span class='ocrx_word' id='word_1_441' title='bbox 1618 783 1670 833; x_wconf 89' lang='lat' dir='ltr'><strong>suis</strong></span> <span class='ocrx_word' id='word_1_442' title='bbox 1690 783 1781 836; x_wconf 83' lang='lat' dir='ltr'><strong>sinibus</strong></span> 
     </span>
     <span class='ocr_line' id='line_1_61' title="bbox 1004 872 1780 944; baseline 0.017 -25"><span class='ocrx_word' id='word_1_443' title='bbox 1004 872 1079 922; x_wconf 88' lang='lat' dir='ltr'><strong>armis</strong></span> <span class='ocrx_word' id='word_1_444' title='bbox 1099 872 1241 935; x_wconf 75' lang='lat' dir='ltr'><strong>instructam</strong></span> <span class='ocrx_word' id='word_1_445' title='bbox 1266 875 1417 927; x_wconf 89' lang='lat' dir='ltr'><strong>emittebant.</strong></span> <span class='ocrx_word' id='word_1_446' title='bbox 1452 881 1487 927; x_wconf 93' lang='lat' dir='ltr'>Ac</span> <span class='ocrx_word' id='word_1_447' title='bbox 1508 879 1530 927; x_wconf 89' lang='lat' dir='ltr'>si</span> <span class='ocrx_word' id='word_1_448' title='bbox 1548 893 1592 944; x_wconf 84' lang='lat' dir='ltr'><strong>pro</strong></span> <span class='ocrx_word' id='word_1_449' title='bbox 1613 880 1675 930; x_wconf 88' lang='lat' dir='ltr'><strong>teliet</strong></span> <span class='ocrx_word' id='word_1_450' title='bbox 1697 881 1780 931; x_wconf 82' lang='lat' dir='ltr'><strong>laomi-</strong></span> 
     </span>
     <span class='ocr_line' id='line_1_62' title="bbox 1005 973 1779 1040; baseline 0.017 -24"><span class='ocrx_word' id='word_1_451' title='bbox 1005 981 1064 1017; x_wconf 92' lang='lat' dir='ltr'>num</span> <span class='ocrx_word' id='word_1_452' title='bbox 1088 975 1208 1033; x_wconf 85' lang='lat' dir='ltr'><strong>proventu</strong></span> <span class='ocrx_word' id='word_1_453' title='bbox 1223 975 1266 1020; x_wconf 88' lang='lat' dir='ltr'>aut</span> <span class='ocrx_word' id='word_1_454' title='bbox 1285 973 1387 1023; x_wconf 85' lang='lat' dir='ltr'><strong>victoria</strong></span> <span class='ocrx_word' id='word_1_455' title='bbox 1406 975 1429 1024; x_wconf 89' lang='lat' dir='ltr'>in</span> <span class='ocrx_word' id='word_1_456' title='bbox 1451 974 1516 1025; x_wconf 91' lang='lat' dir='ltr'><strong>bello</strong></span> <span class='ocrx_word' id='word_1_457' title='bbox 1536 981 1605 1040; x_wconf 89' lang='lat' dir='ltr'><strong>parta</strong></span> <span class='ocrx_word' id='word_1_458' title='bbox 1617 979 1709 1039; x_wconf 72' lang='lat' dir='ltr'><strong>grabes</strong></span> <span class='ocrx_word' id='word_1_459' title='bbox 1729 979 1779 1030; x_wconf 84' lang='lat' dir='ltr'><strong>uiis</strong></span> 
     </span>
     <span class='ocr_line' id='line_1_63' title="bbox 1005 1067 1780 1132; baseline 0.014 -19"><span class='ocrx_word' id='word_1_460' title='bbox 1005 1069 1117 1126; x_wconf 76' lang='lat' dir='ltr'>agerent,</span> <span class='ocrx_word' id='word_1_461' title='bbox 1133 1067 1238 1129; x_wconf 75' lang='lat' dir='ltr'>peractis</span> <span class='ocrx_word' id='word_1_462' title='bbox 1256 1072 1312 1117; x_wconf 91' lang='lat' dir='ltr'><strong>ante</strong></span> <span class='ocrx_word' id='word_1_463' title='bbox 1334 1070 1410 1118; x_wconf 86' lang='lat' dir='ltr'><strong>saeris</strong></span> <span class='ocrx_word' id='word_1_464' title='bbox 1428 1070 1583 1132; x_wconf 82' lang='lat' dir='ltr'><strong>solennibus,</strong></span> <span class='ocrx_word' id='word_1_465' title='bbox 1609 1072 1696 1122; x_wconf 90' lang='lat' dir='ltr'><strong>taustis</strong></span> <span class='ocrx_word' id='word_1_466' title='bbox 1714 1074 1780 1124; x_wconf 89' lang='lat' dir='ltr'><strong>omi-</strong></span> 
     </span>
     <span class='ocr_line' id='line_1_64' title="bbox 1003 1161 1778 1235; baseline 0.017 -25"><span class='ocrx_word' id='word_1_467' title='bbox 1003 1161 1144 1212; x_wconf 88' lang='lat' dir='ltr'><strong>nationibus</strong></span> <span class='ocrx_word' id='word_1_468' title='bbox 1158 1163 1264 1215; x_wconf 88' lang='lat' dir='ltr'><strong>colonias</strong></span> <span class='ocrx_word' id='word_1_469' title='bbox 1273 1166 1500 1229; x_wconf 88' lang='lat' dir='ltr'><strong>prosequebantur:</strong></span> <span class='ocrx_word' id='word_1_470' title='bbox 1517 1169 1553 1218; x_wconf 80' lang='lat' dir='ltr'>s¹n</span> <span class='ocrx_word' id='word_1_471' title='bbox 1566 1168 1636 1220; x_wconf 90' lang='lat' dir='ltr'><strong>iratis</strong></span> <span class='ocrx_word' id='word_1_472' title='bbox 1653 1170 1700 1219; x_wconf 89' lang='lat' dir='ltr'><strong>diis</strong></span> <span class='ocrx_word' id='word_1_473' title='bbox 1711 1185 1778 1235; x_wconf 76' lang='lat' dir='ltr'><strong>pre·</strong></span> 
     </span>
     <span class='ocr_line' id='line_1_65' title="bbox 1003 1259 1779 1332; baseline 0.013 -23"><span class='ocrx_word' id='word_1_474' title='bbox 1003 1259 1109 1309; x_wconf 88' lang='lat' dir='ltr'><strong>sentium</strong></span> <span class='ocrx_word' id='word_1_475' title='bbox 1131 1260 1252 1310; x_wconf 88' lang='lat' dir='ltr'><strong>malorum</strong></span> <span class='ocrx_word' id='word_1_476' title='bbox 1273 1261 1347 1312; x_wconf 82' lang='lat' dir='ltr'><strong>tinem</strong></span> <span class='ocrx_word' id='word_1_477' title='bbox 1365 1267 1494 1326; x_wconf 87' lang='lat' dir='ltr'><strong>poscentes</strong></span> <span class='ocrx_word' id='word_1_478' title='bbox 1514 1264 1578 1314; x_wconf 80' lang='lat' dir='ltr'><strong>irlern</strong></span> <span class='ocrx_word' id='word_1_479' title='bbox 1596 1265 1719 1330; x_wconf 86' lang='lat' dir='ltr'><strong>tacerent,</strong></span> <span class='ocrx_word' id='word_1_480' title='bbox 1731 1268 1779 1332; x_wconf 92' lang='lat' dir='ltr'><strong>ipsi</strong></span> 
     </span>
     <span class='ocr_line' id='line_1_66' title="bbox 1004 1357 1779 1425; baseline 0.013 -19"><span class='ocrx_word' id='word_1_481' title='bbox 1004 1357 1085 1406; x_wconf 88' lang='lat' dir='ltr'><strong>maesti</strong></span> <span class='ocrx_word' id='word_1_482' title='bbox 1106 1359 1200 1407; x_wconf 84' lang='lat' dir='ltr'><strong>reniam</strong></span> <span class='ocrx_word' id='word_1_483' title='bbox 1213 1359 1327 1422; x_wconf 83' lang='lat' dir='ltr'><strong>petebant</strong></span> <span class='ocrx_word' id='word_1_484' title='bbox 1340 1360 1372 1409; x_wconf 91' lang='lat' dir='ltr'>ab</span> <span class='ocrx_word' id='word_1_485' title='bbox 1385 1360 1415 1410; x_wconf 86' lang='lat' dir='ltr'>iis</span> <span class='ocrx_word' id='word_1_486' title='bbox 1431 1362 1472 1424; x_wconf 92' lang='lat' dir='ltr'>qui</span> <span class='ocrx_word' id='word_1_487' title='bbox 1489 1362 1680 1425; x_wconf 71' lang='lat' dir='ltr'>expellebantur.</span> <span class='ocrx_word' id='word_1_488' title='bbox 1713 1367 1779 1416; x_wconf 80' lang='lat' dir='ltr'><strong>Exu-</strong></span> 
     </span>
     <span class='ocr_line' id='line_1_67' title="bbox 1003 1452 1778 1527; baseline 0.013 -24"><span class='ocrx_word' id='word_1_489' title='bbox 1003 1452 1080 1503; x_wconf 87' lang='lat' dir='ltr'><strong>lantes</strong></span> <span class='ocrx_word' id='word_1_490' title='bbox 1100 1467 1158 1504; x_wconf 78' lang='lat' dir='ltr'><strong>uero</strong></span> <span class='ocrx_word' id='word_1_491' title='bbox 1176 1460 1260 1518; x_wconf 76' lang='lat' dir='ltr'><strong>patrie</strong></span> <span class='ocrx_word' id='word_1_492' title='bbox 1272 1457 1317 1506; x_wconf 91' lang='lat' dir='ltr'><strong>uisi</strong></span> <span class='ocrx_word' id='word_1_493' title='bbox 1334 1457 1406 1507; x_wconf 87' lang='lat' dir='ltr'><strong>aliam</strong></span> <span class='ocrx_word' id='word_1_494' title='bbox 1427 1463 1542 1522; x_wconf 86' lang='lat' dir='ltr'><strong>pararent</strong></span> <span class='ocrx_word' id='word_1_495' title='bbox 1561 1462 1778 1527; x_wconf 63' lang='lat' dir='ltr'><strong>exinanimus,</strong></span> 
     </span>
     <span class='ocr_line' id='line_1_68' title="bbox 1002 1554 1779 1618; baseline 0.013 -18"><span class='ocrx_word' id='word_1_496' title='bbox 1002 1564 1057 1600; x_wconf 91' lang='lat' dir='ltr'>eam</span> <span class='ocrx_word' id='word_1_497' title='bbox 1077 1565 1134 1614; x_wconf 81' lang='lat' dir='ltr'><strong>qum</strong></span> <span class='ocrx_word' id='word_1_498' title='bbox 1153 1565 1180 1601; x_wconf 90' lang='lat' dir='ltr'>se</span> <span class='ocrx_word' id='word_1_499' title='bbox 1203 1554 1334 1616; x_wconf 78' lang='lat' dir='ltr'><strong>recepisset</strong></span> <span class='ocrx_word' id='word_1_500' title='bbox 1354 1558 1445 1603; x_wconf 90' lang='lat' dir='ltr'><strong>terram</strong></span> <span class='ocrx_word' id='word_1_501' title='bbox 1464 1557 1516 1605; x_wconf 83' lang='lat' dir='ltr'><strong>eive</strong></span> <span class='ocrx_word' id='word_1_502' title='bbox 1535 1557 1610 1618; x_wconf 87' lang='lat' dir='ltr'><strong>gratia</strong></span> <span class='ocrx_word' id='word_1_503' title='bbox 1626 1559 1679 1607; x_wconf 87' lang='lat' dir='ltr'><strong>sire</strong></span> <span class='ocrx_word' id='word_1_504' title='bbox 1702 1559 1779 1609; x_wconf 79' lang='lat' dir='ltr'><strong>armis</strong></span> 
     </span>
     <span class='ocr_line' id='line_1_69' title="bbox 1002 1648 1779 1714; baseline 0.012 -17"><span class='ocrx_word' id='word_1_505' title='bbox 1002 1648 1130 1711; x_wconf 79' lang='lat' dir='ltr'><strong>quaesitam</strong></span> <span class='ocrx_word' id='word_1_506' title='bbox 1152 1651 1236 1712; x_wconf 84' lang='lat' dir='ltr'><strong>patriae</strong></span> <span class='ocrx_word' id='word_1_507' title='bbox 1257 1650 1310 1699; x_wconf 92' lang='lat' dir='ltr'><strong>loco</strong></span> <span class='ocrx_word' id='word_1_508' title='bbox 1329 1650 1453 1701; x_wconf 86' lang='lat' dir='ltr'><strong>habebant</strong></span> <span class='ocrx_word' id='word_1_509' title='bbox 1473 1671 1480 1700; x_wconf 80' lang='grc' dir='ltr'>τ</span> <span class='ocrx_word' id='word_1_510' title='bbox 1502 1651 1626 1714; x_wconf 85' lang='lat' dir='ltr'><strong>deusque,</strong></span> <span class='ocrx_word' id='word_1_511' title='bbox 1645 1653 1687 1703; x_wconf 91' lang='lat' dir='ltr'>cui</span> <span class='ocrx_word' id='word_1_512' title='bbox 1711 1654 1779 1706; x_wconf 85' lang='lat' dir='ltr'><strong>dieat</strong></span> 
     </span>
     <span class='ocr_line' id='line_1_70' title="bbox 1001 1746 1777 1811; baseline 0.01 -17"><span class='ocrx_word' id='word_1_513' title='bbox 1001 1746 1104 1802; x_wconf 87' lang='lat' dir='ltr'><strong>tuissent</strong></span> <span class='ocrx_word' id='word_1_514' title='bbox 1114 1746 1129 1794; x_wconf 93' lang='lat' dir='ltr'>ii</span> <span class='ocrx_word' id='word_1_515' title='bbox 1141 1746 1182 1809; x_wconf 91' lang='lat' dir='ltr'>qui</span> <span class='ocrx_word' id='word_1_516' title='bbox 1194 1746 1366 1808; x_wconf 86' lang='lat' dir='ltr'><strong>abigebautur,</strong></span> <span class='ocrx_word' id='word_1_517' title='bbox 1382 1761 1425 1798; x_wconf 85' lang='lat' dir='ltr'>ees</span> <span class='ocrx_word' id='word_1_518' title='bbox 1440 1748 1584 1811; x_wconf 90' lang='lat' dir='ltr'><strong>plerumque</strong></span> <span class='ocrx_word' id='word_1_519' title='bbox 1597 1750 1716 1800; x_wconf 81' lang='lat' dir='ltr'><strong>adiuvare</strong></span> <span class='ocrx_word' id='word_1_520' title='bbox 1734 1764 1777 1802; x_wconf 87' lang='lat' dir='ltr'>eo·</span> 
     </span>
     <span class='ocr_line' id='line_1_71' title="bbox 1001 1843 1776 1911; baseline 0.01 -20"><span class='ocrx_word' id='word_1_521' title='bbox 1001 1843 1127 1907; x_wconf 86' lang='lat' dir='ltr'><strong>louiasque</strong></span> <span class='ocrx_word' id='word_1_522' title='bbox 1143 1856 1227 1893; x_wconf 86' lang='lat' dir='ltr'><strong>eorum</strong></span> <span class='ocrx_word' id='word_1_523' title='bbox 1259 1847 1347 1906; x_wconf 75' lang='lat' dir='ltr'><strong>prater</strong></span> <span class='ocrx_word' id='word_1_524' title='bbox 1369 1858 1467 1895; x_wconf 88' lang='lat' dir='ltr'><strong>omnem</strong></span> <span class='ocrx_word' id='word_1_525' title='bbox 1488 1846 1616 1897; x_wconf 87' lang='lat' dir='ltr'><strong>lromiuum</strong></span> <span class='ocrx_word' id='word_1_526' title='bbox 1636 1847 1776 1911; x_wconf 82' lang='lat' dir='ltr'><strong>opinionem</strong></span> 
     </span>
     <span class='ocr_line' id='line_1_72' title="bbox 1001 1922 1776 2005; baseline 0.013 -19"><span class='ocrx_word' id='word_1_527' title='bbox 1001 1952 1092 2002; x_wconf 87' lang='lat' dir='ltr'><strong>augere</strong></span> <span class='ocrx_word' id='word_1_528' title='bbox 1119 1939 1256 1990; x_wconf 81' lang='lat' dir='ltr'><strong>ridebatur.</strong></span> <span class='ocrx_word' id='word_1_529' title='bbox 1306 1942 1377 1991; x_wconf 92' lang='lat' dir='ltr'><strong>llune</strong></span> <span class='ocrx_word' id='word_1_530' title='bbox 1399 1942 1471 2005; x_wconf 87' lang='lat' dir='ltr'><strong>igitur</strong></span> <span class='ocrx_word' id='word_1_531' title='bbox 1498 1956 1594 1995; x_wconf 88' lang='lat' dir='ltr'><strong>morem</strong></span> <span class='ocrx_word' id='word_1_532' title='bbox 1616 1922 1694 1995; x_wconf 75' lang='grc' dir='ltr'>όοουθ</span> <span class='ocrx_word' id='word_1_533' title='bbox 1721 1949 1776 1996; x_wconf 88' lang='lat' dir='ltr'><strong>tura</strong></span> 
     </span>
     <span class='ocr_line' id='line_1_73' title="bbox 1001 2034 1778 2102; baseline 0.015 -19"><span class='ocrx_word' id='word_1_534' title='bbox 1001 2048 1097 2098; x_wconf 92' lang='lat' dir='ltr'><strong>quoque</strong></span> <span class='ocrx_word' id='word_1_535' title='bbox 1123 2034 1280 2099; x_wconf 79' lang='lat' dir='ltr'><strong>Aboriginum</strong></span> <span class='ocrx_word' id='word_1_536' title='bbox 1303 2038 1419 2102; x_wconf 89' lang='lat' dir='ltr'><strong>quidam,</strong></span> <span class='ocrx_word' id='word_1_537' title='bbox 1434 2039 1532 2101; x_wconf 75' lang='lat' dir='ltr'><strong>regione</strong></span> <span class='ocrx_word' id='word_1_538' title='bbox 1553 2041 1614 2089; x_wconf 79' lang='lat' dir='ltr'><strong>viris</strong></span> <span class='ocrx_word' id='word_1_539' title='bbox 1635 2040 1778 2095; x_wconf 83' lang='lat' dir='ltr'><strong>abundante</strong></span> 
     </span>
     <span class='ocr_line' id='line_1_74' title="bbox 1001 2133 1777 2201; baseline 0.015 -21"><span class='ocrx_word' id='word_1_540' title='bbox 1001 2135 1128 2193; x_wconf 90' lang='lat' dir='ltr'><strong>(natorum</strong></span> <span class='ocrx_word' id='word_1_541' title='bbox 1138 2133 1201 2181; x_wconf 85' lang='lat' dir='ltr'><strong>enirn</strong></span> <span class='ocrx_word' id='word_1_542' title='bbox 1212 2135 1332 2184; x_wconf 88' lang='lat' dir='ltr'><strong>neminem</strong></span> <span class='ocrx_word' id='word_1_543' title='bbox 1340 2136 1454 2185; x_wconf 87' lang='lat' dir='ltr'><strong>valebant</strong></span> <span class='ocrx_word' id='word_1_544' title='bbox 1463 2149 1558 2197; x_wconf 88' lang='lat' dir='ltr'><strong>necare,</strong></span> <span class='ocrx_word' id='word_1_545' title='bbox 1566 2137 1624 2201; x_wconf 89' lang='lat' dir='ltr'><strong>quia</strong></span> <span class='ocrx_word' id='word_1_546' title='bbox 1634 2137 1777 2192; x_wconf 84' lang='lat' dir='ltr'><strong>idomniuru</strong></span> 
     </span>
     <span class='ocr_line' id='line_1_75' title="bbox 1000 2229 1777 2301; baseline 0.015 -23"><span class='ocrx_word' id='word_1_547' title='bbox 1000 2229 1070 2292; x_wconf 89' lang='lat' dir='ltr'><strong>lenge</strong></span> <span class='ocrx_word' id='word_1_548' title='bbox 1094 2230 1264 2292; x_wconf 83' lang='lat' dir='ltr'><strong>gravissimum</strong></span> <span class='ocrx_word' id='word_1_549' title='bbox 1290 2234 1415 2296; x_wconf 80' lang='lat' dir='ltr'><strong>piaculum</strong></span> <span class='ocrx_word' id='word_1_550' title='bbox 1442 2234 1579 2298; x_wconf 86' lang='lat' dir='ltr'><strong>putabant)</strong></span> <span class='ocrx_word' id='word_1_551' title='bbox 1602 2236 1649 2286; x_wconf 92' lang='lat' dir='ltr'>deo</span> <span class='ocrx_word' id='word_1_552' title='bbox 1668 2238 1777 2301; x_wconf 84' lang='lat' dir='ltr'><strong>cuipiam</strong></span> 
     </span>
     <span class='ocr_line' id='line_1_76' title="bbox 1001 2324 1776 2389; baseline 0.009 -15"><span class='ocrx_word' id='word_1_553' title='bbox 1001 2330 1142 2374; x_wconf 87' lang='lat' dir='ltr'><strong>consecrata</strong></span> <span class='ocrx_word' id='word_1_554' title='bbox 1167 2338 1248 2374; x_wconf 90' lang='lat' dir='ltr'><strong>annua</strong></span> <span class='ocrx_word' id='word_1_555' title='bbox 1267 2324 1394 2389; x_wconf 80' lang='lat' dir='ltr'><strong>progenie.</strong></span> <span class='ocrx_word' id='word_1_556' title='bbox 1414 2325 1477 2374; x_wconf 90' lang='lat' dir='ltr'><strong>tilios</strong></span> <span class='ocrx_word' id='word_1_557' title='bbox 1496 2324 1540 2374; x_wconf 90' lang='lat' dir='ltr'>ubi</span> <span class='ocrx_word' id='word_1_558' title='bbox 1559 2325 1655 2376; x_wconf 76' lang='lat' dir='ltr'><strong>virilem</strong></span> <span class='ocrx_word' id='word_1_559' title='bbox 1674 2334 1776 2381; x_wconf 75' lang='lat' dir='ltr'><strong>eroum</strong></span> 
     </span>
    </p>
   </div>
   <div class='ocr_carea' id='block_1_5' title="bbox 995 2416 1788 4075">
    <p class='ocr_par' dir='ltr' id='par_1_6' title="bbox 998 2416 1788 3692">
     <span class='ocr_line' id='line_1_77' title="bbox 1000 2416 1776 2484; baseline 0.009 -18"><span class='ocrx_word' id='word_1_560' title='bbox 1000 2416 1133 2480; x_wconf 74' lang='lat' dir='ltr'><strong>attigissent</strong></span> <span class='ocrx_word' id='word_1_561' title='bbox 1146 2418 1246 2469; x_wconf 89' lang='lat' dir='ltr'><strong>colonos</strong></span> <span class='ocrx_word' id='word_1_562' title='bbox 1260 2417 1395 2468; x_wconf 90' lang='lat' dir='ltr'><strong>emiserunt</strong></span> <span class='ocrx_word' id='word_1_563' title='bbox 1414 2436 1421 2466; x_wconf 91' lang='lat'><strong>:</strong></span> <span class='ocrx_word' id='word_1_564' title='bbox 1444 2417 1486 2480; x_wconf 90' lang='lat' dir='ltr'>qui</span> <span class='ocrx_word' id='word_1_565' title='bbox 1507 2417 1656 2483; x_wconf 79' lang='lat' dir='ltr'><strong>simulatque</strong></span> <span class='ocrx_word' id='word_1_566' title='bbox 1668 2423 1776 2484; x_wconf 90' lang='lat' dir='ltr'><strong>patrium</strong></span> 
     </span>
     <span class='ocr_line' id='line_1_78' title="bbox 1000 2508 1777 2574; baseline 0.006 -15"><span class='ocrx_word' id='word_1_567' title='bbox 1000 2511 1079 2561; x_wconf 89' lang='lat' dir='ltr'><strong>selum</strong></span> <span class='ocrx_word' id='word_1_568' title='bbox 1099 2512 1257 2574; x_wconf 90' lang='lat' dir='ltr'><strong>reliquerunt,</strong></span> <span class='ocrx_word' id='word_1_569' title='bbox 1279 2524 1318 2560; x_wconf 81' lang='lat' dir='ltr'>res</span> <span class='ocrx_word' id='word_1_570' title='bbox 1341 2508 1477 2559; x_wconf 86' lang='lat' dir='ltr'><strong>Siculorum</strong></span> <span class='ocrx_word' id='word_1_571' title='bbox 1493 2522 1564 2572; x_wconf 87' lang='lat' dir='ltr'><strong>agere</strong></span> <span class='ocrx_word' id='word_1_572' title='bbox 1588 2524 1617 2560; x_wconf 92' lang='lat' dir='ltr'>ae</span> <span class='ocrx_word' id='word_1_573' title='bbox 1637 2512 1701 2562; x_wconf 88' lang='lat' dir='ltr'><strong>terre</strong></span> <span class='ocrx_word' id='word_1_574' title='bbox 1726 2528 1777 2565; x_wconf 91' lang='lat' dir='ltr'>non</span> 
     </span>
     <span class='ocr_line' id='line_1_79' title="bbox 1002 2605 1776 2673; baseline 0.005 -17"><span class='ocrx_word' id='word_1_575' title='bbox 1002 2607 1160 2658; x_wconf 89' lang='lat' dir='ltr'><strong>destiterunt.</strong></span> <span class='ocrx_word' id='word_1_576' title='bbox 1179 2610 1211 2656; x_wconf 85' lang='lat' dir='ltr'><strong>Ut</strong></span> <span class='ocrx_word' id='word_1_577' title='bbox 1234 2621 1294 2657; x_wconf 85' lang='lat' dir='ltr'><strong>vero</strong></span> <span class='ocrx_word' id='word_1_578' title='bbox 1313 2606 1390 2656; x_wconf 87' lang='lat' dir='ltr'><strong>semel</strong></span> <span class='ocrx_word' id='word_1_579' title='bbox 1403 2605 1429 2655; x_wconf 86' lang='lat' dir='ltr'>hi</span> <span class='ocrx_word' id='word_1_580' title='bbox 1450 2605 1599 2669; x_wconf 85' lang='lat' dir='ltr'><strong>quibusdam</strong></span> <span class='ocrx_word' id='word_1_581' title='bbox 1611 2607 1706 2658; x_wconf 89' lang='lat' dir='ltr'><strong>hostilis</strong></span> <span class='ocrx_word' id='word_1_582' title='bbox 1725 2609 1776 2673; x_wconf 69' lang='lat' dir='ltr'><strong>agai</strong></span> 
     </span>
     <span class='ocr_line' id='line_1_80' title="bbox 1000 2700 1776 2767; baseline 0.001 -14"><span class='ocrx_word' id='word_1_583' title='bbox 1000 2705 1061 2753; x_wconf 90' lang='lat' dir='ltr'><strong>loeis</strong></span> <span class='ocrx_word' id='word_1_584' title='bbox 1074 2705 1144 2767; x_wconf 75' lang='lat' dir='ltr'><strong>protili</strong></span> <span class='ocrx_word' id='word_1_585' title='bbox 1162 2707 1231 2761; x_wconf 92' lang='lat' dir='ltr'><strong>suut,</strong></span> <span class='ocrx_word' id='word_1_586' title='bbox 1245 2705 1324 2751; x_wconf 90' lang='lat' dir='ltr'><strong>tutius</strong></span> <span class='ocrx_word' id='word_1_587' title='bbox 1344 2702 1394 2751; x_wconf 86' lang='lat' dir='ltr'>iam</span> <span class='ocrx_word' id='word_1_588' title='bbox 1408 2705 1432 2751; x_wconf 90' lang='lat' dir='ltr'>et</span> <span class='ocrx_word' id='word_1_589' title='bbox 1444 2700 1533 2764; x_wconf 77' lang='lat' dir='ltr'><strong>reliqui</strong></span> <span class='ocrx_word' id='word_1_590' title='bbox 1549 2702 1688 2765; x_wconf 79' lang='lat' dir='ltr'><strong>Aborigines</strong></span> <span class='ocrx_word' id='word_1_591' title='bbox 1706 2718 1776 2767; x_wconf 83' lang='lat' dir='ltr'><strong>agro·</strong></span> 
     </span>
     <span class='ocr_line' id='line_1_81' title="bbox 1003 2798 1778 2863; baseline -0.001 -14"><span class='ocrx_word' id='word_1_592' title='bbox 1003 2815 1059 2850; x_wconf 91' lang='lat' dir='ltr'>rum</span> <span class='ocrx_word' id='word_1_593' title='bbox 1072 2804 1163 2863; x_wconf 89' lang='lat' dir='ltr'><strong>inopes,</strong></span> <span class='ocrx_word' id='word_1_594' title='bbox 1178 2814 1237 2849; x_wconf 86' lang='lat' dir='ltr'><strong>auus</strong></span> <span class='ocrx_word' id='word_1_595' title='bbox 1250 2799 1354 2861; x_wconf 91' lang='lat' dir='ltr'><strong>quisque</strong></span> <span class='ocrx_word' id='word_1_596' title='bbox 1370 2799 1462 2847; x_wconf 86' lang='lat' dir='ltr'><strong>vicinus</strong></span> <span class='ocrx_word' id='word_1_597' title='bbox 1473 2798 1577 2860; x_wconf 76' lang='lat' dir='ltr'><strong>aggressi</strong></span> <span class='ocrx_word' id='word_1_598' title='bbox 1600 2803 1658 2847; x_wconf 91' lang='lat' dir='ltr'><strong>sunt</strong></span> <span class='ocrx_word' id='word_1_599' title='bbox 1670 2818 1678 2848; x_wconf 87' lang='grc' dir='ltr'>τ</span> <span class='ocrx_word' id='word_1_600' title='bbox 1692 2798 1778 2850; x_wconf 81' lang='lat' dir='ltr'><strong>urbes·</strong></span> 
     </span>
     <span class='ocr_line' id='line_1_82' title="bbox 1001 2890 1774 2957; baseline -0.003 -14"><span class='ocrx_word' id='word_1_601' title='bbox 1001 2908 1050 2957; x_wconf 94' lang='lat' dir='ltr'>que</span> <span class='ocrx_word' id='word_1_602' title='bbox 1073 2898 1198 2956; x_wconf 82' lang='lat' dir='ltr'><strong>ceperunt,</strong></span> <span class='ocrx_word' id='word_1_603' title='bbox 1225 2905 1281 2939; x_wconf 89' lang='lat' dir='ltr'>eum</span> <span class='ocrx_word' id='word_1_604' title='bbox 1306 2890 1379 2949; x_wconf 86' lang='lat' dir='ltr'><strong>alius,</strong></span> <span class='ocrx_word' id='word_1_605' title='bbox 1398 2894 1451 2939; x_wconf 92' lang='lat' dir='ltr'>tum</span> <span class='ocrx_word' id='word_1_606' title='bbox 1469 2903 1511 2940; x_wconf 90' lang='lat' dir='ltr'>eas</span> <span class='ocrx_word' id='word_1_607' title='bbox 1530 2902 1588 2954; x_wconf 84' lang='lat' dir='ltr'><strong>quae</strong></span> <span class='ocrx_word' id='word_1_608' title='bbox 1606 2890 1638 2940; x_wconf 85' lang='lat' dir='ltr'>ad</span> <span class='ocrx_word' id='word_1_609' title='bbox 1653 2890 1716 2940; x_wconf 85' lang='lat' dir='ltr'><strong>bane</strong></span> <span class='ocrx_word' id='word_1_610' title='bbox 1729 2905 1774 2942; x_wconf 88' lang='lat' dir='ltr'>us·</span> 
     </span>
     <span class='ocr_line' id='line_1_83' title="bbox 1001 2982 1775 3049; baseline 0 -13"><span class='ocrx_word' id='word_1_611' title='bbox 1001 3002 1049 3049; x_wconf 91' lang='lat' dir='ltr'>que</span> <span class='ocrx_word' id='word_1_612' title='bbox 1064 2989 1163 3035; x_wconf 69' lang='lat' dir='ltr'><strong>{emtam</strong></span> <span class='ocrx_word' id='word_1_613' title='bbox 1179 2984 1324 3043; x_wconf 71' lang='lat' dir='ltr'><strong>insolenter,</strong></span> <span class='ocrx_word' id='word_1_614' title='bbox 1337 2985 1504 3042; x_wconf 79' lang='lat' dir='ltr'><strong>Antemnates,</strong></span> <span class='ocrx_word' id='word_1_615' title='bbox 1519 2982 1682 3043; x_wconf 83' lang='lat' dir='ltr'><strong>Tellenenses,</strong></span> <span class='ocrx_word' id='word_1_616' title='bbox 1696 2984 1775 3035; x_wconf 88' lang='lat' dir='ltr'><strong>Ficul-</strong></span> 
     </span>
     <span class='ocr_line' id='line_1_84' title="bbox 1001 3073 1774 3139; baseline 0.001 -14"><span class='ocrx_word' id='word_1_617' title='bbox 1001 3090 1088 3127; x_wconf 87' lang='lat' dir='ltr'><strong>nenses</strong></span> <span class='ocrx_word' id='word_1_618' title='bbox 1106 3090 1180 3139; x_wconf 90' lang='lat' dir='ltr'><strong>prope</strong></span> <span class='ocrx_word' id='word_1_619' title='bbox 1195 3079 1289 3124; x_wconf 78' lang='lat' dir='ltr'><strong>irroratus</strong></span> <span class='ocrx_word' id='word_1_620' title='bbox 1299 3074 1344 3137; x_wconf 88' lang='lat' dir='ltr'>qui</span> <span class='ocrx_word' id='word_1_621' title='bbox 1361 3073 1486 3123; x_wconf 84' lang='lat' dir='ltr'><strong>Corniculi</strong></span> <span class='ocrx_word' id='word_1_622' title='bbox 1500 3078 1627 3136; x_wconf 82' lang='lat' dir='ltr'><strong>vocantur,</strong></span> <span class='ocrx_word' id='word_1_623' title='bbox 1642 3077 1668 3125; x_wconf 90' lang='lat' dir='ltr'>et</span> <span class='ocrx_word' id='word_1_624' title='bbox 1681 3075 1774 3126; x_wconf 91' lang='lat' dir='ltr'><strong>Tibur-</strong></span> 
     </span>
     <span class='ocr_line' id='line_1_85' title="bbox 1001 3164 1774 3230; baseline -0.001 -13"><span class='ocrx_word' id='word_1_625' title='bbox 1001 3170 1077 3229; x_wconf 83' lang='lat' dir='ltr'><strong>tinos,</strong></span> <span class='ocrx_word' id='word_1_626' title='bbox 1098 3167 1165 3230; x_wconf 86' lang='lat' dir='ltr'><strong>apud</strong></span> <span class='ocrx_word' id='word_1_627' title='bbox 1180 3181 1243 3230; x_wconf 91' lang='lat' dir='ltr'><strong>quos</strong></span> <span class='ocrx_word' id='word_1_628' title='bbox 1256 3164 1288 3214; x_wconf 88' lang='lat' dir='ltr'>ad</span> <span class='ocrx_word' id='word_1_629' title='bbox 1310 3164 1357 3215; x_wconf 92' lang='lat' dir='ltr'>boc</span> <span class='ocrx_word' id='word_1_630' title='bbox 1379 3178 1457 3229; x_wconf 74' lang='lat' dir='ltr'><strong>usque</strong></span> <span class='ocrx_word' id='word_1_631' title='bbox 1474 3172 1570 3228; x_wconf 88' lang='lat' dir='ltr'><strong>tempus</strong></span> <span class='ocrx_word' id='word_1_632' title='bbox 1583 3178 1640 3228; x_wconf 87' lang='lat' dir='ltr'><strong>pars</strong></span> <span class='ocrx_word' id='word_1_633' title='bbox 1659 3166 1774 3228; x_wconf 81' lang='lat' dir='ltr'><strong>quodam</strong></span> 
     </span>
     <span class='ocr_line' id='line_1_86' title="bbox 999 3256 1774 3322; baseline -0.001 -14"><span class='ocrx_word' id='word_1_634' title='bbox 999 3259 1066 3308; x_wconf 83' lang='lat' dir='ltr'><strong>urbis</strong></span> <span class='ocrx_word' id='word_1_635' title='bbox 1080 3259 1202 3308; x_wconf 83' lang='lat' dir='ltr'><strong>sicilicum</strong></span> <span class='ocrx_word' id='word_1_636' title='bbox 1217 3259 1319 3305; x_wconf 73' lang='lat' dir='ltr'><strong>secatur</strong></span> <span class='ocrx_word' id='word_1_637' title='bbox 1334 3275 1340 3304; x_wconf 81' lang='grc' dir='ltr'>ι</span> <span class='ocrx_word' id='word_1_638' title='bbox 1357 3270 1401 3305; x_wconf 90' lang='lat' dir='ltr'>nec</span> <span class='ocrx_word' id='word_1_639' title='bbox 1411 3256 1484 3305; x_wconf 90' lang='lat' dir='ltr'><strong>ullam</strong></span> <span class='ocrx_word' id='word_1_640' title='bbox 1495 3256 1567 3306; x_wconf 91' lang='lat' dir='ltr'><strong>aliam</strong></span> <span class='ocrx_word' id='word_1_641' title='bbox 1579 3257 1706 3307; x_wconf 86' lang='lat' dir='ltr'><strong>tinitirnam</strong></span> <span class='ocrx_word' id='word_1_642' title='bbox 1718 3272 1774 3322; x_wconf 89' lang='lat' dir='ltr'><strong>gen·</strong></span> 
     </span>
     <span class='ocr_line' id='line_1_87' title="bbox 999 3348 1772 3414; baseline 0.001 -14"><span class='ocrx_word' id='word_1_643' title='bbox 999 3356 1049 3404; x_wconf 89' lang='lat' dir='ltr'>tem</span> <span class='ocrx_word' id='word_1_644' title='bbox 1073 3352 1149 3414; x_wconf 87' lang='lat' dir='ltr'><strong>magis</strong></span> <span class='ocrx_word' id='word_1_645' title='bbox 1173 3364 1248 3412; x_wconf 88' lang='lat' dir='ltr'><strong>quam</strong></span> <span class='ocrx_word' id='word_1_646' title='bbox 1266 3348 1372 3397; x_wconf 86' lang='lat' dir='ltr'><strong>Siculum</strong></span> <span class='ocrx_word' id='word_1_647' title='bbox 1394 3349 1546 3398; x_wconf 78' lang='lat' dir='ltr'><strong>infestabant.</strong></span> <span class='ocrx_word' id='word_1_648' title='bbox 1571 3351 1607 3398; x_wconf 82' lang='lat' dir='ltr'>Ex</span> <span class='ocrx_word' id='word_1_649' title='bbox 1630 3349 1669 3398; x_wconf 89' lang='lat' dir='ltr'>bis</span> <span class='ocrx_word' id='word_1_650' title='bbox 1689 3355 1772 3401; x_wconf 90' lang='lat' dir='ltr'><strong>autem</strong></span> 
     </span>
     <span class='ocr_line' id='line_1_88' title="bbox 999 3441 1788 3505; baseline 0 -12"><span class='ocrx_word' id='word_1_651' title='bbox 999 3445 1171 3493; x_wconf 86' lang='lat' dir='ltr'><strong>controversiis</strong></span> <span class='ocrx_word' id='word_1_652' title='bbox 1188 3443 1280 3492; x_wconf 88' lang='lat' dir='ltr'><strong>bellum</strong></span> <span class='ocrx_word' id='word_1_653' title='bbox 1300 3442 1361 3490; x_wconf 89' lang='lat' dir='ltr'><strong>inter</strong></span> <span class='ocrx_word' id='word_1_654' title='bbox 1373 3445 1458 3503; x_wconf 81' lang='lat' dir='ltr'><strong>gentes</strong></span> <span class='ocrx_word' id='word_1_655' title='bbox 1476 3441 1583 3500; x_wconf 73' lang='lat' dir='ltr'><strong>integras</strong></span> <span class='ocrx_word' id='word_1_656' title='bbox 1598 3446 1709 3491; x_wconf 81' lang='lat' dir='ltr'><strong>exortum</strong></span> <span class='ocrx_word' id='word_1_657' title='bbox 1725 3446 1788 3505; x_wconf 57' lang='lat' dir='ltr'><strong>est,</strong></span> 
     </span>
     <span class='ocr_line' id='line_1_89' title="bbox 998 3533 1771 3600; baseline -0.004 -14"><span class='ocrx_word' id='word_1_658' title='bbox 998 3540 1114 3600; x_wconf 85' lang='lat' dir='ltr'><strong>quantum</strong></span> <span class='ocrx_word' id='word_1_659' title='bbox 1123 3536 1217 3585; x_wconf 88' lang='lat' dir='ltr'><strong>nullum</strong></span> <span class='ocrx_word' id='word_1_660' title='bbox 1224 3533 1288 3585; x_wconf 82' lang='lat' dir='ltr'><strong>aliud</strong></span> <span class='ocrx_word' id='word_1_661' title='bbox 1299 3535 1450 3598; x_wconf 89' lang='lat' dir='ltr'><strong>superiorum</strong></span> <span class='ocrx_word' id='word_1_662' title='bbox 1461 3533 1485 3582; x_wconf 93' lang='lat' dir='ltr'>in</span> <span class='ocrx_word' id='word_1_663' title='bbox 1494 3533 1561 3583; x_wconf 88' lang='lat' dir='ltr'><strong>ltalia</strong></span> <span class='ocrx_word' id='word_1_664' title='bbox 1569 3537 1690 3596; x_wconf 89' lang='lat' dir='ltr'><strong>gesturum</strong></span> <span class='ocrx_word' id='word_1_665' title='bbox 1701 3555 1706 3583; x_wconf 91' lang='lat'>:</span> <span class='ocrx_word' id='word_1_666' title='bbox 1717 3548 1771 3597; x_wconf 90' lang='lat' dir='ltr'><strong>pro·</strong></span> 
     </span>
     <span class='ocr_line' id='line_1_90' title="bbox 998 3629 1541 3692; baseline -0.006 -13"><span class='ocrx_word' id='word_1_667' title='bbox 998 3631 1119 3692; x_wconf 85' lang='lat' dir='ltr'><strong>cessitque</strong></span> <span class='ocrx_word' id='word_1_668' title='bbox 1133 3631 1157 3678; x_wconf 89' lang='lat' dir='ltr'>in</span> <span class='ocrx_word' id='word_1_669' title='bbox 1175 3629 1271 3691; x_wconf 90' lang='lat' dir='ltr'><strong>lengum</strong></span> <span class='ocrx_word' id='word_1_670' title='bbox 1283 3631 1379 3690; x_wconf 85' lang='lat' dir='ltr'><strong>ternpus</strong></span> <span class='ocrx_word' id='word_1_671' title='bbox 1397 3629 1541 3677; x_wconf 83' lang='lat' dir='ltr'><strong>extractum.</strong></span> 
     </span>
    </p>

    <p class='ocr_par' dir='ltr' id='par_1_7' title="bbox 995 3713 1770 4075">
     <span class='ocr_line' id='line_1_91' title="bbox 1030 3713 1770 3777; baseline -0.007 -9"><span class='ocrx_word' id='word_1_672' title='bbox 1030 3719 1107 3768; x_wconf 80' lang='lat' dir='ltr'><strong>xvll.</strong></span> <span class='ocrx_word' id='word_1_673' title='bbox 1125 3716 1217 3766; x_wconf 86' lang='lat' dir='ltr'><strong>Deinde</strong></span> <span class='ocrx_word' id='word_1_674' title='bbox 1228 3716 1321 3777; x_wconf 78' lang='lat' dir='ltr'><strong>Pelasgi</strong></span> <span class='ocrx_word' id='word_1_675' title='bbox 1335 3714 1444 3776; x_wconf 76' lang='lat' dir='ltr'><strong>quietam,</strong></span> <span class='ocrx_word' id='word_1_676' title='bbox 1456 3728 1486 3763; x_wconf 84' lang='lat' dir='ltr'>ex</span> <span class='ocrx_word' id='word_1_677' title='bbox 1498 3714 1526 3761; x_wconf 90' lang='lat' dir='ltr'>iis</span> <span class='ocrx_word' id='word_1_678' title='bbox 1537 3714 1578 3774; x_wconf 88' lang='lat' dir='ltr'>qui</span> <span class='ocrx_word' id='word_1_679' title='bbox 1589 3713 1731 3762; x_wconf 87' lang='lat' dir='ltr'><strong>babitabant</strong></span> <span class='ocrx_word' id='word_1_680' title='bbox 1746 3714 1770 3763; x_wconf 90' lang='lat' dir='ltr'>in</span> 
     </span>
     <span class='ocr_line' id='line_1_92' title="bbox 997 3807 1770 3875; baseline -0.006 -12"><span class='ocrx_word' id='word_1_681' title='bbox 997 3828 1026 3863; x_wconf 86' lang='lat' dir='ltr'>ea</span> <span class='ocrx_word' id='word_1_682' title='bbox 1045 3827 1101 3875; x_wconf 81' lang='lat' dir='ltr'><strong>quai</strong></span> <span class='ocrx_word' id='word_1_683' title='bbox 1119 3827 1183 3861; x_wconf 86' lang='lat' dir='ltr'><strong>nurrc</strong></span> <span class='ocrx_word' id='word_1_684' title='bbox 1196 3810 1322 3861; x_wconf 79' lang='lat' dir='ltr'><strong>Thessalia</strong></span> <span class='ocrx_word' id='word_1_685' title='bbox 1342 3814 1451 3869; x_wconf 87' lang='lat' dir='ltr'><strong>roeatur,</strong></span> <span class='ocrx_word' id='word_1_686' title='bbox 1467 3823 1524 3858; x_wconf 88' lang='lat' dir='ltr'><strong>suas</strong></span> <span class='ocrx_word' id='word_1_687' title='bbox 1543 3807 1614 3858; x_wconf 89' lang='lat' dir='ltr'><strong>sedes</strong></span> <span class='ocrx_word' id='word_1_688' title='bbox 1632 3808 1770 3869; x_wconf 87' lang='lat' dir='ltr'><strong>relinquere</strong></span> 
     </span>
     <span class='ocr_line' id='line_1_93' title="bbox 996 3905 1766 3974; baseline -0.005 -11"><span class='ocrx_word' id='word_1_689' title='bbox 996 3912 1091 3971; x_wconf 86' lang='lat' dir='ltr'><strong>eoacti,</strong></span> <span class='ocrx_word' id='word_1_690' title='bbox 1107 3912 1132 3960; x_wconf 93' lang='lat' dir='ltr'>in</span> <span class='ocrx_word' id='word_1_691' title='bbox 1143 3914 1237 3974; x_wconf 87' lang='lat' dir='ltr'><strong>partem</strong></span> <span class='ocrx_word' id='word_1_692' title='bbox 1253 3909 1348 3959; x_wconf 84' lang='lat' dir='ltr'><strong>sedium</strong></span> <span class='ocrx_word' id='word_1_693' title='bbox 1360 3909 1450 3970; x_wconf 89' lang='lat' dir='ltr'><strong>accepti</strong></span> <span class='ocrx_word' id='word_1_694' title='bbox 1466 3906 1566 3956; x_wconf 89' lang='lat' dir='ltr'><strong>suntab</strong></span> <span class='ocrx_word' id='word_1_695' title='bbox 1581 3905 1766 3970; x_wconf 80' lang='lat' dir='ltr'><strong>Aboriginibus,</strong></span> 
     </span>
     <span class='ocr_line' id='line_1_94' title="bbox 995 4003 1767 4075; baseline -0.005 -15"><span class='ocrx_word' id='word_1_696' title='bbox 995 4012 1132 4075; x_wconf 91' lang='lat' dir='ltr'><strong>opibusque</strong></span> <span class='ocrx_word' id='word_1_697' title='bbox 1144 4008 1314 4057; x_wconf 83' lang='lat' dir='ltr'><strong>communibus</strong></span> <span class='ocrx_word' id='word_1_698' title='bbox 1329 4005 1420 4055; x_wconf 89' lang='lat' dir='ltr'><strong>bellum</strong></span> <span class='ocrx_word' id='word_1_699' title='bbox 1435 4007 1519 4053; x_wconf 86' lang='lat' dir='ltr'><strong>eontra</strong></span> <span class='ocrx_word' id='word_1_700' title='bbox 1536 4003 1631 4053; x_wconf 87' lang='lat' dir='ltr'><strong>Siculos</strong></span> <span class='ocrx_word' id='word_1_701' title='bbox 1642 4005 1767 4067; x_wconf 88' lang='lat' dir='ltr'><strong>gerebant.</strong></span> 
     </span>
    </p>
   </div>
   <div class='ocr_carea' id='block_1_6' title="bbox 994 4098 1767 4263">
    <p class='ocr_par' dir='ltr' id='par_1_8' title="bbox 994 4098 1767 4263">
     <span class='ocr_line' id='line_1_95' title="bbox 994 4098 1766 4167; baseline -0.01 -10"><span class='ocrx_word' id='word_1_702' title='bbox 994 4107 1135 4167; x_wconf 85' lang='lat' dir='ltr'><strong>Aborigines</strong></span> <span class='ocrx_word' id='word_1_703' title='bbox 1154 4107 1236 4154; x_wconf 84' lang='lat' dir='ltr'><strong>autern</strong></span> <span class='ocrx_word' id='word_1_704' title='bbox 1251 4116 1293 4152; x_wconf 90' lang='lat' dir='ltr'>eos</span> <span class='ocrx_word' id='word_1_705' title='bbox 1315 4103 1473 4166; x_wconf 87' lang='lat' dir='ltr'><strong>receperunt,</strong></span> <span class='ocrx_word' id='word_1_706' title='bbox 1488 4098 1590 4148; x_wconf 86' lang='lat' dir='ltr'><strong>tortasse</strong></span> <span class='ocrx_word' id='word_1_707' title='bbox 1608 4099 1693 4150; x_wconf 81' lang='lat' dir='ltr'><strong>auxilii</strong></span> <span class='ocrx_word' id='word_1_708' title='bbox 1708 4115 1766 4165; x_wconf 86' lang='lat' dir='ltr'><strong>spe,</strong></span> 
     </span>
     <span class='ocr_line' id='line_1_96' title="bbox 994 4192 1767 4263; baseline -0.008 -11"><span class='ocrx_word' id='word_1_709' title='bbox 994 4202 1047 4262; x_wconf 88' lang='lat' dir='ltr'><strong>sod,</strong></span> <span class='ocrx_word' id='word_1_710' title='bbox 1057 4205 1084 4250; x_wconf 92' lang='lat' dir='ltr'>ut</span> <span class='ocrx_word' id='word_1_711' title='bbox 1092 4214 1136 4263; x_wconf 89' lang='lat' dir='ltr'>ego</span> <span class='ocrx_word' id='word_1_712' title='bbox 1148 4197 1260 4256; x_wconf 84' lang='lat' dir='ltr'><strong>arbitror,</strong></span> <span class='ocrx_word' id='word_1_713' title='bbox 1271 4194 1463 4261; x_wconf 90' lang='lat' dir='ltr'><strong>potissimumob</strong></span> <span class='ocrx_word' id='word_1_714' title='bbox 1473 4192 1648 4258; x_wconf 85' lang='lat' dir='ltr'><strong>cognationem.</strong></span> <span class='ocrx_word' id='word_1_715' title='bbox 1680 4195 1767 4246; x_wconf 87' lang='lat' dir='ltr'><strong>Pelas-</strong></span> 
     </span>
    </p>
   </div>
   <div class='ocr_carea' id='block_1_7' title="bbox 990 4297 1766 4770">
    <p class='ocr_par' dir='ltr' id='par_1_9' title="bbox 990 4297 1766 4770">
     <span class='ocr_line' id='line_1_97' title="bbox 992 4297 1766 4372; baseline -0.003 -17"><span class='ocrx_word' id='word_1_716' title='bbox 992 4322 1078 4372; x_wconf 84' lang='lat' dir='ltr'><strong>gorum</strong></span> <span class='ocrx_word' id='word_1_717' title='bbox 1092 4307 1156 4355; x_wconf 90' lang='lat' dir='ltr'><strong>enim</strong></span> <span class='ocrx_word' id='word_1_718' title='bbox 1170 4317 1228 4364; x_wconf 87' lang='lat' dir='ltr'><strong>gens</strong></span> <span class='ocrx_word' id='word_1_719' title='bbox 1237 4303 1324 4352; x_wconf 75' lang='lat' dir='ltr'><strong>Graeca</strong></span> <span class='ocrx_word' id='word_1_720' title='bbox 1336 4302 1390 4349; x_wconf 91' lang='lat' dir='ltr'><strong>erat</strong></span> <span class='ocrx_word' id='word_1_721' title='bbox 1402 4297 1539 4363; x_wconf 84' lang='lat' dir='ltr'><strong>antiquitus</strong></span> <span class='ocrx_word' id='word_1_722' title='bbox 1551 4311 1582 4350; x_wconf 84' lang='lat' dir='ltr'>ex</span> <span class='ocrx_word' id='word_1_723' title='bbox 1595 4299 1766 4363; x_wconf 84' lang='lat' dir='ltr'><strong>Peloponneso</strong></span> 
     </span>
     <span class='ocr_line' id='line_1_98' title="bbox 992 4400 1765 4466; baseline -0.01 -8"><span class='ocrx_word' id='word_1_724' title='bbox 992 4408 1118 4459; x_wconf 84' lang='lat' dir='ltr'><strong>oriunda:</strong></span> <span class='ocrx_word' id='word_1_725' title='bbox 1141 4408 1261 4456; x_wconf 71' lang='lat' dir='ltr'><strong>tartunam</strong></span> <span class='ocrx_word' id='word_1_726' title='bbox 1280 4406 1363 4452; x_wconf 87' lang='lat' dir='ltr'><strong>autem</strong></span> <span class='ocrx_word' id='word_1_727' title='bbox 1381 4400 1509 4451; x_wconf 82' lang='lat' dir='ltr'><strong>adversam</strong></span> <span class='ocrx_word' id='word_1_728' title='bbox 1527 4404 1629 4466; x_wconf 87' lang='lat' dir='ltr'><strong>experta</strong></span> <span class='ocrx_word' id='word_1_729' title='bbox 1642 4403 1688 4462; x_wconf 91' lang='lat' dir='ltr'><strong>est,</strong></span> <span class='ocrx_word' id='word_1_730' title='bbox 1707 4414 1765 4451; x_wconf 90' lang='lat' dir='ltr'>eum</span> 
     </span>
     <span class='ocr_line' id='line_1_99' title="bbox 992 4502 1763 4566; baseline -0.009 -5"><span class='ocrx_word' id='word_1_731' title='bbox 992 4510 1077 4561; x_wconf 91' lang='lat' dir='ltr'><strong>multis</strong></span> <span class='ocrx_word' id='word_1_732' title='bbox 1090 4510 1142 4559; x_wconf 88' lang='lat' dir='ltr'><strong>aliis</strong></span> <span class='ocrx_word' id='word_1_733' title='bbox 1159 4510 1181 4556; x_wconf 93' lang='lat' dir='ltr'>in</span> <span class='ocrx_word' id='word_1_734' title='bbox 1196 4506 1280 4565; x_wconf 89' lang='lat' dir='ltr'><strong>rebus,</strong></span> <span class='ocrx_word' id='word_1_735' title='bbox 1299 4508 1351 4552; x_wconf 90' lang='lat' dir='ltr'><strong>turn</strong></span> <span class='ocrx_word' id='word_1_736' title='bbox 1372 4504 1494 4566; x_wconf 88' lang='lat' dir='ltr'><strong>praecipue</strong></span> <span class='ocrx_word' id='word_1_737' title='bbox 1508 4503 1533 4552; x_wconf 92' lang='lat' dir='ltr'>in</span> <span class='ocrx_word' id='word_1_738' title='bbox 1551 4516 1581 4553; x_wconf 90' lang='lat' dir='ltr'>ee</span> <span class='ocrx_word' id='word_1_739' title='bbox 1597 4502 1664 4566; x_wconf 87' lang='lat' dir='ltr'><strong>quod</strong></span> <span class='ocrx_word' id='word_1_740' title='bbox 1685 4504 1763 4554; x_wconf 78' lang='lat' dir='ltr'><strong>uariis</strong></span> 
     </span>
     <span class='ocr_line' id='line_1_100' title="bbox 990 4604 1763 4664; baseline -0.013 0"><span class='ocrx_word' id='word_1_741' title='bbox 990 4619 1046 4664; x_wconf 88' lang='lat' dir='ltr'><strong>aeta</strong></span> <span class='ocrx_word' id='word_1_742' title='bbox 1071 4612 1194 4663; x_wconf 83' lang='lat' dir='ltr'><strong>erroribus</strong></span> <span class='ocrx_word' id='word_1_743' title='bbox 1214 4607 1293 4657; x_wconf 90' lang='lat' dir='ltr'><strong>nullas</strong></span> <span class='ocrx_word' id='word_1_744' title='bbox 1322 4610 1401 4655; x_wconf 84' lang='lat' dir='ltr'><strong>certas</strong></span> <span class='ocrx_word' id='word_1_745' title='bbox 1431 4604 1502 4655; x_wconf 87' lang='lat' dir='ltr'><strong>sedes</strong></span> <span class='ocrx_word' id='word_1_746' title='bbox 1526 4604 1620 4655; x_wconf 89' lang='lat' dir='ltr'><strong>babuit.</strong></span> <span class='ocrx_word' id='word_1_747' title='bbox 1654 4604 1763 4654; x_wconf 83' lang='lat' dir='ltr'><strong>Primum</strong></span> 
     </span>
     <span class='ocr_line' id='line_1_101' title="bbox 990 4705 1761 4770; baseline -0.014 -5"><span class='ocrx_word' id='word_1_748' title='bbox 990 4716 1056 4766; x_wconf 90' lang='lat' dir='ltr'><strong>enim</strong></span> <span class='ocrx_word' id='word_1_749' title='bbox 1065 4715 1129 4763; x_wconf 82' lang='lat' dir='ltr'><strong>cirea</strong></span> <span class='ocrx_word' id='word_1_750' title='bbox 1139 4711 1271 4761; x_wconf 86' lang='lat' dir='ltr'><strong>Achaicum</strong></span> <span class='ocrx_word' id='word_1_751' title='bbox 1286 4713 1371 4770; x_wconf 85' lang='lat' dir='ltr'><strong>Argos,</strong></span> <span class='ocrx_word' id='word_1_752' title='bbox 1386 4705 1452 4770; x_wconf 84' lang='lat' dir='ltr'><strong>quod</strong></span> <span class='ocrx_word' id='word_1_753' title='bbox 1466 4719 1531 4755; x_wconf 91' lang='lat' dir='ltr'><strong>nune</strong></span> <span class='ocrx_word' id='word_1_754' title='bbox 1541 4710 1637 4767; x_wconf 83' lang='lat' dir='ltr'><strong>vocant,</strong></span> <span class='ocrx_word' id='word_1_755' title='bbox 1655 4718 1712 4754; x_wconf 89' lang='lat' dir='ltr'><strong>curn</strong></span> <span class='ocrx_word' id='word_1_756' title='bbox 1722 4719 1761 4754; x_wconf 92' lang='lat' dir='ltr'>es-</span> 
     </span>
    </p>
   </div>
   <div class='ocr_carea' id='block_1_8' title="bbox 988 4806 1762 4971">
    <p class='ocr_par' dir='ltr' id='par_1_10' title="bbox 988 4806 1762 4971">
     <span class='ocr_line' id='line_1_102' title="bbox 990 4806 1762 4876; baseline -0.014 -10"><span class='ocrx_word' id='word_1_757' title='bbox 990 4821 1046 4867; x_wconf 86' lang='lat' dir='ltr'><strong>sent</strong></span> <span class='ocrx_word' id='word_1_758' title='bbox 1069 4814 1200 4876; x_wconf 73' lang='lat' dir='ltr'><strong>indigene,</strong></span> <span class='ocrx_word' id='word_1_759' title='bbox 1229 4816 1256 4860; x_wconf 91' lang='lat' dir='ltr'>ut</span> <span class='ocrx_word' id='word_1_760' title='bbox 1281 4809 1392 4873; x_wconf 88' lang='lat' dir='ltr'><strong>plerique</strong></span> <span class='ocrx_word' id='word_1_761' title='bbox 1416 4809 1498 4868; x_wconf 90' lang='lat' dir='ltr'><strong>aiunt,</strong></span> <span class='ocrx_word' id='word_1_762' title='bbox 1528 4806 1676 4857; x_wconf 84' lang='lat' dir='ltr'><strong>habitarunt.</strong></span> <span class='ocrx_word' id='word_1_763' title='bbox 1709 4809 1762 4856; x_wconf 77' lang='lat' dir='ltr'><strong>liu-</strong></span> 
     </span>
     <span class='ocr_line' id='line_1_103' title="bbox 988 4905 1762 4971; baseline -0.013 -10"><span class='ocrx_word' id='word_1_764' title='bbox 988 4925 1044 4961; x_wconf 90' lang='lat' dir='ltr'><strong>mon</strong></span> <span class='ocrx_word' id='word_1_765' title='bbox 1066 4923 1154 4960; x_wconf 81' lang='lat' dir='ltr'><strong>veroa</strong></span> <span class='ocrx_word' id='word_1_766' title='bbox 1177 4920 1233 4971; x_wconf 91' lang='lat' dir='ltr'><strong>rege</strong></span> <span class='ocrx_word' id='word_1_767' title='bbox 1254 4906 1354 4968; x_wconf 85' lang='lat' dir='ltr'><strong>Pelasgo</strong></span> <span class='ocrx_word' id='word_1_768' title='bbox 1370 4905 1504 4967; x_wconf 90' lang='lat' dir='ltr'><strong>antiquitus</strong></span> <span class='ocrx_word' id='word_1_769' title='bbox 1527 4905 1677 4966; x_wconf 80' lang='lat' dir='ltr'><strong>acceperant.</strong></span> <span class='ocrx_word' id='word_1_770' title='bbox 1712 4905 1762 4952; x_wconf 87' lang='lat' dir='ltr'>Pe·</span> 
     </span>
    </p>
   </div>
   <div class='ocr_carea' id='block_1_9' title="bbox 987 5004 1760 5076">
    <p class='ocr_par' dir='ltr' id='par_1_11' title="bbox 987 5004 1760 5076">
     <span class='ocr_line' id='line_1_104' title="bbox 987 5004 1760 5076; baseline -0.013 -13"><span class='ocrx_word' id='word_1_771' title='bbox 987 5013 1071 5076; x_wconf 87' lang='lat' dir='ltr'><strong>lasgus</strong></span> <span class='ocrx_word' id='word_1_772' title='bbox 1090 5015 1171 5061; x_wconf 85' lang='lat' dir='ltr'><strong>aulem</strong></span> <span class='ocrx_word' id='word_1_773' title='bbox 1194 5009 1259 5060; x_wconf 81' lang='lat' dir='ltr'><strong>libus</strong></span> <span class='ocrx_word' id='word_1_774' title='bbox 1279 5012 1331 5058; x_wconf 90' lang='lat' dir='ltr'><strong>erat</strong></span> <span class='ocrx_word' id='word_1_775' title='bbox 1351 5007 1430 5069; x_wconf 85' lang='lat' dir='ltr'><strong>loris,</strong></span> <span class='ocrx_word' id='word_1_776' title='bbox 1453 5010 1482 5058; x_wconf 93' lang='lat' dir='ltr'>ut</span> <span class='ocrx_word' id='word_1_777' title='bbox 1498 5008 1597 5066; x_wconf 87' lang='lat' dir='ltr'><strong>terunt,</strong></span> <span class='ocrx_word' id='word_1_778' title='bbox 1611 5009 1635 5054; x_wconf 92' lang='lat' dir='ltr'>et</span> <span class='ocrx_word' id='word_1_779' title='bbox 1662 5004 1760 5065; x_wconf 78' lang='lat' dir='ltr'><strong>Niobes,</strong></span> 
     </span>
    </p>
   </div>
   <div class='ocr_carea' id='block_1_10' title="bbox 957 5069 1762 5175">
    <p class='ocr_par' dir='ltr' id='par_1_12' title="bbox 957 5069 1762 5175">
     <span class='ocr_line' id='line_1_105' title="bbox 957 5069 1762 5175; baseline -0.012 -11"><span class='ocrx_word' id='word_1_780' title='bbox 957 5069 963 5158; x_wconf 89' lang='grc' dir='ltr'>ί</span> <span class='ocrx_word' id='word_1_781' title='bbox 988 5114 1108 5164; x_wconf 80' lang='lat' dir='ltr'><strong>Plioronei</strong></span> <span class='ocrx_word' id='word_1_782' title='bbox 1120 5111 1176 5161; x_wconf 75' lang='lat' dir='ltr'><strong>tiliae</strong></span> <span class='ocrx_word' id='word_1_783' title='bbox 1192 5125 1267 5161; x_wconf 90' lang='lat' dir='ltr'><strong>:eum</strong></span> <span class='ocrx_word' id='word_1_784' title='bbox 1282 5124 1330 5174; x_wconf 89' lang='lat' dir='ltr'>qua</span> <span class='ocrx_word' id='word_1_785' title='bbox 1341 5091 1426 5175; x_wconf 85' lang='lat' dir='ltr'>¹prima</span> <span class='ocrx_word' id='word_1_786' title='bbox 1443 5110 1543 5160; x_wconf 86' lang='lat' dir='ltr'><strong>muliere</strong></span> <span class='ocrx_word' id='word_1_787' title='bbox 1555 5106 1651 5157; x_wconf 91' lang='lat' dir='ltr'><strong>mortali</strong></span> <span class='ocrx_word' id='word_1_788' title='bbox 1665 5104 1762 5169; x_wconf 85' lang='lat' dir='ltr'><strong>Jupiter</strong></span> 
     </span>
    </p>
   </div>
   <div class='ocr_carea' id='block_1_11' title="bbox 0 0 1890 5828">
    <p class='ocr_par' dir='ltr' id='par_1_13' title="bbox 0 0 1890 5828">
     <span class='ocr_line' id='line_1_106' title="bbox 0 0 1890 5828; baseline 0 5"><span class='ocrx_word' id='word_1_789' title='bbox 0 0 1890 5828; x_wconf 95' lang='lat' dir='ltr'> </span> 
     </span>
    </p>
   </div>
  </div>
 </body>
</html>
