3772 5828
657 329 949 401 ANTIOUITATUM
969 333 1116 396 bullati.
1142 336 1214 396 Lib.
1240 338 1289 396 tx.

175 453 222 523 τὰς
246 454 383 522 ἀποκοπάς
407 455 495 522 αὐτοῖς
525 456 674 532 ὀνειδίζων,
695 460 741 518 καί
769 466 821 521 τῶν
841 463 947 522 ὑπάτων

176 542 223 614 τήν
237 542 381 602 ἀπόστασιν
395 543 551 625 προφέρων,
568 542 611 604 ότι
624 545 659 603 τὰ
672 545 730 626 ἱερά
747 557 847 624 σημεῖα
866 549 951 628 ἀρπά·

177 654 268 698 σαντες
283 630 385 712 ᾤχοντο
400 634 433 691 ἰκ
446 637 494 691 τοῦ
516 635 708 714 στρατοπέδου,
729 639 813 719 φυγήν
838 638 953 699 ἐπιύάλ-

176 725 264 789 λοντες
276 725 379 790 ἑαυτοῖς
390 720 529 801 ἑκούσιον,
544 722 604 791 τούς
617 727 641 782 θ’
663 723 755 804 ὅρκους
767 728 950 805 ἀνακαλούμε·

136 830 150 866 o
176 832 231 881 νος,
242 809 287 877 obe
296 808 406 886 ὤμοσαν
417 808 451 868 at
462 807 532 868 ὀττλα
547 810 608 891 περὶ
623 815 670 882 τῆς
682 814 840 892 γειναμένης
858 813 950 882 αύτούς

177 902 224 977 γῆς
240 899 484 975 άναλαμύάνοντες,
509 889 547 966 οἷς
565 899 624 959 κατ’
648 904 728 973 αὐτῆς
751 903 851 976 ἐκείνης
869 904 953 984 ἐχρή-

178 1010 267 1046 σαντο.
309 987 452 1066 Τοιγάρτοι
475 988 627 1064 θαυμαστὸν
650 988 723 1048 οὐδέν
744 990 842 1071 ἔφησεν
859 989 952 1057 αὐτούς

176 1086 279 1144 ποιεῖν,
308 1077 330 1134 εἰ
355 1073 426 1141 θεούς
453 1074 500 1150 μίν
528 1075 748 1156 ἐπιορκήσαντες,
771 1077 904 1157 ἡγεμόνας
924 1079 952 1138 δέ

177 1164 380 1239 καταλιπόντες,
402 1163 469 1222 πολὺ
480 1164 504 1220 δ’
521 1163 619 1242 ἔρημον
634 1156 704 1224 εἶναι
722 1167 752 1225 τὸ
764 1169 823 1227 καθ’
845 1165 953 1235 ἑαυτούς

124 1272 150 1338 ιο
178 1252 256 1330 μέρος
269 1253 394 1334 ἀφέντες,
410 1251 454 1309 έπί
476 1249 503 1309 δέ
519 1250 632 1318 πίστεως
648 1253 775 1332 συγχύσει
796 1254 841 1312 καί
862 1253 951 1331 νόμων

174 1349 308 1426 οἰνατροττήῖΙ
324 1347 370 1407 καί
392 1348 581 1424 πολιτεύματος
600 1347 713 1424 πατρίου
735 1353 817 1429 φθορᾷ
839 1349 952 1422 ποιησά-

176 1450 249 1504 μενοι
272 1428 320 1500 τήν
340 1428 464 1500 κάθοδον,
487 1429 516 1487 ού
537 1429 721 1507 μετριάζουσιν
742 1431 801 1488 οὐδὲ
819 1431 951 1508 χρηστούς

176 1517 300 1577 δύνανται
315 1517 423 1584 πολίτας
436 1515 544 1583 έαυτοίις
557 1526 723 1597 παρασχεῖν,
740 1518 798 1577 ἀλλ’
814 1517 866 1577 αἰεί
881 1542 949 1586 τινος

175 1605 309 1684 ὀρέγονται
329 1605 478 1675 πλεονεξίας
498 1603 543 1663 καί
564 1605 749 1683 παρανομίας,
763 1606 822 1665 τοτὲ
841 1606 889 1685 μέν
902 1609 951 1688 ἀρ-

124 1715 148 1753 to
175 1692 226 1772 χάς
240 1693 335 1760 ἐξεῖναί
350 1716 437 1773 σφισιν
455 1692 584 1762 ἀξιοῦντες
599 1693 694 1762 αύτούς
709 1693 749 1775 ἐφ’
763 1699 863 1755 έαυτῶν
878 1697 948 1755 ἀπο-

176 1784 324 1859 δεικνύναι,
343 1783 388 1842 καί
408 1783 505 1850 ταύτας
528 1783 718 1851 ἀνυπευθύνους
745 1791 881 1852 ποιοῦντες
904 1784 950 1845 καί

174 1881 315 1950 παναγεῖς·
331 1871 389 1931 τοτί
405 1874 428 1930 δ’
444 1873 479 1938 εἷς
494 1873 595 1950 άγῶνας
611 1871 676 1953 ὑπὲρ
691 1876 742 1932 τῶν
757 1873 877 1953 ἰσχάτων
895 1897 950 1933 κιν-

175 1959 258 2019 δύνων
272 1961 439 2030 καθιστάντες
453 1960 496 2027 ode
511 1963 597 2029 αὐτοῖς
614 1961 694 2031 δόξειε
710 1967 762 2022 τῶν
782 1963 946 2050 ποτρικίων,

175 2051 220 2108 καί
234 2050 268 2109 τὰ
283 2050 381 2127 νόμιμα
395 2048 571 2129 δικαστήρια,
588 2039 625 2118 οἷς
640 2049 701 2131 περὶ
713 2050 824 2111 θανάτου
839 2050 885 2110 καί
898 2075 946 2132 φυ-

120 2163 147 2202 20
174 2142 222 2216 γῆς
244 2138 351 2209 ἡπόλις
370 2139 496 2218 πρότερον
521 2141 618 2218 ἐχρῆτο
640 2140 828 2220 μεταφέροντες
851 2141 880 2198 ἰιι
902 2143 949 2211 τῆς

173 2227 361 2306 καθαρωτάτης
372 2229 455 2307 φυλῆς
469 2228 512 2286 ἐπὶ
523 2226 567 2286 τὸν
583 2226 770 2310 ῥυπαρώτατον
780 2228 874 2310 ὀχλον·
889 2227 949 2288 τότε

174 2317 201 2377 δὲ
211 2315 305 2393 νόμους
317 2317 477 2399 εἰσφέροντες
488 2317 511 2374 ol
529 2319 604 2388 θῆτες
625 2316 671 2375 καί
686 2316 799 2378 ἀνέστιοι
813 2316 883 2376 κατά
895 2320 947 2375 τῶν

173 2407 337 2485 εὐπατριδῶν
358 2404 526 2484 τυραννικούς
550 2403 596 2463 καί
612 2403 735 2477 ἀνίσους,
760 2406 807 2464 καί
828 2404 947 2465 οὐδὲτοῦ

173 2495 367 2571 προύουλτῦσαι
386 2491 448 2572 περί
467 2493 552 2551 αὐτῶν
572 2491 689 2560 έξουσίαν
710 2517 743 2572 τη
760 2495 841 2571 βουλῇ
865 2517 947 2553 κατα·

119 2600 145 2637 aa
173 2581 321 2658 λείποντες,
341 2583 400 2640 ἀλλ’
419 2581 606 2662 ἀφαιρούμενοι
623 2581 668 2639 καί
687 2581 786 2655 ταύτην
802 2583 882 2654 αὐτῆς
900 2580 947 2653 τήν

172 2668 268 2745 τιμὴν,
288 2669 321 2742 ήν
341 2671 370 2728 έιι
384 2673 430 2729 τοῦ
443 2668 540 2735 παντὸς
555 2660 625 2751 εἶχεν
641 2668 835 2750 ἀναμφίλεκτον
849 2668 944 2750 χρόνου

174 2757 379 2837 βασιλευομένης
404 2781 432 2818 τε
461 2755 508 2817 καί
531 2758 740 2835 τυραννουμένης
762 2763 810 2830 τῆς
833 2758 943 2827 πόλιως.

174 2846 268 2909 notit
285 2848 311 2908 δέ
328 2848 373 2906 καί
386 2847 456 2907 ἀλλα
470 2845 570 2914 τούτοις
588 2846 667 2924 ὀμοια
688 2848 826 2926 προσθείς,
843 2848 889 2907 καί
903 2849 947 2908 ού·

173 2936 242 3003 δενδς
256 2934 316 2995 ούτε
339 2940 433 3015 πικροῦ
459 2935 614 3013 πράγματος
639 2934 698 2995 ούτι
714 2937 874 3017 βλασφήμου
888 2939 945 3000 ινό·

120 3051 147 3090 30
173 3048 255 3103 ματος
268 3025 437 3105 φεισάμενος,
457 3028 584 3084 τελευτῶν
608 3026 706 3086 ἰκτῖνον
729 3025 767 3084 tn
786 3029 946 3107 προσέθηκεν

171 3115 215 3173 τὸν
231 3114 317 3193 λόγον,
335 3104 409 3195 ἐφ’ᾧ
424 3113 542 3188 μάλιστα
556 3114 683 3186 ήπληθίις
696 3114 889 3193 ἠγανάκτησεν,
904 3117 944 3176 ότι

171 3203 264 3282 χρόνον
300 3202 391 3261 οὐδένα
412 3202 543 3261 παύσεται
565 3203 743 3273 στασιάζουσα
765 3205 826 3286 περί
851 3206 947 3274 παντὸς

171 3292 308 3372 χρήματος
320 3295 338 3362 ή
350 3288 441 3366 πόλις,
457 3293 516 3350 ἀλλ’
533 3292 585 3350 αἰεί
598 3315 657 3351 τινα
676 3291 768 3365 καινήν
784 3293 827 3353 ίπί
844 3302 944 3371 παλαιή

171 3380 277 3452 νοσήσει
291 3380 382 3450 νόσον,
396 3377 444 3444 ἕως
463 3379 494 3437 ἀν
509 3382 587 3450 ήτῶν
602 3381 747 3462 δημάρχων
764 3381 868 3451 έξουσία
884 3386 944 3443 δια-

118 3499 144 3536 p,
172 3469 250 3546 μένη·
276 3466 427 3542 διδάσκων,
447 3467 486 3526 ότι
507 3467 662 3548 πράγματος
688 3470 784 3539 παντὸς
807 3473 946 3533 πολιτικοῦ

172 3556 218 3616 καί
236 3561 322 3614 κοινοῦ
336 3553 382 3620 τίις
400 3553 484 3634 άρχίις
498 3556 627 3636 προσήκει
642 3559 769 3634 σκοπεῖν,
783 3559 852 3627 ὀπως
872 3563 946 3620 εύσε·

174 3644 227 3710 ύεῖς
250 3643 354 3701 ἔσονται
379 3642 424 3700 καί
450 3642 556 3706 δίκαιοι.
599 3647 695 3707 Φιλεῖν
713 3646 764 3728 γάρ
778 3649 808 3706 έιι
829 3646 878 3724 μέν
892 3653 945 3709 τῶν

173 3735 278 3807 ἀγαθῶν
291 3728 450 3809 σπερμάτων
466 3733 596 3812 χρηστούς
612 3735 747 3813 γίγνεσθαι
763 3736 808 3795 καί
826 3739 945 3819 εὐτυχεῖς

172 3819 232 3887 τοὺς
252 3822 382 3901 καρπούς,
398 3821 428 3878 ἐκ
448 3820 476 3879 δὲ
490 3823 542 3879 τῶν
558 3826 695 3904 πονηρῶν,
709 3823 805 3892 κακούς
819 3825 863 3885 καί
883 3828 939 3886 ὀλο·

118 3937 144 3974 to
171 3904 266 3989 Ιίίρίους.

211 3999 300 4060 XLV.
323 4025 335 4050 τ
353 3999 387 4058 Εἰ
402 3999 450 4075 μὲν
465 3989 526 4075 oin,
539 3995 606 4079 έφη,
620 3998 667 4072 ήδι
682 4006 700 4073 ἡ
718 4001 788 4083 ἀρχή
811 4004 869 4080 μεθ’
884 4007 947 4081 ὀμο-

172 4118 184 4141 «
199 4088 269 4154 νοίας
288 4089 407 4157 εἰσῆλθεν
421 4089 457 4156 εἰς
476 4084 524 4155 τήν
538 4087 615 4146 πολιν
627 4088 671 4148 ἰπί
686 4091 724 4170 τῷ
738 4089 843 4150 πάντων
856 4093 946 4172 ἀγαθῷ

172 4207 184 4231 a
198 4181 332 4258 παριοῶσα
346 4174 393 4235 σὺν
416 4177 516 4243 οἰωνοῖς
529 4200 558 4236 τε
576 4176 623 4236 καί
648 4177 777 4250 ὀττείαις,
793 4182 898 4241 πολλῶν
914 4178 945 4238 ἀν

171 4295 184 4320 a
199 4271 263 4343 ἡμῖν
279 4266 437 4345 ἐγένετοκαὶ
452 4269 575 4345 μεγάλων
596 4269 701 4347 ἀγαθῶν
719 4269 808 4340 αἰτία,
826 4269 957 4350 χαρίτων,

171 4385 183 4409 n
201 4354 643 4436 ὁμοφροσύνης,εύνομίας,ἰλπίδων
667 4361 790 4437 χρηστῶν
804 4356 877 4436 παρά
898 4362 946 4417 τοῦ

170 4472 182 4498 υ
197 4441 447 4524 δαιμονίου,μυρίων
463 4441 562 4506 άλλων.
607 4445 662 4504 Νῦν
676 4443 703 4503 δὲ
718 4443 816 4525 [ἐπεὶ]
833 4444 879 4525 βία
894 4445 945 4526 γάρ

170 4560 183 4584 o
198 4532 278 4605 αὐτὴν
290 4533 415 4610 εἰσήγαγε
426 4532 472 4592 καί
483 4531 637 4612 παρανομία
648 4531 694 4592 καὶ
705 4532 796 4601 στάσις
805 4531 852 4592 καί
865 4533 944 4593 πολέ-

171 4647 184 4672 «
199 4643 248 4695 μου
266 4621 322 4689 δέος
345 4621 472 4704 ἐμφυλίου
488 4621 534 4681 καί
549 4622 636 4681 πάντα
659 4619 694 4679 τά
716 4622 824 4703 ἔχθιστα
848 4625 874 4682 έν
894 4624 943 4682 ἀν-

172 4733 184 4759 ι
199 4705 323 4783 θρώποις,
341 4708 367 4768 τί
380 4701 423 4769 ούν
437 4708 475 4769 ἔτι
490 4711 536 4768 καί
551 4707 642 4787 μέλλει
656 4710 773 4789 χρηστόν
797 4708 902 4771 έσεσθαι
925 4711 943 4783 ή

171 4793 345 4875 «σωτήριον,
372 4797 494 4867 τοιαύτας
520 4797 655 4872 λαύούσης
675 4798 722 4868 τάς
746 4794 942 4879 ἀρχάς;”Ωστι

171 4913 182 4935 a
198 4882 317 4961 περιττόν
333 4885 403 4943 ἐστιν
417 4889 481 4955 ήαῑν
495 4887 564 4948 ἴασιν
577 4886 623 4945 καί
638 4885 791 4966 ἀλεξήματα
808 4888 860 4947 τῶν
877 4892 942 4947 ἀνα-

170 5000 182 5024 «
197 4968 397 5030 άλαστανόντων
421 4973 447 5042 ἐξ
470 4976 551 5046 αὐτῆς
572 4978 661 5034 κακῶν
685 4978 788 5052 ζητεῖν,
808 4974 893 5036 όπόσα
906 4979 943 5041 εἰς

169 5089 182 5114 «ι
197 5059 359 5141 ἀνθρώπινον
373 5059 462 5119 πίπτει
476 5063 616 5138 λογισμὸν,
633 5063 762 5141 μενούσης
775 5063 815 5124 ἔτι
826 5069 873 5135 τῆς
893 5087 941 5123 πο-

168 5175 181 5202 υ
197 5157 279 5230 νηρᾶς
293 5149 374 5229 ῥίζης·
406 5148 446 5209 Oi
460 5147 511 5228 γάρ
530 5149 606 5209 ἔσται
624 5150 705 5232 πέρας
725 5153 780 5213 οόδ’
795 5153 939 5232 ἀπαλλαγή
970 5235 976 5244 γ

1728 348 1789 409 559

1008 488 1067 524 cans
1084 479 1279 533 sacramentum,
1297 491 1349 541 quo
1375 491 1401 527 se
1426 477 1628 545 obstrinxerant,
1654 498 1724 534 arma
1745 501 1789 550 pro

1007 575 1088 638 patria
1096 576 1272 640 suscipientes,
1290 590 1348 643 quae
1371 578 1397 628 in
1415 579 1483 628 illam
1505 580 1587 645 ipsum
1602 590 1784 640 corruenterant.

1008 678 1090 735 Quare
1105 677 1139 727 nil
1154 679 1212 729 novi
1226 693 1269 730 eos
1283 678 1365 731 lacere
1390 681 1467 746 dixit,
1477 684 1508 742 si,
1530 686 1625 748 perjuri
1648 688 1674 738 in
1691 690 1751 741 deos
1764 697 1790 743 et

1007 776 1101 826 dueum
1121 779 1260 830 desertores
1281 782 1426 846 patriasque,
1448 787 1570 848 quantum
1597 787 1622 836 in
1643 803 1671 839 se
1689 790 1788 854 suisset,

1008 893 1145 942 eversores,
1157 886 1183 931 et
1199 882 1230 932 ad
1239 883 1313 934 fidem
1327 885 1492 946 turbandam.
1507 891 1532 938 et
1549 890 1614 953 leges
1625 895 1789 958 evertendas,

1009 983 1168 1050 patriumque
1182 986 1324 1050 reipublicae
1342 992 1438 1039 statum
1459 996 1668 1058 cormmpendum
1690 999 1715 1048 in
1735 1013 1790 1052 eam

1010 1084 1111 1142 reversi,
1128 1099 1194 1135 nunc
1213 1101 1240 1137 se
1260 1087 1388 1140 moderate
1403 1105 1451 1141 non
1466 1099 1588 1157 gererent,
1609 1111 1655 1148 nec
1668 1098 1790 1153 bonorum

1009 1185 1103 1238 civium
1114 1189 1224 1241 oliroium
1241 1198 1359 1258 praestare
1374 1203 1483 1260 possent,
1503 1199 1547 1251 sed
1564 1215 1662 1268 semper
1675 1206 1728 1256 suis
1744 1221 1791 1259 ou·

1009 1290 1158 1355 piditatibus
1179 1295 1383 1360 obsequerentur,
1404 1305 1430 1350 et.
1459 1302 1516 1367 plus
1535 1318 1609 1371 equo
1630 1313 1787 1374 expeterent,

1010 1395 1085 1446 modo
1105 1401 1228 1462 petentes,
1250 1404 1279 1451 ut
1295 1402 1342 1453 sibi
1357 1403 1430 1455 liceat
1443 1408 1557 1471 proprios
1579 1412 1743 1476 magistratus
1757 1417 1790 1469 de

1010 1514 1056 1552 suo
1068 1501 1167 1564 ordine,
1184 1508 1209 1554 et
1228 1505 1327 1556 eosdem
1339 1507 1430 1558 nemini
1446 1508 1565 1561 obnoxios
1581 1514 1608 1562 et
1621 1519 1790 1570 sacrosanctos

1009 1615 1109 1662 oreare;
1123 1602 1197 1653 modo
1212 1606 1337 1670 quoslibet
1356 1608 1473 1672 patricios
1489 1611 1613 1662 arbitratu
1633 1627 1679 1665 suo
1693 1615 1719 1666 in
1734 1617 1789 1668 dis·

1009 1701 1102 1752 crimen
1127 1705 1267 1754 extremum
1298 1705 1465 1768 adducentes,
1491 1714 1517 1762 et
1546 1712 1656 1777 legitima
1678 1717 1788 1782 judicia,

1008 1800 1101 1865 quibus
1111 1801 1143 1851 do
1154 1803 1254 1866 capitati
1274 1819 1346 1869 poena
1366 1809 1460 1858 civium
1472 1811 1604 1877 exsiliique
1624 1817 1720 1867 mulcta
1735 1833 1788 1870 ma-

1009 1903 1073 1967 jores
1098 1905 1203 1955 antehae
1224 1905 1322 1956 decerni
1341 1908 1481 1968 voluerint,
1508 1913 1630 1975 acurio,
1653 1918 1788 1979 purissima

1010 2004 1121 2056 civitatis
1129 2010 1208 2070 parte,
1221 2007 1253 2057 ad
1270 2005 1467 2060 sordidissimam
1481 2010 1580 2062 turbam
1596 2013 1786 2080 transferentem

1008 2108 1082 2161 modo
1101 2123 1160 2160 vero
1184 2109 1249 2173 leges
1271 2111 1412 2173 tyrannicas
1435 2116 1461 2162 et
1486 2112 1591 2176 injustas
1610 2115 1657 2180 ipsi
1674 2118 1788 2173 homines

1007 2211 1152 2262 mercenarii
1174 2215 1199 2262 et
1222 2215 1334 2263 extorres
1356 2218 1442 2263 eontra
1459 2215 1578 2278 patricios
1602 2215 1726 2279 terentes,
1756 2235 1788 2274 ne

1007 2312 1145 2376 cognitione
1157 2313 1259 2378 quidem
1271 2330 1356 2367 earum
1367 2319 1481 2382 patribus
1489 2322 1625 2386 permissa,
1642 2327 1671 2374 ut
1687 2323 1720 2375 de
1735 2325 1787 2377 illis

1007 2414 1252 2466 senatusconsultum
1276 2417 1399 2481 facerent,
1421 2421 1465 2472 sed
1495 2421 1542 2471 hoo
1565 2437 1666 2488 quoque
1694 2426 1788 2479 honore

1007 2521 1069 2587 ipsis
1081 2527 1174 2589 erepto,
1197 2535 1274 2588 quem
1287 2520 1350 2572 citra
1367 2534 1466 2571 omnem
1476 2525 1672 2575 controuersiam
1690 2541 1787 2592 semper

1007 2625 1039 2676 ab
1053 2625 1114 2677 urbe
1132 2625 1250 2686 condita,
1265 2629 1320 2674 tum
1333 2623 1380 2674 sub
1401 2622 1514 2687 regibus,
1532 2628 1587 2674 tum
1609 2625 1656 2676 sub
1674 2629 1786 2691 tyrannis

1005 2728 1158 2787 habuerant,
1171 2726 1308 2791 multisque
1317 2724 1524 2790 aliishujusmodi
1540 2726 1640 2788 additis,
1651 2731 1677 2780 et
1690 2744 1705 2780 a
1717 2729 1786 2782 nulla

1006 2825 1094 2878 acerba
1105 2823 1256 2875 contumelia
1273 2823 1391 2888 nulloque
1406 2823 1541 2875 maledicto
1560 2825 1608 2876 sibi
1628 2830 1784 2893 temperans,

1006 2926 1131 2990 postremo
1145 2920 1207 2973 illud
1221 2921 1297 2972 etiam
1312 2920 1390 2980 addit,
1414 2935 1466 2986 quo
1478 2921 1587 2972 maxime
1605 2923 1677 2988 plebs
1689 2926 1785 2979 oliensa

1006 3023 1057 3079 est,
1072 3032 1199 3083 uunquam
1213 3017 1238 3068 in
1257 3017 1358 3067 civitate
1382 3031 1483 3068 uurrssas
1503 3018 1695 3086 qualiscumque
1710 3023 1785 3074 dissi·

1003 3117 1040 3169 dii
1062 3114 1161 3175 defore,
1189 3115 1234 3166 sed
1256 3129 1354 3180 semper
1379 3120 1436 3182 post
1460 3121 1570 3168 veterem
1593 3120 1709 3171 morbum
1728 3136 1782 3175 eam

1004 3215 1089 3281 aliquo
1104 3229 1169 3265 novo
1186 3214 1362 3273 laboraturum,
1387 3214 1447 3265 dum
1468 3215 1598 3266 tribunitia
1611 3220 1723 3281 potestas
1735 3221 1784 3271 du-

1004 3316 1084 3372 raret3
1100 3313 1191 3364 docens
1208 3315 1317 3364 omnium
1339 3315 1449 3365 civilium
1471 3330 1500 3365 ac
1523 3315 1679 3380 publicarum
1698 3330 1782 3365 rernm

1003 3408 1074 3458 initia
1094 3421 1149 3458 esse
1172 3404 1357 3464 consideranda,
1383 3419 1535 3472 operamque
1548 3407 1671 3470 dandam,
1691 3415 1721 3463 ut
1742 3413 1784 3478 pia

1000 3507 1119 3572 justaque
1134 3506 1192 3556 sint.
1215 3504 1255 3554 Sic
1278 3504 1343 3554 euim
1358 3507 1448 3554 natura
1460 3510 1632 3571 comparatum
1644 3522 1699 3560 esse
1711 3512 1784 3563 dice·

1004 3610 1060 3673 bot,
1075 3611 1105 3659 ut
1115 3621 1146 3658 ex
1160 3606 1231 3656 bonis
1249 3606 1385 3657 seminibus
1399 3606 1456 3657 boni
1467 3611 1493 3658 et
1503 3607 1589 3662 felices
1609 3609 1706 3663 tructus
1723 3627 1783 3678 pro-

1002 3709 1115 3768 veniant,
1135 3721 1166 3758 ex
1180 3707 1254 3758 malis
1266 3707 1359 3759 maliet
1372 3710 1512 3774 perniciosi.

1033 4008 1103 4056 XLV.
1122 4025 1135 4050 ι
1146 4004 1172 4057 Si
1184 4005 1260 4069 igitur
1269 4002 1417 4070 (inquiebat)
1430 4004 1471 4056 hio
1487 4004 1648 4069 magistratus
1656 4020 1702 4071 pro
1715 4020 1781 4059 eom·

1002 4118 1014 4141 «
1028 4097 1097 4149 muni
1115 4097 1226 4147 omniurn
1243 4096 1307 4146 bono
1324 4109 1368 4160 per
1380 4095 1537 4146 concordiam
1554 4096 1626 4147 bonis
1640 4095 1781 4163 inustisque

1002 4208 1014 4231 ι
1029 4188 1117 4239 avibus
1131 4191 1156 4239 et
1171 4188 1241 4239 salva
1254 4185 1370 4249 religione
1386 4184 1411 4234 in
1424 4184 1602 4250 rempublicam
1620 4184 1780 4238 introductus

1002 4297 1015 4321 α
1029 4278 1104 4339 esset,
1119 4276 1256 4327 multorum
1273 4277 1298 4325 et
1311 4288 1457 4339 magnorum
1470 4273 1591 4325 bonorum
1607 4288 1696 4326 caussa
1710 4276 1781 4327 uobis

1001 4387 1015 4410 ι
1027 4364 1131 4424 luisset,
1150 4365 1252 4429 gratias,
1275 4364 1427 4424 concordiae,
1455 4364 1576 4415 bonarum
1592 4364 1687 4428 legum,
1709 4365 1780 4415 bonae

1002 4475 1013 4497 τ
1030 4453 1109 4518 speia
1125 4454 1239 4512 numine,
1260 4457 1286 4505 et
1301 4456 1476 4504 sexcentorum
1497 4453 1603 4503 aliorum
1621 4471 1627 4500 :
1642 4466 1708 4502 nunc
1720 4466 1780 4502 vero

1001 4562 1012 4586 ι
1026 4542 1143 4607 quoniam
1157 4541 1290 4598 violentia,
1302 4541 1429 4606 iniquitas,
1445 4540 1549 4599 seditio,
1563 4545 1590 4591 et
1599 4540 1658 4590 belli
1670 4539 1779 4591 intestini

1000 4652 1012 4676 o
1027 4635 1118 4693 metus,
1128 4634 1154 4682 et
1167 4635 1256 4688 cetera,
1268 4643 1326 4695 qum
1336 4629 1480 4681 hominibus
1495 4633 1554 4680 sunt
1564 4629 1672 4679 maxime
1683 4628 1779 4678 abomi-

1000 4741 1012 4763 ι
1027 4719 1116 4779 nanda,
1133 4733 1189 4770 eum
1200 4719 1356 4776 invexerunt,
1371 4717 1499 4783 quidboni
1512 4713 1779 4775 salutarisveamplius

999 4828 1012 4853 τι
1027 4808 1109 4869 abeo,
1122 4807 1239 4872 quitatio
1254 4807 1369 4858 habuerit
1390 4807 1467 4864 initia,
1488 4805 1639 4869 sperandum
1653 4803 1710 4850 esti
1725 4802 1777 4849 lta-

999 4916 1011 4939 «
1028 4910 1078 4962 que
1095 4908 1308 4959 supervacaneum
1320 4897 1358 4944 est
1368 4894 1447 4952 nobis,
1467 4892 1619 4942 curationem
1630 4891 1655 4937 et
1668 4885 1778 4937 remedia

1000 4983 1151 5034 amalorum
1177 4984 1235 5035 inde
1256 4983 1433 5048 pullulantium
1457 4994 1584 5046 quaerere,
1612 4989 1771 5040 quaeeunque

998 5092 1010 5117 ι
1025 5073 1132 5123 humana
1146 5073 1211 5121 ratio
1224 5072 1363 5134 excogitare
1376 5069 1468 5133 possit,
1482 5067 1560 5116 donec
1574 5065 1683 5130 pessima
1694 5063 1777 5114 radies

993 5181 1006 5205 ν
1022 5160 1105 5212 adhuc
1122 5164 1214 5211 manet.
1254 5160 1343 5211 Nullus
1354 5159 1419 5209 enim
1428 5156 1519 5206 divinae
1534 5154 1578 5206 irae
1593 5154 1649 5205 imis
1661 5154 1716 5213 erit,
1733 5165 1776 5202 nea
