3772 5828
195 354 255 414 ³60

198 512 212 542 ε
229 483 360 561 ἀθεμίτων
372 482 514 564 χρήζοντι·
528 481 575 542 καί
588 483 639 562 οἰιχ
648 482 718 550 ὅπως
728 480 973 559 ὑποκατακλίνομαί

199 601 212 628 ε
228 597 254 633 τι
267 575 314 644 τῆς
325 570 433 648 γνώμης
449 569 524 651 φόύῳ
534 573 586 629 τῶν
598 571 744 652 διαφόρων,
757 572 783 630 οἰ
793 570 826 629 τδ
840 571 867 629 ἰν
879 573 913 650 τῇ
924 568 975 628 πό·

200 689 213 716 ε
228 663 270 720 λει
281 658 423 737 δημοτικὸν
436 659 479 718 ἀπ’
491 660 550 736 ίμοί
560 658 730 727 συνιστάντες
750 657 910 718 δεδίττονταί
926 681 973 735 με,

201 778 214 804 α
230 750 299 808 ἀλλὰ
316 748 384 808 πολθ
395 750 496 825 μᾶλλον
517 744 535 818 ἢ
557 745 683 827 πρότερον
697 747 816 828 ἔρρωμαι
832 749 881 820 τήν
893 743 973 826 ὀργήν

155 865 169 903 ε
186 865 213 891 -o
230 838 276 897 καὶ
290 838 433 916 ἀγανακτῶ
447 843 502 902 τοῖς
512 833 642 913 αἰτήμασι
657 839 703 893 τοῦ
715 834 801 913 δήμου
817 834 972 902 διπλασίως.

202 955 213 980 ι
232 925 325 1003 Ὑμιῗεν
339 916 410 996 ταώ
424 925 522 1006 βουλή,
539 923 569 983 τδ
579 923 731 1005 παράλογον
746 927 794 995 τῆς
807 922 913 1002 γνώμης
931 946 975 982 τε·

201 1014 371 1090 «θαύματα,
396 1013 436 1074 ὅτι
455 1015 504 1073 οὐκ
524 1012 709 1092 ἐπιτρίψαντες
719 1014 810 1093 αὐτῷ,
835 1010 878 1072 ότε
899 1009 975 1071 ούπω

200 1131 213 1155 ι
230 1105 347 1183 φανερῶς
361 1094 530 1179 ήνπολέμιος
540 1146 549 1174 ,
561 1102 648 1181 χρεῶν
671 1100 808 1169 ἀποκοπάς
824 1100 871 1159 καί
891 1123 974 1160 κατα·

200 1191 367 1273 «κριμάτων
397 1192 502 1273 ἀφέσεις
527 1190 690 1267 αἰτουμένῳ,
712 1197 756 1250 νῦν
778 1187 836 1249 ἀπεί
874 1192 902 1249 ἰν
921 1192 976 1257 τοῖς

144 1314 170 1353 1⁰
199 1307 212 1334 ε
229 1280 318 1346 δπλοις
338 1281 394 1338 ἐστὶ
412 1279 459 1338 καί
478 1278 511 1339 τί
521 1276 655 1354 πολεμίων
665 1277 727 1359 δρᾷ,
737 1282 822 1336 ταῦτα
833 1278 857 1335 εἰ
874 1298 975 1356 συγχω·

199 1395 211 1422 ε
231 1369 324 1449 ρήσετε
345 1367 510 1449 βουλεύεσθε,
532 1366 579 1425 καί
598 1364 615 1424 ὅ
631 1389 657 1425 τι
672 1363 703 1424 δν
719 1364 785 1425 ἄλλο
799 1367 872 1444 αὐτῷ
897 1365 972 1444 δοκῇ.

198 1483 211 1509 ν
229 1457 305 1526 Δόξει
325 1457 353 1518 δί
373 1455 533 1530 δήπου,καί
547 1457 652 1535 πρῶτον
663 1452 802 1524 ποιήσεται
814 1457 866 1512 τῶν
888 1451 975 1522 ἀξιου·

199 1573 212 1600 ε
230 1545 316 1624 μόνων
348 1546 467 1622 ἰσότιμον
488 1533 555 1605 εἰναι
577 1544 624 1603 καί
652 1547 704 1603 τῶν
728 1545 812 1603 αὐτῶν
840 1549 906 1620 ἡμῖν
927 1565 974 1620 με·

200 1662 216 1689 ε
229 1635 328 1715 τίχειν.
351 1637 454 1696 Οὐκοῦν
476 1635 512 1701 εἰς
543 1630 724 1712 δημοκρατίαν
747 1630 935 1712 περιστήσεται
958 1635 974 1704 ἡ

200 1751 213 1777 e
229 1725 305 1790 πόλις
328 1723 376 1795 τὴν
395 1721 596 1797 ἀμαθεστάτην,
619 1719 711 1802 ὥσπερ
733 1721 809 1802 ἔφην,
823 1724 875 1780 τῶν
891 1724 917 1782 ἰν
928 1721 975 1780 ἀν·

201 1803 342 1891 «θρώποις
378 1812 517 1871 πολιτειῶν
557 1809 603 1869 καί
641 1812 703 1888 ύμῖν
740 1808 890 1891 ἀσύμφορον
921 1817 975 1877 τοῖς

199 1899 344 1969 «ἀξιοῦσιν
371 1899 462 1980 άρχεεν
484 1897 597 1978 {sipon
628 1902 692 1973 οὐκ,
712 1899 757 1959 ἰοίν
773 1921 804 1977 γε
821 1902 974 1980 σωφρονῆτε

198 2014 210 2042 ε
228 1992 312 2066 ὑμεῖς.
355 1984 395 2049 Ἦ
408 1986 515 2048 πάντων
532 1988 563 2044 ἀν
574 1986 646 2059 εἴητε
661 1985 862 2068 ἀφρονέστατοι,
873 1989 896 2045 εἰ
909 1986 974 2067 πρὸς

198 2076 283 2144 nivi<
310 2076 436 2156 ἄρχεσθαι
461 2080 616 2155 τυραννικοῦ
637 2073 728 2152 ἀνδρὸς
754 2076 802 2134 ούκ
828 2074 972 2155 ἀνασχετὸν

142 2182 168 2222 ευ
198 2192 209 2218 ι
227 2169 401 2245 ήγησαμενοι,
414 2165 499 2241 δήμου
513 2163 646 2245 τυραννίδι
656 2163 833 2245 πολυκεφάλῳ
845 2167 890 2221 νῦν
904 2167 973 2240 ὑμᾶς

198 2253 320 2317 «αὐτούς
346 2250 538 2328 παραδώσετε,
559 2251 605 2311 καὶ
624 2256 708 2311 ταῦτα
722 2253 752 2310 ού
767 2254 835 2328 μετὰ
856 2251 973 2331 χαρίτων

198 2341 303 2418 «αὐτῷ
340 2339 459 2398 πείθοντι
486 2339 695 2419 συγχωρήσετε,
720 2338 771 2398 barb
798 2340 821 2399 δ
857 2339 974 2419 ἀνάγκης

198 2426 414 2508 «κρατηθέντες,
435 2426 480 2485 καὶ
506 2430 541 2494 ώς
565 2430 613 2487 ούκ
636 2425 692 2496 ἐξὸν
716 2428 782 2488 ἀλλο
803 2451 829 2486 τι
843 2429 906 2508 δρθν
928 2432 973 2486 νῦν

198 2541 210 2568 ε
232 2519 312 2592 ὑμῖν,
333 2513 409 2598 παρα
421 2515 531 2594 γνώμην
547 2513 669 2584 εἰξαντις.
687 2513 777 2578 Ὅταν
792 2516 820 2576 δὲ
846 2516 876 2575 τδ
896 2516 974 2590 ἀνόη-

141 2632 168 2671 2,
197 2630 210 2658 «
226 2627 272 2665 τον
288 2604 346 2663 ἀντὶ
361 2609 407 2662 τοῦ
425 2603 603 2681 κολάζεσθαι,
617 2605 657 2683 ἐφ’
672 2594 711 2672 οἰς
723 2603 755 2663 δν
770 2604 972 2684 πλημμελήσῃ,

198 2693 272 2750 «καὶ
304 2692 334 2751 τὸ
358 2695 484 2766 τιμᾶσθαι
516 2691 552 2748 δι’
574 2689 643 2750 uiri
666 2690 827 2773 προσλάόη,
849 2695 906 2760 πῶς
928 2693 973 2752 δο·

198 2790 297 2840 σκεῖτε
311 2779 420 2846 αὔθαδες
439 2778 513 2838 ἔσται
533 2778 579 2838 καί
600 2780 784 2862 θπερήφανον;
807 2779 845 2859 μή
865 2779 916 2862 γάρ
941 2780 973 2852 δή

198 2894 211 2920 ε
228 2868 367 2948 ἓκείνῃτῇ
394 2868 481 2927 ἐλπίδι
503 2868 661 2948 ἐπαίρεσθε,
691 2872 727 2938 be
747 2871 884 2950 μετριάσει
913 2869 974 2950 πιρί

198 2957 276 3024 ατδς
293 2957 445 3027 ἀξιώσειςδ
469 2958 564 3032 δῆμος,
588 2956 634 3015 tire
660 2959 771 3041 φανερὸν
797 2961 868 3039 αὐτῷ
899 2957 974 3038 γίνη-

143 3063 171 3103 οο
198 3070 211 3098 ε
228 3068 290 3123 ται,
306 3045 345 3104 ότι
358 3049 432 3120 θμεῖς
445 3043 559 3109 ἅπαντες
575 3046 737 3123 ἐψηφίσασθε
752 3045 843 3114 οὕτως.

235 3135 319 3195 LXII,
344 3160 356 3186 ι
382 3130 462 3192 ’llll
486 3132 609 3190 πλεῖστον
630 3131 661 3203 δή
687 3135 713 3190 ἰν
737 3132 821 3213 τούτῳ
845 3133 974 3204 Μενήνιος

199 3250 211 3276 n
229 3222 343 3303 ἐψεύσθη
363 3224 410 3290 τῆς
422 3219 506 3291 δόξης,
523 3216 590 3298 ἀνήρ
607 3219 733 3301 σώφρων,
746 3220 792 3280 καί
803 3223 833 3280 tx
845 3225 895 3282 τῶν
912 3224 974 3281 ἰαυ-

198 3315 273 3368 ιτού
297 3309 402 3389 τρόπων
425 3306 632 3386 τεκμαιρόμενος
651 3308 757 3389 χρηστὰ
781 3311 845 3393 ύπίρ
865 3311 971 3392 ίτίρων.

197 3396 386 3476 «Ἐγκείσεταε
410 3400 471 3473 ὑμῖν
492 3395 560 3476 πύρα
582 3403 626 3457 τοῦ
645 3399 745 3466 δέοντος
772 3400 851 3481 βαρύς
869 3402 920 3460 ύπό
944 3425 972 3460 τε

198 3511 210 3537 o
228 3483 386 3556 obtabilem,
402 3483 419 3553 ή
438 3483 506 3561 φιλεῖ
523 3481 584 3560 περί
605 3483 636 3543 τδ
660 3491 773 3563 κρατοῦν
787 3489 828 3547 iai
842 3488 972 3568 γίνεσθαι,

198 3573 272 3631 «καί
296 3570 454 3652 ἀφροσύνης,
467 3562 499 3642 ής
518 3571 641 3633 πλεῖστον
661 3573 739 3655 ύχλος
758 3577 863 3657 μετέχει
884 3579 972 3659 με’ρος·

198 3691 209 3714 n
227 3665 276 3720 κᾶν
304 3665 326 3721 εἰ
351 3661 388 3738 μὴ
415 3665 441 3719 ἰν
465 3661 575 3739 ἀργαῖς,
603 3662 690 3743 χρόνῳ
718 3670 778 3743 γοῦν
804 3664 911 3747 ὕστερον
932 3669 972 3748 ἐφ’

198 3779 209 3802 ⁴<
227 3751 332 3832 ἑκάστῳ
344 3749 483 3833 χρήματι,
499 3727 536 3806 dv
548 3748 580 3809 ἂν
595 3751 695 3822 δεηθεὶς
709 3753 746 3827 μὴ
760 3753 829 3834 τύχη
840 3800 848 3826 ,
861 3753 972 3814 τάόπλα

199 3865 210 3890 υ
227 3840 317 3899 λαθών
339 3842 384 3899 τὸν
399 3837 479 3898 αὐτόν
496 3837 592 3917 τρόπον
602 3842 666 3916 ύμῖν
677 3840 789 3920 σοόαρδς
806 3844 970 3913 ίπιθήσεται.

199 3955 211 3978 ε
228 3927 311 3988 'ssot’
324 3933 346 3988 εἰ
360 3928 393 3987 τά
407 3932 500 4008 πρῶτα
515 3929 704 4010 συγχωρήσετε
719 3932 888 4011 συμφέροντα
902 3915 972 3991 εἶἰαι

200 4043 211 4067 o
228 4017 398 4090 νομίσαντες,
414 4018 501 4096 ἕτερόν
521 4042 547 4077 τε
557 4027 646 4098 χεῖρον
657 4018 730 4085 εὐθὺς
752 4020 971 4099 ἰπιταχθήσεσθε·

200 4130 211 4154 u
229 4105 274 4161 καί
291 4097 362 4170 αὖθις
378 4105 443 4164 ἄλλο
461 4106 554 4167 τούτου
569 4108 773 4188 χαλεπώτερον,
787 4110 822 4175 ώς
839 4108 913 4189 φόόῳ
927 4112 973 4169 καὶ

200 4219 211 4242 υ
229 4191 262 4250 τά
277 4195 370 4271 πρῶτα
385 4194 596 4264 ὑπακούσαντες,
611 4195 660 4263 ίως
681 4192 827 4254 ἰκύάλωσιν
844 4197 911 4270 ὑμᾶς
928 4218 973 4255 τε·

199 4307 211 4330 u
227 4285 368 4348 λευτῶντες
382 4289 428 4351 τῆς
444 4286 560 4355 πόλεως,
586 4288 621 4349 ώς
643 4287 670 4341 ίν
684 4285 795 4349 πολλαῖς
817 4285 909 4353 άλλαις
926 4285 971 4343 καί

199 4394 211 4419 u
227 4369 261 4427 τά
270 4370 409 4427 τελευταῖα
423 4372 450 4428 ἐν
463 4370 645 4448 Συρακούσαις
660 4374 685 4429 οἰ
699 4370 828 4450 γεωμόροι
843 4373 906 4451 πρὸς
920 4376 971 4429 τῶν

199 4480 210 4505 n
227 4459 348 4514 πελατῶν
365 4455 537 4529 ἐξηλάθησαν.
581 4461 613 4519 Εἰ
634 4459 656 4515 δ’
674 4460 716 4516 ἀπ’
732 4459 838 4527 ἐκείνοις
852 4462 971 4539 ἀγανακ-

199 4543 353 4613 στήσαντες
375 4546 561 4605 ἐναντιώσεσθε
582 4550 634 4613 τοῖς
651 4547 792 4623 αἰτήμασι,
813 4549 839 4606 τί
859 4549 891 4620 δή
910 4550 971 4607 ποτ’

199 4658 210 4684 ι
227 4633 274 4690 οὐκ
289 4632 394 4692 αὐτόθεν
411 4634 525 4714 ἄρχεσθε
550 4634 672 4715 ἐλεύθερα
696 4637 852 4714 φρονήματα
881 4637 970 4716 ίχεινς

198 4747 209 4772 ι
228 4729 344 4801 κρεῖττον
358 4721 410 4801 γὰρ
425 4725 472 4780 ἀπ’
488 4722 623 4789 ἐλάττονος
635 4723 721 4784 αἰτίατ
736 4726 896 4804 ὁρμηθέντας
910 4728 970 4806 πρίν

199 4811 361 4887 οβλαύῆναί
386 4835 412 4870 τι
437 4810 623 4879 ἀποδείξασθαι
646 4812 677 4871 τὸ
692 4822 826 4889 γενναῖον,
850 4815 970 4885 ἢπολλα

199 4900 434 4978 «ὑπομείναντας,
454 4899 513 4958 τότε
534 4902 691 4978 ἀγανακτεῖν
713 4903 843 4982 περὶτῶν
864 4903 971 4980 γεγονό-

199 5006 210 5028 u
227 5004 278 5040 των
293 4988 339 5045 καί
355 4987 393 5063 μὴ
409 4986 557 5068 ἐπιτρέπειν
577 4988 611 5047 τά
636 4990 716 5048 λοιπθι
738 4989 783 5047 καί
807 4991 854 5069 όψί
879 4991 972 5068 ἄρξασ-

198 5093 210 5119 u
227 5073 270 5126 θαι
283 5079 343 5130 νοῦν
360 5075 440 5153 ἔχειν.
462 5074 587 5135 deicito
607 5076 634 5135 δί
656 5080 731 5154 ὑμῶν
751 5077 860 5152 μηδένα·
873 5077 940 5153 μήτε
957 5083 971 5136 ό

198 5184 211 5212 ι
228 5157 278 5214 τῶν
294 5161 449 5220 ἀποστατῶν
461 5164 621 5244 ἀνασεισμὸς
634 5165 703 5242 μήτε
717 5170 730 5223 b
745 5170 796 5223 τῶν
819 5167 972 5248 ἀλλοφύλων

718 348 884 411 dionisii
906 344 1284 409 nnilcnnunssssltsis

1029 504 1042 531 ι
1058 499 1137 551 neque
1154 486 1221 551 plebi
1233 485 1349 537 cedamus
1366 486 1530 551 imprudenti,
1551 499 1592 538 ree
1603 487 1708 539 iniustas
1720 501 1751 540 ac
1761 503 1806 542 ue·

1029 587 1042 613 ι
1056 566 1131 620 turias
1142 569 1274 634 expetenti.
1293 573 1325 620 et
1336 572 1433 622 tantum
1444 571 1527 636 abest,
1543 573 1573 622 ut
1589 570 1621 623 de
1633 574 1757 625 εοοίοοιίε
1765 573 1806 626 de-

1029 675 1042 699 o
1056 655 1143 706 cedam
1161 656 1264 706 territus
1277 655 1309 706 ab
1322 655 1483 717 adversariis,
1506 656 1551 721 qui
1568 656 1685 709 urbanam
1708 659 1806 724 plebem

1029 758 1042 782 α
1055 738 1081 788 in
1095 751 1136 788 mc
1156 738 1308 789 concitantes
1331 752 1372 789 me
1386 740 1502 792 territare
1527 747 1661 802 conentur,
1676 745 1705 794 ut
1724 745 1805 796 multo

1029 841 1042 866 ε
1058 821 1137 883 magis
1150 834 1216 871 nuuc
1236 833 1312 883 quam
1333 825 1390 873 ante
1411 823 1437 873 in
1450 836 1506 875 meo
1519 824 1557 875 ira
1573 824 1733 878 confirmatus
1745 828 1804 888 sim,

1029 925 1042 950 ι
1057 906 1082 955 et
1095 903 1170 967 duplo
1185 904 1263 966 magis
1276 903 1368 955 talibus
1386 903 1465 969 plebis
1476 907 1607 971 postulatis
1622 909 1740 974 indigner.
1773 914 1807 964 Et

1031 1006 1043 1030 ι
1057 988 1178 1043 vestram,
1191 988 1275 1050 patres
1285 985 1429 1051 conscripti,
1447 985 1581 1040 absurdam
1600 993 1709 1041 mentem
1726 992 1806 1044 demi·

1030 1093 1043 1118 e
1057 1085 1112 1133 ror,
1133 1071 1176 1134 qui
1196 1070 1265 1134 quod
1283 1071 1307 1121 ei
1327 1071 1449 1136 negastis,
1462 1086 1521 1124 cum
1542 1073 1652 1125 nondum
1670 1079 1736 1126 esset
1752 1090 1806 1128 ma·

1030 1178 1043 1202 a
1059 1157 1162 1208 nitestur
1180 1155 1322 1219 reipublice
1335 1156 1427 1219 boelis,
1449 1172 1526 1209 novas
1546 1159 1644 1210 tabulas
1663 1163 1688 1211 et
1701 1160 1805 1213 damam

1029 1261 1044 1289 o
1058 1241 1154 1292 doum
1175 1239 1343 1291 remissionem
1361 1242 1466 1306 petenti,
1484 1257 1550 1294 nunc
1566 1257 1624 1294 cum
1642 1243 1668 1294 in
1680 1245 1757 1297 armis
1772 1247 1806 1297 sit

1029 1348 1041 1373 ι
1059 1329 1084 1376 et
1102 1322 1224 1374 hostiliter
1235 1326 1356 1389 segent,
1369 1328 1395 1377 et
1413 1326 1461 1378 boc
1478 1326 1560 1392 ipsum
1572 1327 1805 1389 concederevclitis,

1029 1430 1042 1455 ι
1061 1413 1087 1460 et
1098 1405 1218 1472 quidquid
1230 1410 1350 1472 preterea
1369 1408 1415 1474 ipsi
1431 1411 1457 1461 in
1472 1415 1579 1463 mentem
1590 1413 1695 1464 venerit.
1728 1414 1806 1464 linito

1030 1512 1043 1537 e
1059 1495 1142 1543 autem
1156 1490 1269 1552 uenient,
1286 1494 1361 1558 atque
1370 1494 1397 1545 id
1416 1495 1522 1560 primum
1542 1509 1561 1546 u
1581 1495 1651 1547 uobis
1662 1497 1806 1561 postulabit,

1030 1596 1043 1621 «
1057 1577 1186 1626 nimirum
1200 1572 1241 1624 ius
1253 1587 1353 1638 mquum
1364 1577 1526 1642 gerendomm
1539 1577 1674 1639 bonorum,
1687 1580 1713 1630 et
1722 1583 1751 1629 ut
1762 1593 1805 1630 ea·

1030 1681 1043 1705 a
1060 1656 1164 1709 rundem
1182 1668 1266 1706 rerum
1289 1657 1416 1709 nobiccum
1429 1661 1462 1711 eit
1478 1662 1612 1726 particeps.
1641 1663 1706 1711 Num
1729 1660 1805 1725 igitur

1032 1754 1050 1790 ε’
1063 1743 1126 1794 urbs
1136 1738 1228 1792 recidet
1244 1740 1439 1795 indominatum
1455 1745 1533 1808 plebis
1551 1759 1608 1811 qum
1618 1747 1660 1810 (ut
1672 1748 1727 1796 ante
1737 1746 1805 1808 dixi)

1031 1852 1043 1876 ι
1059 1834 1098 1880 est
1110 1826 1255 1878 stultissima
1263 1826 1374 1878 omnium
1384 1828 1529 1893 reipublice
1537 1829 1672 1881 tormemm
1683 1829 1744 1881 inter
1757 1829 1803 1880 bo-

1029 1938 1042 1965 «
1057 1915 1146 1975 mines,
1155 1915 1180 1963 et
1189 1913 1296 1962 maxime
1315 1911 1433 1965 damnosa
1446 1915 1530 1978 vobis,
1542 1915 1587 1980 qui
1596 1914 1630 1966 ad
1640 1916 1743 1967 eliomm
1758 1917 1806 1968 im·

1029 2022 1042 2048 ε
1061 2006 1155 2070 perium
1173 2005 1322 2071 adspiratis?
1334 2001 1437 2053 minime
1450 2013 1527 2062 vem,
1548 1999 1570 2050 ai
1589 2004 1728 2066 eripueritis.
1743 2003 1805 2055 Alio

1029 2106 1042 2130 α
1058 2087 1100 2151 qui
1113 2089 1223 2138 omnium
1237 2085 1376 2137 stultissimi
1392 2083 1476 2144 eritis,
1489 2083 1517 2133 ei
1527 2121 1534 2144 ,
1544 2082 1617 2159 unius
1628 2084 1673 2134 riri
1687 2085 1803 2148 tyrannici

1028 2189 1041 2213 ε
1057 2169 1187 2234 imperium
1201 2169 1302 2221 minime
1320 2167 1394 2218 nobie
1407 2165 1535 2216 terendum
1548 2163 1608 2226 rati,
1627 2180 1693 2216 nunc
1704 2181 1750 2217 νοε
1763 2169 1801 2233 ip.

1028 2271 1041 2296 ι
1055 2266 1097 2303 σοι
1109 2253 1221 2315 dedatis,
1235 2266 1267 2303 ue
1285 2251 1433 2313 subjiciatis
1450 2247 1527 2313 plebio
1546 2249 1667 2314 tymnnidi
1688 2263 1720 2302 er
1735 2253 1803 2303 mul-

1028 2355 1042 2381 «
1056 2336 1090 2388 tle
1101 2337 1223 2402 capitibus
1235 2336 1367 2398 constanti,
1377 2333 1516 2400 presertim
1528 2333 1559 2394 el,
1576 2347 1657 2398 neque
1670 2336 1748 2398 palla
1762 2337 1803 2388 vel

1029 2441 1041 2466 κ
1055 2423 1166 2473 oratione
1177 2421 1278 2473 odducll
1286 2421 1423 2485 postulato
1434 2418 1586 2478 conceditis,
1599 2419 1643 2470 sed
1656 2422 1803 2472 necessitate

1029 2530 1041 2555 ι
1056 2509 1151 2571 coacti,
1161 2514 1187 2562 et
1198 2510 1270 2574 quasi
1281 2509 1342 2560 nibil
1355 2508 1422 2560 aliud
1435 2510 1462 2560 in
1472 2509 1602 2574 presentie
1614 2509 1695 2562 tacere
1705 2510 1805 2574 possitis

1028 2619 1041 2644 ι
1057 2597 1104 2649 uisi
1126 2603 1216 2664 preater
1231 2599 1306 2650 ammi
1323 2598 1471 2650 sententiam
1496 2600 1545 2665 ipsi
1565 2599 1661 2652 cedere.
1703 2602 1805 2653 tiamsi

1028 2706 1041 2732 ο
1056 2686 1126 2751 plebs
1138 2687 1237 2749 monna,
1250 2700 1295 2752 pm
1309 2685 1431 2752 supplicio
1442 2687 1494 2741 snio
1507 2691 1615 2755 mecedo
1628 2691 1725 2756 debito,
1738 2694 1805 2743 insu·

1029 2801 1041 2826 o
1055 2795 1101 2847 per
1116 2783 1222 2833 bonores
1237 2781 1269 2831 ob
1280 2781 1335 2832 beo
1346 2780 1546 2847 ipsaacceperit,
1563 2797 1639 2847 quam
1650 2788 1803 2849 arrogantem

1029 2888 1043 2912 α
1058 2874 1084 2921 et
1096 2884 1170 2934 quam
1183 2869 1314 2935 superbam
1326 2883 1383 2922 οειιι
1394 2869 1447 2922 tore
1461 2872 1572 2935 putatis?
1581 2874 1618 2923 lte
1627 2873 1690 2922 cuim
1704 2873 1746 2924 illa
1757 2887 1802 2937 spe

1029 2976 1042 3000 ι
1060 2957 1206 3018 etieramini,
1222 2957 1319 3022 plebem
1329 2955 1355 3008 io
1367 2955 1495 3028 postuletis
1505 2956 1557 3008 ouis
1571 2958 1724 3009 moderatam
1734 2960 1801 3021 tore,

1029 3069 1041 3094 α
1056 3051 1078 3101 si
1089 3051 1232 3114 cognoverit
1242 3050 1313 3101 hoca
1323 3048 1393 3101 vobis
1401 3047 1513 3100 omnibns
1523 3047 1649 3099 decretum
1659 3063 1723 3101 esse.

1057 3141 1131 3189 Lllll.
1149 3160 1161 3182 ε
1174 3138 1222 3188 Sed
1234 3139 1280 3189 buc
1291 3139 1316 3189 in
1323 3152 1348 3190 re
1359 3137 1511 3203 potissimum
1520 3137 1658 3189 Menenium
1668 3140 1751 3191 virum
1765 3155 1804 3192 oa·

1028 3248 1040 3270 «ι
1056 3227 1178 3292 pientcm,
1189 3231 1254 3278 etex
1264 3228 1317 3280 suis
1333 3226 1441 3278 moribus
1458 3225 1491 3277 de
1510 3225 1612 3292 reliquie
1624 3240 1724 3291 quoque
1740 3229 1805 3280 bona

1028 3334 1040 3358 ι
1056 3317 1216 3380 augurantem
1233 3315 1314 3378 opinio
1329 3313 1400 3364 valde
1412 3313 1506 3364 tetellit.
1538 3314 1612 3364 Plebs
1619 3315 1685 3365 euim
1697 3318 1804 3379 graviter

1028 3425 1040 3448 u
1056 3408 1083 3455 et
1096 3406 1160 3456 ultra
1173 3404 1274 3455 modum
1293 3403 1395 3454 instabit
1416 3401 1484 3454 vobis
1504 3416 1554 3468 prae
1574 3406 1728 3468 arrogantia,
1748 3420 1804 3469 que

1028 3495 1183 3545 «victoriam
1199 3508 1296 3558 semper
1316 3492 1430 3545 comitari
1450 3494 1528 3557 solet,
1544 3497 1571 3544 et
1592 3506 1645 3557 pru
1665 3495 1803 3556 dementia,

1028 3603 1040 3625 a
1058 3585 1099 3635 cui
1117 3585 1206 3650 vulgus
1223 3584 1332 3635 maxime
1343 3585 1383 3636 est
1399 3583 1534 3635 obnoxium
1552 3585 1599 3634 :et
1617 3584 1702 3635 sinon
1715 3588 1804 3636 statim

1028 3692 1041 3717 ε
1056 3673 1089 3724 ab
1108 3674 1186 3734 initio,
1205 3676 1232 3724 at
1254 3676 1322 3724 certe
1334 3672 1466 3738 εθουιιοδο
1488 3675 1544 3737 ροσε
1557 3671 1589 3722 ob
1608 3686 1804 3738 unamquamque

1028 3781 1039 3804 ε
1058 3777 1124 3822 nem,
1140 3764 1212 3814 cuius
1229 3762 1353 3826 repulsam
1365 3775 1439 3827 passa
1452 3761 1540 3822 tuerit,
1562 3762 1665 3826 arreptis
1679 3763 1754 3813 armis
1765 3776 1804 3814 eo

1028 3870 1040 3894 o
1055 3852 1112 3901 dem
1124 3852 1198 3901 modo
1210 3852 1341 3901 insolenter
1356 3850 1545 3902 uosadorietur.
1560 3853 1646 3915 ltnque
1656 3851 1678 3900 si
1689 3851 1768 3914 prima
1780 3851 1802 3901 ei

1028 3959 1040 3984 n
1055 3939 1240 3999 concesseritis,
1256 3939 1281 3989 id
1291 3938 1361 3991 vobit
1374 3939 1514 3991 conducere
1528 3940 1591 4001 rati,
1604 3952 1662 3990 mox
1675 3939 1744 3989 robis
1756 3939 1803 3992 nli·

1028 4048 1040 4072 ι
1056 4027 1117 4093 quid
1131 4026 1240 4077 deterius
1252 4026 1409 4091 imponetur,
1432 4042 1462 4078 ac
1483 4042 1543 4077 mox
1561 4040 1649 4078 rursus
1665 4027 1733 4078 aliud
1756 4029 1803 4079 boc

1028 4117 1109 4179 «ipso
1127 4116 1269 4177 molestius,
1292 4117 1352 4180 quia
1363 4119 1389 4168 et
1410 4116 1537 4181 inprimis
1559 4116 1690 4181 postuletis
1711 4122 1803 4169 terrore

1027 4205 1155 4256 «adducti
1175 4219 1269 4256 morem
1285 4207 1308 4256 ei
1332 4207 1470 4271 gesseritis,
1490 4205 1567 4257 donec
1588 4208 1689 4258 tandem
1711 4221 1756 4258 vos
1775 4222 1804 4258 ex

1027 4296 1114 4347 «urbe
1136 4298 1242 4362 pellant,
1267 4297 1333 4349 sicut
1353 4300 1380 4348 et
1398 4297 1424 4347 iu
1436 4297 1521 4348 multia
1534 4298 1588 4348 aliis
1603 4299 1743 4350 civitatibus
1761 4313 1802 4350 ac·

1027 4405 1039 4430 ι
1054 4385 1126 4446 cidit,
1149 4388 1174 4435 et
1185 4387 1317 4436 novissime
1336 4385 1477 4449 Syracusis,
1490 4386 1532 4436 ubi
1545 4400 1661 4448 agrorum
1680 4388 1772 4439 domini
1790 4401 1804 4436 a

1028 4494 1040 4517 ι
1057 4473 1188 4524 clientibus
1211 4475 1263 4523 suis
1290 4474 1386 4539 exputat
1412 4476 1476 4524 eunt.
1520 4474 1562 4524 Sin
1581 4489 1640 4524 vero
1662 4476 1804 4540 indignitate

1028 4580 1040 4604 o
1055 4560 1153 4611 illorum
1172 4562 1354 4626 postulaturum
1375 4561 1504 4621 commoti,
1526 4561 1586 4625 ipsis
1602 4563 1803 4615 adverseturies·

1028 4667 1040 4691 ι
1057 4650 1104 4710 tis,
1128 4664 1174 4699 cur
1199 4665 1248 4700 non
1267 4651 1326 4701 binc
1346 4650 1445 4702 undem
1472 4651 1573 4716 spiritus
1597 4652 1689 4704 liberos
1708 4667 1805 4705 sumere

1027 4759 1039 4782 «ι
1053 4738 1176 4803 incipitis?
1209 4742 1316 4791 Praestat
1330 4741 1395 4791 enim
1411 4741 1502 4791 leviore
1524 4754 1555 4791 ex
1570 4755 1658 4793 caussa
1675 4744 1803 4808 impulsos,

1028 4847 1041 4871 o
1055 4828 1163 4878 noudum
1178 4830 1230 4880 ullu
1240 4829 1389 4881 detrimento
1400 4833 1502 4894 accepto
1512 4868 1518 4890 ,
1527 4830 1603 4880 animi
1614 4834 1804 4895 generositatem

1028 4914 1240 4976 «demonstrare,
1274 4930 1350 4980 quam
1372 4919 1427 4980 post
1453 4915 1545 4965 multas
1568 4917 1651 4968 clades
1675 4920 1803 4982 acceptas,

1028 5024 1040 5048 ι
1057 5008 1116 5053 tunc
1138 5004 1238 5055 demum
1263 5005 1295 5056 ob
1323 5018 1352 5054 ea
1377 5017 1434 5068 qum
1458 5003 1592 5054 acciderint
1618 5005 1751 5070 indignari,
1780 5010 1805 5057 et

1029 5113 1040 5136 u
1056 5094 1120 5144 nolle
1143 5095 1238 5157 reliqua
1259 5093 1406 5149 concedere,
1429 5095 1455 5141 ct
1469 5105 1524 5141 sero
1538 5093 1638 5144 tandem
1659 5109 1745 5158 sapere
1759 5109 1804 5145 cce·

1031 5181 1131 5242 «pisse.
1175 5184 1211 5231 lie
1232 5193 1289 5230 vero
1310 5178 1441 5242 qusquam
1462 5182 1571 5239 vestrum
1592 5187 1636 5231 aut
1650 5182 1805 5234 desertorum
