3772 5828
225 288 281 346 ίῖθ
740 290 905 352 nidrtrsll
928 294 1305 359 Hsttcnuu'sssnssrs

1167 390 1184 420 ν

223 416 381 496 ἐνεπρήσθη.
424 421 516 479 Ταῦτα
542 420 749 497 διαπραξάμενος
771 426 785 479 ὁ
805 423 927 497 βασιλεὺς
948 426 993 483 καὶ
1019 449 1022 461 ·
1047 436 1130 502 copies
1144 438 1249 491 reduxit.
1271 443 1359 492 Postea
1374 443 1446 492 aliam
1462 445 1640 508 expeditionem
1658 446 1715 496 iecit
1735 451 1820 498 contra

221 504 252 562 τό
274 515 358 583 τεῖχος
372 508 400 563 ἐκ
424 507 548 580 θεμελίων
563 509 735 587 κατασκάψας
750 509 836 583 αἰπῆγε
851 509 898 581 τλν
920 509 996 570 δύνα·

223 615 267 665 μιν
283 591 322 650 ἐπ’
338 593 417 650 οἴκου.
463 591 515 650 Καὶ
526 588 592 666 μετὰ
607 592 674 648 τοῦθ’
690 591 779 671 ἑτέραν
795 594 921 672 στρατιάν
932 587 994 674 ἦγεν
1021 652 1023 675 γ

223 679 323 748 irrisio
340 679 569 758 Κρουστομερίνων
590 679 676 736 πόλιν·
696 678 764 751 αὓτη
786 681 809 739 δ’
822 683 931 742 ἀποικία
947 685 993 759 μίν
1020 680 1023 733 ί

183 785 194 820 u
223 757 254 836 ἦν
283 766 419 837 Λατίνων,
446 765 632 844 προσεχώρησε
662 767 688 824 δὲ
713 766 856 836 Ῥωμαίοις
881 770 924 829 ἐπὶ
949 775 995 842 τῆς
1020 748 1023 828 ί
1047 761 1090 809 ‘¹⁶'
1111 753 1240 815 ‘mmmm
1258 753 1407 816 Tamum
1426 768 1525 816 mgnum
1545 757 1649 820 ‘mepta’
1661 763 1716 818 θεῖ’
1735 774 1822 810 ΠΜ

223 852 362 928 Ῥωμύλου
376 853 542 924 δυναστείας,
556 855 703 931 Ταρκυνίου
712 856 740 913 δὲ
758 855 804 924 τὴν
815 857 900 936 ἀρχὴν
912 882 995 939 παρα·
1020 896 1022 931 γ
1046 852 1185 903 Ῑεθῑίὓθθῑῐῦ
1208 855 1319 919 Wfibflss
1338 857 1438 908 5ῑῦθοΓο
1455 858 1536 922 mist·
1594 863 1626 910 Μ
1647 864 1727 912 ΚΛΜ
1741 877 1821 927 mque

222 941 345 1006 λαθόντας
368 941 400 997 τά
426 940 545 1000 Λατίνων
567 931 638 1007 αθθις
660 942 757 1021 ἤρξατο
779 946 891 1023 φρονεῖν.
952 949 992 1007 Οὐ
1020 938 1022 943 ’
1048 957 1238 1020 oppugnatione,
1257 973 1335 1023 neque
1353 962 1409 1009 ctio
1430 960 1512 1011 labore
1531 962 1562 1012 ad
1585 977 1639 1013 eam
1658 965 1820 1032 recipiendum

222 1027 274 1103 pip
294 1029 381 1100 ἐδέησέ
403 1051 432 1106 t!
450 1028 495 1085 καὶ
514 1029 611 1098 ταύτην
627 1031 765 1109 immittit
781 1054 808 1090 τί
825 1033 994 1112 ’Nimim'
1020 1002 1023 1109 ί
1046 1070 1111 1122 opus
1127 1058 1188 1109 tuit:
1204 1073 1260 1110 curn
1279 1063 1343 1111 cuim
1359 1064 1538 1115 crustumerini
1554 1064 1675 1118 vidissent
1693 1072 1719 1120 et
1731 1084 1819 1121 uume-

222 1120 281 1173 σθαι
295 1114 339 1172 καὶ
352 1113 432 1194 πόνιρ·
448 1115 572 1191 μαθόντες
584 1117 634 1196 γὰρ
648 1120 672 1174 οἱ
683 1121 902 1198 Κρουστομερῖνοι
921 1121 993 1181 τότε

220 1205 317 1273 πλῆθος
336 1207 382 1273 τῆς
403 1203 517 1276 Ιἡκούσης
540 1206 580 1260 ἐπ’
603 1206 695 1270 αὐτοὺς
723 1205 873 1282 δυνάμεως,
891 1208 994 1279 sciris
1020 1211 1021 1227 ¹
1094 1266 1125 1278 ,,
1427 1271 1449 1283 ,,
1520 1273 1525 1284 ,

221 1294 319 1349 ἑαυτῶν
335 1292 486 1363 ἀσθένειαν,
510 1295 630 1369 omnm&
645 1296 731 1361 αὐτοῖς
754 1294 903 1374 {anonym
920 1297 994 1378 παρὰ
1047 1264 1218 1326 θοοιΙΙιῑειετο,
1241 1268 1357 1332 nullaque
1375 1271 1466 1321 sundra
1480 1273 1551 1322 sitris
1568 1274 1661 1324 Latinis
1677 1277 1744 1327 mitti
1763 1278 1819 1330 nni.

220 1381 365 1439 τῶνάλλων
375 1378 494 1438 Λατίνων
508 1380 706 1459 άφικνουμένης,
720 1380 833 1460 ἀνέῳξαν
842 1384 889 1449 τὰς
900 1383 993 1452 πύλας·
1019 1415 1022 1489 γ
1048 1369 1250 1435 mdveffissintr
1272 1375 1356 1435 Portas
1382 1381 1543 1438 θθθῑῦθῐῑῑθῑι
1566 1383 1591 1428 θῑ
1613 1392 1705 1442 ‘iim
1728 1382 1821 1434 ‘fliium

221 1467 991 1548 καλπροελθόντεςοῖπρεσθύτατσιτῶνπολιτῶνκαλτιμιώ-
1046 1477 1148 1527 maximi
1177 1480 1236 1527 natu
1261 1483 1287 1528 θῑ
1317 1479 1498 1533 honoratissimi
1524 1484 1615 1548 quique
1637 1486 1724 1537 urbem
1747 1489 1819 1539 dedi·

219 1577 294 1613 τατνν
315 1556 486 1632 παρῑδῖδῠῦαν
502 1557 572 1635 νῦῑῷ
590 1556 639 1625 τὴν
658 1557 749 1628 πθλῑθι
770 1556 897 1624 ἆξῑθῧθῐῑν
912 1548 994 1617 ἕπῑῑῑτ
1046 1579 1148 1640 derunt,
1172 1579 1314 1644 suppliciter
1331 1584 1429 1631 orantes
1450 1586 1479 1632 ut
1496 1598 1523 1634 se
1541 1586 1673 1638 clementer
1692 1602 1721 1639 cc
1737 1591 1821 1642 mode·

170 1658 194 1696 ¹⁶
220 1642 355 1723 κῶῖθθίσῑ
374 1641 525 1721 χρήσασθαί
540 1642 585 1700 καὶ
605 1643 727 1722 μετρίως·
768 1644 855 1724 TW
871 1645 931 1703 κατ’
947 1646 993 1704 ὦ·
1047 1688 1099 1735 rate
1116 1687 1239 1735 tractaret.
1272 1685 1332 1749 Regi
1344 1686 1437 1735 veroid
1449 1700 1480 1736 ex
1500 1692 1559 1739 roto
1570 1691 1667 1753 accidit,
1686 1696 1711 1744 et
1729 1696 1819 1749 urbem

1021 584 1022 591 ,
1048 543 1288 595 Crustumerinorum
1305 546 1401 596 urbem.
1419 549 1479 598 Haec
1490 552 1544 599 crat
1557 551 1699 601 Latinorum
1711 551 1818 614 colonis,

1047 644 1091 694 sod
1112 650 1227 706 regnante
1248 647 1351 698 Romulo
1366 650 1390 697 iu
1404 652 1568 700 Rornauorurn
1589 653 1707 704 ditionem
1719 657 1822 706 venerat

1047 1175 1103 1212 ruru
1121 1163 1313 1227 copiarumque
1327 1171 1411 1216 contra
1427 1181 1470 1218 eos
1483 1174 1600 1220 venerunt
1611 1174 1637 1222 et
1647 1172 1757 1235 ipsorum
1772 1175 1819 1225 im·

219 1730 271 1810 χὴν
289 1733 319 1788 τό
340 1730 441 1809 πρᾶγμ’
456 1731 552 1809 ἐφάνη,
577 1730 622 1788 καί
648 1730 782 1810 παρελθὼν
807 1734 842 1798 εἰς
861 1732 890 1790 τὸ
907 1737 994 1812 τεῖχος

220 1817 356 1876 ἀπέκτεινε
387 1815 434 1892 μέν
459 1817 550 1875 οὐδένα
576 1818 823 1897 Κρουστομερίνων,
845 1818 947 1897 ὀλίγους
965 1822 993 1879 θλ

220 1905 289 1962 πάνυ
305 1904 364 1970 τοθς
389 1903 486 1971 αἰτίους
513 1909 560 1975 τῆς
586 1906 754 1972 ἀποστάσεως
783 1907 876 1984 φυγαῖς
903 1907 994 1975 tutior<

220 1990 358 2067 ἐζημίωσε,
384 1998 437 2054 τοῖς
453 1992 476 2048 δ’
495 1992 583 2056 ἄλλοις
599 1991 683 2049 ἅπασι
697 1991 729 2048 τά
744 1991 855 2070 σφέτερα
875 1993 991 2072 συνεχώ-

166 2098 193 2136 au
221 2100 298 2158 ρησεν
318 2077 451 2156 ἔχεινκαὶ
476 2080 523 2147 τῆς
548 2075 691 2152 Ῥωμαίων
717 2078 849 2142 πολιτείας
871 2078 991 2159 μετέχειν

218 2168 254 2231 ὡς
273 2164 406 2242 πρότερον·
424 2168 469 2222 τοῦ
492 2165 520 2224 δέ
545 2164 626 2240 μηδὲν
654 2163 693 2222 έτι
710 2167 889 2241 παρακινῆσαι
913 2167 991 2245 χάριν

219 2251 337 2318 ἐποίκους
360 2253 447 2319 αὐτοῖς
471 2252 595 2310 κατέλιπε
609 2250 768 2328 Ῥωμαίους.

260 2342 292 2402 L.
321 2337 364 2398 Τὰ
386 2339 409 2397 δ’
422 2339 489 2397 αὗτά
503 2340 549 2397 καί
564 2340 748 2414 Νωμεντανοῖς
763 2342 922 2410 διανοηθεῖσι
937 2345 989 2400 τῶν

219 2431 303 2486 αὐτῶν
314 2431 402 2508 τυχεῖν
418 2428 556 2503 ἐξεγένετο.
571 2427 625 2486 Καί
634 2429 684 2504 γάρ
695 2417 765 2485 οὗτοι
776 2427 907 2505 λῃστήρια
919 2429 992 2505 πέμ-

217 2537 308 2581 ποντες
324 2515 367 2572 ἐπί
381 2514 440 2581 τοὺς
452 2514 595 2590 Ῥωμαίων
610 2515 703 2592 άγροθς
725 2513 845 2590 πολέμιοι
861 2515 990 2587 κατέστη-

219 2626 266 2660 σαν
279 2604 365 2669 αὐτοῖς
378 2605 407 2660 ἐκ
414 2609 458 2660 τοῦ
471 2609 626 2682 προφανοῦς,
637 2605 693 2666 ταῖς
705 2603 824 2661 Λατίνων
836 2604 987 2671 πεποιθότες

217 2690 390 2769 συμμαχίαις·
404 2690 610 2771 στρατεύσαντος
624 2688 645 2747 δ’
658 2691 699 2748 ἐπ’
716 2686 809 2756 αὐτούς
822 2691 989 2768 Ταρκυνίου,

216 2780 261 2837 καί
273 2783 319 2850 τῆς
331 2777 451 2839 Λατίνων
466 2776 615 2856 ἐπικουρίας
632 2777 824 2853 ὑστεριζούσης,
835 2781 884 2856 οὐχ
899 2768 948 2836 οἶοί
965 2782 990 2837 τ’

216 2866 287 2934 ὄντες
295 2868 368 2926 αὐτοὶ
380 2867 443 2946 πρὸς
451 2865 580 2936 τοσαύτην
594 2865 705 2941 δύναμιν
716 2864 845 2945 άντέχειν,
856 2864 990 2946 ἱκετηρίας

157 2996 163 3008 ·
217 2954 391 3022 άναλαόόντες
417 2954 521 3026 ἐξῆλθον
536 2955 566 3011 ἐκ
579 2957 626 3025 τῆς
650 2952 752 3019 πολεως
775 2952 821 3009 καί
840 2953 989 3032 παρέδοσαν

216 3043 334 3110 ίαυτούς.
377 3045 411 3101 Οἱ
437 3041 464 3101 δὲ
486 3041 532 3111 τὴν
554 3039 716 3112 καλουμένην
735 3038 884 3098 Κολλατίαν
901 3063 989 3097 κατοι·

216 3136 319 3196 κοῧντες
340 3130 514 3206 ἐπειράθησαν
530 3127 577 3205 μίν
600 3129 681 3185 ἐλθεῖν
703 3126 745 3184 διὰ
760 3126 849 3205 μάχης
862 3126 926 3205 πρθς
944 3125 990 3194 τὰς

215 3216 357 3295 Ῥωμαίων
371 3216 491 3292 δυνάμεις
513 3216 557 3272 καὶ
577 3216 705 3293 προῆλθον
721 3211 769 3280 ἐξω
781 3216 827 3283 τῆς
839 3212 948 3278 πόλεως’
963 3216 988 3272 έν

216 3306 333 3370 άπάσαις
344 3305 371 3363 δέ
386 3312 442 3370 ταῖς
454 3304 617 3379 συμπλοκαῖς
635 3300 818 3375 ἐλαττούμενοι
829 3301 874 3357 καὶ
888 3301 989 3378 πληγάς

157 3443 163 3454 .
216 3394 317 3458 πολλάς
331 3391 508 3466 λαμόάνοντες
519 3389 724 3468 ἠναγκάσθησαν
738 3386 819 3445 πάλιν
836 3389 871 3452 είς
885 3389 914 3445 τὸ
931 3397 989 3445 rei·

215 3505 262 3561 χος
283 3483 458 3559 καταφυγεῖν,
482 3479 526 3536 καί
541 3477 714 3552 διεπέμποντο
728 3475 792 3555 πρὸς
805 3475 852 3540 τάς
868 3477 987 3535 Λατίνων

216 3571 303 3633 πόλεις
316 3567 463 3642 αἰτούμενοι
477 3565 643 3644 συμμαχίαν.
686 3566 736 3630 Ὠς
752 3563 779 3622 δὲ
796 3563 941 3642 βραδύτερα
955 3566 988 3622 τὰ

215 3656 277 3735 παρ’
294 3658 397 3713 ἐκείνων
411 3647 462 3727 ἦν,
480 3654 604 3712 καὶκατὰ
618 3652 704 3712 πολλά
722 3652 789 3729 μέρη
812 3657 858 3710 τοῦ
880 3651 986 3733 τείχους

215 3746 239 3800 οἱ
254 3741 374 3818 πολέμιοι
385 3742 432 3809 τδις
445 3740 592 3819 προσίολθις
603 3742 752 3811 ἐποιοῦντο,
765 3739 927 3817 παραδοῦναι
939 3738 987 3808 τὴν

214 3831 290 3888 πόλιν
304 3830 507 3908 ἠναγκάσθησαν
523 3827 571 3887 σθν
581 3829 678 3907 χρόνῳ.
691 3829 732 3886 Oi»
746 3825 835 3901 μέντοι
847 3831 893 3896 τῆς
907 3827 987 3898 αὐτῆς

216 3919 382 3996 μετριότητος
402 3919 492 3997 ἔτυχον
511 3906 543 3987 ἧς
562 3911 731 3989 Νωμεντανοί
745 3934 774 3969 τε
793 3911 838 3968 καί
856 3914 986 3989 Κρουστο-

215 4009 326 4084 μερῖνοι,
343 4005 401 4062 ἀλλ’
412 4004 480 4063 θπλα
492 4008 514 4061 θ’
529 4006 543 4060 θ
559 4001 680 4081 βασιλεὺς
692 3998 812 4080 ἀφειλετο
822 3997 866 4054 καλ
876 4001 911 4064 είς
924 3998 988 4080 χρή-

215 4095 278 4165 ματ’
287 4092 415 4167 ἐζημίωσε
430 4092 474 4149 καὶ
486 4088 598 4170 φρουράν
611 4089 750 4148 κατέλιπεν
763 4087 790 4142 έν
803 4088 836 4162 τῇ
849 4083 924 4143 πόλει
939 4086 986 4156 τὴν

214 4177 324 4249 ἱκανὴν,
351 4181 441 4256 άρχειν
455 4181 477 4235 τ’
494 4180 578 4235 αὐτῶν
598 4176 671 4244 ἔταξε
687 4174 733 4245 τλν
751 4171 924 4231 ἀνυπεύθυνον
939 4175 986 4251 αἰρ·

174 4283 188 4318 u
215 4266 265 4344 χὴν
281 4267 323 4322 διά
352 4267 408 4343 βίον
423 4265 569 4342 Ταρκύνιον
583 4259 710 4341 Ἄρροντα
731 4261 772 4318 τὀν
793 4257 857 4317 ἴδιον
881 4259 985 4338 ἀδελφι·

215 4355 282 4424 δοῦν,
290 4352 316 4418 ὃς
329 4353 395 4427 μετὰ
407 4353 454 4422 τὴν
466 4352 586 4424 τελευτὴν
593 4356 637 4409 τοῦ
646 4374 674 4408 τε
685 4347 782 4426 πατρὸς
792 4343 929 4425 Ἄρροντος
941 4348 985 4405 καί

214 4448 259 4500 τοῦ
274 4442 384 4500 πάππου
398 4440 558 4518 Δημαράτου
574 4439 708 4517 γενόμενος
718 4436 776 4494 οὔτε
789 4438 841 4492 τῶν
855 4435 985 4513 πατρῴων

215 4527 273 4586 οὔτε
290 4531 341 4585 τῶν
366 4532 412 4584 τοῦ
433 4529 545 4585 πάππου
563 4527 708 4606 χρημάτων
729 4525 777 4595 τὴν
802 4522 984 4602 προσήκουσαν

215 4613 408 4692 ἐκληρονόμησε
432 4624 540 4691 μοῖραν,
561 4616 607 4671 καὶ
636 4614 678 4672 διά
703 4614 800 4683 ταύτην
825 4609 872 4678 τὴν
900 4609 983 4667 αἰτίαν

214 4701 334 4781 Ἠγέριος
348 4704 530 4775 ἐπωνομάσθη·
543 4700 602 4768 τοὺς
614 4701 664 4781 γάρ
678 4700 790 4778 ἀπόρους
806 4697 850 4755 καί
865 4695 985 4775 πτωχούς

214 4790 293 4855 οὕτως
308 4791 494 4862 ἐπονομάζουσι
511 4785 655 4863 Ῥωμαῖοι.
698 4786 745 4853 Ἐξ
759 4777 788 4843 ού
803 4784 831 4843 δὲ
846 4783 983 4861 παρέλαόε

213 4877 260 4946 τὴν
277 4878 376 4948 ἐκείνης
390 4879 436 4946 τῆς
450 4873 550 4939 πολιτνος
565 4876 714 4948 ἐπιμέλειαν
735 4871 810 4935 αὐτός
827 4893 855 4927 τε
882 4871 984 4929 Κολλα·

214 4972 279 5029 τῖνος
296 4966 425 5035 ἐπεκλήθη
447 4962 492 5022 καὶ
508 4961 603 5026 πάντες
618 4962 641 5016 οί
662 4963 708 5019 ἀπ’
724 4959 822 5017 ἐκείνου
838 4959 982 5032 γενόμενοι.

214 5049 290 5105 Meris
305 5052 331 5109 δὲ
355 5053 401 5122 τὴν
419 5048 568 5113 Κολλατίας
590 5048 733 5125 παράδοσιν
756 5048 798 5103 ἐπὶ
823 5045 866 5103 τὸν
889 5046 984 5102 καλού-

1045 1788 1170 1856 ingressus
1181 1793 1274 1844 nullum
1288 1793 1530 1845 crustumerino'rum
1547 1796 1686 1860 interfecit,
1704 1801 1748 1851 sed
1760 1816 1820 1865 pau-

1046 1913 1089 1949 cos
1105 1898 1224 1962 quosdam
1237 1897 1380 1948 deiectionis
1396 1903 1510 1951 auctores
1520 1901 1606 1953 exsilio
1623 1908 1741 1968 μετρείτω
1753 1906 1816 1956 mut-

1045 2001 1107 2052 tarit
1128 2020 1134 2050 ι
1157 2003 1244 2052 ceteris
1260 2002 1442 2053 reroomnibus
1462 2017 1502 2054 res
1522 2019 1579 2055 suus
1599 2008 1680 2057 etius
1701 2011 1819 2063 Romane

1045 2107 1151 2158 ciritutis
1163 2110 1255 2158 utente
1267 2106 1358 2158 habere
1371 2109 1490 2172 permisit.
1519 2111 1615 2175 Nequid
1627 2118 1710 2163 autem
1721 2115 1746 2164 iu
1758 2131 1819 2180 pos-

1045 2216 1125 2263 terum
1137 2212 1273 2270 turimrent,
1291 2214 1412 2262 Romanos
1432 2214 1530 2264 colonos
1550 2213 1583 2263 ibi
1604 2215 1710 2278 reliquit.

1076 2347 1103 2394 L.
1121 2345 1266 2396 Norueutsui
1280 2357 1394 2408 quoque,
1410 2345 1453 2408 qiri
1468 2343 1553 2395 cedern
1571 2351 1685 2411 celerent
1701 2352 1815 2413 consiiia,

1044 2445 1446 2510 cundemiortunnrnsuntexperti.
1458 2447 1561 2498 Hienim
1567 2449 1649 2500 missis
1658 2451 1818 2514 predonibus

1044 2550 1068 2600 in
1082 2554 1246 2601 Romanorum
1258 2568 1351 2617 apum,
1367 2556 1451 2616 aperte
1462 2567 1488 2604 se
1500 2553 1585 2605 nostes
1601 2568 1657 2606 esse
1666 2563 1818 2610 monstrara-

1045 2661 1111 2712 runt.
1124 2659 1268 2707 Latinorum
1280 2657 1397 2707 societate
1412 2657 1475 2706 ireti.
1491 2659 1556 2708 cum
1571 2661 1655 2709 autem
1669 2662 1817 2726 Tarquinius

1044 2755 1222 2820 expeditionem
1242 2756 1360 2805 adversus
1383 2769 1425 2804 eos
1448 2757 1610 2819 suscepisset,
1632 2762 1658 2809 et
1673 2761 1816 2811 Latinorum

1044 2856 1135 2906 auxilia
1144 2857 1222 2906 scrius
1232 2855 1362 2912 venissent.
1372 2868 1417 2905 nec
1426 2854 1471 2919 ipsi
1480 2857 1526 2905 soii
1543 2863 1640 2920 possent
1650 2859 1725 2910 tsntia
1737 2861 1815 2924 copiis

1043 2965 1172 3025 resistere,
1194 2961 1381 3025 supplicantium
1400 2962 1449 3011 ritu
1471 2963 1562 3025 egressi
1583 2966 1640 3014 snut
1654 2977 1686 3014 ex
1710 2966 1772 3016 urire
1791 2973 1817 3018 ct

1043 3083 1070 3120 se
1079 3070 1100 3119 ei
1108 3067 1262 3118 deulidemut.
1273 3068 1321 3125 Qui
1332 3081 1390 3116 roro
1399 3067 1527 3118 codctiarn
1534 3068 1681 3133 incolebant,
1692 3072 1747 3122 ausi
1758 3080 1816 3124 sunt

1042 3175 1076 3226 iili
1086 3174 1186 3237 quidem
1199 3187 1256 3223 curn
1275 3175 1439 3223 Romanorum
1454 3175 1530 3238 copiis
1542 3176 1675 3239 duuicare,
1691 3182 1772 3243 atque
1785 3197 1813 3233 ex

1042 3277 1104 3328 urbe
1111 3277 1294 3341 processerunt:
1304 3274 1347 3324 scd
1358 3289 1414 3325 cnm
1423 3290 1455 3327 ex
1464 3276 1817 3342 omnibusproeiiisinten'ores

1041 3381 1209 3440 discederent,
1227 3383 1253 3430 et
1274 3380 1352 3429 muita
1364 3379 1465 3430 uulnera
1484 3382 1634 3443 acciperent,
1657 3385 1736 3435 coacti
1759 3391 1816 3437 sunt

1042 3493 1128 3530 rursus
1139 3478 1202 3527 intra
1214 3476 1303 3528 moeuia
1317 3476 1428 3540 reingere
1438 3496 1445 3538 ;
1457 3481 1483 3527 et
1499 3478 1531 3527 ad
1542 3480 1683 3529 Latinorum
1698 3482 1813 3534 civitates

1042 3581 1133 3646 legatos
1158 3581 1286 3640 miserunt,
1307 3582 1349 3645 qui
1370 3582 1460 3632 nuriiia
1484 3585 1605 3645 peterent.
1637 3583 1686 3634 scd
1706 3599 1763 3636 uun
1780 3587 1814 3637 itti

1041 3693 1223 3749 cunctarentur,
1245 3691 1271 3738 et
1286 3688 1371 3739 docies
1398 3691 1490 3739 multas
1512 3702 1640 3739 murorum
1665 3695 1748 3753 partes
1772 3705 1815 3754 op·

1042 3804 1186 3861 pugnarent,
1208 3800 1306 3851 tandem
1329 3796 1415 3847 urbem
1435 3794 1525 3844 dedere
1546 3794 1626 3843 coacti
1641 3797 1708 3844 sunt.
1761 3798 1813 3847 Nou

1042 3915 1100 3951 vero
1114 3916 1184 3964 mque
1195 3904 1327 3954 clementer
1339 3905 1413 3965 atque
1433 3899 1576 3950 Nomentani
1593 3903 1619 3948 ct
1631 3898 1811 3950 Crustumeriui

1041 4007 1140 4056 tractati
1162 4011 1219 4056 snut
1241 4006 1305 4057 :sed
1325 4020 1368 4055 rex
1388 4004 1424 4055 eis
1442 4017 1511 4053 arins
1530 4001 1636 4063 ademit,
1662 4016 1753 4066 eosque
1765 4017 1811 4068 pe·

1041 4109 1113 4160 cunia
1137 4109 1264 4172 multavit,
1285 4112 1310 4158 et
1331 4110 1389 4159 sctis
1411 4110 1480 4159 irrruo
1505 4107 1619 4171 presidio
1641 4107 1665 4156 iu
1686 4109 1748 4158 urbe
1768 4123 1810 4161 re·

1039 4218 1098 4268 licto
1109 4220 1228 4266 druntern
1241 4214 1399 4278 Tarquinium
1415 4215 1530 4276 nepotem
1548 4225 1576 4261 er
1592 4212 1667 4262 tratre
1684 4212 1732 4263 iilis
1747 4228 1810 4277 prrs-

1040 4323 1098 4373 iecit
1116 4323 1186 4384 eique
1206 4320 1273 4369 dedit
1294 4319 1422 4382 imperium
1438 4316 1511 4367 nuliis
1528 4316 1663 4367 rationibus
1680 4317 1811 4369 reddendis

1039 4426 1185 4481 obuorIuru,
1208 4424 1273 4487 quod
1292 4426 1388 4486 gereret
1406 4421 1523 4484 querudiu
1547 4422 1642 4470 vireret
1662 4439 1668 4468 :
1691 4422 1734 4484 qui
1758 4429 1813 4487 post

1039 4530 1114 4593 patris
1127 4529 1225 4578 truntis
1239 4531 1263 4577 ct
1276 4528 1314 4576 avi
1330 4525 1455 4575 Demarati
1467 4528 1571 4575 mortem
1583 4527 1656 4574 nutus
1669 4539 1748 4588 neque
1765 4541 1811 4591 pa·
1861 4574 1864 4584 ,

1037 4633 1163 4680 ternorum
1183 4641 1263 4690 neque
1279 4627 1401 4675 oritorum
1416 4630 1537 4674 nouorum
1559 4624 1730 4676 hereditariam
1753 4640 1811 4690 por.

1039 4740 1130 4789 tionem
1139 4737 1183 4786 sibi
1192 4737 1299 4786 debiturn
1310 4740 1446 4799 acceperat,
1458 4742 1483 4786 et
1498 4739 1626 4799 propterca
1639 4737 1740 4800 Egerius
1752 4752 1809 4803 cog·

1038 4844 1177 4893 nominatus
1190 4847 1229 4892 est
1245 4847 1377 4905 (pauperes
1392 4839 1456 4890 enim
1473 4844 1500 4890 et
1519 4839 1644 4889 mendicos
1655 4841 1758 4889 Romani
1775 4842 1810 4891 itu

1038 4948 1158 5013 appeliant
1167 4949 1185 5009 ),
1198 4960 1229 4996 ex
1242 4960 1291 5009 quo
1301 4950 1385 4995 nutem
1399 4944 1464 4995 illius
1478 4943 1545 4993 urbis
1556 4957 1640 4993 curam
1652 4941 1769 5004 suscepit,
1783 4949 1809 4994 ct

1038 5051 1089 5114 ipse
1101 5050 1233 5100 Collatinus
1249 5054 1287 5099 cst
1298 5052 1415 5109 vocatus,
1434 5053 1459 5097 et
1477 5061 1562 5098 omues
1571 5047 1625 5098 eius
1638 5042 1737 5108 posteri.
1751 5047 1810 5097 Post
