3772 5828
626 348 920 425 ANTlQUITATUM
940 348 1088 412 botran.
1113 351 1188 413 bib.
1212 351 1263 413 vl.

1684 366 1744 428 375

130 488 236 560 ἐποίησε
252 488 406 563 νομισθῆναι
422 485 469 554 τήν
485 479 623 564 ἐπίφθονον
646 480 744 561 ἀρχήν.
775 481 906 541 Ἔπιόαλ·
955 491 1060 559 jestntis
1076 492 1146 557 plena
1167 494 1359 546 existimaretur.
1395 499 1531 560 aggressus
1549 505 1632 551 aulem
1646 503 1677 555 de
1693 482 1754 560 iure·

129 578 235 657 λόμινος
253 574 280 636 ii
293 573 389 655 [τοὺς]
402 572 463 653 περὶ
477 577 523 632 τοῦ
539 571 641 632 δικαίου
654 577 788 631 ποιεῖσθαι
802 572 906 650 λόγους,

130 667 175 726 καί
187 665 221 726 τά
242 662 291 744 μίν
314 671 367 729 τοῖς
387 664 557 728 δανειστικοῖς
573 660 707 737 ἀγκαλῶν,
725 664 761 727 ὡς
780 659 843 735 ὠμά
860 661 906 719 καλ

130 754 293 835 ἀπάνθρωπα
318 748 574 829 διαπεπραγμίνοις,
598 748 632 805 τὰ
655 747 682 805 ll
706 751 759 806 τῶν
786 748 907 819 πενήτων

91 864 106 902 o
129 843 343 920 καθαπτόμενος,
367 842 403 907 ὡς
420 841 449 898 οὗ
467 837 574 905 δικαίως
586 835 726 904 ἀξιούντων
742 839 787 916 βία
804 838 907 913 μᾶλλον

130 936 255 1012 ἀφεῖσθαι
276 934 327 989 τῶν
341 926 528 1010 ὀφειλημάτων
552 927 570 998 6
594 926 704 1005 Ιγρίριτι,
729 928 776 984 καὶ
801 930 836 993 ὡς
859 925 907 996 τὴν

134 1021 231 1102 βουλὴν
246 1022 292 1079 ούκ
306 1021 386 1098 ὀρθῶς
407 1020 440 1077 δι’
456 1019 535 1096 ἀργῆς
551 1016 664 1096 ἀγόντων
683 1014 727 1073 ε’πλ
742 1019 781 1095 τῷ
798 1014 909 1127 μηθενὸς

133 1115 185 1170 τῶν
197 1107 307 1190 μετρίων
318 1109 382 1186 παρ’
393 1103 630 1218 ριἰτῆςτυγγάνειν,
643 1104 767 1179 μᾶλλον
754 1127 770 1175 η
780 1104 839 1183 οὐγὶ
851 1103 909 1170 τοὺς

133 1197 236 1263 αἰτίους
250 1193 444 1298 πειρώμενόςτ
444 1192 627 1274 ’ἀποφαίνειν
649 1190 766 1272 βραχὺ
761 1191 808 1251 υίν
824 1190 910 1271 ύπσίρ

82 1313 107 1352 to
132 1308 179 1366 χον
194 1309 239 1344 του
225 1283 375 1396 δήμορ
351 1307 381 1342 το
407 1269 444 1361 μὴ
465 1280 534 1342 κατά
549 1280 657 1359 γνώμην
677 1280 711 1337 αδ
714 1285 800 1356 ικοῦν,
816 1279 868 1338 ὕπὸ
883 1278 909 1338 66

135 1373 233 1452 μήκους
250 1372 361 1451 ἀπορίας
378 1369 579 1449 ἠναγκασμένον
596 1369 725 1427 αἰτεῖσθαι
740 1366 788 1438 τήν
805 1364 909 1447 ἄφεσιν,

132 1461 203 1536 τοδί
216 1465 307 1520 πλεῖον
323 1461 453 1520 ἀκολασία
469 1460 515 1519 καί
531 1457 606 1539 tipus
626 1481 671 1516 και
688 1480 727 1537 τιρ
707 1454 800 1516 καθ’
818 1454 911 1527 ήδονάς

133 1557 179 1624 ζῆν
195 1551 310 1633 ἐφεικὸς,
326 1551 371 1609 καί
386 1549 420 1608 δι’
436 1550 558 1631 ἁρπαγης
574 1549 651 1607 tc*
616 1570 668 1606 των
684 1514 828 1623 ἀλλοτρίων
844 1547 910 1617 ὑπη-

135 1643 215 1720 ρετεῖν
232 1648 290 1705 ταῖς
309 1639 459 1715 ἐπιθυμίαις
481 1635 748 1718 παρεσκευασμένον,
765 1633 911 1715 διακρίνεσ-

83 1760 108 1799 ts
135 1732 178 1790 θαί
196 1753 224 1787 τε
242 1728 359 1803 οἰόμενος
372 1730 425 1787 δεῖν
436 1727 488 1787 ἀπὸ
501 1733 554 1787 τῶν
567 1728 685 1785 ἐλεεινῶν
701 1723 735 1782 τά
746 1722 850 1805 πονηρά
866 1722 912 1783 καί

134 1819 188 1877 ἀπὸ
203 1821 255 1874 τῶν
267 1818 460 1897 φιλανθρωπίας
479 1815 608 1890 δεομίνων
623 1816 657 1875 τά
671 1813 763 1893 μίσους
776 1813 850 1886 ἀξια,
866 1812 912 1872 καὶ

135 1905 267 1971 τοιούτους
284 1904 354 1972 τινάς
379 1906 472 1971 σίλλους
496 1904 671 1982 διατιθέμενος
694 1904 786 1980 λόγους
807 1903 913 1974 ἀληθεῖς

137 1993 203 2068 μίν,
217 1993 268 2072 οὐχ
282 1993 364 2050 ἅπασι
379 1992 406 2050 δὲ
420 1995 473 2058 τοῖς
486 1991 610 2053 ἀκούουσι
629 1990 853 2072 κεχαρισμένους,
865 1991 914 2049 οὐκ

137 2082 249 2152 ἔπειθεν,
266 2081 334 2138 ἀλλά
352 2085 426 2160 θροῦς
440 2073 472 2154 66
488 2083 528 2162 ἀφ’
548 2081 653 2162 ἑκάστῳ
673 2080 771 2154 πολὺς,
791 2080 837 2139 καλ
860 2082 912 2137 τῶν

83 2195 110 2240 20
141 2170 188 2239 μὲν
201 2170 392 2249 ἀγανακτήσεις
408 2175 443 2239 ὡς
459 2170 659 2250 ἐξαιμάττοντος
676 2171 723 2239 si,
737 2171 839 2241 λύπας,
859 2173 912 2228 τῶν

139 2261 161 2317 δ’
179 2258 376 2338 ἐξομολογήσεις
387 2263 421 2326 ὡς
436 2260 509 2319 οὐδὲν
522 2262 575 2318 τῶν
588 2261 692 2332 ἀληθῶν
707 2258 915 2339 ἀποκρυπτομέ-

137 2371 192 2411 νου,
236 2347 369 2409 Ἔλαττον
389 2350 417 2407 δὲ
439 2351 530 2428 πολλῷ
551 2352 627 2407 τοῦτο
640 2338 672 2419 ήν
688 2347 797 2427 θατέρου
812 2346 842 2406 τό
866 2345 914 2423 με’-

140 2461 199 2516 ρος,
212 2436 274 2497 ὥστ’
287 2438 443 2515 ἠφανίζοντο
467 2441 506 2517 τῷ
526 2438 636 2517 πολλῷ,
658 2436 703 2495 καὶ
723 2439 816 2515 περιῆν
838 2439 856 2507 6
870 2441 915 2494 τοῦ

139 2531 347 2602 ἀγανακτοῦντος
360 2528 418 2606 βοή.

82 2639 110 2679 σε
180 2615 322 2674 Lxxxll.
347 2614 445 2691 Ὀλίγα
463 2613 490 2673 δά
507 2613 610 2681 τούτοις
636 2613 674 2672 ἔτι
693 2613 849 2691 προσθέντος
869 2615 916 2671 τοῦ

140 2705 277 2779 Λαρκίου,
315 2701 360 2760 καί
389 2705 435 2772 τῆς
470 2703 656 2770 ἐπανατάσεως
681 2702 766 2759 αὐτῶν
791 2698 836 2759 καί
870 2703 917 2771 τῆς

140 2792 300 2869 προπετείας
324 2795 375 2849 τῶν
392 2790 581 2870 βουλευμάτων
603 2789 811 2870 καθαψαμίνου,
829 2811 915 2868 παρα·

138 2878 228 2938 latin
244 2879 378 2957 τὸνλόγον
406 2884 476 2938 teat
501 2878 585 2953 δήμου
610 2876 780 2959 προεστηκὼς
795 2878 854 2937 τότε
869 2879 916 2937 Σι-

138 2970 250 3045 κίννιος,
265 2967 304 3027 ἔτι
326 2969 426 3045 μᾶλλον
454 2967 580 3078 ἐτράχυνε
592 2966 639 3034 τάς
654 2969 668 3024 6
671 2966 733 3045 ργάς
755 2969 856 3039 αὐτῶν,
871 2965 917 3024 λί·

83 3088 110 3124 ι,
139 3079 227 3135 606·-
215 3058 287 3124 «Ὡς
300 3063 331 3118 ἐκ
354 3056 452 3117 τούτων
479 3056 511 3115 ἀν
526 3056 645 3116 δύναιντο
666 3058 839 3133 μάλιστα”
803 3079 856 3114 των
869 3054 917 3115 λό-

139 3173 218 3227 «γιον
244 3148 424 3224 καταμαθεῖν,
446 3136 500 3205 οιαι
523 3145 601 3222 τιμαὶ
623 3146 669 3205 καί
696 3146 748 3225 χάρ
735 3167 801 3224 ριτες
826 3143 917 3210 αὐτοὺς

139 3237 246 3296 atreb-
240 3207 334 3304 ’ξοντάι
359 3191 534 3302 κατίλθόντας
560 3237 596 3301 είς
623 3233 671 3306 τήν
695 3256 765 3312 πατρ
767 3234 820 3293 ίδα.
868 3224 918 3296 Οἷς

141 3439 153 3462 ι
167 3411 240 3490 παρά
266 3433 311 3470 του
328 3390 413 3489 δήμου
438 3410 559 3490 βοηθείας
583 3433 628 3469 και
645 3411 687 3468 ἐπλ
711 3414 788 3468 τοῦτο
808 3368 916 3479 ἥκουσίν

142 3501 281 3560 arist*
253 3525 297 3559 νυν
324 3502 465 3582 ἐπέρχεται
496 3500 618 3580 μετρίους
640 3523 686 3558 και
720 3500 917 3578 φιλανθριοπους

143 3616 155 3640 ι
171 3594 303 3647 ποιεῖσθαι
318 3588 421 3667 λόγους,
444 3589 501 3649 τίνα
515 3589 569 3669 χρὴ
594 3589 679 3647 δοκεῖν
698 3589 917 3665 παραστήσεσθαι

143 3704 155 3726 ι
172 3677 298 3750 διάνοιαν,
311 3680 373 3735 ὅταν
385 3680 471 3745 αὐτοῖς
483 3678 545 3737 κατ’
557 3677 651 3738 ἐλπίδα
666 3674 777 3756 χωρήσῃ
792 3673 826 3732 τά
838 3676 919 3754 πράγ·

145 3793 157 3813 ·
172 3788 259 3840 ματα,
284 3766 329 3824 καλ
343 3765 449 3844 γίνηται
466 3765 499 3826 τά
515 3772 559 3826 νῦν
582 3766 738 3847 δόριζόμενα
760 3775 814 3831 τοῖς
833 3762 919 3842 λόγοις

141 3852 308 3934 «ὑποχείρια
334 3861 386 3920 τοῖς
409 3853 508 3934 ἔργοις
530 3855 606 3921 ποίας
625 3852 805 3934 ὑπερηφανίας
826 3851 919 3919 αὐτοὺς

87 3972 114 4010 to
142 3969 153 3994 ι
170 3942 324 4022 ἀφέξεσθαι,
340 3941 415 4009 ποίας
432 3942 535 4015 αἰκίας,
557 3943 634 4009 ποίας
647 3941 783 4019 ὠμότητος
797 3962 919 4021 τυραννι-

141 4058 153 4082 o
167 4036 229 4104 κῆςς
245 4031 304 4089 ἀλλ’
318 4031 341 4089 εἰ
356 4029 403 4107 μίν
423 4034 484 4108 ὑμῖν
502 4030 608 4111 ἀπόχρη
626 4031 756 4090 δουλεύειν
773 4027 862 4088 πάντα
876 4029 920 4089 τ’σν

141 4124 212 4177 «τοῦ
226 4120 283 4198 βίου
303 4117 397 4198 χρόνον
409 4119 554 4197 δεδεμένοις
566 4120 612 4179 καί
628 4117 856 4200 μαστιγουμένοις,
873 4114 920 4177 καί

141 4237 152 4261 ι
168 4211 245 4288 πυρλ,
261 4207 307 4267 καί
318 4208 429 4290 σιδήρῳ,
442 4210 487 4267 καί
500 4212 583 4289 λιμῷ,
597 4209 643 4268 καλ
658 4208 731 4287 πάση
747 4206 823 4287 λόιόη
836 4209 921 4268 ἀπολ·

140 4298 307 4376 ιλυμένσις,
330 4297 367 4373 μὴ
382 4296 488 4378 τρίόετε
511 4299 554 4356 τὸν
577 4296 687 4377 γρόνον,
704 4296 773 4356 ἀλλά
794 4295 827 4354 τά
849 4295 920 4356 ὅπλα

88 4407 152 4445 to«
140 4388 293 4468 «ῥίψαντές
311 4408 341 4445 τε
357 4386 453 4445 καί
424 4411 463 4445 τω
486 4397 559 4466 γείρε
582 4386 785 4466 περιαγαγόντες
810 4388 920 4445 ἀκολου·

140 4477 280 4533 ιθεῖτε’
250 4476 352 4542 αυτοῖς.
404 4477 440 4537 Εἰ
463 4476 550 4535 cl*
516 4500 563 4549 της
589 4477 661 4535 θλευθ
648 4474 845 4586 θερίαςένεοτιν
859 4478 921 4553 ὑμῖν

141 4589 153 4616 a
167 4589 206 4632 τις
216 4568 265 4624 πόθ
267 4588 307 4638 ος,
318 4590 356 4640 μη
343 4564 530 4645 ἀνίχεσθΗ
500 4567 598 4623 αυτιῖιν·
616 4565 689 4641 ὑμεῖς
701 4589 738 4639 τε,
752 4589 774 4622 ω
755 4552 988 4672 πρίσάεις,«

143 4649 226 4719 «ἢλὲ
228 4672 288 4724 γετε
302 4650 341 4730 ἐφ’
357 4640 393 4717 οἷς
405 4651 511 4709 καλεῖτε
524 4649 626 4727 ἡμᾶς
611 4649 736 4723 οικαίσις,
751 4647 816 4721 6
783 4673 821 4725 μη
836 4649 922 4727 λόγον·

145 4759 213 4801 ιτες
226 4739 300 4794 tre*
268 4762 314 4810 της
326 4736 498 4811 ἐκκλησίας
480 4758 567 4798 απιτε·
583 4759 612 4795 ου
601 4734 701 4816 ’γάρ
688 4761 718 4797 αν
733 4736 772 4796 ἔτι
785 4738 923 4815 μεταδοίη·

90 4857 116 4895 ,0
144 4846 220 4900 «μεν
235 4825 294 4900 ὑμῖν
308 4825 397 4904 λόγου.
419 4852 431 4880 ν

187 4912 352 4975 bxxXlll.
376 4914 427 4983 Ὧς
447 4915 470 4974 δ’
483 4914 632 4987 ἐπαύσατο,
646 4913 742 4979 πάντες
757 4916 781 4973 ol
795 4913 922 4995 παρόντες

961 580 1099 641 disserere,
1112 585 1138 631 et
1155 581 1230 631 modo
1247 584 1411 645 lucratores,
1427 585 1495 648 quod
1514 588 1623 638 crudelia
1639 595 1665 640 et
1676 576 1747 646 inhu'·

962 682 1034 720 mana
1047 669 1153 718 facinora
1169 673 1364 733 perpetrassent,
1388 670 1520 735 incusans3
1538 675 1613 726 modo
1625 691 1745 743 pauperes
1823 718 1826 725 .

960 758 1139 823 perstringens,
1158 759 1226 821 quod
1240 758 1322 822 iniqua
1339 760 1505 823 postularent,
1527 764 1588 814 durn
1604 767 1707 820 mallent
1720 772 1747 822 ri

960 861 1037 914 quam
1056 848 1135 910 gratia
1150 862 1199 897 rere
1223 848 1302 899 alieno
1316 848 1428 912 liberari,
1454 854 1480 902 et
1499 854 1566 917 qnod
1589 856 1656 908 lrand
1678 865 1746 911 recte

961 935 1058 987 senatui
1073 936 1160 986 intensi
1175 941 1257 987 essent
1268 954 1303 999 ,a
1322 952 1373 1001 quo
1392 940 1453 989 nibil
1473 942 1592 993 moilerati
1615 948 1659 996 aut
1677 947 1745 1012 aequi

965 1028 1065 1088 possent
1077 1026 1223 1090 impetrare,
1246 1026 1421 1092 potiusquam
1443 1029 1504 1093 ipsis
1513 1031 1569 1081 eius
1588 1034 1623 1083 rei
1635 1036 1748 1086 auctori·

962 1113 1023 1167 bus:
1038 1114 1063 1163 et
1073 1116 1177 1162 conatus
1198 1112 1368 1165 demonstrare
1388 1118 1503 1181 exiguam
1521 1132 1576 1170 esse
1588 1120 1667 1184 plebis
1688 1136 1748 1187 par·

963 1206 1015 1251 tem
1038 1214 1098 1265 quia
1116 1200 1192 1250 inrita
1203 1206 1329 1264 peccaret,
1348 1206 1374 1253 et
1385 1218 1442 1268 quae
1463 1219 1551 1269 magna
1569 1222 1651 1259 rerum
1667 1210 1750 1275 inopia

965 1290 1052 1340 coacta
1065 1287 1122 1338 aeris
1140 1288 1214 1338 alieni
1235 1290 1401 1342 remissionem
1423 1295 1536 1357 peteret,
1559 1296 1602 1345 sed
1628 1297 1747 1349 maiorem

966 1380 1061 1442 portem
1076 1377 1220 1440 petulantie
1235 1380 1261 1429 et
1276 1378 1413 1432 insolentie
1425 1385 1450 1431 ct
1463 1383 1620 1447 voluptuario
1631 1386 1690 1437 vita
1703 1400 1747 1451 ge-

966 1467 1020 1519 neri
1034 1466 1144 1518 detlitam
1164 1481 1235 1532 esse,
1257 1482 1287 1519 ae
1311 1473 1424 1535 paratam
1442 1472 1475 1522 ad
1492 1472 1676 1526 inserviendum
1694 1476 1749 1526 suis

966 1554 1144 1620 cupiditatibus
1160 1570 1203 1621 per
1224 1558 1322 1621 rapinas
1346 1573 1429 1611 rerum
1446 1561 1596 1623 alienarum,
1613 1563 1750 1615 discemen-

966 1644 1061 1707 dosque
1074 1657 1178 1694 σοοεοοε
1198 1646 1349 1709 improbosa
1363 1649 1529 1711 calamitosis,
1542 1654 1568 1701 et
1585 1650 1642 1700 odio
1663 1650 1751 1715 dignos

968 1733 1000 1783 ab
1015 1730 1081 1789 illis,
1096 1732 1139 1795 qui
1154 1732 1305 1783 humanitate
1324 1735 1466 1799 indigeant,
1485 1743 1511 1789 et
1524 1738 1572 1789 alia
1587 1740 1704 1804 quaedam
1724 1739 1751 1789 in

967 1822 1031 1873 banc
1047 1820 1194 1870 sententiam
1208 1820 1308 1872 locutus
1326 1827 1401 1884 (vera
1420 1824 1461 1875 illa
1473 1826 1574 1888 quidem
1587 1864 1594 1887 ,
1609 1826 1653 1877 sed
1667 1830 1750 1876 tamen

968 1913 1096 1974 anagrate
1111 1907 1226 1958 omnibus
1238 1910 1270 1959 iis
1281 1912 1325 1976 qni
1340 1925 1370 1962 ea
1383 1913 1543 1977 audiebant),
1554 1913 1608 1963 boec
1624 1913 1688 1977 plebi
1700 1924 1753 1978 per·¹

967 2000 1072 2054 suadere
1085 2010 1133 2046 non
1149 1999 1260 2058 poterat,
1270 2000 1313 2049 sed
1324 2000 1409 2063 ingens
1418 2014 1533 2050 murmur
1543 2000 1575 2050 nd
1587 2001 1682 2064 singula
1695 2010 1752 2061 quta

969 2091 1071 2145 dicebat
1083 2089 1224 2149 oriebatur,
1235 2093 1259 2139 et
1281 2091 1323 2140 alii
1336 2091 1532 2154 indignabantur,
1553 2092 1620 2154 quod
1639 2093 1753 2143 suosdo·

969 2181 1035 2233 lores
1048 2177 1183 2236 retricaret,
1191 2176 1231 2226 alii
1243 2179 1523 2242 apertecontitebantur,
1536 2181 1603 2244 quod
1614 2182 1749 2232 veritatem

969 2267 1070 2319 minime
1083 2263 1181 2315 celaret.
1196 2266 1256 2313 llaec
1268 2269 1352 2316 autern
1368 2280 1424 2328 pars
1434 2267 1505 2331 longe
1518 2269 1599 2318 minor
1608 2272 1663 2320 erat
1675 2282 1751 2333 quam

970 2355 1057 2412 altera,
1068 2354 1103 2401 ita
1120 2354 1148 2399 ut
1164 2349 1323 2402 multitudine
1334 2352 1517 2416 obscuraretur,
1536 2358 1561 2405 et
1574 2355 1753 2420 indignantium

972 2457 1029 2508 pars
1039 2440 1147 2490 clamore
1168 2442 1302 2502 superaret.

1004 2623 1119 2673 bllllllll.
1133 2622 1197 2670 (tum
1206 2622 1289 2670 eutem
1303 2621 1401 2671 Lartius
1417 2633 1497 2684 pauca
1511 2619 1656 2683 addidisset,
1672 2623 1697 2670 et
1709 2634 1753 2670 eo·

971 2734 1028 2771 rum
1046 2715 1209 2768 secessionem
1226 2719 1252 2765 et
1271 2715 1429 2764 consiliorum
1450 2715 1614 2765 temeritatem
1634 2714 1753 2779 perstrin-

971 2812 1066 2871 xisset,
1080 2811 1138 2858 tunc
1152 2805 1274 2867 Sicinius,
1296 2804 1376 2869 plebis
1389 2806 1453 2866 dux,
1468 2806 1521 2857 eius
1536 2807 1613 2857 rerba
1630 2806 1755 2871 excipiens

972 2907 1051 2958 mullo
1067 2903 1144 2968 magis
1166 2916 1253 2954 eorum
1276 2903 1370 2953 animos
1382 2902 1546 2967 exasperavit,
1560 2901 1643 2953 dicens
1657 2916 1664 2948 τ
1679 2922 1691 2945 ι
1707 2905 1755 2952 Eos

974 3014 1030 3051 ‹ex
1044 2998 1084 3049 bis
1093 2996 1175 3049 verbis
1193 2997 1317 3061 precipuo
1337 3010 1409 3061 posse
1421 3010 1579 3060 cognoscere,
1594 2998 1694 3060 quinam
1706 2996 1754 3048 ho·

974 3104 1073 3144 «nores
1085 3093 1110 3142 ct
1124 3104 1182 3155 ηοω
1193 3090 1311 3142 beneficia
1329 3095 1447 3143 maneant
1462 3091 1487 3141 in
1509 3091 1612 3156 patriam
1632 3106 1754 3144 reversos.

974 3204 986 3234 ιι
1001 3185 1099 3246 Quibus
1106 3183 1172 3234 euim
1183 3183 1209 3233 in
1225 3197 1329 3234 summo
1340 3184 1450 3249 periculo
1470 3185 1638 3245 versantibus,
1659 3192 1684 3236 ot
1702 3186 1754 3250 ple«.

975 3298 987 3329 ιι
1002 3279 1042 3330 bis
1056 3292 1129 3342 opcm
1141 3276 1344 3341 implorantibus,
1363 3282 1388 3328 et
1400 3276 1433 3327 ob
1450 3278 1476 3328 id
1494 3278 1575 3342 ipsum
1588 3279 1753 3343 venientibus,

975 3390 987 3419 ιι
1001 3385 1032 3422 ne
1045 3385 1113 3422 nunc
1125 3370 1225 3432 quidem
1238 3371 1263 3419 in
1276 3373 1382 3421 mentem
1394 3371 1476 3431 veuit,
1494 3374 1523 3422 nt
1534 3372 1662 3423 moderata
1673 3378 1700 3424 et
1710 3375 1756 3426 lru·

975 3482 987 3511 ιι
1003 3477 1076 3515 ιοοοσ
1091 3466 1193 3513 utantur
1204 3464 1328 3522 oratione,
1346 3477 1420 3526 quem
1437 3464 1546 3515 animum
1565 3465 1757 3519 existimandum

975 3575 987 3597 ι
1000 3560 1038 3605 est
1049 3554 1103 3603 illos
1116 3551 1259 3611 babituros,
1277 3552 1319 3602 ubi
1330 3567 1369 3603 res
1382 3554 1440 3617 ipsis
1456 3569 1488 3606 ex
1501 3558 1560 3606 roto
1576 3560 1753 3623 successerint,

974 3665 986 3695 ιι
1000 3651 1027 3699 et
1036 3659 1173 3711 quosnunc
1189 3647 1371 3697 contumeliosis
1385 3650 1468 3701 verbis
1485 3651 1595 3701 lacerant
1607 3666 1659 3703 suni
1671 3659 1754 3718 potes·

974 3744 1050 3793 atati
1070 3739 1188 3791 obnoxios
1206 3741 1353 3792 habuerint?
1376 3757 1392 3792 a
1411 3757 1461 3807 quo
1475 3745 1597 3808 superbias
1610 3760 1697 3808 genera
1713 3763 1756 3800 eos

975 3853 987 3883 ιι
1004 3836 1204 3899 temperaturos?
1223 3850 1239 3885 a
1264 3849 1315 3898 qna
1330 3837 1503 3889 verberatione
1525 3840 1721 3893 contumeliosa?
1741 3856 1756 3893 a

975 3943 1051 3993 aque
1072 3928 1219 3980 crudelitate
1240 3931 1383 3994 tyrannica?
1407 3932 1456 3984 Sed
1479 3933 1500 3982 si
1522 3935 1593 3985 vobis
1614 3936 1695 4000 placet
1713 3952 1757 4002 per

975 4042 1083 4091 «totum
1099 4039 1158 4091 ritae
1167 4043 1266 4105 tempus
1285 4035 1392 4097 servire,
1405 4033 1440 4082 ita
1455 4035 1485 4081 ut
1497 4031 1552 4082 neri
1566 4034 1592 4082 et
1614 4031 1757 4084 verberibus

976 4133 1072 4193 «cresi,
1093 4137 1119 4184 et
1137 4133 1192 4196 igne
1214 4136 1240 4183 et
1259 4132 1323 4181 terro
1343 4130 1370 4180 et
1386 4127 1450 4177 tame
1466 4128 1492 4175 et
1512 4126 1602 4176 ceteris
1620 4126 1717 4176 iniuriis
1728 4141 1757 4177 ac

975 4240 987 4264 ι
1004 4221 1158 4273 contumeliis
1177 4220 1279 4285 perlatis
1301 4231 1331 4268 ne
1352 4216 1439 4266 teretis
1460 4219 1572 4280 tempus,
1595 4214 1639 4264 sed
1656 4215 1758 4265 abiectis

976 4333 988 4363 ι
1003 4316 1079 4366 armis
1087 4318 1112 4365 et
1122 4314 1235 4365 manibus
1243 4316 1298 4378 post
1304 4314 1400 4376 tergum
1411 4312 1548 4371 revinctis,
1561 4310 1755 4371 nosseqnamini.

976 4404 1076 4462 Quod
1091 4405 1113 4455 si
1126 4418 1177 4467 quo
1190 4403 1310 4453 libertatis
1322 4399 1445 4452 desiderio
1457 4398 1588 4458 tenemini,
1603 4410 1634 4446 ne
1655 4409 1697 4445 eos
1718 4397 1755 4446 le-

977 4490 1073 4542 cratis.
1105 4494 1137 4542 Et
1148 4505 1207 4552 ros
1225 4489 1316 4554 legati,
1332 4492 1377 4539 aut
1388 4487 1463 4538 dicite
1471 4487 1564 4550 quibus
1576 4482 1757 4534 conditionibus

976 4592 1050 4630 «nos
1065 4579 1202 4640 revocetis3
1218 4582 1274 4640 aut,
1295 4577 1317 4629 si
1335 4577 1383 4628 boc
1396 4577 1536 4628 dicerenon
1551 4573 1640 4634 vultis,
1653 4584 1756 4622 excon-

976 4666 1073 4717 ‹rcione
1085 4666 1217 4728 discedite,
1241 4680 1321 4730 neque
1342 4665 1409 4718 enim
1434 4663 1539 4728 amplius
1563 4661 1635 4713 robis
1658 4656 1755 4710 dicendi

976 4767 988 4799 ιι
1005 4754 1154 4816 potestatem
1166 4750 1323 4803 faciemus.»

1005 4929 1139 4981 Lxxxlll.
1159 4928 1221 4979 (ium
1230 4927 1314 4978 autern
1325 4921 1636 4981 abendonensem,
1651 4919 1754 4972 admur-

143 4999 397 5082 ἐπεθσθρόόησανως
416 5007 450 5063 τδι
472 5005 564 5065 δίοντα
586 5003 766 5083 λελογισμένῳ
784 5026 921 5111 ρυγκατα-
973 5019 1104 5067 murarunt
1128 5015 1270 5080 omnesqui
1290 5012 1411 5074 aderant,
1432 5007 1573 5060 ratloulbus
1591 5007 1647 5059 elus
1667 5022 1753 5063 ιεεοιι-

144 5091 285 5171 πιθόμενοι.
319 5089 375 5150 Καὶ
389 5092 456 5168 μετά
470 5097 547 5153 τοῦτο
565 5092 678 5205 ήσρχίας
698 5090 849 5171 γενομένης,
865 5095 921 5153 Me·
973 5105 1071 5156 tientes.
1105 5106 1194 5156 Postea
1212 5106 1277 5155 lacto
1294 5100 1406 5163 silentio,
1423 5094 1556 5151 nautas
1574 5096 1691 5177 suippe,
1708 5094 1756 5163 qul
1861 5160 1864 5165 Ι

144 5180 229 5251 νήνισς
243 5178 405 5260 Ἀγρίππας,
417 5178 500 5264 θοπερ
513 5180 611 5242 καί
572 5205 632 5249 τους
643 5185 715 5240 tv
682 5205 715 5261 τη
732 5181 815 5261 βουλῇ
829 5180 921 5259 λόγους

975 5194 1049 5246 είλετο
1063 5208 1110 5260 pro
1130 5193 1243 5258 plebeia
1260 5194 1351 5245 senatu
1361 5180 1816 5486 Ἢ
