3772 5828
589 328 886 403 narlouffafbtl
906 333 1049 397 HOMAN.
1077 340 1148 400 ΜΒ.
1175 343 1197 401 Ι.
1658 365 1699 427 3θ

94 451 232 529 Δαρδάνου
252 474 281 511 τε
304 454 403 533 πολεως
425 456 471 515 καί
497 454 699 537 Ὀφρυνίοητῶν
726 463 750 520 τ’
778 463 865 521 ἄλλοιν

95 542 151 599 door
165 544 211 611 τῆς
224 541 298 599 κάτω
316 543 416 610 πόλεως
428 546 602 621 ἁλισκομένης
617 548 732 628 ίρθασαν
747 549 867 623 αἴσθησιν

94 635 138 688 τοῦ
157 630 238 688 δεινοῦ
253 625 373 707 7λαόεῖν,
396 633 439 691 ε’ττὶ
461 631 493 690 τίι
513 635 628 716 καρτερά
654 643 700 694 τοῦ
726 640 867 718 Περγάμου

92 718 273 799 συμφυγόντες
291 717 339 788 τήν
360 721 502 798 ἀκρόπολιν
528 722 586 803 ἰδίῳ
608 724 691 803 τείχει
706 731 867 806 ρρουρουμέ·

51 823 65 859 a
91 830 137 875 νην
167 806 430 883 καταλαμόάνονται,
450 810 476 867 έν
504 801 523 888 ᾖ
543 811 587 870 καί
615 812 673 892 ίερδ
694 814 728 871 τά
755 818 867 894 πατρῷα.

89 896 143 961 τοῖς
167 896 273 971 Τρωσίν
297 887 330 967 ἦν
356 898 402 954 καὶ
432 899 578 978 χρημάτων
600 905 613 958 ὑ
640 900 721 968 πολύς
742 905 868 976 πλοῦτος,

90 975 134 1041 οἶα
152 985 218 1050 είκδς
235 987 261 1043 ἰν
275 985 372 1066 ἐχυρῷ,
385 985 430 1044 καί
453 993 497 1045 τοῦ
517 996 709 1066 στρατιωτικοῦ
730 991 760 1049 τὸ
775 992 866 1069 κράτι-

92 1094 171 1129 στον·
189 1074 289 1132 ἐνταῦθ’
303 1074 475 1150 ὑπομένοντες
500 1078 675 1156 ἀπεκρούοντο
691 1078 751 1147 τοὺς
771 1103 867 1158 πειρω-

92 1161 186 1232 μένους
203 1160 347 1221 ε’πιόαίνειν
362 1165 408 1235 τῆς
423 1163 524 1243 ἄκρας,
547 1167 638 1226 καὶτὸ
658 1169 797 1227 διαπῖπτον
817 1169 868 1228 ὑπὸ

37 1275 64 1311 m
92 1253 140 1320 τῆς
162 1250 284 1318 ἁλώσεως
299 1254 397 1321 πλῆθος
417 1255 541 1334 ἐμπειρία
562 1260 700 1314 στενωπῶν
716 1257 866 1324 ὑποθέοντες

91 1336 291 1414 άνελάμόανον·
303 1340 349 1397 καί
357 1339 458 1418 ἐγένετο
469 1346 514 1399 τοῦ
522 1342 731 1420 καταληφθέντος
741 1346 830 1404 πλεῖον
838 1345 868 1404 τὸ

89 1427 241 1505 διαφεῦγον.
282 1428 343 1498 Τὴν
358 1428 405 1504 μέν
416 1428 448 1501 δὴ
460 1430 554 1488 αὐτίκα
567 1431 652 1510 ὁρμὴν
661 1437 712 1491 τῶν
723 1435 866 1511 πολεμίων,

91 1514 124 1585 ἢν
141 1505 215 1595 εἰχον
241 1506 305 1588 θλην
332 1517 529 1596 διαχρήσασθαι
543 1519 591 1592 τὴν
611 1521 698 1594 πολιν,
724 1523 769 1581 καὶ
783 1523 812 1581 τό
829 1524 865 1599 μὴ

87 1612 142 1661 πᾶν
156 1604 182 1671 ἰξ
205 1604 297 1683 ἰρόδου
314 1607 514 1683 καταληφθῆναι
527 1608 557 1665 τὸ
571 1610 649 1683 άστυ,
670 1614 748 1668 τοῦτο
767 1610 797 1667 τό
812 1635 865 1686 μη-

36 1714 62 1753 15
89 1690 188 1769 χάνημ’
209 1689 319 1771 ἐξευρών
341 1693 447 1757 Αἰνείας
466 1692 571 1773 ἐπέσχε.
614 1697 751 1774 Λογισμδν
772 1697 798 1757 δέ
821 1697 864 1758 τὸν

88 1780 180 1838 εἰκότα
196 1781 316 1861 περὶτοῦ
334 1783 472 1857 μέλλοντος
493 1783 653 1857 λαμύάνων,
677 1789 713 1852 ὡς
726 1788 865 1864 ἀμήχανον

89 1865 131 1936 εἴη
157 1875 268 1944 πρᾶγμα
294 1870 378 1927 σῶσαι
402 1867 489 1946 πόλιν,
513 1860 544 1939 ἧς
565 1869 599 1928 τδι
622 1872 705 1930 πλείω
723 1874 774 1944 ἤδη
791 1876 866 1951 ἐκρα-

89 1963 180 2025 τεῖτο,
202 1958 237 2021 εἰς
261 1961 320 2015 νοῦν
347 1957 473 2036 βάλλεται
492 1963 538 2015 τοῦ
566 1958 614 2034 μὲν
642 1961 744 2039 τείχους
765 1963 864 2040 ἐρήμου

90 2049 287 2122 παραχωρῆσαι
311 2053 362 2111 τοῖς
384 2045 536 2121 πολεμίοις,
565 2047 597 2104 τδι
624 2047 651 2105 δέ
675 2048 778 2125 σώματ’
794 2048 862 2107 αὐτά

28 2151 58 2189 ευ
89 2130 134 2187 καὶ
149 2131 183 2187 τδ
200 2131 302 2207 ἰεράτά
326 2137 437 2214 πατρῷα
462 2136 508 2192 καὶ
530 2135 657 2212 χρήματα
678 2139 762 2196 ὁπόσα
776 2139 862 2220 ρέρειν
890 2156 896 2186 ·'

88 2219 191 2279 δύναιτο
203 2221 395 2280 διασώσασθαι.
414 2221 496 2289 Δόξαν
513 2224 534 2279 δ’
550 2225 632 2304 αὑτῷ,
646 2226 741 2292 παῖδας
756 2228 803 2303 μέν
816 2226 861 2283 καί

84 2309 211 2385 γυναῖκας
226 2310 271 2368 καί
294 2309 327 2368 τά
344 2311 444 2388 γηραιὰ
468 2309 582 2378 σώματα
596 2311 641 2370 καί
656 2314 863 2382 inmortalitas<

87 2396 211 2474 βραδείας
231 2399 284 2456 ἔδει
301 2402 385 2476 φυγῆς
397 2396 561 2477 προεξελθεῖν
575 2398 676 2458 κελεύει
698 2405 744 2471 τῆς
763 2401 863 2470 πόλεως

86 2484 159 2542 κατὰ
177 2483 226 2550 τδις
241 2485 285 2541 lat
300 2485 348 2553 τὴν
364 2482 440 2553 Ἰδην
457 2484 584 2561 ρερούσας
597 2486 686 2557 ὁδούς,
704 2486 751 2552 ἕως
763 2487 863 2566 Ἀχαιοί

22 2605 52 2643 25
85 2570 137 2638 τὴν
159 2571 240 2648 ἄκραν
263 2574 330 2628 ἑλεῖν
350 2571 559 2650 προθυμούμενοι
573 2572 684 2642 διώξεως
705 2580 751 2634 τοῦ
775 2575 864 2636 διαπί·

86 2679 198 2724 πτοντος
211 2658 240 2714 ἐκ
251 2662 298 2728 τῆς
310 2659 410 2723 πόλεως
424 2659 537 2729 πλήθους
547 2661 620 2719 οὐδὲν
630 2667 862 2743 προεμηχανῶντο.

84 2744 175 2803 τοῦδέ
190 2751 376 2821 στρατιωτικοῦ
387 2747 416 2805 τό
433 2747 481 2822 μίν
496 2748 538 2807 ἐπὶ
552 2773 584 2830 τη
601 2752 703 2830 φυλακῇ
718 2755 769 2810 τῶν
781 2752 863 2822 έξίον-

82 2857 139 2890 των
155 2833 260 2906 ἔταξεν,
279 2840 314 2903 ὡς
328 2837 448 2916 άσραλής
463 2860 490 2896 τε
510 2837 555 2895 καί
570 2839 752 2920 ἀταλαίπωρος
767 2842 797 2900 έκ
809 2844 862 2902 τῶν

75 2919 198 2980 Ιἐνόντων
222 2926 238 2993 ἡ
259 2924 328 3003 pupi
352 2926 439 2992 αὐτοῖς
464 2925 581 3004 γένηται·
604 2927 692 3008 εἴρητο
716 2928 743 2989 δέ
761 2930 863 3000 τούτοις

20 3041 49 3079 ³0
79 3011 116 3070 τδι
131 3013 320 3093 καρτερώτατα
341 3013 538 3074 καταλαῦέσθαι
553 3019 600 3086 τῆς
620 3015 707 3089 Ὶδης·
721 3020 752 3077 τὸ
767 3019 794 3077 δί
809 3021 862 3078 λοε-

78 3100 141 3173 niv,
156 3100 170 3160 δ
188 3098 220 3170 δὴ
243 3102 383 3178 κράτιστον
403 3095 453 3176 ἦν,
476 3104 553 3172 αὑτὸς
570 3104 639 3184 έχων
660 3108 789 3183 ὑπέμενεν
816 3106 860 3167 ἰπὶ

77 3193 129 3249 τοῦ
154 3189 268 3268 τείχους,
282 3190 328 3249 καὶ
348 3195 462 3271 παρεῖχε
488 3193 541 3260 τοῖς
558 3194 757 3273 προεξελθοῦσιν
781 3189 860 3267 ἧττον

78 3277 232 3352 ἐπιπόνους,
261 3279 441 3357 διηρτημένων
454 3283 616 3363 τειχομαχία
636 3286 689 3342 τῶν
714 3285 858 3360 πολεμίων,

77 3365 129 3431 τδς
157 3366 251 3445 ρυγάς.
294 3366 479 3447 Νεοπτολέμου
506 3368 536 3426 δί
563 3370 609 3427 οὑν
626 3379 680 3438 τοῖς
696 3375 762 3451 ἄμμ’
780 3372 858 3431 αὐτὸν

20 3482 48 3521 ος
78 3452 221 3520 άπιόάντος
242 3453 336 3535 μέρους
349 3455 417 3521 τινδς
444 3461 492 3528 τῆς
515 3457 612 3538 ἄκρας,
626 3463 672 3535 καὶ
692 3459 859 3537 προσόοηθη-

79 3540 187 3599 σάντων
201 3543 287 3608 αὐτοῖς
309 3541 429 3621 Ἀχαιῶν
440 3544 575 3616 ἁπάντων,
591 3549 638 3616 τῆς
652 3546 700 3621 μέν
712 3547 795 3624 ἄκρας
813 3571 859 3625 με·

79 3630 178 3700 θίεται,
207 3629 310 3697 ἀνοίξας
326 3629 353 3687 δὲ
369 3632 415 3709 τὰς
438 3633 524 3698 πύλας
539 3633 619 3712 ἀπῄει
635 3636 858 3713 συντεταγμένους

78 3716 154 3799 έχων
166 3714 226 3784 τοῦς
237 3716 344 3785 λοιποὺς
360 3719 486 3797 φυγάδας,
503 3719 629 3797 ἀγόμενος
646 3721 691 3780 ἰπὶ
713 3730 770 3788 ταῖς
790 3747 857 3803 κρα·

77 3805 184 3872 τίσταις
204 3806 326 3887 συνωρίσι
341 3806 385 3865 τόν
400 3829 429 3864 τε
452 3806 553 3887 πατέρα
567 3808 612 3868 καλ
633 3809 704 3876 θεοὺς
728 3809 788 3878 τοὺς
802 3836 857 3871 πα-

20 3912 48 3950 ιυ
75 3893 299 3972 τρῷουςγυναῑκά
312 3918 340 3954 τε
349 3893 394 3951 καί
404 3893 481 3952 τέκνα
492 3895 535 3952 καί
552 3898 604 3954 τῶν
613 3896 699 3955 σίλλων
709 3898 735 3956 εί
747 3922 771 3956 τι
787 3900 858 3960 πλεί·

74 4005 142 4042 στου
157 3981 229 4050 ἄξιον
247 3974 279 4054 ἦν
294 3987 372 4058 σῶμα
387 3982 517 4062 ἢχρῆμα.

117 4072 231 4133 XLVll.
242 4070 288 4129 Ἐν
299 4073 325 4129 δέ
332 4071 415 4150 τούτῳ
425 4070 493 4130 κατά
505 4070 599 4151 κράτος
608 4074 748 4155 εἰλήφεσαν
756 4075 856 4158 Ἀχαιοὶ

72 4162 125 4233 την
136 4160 233 4231 πολιν,
252 4164 297 4219 καὶ
317 4160 376 4239 περί
391 4160 437 4227 τὰς
450 4160 571 4238 ὑρπαγδς
583 4162 772 4230 ἐσπουδακότες
786 4165 856 4224 κατά

73 4249 179 4320 πολλὴν
192 4249 280 4307 άδειαν
295 4248 423 4317 σώζεσθαι
437 4253 490 4316 τοῖς
502 4249 622 4330 ρεύγουσι
633 4256 767 4331 παρῆκαν.
781 4256 817 4312 ol
832 4255 854 4311 δ’

28 4362 50 4402 c,
74 4338 145 4417 εἰμρλ
161 4336 206 4394 τὸν
216 4335 319 4396 Αἰνείαν
331 4335 370 4396 ἔτι
379 4338 437 4395 καθ’
450 4338 506 4396 ὑδδν
519 4337 636 4416 εὑρόντες
649 4341 707 4407 τοὺς
718 4341 859 4422 σφετέρους

74 4425 121 4484 καὶ
133 4423 196 4484 καθ’
205 4424 232 4483 ἓν
243 4423 355 4491 ἅπαντες
364 4426 496 4502 γενόμενοι
505 4426 538 4485 τά
549 4427 705 4506 ὀχυρώτατα
717 4431 854 4508 καταλαμ·

74 4514 200 4573 ῦάνονται
214 4517 261 4584 τῆς
272 4507 355 4584 Ἷδης.
373 4503 472 4574 Ἦλθον
488 4514 510 4573 δ’
517 4518 553 4583 ώς
565 4516 659 4584 αύτούς
672 4516 700 4576 οἰ
710 4517 733 4575 τ’
745 4521 772 4577 ἰν
783 4525 854 4599 Δαρ-

74 4602 147 4683 δάνῳ
159 4601 216 4660 τότ’
228 4603 370 4671 οἰκοῦντες,
385 4605 419 4668 ὡς
433 4593 500 4661 εἶδον
516 4591 601 4683 φλόγα
615 4604 716 4676 πολλὴν
732 4605 804 4685 παρὰ
819 4607 853 4664 τὰ

75 4691 186 4751 εἰωθότα
197 4691 340 4772 φερομένην
351 4689 376 4759 ἰξ
388 4689 479 4763 Ἰλίου,
491 4692 592 4773 νύκτωρ
603 4692 792 4761 καταλιπόντες
804 4694 851 4769 τὴν

35 4800 55 4839 ιε
73 4780 153 4841 πόλιν
174 4780 285 4860 έρημον,
307 4778 387 4859 χωρὶς
407 4777 425 4850 ἢ
447 4778 503 4839 ὅσοι
518 4779 564 4839 οὑν
589 4780 699 4864 Ἐλύμῳ
717 4783 761 4842 καί
773 4783 853 4861 Αἰγέ-

74 4890 129 4948 στῳ
144 4866 269 4928 ναυτικόν
287 4892 313 4926 τι
328 4869 553 4945 συσκευασάμενοι
567 4868 660 4950 ἔτυχον
681 4870 851 4950 προεξεληλυ-

73 4958 145 5028 θότες
158 4962 208 5031 τῆς
222 4956 335 5033 πόλεως,
352 4955 399 5016 καλ
413 4956 439 5027 ίξ
463 4956 605 5038 Ὀφρυνίου
627 4958 727 5027 πόλεως
742 4963 756 5018 δ
769 4961 851 5037 δῆμος

72 5046 149 5123 διτας,
178 5045 225 5105 καὶ
245 5047 275 5104 έκ
303 5047 355 5104 τῶν
371 5045 457 5105 άλλυιν
483 5048 612 5125 Τρωῖκών
635 5047 737 5105 πόλεων
758 5050 782 5106 οἱ
802 5050 850 5120 τῆς

71 5134 217 5215 ίλευθερίας
236 5137 430 5215 περιεχόμενοι·
452 5132 560 5212 δύναμίς
583 5135 607 5195 θ’
633 5135 700 5210 αῦτη
723 5137 759 5196 δι’
783 5137 847 5195 ἰλα-

161 5254 279 5294 mossur.

922 478 947 523 et
968 481 1091 540 quotquot
1109 482 1140 530 de
1168 482 1235 544 aliis,
1260 485 1319 535 dum
1341 489 1441 539 inferior
1460 495 1529 545 urbis
1548 513 1604 562 pus
1623 517 1694 572 cape·

922 567 998 624 retur,
1013 567 1158 619 calamitatis
1174 573 1326 624 atrocitatem
1340 583 1436 628 mature
1449 592 1584 648 senserunt,
1602 591 1626 639 in
1643 605 1698 642 rru-

922 653 1042 704 nitissima
1056 658 1165 719 Pergami
1177 660 1228 708 loca
1240 663 1409 726 confugerunt,
1420 682 1550 734 arcemque
1560 688 1631 726 rrruro
1640 693 1700 742 pro·

922 742 975 805 prio
993 746 1112 795 munitam
1127 755 1286 810 occultarunt,
1302 752 1343 802 ubi
1360 760 1385 803 ct
1402 759 1563 810 Troianorum
1576 778 1644 815 sacra
1657 781 1701 831 pa-

921 827 969 877 tria
983 829 1088 891 reposita
1111 838 1194 891 erant.
1215 839 1240 884 ct
1263 837 1370 887 meniana
1394 841 1432 889 ris
1452 856 1541 906 opum,
1561 855 1646 911 utpote.
1675 852 1701 902 in

922 919 978 966 luto
990 917 1053 976 loco,
1069 924 1094 968 et
1119 924 1320 984 praestantissima
1337 931 1389 977 crat
1404 931 1481 979 totius
1494 937 1615 985 exercilus
1634 951 1700 1001 pars.

922 1008 968 1058 llic
989 1010 1151 1062 subsistentes
1171 1017 1347 1078 propulsabant
1367 1023 1465 1084 eosqui
1481 1024 1505 1074 in
1523 1039 1602 1076 arcem
1618 1044 1696 1081 ascen

921 1101 980 1150 dere
999 1101 1172 1154 conabantur:
1190 1121 1296 1170 cumque
1321 1112 1501 1174 angiportorum
1521 1119 1632 1168 notitiam
1651 1122 1699 1172 ba·-

921 1195 1024 1253 berent.
1044 1197 1204 1250 decurrentes
1223 1203 1405 1256 multitudinem
1418 1222 1449 1257 ex
1463 1210 1524 1260 urbe
1539 1218 1610 1276 capla
1622 1215 1699 1266 diffu-

921 1287 1028 1348 gientem
1046 1290 1216 1354 recipiebant:
1236 1294 1330 1358 luitque
1344 1300 1421 1347 maior
1441 1303 1608 1365 effugientium
1623 1321 1697 1369 quarn

920 1383 1047 1441 captorum
1064 1393 1188 1431 nurnerus.
1206 1386 1294 1435 AEneas
1315 1387 1389 1450 igilur
1410 1390 1448 1439 his
1468 1392 1562 1444 artibus
1584 1399 1699 1461 repressit

920 1470 1027 1532 primurn
1037 1471 1106 1521 ilium
1124 1471 1233 1525 hostium
1247 1477 1379 1541 impetum,
1393 1484 1485 1543 quoad
1507 1486 1646 1538 universam
1665 1494 1698 1540 ci·-

916 1562 1021 1611 ·rilalem
1036 1562 1165 1615 delendam
1189 1566 1337 1628 ferebantur,
1357 1577 1431 1635 atquc
1457 1575 1502 1625 troc
1526 1578 1599 1627 inodo
1613 1581 1698 1632 effecit

920 1667 951 1703 ne
974 1656 1053 1717 primo
1075 1657 1182 1707 lrostiunr
1206 1660 1304 1711 incursu
1327 1667 1378 1713 lota
1401 1667 1460 1716 urbs
1480 1675 1616 1732 caperetur.
1650 1675 1698 1723 Sed

920 1747 1056 1797 rationibus
1077 1749 1108 1797 de
1127 1750 1201 1800 rebus
1220 1753 1310 1803 futuris
1328 1756 1460 1818 prudenter
1483 1760 1624 1819 subductis.
1640 1777 1698 1815 curn

920 1837 1123 1888 animadverteret
1146 1842 1303 1893 nullomodo
1328 1846 1379 1895 lieri
1400 1862 1487 1910 posse,
1514 1855 1542 1900 ut
1569 1852 1626 1903 urbs
1650 1870 1696 1905 cu·

919 1928 958 1978 ius
978 1929 1110 1980 arraximam
1128 1937 1223 1994 partem
1240 1933 1324 1985 trustes
1343 1937 1391 1986 inan
1414 1940 1437 1986 in
1459 1955 1529 1990 suam
1550 1948 1695 2005 potestatem

920 2021 1068 2083 redegissent
1076 2027 1226 2085 seruaretur,
1237 2027 1364 2077 consilium
1373 2029 1426 2079 iniit
1439 2046 1495 2081 aree
1508 2034 1607 2096 quidem
1618 2051 1695 2086 vacua

920 2114 1034 2164 hostibus
1063 2115 1163 2175 cedere,
1194 2117 1244 2180 ipsa
1268 2123 1350 2170 autern
1378 2120 1504 2174 hominurn
1530 2139 1645 2189 conpara,
1671 2137 1695 2180 et

920 2223 988 2257 sacra
1004 2208 1084 2272 patria
1096 2212 1121 2258 et
1139 2210 1255 2272 quiequid
1273 2211 1383 2274 precurriae
1401 2228 1485 2263 secum
1510 2218 1571 2266 ferre
1597 2224 1695 2284 posset.

919 2313 1026 2351 serrare.
1050 2302 1121 2358 Quod
1139 2302 1268 2352 eonsilium
1287 2316 1344 2352 cum
1365 2304 1387 2354 ei
1417 2307 1567 2368 placuisset,
1595 2323 1694 2372 paneros,

918 2391 1018 2454 quidem
1030 2396 1055 2442 et
1073 2393 1188 2443 rnulieres
1199 2398 1224 2444 et
1243 2408 1314 2444 senes
1332 2400 1475 2459 ceterosque
1489 2412 1589 2459 ornnes,
1603 2401 1699 2463 quibus

918 2482 982 2530 lenla
994 2481 1050 2544 luga
1064 2496 1125 2545 opus
1136 2488 1198 2543 erat,
1213 2498 1242 2532 cs
1255 2484 1315 2534 urbe
1331 2498 1442 2546 egressos
1452 2485 1586 2548 praernisit3
1601 2494 1626 2539 el
1638 2491 1693 2550 iler,

918 2569 984 2632 quod
997 2569 1028 2618 ad
1042 2570 1111 2619 idam
1122 2571 1215 2621 ferebat
1224 2608 1230 2630 ,
1239 2560 1322 2634 poleie
1333 2573 1414 2633 iussit,
1426 2574 1485 2624 elram
1497 2575 1577 2624 teliaci
1591 2576 1614 2624 in
1630 2578 1700 2626 arcis-

918 2659 1120 2722 expugnalionom
1149 2660 1250 2719 intenti,
1277 2662 1307 2711 du
1332 2663 1500 2725 persequenda
1524 2665 1693 2718 mullitudine.

916 2761 974 2810 quae
995 2761 1025 2797 ea
1049 2749 1110 2798 urbe
1128 2748 1283 2812 diffugiebat,
1308 2750 1367 2799 ailril
1392 2751 1534 2815 cogitarent.
1568 2753 1694 2804 Exercitus
1772 2805 1774 2810 ,

917 2840 999 2886 aulem
1017 2842 1112 2900 partem
1126 2837 1174 2887 illis
1191 2838 1233 2900 qui
1255 2852 1285 2889 cx
1308 2838 1368 2889 urbe
1382 2839 1482 2889 exibant
1500 2841 1616 2902 prasidio
1639 2855 1693 2892 esse

917 2927 1002 2987 iussit,
1019 2930 1045 2976 ut
1060 2940 1145 2976 eoram
1161 2927 1216 2988 fuga
1232 2942 1277 2991 pro
1294 2930 1407 2990 prementi
1421 2942 1504 2978 rerum
1517 2933 1583 2979 statu
1597 2934 1652 2980 tuta
1668 2934 1695 2981 et

916 3016 1082 3067 molestiarum
1092 3029 1180 3079 expers
1190 3020 1264 3066 esset.
1298 3017 1342 3065 llis
1354 3021 1436 3066 aulem
1450 3018 1594 3067 mandatum
1602 3017 1691 3071 luerat.

915 3107 942 3153 ul
966 3104 1105 3154 frrrnissimu
1132 3104 1182 3154 ldae
1208 3104 1261 3153 loca
1283 3108 1440 3168 occuparent.
1475 3108 1531 3170 ipse
1551 3120 1609 3156 vero
1634 3119 1692 3156 cum

916 3193 1008 3255 reliqua
1032 3194 1137 3243 nlilitum
1154 3207 1244 3251 manu,
1264 3208 1320 3257 quan
1344 3194 1475 3243 lectissima
1491 3197 1557 3254 erat,
1577 3196 1601 3243 in
1614 3194 1693 3243 muris

914 3285 978 3334 arcis
992 3285 1124 3345 remansit,
1135 3289 1209 3346 alique
1222 3285 1273 3334 suis
1284 3298 1312 3334 ex
1327 3285 1386 3333 urbe
1398 3284 1532 3346 praemissis
1552 3285 1634 3345 fugam
1643 3284 1691 3332 mi·

914 3387 960 3423 nus
972 3373 1096 3423 difficilem
1109 3373 1228 3436 reddidit,
1242 3374 1353 3424 hostibus
1368 3374 1392 3422 in
1408 3373 1472 3423 areis
1485 3373 1692 3437 oppugnationem

914 3459 1020 3510 intentis.
1054 3460 1103 3509 Sed
1117 3474 1174 3509 cum
1194 3461 1369 3523 Neoptolemus
1383 3472 1441 3508 curn
1455 3458 1506 3507 sais
1528 3458 1552 3506 in
1567 3458 1690 3520 quandam
1737 3500 1740 3505 .

913 3550 978 3599 areis
999 3554 1093 3612 partem
1110 3549 1288 3608 adscendisset,
1311 3552 1336 3598 el
1353 3547 1459 3596 universi
1479 3546 1558 3597 Graeci
1575 3546 1605 3595 ad
1618 3559 1688 3609 opem

912 3639 961 3688 illis
983 3638 1106 3687 ferendam
1127 3637 1304 3697 accurrissent,
1324 3650 1405 3685 arcern
1427 3635 1537 3685 desemit
1555 3639 1581 3685 et
1603 3639 1689 3699 apertu

913 3728 985 3791 porta
1000 3725 1127 3783 discessil,
1143 3725 1247 3788 reliquos
1271 3725 1362 3775 milites
1381 3723 1433 3774 acie
1463 3724 1583 3773 instructa
1603 3737 1687 3773 secum

912 3815 1015 3875 ducens,
1028 3816 1053 3863 ct
1062 3812 1241 3878 patrem,deos
1255 3813 1475 3878 patrioquxorem,
1489 3811 1589 3864 llberos.
1607 3815 1633 3862 et
1648 3826 1689 3862 ee·

913 3909 1022 3955 tororum
1040 3902 1135 3966 siquid
1154 3903 1255 3953 maximi
1275 3903 1347 3966 pretii
1359 3906 1439 3963 esset,
1454 3902 1506 3953 sive
1524 3915 1613 3965 corpus
1634 3902 1687 3952 sire

911 4007 972 4052 rem,
986 3991 1144 4044 validissimis
1154 3991 1217 4055 bigis
1227 3990 1327 4041 vehens.

941 4092 1037 4141 xcvll.
1047 4094 1143 4142 lulerea
1155 4103 1213 4140 vero
1223 4088 1308 4139 urbem
1320 4087 1400 4139 Graeci
1413 4100 1455 4150 per
1464 4087 1514 4137 aian
1525 4087 1650 4151 commui,
1661 4090 1686 4135 et

910 4189 934 4238 in
949 4188 1046 4253 rapinas
1058 4187 1139 4249 effusi,
1153 4201 1264 4250 magnam
1284 4183 1433 4249 fugientibus
1443 4188 1496 4234 tuto
1508 4181 1627 4233 evadendi
1645 4180 1684 4230 la-

909 4289 1025 4347 enitatem
1035 4285 1202 4351 praebuerunt.
1216 4289 1249 4336 At
1258 4287 1346 4334 AEneas
1356 4284 1457 4346 eiusque
1466 4282 1527 4332 socii
1539 4295 1597 4331 suos
1610 4280 1684 4330 etiam

908 4383 933 4433 in
944 4384 1030 4435 itinere
1048 4383 1163 4441 assecuti,
1183 4396 1233 4432 uno
1251 4381 1347 4446 agmine
1363 4381 1436 4440 facto,
1455 4379 1620 4429 munitissima
1633 4375 1685 4425 ldae

908 4482 962 4532 loca
979 4486 1139 4546 occuparunt.
1173 4479 1210 4531 ad
1222 4494 1265 4531 eos
1283 4484 1366 4529 aulem
1379 4479 1414 4529 illi
1431 4481 1551 4529 venerunt
1564 4477 1607 4542 qui
1626 4478 1683 4525 tunc

908 4578 994 4629 urbem
1007 4579 1147 4629 Dardanum
1169 4576 1320 4640 incolebant,
1337 4591 1411 4641 quam
1427 4580 1502 4626 noctu
1514 4573 1680 4627 deseruerant,
1731 4550 1734 4555 ’

907 4681 1037 4742 conspecta
1055 4677 1146 4741 ingenti
1166 4678 1265 4727 flamma
1283 4690 1339 4740 quae
1360 4679 1451 4739 praeter
1472 4685 1565 4723 morem
1583 4684 1614 4720 ex
1636 4666 1682 4716 illo

906 4776 1035 4836 emicabat,
1057 4789 1143 4826 omnes
1155 4774 1264 4838 exceptis
1278 4775 1307 4824 iis
1320 4775 1363 4837 qui
1385 4788 1442 4823 curn
1463 4771 1549 4834 Elyma
1569 4771 1594 4817 et
1607 4768 1679 4828 AEge-

905 4879 953 4931 slo.
976 4875 1070 4938 aliquot
1093 4876 1199 4925 naribus
1224 4873 1317 4938 paratis
1331 4876 1403 4924 antea
1422 4883 1454 4921 ex
1467 4868 1528 4919 urbe
1541 4865 1652 4916 exierant
1671 4885 1677 4912 :

904 4966 971 5016 renit
987 4967 1061 5017 ctiam
1075 4980 1105 5016 ex
1126 4964 1251 5028 Opbrynio
1262 4965 1369 5030 populus
1387 4962 1526 5017 universus,
1537 4958 1563 5006 et
1577 4968 1608 5005 ex
1623 4954 1679 5006 aliis

902 5058 1004 5108 urbibus
1018 5058 1128 5108 Troiaais
1145 5060 1268 5120 quotquot
1286 5052 1406 5105 libertatis
1427 5047 1526 5099 tuende
1539 5046 1625 5100 studio
1639 5051 1677 5100 te·

905 5151 1034 5211 nebanlur,
1070 5151 1152 5213 itaque
1182 5148 1331 5199 brevissimo
1364 5141 1482 5208 temporis
1510 5139 1590 5206 spallo
1620 5140 1678 5193 isto

1584 5233 1599 5283 ε

1718 5316 1725 5335 ’θ

1633 5298 1794 5445 Α
