3772 5828
164 330 181 361 ,.

162 460 282 536 λιπαρῶν
298 454 344 517 σὺν
358 464 413 521 τοῖς
425 454 616 533 πρεσδυτάτοις
634 459 686 515 τῶν
702 460 732 514 in
746 462 793 516 τοὺ
807 457 941 533 συνεδρίω

164 548 210 606 καί
222 548 258 610 εἰς
271 544 366 619 μέσους
386 542 445 609 τούς
466 544 668 624 ἁψιμαχοῦντας
687 546 845 621 ὠθούμενος.
888 536 943 607 ’Ἦν

165 635 193 695 δέ
204 638 248 692 καὶ
264 638 312 703 τῆς
326 630 429 712 ἡμέρας
441 633 472 691 τ“ο
485 632 641 708 λοιπόμινον
664 632 749 712 βραχὺ
765 632 860 711 μέρος,
874 633 943 694 ῶστε

166 718 285 780 ἀκούσιοι
309 718 355 779 ἀπ’
382 720 504 790 ἀλλήλων
534 721 701 794 διελύθησαν.
744 724 810 787 Ταῖς
837 722 860 779 δ’
885 722 942 795 lii<

126 828 138 861 t·
164 808 276 888 ἡμέραις
294 808 324 867 αἴ
337 808 360 867 τ’
371 808 452 889 ἀρχαί
467 810 595 881 ἀλλήλαις
610 810 765 869 ἀνεκάλουν·
781 812 795 868 ὁ
809 808 858 885 μέν
872 810 943 868 ὑπα-

164 921 208 964 τος
221 900 274 964 τοῖς
288 898 453 977 δημάρχοις,
470 894 511 955 δτι
533 895 674 955 καταλύειν
692 899 770 956 αὑτοῦ
785 896 832 968 τὴν
855 897 941 978 ἀρχήν

165 986 253 1057 ἠξίουν
272 987 298 1054 ές
308 986 338 1045 τὸ
352 984 531 1064 δεσμωτήριον
551 985 595 1043 τὸν
611 984 710 1045 ὑπατον
723 986 835 1062 ἀπάγειν
851 986 940 1046 κελεύ-

165 1098 266 1141 σαντες
282 1078 321 1157 τῷ
340 1075 365 1133 δ’
380 1074 473 1153 ὑπάτῳ
488 1076 513 1131 ol
534 1072 685 1153 δήμαρχοι,
704 1076 739 1141 ῶς
761 1073 941 1151 έμδιὺληκότι

165 1165 271 1243 πληγάς
290 1164 411 1241 σώμασιν
428 1162 506 1242 ίεροῖς
525 1162 571 1220 καί
595 1162 805 1237 καθωσιωμένοις
827 1162 878 1220 ὑπὸ
892 1162 940 1220 τού

165 1254 261 1331 νόμου·
276 1254 322 1312 καὶ
346 1256 360 1309 ὑ
374 1250 521 1329 Λαιτώριος
540 1250 573 1308 ri
588 1248 650 1329 ἴχνη
670 1254 721 1308 τῶν
737 1253 845 1329 πληγῶν
872 1240 941 1330 εἶχεν

165 1344 209 1401 ἐπὶ
225 1346 272 1413 τῆς
287 1342 370 1421 ὄψεως
388 1339 426 1397 ἔτι
438 1338 580 1419 φανεράή
602 1362 630 1397 τε
648 1340 722 1404 πόλις
737 1339 786 1409 dtr,
808 1340 940 1397 διοιδοῦσα

165 1434 209 1489 καὶ
232 1428 419 1508 ἀγριαινομένη
431 1426 586 1499 διειστήκει.
628 1425 742 1487 Ἔπειτα
765 1428 843 1505 ὑμίν
860 1428 942 1506 δῆμος

164 1518 284 1599 ε’ρρούρει
308 1518 339 1576 τ“ο
364 1514 534 1577 Καπιτώλιον
552 1514 610 1591 ἅμα
633 1524 686 1583 τοῖς
710 1516 857 1596 δημάρχοις
881 1516 941 1576 οὑτε

164 1604 265 1681 ἡμέρας
278 1603 336 1665 ούτε
351 1605 442 1671 νυκτός
454 1604 584 1664 ἀκλείπων
601 1604 717 1683 [αὑτοῦ]
737 1605 785 1675 τήν
807 1605 939 1685 ρυλακήν.

123 1714 131 1733 ‘
165 1691 242 1753 Ἡδὲ
266 1692 346 1771 βουλή
362 1698 486 1753 συνιοῦσα
506 1691 608 1765 πολλήν
627 1694 673 1751 καί
689 1693 812 1752 ε’πίπονσν
828 1695 941 1753 δποιιῖτο

164 1784 289 1857 ζήτησιν,
303 1782 374 1849 ὅπως
388 1782 441 1863 χρή
456 1788 559 1841 παῦσαι
574 1782 622 1853 τὴν
644 1783 836 1862 διχοστασίαν,
850 1789 896 1842 τοῦ
911 1806 940 1842 τε

164 1872 284 1932 κινδύνου
302 1874 332 1931 τό
352 1872 460 1950 μέγεθος
480 1870 678 1950 ἐνθυμουμένη,
699 1872 743 1929 καὶ
763 1869 798 1930 ότι
813 1870 871 1931 οὐδὲ
888 1877 941 1937 τοῖς

164 1959 271 2029 ὑπάτοις
288 1960 321 2021 τά
337 1960 405 2019 αὑτά
422 1959 595 2037 παρειστήκει
616 1966 729 2041 φρονεῖν.
773 1957 806 2016 Ὁ
828 1957 876 2034 μέν
888 1956 940 2037 γάρ

166 2045 285 2116 Κοίντιος
298 2048 377 2109 alneu
392 2051 430 2127 τῷ
445 2048 523 2129 δήμῳ
540 2047 574 2106 τά
588 2047 683 2128 μέτρια
697 2046 787 2117 ήςίου,
809 2048 823 2104 ὁ
835 2046 858 2103 δ’
871 2044 940 2105 'Air-

111 2190 123 2201 .
166 2161 224 2205 πιος
239 2138 319 2216 μέχρι
332 2136 444 2196 θανάτου
457 2136 587 2215 ἀντέχειν.

205 2228 307 2285 xllx.
332 2222 379 2289 Ὡς
396 2224 419 2281 δ’
432 2222 505 2281 οὐδέν
518 2224 616 2301 ἐγίνετο
639 2222 733 2301 πέρας,
760 2222 939 2301 χωρίςέκάσ-
982 2219 988 2231 ’

163 2335 222 2378 τους
245 2309 442 2387 ἀπολαμδάνων
466 2315 480 2369 ὑ
506 2310 624 2376 Κοίντιος
651 2310 710 2377 τούς
735 2332 764 2367 τι
788 2310 942 2390 δημάρχους

163 2402 267 2461 καὶτὸν
282 2398 394 2460 Ἄππιον
414 2402 496 2460 ἐδεῖτο
519 2402 565 2459 καὶ
582 2400 719 2478 ἐλιπάρει,
742 2398 787 2459 καί
807 2400 841 2459 alt
862 2400 938 2461 κοινά

163 2492 215 2548 τῶν
237 2488 309 2547 ἰδίων
329 2490 519 2569 ἀναγκαιότερα
534 2492 657 2566 ἡγεῖσθαι
675 2488 757 2559 ήξίου.
803 2488 891 2565 Ὁρῶν
913 2490 940 2548 δέ

110 2604 132 2637 «ι
164 2579 222 2646 τούς
239 2580 287 2655 μέν
310 2578 361 2649 ήδη
379 2578 578 2657 πεπειροτέρους
600 2578 756 2653 γεγονότας,
780 2578 824 2637 τὸν
844 2576 872 2636 δέ
890 2600 939 2637 συ-

164 2669 297 2746 νάρχοντα
310 2668 354 2725 ἐπὶ
365 2672 411 2738 τῆς
422 2666 561 2734 αὐθαδείας
573 2667 695 2741 με’νοντα,
705 2668 789 2727 πείθει
802 2667 862 2735 τοὺς
872 2668 941 2749 ἀμρὶ

167 2758 315 2834 Λαιτώριον
331 2758 396 2834 ὑπὲρ
418 2756 609 2814 ἁπάντωντῶν
631 2758 656 2813 τ’
679 2756 751 2815 ἰδίων
767 2756 940 2833 έγκλημάτων

164 2846 274 2903 καὶτῶν
290 2846 423 2922 δημοσίων
436 2846 483 2917 τήν
500 2845 597 2924 βουλήν
608 2850 717 2917 ποιῆσαι
732 2846 835 2924 κυρίαν.
863 2845 941 2905 Ἐπεί

164 2934 191 2993 δέ
204 2939 280 2995 τοῦτο
298 2934 470 3013 διεπράξατο,
486 2936 623 2993 συνεκάλει
636 2933 684 3004 τήν
702 2935 812 3011 βουλήν,
824 2934 870 2991 καί
884 2933 942 2999 τοὺς

165 3023 317 3102 δημάρχους
341 3021 428 3079 πολλὰ
459 3019 598 3087 ἐπαινέσας
624 3022 669 3078 καὶ
693 3026 737 3077 τοὺ
765 3020 941 3099 συνάρχοντος

165 3114 262 3184 δεηθεὶς
286 3112 323 3183 μή
346 3108 583 3185 ἀντιττράττειντνῗΙ
609 3108 726 3186 σωτηρία
748 3112 794 3177 τῆς
821 3109 938 3178 πόλεως,

165 3202 252 3261 ἐκάλει
268 3198 327 3263 τοὺς
343 3196 464 3262 εἰωθότας
481 3197 670 3277 ἀποφαίνεσθαι
687 3194 801 3272 γνώμας.
831 3198 940 3273 ΙΙρῶτος

165 3290 191 3347 δὲ
206 3288 309 3359 κληθεὶς
332 3287 451 3350 Πόπλιος
473 3283 619 3363 Οὐαλέριος
644 3284 811 3349 Ποπλικολας
833 3282 941 3361 γνώμην

165 3378 317 3457 ἀπεφήνατο
332 3376 423 3445 τήνδε·
444 3373 516 3431 «ὅσα
539 3373 586 3450 μὲν
608 3374 732 3443 ἀλλήλοις
744 3374 899 3451 ἐγκαλοῦσιν
914 3374 942 3433 οί

111 3498 136 3531 ..ι
165 3494 191 3526 τε
203 3470 338 3546 δήμαρχοι
361 3468 406 3525 καὶ
430 3464 571 3536 ὑὺπατος,
587 3469 652 3545 ὑπὲρ
668 3456 704 3522 ῶν
721 3464 816 3523 ἔπαθον
831 3464 848 3536 ii
862 3463 940 3544 έδρα-

165 3582 211 3616 σαν
229 3560 253 3613 ἐν
277 3560 308 3632 τῇ
330 3560 453 3633 ταραχῇ,
478 3554 569 3627 ἐπειδίΙ
596 3558 643 3613 οὑκ
668 3555 693 3622 ἐξ
720 3554 859 3624 ἐπιόουλῆς
882 3556 940 3613 οὑδὲ

164 3646 260 3711 οἰκείας
275 3643 423 3711 πλεονεξίας
439 3642 525 3702 ένεκεν
541 3645 577 3710 εἰς
590 3645 656 3702 αὑτὰ
675 3644 858 3713 κατέστησαν,
872 3643 940 3703 ἀλλά

164 3734 228 3812 ὑπὲρ
242 3738 289 3803 τῆς
310 3736 345 3799 εἰς
357 3733 390 3790 τά
405 3732 480 3792 κοινά
494 3733 659 3812 φιλοτιμίας,
683 3737 802 3812 ἀρεῖσθαι
825 3732 940 3812 δημοσίᾳ

165 3822 209 3880 καί
232 3822 363 3898 μηδεμίαν
387 3822 451 3899 ὑπὲρ
475 3823 561 3880 αὐτῶν
577 3810 644 3878 εἶναι
661 3822 750 3893 δίκην·
771 3820 830 3899 περί
847 3820 874 3879 δέ
896 3828 941 3881 τοῦ

164 3910 259 3984 νόμου,
272 3911 362 3980 ἐπειδὴ
380 3915 393 3968 ὑ
409 3911 507 3976 ὕπατος
527 3909 638 3973 Ἄππιος
652 3913 699 3968 οὑκ
715 3912 745 3990 ἐᾷ
763 3909 840 3983 νόμον
854 3910 941 3988 ἀπρο-

164 3997 302 4057 όούλευτον
317 4001 352 4065 εἰς
364 3998 412 4069 τήν
429 3998 571 4068 ἐκκλησίαν
594 4000 729 4078 ἐκρέρειν,
745 3996 935 4077 προόουλεὺσαι

165 4084 212 4159 μὲν
229 4086 289 4161 περὶ
313 4087 403 4146 τούτου
419 4089 448 4146 τ“ο
475 4086 626 4166 συνέδριον,
651 4084 708 4150 τούς
737 4085 765 4144 dl
789 4086 940 4164 δημάρχους

165 4172 221 4248 ἅμα
233 4181 285 4237 τοῖς
300 4176 409 4240 ὑπάτοις
425 4173 576 4251 ἐπιμέλειαν
596 4173 757 4245 ποιήσασθαι
775 4176 820 4242 τῆς
835 4196 862 4230 τε
875 4178 939 4250 θμο·

165 4261 235 4327 νοίας
251 4266 302 4318 τῶν
314 4265 441 4334 πολιτῶν,
458 4263 520 4321 ὅταν
535 4267 552 4335 i,
568 4266 653 4344 ψῆφος
669 4262 730 4341 περὶ
750 4263 829 4319 αὑτοῦ
847 4261 943 4343 διορί-

125 4380 132 4389 ·
166 4374 259 4430 ρηται,
276 4350 321 4406 καὶ
333 4355 379 4419 τῆς
393 4352 545 4428 εὐκοσμίας.
564 4380 577 4404 ν
621 4352 833 4415 Ἐπαινεσάντων
848 4350 876 4410 δὲ
891 4352 939 4425 τήν

164 4437 270 4514 γνώμην
291 4438 430 4509 ἁπάντων,
451 4440 523 4504 εύθὺς
549 4441 662 4499 ἀνέδωκε
684 4440 732 4512 τὴν
748 4440 814 4518 ὑπὲρ
832 4445 877 4498 τοῦ
899 4438 941 4498 νό-

165 4549 214 4584 nou
229 4531 312 4605 ρῆρον
328 4532 341 4584 δ
358 4523 476 4593 Κοίντιος
495 4534 532 4605 τῷ
557 4530 696 4609 συνεδρίῳ,
724 4529 767 4586 καί
788 4528 873 4587 πολλὰ
893 4527 941 4601 μὲν

167 4622 273 4676 Ἀππίου
292 4616 537 4695 κατηγορήσαντος,
556 4618 643 4678 πολλὰ
667 4618 694 4677 δέ
717 4624 769 4677 τῶν
794 4617 940 4696 δημάρχων

163 4706 370 4776 ἀντιλεξάντων,
400 4706 472 4763 ἐνίκα
498 4706 571 4782 παρὰ
596 4706 695 4774 πολλάς
723 4706 823 4786 ψήφους
852 4710 868 4775 ἡ
896 4704 940 4762 τδν

163 4796 240 4871 νόμον
256 4793 382 4875 εἰσφέρειν
397 4793 503 4861 ἀξιοῦσα
526 4795 628 4871 γνώμη.
674 4793 898 4872 Ἐπικυρωθέντος
913 4794 939 4851 δέ

162 4889 206 4940 τοὺ
220 4884 450 4964 προύονλεύματος
468 4883 497 4940 οἵ
505 4886 528 4942 τ’
543 4882 606 4941 ἴδιαι
624 4888 676 4943 τῶν
699 4885 834 4962 ἀρχόντων
848 4884 940 4960 διαρο·

164 4969 206 5043 ραὶ
226 4973 397 5046 διελύθησαν,
411 4976 455 5031 καὶ
473 4976 486 5030 ὁ
502 4974 582 5047 δῆμος
598 4976 742 5051 ἀγαπητῶς
758 4972 896 5047 δεξάμενος
910 4971 940 5028 τὸ

163 5058 327 5137 συγχώρημα
342 5068 389 5131 τῆς
408 5064 503 5139 βουλῆς
520 5059 666 5140 ἐπεψήρισε
681 5062 724 5116 τὀν
740 5058 831 5134 νόμον.
876 5058 939 5118 ’dni

135 5167 137 5171 ·
162 5150 254 5205 ἐκείνου
262 5152 307 5204 τοῦ
321 5150 416 5227 χρόνον
430 5148 462 5205 ri
475 5154 526 5209 τῶν
541 5151 689 5227 δημάρχων
705 5148 750 5204 καὶ
766 5148 938 5226 ἀγορανόμων

163 330 224 388 soa
681 324 853 385 nios't'stt
876 324 1263 389 HnLlGARNASSENSlS

996 480 1097 531 quaque
1116 466 1165 519 diei
1193 468 1317 531 reliquum
1347 468 1458 533 spatium
1485 470 1567 523 biera
1594 478 1655 523 erat
1679 496 1686 525 ι
1712 476 1800 544 itaque

997 568 1068 619 inriti
1092 568 1192 621 diremti
1212 574 1280 621 sunt.
1314 572 1438 623 insecutis
1457 572 1552 623 diebus
1575 578 1754 643 magistratus
1772 598 1799 631 si·

998 668 1101 719 inuicem
1130 672 1297 732 accusabant,
1323 672 1413 725 consul
1446 674 1583 735 tribunos,
1614 682 1685 743 quod
1712 698 1798 735 sunan

998 770 1174 835 magistratum
1181 773 1299 839 abrogare
1311 774 1458 835 rotulaaout.
1470 779 1605 833 consulem
1627 783 1656 835 iu
1666 799 1797 840 narrarem

999 872 1090 923 abduci
1099 873 1230 937 iubentem
1240 875 1334 926 tribuni
1348 879 1487 939 σοαιυιειιι,
1502 882 1575 945 quod
1601 884 1695 951 plagas
1713 890 1797 955 ingen

1002 973 1078 1023 sisset
1088 972 1244 1037 iis,quorum
1259 988 1364 1041 corpora
1384 976 1426 1029 lex
1442 992 1514 1029 aaera
1525 984 1553 1033 et
1570 989 1735 1039 sanctaesse
1755 992 1796 1054 ju·

1000 1072 1057 1133 lnt;
1077 1079 1103 1124 et
1114 1075 1236 1125 Laetorius
1249 1075 1395 1129 maniiestas
1419 1092 1563 1144 pugnorum
1588 1088 1670 1137 notas
1687 1088 1714 1139 in
1734 1088 1794 1141 tacte

999 1174 1081 1225 ailliuc
1093 1174 1215 1239 ιιαιιυιιοις
1228 1181 1255 1229 et
1265 1181 1319 1227 tota
1333 1178 1423 1229 civitas
1442 1178 1657 1236 dissensionibus
1670 1192 1697 1237 σι
1715 1188 1790 1241 dissi-

1000 1276 1049 1325 diis
1064 1274 1169 1327 efferata
1189 1280 1251 1329 erat.
1272 1279 1347 1331 Plebs
1361 1280 1455 1334 deinde
1473 1296 1533 1335 oum
1558 1286 1676 1339 tribunis
1692 1292 1790 1356 cmite-

1001 1383 1217 1453 tamnominati,
1232 1390 1327 1441 diurnis
1343 1390 1527 1455 nocturnisque
1541 1390 1570 1441 id
1594 1406 1706 1445 servans
1719 1409 1791 1447 excu-

1001 1491 1058 1543 biis.
1092 1496 1165 1551 Quod
1176 1494 1218 1545 nbi
1228 1498 1329 1545 senatus
1341 1494 1468 1558 adgnovit.
1480 1508 1573 1559 nngna
1585 1511 1653 1549 cura
1664 1502 1793 1565 queunt

1001 1595 1118 1658 modum,
1140 1612 1191 1661 quo
1215 1597 1344 1647 sedaretur
1363 1596 1419 1647 limo
1441 1598 1550 1657 seditio,
1576 1601 1716 1657 solicitus.
1739 1610 1787 1655 tuni

1003 1702 1104 1763 propter
1123 1698 1226 1763 ierieuli
1241 1696 1448 1763 magnitudinem,
1468 1702 1527 1752 tum
1540 1706 1650 1768 propter
1661 1707 1789 1761 consulum

1002 1816 1103 1867 quoque
1116 1800 1304 1851 dissensionem.
1346 1800 1466 1859 Quintius
1478 1804 1548 1855 enim
1562 1804 1634 1871 plebi
1650 1822 1701 1859 non
1711 1810 1790 1874 iniqua

1002 1898 1243 1964 petenticntendnni
1254 1899 1388 1961 censebat;
1408 1902 1505 1965 Appius
1525 1917 1589 1955 rem
1607 1907 1632 1957 ei
1650 1909 1787 1967 resistebat.

1003 2006 1029 2053 el
1040 2002 1103 2051 inuti
1115 2016 1190 2065 quam
1207 2000 1295 2053 cedere
1305 2000 1425 2053 natabat.

1032 2264 1114 2313 xiix.
1132 2266 1247 2325 Quinque
1259 2260 1345 2311 nullus
1361 2262 1529 2315 contentionis
1541 2262 1613 2315 lieret
1625 2265 1690 2325 linis.
1701 2268 1781 2326 Quin·

1001 2368 1053 2420 tius
1072 2382 1186 2419 seorsum
1202 2368 1329 2429 tribunos,
1352 2381 1471 2419 seorsum
1485 2370 1590 2435 Αρριυιιι
1607 2372 1694 2423 orabat
1705 2378 1784 2437 atque

1000 2476 1187 2533 obsecrabatet.
1202 2478 1231 2525 ut
1249 2475 1353 2540 privatis
1378 2476 1521 2527 οινυωοιιιε
1540 2476 1638 2543 publiea
1649 2486 1782 2545 ιιιιιρωιυ-

1002 2584 1103 2641 nemnt,
1115 2579 1267 2645 immutabat.
1284 2579 1493 2631 tininiadiertens
1502 2587 1589 2635 autem
1609 2584 1724 2650 ittosjam
1736 2589 1781 2637 mi-

1003 2686 1080 2737 tiores
1091 2687 1177 2747 tactos,
1200 2685 1318 2749 collegam
1337 2698 1397 2735 rem
1412 2685 1438 2735 in
1456 2702 1504 2739 sna
1517 2690 1660 2753 pervicacia
1670 2706 1779 2757 perseia.

1001 2807 1068 2853 rare,
1083 2794 1205 2859 persuasit
1233 2793 1339 2843 tutuno
1359 2793 1467 2859 ejusque
1483 2797 1605 2863 collegis,
1632 2804 1660 2851 ut
1674 2802 1778 2852 omnium

1001 2899 1156 2963 privatorum
1182 2898 1532 2962 publicoruinquecrtminum
1553 2904 1716 2968 cognitionem
1737 2920 1775 2956 ει-

1002 2999 1077 3050 bitrio
1103 3003 1205 3048 senatus
1234 3000 1414 3064 pennittemnt.
1446 3002 1501 3051 ttoc
1524 3007 1614 3055 autem
1638 3006 1779 3071 impetrato,

1003 3112 1116 3159 senatum
1136 3106 1282 3155 eonvocavit
1303 3111 1342 3167 ει,
1356 3106 1463 3158 tubunis
1473 3122 1627 3174 magnorum
1644 3113 1748 3165 laudatis
1756 3118 1779 3165 et

1002 3217 1089 3277 rogato
1101 3211 1202 3273 collega.
1217 3226 1247 3261 ne
1261 3212 1367 3276 publium
1388 3210 1463 3262 saluii
1482 3212 1673 3279 adversaretur,
1686 3222 1777 3269 vorarit

1001 3330 1053 3376 eos,
1066 3314 1191 3379 quisnam
1205 3314 1352 3363 sententiam
1364 3314 1437 3378 pomi
1451 3312 1534 3365 dicere
1553 3317 1678 3371 solebant.
1709 3324 1739 3371 itt
1753 3326 1779 3372 Ρ.

1000 3418 1114 3467 Valerius
1130 3414 1255 3478 Poplicola
1276 3414 1371 3478 primus
1393 3419 1503 3480 rogalua,
1519 3417 1584 3467 lianc
1596 3420 1664 3471 dixit
1681 3428 1777 3474 senlen-

1000 3526 1058 3576 tiam
1070 3545 1075 3574 ι
1088 3546 1098 3566 ι
1110 3522 1193 3573 onmia
1202 3519 1311 3578 crimina,
1326 3532 1383 3582 quaa
1397 3519 1444 3569 sibi
1458 3518 1565 3571 invioem
1584 3522 1725 3587 objieebant
1737 3528 1779 3577 tri·

999 3627 1058 3678 inni
1075 3631 1097 3675 ot
1115 3623 1230 3673 eonsules
1250 3624 1349 3685 proptor
1363 3620 1467 3679 iniurias
1480 3621 1504 3671 in
1528 3624 1644 3675 tumultu
1659 3631 1685 3679 et
1700 3628 1778 3679 illata<

1001 3733 1024 3779 et
1033 3730 1157 3789 acceptas.
1171 3723 1238 3788 quod
1261 3735 1310 3771 non
1320 3720 1378 3771 dolo
1392 3720 1467 3781 malo,
1486 3736 1531 3774 noe
1546 3724 1654 3788 privatin
1665 3730 1781 3781 utilitatis

1001 3843 1088 3881 caussa
1097 3842 1127 3875 eo
1141 3828 1242 3872 sontum
1258 3826 1333 3881 esset,
1351 3821 1394 3871 sed
1408 3835 1451 3886 per
1470 3824 1632 3877 ambitiosam
1644 3832 1782 3881 contentio-

999 3928 1095 3982 neinde
1110 3924 1244 3988 renuntiem
1258 3922 1356 3986 politice
1375 3922 1521 3975 remittenda
1541 3940 1590 3978 nec
1608 3927 1635 3979 in
1647 3931 1726 3983 ullum
1740 3935 1779 3997 jn·

1001 4040 1092 4089 divium
1108 4035 1219 4088 voranda
1245 4033 1313 4083 dixit.
1329 4028 1401 4090 Quod
1420 4042 1478 4079 iero
1495 4028 1527 4078 ad
1551 4028 1631 4093 legem
1655 4036 1779 4087 attineret.

999 4140 1066 4203 qnod
1078 4138 1127 4187 iani
1140 4135 1231 4199 appius
1245 4132 1330 4181 oonsnt
1345 4145 1393 4180 non
1410 4128 1560 4195 patiebatur,
1575 4146 1631 4183 eam
1643 4135 1698 4187 sire
1710 4152 1780 4188 sena-

998 4241 1179 4292 tusconsultum
1205 4235 1343 4286 laciendum
1367 4233 1492 4283 censebat.
1524 4233 1658 4298 Ceterum,
1674 4239 1781 4291 tribunis

999 4359 1046 4393 nna
1059 4357 1117 4393 enm
1137 4337 1280 4389 ooitsnlibns
1296 4348 1396 4397 ιιρυινιιιι
1419 4333 1538 4391 dandam,
1550 4340 1576 4382 nt
1595 4349 1701 4388 oonoors
1718 4346 1778 4391 esset

998 4443 1100 4493 ιίιίιιιι,
1122 4443 1147 4487 ot
1169 4437 1286 4485 ‹loconnn
1308 4447 1337 4481 ac
1364 4433 1425 4481 onio
1447 4435 1590 4481 servaretur
1607 4434 1634 4482 in
1655 4434 1781 4497 suffragiis

997 4543 1114 4595 ierondis.
1136 4562 1146 4583 »ι
1181 4542 1232 4588 ttae.
1254 4537 1376 4586 sententia
1396 4536 1427 4585 nli
1447 4534 1562 4584 oinnibns
1582 4536 1701 4598 pmibato,
1723 4552 1779 4588 ιιιιι·

998 4646 1082 4698 testim
1099 4642 1215 4701 Quintius
1238 4643 1364 4689 senatores
1382 4638 1451 4688 misit
1471 4638 1494 4687 in
1520 4636 1658 4701 suffragia3
1679 4644 1705 4689 et
1726 4646 1778 4704 ptis-t

996 4747 1100 4797 multam
1131 4743 1199 4807 Appii
1225 4743 1422 4799 dissuasionem,
1443 4739 1533 4789 multis
1557 4738 1685 4803 suffragiis
1712 4741 1776 4791 vicit.

996 4853 1118 4911 Pontoque
1131 4845 1363 4907 sonituseonsntm,
1385 4848 1409 4893 et
1421 4844 1526 4909 privatae
1539 4842 1717 4907 monstratum
1727 4844 1777 4893 dis·

995 4953 1086 5004 oindim
1100 4952 1213 5000 ‹lirointm
1226 4954 1298 5012 sunt,
1312 4954 1337 4998 ot
1353 4948 1425 5013 plebs
1442 4951 1543 4997 senatus
1556 4960 1707 4996 concessum
1723 4947 1779 4996 taio

994 5056 1075 5106 animo
1095 5051 1222 5115 accipiens
1238 5050 1315 5115 legent
1340 5065 1385 5099 suo
1400 5048 1519 5111 sullragio
1540 5046 1710 5096 eonfirnmvit.
1744 5050 1779 5096 En

994 5157 1154 5221 itlutenipore
1166 5154 1285 5217 usquead
1297 5158 1409 5203 nostram
1420 5156 1519 5202 aetatem
1532 5149 1689 5199 tribunorum
1702 5154 1779 5214 atque
