3772 5828
165 278 227 339 6³0

166 408 313 486 τωμίνων,
336 411 383 479 τῆς
406 408 493 466 νόσου.
535 406 621 469 Ὅσον
645 408 692 493 μίν
716 400 760 469 οὖν
778 409 872 490 χρόνον
888 418 943 479 τοῖς

165 499 273 564 πολλοῖς
294 496 397 561 ἐλπίδος
410 518 436 554 τι
454 498 538 569 ὑπ’ήν,
558 500 595 564 ὡς
607 502 654 555 τοῦ
673 502 731 555 θεοῦ
745 522 817 579 αρισι
832 502 943 561 ἐπικου-

166 587 310 669 ρήσοντας,
339 584 454 650 ἅπαντας
479 585 523 643 ἐπί
550 608 579 643 τε
603 584 694 652 θυσίας
720 586 766 645 καί
791 587 943 668 καθαρμοὺς

165 677 324 758 ἐτράποντο·
354 673 399 731 καὶ
423 673 508 731 πολλὰ
534 672 703 752 ἐνιωτερίσθη
726 673 872 752 Ῥωμαίοις
895 680 943 737 αλκ

165 766 227 826 ὄντα
240 768 267 826 ἓν
282 763 334 822 ἔθει
351 760 412 839 περί
426 760 472 827 τὰς
486 762 565 838 τιμὰς
579 765 629 821 τῶν
647 766 711 821 θεῶν
726 764 941 842 ἐπιτηδεύματα,

164 858 212 915 οὐκ
222 856 350 933 εὐπρεπῆ.
395 849 472 909 Ἐπεί
495 850 517 907 θ’
540 849 692 927 ἐπέγνωσαν
716 852 841 930 οὐδεμίαν
855 856 941 914 αὐτῶν

164 942 324 1023 ίπιστρορὴν
348 943 377 998 lu
397 944 442 996 τοῦ
469 938 604 1013 δαιμονίου
624 939 763 1017 γινομένην
781 942 836 1000 οὐδ’
850 940 939 1014 ἵλεον,

164 1031 270 1103 καὶτῆς
291 1028 351 1107 περί
370 1026 403 1086 τὰ
422 1026 478 1084 θεῖα
495 1028 656 1105 λειτουργίας
685 1028 849 1100 ἀπέστησαν.
894 1028 942 1090 Ἐν

164 1118 247 1192 sule,
263 1124 295 1199 τῇ
309 1124 431 1196 συμφορᾷ
440 1117 491 1172 τῶν
508 1136 536 1171 τε
550 1115 656 1173 ὑπάτων
674 1115 766 1195 ἅτερος
782 1116 942 1188 ἀποθνήσκει

165 1209 259 1279 Σίξτος
285 1207 443 1282 Κοϊντίλιος,
466 1204 542 1262 καίό
566 1204 634 1280 μετὰ
663 1209 755 1264 τοῦτον
778 1206 942 1287 ἀποδειχθεὶς

164 1298 262 1367 ὕπατος
282 1298 395 1379 Σπόριος
410 1296 545 1376 Φούριος,
559 1295 606 1355 καὶ
622 1298 674 1355 τῶν
689 1295 835 1375 δημάρχων
847 1296 941 1355 τίττα-

164 1412 222 1469 ρις,
235 1392 287 1447 τῶν
298 1411 328 1446 τε
343 1389 488 1463 βουλευτῶν
505 1384 599 1444 πολλοὶ
613 1384 659 1442 καί
675 1382 777 1460 ἀγαθοί.
821 1381 939 1444 'tesol-

163 1482 239 1536 λοντο
262 1478 310 1551 μὲν
333 1470 424 1552 οὖντῇ
443 1474 512 1553 νόσῳ
532 1477 579 1544 τῆς
600 1472 701 1538 πόλεως
727 1470 805 1542 οὔσης
828 1472 939 1551 στρατὸν

164 1566 263 1641 ἐξάγειν
275 1565 319 1623 ἐπ’
333 1562 426 1630 αὐτοὺς
440 1562 570 1635 Αἰκανοί,
583 1561 630 1620 καὶ
648 1559 864 1640 διεπρεσόεθοντο
874 1563 939 1641 πρὸς

125 1667 132 1677 ’
163 1655 196 1711 τὰ
208 1656 276 1713 ἄλλα
291 1654 366 1729 ἔθνη,
382 1654 431 1711 ὅσα
447 1649 592 1727 Ῥωμαίοις
617 1650 732 1726 πολίμια
746 1640 796 1721 ἦν,
815 1672 938 1729 παρακα-

162 1746 266 1810 λοῦντες
278 1741 321 1801 ἐπὶ
335 1743 379 1801 τὸν
393 1741 520 1819 πόλεμον.
562 1740 604 1800 Οὐ
618 1739 670 1816 μὴν
686 1737 801 1818 ίρθασόν
814 1761 845 1816 γι
858 1762 940 1818 προα-

162 1835 252 1910 γαγεῖν
276 1830 324 1903 τὴν
340 1831 450 1906 δύναμιν
468 1834 498 1890 ἐκ
514 1831 567 1887 τῶν
587 1827 700 1888 πόλεων.
743 1824 807 1887 Ἔτι
823 1826 875 1907 γὰρ
891 1830 940 1886 αὖ·

162 1925 213 1981 τῶν
229 1918 500 2002 παρασκευαζομένων
514 1923 531 1989 ἡ
548 1916 616 1989 αὐτὴ
628 1918 701 1984 νόσος
719 1915 884 1995 κατίσκηψεν
900 1919 936 1983 εἰς

162 2010 208 2077 τόις
221 2010 318 2076 πόλεις.
362 2011 457 2081 Διῆλθε
473 2006 500 2065 δὲ
514 2008 543 2065 ot
558 2005 636 2083 μόνον
648 2005 696 2076 τὴν
711 2005 855 2080 Αἰκανῶν,
869 2005 937 2061 ἀλλὰ

162 2100 208 2157 καί
217 2100 265 2171 τὴν
280 2097 454 2159 Οὐολούσκων
470 2095 516 2153 καὶ
531 2094 578 2166 τὴν
592 2092 713 2153 Satires
732 2095 797 2168 γῆν,
815 2093 860 2149 καί
876 2093 939 2169 opo-

162 2189 210 2265 δρα
224 2182 412 2251 ίκοίκωσετοθς
422 2180 581 2262 ἀνθρώπους.
626 2182 678 2240 Ἐκ
691 2178 717 2238 δλ
732 2180 825 2239 τούτου
841 2179 937 2252 συνίόη

160 2274 206 2332 καί
228 2273 276 2345 τήν
290 2272 381 2352 χώραν
402 2270 569 2349 ἀγεώργητον
591 2271 728 2349 αἱρεθεῖσαν
743 2266 819 2339 λιμόν
840 2268 884 2325 ἐπὶ
899 2273 937 2348 τῷ

161 2363 246 2438 λοιμῷ
271 2358 395 2426 συνάψαι.
440 2357 501 2416 Ἐπί
518 2358 565 2430 μὲν
589 2357 621 2426 δὴ
643 2356 741 2414 τούτων
755 2357 807 2411 τῶν
830 2357 937 2415 ustrou

162 2448 235 2507 οὐδὲν
250 2448 370 2528 ίπροίχθη
385 2445 537 2524 Ῥωμαίοις,
552 2445 595 2505 διίι
608 2445 655 2513 τὰς
667 2447 768 2519 νόσους,
788 2443 847 2503 οὔτε
857 2447 937 2504 πολε-

125 2554 132 2562 ·
164 2536 240 2614 μικθν
260 2534 321 2596 οὔτε
344 2535 491 2613 πολιτικόν,
511 2537 547 2602 εἷς
568 2534 684 2614 ἱστορίας
701 2534 833 2615 ἀρήγησιν
857 2536 940 2595 ἐλθεῖν

163 2625 245 2693 ἄξιον.

211 2715 284 2775 LIV.
308 2716 355 2783 Εἰς
381 2714 407 2774 δὲ
435 2714 542 2774 τούπιὸν
566 2712 621 2779 ἔτος
644 2712 741 2772 ὕπατοι
762 2711 809 2789 μὲν
831 2713 939 2772 ἀπεδεί-

161 2808 264 2883 χθησαν
288 2803 398 2870 Λεύκιος
418 2802 546 2874 Μενήνιος
567 2804 612 2862 καὶ
633 2800 750 2867 Πόπλιος
768 2800 899 2874 Σήστιος·
920 2808 937 2874 ἡ

163 2890 190 2953 δὲ
202 2890 275 2960 νόσος
290 2895 324 2959 εἰς
338 2890 411 2959 τίλας
430 2891 560 2974 ἐλώφησε.
608 2892 661 2952 Καί
676 2890 743 2967 μετὰ
756 2897 835 2953 τοῦτο
850 2893 937 2953 θυσίαι

110 3015 115 3027 ·
161 3003 190 3039 τε
203 2980 371 3060 χαριστήριοι
391 2981 457 3045 θεοῖς
469 2982 640 3038 ἐπετελοῦντο
655 2978 788 3059 δημοσία,
805 2981 851 3038 καὶ
867 2984 937 3058 ἀγῶ-

163 3091 202 3133 νες
216 3070 365 3148 ἐπιφανεῖς,
385 3065 520 3141 λαμπραῖς
544 3064 613 3122 ποίνυ
635 3065 825 3142 χορηγούμενον
846 3069 937 3125 δαποί-

161 3182 232 3227 ναις,
248 3159 274 3213 ἐν
290 3153 439 3218 εὐπαθείαις
456 3176 483 3210 τε
501 3152 547 3210 καὶ
565 3152 666 3218 θαλίαις
681 3157 697 3222 ἡ
713 3153 787 3219 πόλις
802 3145 833 3225 ἦν
848 3152 938 3232 ῶσπερ

162 3247 243 3312 εἰκός·
259 3245 304 3303 καί
320 3252 372 3309 πᾶς
389 3242 547 3321 όχειμέριος
571 3239 661 3321 χρόνος
682 3239 749 3320 σἰμρί
772 3247 857 3299 ταῦτα
877 3244 938 3301 ἐδα-

162 3337 277 3406 πανήθη.
321 3333 477 3411 ’λρχομένου
494 3331 516 3387 θ’
537 3330 628 3410 ἔαρος,
645 3326 714 3395 σῖτός
728 3353 756 3387 τε
769 3328 849 3396 πολὺς
865 3331 934 3412 [καὶ]

124 3444 135 3478 s
163 3425 191 3480 ἐκ
205 3424 309 3481 πολλῶν
333 3424 453 3500 κατήχθη
472 3423 592 3502 χοιρίων,
611 3423 685 3492 ὁμὲν
707 3425 804 3484 πλείων
821 3426 936 3509 δημοσία

162 3512 331 3581 συνωνηθεὶς,
353 3516 366 3569 ό
382 3511 408 3568 δέ
424 3535 463 3577 τις
477 3512 521 3568 καὶ
536 3511 586 3569 ὑπὸ
600 3513 709 3572 ἰδιωτῶν
723 3514 844 3594 ἐμπόρων
860 3539 937 3592 κομι-

162 3600 277 3676 ζόμενος.
320 3597 439 3677 Ἐκαμνε
451 3601 501 3678 γὰρ
511 3603 560 3679 οὐχ
574 3599 670 3672 ἥκιστα
685 3602 728 3661 ἐπί
740 3608 772 3682 τῇ
784 3605 877 3662 σποίνει
891 3611 938 3678 τῆς

162 3694 258 3767 τρορῆς
282 3689 394 3764 όλαός,
416 3689 512 3768 χέρσου
532 3694 580 3760 τῆς
593 3695 640 3769 γῆς
666 3690 807 3769 ἀρειμίνης
831 3693 873 3752 διὰ
889 3693 935 3760 τὰς

162 3777 252 3845 νόσους
275 3777 377 3837 καὶτὸν
401 3778 504 3857 ὄλεθρον
529 3781 581 3836 τῶν
603 3783 737 3857 γεωργῶν.
792 3781 841 3842 Ἐν
857 3781 884 3840 δὲ
899 3787 936 3861 τῷ

164 3868 235 3944 αὐτῷ
253 3869 336 3944 καιρῷ
353 3869 523 3944 παρεγίνοντο
546 3868 600 3926 ἀπό
613 3892 641 3926 τε
656 3869 769 3939 ’λθηνῶν
784 3870 828 3928 καί
842 3873 894 3927 τῶν
910 3871 937 3926 ἐν

164 3952 274 4019 Ἰταλοῖς
300 3954 460 4025 Ἑλληνίδων
484 3955 584 4015 πόλεων
608 3959 631 4015 οί
656 3956 793 4035 πρέσόεις,
817 3958 937 4036 φέροντες

164 4039 221 4104 τοὺς
235 4042 338 4115 νόμους.
386 4045 438 4102 Καὶ
455 4045 520 4120 μετὰ
537 4049 613 4103 τοῦτο
626 4044 775 4122 προσήισαν
793 4048 815 4105 ol
832 4044 938 4121 δήμαρ·

164 4152 206 4208 χοι
227 4137 280 4194 τοῖς
295 4132 418 4202 ὑπάτοις,
444 4134 571 4201 ἀξιοῦντες
588 4135 720 4200 ἀποδεῖξαι
750 4137 818 4193 κατὰ
841 4135 871 4192 τό
885 4136 938 4214 ψή-

164 4241 248 4297 ρισμα
263 4221 309 4287 τῆς
327 4221 420 4295 βουλῆς
434 4221 491 4288 τοὺς
505 4222 654 4296 νομοθέτας.
671 4226 705 4281 Οἱ
720 4223 762 4295 δὲ,
778 4225 823 4281 οὐκ
837 4223 939 4302 ἔχοντες

125 4329 135 4361 ,ι
164 4306 215 4384 ὅτῳ
232 4306 263 4364 ἂν
279 4307 369 4373 οὐτοῦς
386 4311 563 4378 ἀπαλλάξειαν
592 4312 682 4390 τρόπῳ
705 4311 939 4389 προσκαθημένους

163 4397 208 4455 καί
233 4398 424 4474 λιπαροῦντας,
450 4400 589 4477 ἀχθόμενοι
615 4404 653 4479 τῷ
669 4403 806 4480 προίγματι
831 4405 876 4461 καί
893 4406 940 4461 οὐκ

163 4487 292 4554 ἀξιοῦντες
315 4486 357 4542 ἐπὶ
379 4491 426 4557 τῆς
443 4493 526 4546 αὑτῶν
542 4493 625 4567 ἀρχῆς
643 4493 791 4549 καταλῦσαι
816 4492 862 4561 τήν
882 4499 940 4569 ἀρι-

163 4575 332 4654 στοκρατίαν,
343 4574 471 4655 πρόρασιν
488 4580 604 4656 εὐπρεπῆ
621 4577 812 4656 προύθοίλοντο,
823 4582 939 4657 λέγοντες

163 4667 189 4720 ἐν
215 4664 304 4743 χερσίν
329 4653 396 4721 εἶναι
416 4666 459 4720 τόν
480 4669 531 4720 τῶν
556 4667 731 4744 ἀρχαιρεσίων
756 4670 865 4747 καιρόν,
894 4668 937 4724 καὶ

110 4763 117 4773 ’
163 4753 215 4809 δεῖν
233 4753 324 4819 αὐτοὺς
344 4754 456 4818 ίιποίτους
472 4756 574 4832 πρῶτον
598 4756 752 4823 ἀποδεῖξαι·
775 4759 893 4827 ποιήσειν
911 4755 937 4812 δὲ

164 4845 239 4897 τοῦτο
258 4845 305 4900 οὐκ
320 4845 354 4908 είς
370 4842 485 4920 μακρόν.
530 4842 748 4921 ’.λποδειχθέντων
765 4846 792 4902 δὲ
807 4851 858 4904 τῶν
873 4845 938 4902 ὑποί-

163 4950 214 4983 των
238 4933 295 4995 μετ’
309 4931 414 4988 ἐκείνοιν
432 4931 520 5007 ἔλεγον
545 4931 657 4990 ἀνοίσειν
678 4935 715 5010 τῷ
743 4933 869 5012 συνεδρίῳ
890 4930 937 5001 τὴν

164 5016 222 5091 περὶ
239 5019 290 5071 τῶν
305 5024 450 5092 νομοθετῶν
475 5020 626 5096 διοίγνωσιν.
672 5020 883 5098 Συγχωροόντων
911 5019 936 5077 δὲ

163 5104 214 5157 τῶν
230 5101 391 5179 δημάρχων,
408 5106 544 5182 προθέντες
569 5106 724 5185 ἀρχαιρέσια
741 5108 831 5182 πολλῶ
845 5107 936 5184 τάχιον

689 274 857 339 [λίθλΎὸΙΙ
877 277 1256 341 flnbrcnuunssuusts

999 421 1116 473 Romanis
1127 420 1261 473 introducti
1286 424 1352 472 suot.
1385 420 1435 472 Ubi
1455 434 1516 473 uero
1534 422 1795 483 animadverterunt,

998 533 1059 585 eleos
1073 535 1122 586 ists
1133 550 1182 587 non
1202 535 1333 600 respicere,
1355 534 1472 600 nulleque
1485 535 1553 601 tongi
1565 536 1761 601 misericordis,
1768 546 1796 591 et

998 646 1045 711 ipsi
1055 646 1139 699 divino
1150 649 1229 699 cultui
1244 648 1427 700 valedixerunt.
1460 652 1490 700 ln
1502 650 1552 700 bue
1562 652 1716 705 oslsmitnte
1729 655 1797 709 ulter

998 764 1092 824 consul,
1107 764 1166 818 Sex,
1179 763 1322 825 Quintilius,
1339 767 1453 814 montius
1461 768 1509 827 est,
1521 768 1548 814 et
1565 767 1610 829 Sp.
1626 767 1734 831 Furius,
1748 774 1794 835 qui

998 875 1021 925 ei
1033 874 1178 941 subregulus
1192 879 1281 939 tuerat,
1296 881 1322 928 et
1334 881 1442 941 quotuor
1453 892 1486 930 ex
1495 879 1655 932 tribunorum
1672 885 1795 950 collegio,

998 996 1123 1042 senatores
1135 1006 1235 1057 quoque
1245 993 1318 1044 motti
1328 1007 1356 1043 se
1367 994 1433 1044 boui.
1469 995 1534 1045 Urbe
1547 995 1627 1059 igitur
1637 998 1689 1049 boe
1702 1002 1795 1054 morbo

998 1107 1126 1173 implicite,
1144 1109 1218 1173 AEqui
1237 1109 1330 1160 bellum
1349 1110 1441 1175 populo
1464 1112 1574 1163 Romano
1592 1113 1689 1166 interre
1706 1118 1794 1169 coristi

999 1230 1072 1285 suut,
1087 1225 1154 1275 eluet
1168 1226 1221 1289 ejus
1238 1227 1381 1277 societatem
1403 1226 1464 1277 olias
1476 1230 1572 1291 gentes,
1588 1235 1722 1294 quotquot
1744 1236 1795 1284 Ro·

998 1340 1078 1390 ruanis
1099 1340 1205 1391 introiere
1226 1345 1305 1401 eruut,
1331 1342 1485 1407 perlegales
1508 1344 1676 1397 solicitoruut.
1715 1350 1794 1400 tisurt

998 1458 1082 1504 tumen
1096 1454 1223 1519 illieurpiss
1236 1470 1264 1505 ex
1278 1455 1380 1508 urbibus
1399 1458 1451 1507 suis
1474 1459 1535 1509 setis
1556 1465 1657 1511 mature
1677 1463 1793 1516 esttenete

998 1572 1141 1632 potuerunt.
1176 1573 1242 1620 Dum
1263 1571 1329 1622 enisu
1355 1570 1438 1621 oribue
1456 1586 1483 1623 se
1505 1573 1537 1623 orl
1556 1573 1653 1627 bellurn
1678 1592 1792 1643 appon-

1001 1686 1069 1746 bunt,
1087 1686 1154 1738 idern
1168 1688 1270 1738 morbus
1281 1703 1366 1740 eorum
1382 1689 1485 1754 populos
1500 1689 1600 1743 inussit
1635 1696 1690 1744 Nou
1706 1696 1791 1747 solum

1000 1808 1083 1854 auteur
1103 1806 1251 1867 AEquorum‚
1274 1805 1319 1855 sest
1337 1805 1411 1856 etiam
1425 1806 1576 1857 rotumum
1590 1813 1616 1859 et
1635 1810 1788 1865 Sabinorum

1000 1934 1086 1985 agrurn
1109 1924 1257 1985 peruagatus
1276 1924 1323 1983 est,
1347 1935 1509 1987 magnumque
1525 1923 1671 1975 bominibus
1685 1928 1788 1981 eisdem

1000 2036 1092 2086 attulit.
1124 2040 1179 2095 Quo
1193 2037 1257 2087 urrato
1266 2037 1357 2088 oceidit
1369 2041 1406 2097 ut,
1417 2037 1528 2102 neglecte
1537 2051 1569 2089 so
1581 2040 1700 2105 impertita
1714 2060 1788 2107 ugro-

1001 2164 1056 2200 rusn
1067 2150 1173 2210 culture,
1193 2151 1272 2201 tornes
1288 2152 1321 2202 ad
1339 2155 1435 2216 pestem
1454 2152 1589 2205 oooeouee
1624 2156 1670 2205 itis
1681 2171 1778 2206 romu-

999 2264 1067 2315 libus
1088 2264 1120 2314 ob
1135 2264 1301 2328 pestilentium
1319 2265 1379 2316 nihil
1403 2266 1500 2317 militiae
1513 2265 1610 2319 tlornire
1630 2272 1727 2330 gestum
1737 2274 1777 2322 est

999 2379 1101 2445 dignum
1112 2380 1178 2445 quod
1190 2382 1316 2432 memorie
1327 2381 1480 2446 proderetur.

1031 2726 1093 2774 Lll'.
1109 2728 1178 2773 nuno
1190 2721 1301 2786 sequenti
1322 2722 1437 2772 eonsules
1452 2723 1529 2773 oresti
1540 2728 1600 2775 sunt
1614 2728 1643 2776 L.
1656 2727 1786 2778 Menenius

1001 2816 1027 2862 et
1038 2814 1065 2862 P.
1077 2812 1188 2861 Sestius:
1202 2809 1340 2874 pestilentis
1352 2813 1435 2860 eutem
1448 2812 1547 2874 punitus
1559 2815 1678 2865 cessarit.
1695 2818 1785 2867 Postea

1002 2913 1061 2949 uero
1073 2897 1104 2947 sd
1122 2895 1229 2959 agendas
1241 2896 1289 2945 diis
1307 2896 1399 2957 pretias
1411 2896 1510 2960 publiee
1526 2905 1630 2963 pereetu
1649 2903 1784 2961 surrilis-ie,

1001 2987 1102 3050 ludique
1123 2985 1230 3049 insignes
1248 2983 1489 3049 magnificentissime
1508 2987 1584 3049 teeti3
1597 2994 1719 3054 tetrisque
1738 3006 1785 3055 po·

1000 3074 1073 3138 putus
1083 3071 1229 3135 (uerisimile
1244 3073 1292 3134 est)
1304 3071 1375 3134 genio
1389 3071 1538 3136 iniungebat,
1560 3079 1586 3124 et
1598 3076 1623 3125 iu
1640 3079 1786 3141 epulationi-

1000 3165 1047 3214 bus
1069 3164 1129 3217 erut,
1155 3163 1257 3222 totoque
1280 3160 1366 3221 lryeurs
1384 3160 1418 3210 ita
1441 3164 1480 3211 est
1505 3168 1643 3214 consumto.
1680 3169 1785 3217 ineunte

1000 3250 1312 3309 rer·e,rnultu1ntruurenti
1331 3266 1362 3301 ex
1372 3252 1445 3302 uariis
1460 3253 1569 3316 partibus
1584 3259 1783 3317 comportatum,

1000 3342 1112 3404 etruajor
1126 3355 1182 3404 pers
1196 3353 1226 3387 ex
1241 3341 1329 3389 turario
1351 3346 1460 3399 euerritur,
1490 3344 1598 3393 nonnihil
1616 3346 1719 3395 etiamn
1738 3348 1785 3410 pri-

1002 3432 1065 3481 vatis
1075 3433 1267 3497 negotiatoribus
1280 3434 1421 3483 advectum.
1456 3433 1564 3496 Populus
1588 3435 1655 3483 enirn
1667 3448 1717 3483 nou
1729 3449 1783 3484 rnre·

1000 3519 1308 3572 diocritereomrueatuum
1319 3522 1401 3585 iuopia
1411 3521 1553 3577 laborabat,
1571 3522 1637 3583 quod
1653 3523 1721 3586 egri,
1738 3537 1782 3572 eo-

1001 3610 1062 3660 louis
1075 3611 1213 3674 pestilentie
1227 3611 1361 3671 absumtis,
1375 3610 1461 3660 inculti
1474 3610 1553 3660 relieti
1564 3610 1676 3661 tuissent.
1688 3612 1783 3661 Euderu

1000 3704 1111 3763 tempore
1132 3700 1223 3749 reversi
1232 3703 1290 3749 sunt
1301 3700 1373 3763 legati
1385 3713 1443 3748 eum
1451 3697 1558 3762 legibus,
1571 3712 1632 3760 quos
1644 3700 1784 3751 atterebant

1000 3787 1100 3837 Athenis
1109 3792 1134 3838 et
1146 3803 1177 3837 ex
1195 3788 1249 3839 aliis
1260 3790 1354 3838 Grecis
1366 3787 1480 3845 urbibus,
1495 3801 1552 3849 quu·
1566 3787 1590 3834 iu
1611 3786 1680 3835 ttuliu
1699 3793 1780 3839 erant.

1000 3879 1107 3939 Moxque
1134 3876 1226 3926 tribuni
1257 3872 1335 3939 plebis
1363 3875 1476 3924 eonsules
1507 3874 1635 3932 udieruut,
1667 3877 1780 3937 pustula·

999 3969 1105 4028 suntque
1118 3970 1147 4013 ut
1169 3978 1200 4013 ex
1222 3964 1435 4014 serratuseuusulto
1459 3963 1632 4026 legumlatores
1654 3969 1778 4015 crearent.

999 4052 1036 4101 lili
1051 4067 1109 4102 uero
1123 4068 1199 4116 quuur
1214 4053 1351 4111 nescirent,
1368 4065 1475 4114 quonam
1494 4050 1567 4100 morlo
1588 4064 1640 4107 eus,
1655 4051 1782 4103 coutinuis

999 4141 1115 4204 precibus
1134 4156 1160 4190 se
1188 4140 1369 4195 obturuleutes,
1393 4138 1550 4202 ablegarent,
1574 4152 1700 4201 quumque
1727 4134 1779 4213 reus

998 4243 1052 4279 reum
1066 4230 1168 4279 rrroleste
1183 4228 1283 4288 terrent,
1298 4242 1343 4277 uee
1360 4226 1513 4276 ‹louriusturn
1529 4227 1675 4289 optimatum
1687 4227 1778 4279 uellent

998 4320 1096 4375 tollere,
1115 4321 1245 4369 bubulum
1261 4333 1289 4366 ue
1310 4318 1447 4382 speciosum
1461 4330 1574 4366 caussam
1595 4322 1775 4379 pretexenres,

998 4424 1047 4458 reru
1071 4411 1227 4459 distulerunt.
1263 4408 1384 4456 ltixerunt
1409 4408 1487 4466 enim,
1507 4406 1661 4456 cornitiorum
1677 4409 1779 4471 ternpus

996 4499 1100 4559 instare,
1119 4502 1143 4545 et
1158 4497 1271 4545 eurrsules
1292 4495 1337 4543 sibi
1356 4495 1423 4559 prius
1434 4494 1599 4556 designandos
1613 4513 1619 4543 ι
1635 4500 1783 4547 rosentem

995 4585 1062 4634 lueri
1082 4591 1192 4635 creatum
1212 4586 1248 4633 iri.
1286 4584 1424 4645 llesigrrutis
1446 4597 1504 4632 vero
1522 4583 1676 4643 consulibus,
1702 4584 1780 4637 dixe-

995 4679 1052 4722 runt
1074 4688 1100 4722 se
1114 4690 1160 4721 uun
1177 4690 1234 4723 euur
1262 4674 1309 4722 illis
1334 4673 1364 4722 rte
1386 4672 1591 4735 legumlatoribus
1607 4673 1639 4721 uri
1661 4680 1780 4725 sonetum

995 4764 1122 4812 relaturos.
1157 4764 1323 4825 Tribunisque
1339 4763 1362 4811 iul
1386 4762 1594 4823 eoncedentibus,
1617 4762 1719 4813 indietis
1732 4779 1778 4814 ro-

994 4853 1069 4901 ruitiis
1082 4851 1152 4912 louge
1164 4853 1285 4900 erraturius
1301 4852 1386 4907 solito,
1402 4850 1517 4899 eonsules
1535 4852 1697 4911 designarunt
1713 4858 1774 4916 App.

996 4940 1124 4989 Claudiurn
1150 4943 1175 4988 et.
1198 4942 1226 4987 T.
1259 4939 1404 4989 Gerrueiuru.
1441 4937 1532 4987 lteinde
1561 4939 1675 5001 deposita
1708 4941 1774 4989 oruui

995 5026 1135 5088 reipubliere
1147 5041 1215 5085 euru,
1227 5028 1296 5089 quusi
1311 5028 1341 5074 uri
1357 5026 1416 5075 relies
1431 5027 1483 5074 lrrur
1494 5028 1545 5088 jaun
1560 5028 1707 5090 pertineret,
1725 5027 1773 5076 tri-

995 5113 1152 5163 buuisuures
1177 5114 1282 5176 uruplius
1309 5129 1355 5162 uou
1378 5114 1520 5175 purebebuut
1541 5133 1547 5162 ;
1577 5116 1622 5165 sert
1648 5115 1775 5179 reliquum
