3772 5828
187 365 246 424 230

189 496 290 575 λογίας,
299 493 449 554 ὑπετίθεντο
458 491 572 562 καὶτοὺς
580 491 699 572 τρόπους,
711 483 748 556 οἷς
758 490 812 550 ἔδει
826 490 856 548 τδ
868 493 968 562 πλῆθος

190 584 406 665 ἀποθεραπεύειν,
421 582 610 661 ἀπελογίζοντο.
652 580 738 646 Αὐτδς
752 579 803 637 δ’ὁ
823 579 968 658 Ταρκύνιος

190 672 289 735 τούτων
304 671 352 748 μέν
368 672 470 737 οὐδενὸς
484 671 533 751 ἐφη
549 671 601 728 δεῖν
617 670 669 736 τοῖς
678 668 846 746 πράγμασιν,
857 668 925 727 ἰδίαν
941 667 968 726 δέ

189 765 297 842 γνώμην
325 760 505 830 ἀπεδείκνυτο,
531 759 568 834 μὴ
593 758 628 817 τά
653 756 866 836 κατηγορηθέντα
887 756 969 828 λύειν,

150 873 163 910 ο
190 852 259 913 ἀλλά
281 851 326 910 τὸν
353 847 573 925 κατηγορήσαντα
608 848 733 924 ἀναιρεῖν.
790 844 968 906 Ἐπαινεσάν-

190 966 242 999 των
262 940 290 998 δέ
304 938 353 1010 τὴν
369 936 477 1016 γνώμην
490 935 625 1006 ἁπάντων,
637 932 828 1013 συνταξάμενος
842 934 901 1010 μετ’
916 936 966 993 αύ-

159 1024 162 1031 ’
191 1032 242 1087 τῶν
263 1027 297 1085 τδι
320 1025 389 1085 κατὰ
407 1024 455 1094 τὴν
480 1023 613 1095 ἐπίθεσιν,
635 1022 775 1103 πράγματι
799 1021 967 1102 ἐπεχείρησεν

190 1117 286 1188 ἥκιστα
303 1114 441 1192 δυναμένῳ
456 1118 546 1171 πεσεῖν
560 1114 597 1177 είς
610 1110 736 1191 πρόνοιαν
746 1113 911 1190 ἀνθρωπίνην
922 1109 968 1169 καλ

190 1203 321 1288 φυλακήν.
363 1204 426 1263 Τῶν
438 1201 489 1280 γάρ
502 1202 738 1280 παρακομιζόντων
751 1202 787 1262 τά
802 1200 826 1260 θ’
839 1202 967 1279 ὑποζύγια

141 1316 167 1356 ro
191 1295 236 1353 καὶ
246 1292 293 1365 τλν
310 1289 462 1361 ἀποσκευὴν
476 1296 523 1348 τοῦ
545 1293 648 1371 Τύρνου
664 1290 829 1369 θεραπόντων
842 1289 903 1358 τοδς
916 1312 968 1351 πο-

191 1384 349 1462 νηροτάτους
361 1378 472 1460 ἐξευρὼν
485 1386 531 1437 καί
543 1380 693 1459 διαφθείρας
705 1379 859 1460 χρήμασιν,
869 1380 969 1441 ἐπειθεν

193 1474 244 1534 ύπδ
260 1472 343 1531 νύκτα
360 1469 420 1547 ξίφη
437 1468 522 1525 πολλὰ
538 1467 604 1548 παρ’
615 1469 695 1527 αὐτοῦ
711 1467 840 1534 λαόόντας
855 1471 971 1549 εἰσενεγ-

194 1565 248 1622 κεῖν
266 1563 303 1628 είς
320 1559 369 1630 τλν
385 1557 529 1616 κατάλυσιν
541 1563 586 1614 τοῦ
609 1555 736 1615 δεσπότου
759 1556 805 1615 καί
827 1556 971 1618 ἀποθέσθαι

195 1651 344 1733 κρύψαντας
357 1650 384 1707 ἐν
407 1647 460 1712 τοῖς
480 1645 658 1726 σκευοφόροις.
701 1646 745 1725 Τῇ
764 1644 786 1702 δ’
806 1645 863 1717 ἑξῆς
883 1647 970 1728 ἡμέρᾳ

142 1759 167 1798 15
194 1737 366 1819 συναχθείσης
377 1736 519 1806 ἐκκλησίας
530 1733 679 1813 παρελθών,
692 1733 759 1815 ύπέρ
770 1733 818 1813 μέν
828 1737 972 1807 τῶνκατη-

192 1826 352 1907 γορηθέντων
364 1830 492 1905 βραχεῖαν
505 1825 592 1904 ἔλεγεν
608 1815 675 1884 εἶναι
693 1822 740 1895 τὴν
755 1823 911 1903 ἀπολογίαν,
926 1825 972 1885 καί

193 1913 319 1985 Ιδικαστὴν
328 1914 451 1972 ἁπάντων
462 1916 576 1973 ἐποιεῖτο
587 1917 639 1971 τῶν
653 1912 828 1990 ἐγκλημάτων
838 1913 917 1971 αύτδν
927 1913 973 1973 τδν

194 2002 347 2082 κατήγορον.
392 2031 403 2054 ι
420 2003 519 2062 Οὑτοσὶ
533 2002 597 2080 γὰρ,
611 2001 669 2080 ἔφη,
686 2003 712 2061 Τ
713 1999 798 2078 ύρνος,
809 1990 832 2059 ιδ
843 1998 971 2082 σύνεδροι,

196 2121 208 2143 ι
229 2091 329 2152 τούτων
342 2082 379 2150 ὧν
391 2092 447 2150 νυνί
459 2113 510 2168 μου
521 2091 664 2169 κατηγορεῖ
673 2089 781 2148 πάντων
793 2088 919 2161 δικαστὴς
928 2112 972 2165 γε-

143 2200 170 2239 nn
195 2208 206 2231 ι
229 2180 352 2255 νόμενας,
367 2180 443 2247 αύτδς
455 2178 568 2238 ἀπελυσί
582 2201 629 2254 με,
652 2176 695 2235 ὅτε
719 2177 767 2249 τὴν
780 2179 910 2257 θυγατέρα
925 2178 972 2249 τήν

195 2296 206 2319 ι
230 2267 296 2345 ἐμὴν
309 2268 436 2327 ἐύούλετο
444 2267 538 2327 λαθεῖν
548 2275 670 2346 γυναῖκα.
712 2267 791 2327 Ἐπεὶ
801 2269 826 2326 δ’
836 2266 972 2341 ἀπηξιώθη

200 2386 211 2405 a
232 2360 283 2414 τῶν
308 2357 401 2433 γάμων
417 2358 490 2415 Ικατδι
513 2357 543 2415 τδ
561 2358 642 2424 εἰκός·
657 2355 695 2424 τίς
713 2356 764 2437 γάρ
785 2355 889 2415 ἀντῶν
914 2363 974 2416 νοῦν

197 2474 208 2495 ν
231 2443 344 2525 ἐχόντων
360 2445 496 2523 Μαμίλιον
510 2446 555 2504 τὸν
569 2444 754 2524 εὐγενέστατόν
769 2469 797 2504 τε
813 2444 859 2504 καὶ
879 2447 972 2526 κράτι-

198 2563 208 2585 a
231 2557 292 2594 στον
302 2535 423 2594 Λατίνων
433 2535 585 2605 ἀπεώσατο,
595 2539 686 2595 τοῦτον
699 2536 727 2594 δέ
739 2537 869 2607 κηδεστὴν
879 2536 975 2608 ἠξίωσε

157 2644 165 2654 ·
197 2652 208 2673 ·
229 2624 338 2695 λαόεῖν,
353 2624 447 2691 braid
455 2626 493 2690 είς
502 2625 590 2704 τρίτον
601 2624 710 2686 πάππον
720 2627 867 2703 ἀνενεγκεῖν
875 2624 933 2705 ἔχει
944 2626 975 2684 τὸ

197 2741 208 2763 ν
230 2714 320 2790 γένος;
339 2716 494 2791 ἀγανακτῶν
504 2712 548 2772 ἐπί
565 2713 649 2793 τούτῳ
665 2719 709 2773 νῦν
724 2713 783 2787 ἥκει
797 2737 847 2791 μου
857 2737 975 2792 κατηγο·

197 2832 208 2852 a
233 2805 296 2881 ρῶν·
306 2802 359 2861 ἔδει
371 2801 395 2859 δ’
406 2802 526 2873 αὖτδν,εί
540 2799 587 2877 μέν
601 2801 660 2882 ᾔδει
672 2824 705 2876 με
718 2809 833 2863 τοιοῦτον
848 2802 910 2861 όντα
922 2794 976 2865 οἷον

197 2919 209 2942 a
232 2896 276 2948 νῦν
288 2891 424 2963 αἰτιᾶται,
441 2890 478 2966 μὴ
493 2893 684 2968 προθυμεῖσθαι
696 2888 787 2948 latria
802 2890 861 2949 τότε
885 2896 976 2951 πενθε·

200 3008 210 3029 ν
235 2978 288 3056 ρόν·
305 2981 327 3037 εἰ
340 2977 367 3037 δέ
381 2979 498 3058 χρηστὸν
512 2976 639 3054 ἐνόμιζεν,
655 2977 697 3036 ὅτε
713 2977 760 3048 τὴν
783 2979 914 3059 θυγατέρα
942 3003 975 3055 με

231 3067 331 3143 ᾐτεῖτο,
356 3065 423 3143 μηδὲ
447 3071 493 3122 νῦν
514 3068 549 3130 ὡς
571 3070 685 3140 πονηροῦ
705 3075 874 3143 κατηγορεῖν.
923 3069 975 3128 Καὶ

198 3183 208 3206 ι
231 3154 292 3234 περί
310 3153 358 3231 ptr
369 3159 484 3231 ἐμαυτοῦ
500 3157 614 3211 τοσαῦτα
630 3155 708 3232 λέγω.
751 3151 832 3230 Ὑμῖν
845 3153 883 3226 δέ,
895 3145 918 3214 ἀν
932 3155 978 3214 σύ-

199 3273 210 3295 a
232 3244 327 3323 νεδροι,
343 3242 470 3301 κινδύνοιν
484 3241 529 3299 τδν
552 3239 675 3316 μέγιστον
690 3238 846 3321 τρέχουσιν,
866 3246 895 3301 οὐ
915 3245 976 3322 περὶ

199 3362 210 3386 ι
233 3334 297 3411 ἐμοῦ
310 3330 438 3391 σκεπτέον
445 3331 503 3391 ἐστὶ
512 3331 568 3388 νυνί
577 3375 585 3402 ‚
595 3329 694 3409 πότερα
705 3331 821 3411 χρηστὸς
832 3330 850 3403 ἢ
866 3335 978 3414 πονηρός

200 3453 212 3474 a
232 3426 302 3500 εἰμι·
321 3422 394 3481 τουτί
415 3423 466 3500 γάρ
490 3421 593 3490 ἐξέσται
607 3421 652 3478 καί
667 3420 735 3496 μετά
748 3421 819 3482 ταῦθ’
836 3427 897 3499 ύμῖν
914 3448 977 3484 σκο-

198 3544 209 3566 ι
233 3524 307 3572 πεῖν·
329 3514 398 3571 ἀλλὰ
427 3512 487 3592 περὶ
514 3516 560 3584 τῆς
577 3514 651 3589 ὑμῶν
668 3515 754 3571 αὐτῶν
773 3514 917 3594 ἀσφαλείας
930 3517 975 3574 καί

198 3631 210 3653 ε
232 3602 293 3681 περὶ
305 3605 351 3671 τῆς
364 3605 414 3659 τῶν
426 3600 559 3679 πατρίδων
574 3601 732 3670 ἐλευθερίας.
756 3601 976 3664 Ἐπιδουλεύεσθε

201 3722 210 3741 a
234 3690 285 3769 γδιρ
294 3693 318 3749 οἱ
328 3693 530 3770 κορυφαιότατοι
538 3693 590 3749 τῶν
601 3693 627 3748 ἐν
639 3692 695 3755 ταῖς
705 3691 798 3750 πόλεσι
806 3694 852 3751 καί
860 3694 894 3752 τδι
904 3693 978 3754 κοινδι

200 3810 211 3831 a
233 3779 391 3857 πρέποντες
402 3780 452 3836 ύπδ
463 3785 508 3837 τοῦ
518 3781 599 3837 καλοῦ
609 3780 702 3838 τούτου
717 3782 887 3859 δημαγωγοῦ,
899 3806 980 3864 παρε·

200 3896 212 3918 ν
235 3867 379 3925 οκεύασταί
397 3890 425 3924 τε
440 3866 501 3932 τοῦς
520 3868 743 3947 ἐπιφανεστάτους
758 3872 834 3943 ὑμῶν
854 3872 979 3931 ἀποκτεί·

201 3982 211 4002 a
234 3977 279 4020 νας
290 3953 424 4012 ἐπιθέσθαι
437 3959 470 4033 τῇ
483 3955 605 4015 Λατίνων
617 3955 702 4034 ἀρχῇ,
715 3956 760 4012 καί
771 3956 816 4014 ἐπὶ
827 3957 898 4014 τοῦθ’
908 3958 979 4027 ἥκει,

202 4071 212 4093 ν
235 4044 329 4101 Ἰἀῦτα
346 4045 433 4101 δὀὐκ
451 4045 574 4118 εἰκάζειν,
594 4042 653 4103 ἀλλ’
672 4042 788 4123 ἀκριόίός
808 4046 982 4124 ἐπιστάμενος

203 4158 214 4181 ιι
234 4130 316 4206 λέγω,
342 4131 478 4205 μηνύσεώς
495 4156 539 4208 μοι
560 4131 701 4210 γενομένης
717 4133 744 4190 ἐν
760 4136 793 4211 τῇ
809 4135 978 4218 παρελθούσῃ

202 4248 214 4272 ι
235 4221 310 4277 νυκτί
323 4221 374 4277 ύπό
385 4244 453 4289 τινος
462 4226 515 4282 τῶν
528 4222 732 4304 μετεσχηκότων
744 4227 792 4296 τῆς
803 4228 979 4305 συνωμοσίας.

203 4339 215 4360 ι
235 4307 388 4383 Ἰἐκμήριον
412 4312 434 4367 δ’
455 4314 516 4386 ύμῖν
538 4312 687 4391 παρέξομαι
711 4317 765 4372 τῶν
797 4315 880 4393 λόγοιν
906 4316 982 4397 ἔργον

149 4428 174 4467 45
205 4429 216 4451 ι
241 4397 451 4475 ἀναμφίλεκτον,
465 4400 509 4458 ita
525 4402 654 4474 θελήσητε
668 4404 752 4461 ἐλθεῖν
767 4403 809 4463 ἐπί
831 4401 880 4475 τὴν
896 4406 981 4466 κατά·

203 4515 214 4539 a
239 4490 314 4544 λυσιν
328 4490 408 4543 αὐτοῦ
417 4532 424 4557 ,
433 4490 467 4547 τδι
477 4490 649 4569 κεκρυμμένα
659 4495 685 4551 ἐν
698 4495 764 4569 αὐτῇ
776 4490 862 4560 δείξας
873 4489 954 4556 ὅπλα.
969 4521 980 4545 ν

243 4575 371 4634 xblltt.
396 4574 441 4639 Ὠς
456 4578 483 4632 δέ
498 4581 573 4635 ταῦτ’
588 4570 672 4656 εἶπεν,
686 4578 833 4651 ἀνεόόηοάν
846 4603 875 4640 τε
887 4580 982 4649 πάντες

203 4663 248 4722 καῖ
269 4662 328 4736 περὶ
349 4663 401 4727 τοῖς
422 4663 531 4742 ἀνδράσι
555 4665 665 4733 δεδιότες
686 4666 803 4747 ἐλέγχειν
822 4667 852 4726 τδ
870 4679 983 4748 πρᾶγμα

192 4753 248 4810 ’καί
260 4750 298 4825 μὴ
309 4752 454 4829 φενακίζειν
471 4750 567 4822 ἠξίουν.
611 4754 665 4814 Καὶ
678 4757 692 4812 ό
706 4757 818 4832 Τύρνος,
830 4747 872 4816 οἷα
886 4758 917 4828 δὴ
934 4757 982 4827 τὴν

149 4872 177 4911 50
205 4839 346 4911 ἐπιόουλὴν
361 4842 391 4900 οὐ
409 4840 589 4918 προεγνωκώς,
608 4843 720 4920 ἀσμενος
731 4844 779 4916 τὴν
795 4845 912 4914 ἐξέτασιν
932 4847 981 4927 ἔφη

204 4928 325 5004 δέχεσθαι
340 4930 384 4987 καὶ
399 4929 457 4994 τοὺς
471 4929 612 5009 προέδρους
628 4931 671 4991 ἐπὶ
682 4932 730 5004 τὴν
745 4933 851 5014 ἔρευναν
870 4938 918 5006 τῆς
933 4958 982 4992 κα-

204 5013 337 5081 ταλύσεται
354 5022 452 5090 ἐκάλει,
463 5019 508 5076 καὶ
520 5021 588 5079 δυεῖν
602 5020 723 5094 γενέσθαι
734 5022 842 5103 θάτερον
852 5022 901 5105 ἔφη
919 5024 981 5095 δεῖν,

206 5100 222 5168 ἢ
247 5101 323 5166 norb<
350 5109 507 5181 ἀποθανεῖν,
540 5109 585 5167 rm
617 5115 707 5189 εὑρεθῇ
735 5111 982 5192 παρεσκευασμένος

205 5187 265 5248 ὅπλ’
280 5186 328 5253 ἔξω
342 5194 393 5247 τῶν
410 5195 524 5268 ἐνοδίων,
547 5196 624 5267 ἢτδν
645 5200 878 5280 καταψευσάμενον
902 5201 983 5260 αὐτοῦ

687 357 877 419 modist!
899 354 1278 419 HALICARNASSENSIS
1309 396 1312 403 ,

1022 498 1159 550 nevolentta
1179 499 1245 549 esset
1268 496 1420 547 concilianda
1442 495 1507 548 tuter
1530 509 1557 546 se
1579 495 1800 553 munerabantur

1023 595 1056 642 st
1069 592 1122 657 ipse
1135 589 1284 654 Tarquinius
1295 588 1334 639 lris
1346 588 1420 639 rebus
1431 601 1479 639 unu
1490 600 1554 652 opus
1572 601 1630 641 csse
1642 590 1718 653 dixit,
1730 606 1815 644 suarn-

1023 699 1073 749 qne
1101 684 1248 736 sententiam
1266 682 1364 748 aperuit
1387 699 1393 730 τ
1426 694 1475 732 nnn
1502 681 1594 733 debere
1623 696 1677 736 sese
1693 685 1733 736 bna
1754 688 1806 737 cri.

1021 777 1089 829 ruina
1115 776 1249 828 refellendo
1270 775 1378 837 diluere,
1399 775 1445 827 sed
1462 775 1542 841 ipsum
1558 781 1728 830 accusatorem
1750 794 1807 832 esse

1023 869 1158 921 demedio
1181 868 1326 920 tollendum.
1359 869 1420 918 liius
1440 871 1526 920 nutem
1553 872 1728 924 sententiaeb
1750 889 1806 924 om-

1022 964 1094 1016 nibns
1102 963 1248 1024 collaudata,
1260 976 1291 1014 cx
1301 962 1438 1026 composito
1451 961 1553 1015 insidias
1564 967 1663 1027 struxit,
1670 980 1728 1031 quse
1739 982 1805 1018 nun-

1022 1073 1097 1124 quam
1122 1059 1148 1109 in
1173 1061 1281 1109 mentem
1303 1056 1358 1108 aliis
1385 1057 1484 1119 venire,
1512 1071 1592 1124 neque
1627 1059 1679 1110 ulla
1696 1060 1806 1111 lrumnnn

1022 1149 1177 1216 providentia
1191 1150 1324 1214 praecaveri
1340 1153 1449 1215 possem.
1488 1151 1553 1200 cum
1572 1152 1638 1202 enirn
1653 1152 1804 1210 invenisset.

1022 1248 1049 1297 ct
1061 1245 1165 1310 pecunia
1185 1243 1337 1308 corrupisset
1354 1256 1442 1294 servus
1458 1244 1641 1308 nequissimos,
1664 1245 1709 1309 qut
1731 1247 1808 1296 Turni

1023 1340 1133 1391 iumenta
1145 1337 1248 1402 agebant
1256 1339 1283 1388 el
1292 1337 1401 1388 sarcinas
1412 1339 1466 1402 ej·
1478 1337 1604 1399 serebant,
1617 1338 1665 1390 illis
1675 1336 1806 1403 persuasit,

1024 1434 1053 1482 ut
1067 1430 1115 1481 sub
1135 1432 1233 1480 noctem
1253 1427 1346 1479 multos
1364 1428 1459 1491 gladius
1477 1430 1615 1494 acciperent
1626 1429 1689 1482 etin
1711 1430 1807 1482 domini

1027 1523 1192 1575 diversorium
1213 1523 1343 1589 interrant,
1359 1521 1443 1587 ibique
1456 1522 1606 1588 deponerent
1620 1536 1650 1573 ac
1670 1525 1734 1575 inter
1754 1523 1808 1576 eius

1026 1620 1135 1669 sarcinas
1148 1617 1317 1670 reconderent.
1350 1617 1469 1682 Sequenti
1479 1617 1521 1668 die
1532 1620 1619 1668 coacto
1629 1617 1741 1675 coneilio,
1752 1631 1809 1682 pro·

1025 1711 1275 1776 gressusiumedlnm,
1292 1709 1363 1774 longa
1375 1709 1500 1773 oratioue,
1513 1723 1564 1776 qua
1582 1722 1610 1760 se
1622 1709 1653 1761 de
1666 1710 1808 1761 criminibus

1025 1801 1129 1854 obiectis
1157 1805 1280 1867 purgaret,
1303 1814 1366 1866 opus
1389 1816 1441 1853 nnn
1455 1814 1511 1855 esse
1533 1801 1610 1863 dixit,
1631 1816 1677 1855 nec
1695 1802 1808 1854 enimse

1026 1896 1107 1962 ipsum
1119 1900 1288 1947 accusatorem
1308 1894 1417 1947 iudicem
1441 1896 1552 1947 omnium
1566 1896 1699 1947 criminum
1720 1909 1807 1962 asper·

1027 1986 1089 2038 nari.
1100 2006 1113 2030 ε
1128 1988 1178 2037 isle
1190 1989 1257 2038 euim
1268 1989 1375 2049 Tamus,
1389 1987 1487 2052 inquit,
1501 2001 1653 2047 assessores,
1667 1987 1709 2039 bis
1727 1987 1809 2039 omui·

1028 2101 1041 2126 ι
1058 2082 1106 2133 bns
1115 2080 1268 2143 criminibus,
1280 2094 1337 2147 ηοω
1352 2080 1414 2133 mibi
1426 2093 1492 2132 nuuc
1502 2079 1597 2141 obiicit,
1613 2094 1660 2130 suo
1670 2084 1724 2145 ipss
1738 2081 1809 2134 iudi·

1028 2194 1041 2219 ι
1058 2175 1096 2226 cin
1110 2188 1150 2225 me
1164 2173 1278 2235 absolvit,
1297 2172 1394 2238 quando
1405 2172 1481 2224 tilium
1494 2184 1575 2224 meam
1589 2185 1691 2222 uxorem
1711 2172 1808 2223 ducere

1028 2289 1041 2315 ι
1058 2268 1165 2321 volebat.
1199 2269 1416 2329 Quoniamenim,
1429 2270 1458 2318 ut
1473 2280 1519 2331 par
1533 2271 1581 2328 eet,
1598 2278 1644 2331 ego
1663 2279 1720 2316 eum
1749 2266 1810 2316 iudi·

1029 2383 1041 2407 a
1058 2377 1133 2428 gnum
1147 2363 1194 2413 boc
1215 2362 1328 2426 coningio
1347 2360 1451 2412 iudicari
1470 2359 1545 2425 (quis
1556 2359 1622 2410 enim
1641 2361 1725 2409 mente
1744 2370 1810 2422 prae·

1030 2477 1042 2500 a
1058 2456 1128 2507 ditus
1156 2456 1292 2507 llamilium
1330 2453 1508 2505 nobilissimum
1531 2455 1557 2504 et
1585 2452 1810 2518 prestantissimum
1851 2458 1861 2479 ·

1030 2568 1043 2590 «ι
1061 2549 1204 2598 bannorum
1233 2547 1371 2612 repulisset,
1394 2548 1421 2598 et
1437 2544 1505 2596 hunc
1528 2557 1644 2608 generum
1664 2542 1712 2593 sibi
1731 2543 1811 2594 tacere

1032 2659 1045 2689 r
1060 2641 1204 2702 maluisset,
1219 2641 1263 2706 qui
1283 2653 1314 2690 ne
1329 2639 1438 2689 abarum
1453 2637 1554 2702 quidem
1568 2636 1693 2687 nominare
1703 2640 1784 2701 potest
1791 2639 1810 2698 t]

1030 2754 1043 2778 ε
1061 2733 1093 2784 ob
1112 2733 1159 2783 hoc
1182 2733 1347 2798 indignatione
1359 2745 1480 2783 accensus
1492 2744 1608 2781 uuncme
1623 2735 1730 2781 accusat.
1764 2730 1811 2781 scd

1031 2848 1044 2872 α
1062 2827 1198 2888 debuerat,
1211 2827 1233 2876 si
1250 2826 1343 2877 sciebat
1356 2839 1397 2876 mc
1411 2826 1485 2876 talem
1498 2823 1662 2889 csseqnatem
1673 2837 1738 2873 nunc
1749 2838 1810 2888 prae·

1031 2946 1043 2969 ι
1061 2923 1143 2982 dicat,
1157 2937 1206 2973 non
1217 2927 1278 2973 tunc
1290 2936 1372 2973 meam
1389 2922 1532 2974 affinitatem
1551 2922 1673 2984 expetere.
1706 2919 1811 2978 Quodsi

1032 3036 1044 3059 a
1063 3030 1122 3066 nero
1132 3030 1173 3065 mc
1180 3017 1260 3066 virum
1271 3016 1377 3080 probum
1387 3014 1565 3079 tuucputabat,
1575 3027 1632 3063 cum
1645 3013 1719 3063 tiliam
1730 3026 1812 3065 meam

1033 3109 1171 3174 «petebat,
1192 3122 1231 3158 mc
1245 3123 1311 3158 nunc
1331 3113 1359 3157 ut
1380 3107 1517 3172 improbum
1534 3119 1652 3157 accusare
1673 3119 1721 3155 non
1738 3106 1814 3157 debe·

1033 3222 1045 3245 ι
1064 3200 1116 3249 bat.
1150 3204 1231 3262 Atque
1255 3198 1310 3249 haec
1333 3198 1433 3262 quidem
1451 3212 1496 3262 pro
1513 3212 1554 3247 me
1567 3196 1704 3246 dictasint.
1737 3195 1815 3246 Vobis

1034 3313 1046 3336 ι
1064 3305 1137 3351 τετυ,
1153 3302 1300 3348 assessores,
1314 3292 1339 3340 in
1350 3289 1458 3341 maximo
1471 3290 1580 3354 periculo
1590 3288 1755 3352 versantibus,
1766 3303 1814 3340 non

1035 3406 1047 3429 a
1065 3389 1105 3435 est
1114 3384 1164 3435 iarn
1173 3384 1371 3446 consultandum,
1385 3388 1469 3434 utrum
1483 3397 1528 3447 ego
1537 3382 1629 3447 probus
1641 3395 1672 3432 aa
1685 3381 1814 3444 improbus

1035 3501 1048 3525 ι
1064 3482 1112 3532 sim
1128 3480 1190 3545 (trac
1202 3480 1266 3531 cuim
1276 3480 1308 3530 de
1321 3494 1350 3530 re
1361 3486 1384 3531 et
1396 3482 1482 3545 postca
1491 3479 1563 3529 vobis
1574 3477 1814 3538 licebitcousnltare)

1035 3595 1047 3618 u
1065 3574 1110 3625 sed
1126 3578 1217 3626 restra
1238 3575 1346 3639 ipsorum
1369 3572 1533 3624 incolumitati
1555 3575 1580 3623 et
1602 3572 1689 3636 patric
1706 3571 1815 3623 libertati

1034 3687 1048 3712 a
1067 3668 1252 3719 consulendum.
1288 3667 1386 3718 lusidim
1406 3669 1469 3718 cuim
1487 3667 1520 3717 ab
1542 3669 1590 3718 isto
1601 3668 1700 3732 egregio
1714 3668 1814 3718 concio·

1035 3782 1048 3806 ·‹
1065 3764 1151 3812 natorc
1165 3760 1318 3826 principibus
1328 3764 1354 3811 et
1375 3759 1511 3811 rectoribus
1529 3759 1657 3811 civitatum
1670 3763 1813 3818 struuntnr;

1036 3876 1048 3898 a
1066 3858 1092 3905 et
1106 3855 1157 3904 iam
1167 3856 1324 3919 paratusest,
1339 3853 1491 3904 nobilissimo
1500 3865 1599 3917 qunque
1610 3852 1643 3903 dc
1654 3854 1726 3904 robis
1739 3867 1813 3916 caso,

1037 3971 1049 3995 a
1067 3952 1210 4001 Latinorum
1231 3950 1362 4015 imperium
1376 3950 1494 4002 invadere
1509 3971 1515 3999 τ
1531 3954 1608 4013 alque
1623 3949 1712 4001 harde
1725 3964 1814 4001 caussa

1037 4063 1049 4088 a
1067 4043 1143 4093 veuit.
1177 4046 1236 4094 llaec
1258 4047 1341 4094 nutem
1354 4056 1414 4107 ego,
1437 4059 1485 4094 nou
1505 4044 1654 4095 coniecturis
1667 4042 1750 4105 uirus,
1772 4043 1815 4095 sed

1037 4153 1049 4177 r
1067 4137 1135 4185 certo
1158 4134 1239 4185 sciens
1254 4135 1320 4193 dico,
1334 4135 1431 4186 indicite
1445 4138 1570 4201 superiore
1583 4141 1655 4186 nocte
1666 4135 1698 4185 ad
1714 4149 1755 4187 me
1772 4136 1816 4187 de·

1037 4249 1050 4274 a
1069 4227 1126 4278 latis
1138 4241 1152 4278 a
1166 4228 1274 4292 quodam
1289 4230 1465 4280 coniurationis
1479 4231 1562 4287 socio,
1577 4232 1749 4293 argumentum
1768 4244 1816 4280 au·

1038 4341 1049 4364 a
1067 4325 1119 4371 tem
1130 4319 1201 4369 vobis
1216 4321 1334 4379 alterurn,
1348 4337 1399 4385 quo
1413 4323 1519 4372 urationi
1533 4336 1594 4373 mese
1613 4322 1686 4372 tidem
1710 4323 1816 4386 taciem,

1037 4433 1049 4456 τ
1068 4432 1121 4468 τοττι
1136 4413 1237 4463 minime
1251 4414 1365 4476 dubiam;
1386 4416 1406 4465 si
1426 4416 1587 4466 diversorium
1609 4416 1663 4466 aius
1684 4415 1752 4467 adire
1772 4431 1817 4466 vo·

1038 4524 1051 4549 ιι
1069 4507 1171 4566 lueritis,
1190 4522 1257 4556 arma
1271 4508 1304 4558 ibi
1314 4509 1412 4559 occulta
1423 4509 1493 4558 vobis
1508 4514 1662 4562 ostensurus.
1679 4530 1692 4554 r·

1068 4597 1177 4646 llLl'lll.
1195 4598 1258 4652 Qum
1274 4610 1331 4646 cum
1349 4598 1467 4657 dixisset,
1481 4598 1612 4648 clamorem
1623 4612 1710 4650 omnes
1730 4601 1816 4649 sustu·

1036 4682 1116 4732 lerunt
1127 4683 1173 4733 viri
1185 4685 1300 4733 timentes
1311 4688 1345 4745 ct,
1362 4690 1390 4735 ut
1403 4699 1454 4733 reru
1470 4686 1587 4737 indicaret
1598 4726 1604 4745 ,
1617 4701 1697 4752 neque
1711 4687 1756 4736 sibi
1770 4688 1818 4737 im·

1036 4773 1149 4835 poneret,
1168 4772 1335 4834 postularunt.
1368 4776 1465 4823 Turnus
1480 4788 1538 4824 vcro
1548 4814 1553 4834 ,
1565 4775 1707 4839 quippequi
1717 4775 1817 4824 insidias

1037 4873 1084 4909 non
1100 4859 1284 4922 prumensissct,
1296 4861 1360 4910 dixit
1378 4875 1405 4911 se
1423 4861 1537 4912 lubenter
1549 4864 1616 4914 illam
1633 4863 1816 4926 inquisitionem

1037 4947 1181 5007 admittere,
1204 4952 1230 4998 ct
1249 4948 1370 5012 primores
1389 4962 1519 4999 consessus
1534 4953 1565 5001 ad
1582 4966 1650 5003 arma
1666 4953 1691 5003 in
1712 4950 1818 5015 bospitio

1037 5047 1082 5085 suo
1094 5033 1226 5084 scrutanda
1237 5034 1349 5092 vocarit,
1364 5039 1389 5083 ct
1403 5047 1417 5083 e
1431 5034 1527 5084 duobus
1545 5039 1651 5089 alterum
1671 5036 1724 5088 lieri
1741 5048 1817 5102 opor·

1037 5129 1091 5174 tere
1114 5121 1191 5183 nint,
1204 5123 1244 5173 rel
1255 5137 1282 5173 se
1306 5122 1366 5172 mori
1386 5123 1406 5172 si
1422 5128 1573 5188 compertum
1590 5128 1678 5179 luisset
1691 5126 1816 5177 alinarma

1038 5214 1172 5276 praterea,
1186 5213 1275 5276 quaein
1286 5211 1372 5264 itincre
1388 5210 1452 5264 terre
1467 5212 1585 5265 solebnta
1599 5230 1626 5267 se
1636 5220 1721 5281 parata
1731 5215 1816 5276 luisse,
