3772 5828
179 338 236 398 ll8

177 495 190 522 ι
206 469 271 533 λιως
295 466 356 543 ἄγος
371 466 553 544 ἀφάγνισον.»
596 467 681 524 Ταῦτ’
703 467 826 525 εἰποῦσαν
843 467 887 524 καὶ
906 489 954 524 πε*

179 554 337 637 ριρρήξασαν
362 556 414 612 ἀπὸ
434 557 480 625 τῆς
503 553 668 632 καρπασίνης
684 555 805 625 έσθῆτος,
818 552 850 623 ἢν
863 554 954 632 ἔτυχεν

178 644 345 715 ἐνδεδυκυῖα,
359 644 448 720 βαλεῖν
464 643 507 701 τὸν
519 643 661 717 τελαμῶνα
672 641 715 700 ἐπὶ
730 642 773 700 τὸν
786 641 875 720 βωμὸν
889 642 955 718 μετά

177 730 225 802 τὴν
251 730 331 810 εὐχὴν
356 729 478 805 λέγουσι,
501 728 546 786 καὶ
568 731 597 786 ἐκ
622 733 668 799 τῆς
688 729 888 810 κατεψυγμένης
905 731 956 809 πρὸ

140 848 152 887 ιι
178 825 277 883 πολλοῦ
311 822 357 882 καΙ
380 821 472 882 οὐδένα
501 824 682 902 φυλαττούσης
708 828 838 900 σπινθῆρα
862 825 957 905 τέφρας

180 912 336 987 ἀναλάμψαι
354 910 438 989 φλόγα
461 909 562 980 πολλὴν
586 907 629 967 διά
645 915 692 980 τῆς
711 912 865 986 καρπάσου,
889 911 956 971 ῶστε

180 997 260 1074 μηδὲν
275 995 314 1054 ἔτι
330 1000 421 1066 δεῆσαι
444 1001 477 1073 τῇ
494 997 569 1055 πόλει
589 996 653 1075 μήθ’
668 997 803 1076 ἁγνισμῶν
816 999 884 1076 μήτι
897 999 956 1059 νέου

179 1085 268 1164 πυρός.

219 1176 321 1236 LXIX.
344 1171 408 1233 Ἔτι
431 1172 457 1231 δέ
481 1173 572 1231 τούτου
595 1174 810 1254 θαυμασιώτερόν
835 1177 891 1236 ἔστι
912 1177 958 1236 καί

180 1264 254 1344 μύθῳ
278 1267 379 1339 μᾶλλον
401 1261 483 1328 ἐοικὸς
507 1261 521 1319 θ
545 1263 634 1338 μέλλω
659 1261 756 1341 λέγειν.
801 1267 925 1342 Κατηγορ
926 1268 958 1336 ῆ-

180 1354 225 1413 σαΙ
249 1353 308 1411 τινά
332 1375 409 1432 φασιν
434 1351 531 1415 ἀδίκως
546 1359 607 1426 μιᾶς
628 1354 680 1408 τῶν
695 1349 832 1433 παρθένιον
846 1355 899 1410 τῶν
915 1354 957 1410 le·

180 1445 232 1520 ρῶν
246 1441 366 1506 Ἰὐκκίας
379 1438 509 1513 ὄνομα,
494 1437 642 1517 αφανισμὸν
654 1437 701 1516 μὲν
713 1439 795 1519 πυρὸς
805 1442 852 1498 ούκ
862 1439 958 1550 έχογτα

180 1528 339 1610 προφέρειν,
361 1525 495 1592 άλλας“’
466 1550 495 1586 οε
525 1549 597 1592 τινας
621 1525 695 1594 ti*
674 1527 779 1587 ιικότων
806 1529 958 1606 τεκμηρίων

181 1618 226 1677 καὶ
241 1617 392 1694 μαρτυριῶν
408 1611 598 1681 ἀποθείξεις’
566 1614 669 1692 φεροντ’
685 1615 731 1672 οὗκ
748 1616 861 1687 αληθιῑς.
907 1619 958 1676 Κε-

141 1732 154 1768 s
180 1705 333 1764 λευσθιῖσαν
359 1703 381 1760 δ’
416 1703 570 1779 ἀπολογεῑσθ
572 1724 600 1758 αι
624 1699 672 1772 την
695 1725 733 1758 πα
737 1703 822 1783 ρθένον
848 1709 959 1764 τοσοῦτο

182 1816 259 1871 μονον
282 1797 376 1864 εἰπεῖν,
396 1790 435 1848 ότι
464 1799 515 1856 τοῖς
538 1788 622 1869 ἔργοις
649 1792 808 1850 ἀπολύσεται
832 1791 879 1857 τάς
901 1795 958 1853 θια-

182 1878 275 1946 bolie-
301 1882 385 1938 ταῦτα
413 1879 435 1936 θ’
453 1882 578 1938 εἰποῦσαν
606 1876 650 1936 καί
673 1877 758 1951 τὴνθ
745 1879 800 1938 θιθν
835 1881 958 1939 έπιιιαλε-

181 1971 296 2046 σαμένην
322 1966 439 2046 ἡγεμόνα
467 1970 513 2038 τῆς
545 1968 604 2029 ὁδου
634 1965 753 2044 γενέσθαι
767 1967 890 2046 προάγειν
915 1971 958 2028 έπΙ

181 2058 224 2117 τόν
247 2057 369 2137 Τέόεριν,
385 2056 579 2136 ἐπιτρεψάντων
607 2055 656 2134 μὲν
676 2057 742 2134 αὐτῇ
767 2059 819 2114 τῶν
838 2059 959 2138 ἱεροφαν-

142 2190 145 2195 -
182 2148 247 2217 τῶν,
264 2152 307 2204 τοῦ
332 2142 359 2201 δὲ
382 2143 450 2201 κατὰ
469 2141 517 2213 τὴν
537 2141 612 2200 πόλιν
632 2141 713 2221 ὄχλου
731 2142 958 2222 συμπροπέμπον-

181 2259 233 2301 τος.
276 2231 423 2309 Γινομένην
445 2231 472 2290 bi
486 2237 530 2291 τοῦ
551 2237 672 2308 ποταμοῦ
686 2233 797 2302 πλησίον
812 2231 841 2290 τό
863 2255 956 2311 παροι·

181 2320 337 2398 μιαζόμενον
361 2320 386 2379 έν
408 2328 461 2386 τοῖς
482 2319 594 2399 πρώτοις
619 2324 671 2380 τῶν
691 2318 824 2379 ἀδυνάτων
839 2319 956 2397 τόλμημ’

181 2411 335 2483 ὑπομεῖναι,
361 2407 529 2487 ἀρυσαμένην
550 2410 581 2468 έκ
602 2415 647 2468 τοῦ
673 2415 793 2486 ποταμοῦ
808 2413 890 2488 καινῷ
911 2433 956 2468 κο·

180 2496 262 2576 σκίνῳ
282 2494 327 2552 καὶ
351 2496 430 2574 μέχρι
451 2499 498 2568 τῆς
517 2498 615 2579 ἀγορᾶς
641 2497 785 2576 ἐνέγκασαν
808 2496 881 2580 παρὰ
899 2497 959 2566 τούς

127 2609 141 2645 ο
180 2584 262 2650 πόδας
291 2586 343 2642 τῶν
376 2586 535 2665 ἱεροφαντῶν
563 2585 684 2666 ἐξερᾶσαι
711 2586 741 2645 τὸ
779 2586 859 2665 θθωρ.
904 2589 958 2648 Και

181 2670 249 2748 μιτά
268 2670 351 2730 ταῦτά
366 2693 429 2752 φασι
445 2670 489 2730 τὸν
510 2674 656 2752 κατήγορον
671 2675 751 2746 αὐτῆς
765 2676 863 2747 πολλῆς
878 2675 958 2746 ζητή-

181 2783 246 2827 σεως
268 2759 409 2837 γενομένης
426 2759 494 2838 μήτε
519 2763 595 2828 ζῶνθ’
616 2765 751 2843 εὑρεθῆναι
766 2766 834 2838 μήτε
855 2761 957 2842 νεκρόν.

181 2847 252 2909 Ἀλλ’
274 2848 338 2928 ὑπὲρ
362 2849 410 2924 μὲν
428 2852 480 2907 τῶν
502 2850 658 2926 Ιπιφανειῶν
681 2854 728 2920 τῆς
751 2856 818 2924 θεᾶς,
834 2852 902 2932 ἔχων
922 2851 960 2910 ἔτι

181 2937 266 2996 πολλὰ
281 2936 366 3014 λέγειν
385 2937 430 2994 καὶ
450 2937 531 3009 ἄλλα,
543 2939 617 2996 ταῦθ’
632 2937 710 2996 Ικανά
721 2939 839 3016 εἰρῆσθαι
850 2938 958 3014 νομίζω.

128 3038 155 3076 ³⁰
221 3026 312 3086 LXX.
325 3021 412 3096 Ἐκτη
430 3023 457 3082 ti
468 3032 547 3101 μοῖρα
561 3027 608 3094 τῆς
619 3026 680 3103 περί
689 3025 722 3083 τά
733 3033 789 3084 θεῖα
810 3027 961 3101 νομοθεσίας

183 3104 214 3186 ἧν
230 3117 469 3193 ἡπροσνεμηθεῑσα
485 3120 537 3178 τοῖς
551 3112 724 3188 καλουμένοις
742 3115 793 3172 ὑπὸ
815 3111 959 3190 Ῥωμαίων

184 3201 302 3273 Σαλίοις,
310 3197 552 3275 οθςαύτθςθΝόμας
560 3198 693 3266 ἀπέδειξεν
702 3202 731 3258 ἐκ
740 3203 791 3258 τῶν
800 3201 948 3278 πατρικίων

184 3288 286 3347 δώδεκα
305 3288 363 3356 τοὺς
381 3285 607 3366 εὐπρεπεστάτους
625 3286 809 3364 ἐπιλεξάμενος
828 3287 909 3359 νέους,
924 3279 961 3346 ὧν

184 3382 211 3437 ἐν
230 3376 362 3456 ΙἸαλατίιγι
389 3384 474 3434 κεῖται
500 3373 535 3432 τθι
558 3373 631 3455 Ιερά,
653 3375 698 3434 καί
725 3376 798 3435 αύτοΙ
821 3378 961 3435 καλοῦνται

131 3478 156 3517 35
185 3467 346 3526 Παλατῖνοι.
390 3467 426 3524 ΟΙ
453 3462 501 3539 μέν
516 3462 567 3543 γάρ
583 3463 754 3542 Ἀγωναλεῖς,
769 3463 818 3524 ὑπὸ
838 3464 866 3524 δέ
883 3488 960 3523 τινων

184 3555 307 3613 Κολλῖνοι
335 3550 491 3630 καλούμενοι
522 3552 630 3623 Σάλιοι,
658 3543 694 3612 ῶν
722 3558 752 3612 τό
780 3553 960 3665 ἱεροφυλάκιόν

185 3645 254 3704 ἐστιν
270 3643 312 3700 ἐπι
328 3647 373 3701 τοῦ
394 3643 522 3702 Κολλίνου
538 3642 628 3723 λόφου,
646 3666 680 3719 με
669 3641 713 3702 τά
734 3644 873 3758 Νόμαν’
858 3666 896 3700 ατ
887 3643 962 3703 εδεί·

184 3733 313 3809 γθησαν
304 3753 353 3788 υπο
373 3730 502 3809 βασιλέως
525 3729 661 3791 Ὁστιλίου
682 3735 741 3789 κατ’
767 3733 794 3789 εὖ
815 3731 918 3809 inimo
935 3734 961 3789 έν

185 3821 223 3896 τῷ
242 3840 261 3874 π
264 3817 305 3895 ρος
330 3819 459 3885 Σαόίνους
481 3817 573 3886 εὔξατο
598 3818 718 3897 πολέμῳ.
763 3821 786 3876 0
819 3840 844 3876 οι
867 3819 961 3883 πάντες

131 3924 159 3963 ιο
185 3907 209 3962 οΙ
225 3841 317 3965 Σάλιοι
334 3907 459 3986 χορευταί
472 3906 540 3975 τινές
561 3909 612 3966 εἰσι
630 3906 709 3964 καΙ
699 3906 813 3980 υμνηταΙ
833 3928 885 3962 των
907 3907 960 3963 ένο-

186 3994 307 4052 πλίωνθ
295 3998 375 4052 θεῶν·
394 3994 515 4076 ἑορτὴδ
546 3996 632 4053 αὐτῶν
662 3996 718 4052 ἐστι
741 3991 802 4072 περΙ
794 3992 861 4050 cti
888 3995 962 4052 ΙΙαν·

187 4081 298 4151 αθήναια
322 4086 359 4161 τῷ
385 4084 540 4163 καλουμένῳ
567 4083 679 4163 Μαρτίῳ
706 4080 780 4157 μηνί,
817 4081 963 4158 δημοτελὴς

188 4169 231 4226 ἐπὶ
247 4169 345 4234 πολλθις
367 4171 465 4249 ἡμέρας
487 4171 621 4250 ἀγομένη,
634 4175 660 4230 ἐν
675 4160 715 4238 αἷς
731 4167 774 4229 διὰ
795 4172 842 4239 τῆς
863 4168 962 4236 πόλεως

188 4258 280 4335 ἄγουσι
295 4258 351 4322 τοὺς
366 4259 458 4338 χορούς
475 4259 511 4326 είς
528 4284 557 4319 τι
577 4259 625 4333 τὴν
640 4259 737 4340 ἀγοράν
760 4256 806 4316 καί
824 4258 854 4315 τὸ
869 4260 962 4318 ΙΙαπι·

133 4360 158 4398 ⁴³
189 4347 281 4406 τώλιον
304 4345 349 4403 καί
370 4347 482 4414 πολλοὺς
505 4349 598 4416 ἄλλους
617 4349 696 4414 ἰθέους
713 4347 802 4408 τεκαὶ
824 4345 963 4423 δημοσίους

187 4437 295 4506 τόπους,
321 4439 434 4514 χιτῶνας
454 4437 587 4503 ποικίλους
609 4437 734 4516 χαλκέαις
754 4436 859 4515 μίτραις
884 4458 963 4494 κατε-

188 4527 335 4599 ζωσμένοι,
357 4525 402 4582 καὶ
426 4524 550 4596 τηύέννας
571 4525 804 4604 ἐμπεπορπημένοι
831 4534 963 4606 πορφυρᾶς

188 4613 440 4695 φοινικοπαρύφους,
459 4614 489 4678 ἃς
513 4615 625 4672 καλοῦσι
649 4613 780 4689 τραόέας·
796 4613 887 4674 ἔστιδ’
907 4616 963 4670 ἀπι-

187 4702 282 4782 χώριος
309 4701 376 4773 uim
399 4699 543 4774 Ῥωμαίοις
568 4701 645 4772 ἐσθὴς
669 4704 695 4760 ἐν
715 4706 767 4768 τοῖς
781 4702 849 4761 πάνυ
869 4699 961 4777 τιμία·

133 4805 160 4842 ⁶0
187 4791 232 4849 uui
254 4790 300 4857 τὰς
321 4788 484 4865 καλουμένας
510 4789 606 4856 ἀπικας
627 4788 786 4868 ἐπικείμενοι
806 4791 862 4855 ταῖς
882 4811 963 4867 κεφα-

186 4880 257 4948 λαῖς,
279 4879 370 4946 πίλους
388 4876 502 4955 ὑψηλούς
522 4884 557 4943 είς
580 4882 672 4956 σμῆμα
694 4877 887 4954 συναγομένους
906 4898 960 4933 κω·

189 4966 299 5042 νοτιθὲς,
335 4967 365 5033 ἃς
389 4965 523 5037 Ἕλληνες
555 4966 777 5045 προσαγορεύουσι
809 4962 958 5044 κυρόασίας.

189 5051 362 5128 Παρέζωσται
390 5056 413 5112 δ’
431 5053 540 5122 ἕκαστος
563 5056 649 5114 αὐτῶν
671 5055 755 5135 ξίφος,
780 5052 826 5112 καὶ
854 5054 886 5130 τῇ
915 5050 962 5127 μὲν

187 5139 257 5219 δεξιᾷ
279 5144 348 5221 χειρὶ
370 5143 469 5223 λόγχην
490 5146 507 5217 ἢ
531 5145 625 5228 pibbae
654 5146 718 5218 ἤτε
751 5142 844 5204 τοιοῦθ’
875 5143 961 5223 ἕτερον

700 335 869 395 DIONYSll
892 337 1269 400 HALICARNASSENSIS

1010 495 1022 518 ι
1038 477 1157 541 supplicio
1170 477 1296 528 civilatem
1309 477 1378 541 expia
1393 498 1414 526 ν.
1448 478 1494 527 llis
1510 477 1583 527 dictis
1599 477 1733 528 abscidisse
1747 480 1785 529 la-

1010 594 1126 646 ciniama
1148 601 1217 647 reste
1241 597 1381 658 carbasina,
1403 610 1452 660 qua
1474 596 1647 657 indulserat,
1677 602 1702 648 el
1730 603 1788 662 pust

1010 733 1094 784 preces
1103 724 1216 784 peractas
1225 721 1250 770 in
1267 722 1348 771 locum
1363 719 1494 784 proiecisse
1506 719 1583 771 aiunt:
1598 721 1719 772 exciuere
1738 737 1785 773 au-

1010 842 1061 890 lem
1073 839 1121 889 iam
1142 839 1237 903 pridem
1256 840 1343 904 [ligiis
1361 843 1386 890 et
1409 839 1500 888 unllam
1518 837 1648 889 scintlllam
1672 848 1787 892 servante

1010 959 1133 1011 flammam
1143 975 1255 1026 megaram
1264 976 1308 1026 per
1317 962 1447 1016 carbasum
1459 965 1598 1026 emicuisse,
1611 965 1646 1015 iia
1655 964 1787 1014 ateiritali

1011 1085 1084 1135 nullis
1098 1085 1203 1149 amplius
1223 1085 1406 1150 expiationibus
1422 1090 1466 1137 aut
1479 1086 1534 1151 igne
1549 1100 1614 1136 noro
1637 1100 1700 1151 opus
1712 1091 1787 1138 essct.

1041 1212 1124 1261 Lxlx.
1140 1212 1286 1274 lrougevero
1293 1210 1428 1260 mirabilius
1435 1214 1474 1260 est
1482 1214 1509 1259 et
1525 1210 1557 1259 ad
1575 1210 1668 1261 tabulas
1687 1211 1789 1275 propius

1010 1316 1106 1367 accedit
1115 1316 1183 1382 quud
1193 1330 1249 1367 suun
1260 1316 1380 1366 dicturus.
1394 1315 1468 1365 Aiunt
1479 1317 1590 1367 unamde
1600 1317 1735 1380 virginibus
1747 1331 1789 1368 sa-

1010 1422 1068 1482 cris,
1080 1422 1197 1473 Tuccium
1209 1422 1321 1480 nomine,
1339 1421 1472 1493 aquariam
1489 1423 1550 1472 lalso
1568 1426 1712 1473 accusatam
1726 1437 1789 1485 esse,

1011 1527 1056 1591 qui
1075 1528 1157 1592 ἰςιιοιπ
1175 1526 1274 1590 quidem
1291 1526 1439 1578 exstinctum
1453 1526 1488 1576 illi
1504 1526 1601 1577 nlicere
1617 1541 1665 1578 non
1677 1531 1788 1592 poterat,

1012 1627 1056 1678 sed
1072 1629 1120 1680 ulia
1135 1630 1248 1693 quedam
1273 1643 1304 1679 ex
1323 1629 1499 1680 verisimilibus
1514 1630 1611 1681 iudiciis
1628 1635 1654 1682 el
1677 1632 1788 1682 testimo·

1011 1735 1058 1786 niis
1084 1736 1145 1787 talea
1173 1736 1309 1801 proterebat
1331 1738 1442 1787 crimina.
1486 1740 1584 1788 Jussarn
1611 1741 1695 1789 autern
1718 1738 1790 1801 virgi·

1012 1857 1068 1894 nem
1080 1844 1112 1894 ad
1124 1846 1207 1894 emnia
1220 1842 1366 1906 respondere
1377 1842 1426 1892 hoe
1445 1843 1525 1893 salum
1539 1844 1640 1904 dixisse,
1657 1858 1684 1895 se
1696 1858 1724 1895 re
1738 1847 1790 1909 ipsa

1012 1950 1113 2000 crimina
1138 1949 1272 1999 diluturam
1300 1967 1306 1996 ι
1334 1952 1360 1999 et
1388 1961 1447 1998 cnm
1482 1949 1536 1999 hec
1561 1949 1665 2000 dixisset
1686 1949 1733 2000 dea
1757 1949 1792 1999 in·

1013 2057 1109 2114 vocata,
1128 2057 1156 2106 ut
1174 2053 1222 2104 sibi
1236 2052 1331 2103 itineris
1339 2053 1391 2104 dux
1397 2058 1473 2113 esset,
1482 2053 1515 2103 ad
1523 2054 1630 2104 Tiberim
1641 2056 1789 2118 processisse

1013 2159 1155 2225 pontificum
1171 2157 1303 2222 permissu,
1323 2162 1346 2208 el
1366 2160 1419 2208 tota
1440 2159 1534 2208 urbana
1552 2159 1624 2208 turba
1635 2172 1690 2209 eanr
1701 2172 1788 2221 prose·

1013 2267 1113 2326 quente;
1131 2233 1226 2313 etcum
1247 2260 1279 2332 ad
1300 2261 1391 2311 llumen
1403 2259 1592 2321 aoemsissetid
1614 2259 1709 2310 lacinus
1721 2261 1788 2323 quod

1013 2368 1037 2417 in
1049 2367 1176 2432 proverbio
1196 2365 1221 2415 in
1233 2365 1320 2429 primis
1333 2363 1482 2428 impossibile
1503 2364 1582 2414 lerlur
1604 2377 1689 2413 ausam
1704 2376 1758 2413 εσσε
1782 2383 1788 2413 ι

1013 2484 1100 2534 nempe
1115 2470 1195 2520 cribro
1209 2481 1273 2519 nova
1289 2480 1303 2517 e
1316 2466 1416 2516 llumine
1431 2478 1523 2528 aquarn
1545 2463 1670 2526 hausisse,
1686 2477 1790 2526 eamque

948 2587 955 2608 ι
1013 2571 1045 2620 acl
1067 2571 1146 2621 lurum
1163 2583 1242 2634 usque
1260 2569 1336 2619 latam
1356 2568 1387 2619 ad
1406 2567 1481 2632 pedes
1498 2567 1641 2633 pontificum
1663 2567 1789 2618 ellcrdisse.

1014 2664 1073 2712 Post
1082 2675 1138 2726 que
1151 2661 1219 2711 aium
1228 2659 1281 2711 eius
1293 2662 1462 2710 accusatorem
1474 2657 1581 2709 multum
1592 2657 1684 2721 diuque
1698 2658 1791 2722 quaesi·

1013 2765 1158 2829 iamneque
1174 2762 1258 2811 virum
1274 2774 1353 2824 neque
1368 2763 1494 2810 mortuum
1508 2759 1637 2809 ἰιιιεοιιιιιι
1648 2771 1710 2809 csse.
1743 2758 1790 2808 Sed

1013 2863 1044 2914 de
1066 2862 1198 2912 nranilesta
1217 2861 1347 2925 prasentia
1360 2853 1499 2909 illlus'dece
1520 2872 1576 2909 curn
1589 2857 1681 2922 possim
1696 2862 1722 2909 et
1743 2858 1790 2907 alia

1013 2963 1091 3015 multa
1106 2963 1197 3023 dicere,
1216 2960 1271 3011 haec
1287 2961 1336 3011 iam
1354 2961 1467 3010 sullicere
1480 2958 1595 3008 arbitror.

1045 3057 1115 3105 Lxx.
1134 3057 1208 3103 Sexta
1221 3067 1282 3104 nero
1300 3066 1358 3116 pars
1378 3051 1547 3102 institutorum
1566 3052 1597 3101 ad
1618 3065 1669 3101 rem
1682 3050 1790 3105 divinam

1014 3148 1188 3213 pertinentium
1206 3150 1260 3197 erat
1283 3161 1321 3206 ea,
1335 3159 1391 3210 quae
1404 3144 1524 3194 attributa
1538 3150 1576 3195 est
1598 3146 1628 3195 lis
1640 3147 1683 3208 qui
1704 3146 1790 3195 Saliis

951 3247 960 3279 ι
1014 3238 1128 3290 Romanis
1146 3242 1276 3288 vocantur.
1310 3238 1341 3286 lli
1362 3240 1444 3287 autem
1460 3239 1530 3286 erant
1541 3236 1670 3287 duodecim
1689 3237 1791 3287 iuvenes

1016 3335 1093 3381 torma
1116 3329 1327 3395 prestantissimi,
1349 3342 1413 3392 quos
1430 3329 1512 3377 Numa
1533 3327 1668 3377 exordiae
1688 3328 1791 3391 patricio

1014 3425 1152 3487 delegeram
1176 3437 1282 3487 quorum
1308 3434 1378 3471 sacra
1391 3421 1415 3470 in
1432 3418 1525 3469 Palatio
1546 3424 1687 3481 servantur,
1696 3419 1791 3484 ipsique

1014 3519 1118 3570 Palatini
1142 3518 1303 3582 appellantur.
1336 3519 1398 3566 llam
1412 3513 1532 3576 Agonales
1550 3513 1617 3573 Salii,
1640 3513 1684 3577 qui
1703 3527 1792 3563 αιιοιι·

1014 3612 1086 3663 nnllis
1115 3610 1203 3662 Gallici
1234 3614 1363 3670 vocantur,
1392 3620 1498 3672 quorum
1535 3605 1670 3656 sacrarium
1701 3612 1739 3658 cst
1768 3607 1791 3656 in

1015 3709 1109 3760 collino
1138 3706 1212 3766 colle,
1237 3709 1293 3770 pust
1314 3707 1400 3754 Numae
1431 3700 1524 3751 obitum
1551 3713 1568 3749 a
1596 3712 1654 3763 rege
1688 3699 1792 3750 Hostilio

1015 3802 1141 3853 constituti
1164 3805 1223 3851 sunt
1237 3813 1268 3849 er
1289 3802 1355 3855 nolu,
1371 3795 1438 3859 quod
1455 3795 1481 3844 in
1500 3791 1565 3844 bello
1583 3796 1668 3842 contra
1690 3792 1792 3845 sabinus

1015 3894 1208 3958 nuncupaverat.
1242 3890 1274 3940 lli
1293 3902 1378 3941 ornnes
1392 3887 1451 3937 Salii
1465 3889 1525 3937 suut
1544 3883 1674 3935 alatores
1691 3886 1717 3933 at
1730 3896 1788 3934 cau·

1016 3991 1082 4036 tores
1106 3985 1208 4034 deorum
1233 3982 1345 4040 illorum,
1375 3979 1420 4043 qui
1441 3990 1565 4029 armorum
1586 3978 1644 4026 sunt
1663 3973 1789 4038 praesides,

1016 4083 1104 4129 Eorum
1126 4081 1208 4128 aulem
1238 4075 1305 4125 leriae
1327 4087 1371 4138 per
1390 4071 1482 4122 multus
1505 4072 1559 4122 dies
1586 4072 1673 4120 atoto
1700 4068 1792 4134 populu

1015 4171 1145 4222 celebrata
1165 4169 1276 4221 incidunt
1307 4168 1332 4217 in
1352 4168 1531 4226 Panathenaea,
1579 4177 1662 4215 mense
1688 4165 1791 4224 llarli03

1015 4264 1106 4328 quibus
1127 4263 1214 4313 diebus
1241 4275 1285 4326 per
1314 4260 1399 4310 urbem
1429 4261 1464 4310 ire
1486 4259 1565 4310 solent
1586 4272 1644 4310 cum
1675 4257 1792 4321 tripudiis

1017 4362 1042 4411 iu
1070 4362 1152 4410 lorum
1172 4362 1198 4409 et
1217 4357 1363 4423 Capitolium
1387 4359 1412 4407 et
1440 4354 1518 4406 multa
1539 4353 1587 4403 alia
1610 4366 1668 4405 cum
1697 4353 1793 4417 privata

1015 4454 1069 4501 turn
1095 4448 1192 4513 publica
1219 4448 1285 4506 loca,
1305 4447 1380 4497 aencis
1408 4444 1496 4496 balteis
1527 4456 1601 4507 supra
1622 4443 1718 4493 tunicas
1741 4441 1793 4506 piu·

1016 4542 1055 4590 tas
1080 4537 1168 4596 cineli,
1197 4539 1223 4586 et
1254 4535 1332 4585 induli
1360 4535 1493 4598 praetextas
1520 4544 1655 4594 purpureas
1690 4529 1786 4592 subleg-

1017 4627 1089 4677 minis
1120 4625 1216 4689 punicei
1250 4624 1332 4673 fibulis
1365 4623 1511 4680 adstrictas,
1540 4633 1598 4684 quae
1628 4619 1720 4670 lrabeae
1748 4632 1793 4668 vo·
1869 4638 1872 4642 ·

1017 4720 1104 4765 cantuar
1133 4715 1203 4771 (baec
1226 4717 1309 4762 autern
1326 4711 1403 4760 vestis
1418 4715 1457 4761 cst
1472 4712 1637 4759 aomanorum
1649 4707 1755 4772 propria,
1769 4708 1794 4757 et

1016 4804 1042 4853 in
1057 4813 1155 4852 sununs
1179 4800 1272 4849 honore
1296 4798 1416 4859 babetur)
1433 4797 1554 4860 tectisque
1579 4796 1701 4859 capitibus
1720 4793 1794 4858 apici·

1017 4889 1072 4946 bus,
1090 4888 1113 4937 ‘ul
1139 4891 1177 4937 est
1199 4885 1268 4950 pileis
1293 4885 1349 4934 allis
1371 4887 1397 4934 et
1423 4884 1448 4932 in
1475 4884 1529 4932 coni
1555 4883 1658 4932 lormam
1685 4878 1793 4942 fastigia·

1017 4976 1060 5035 tis,
1076 4988 1140 5037 quaes
1154 4972 1233 5024 Graeci
1247 4972 1370 5036 appellant
1387 4971 1528 5035 κυρθασίας.
1563 4972 1593 5019 lit
1606 4982 1690 5019 curura
1715 4978 1793 5014 unus·

1016 5063 1122 5128 quisque
1134 5061 1213 5125 gladio
1231 5063 1269 5111 esl
1281 5060 1435 5119 succinctus,
1455 5072 1483 5108 ae
1497 5072 1570 5108 rnanu
1582 5057 1668 5107 dextra
1685 5055 1792 5105 lanceam

1018 5157 1060 5201 aut
1081 5150 1172 5215 virgam
1200 5151 1245 5200 aut
1267 5147 1359 5212 aliquid
1381 5148 1522 5198 huiusmodi
1544 5150 1627 5206 tenet,
1650 5145 1713 5196 lava
1735 5156 1794 5193 nero
