3772 5828
171 340 193 399 l

93 494 97 505 ·
171 490 230 536 τους
243 467 391 550 ἀλευθίρους
402 471 517 540 οίκιστάς
527 474 677 550 εύρομίνης·
691 477 719 534 od
732 476 765 536 δι’
775 477 908 539 εύσέάειαν
919 480 947 539 δέ

170 557 216 617 καί
230 557 398 631 δικαιοσύνην
411 560 456 618 καί
469 559 516 631 τήν
531 561 613 632 ἀλλην
629 563 723 641 ἀρετήν
738 566 781 623 ε’πί
793 566 840 636 τήν
855 568 941 628 διπάν·

84 702 87 707 ,
171 669 224 707 των
238 649 382 723 ήγεμονὶαν
397 648 443 706 σύν
460 648 547 729 χρόνῳ
559 651 755 727 παρελθούσης,
768 654 835 711 ἀλλά
852 653 885 713 δι’
899 657 947 713 αύ-

174 732 336 810 τοματισμόν
352 758 411 794 τινα
430 736 476 795 καὶ
493 736 576 815 τύχην
591 736 680 796 άδικον
707 741 766 811 είκῆ
781 742 947 821 δωρουμένην

133 842 146 880 u
172 828 208 886 τά
239 828 352 907 μίγιστα
386 831 439 887 τῶν
465 831 571 907 ἀγαθῶν
603 833 656 895 τοῖς
686 832 946 905 ἀνεπιτηδειοτάτοις.

53 926 56 931 ’
142 958 145 965 ·
174 912 231 975 Καὶ
244 913 299 992 οἱγε
314 916 515 996 κακοηθέστεροι
538 921 693 1000 κατηγορεῖν
708 918 815 981 εἰώθασι
829 926 875 994 τῆς
900 924 948 983 τύ·

172 1024 224 1082 χης
236 1005 304 1062 κατὰ
327 1005 357 1062 τὸ
380 1004 506 1084 φανερὸν,
521 1007 556 1071 όις
574 1005 714 1086 βαρόοίρων
729 1016 784 1074 τοῖς
798 1012 947 1090 πονηροτά·

172 1114 227 1157 τοις
240 1094 274 1151 τὰ
290 1095 342 1149 τῶν
358 1090 494 1162 Ἑλλήνων
508 1095 680 1171 ποριζομένης
695 1096 790 1175 ἀγαθά.
852 1099 907 1158 Καὶ
920 1099 947 1158 τί

170 1181 210 1240 δεῖ
223 1180 282 1243 πεοὶ
295 1184 346 1237 τῶν
362 1178 449 1238 ἀλλων
474 1178 574 1257 λίγειν;
598 1180 663 1241 ὅπου
686 1206 715 1259 γε
740 1185 785 1242 καί
808 1186 860 1243 τῶν
878 1209 947 1263 συγ-

119 1296 144 1334 m
170 1268 289 1350 γραφίων
313 1267 381 1333 τινδς
405 1267 555 1344 ἐτόλμησαν
579 1270 605 1327 ἀν
632 1279 689 1337 ταῖς
712 1273 838 1351 ἱστορίαις
861 1280 945 1334 ταῦτα

169 1360 317 1437 γράψαντες
337 1356 513 1426 καταλιπεῖν,
533 1361 670 1436 βασιλεῦσι
685 1358 826 1440 βαρόάροις
840 1367 946 1438 μισοῦσι

173 1448 221 1517 τήν
249 1444 408 1522 ἡγεμονίαν,
431 1434 469 1510 οἱς
484 1443 646 1509 δουλεύοντες
673 1447 746 1505 αὐτοὶ
768 1449 812 1506 καί
826 1451 860 1507 ed
885 1449 944 1510 καθ’

171 1532 267 1604 ήδονδις
274 1534 424 1610 ὁμιλοῦντες
441 1531 604 1608 διετέλεσαν,
618 1530 676 1591 οὔτε
691 1532 793 1600 δικαίας
810 1533 863 1593 οὔτ’
878 1537 945 1608 ἀλη-

171 1628 221 1689 θείς
232 1622 351 1702 ἱστορίας
371 1620 551 1699 χαριζόμενοι.

115 1729 141 1770 to
209 1710 246 1768 V.
268 1707 375 1775 Ταύτας
388 1707 419 1779 δή
441 1707 487 1774 τδις
508 1706 730 1785 πεπλανημένας,
746 1708 834 1789 ῶσπερ
862 1712 943 1794 ἔφην,

170 1797 313 1876 δπολήψεις
328 1794 460 1864 ἐξελέσθαι
477 1799 524 1866 τῆς
538 1795 652 1861 διανοίας
664 1800 716 1854 τῶν
730 1800 834 1857 πολλῶν
850 1823 943 1879 προαι-

170 1884 312 1963 ρούμενος,
337 1886 382 1941 καὶ
405 1882 661 1940 ἀντικατασκευάσαι
684 1883 729 1949 τάς
752 1887 867 1958 ἀληθεῖς,
884 1888 944 1963 περὶ

171 1973 219 2050 μίν
234 1979 285 2033 τῶν
301 1972 455 2033 οἰκισάντων
469 1978 518 2043 τήν
531 1971 618 2047 πόλιν,
634 1969 726 2038 οἱτινες
738 1963 805 2043 ἦσαν
817 1975 861 2031 καὶ
872 1974 941 2032 κατά

166 2061 238 2130 τίνεις
251 2061 357 2122 ἕκαστοι
372 2059 478 2138 καιρούς
491 2060 618 2130 συνῆλθον
637 2061 682 2117 καί
699 2058 752 2116 τίσι
767 2059 861 2138 τύχαις
875 2083 942 2138 χρη-

113 2169 141 2207 ειι
167 2152 278 2227 σάμενοι
298 2149 346 2215 τδις
370 2147 495 2226 πατρίους
521 2146 635 2217 οἰκήσεις
660 2145 789 2218 ἐξέλιπον,
813 2150 839 2206 ἐν
858 2147 941 2225 ταύτῃ

167 2238 279 2311 δηλώσω
293 2240 326 2313 τῇ
341 2239 445 2314 γραφῇ,
467 2232 502 2291 δι’
513 2225 544 2305 ἧς
566 2229 700 2306 Ἕλληνάς
720 2236 744 2291 τ’
760 2233 853 2300 αὐτούς
868 2235 942 2302 ὄντας

168 2325 303 2393 ἐπιδείξειν
318 2327 498 2401 ὑπισχνοῦμαι
512 2321 557 2380 καί
581 2323 628 2381 ούκ
651 2324 681 2380 ἐκ
696 2325 746 2379 τῶν
763 2322 909 2401 ἐλαχίστων
924 2324 941 2396 ἢ

170 2411 341 2493 φαυλοτάτων
364 2412 443 2468 ἐθνῶν
469 2411 683 2481 συνεληλυθότας.
731 2411 795 2488 Περὶ
826 2411 853 2470 δέ
889 2418 940 2472 τῶν

168 2499 300 2578 πράξεων,
319 2499 349 2565 ἀς
363 2497 430 2575 μετά
444 2498 487 2556 τὸν
509 2499 628 2574 οἰκισμὸν
646 2498 738 2564 εύθίως
762 2500 940 2573 ἐπεδείξαντο,

113 2605 140 2644 τε
167 2589 211 2646 καί
228 2589 288 2668 περί
307 2593 359 2647 τῶν
383 2587 619 2663 ἐπιτηδευμάτων,
637 2587 662 2655 ἐξ
687 2579 724 2646 ὧν
746 2590 782 2653 είς
807 2590 936 2660 τοσαύτην

168 2673 310 2755 ἡγεμονίαν
329 2676 460 2755 προῆλθον
480 2677 503 2733 οἱ
523 2681 581 2750 μετ’
608 2675 712 2748 αὐτούς,
738 2677 791 2734 ἀπὸ
811 2682 857 2748 τῆς
875 2676 941 2749 μετὰ

167 2762 266 2835 ταύτην
281 2761 425 2844 ἀρξάμενος
441 2766 592 2843 ἀναγραφῆς
608 2763 800 2842 ἀφηγήσομαι,
825 2766 939 2845 παραλι-

165 2852 222 2911 πὼν
237 2850 309 2910 ούδέν
328 2852 377 2922 ὅση
400 2868 444 2927 μοι
466 2848 575 2924 δύναμις
589 2854 640 2908 τῶν
656 2849 733 2917 ἀξίων
752 2850 881 2927 ἱστιρίας,
897 2847 940 2907 ἱνα

165 2946 219 3006 τοῖς
236 2945 346 3017 μαθοῦσι
360 2939 408 3008 τήν
425 2937 548 3008 ἀλήθειαν
568 2936 586 2993 δ
600 2937 727 3014 προσήκει
741 2937 801 3014 περὶ
824 2942 870 3007 τῆς
891 2936 940 2997 πό-

111 3040 140 3079 ³⁰
169 3028 232 3092 λεοις
258 3027 338 3096 τῆσδε
364 3029 488 3102 παραστῇ
512 3027 629 3103 φρονεῖν,
661 3025 683 3081 εἰ
708 3023 746 3098 μή
774 3025 940 3083 παντάπασιν

166 3117 261 3191 ἀγρίοις
275 3110 320 3169 καί
331 3113 463 3187 δυσμενῶς
478 3110 620 3169 διάκεινται
634 3111 698 3188 πρὸς
710 3110 807 3184 αὐτὴν,
820 3113 864 3169 καί
877 3112 941 3187 μήτ’

166 3201 291 3281 ἀχθεσθαι
310 3204 342 3276 τῇ
361 3198 482 3268 ὑποτάξει
510 3197 578 3256 κατά
597 3199 628 3256 τδ
649 3200 717 3266 εἰκὸς
735 3198 875 3276 γενομένη·
892 3201 939 3277 φύ-

165 3314 231 3356 σεως
244 3290 294 3369 γάρ
310 3290 341 3360 δὴ
353 3288 430 3364 νόμος
450 3286 534 3346 ἀπασι
548 3286 644 3363 κοινὸς,
659 3287 687 3344 δν
703 3288 784 3353 οὐδεὶς
798 3288 940 3346 καταλύσει

165 3379 271 3460 χρόνος,
297 3378 388 3457 άρχειν
415 3377 456 3436 ἀεὶ
472 3381 525 3435 τῶν
553 3376 668 3447 ήττόνων
690 3375 750 3442 τοὺς
775 3374 941 3453 κρείττονας·

111 3486 139 3526 tls
167 3466 234 3540 μήτε
249 3466 402 3543 κατηγορεῖν
416 3471 463 3536 τῆς
478 3464 569 3544 τύχης,
588 3467 624 3532 ῶς
647 3466 694 3523 οὐκ
711 3463 850 3545 ἐπιτηδείῳ
865 3464 940 3536 πόλει

165 3552 327 3626 τηλικαύτην
339 3552 480 3631 ἡγεμονίαν
489 3554 534 3610 καί
547 3560 670 3611 τοσοῦτον
677 3552 729 3624 ήδη
739 3549 832 3630 χρόνον
842 3560 940 3631 προῖκα

166 3640 366 3719 δωρησαμένης·
383 3646 497 3718 μαθοῦσί
509 3664 539 3719 γε
554 3640 585 3711 δή
604 3639 677 3719 παρά
692 3644 738 3711 τῆς
756 3639 881 3722 ἱστορίας,
900 3640 941 3699 δτι

169 3728 260 3810 μυρίας
277 3729 385 3806 ἤνεγκεν
402 3732 500 3808 ἀνδρῶν
527 3728 620 3806 ἀρετάς
636 3727 709 3796 εὐθύς
722 3727 749 3797 ἐξ
764 3731 848 3808 ἀρχῆς
873 3728 940 3804 μετά

167 3821 212 3881 τὸν
225 3817 354 3893 οἰκισμόν,
365 3807 401 3875 ῶν
416 3816 467 3876 οὔτ’
482 3816 679 3896 εύσεόεστέρους
689 3816 747 3875 οὔτε
766 3817 941 3896 δικαιοτέρους

111 3932 140 3971 op
166 3908 225 3963 ndns
240 3904 394 3985 σωφροσύνηι
408 3904 508 3963 πλείονι
526 3902 599 3985 παρδι
613 3906 700 3963 πάντα
715 3904 758 3962 τὸν
772 3903 827 3980 βίον
839 3927 940 3982 χρησα·

169 3992 258 4059 οιίνους
279 3992 338 4050 ούδέ
363 4017 393 4070 γε
407 3992 440 4050 τά
458 3993 573 4068 πολέμια
587 3992 718 4072 κρείττους
732 3990 877 4067 ἀγωνιστδις
892 3993 938 4049 ού-

166 4082 243 4148 δευία
261 4079 335 4146 πόλις
347 4082 454 4159 ἤνεγκεν
466 4080 525 4140 οὔτε
535 4081 629 4146 ‘Eliso
643 4085 701 4139 οὔτε
715 4078 858 4158 βάρόαρος,
874 4080 896 4137 τί
907 4078 939 4153 δή

166 4170 330 4229 ἀπέσταιτοῖι
339 4168 451 4245 λόγουτὸ
459 4170 608 4250 ἐπίφθονον·
618 4170 671 4249 ἔχει
682 4165 732 4246 γάρ
740 4191 765 4225 τι
773 4167 817 4225 καί
824 4172 939 4226 τοιοῦτον

165 4259 247 4327 ἡτῶν
264 4255 416 4335 παραδόξων
431 4257 475 4314 καί
488 4262 646 4329 θαυμαστῶν
665 4257 815 4334 ὑπόσχεσις.
858 4257 893 4314 Οἱ
912 4256 940 4315 δέ

109 4371 138 4413 pp
166 4343 315 4419 σύμπαντες
331 4345 354 4400 οἱ
368 4348 474 4401 τοσοῦτο
495 4346 639 4425 περιθέντες
653 4346 719 4420 αὐτῇ
733 4343 884 4409 δυναστείας
891 4343 938 4420 μί·

164 4436 237 4510 γεθος
257 4433 407 4511 ἀγνοοῦνται
426 4430 488 4510 πρδς
512 4429 665 4504 Ἐλλήνων,
680 4434 709 4490 ού
728 4431 849 4511 τυχόντες
866 4431 938 4501 ἀξιο-

163 4519 241 4593 λόγου
257 4518 437 4597 συγγραφέως.
480 4519 599 4595 Ούδεμία
614 4518 664 4598 γάρ
676 4517 786 4598 ἀκριόής
803 4518 939 4590 ἐξελήλυθε

164 4610 225 4679 περὶ.
247 4609 332 4665 αὐτῶν
347 4606 472 4677 Ἑλληνίς
492 4607 594 4685 ἱστορία
618 4609 697 4687 μέχρι
717 4611 768 4665 τῶν
784 4611 846 4667 καθ’
867 4612 939 4683 ἡμᾶς

162 4719 276 4776 χρονων,
289 4697 329 4755 δτι
342 4697 380 4774 μή
392 4696 577 4770 κεφαλαιώδεις
586 4695 710 4772 ἐπιτομαὶ
721 4698 789 4755 πάνυ
803 4696 937 4777 βραχεῖαι,

109 4808 137 4847 εν
203 4786 254 4849 Vl.
270 4784 375 4866 πρῶτον
394 4784 458 4861 μὲν,
475 4782 524 4841 ὅσα
545 4784 614 4860 κάμὶ
629 4786 735 4855 είδίναι,
750 4785 797 4857 τήν
812 4784 937 4860 Ῥωμαί-

165 4874 213 4945 κήν
230 4874 418 4955 ἀρχαιολογίαν
432 4871 621 4951 ἐπιδραμόντος
637 4871 793 4951 Ἱερωνύμου
807 4877 852 4931 τοῦ
866 4877 937 4953 Καρ·

166 4962 253 5020 διανοῦ
281 4960 465 5043 συγγραφέως,
495 4963 521 5019 ἐν
551 4963 583 5039 τῇ
614 4961 674 5038 περὶ
701 4963 753 5019 τῶν
788 4960 936 5038 Ἐπιγόνων

164 5050 347 5129 πραγματείᾳ·
371 5048 462 5108 ἔπειτα
475 5045 591 5120 Τιμαίου
605 5051 650 5105 τοῦ
667 5047 826 5106 Σικελιώτου
839 5046 872 5105 ed
888 5047 936 5124 μὲν

164 5136 262 5212 ἀρχαῖοι
277 5140 328 5194 τῶν
343 5138 463 5218 ἱστοριῶν
487 5138 513 5195 ἐν
527 5144 584 5204 ταῖς
606 5135 703 5203 κοιναῖς
717 5134 841 5215 ἱστορίαις
862 5136 934 5215 ἀφη-
952 5216 955 5220 λ

692 347 862 409 DIONYSll
887 350 1269 421 untlcsubtssunsts

1000 492 1084 556 risque
1104 493 1240 546 virtutibus
1260 495 1291 545 nd
1306 498 1416 548 omnium
1434 501 1565 565 imperium
1582 505 1701 567 temporis
1713 520 1775 570 pru·

999 614 1085 663 gressu
1098 607 1214 665 provectu
1230 605 1275 667 sit,
1289 606 1333 657 sed
1345 608 1518 672 cnsuquodem'
1537 615 1563 662 et
1575 613 1706 677 intepnltnte
1724 616 1777 667 ior-

1000 714 1084 774 runo,
1103 726 1161 775 ηοω
1183 715 1290 765 maximo
1306 716 1369 767 bona
1387 718 1527 770 bominibus
1549 721 1724 784 indignissimis
1738 729 1775 778 to·

1000 838 1068 875 mere
1097 826 1223 890 largimur.
1255 831 1337 891 Atque
1368 830 1523 894 maligniores
1557 833 1680 885 fortunam
1692 841 1777 902 aperte

999 946 1110 994 incusare
1119 944 1209 1002 solent,
1225 943 1291 1007 quod
1300 947 1456 1011 nequissimis
1467 948 1579 1000 burbonis
1596 951 1659 1001 bons
1678 953 1779 1005 Gnoson-

1000 1067 1056 1102 rum
1069 1052 1172 1103 dederit.
1205 1054 1252 1104 Sed
1262 1055 1323 1117 quid
1336 1069 1399 1120 opus
1407 1060 1445 1106 est
1455 1057 1516 1107 elios
1525 1065 1681 1110 memorare?
1693 1072 1775 1124 quun·

999 1162 1132 1225 doquidem
1141 1162 1215 1212 ctiam
1227 1176 1309 1212 rerum
1321 1164 1453 1229 scriptores
1466 1167 1576 1217 nonnulli
1589 1169 1643 1219 susi
1653 1171 1775 1221 suntbaec

1000 1273 1024 1322 in
1040 1272 1151 1323 historiis
1165 1272 1256 1336 scripto
1265 1273 1410 1338 relinquere,
1426 1275 1536 1327 barbaris
1548 1278 1653 1341 regibus.
1666 1281 1710 1345 qui
1725 1285 1777 1332 llo·

999 1397 1128 1434 munorum
1141 1383 1272 1447 imperium
1285 1385 1399 1447 oderunt,
1423 1387 1469 1450 ipsi
1492 1389 1627 1439 servientes
1643 1393 1668 1440 ct
1682 1390 1714 1440 ad
1730 1404 1777 1442 ro·

1000 1495 1117 1543 lunlntem
1129 1493 1293 1557 historiasque
1311 1508 1391 1559 neque
1411 1496 1488 1546 iustas
1504 1510 1582 1560 neque
1604 1512 1674 1550 neres
1695 1501 1776 1551 ineo-

999 1615 1054 1651 rum
1069 1600 1171 1664 gretiam
1185 1605 1368 1665 componentes.

1031 1711 1061 1759 V.
1081 1709 1142 1759 Cum
1152 1709 1226 1773 igitur
1244 1710 1288 1759 bns
1302 1710 1375 1761 salsas
1389 1711 1434 1771 (ut
1443 1711 1638 1776 dixiJopiniones
1650 1713 1778 1766 exanimis

999 1809 1135 1859 multorum
1157 1811 1230 1861 relim
1243 1811 1361 1872 evellere,
1380 1815 1404 1862 et
1423 1826 1493 1862 roras
1509 1813 1533 1862 in
1546 1827 1632 1863 earum
1645 1813 1729 1865 locum
1741 1815 1777 1866 in·

998 1914 1089 1963 serere,
1104 1903 1135 1953 de
1146 1904 1214 1953 urbis
1228 1904 1405 1955 conditoribus.
1422 1907 1522 1969 quinum
1533 1907 1630 1971 tuerint,
1643 1911 1668 1958 et
1681 1909 1776 1972 quibus

1000 1995 1086 2058 singuli
1106 1997 1256 2060 temporibus
1275 1998 1444 2051 convenerint.
1465 1999 1597 2061 siquibus
1615 2001 1776 2053 ostiensibus

997 2090 1091 2150 potnias
1100 2088 1172 2138 sedes
1180 2089 1331 2151 reliquerint,
1344 2089 1367 2138 in
1380 2089 1428 2139 boo
1441 2089 1505 2140 libro
1519 2090 1649 2141 declarabo
1665 2111 1670 2140 :
1686 2092 1710 2141 iu
1724 2106 1777 2156 quo

997 2177 1114 2240 polliceor
1132 2193 1171 2228 me
1189 2183 1416 2229 nonronstrnlururn
1432 2194 1474 2230 ecs
1492 2184 1517 2230 et
1539 2182 1639 2232 Graecos
1659 2182 1737 2233 luisse
1749 2188 1777 2235 ct

997 2292 1028 2329 ex
1051 2278 1163 2341 gentibus
1184 2278 1250 2328 baud
1269 2277 1376 2328 minimis
1398 2283 1441 2329 eut
1464 2278 1593 2330 vilissimis
1619 2281 1775 2334 convenisse.
1814 2300 1817 2305 ·

996 2374 1044 2421 bes
1056 2384 1114 2421 reno
1125 2385 1188 2434 ques
1199 2371 1281 2421 stetim
1297 2371 1327 2419 nb
1341 2370 1401 2421 urbe
1415 2371 1513 2420 condito
1527 2376 1665 2434 gesserunt,
1677 2376 1703 2424 et
1714 2377 1773 2425 stu·

996 2469 1036 2519 din
1049 2482 1157 2532 perque
1170 2483 1253 2519 eorum
1269 2468 1361 2530 posteri
1372 2469 1404 2518 nd
1415 2471 1508 2518 tentam
1518 2469 1613 2532 imperii
1628 2470 1772 2534 amplitudi-

997 2576 1052 2612 nem
1065 2563 1185 2626 progressi
1205 2565 1277 2621 sunt,
1288 2560 1344 2610 indo
1357 2560 1387 2610 nb
1410 2562 1547 2623 insequenti
1568 2562 1630 2611 libro
1650 2564 1776 2615 nnrrnbo:

996 2654 1054 2702 nibil
1070 2658 1188 2716 quantum
1214 2652 1238 2700 in
1263 2665 1302 2701 me
1318 2652 1364 2700 erit
1385 2656 1498 2701 omittens
1518 2665 1603 2702 eorum
1625 2666 1681 2716 quse
1702 2653 1777 2717 dignu

996 2748 1054 2792 sunt
1076 2758 1132 2807 quae
1148 2742 1255 2792 bistonios
1268 2742 1436 2792 mandentur:
1464 2747 1493 2793 ut
1515 2743 1654 2793 bominibus
1671 2744 1778 2796 veritate
1800 2720 1803 2725 Ι

996 2838 1091 2899 cognito
1119 2837 1142 2884 in
1168 2839 1274 2884 mentem
1295 2835 1375 2883 veniet
1392 2849 1449 2898 quos
1463 2849 1506 2897 pne
1523 2838 1561 2883 est
1592 2834 1622 2883 do
1645 2835 1691 2882 bac
1711 2835 1776 2885 civi·

996 2931 1044 2976 tnle
1058 2927 1162 2985 sentiro,
1181 2924 1226 2973 nisi
1246 2925 1328 2973 animo
1350 2925 1444 2986 penitus
1459 2937 1525 2973 soevo
1538 2928 1562 2973 et
1576 2923 1658 2973 hostili
1680 2924 1704 2972 in
1719 2938 1775 2976 cern

996 3022 1058 3080 sint,
1072 3033 1150 3081 neque
1162 3020 1251 3069 instem
1269 3019 1413 3067 servitutem
1431 3017 1537 3067 moleste
1548 3018 1610 3067 torre
1628 3014 1695 3077 (hmo
1708 3020 1775 3072 enim

995 3113 1036 3162 lex
1054 3117 1148 3161 naturae
1165 3109 1279 3160 omnibns
1297 3110 1488 3170 communisest,
1510 3123 1583 3172 quam
1597 3108 1692 3158 nullum
1711 3113 1775 3160 tem-

995 3216 1042 3266 pus
1053 3202 1179 3261 abolebit,
1199 3203 1341 3265 superiores
1359 3200 1511 3250 interioribus
1535 3201 1670 3264 imperare)
1693 3214 1775 3266 nequo

997 3296 1119 3345 tortunnm
1135 3298 1266 3356 incusare,
1278 3293 1348 3356 quusi
1362 3292 1468 3357 indigne
1486 3293 1579 3343 ciritnti
1593 3296 1688 3343 oneum
1707 3295 1773 3344 tsm·

995 3401 1044 3451 que
1053 3387 1197 3437 diuturnum
1212 3387 1341 3450 imperium
1353 3387 1428 3452 gratis
1441 3386 1536 3436 dederit
1552 3407 1558 3436 :
1580 3387 1628 3436 boc
1645 3385 1731 3436 saltem
1740 3398 1772 3436 ex

995 3478 1047 3542 ipss
1068 3476 1172 3528 historio
1188 3477 1298 3537 edoctis,
1311 3478 1378 3541 quod
1399 3475 1453 3526 baec
1469 3476 1532 3526 urbs
1552 3475 1699 3537 simulatque
1720 3474 1770 3538 pri·

997 3583 1063 3619 mum
1080 3573 1119 3620 est
1134 3570 1232 3620 condito
1252 3570 1355 3634 protulit
1375 3570 1501 3620 sexcentos
1522 3568 1627 3617 virtutes
1647 3567 1771 3627 uirorum,

996 3663 1087 3729 quibus
1098 3679 1144 3715 nec
1155 3665 1255 3728 pictate,
1269 3677 1315 3714 nec
1326 3664 1417 3714 iustitia
1428 3677 1474 3713 nec
1488 3665 1607 3726 perpetuu
1616 3673 1659 3722 pen
1673 3671 1771 3710 omnem

995 3758 1070 3808 vitum
1085 3758 1247 3820 temperantia
1261 3757 1452 3819 poroestnntiores,
1478 3769 1507 3803 nc
1527 3767 1558 3802 uc
1576 3753 1649 3801 rebus
1668 3752 1770 3815 quidem

995 3850 1088 3901 bellicis
1110 3849 1224 3899 tortiores
1239 3850 1288 3897 ulla
1309 3861 1417 3910 unquam
1439 3846 1526 3895 civitas
1547 3848 1590 3893 uut
1610 3845 1696 3893 (ἔσωσε
1726 3844 1771 3893 sut

993 3942 1096 3993 berbnrn
1105 3942 1171 3999 tulit,
1188 3941 1253 3990 absit
1269 3941 1343 3989 norbo
1361 3938 1452 3988 invidia
1467 3936 1685 4000 :pollicitationem
1705 3935 1771 3986 euim

994 4049 1078 4085 rerum
1098 4047 1155 4098 qum
1168 4046 1265 4082 omnem
1286 4045 1354 4095 φατε
1379 4029 1451 4079 ddom
1470 4032 1586 4092 superant
1608 4027 1770 4091 utquendmi·

995 4126 1079 4177 rendre
1105 4129 1162 4175 sunt
1186 4125 1267 4175 nescio
1294 4123 1355 4185 quid
1381 4121 1499 4171 eiusmodi
1523 4121 1663 4170 comitetur.
1708 4121 1771 4170 Uni·

994 4220 1061 4269 uersi
1082 4231 1155 4277 vero,
1170 4217 1212 4279 qui
1234 4230 1288 4266 cem
1308 4215 1447 4264 adtentum
1470 4212 1566 4276 imperii
1580 4210 1770 4274 amplitudinem

994 4317 1169 4379 provexerunt,
1184 4312 1250 4376 quod
1260 4311 1406 4361 historicum
1425 4308 1546 4358 celebrem
1563 4306 1628 4356 tracti
1649 4319 1697 4354 nou
1709 4311 1769 4356 sunt

994 4409 1116 4464 nGrsecis
1137 4407 1286 4470 ignorantur.
1319 4403 1390 4452 Nulla
1419 4401 1485 4452 euim
1505 4401 1536 4449 de
1557 4399 1587 4448 iis
1612 4399 1699 4448 Grues
1719 4395 1771 4447 bis·

994 4506 1057 4558 toris
1074 4507 1187 4555 accurate
1201 4502 1293 4565 scripta
1304 4500 1335 4549 od
1346 4503 1431 4549 nostre
1448 4512 1526 4562 usque
1551 4501 1661 4558 temporo
1682 4494 1707 4543 in
1728 4495 1771 4543 lu·

992 4618 1047 4655 cem
1070 4601 1175 4667 prodiit,
1194 4602 1284 4663 praeter
1304 4596 1418 4663 quedam
1437 4593 1595 4658 compendio,
1618 4604 1694 4653 unque
1711 4605 1769 4654 per·

993 4702 1085 4753 brevis.

1022 4801 1066 4850 vl.
1097 4801 1131 4848 Ac
1153 4797 1247 4860 primus
1267 4794 1334 4857 quod
1360 4792 1475 4856 equidem
1503 4790 1579 4840 seiam
1606 4788 1769 4850 Hieronymus

991 4918 1127 4971 Cardianus
1146 4914 1279 4965 historicus
1305 4916 1427 4963 llomsnns
1449 4910 1606 4976 nioliqnitates
1627 4909 1651 4957 in
1674 4910 1765 4973 Epigo-

990 5038 1079 5075 norum
1101 5021 1205 5073 bistonio
1223 5020 1331 5070 breuiter
1350 5020 1491 5084 perstrinxit
1514 5036 1521 5066 ι
1544 5015 1633 5066 deiude
1659 5014 1768 5063 Timoeus

991 5138 1088 5191 Siculus
1110 5148 1152 5189 εει
1176 5136 1274 5201 quidem
1300 5134 1392 5199 priscas
1420 5129 1550 5182 universali
1572 5126 1675 5177 historin
1696 5138 1764 5175 eom·
