3772 5828
634 407 927 485 ANTIQUITATUM
948 413 1097 475 ROMAN.
1124 413 1197 473 LlB.
1222 412 1274 474 ΙΙΙ.

138 536 243 605 οἰωνοὺς
265 537 382 597 ἐσκόπει.
423 536 566 598 Φανέντων
588 540 611 598 δ’
629 540 673 600 ἐπὶ
688 541 798 622 θατέρου
819 544 914 624 μέρους

138 627 243 708 ὀρνίθων
262 624 323 685 σέων
338 626 415 694 αὐτὸς
429 626 569 707 ἐθούλετο,
585 629 666 688 πάλιν
679 632 763 690 ἐκεῖνο
779 634 840 712 διχῆ
856 634 914 713 διῄ-

140 741 177 798 ρει
196 716 228 776 τό
246 715 358 796 χωρίον,
371 717 417 775 καὶ
434 716 495 785 τοὺς
510 718 614 799 ὄρνιθας
630 719 741 798 διέκρινε
758 720 816 788 τοὺς
829 744 916 802 παρα·

138 806 289 884 γινομένους
302 804 413 863 κατὰτὸ
428 806 503 867 αύτό.
546 807 638 886 Ταύτῃ
653 806 789 886 χρώμενος
800 811 832 886 τῇ
844 809 916 865 διαι-

100 923 112 960 5
141 894 211 975 ρέσει
224 897 277 952 τῶν
291 892 394 966 τόπων,
408 892 455 952 καί
473 893 522 967 τὴν
538 893 654 972 ἐσχάτην
674 896 725 954 ὑπὸ
739 898 791 953 τῶν
809 896 916 975 ὀρνίθων

138 984 339 1061 ἀποδειχθεῖσαν
364 980 483 1058 ἄμπελον
511 980 643 1055 ὑπελθὼν,
669 984 784 1064 εὑρίσκει
810 986 917 1064 βότρυος

140 1071 251 1130 ἄπιστόν
263 1094 289 1128 τι
300 1074 408 1150 χρῆμα,
423 1071 468 1129 καί
488 1070 566 1130 αὐτὸν
581 1072 664 1151 φέρων
680 1071 723 1130 ἐπὶ
736 1071 784 1142 τῆν
802 1074 917 1133 καλιάδα

141 1163 194 1218 τῶν
215 1157 307 1240 ἡρώων
327 1162 421 1239 δρᾶται
443 1159 508 1239 πρὸς
529 1165 574 1219 τοῦ
589 1160 698 1240 πατρός.
740 1161 918 1239 Θαυμάσαντι

141 1248 213 1307 δὲτὸ
228 1248 337 1327 μέγεθος
353 1251 399 1319 τῆς
414 1250 557 1330 σταφυλῆς,
568 1248 614 1307 καί
635 1249 712 1308 πόθεν
735 1249 837 1331 εἰλήφει
850 1274 917 1309 πυν-

89 1358 114 1397 ιο
139 1338 282 1420 θανομένῳ,
297 1340 427 1416 διηγεῖται
444 1337 531 1396 πάντα
546 1337 572 1405 ἐξ
583 1339 678 1418 ἀρχῆς.
720 1337 753 1399 Ὁ
774 1339 798 1397 δ’
814 1342 916 1399 ύπολα-

141 1425 214 1500 όὼν,
230 1425 295 1507 ὅπερ
310 1417 359 1503 ἦν,
373 1425 502 1506 ἐμφύτους
517 1414 585 1483 εἷναί
603 1450 675 1493 τινας
692 1430 775 1508 ἀρχὰς
791 1432 919 1505 μαντικῆς

142 1515 169 1571 ἐν
183 1519 220 1594 τῷ
233 1513 324 1588 παιδὶ,
336 1513 448 1592 κομίσας
460 1513 537 1572 αὐτόν
549 1518 585 1581 τίς
600 1513 648 1585 τὴν
663 1515 740 1573 πολιν
751 1517 919 1595 γραμμάτων

143 1602 312 1668 διδασκάλοις
330 1600 493 1674 συνίστησιν.
536 1601 614 1663 Ἐπεί
637 1602 664 1661 δέ
678 1607 725 1673 τῆς
744 1608 832 1674 κοινῆς
851 1627 917 1663 παι-

140 1690 211 1758 δείας
226 1692 404 1770 ἀποχρώντως
416 1691 560 1768 μιτελαύε,
580 1694 728 1771 Ἰὐρρηνῶν
737 1693 815 1751 αὐτὸν
830 1716 920 1773 παρα·

90 1802 114 1839 15
143 1777 234 1835 δίδωσι
253 1781 291 1859 τῷ
307 1778 460 1860 λογιωτάτῳ
478 1777 526 1850 τὴν
544 1780 752 1851 οἰωνοσκοπικὴν
769 1780 864 1859 τέχνην
882 1782 920 1839 θι-

142 1865 349 1945 δαχθησόμενον.
393 1863 485 1948 Ἔχων
509 1868 536 1926 δὲ
560 1868 607 1941 τῆν
630 1868 744 1950 ἔμφυτον
768 1873 783 1928 ό
808 1868 920 1938 Ναίόιος

144 1953 273 2027 μαντικὴν
285 1955 330 2014 καί
343 1955 390 2028 τῆν
405 1956 545 2028 ἐπίκτητον
559 1955 633 2037 παρὰ
647 1958 672 2018 Τ
673 1959 791 2037 υρρηνδιν
801 1959 921 2038 προσλα-

145 2040 214 2115 όὼν,
224 2048 318 2126 μακρῷ
338 2045 369 2116 δή
382 2067 433 2103 που
445 2043 504 2112 τοθς
517 2045 611 2112 ἀλλους
624 2047 815 2113 οἰωνοσκόπους
830 2046 918 2105 ἄπαν-

145 2153 206 2204 τας,
221 2136 257 2199 ὡς
270 2133 348 2213 ἔφην,
361 2133 558 2210 terpeteius,
571 2138 607 2199 είς
621 2134 728 2202 ἁπάσας
738 2158 767 2194 τε
780 2134 827 2202 τίς
838 2136 922 2212 δημο·

89 2233 115 2269 2⁰
144 2220 201 2288 σίας
217 2224 376 2304 ἐπισκέψεις,
391 2225 415 2281 οἱ
428 2227 475 2294 τῆς
489 2225 588 2289 πόλεως
602 2224 785 2300 οἰωνομάντεις
799 2225 847 2284 ούκ
857 2224 920 2284 όντα

143 2315 173 2371 ἐκ
194 2318 239 2372 τοῦ
256 2311 425 2388 συστήματος
443 2311 608 2390 παρεκάλουν
625 2311 716 2388 αὐτόν,
733 2311 777 2371 δεδι
790 2312 839 2383 τὴν
859 2317 920 2373 ἐπι-

143 2401 236 2479 τυχίαν
254 2404 306 2459 τῶν
327 2399 537 2478 μαντευμάτων,
552 2400 598 2458 καί
613 2398 684 2459 ούθέν
698 2399 714 2458 ό
728 2425 754 2459 τι
768 2399 806 2477 μῆ
826 2399 920 2470 bozeam

145 2489 236 2568 ἐκείνῳ
251 2488 406 2569 προύλεγον.

184 2578 285 2636 Lxxl.
310 2567 395 2642 Οὗτος
427 2578 441 2633 δ
466 2574 587 2649 Ναίόιος,
616 2573 767 2656 βουλομένῳ
799 2576 862 2638 ποσί
885 2580 923 2660 τῷ

91 2691 117 2727 as
145 2662 287 2742 Ταρκυνίῳ
318 2669 387 2741 τρεῖς
414 2660 496 2741 φυλὰς
517 2663 607 2742 ἑτέρας
633 2661 766 2731 ἀποδεῖξαι
799 2664 869 2742 νέας,
892 2668 922 2726 ἐκ

147 2753 199 2809 τῶν
215 2754 258 2831 ὑφ’
274 2753 356 2809 αὑτοῦ
375 2749 500 2829 πρότερον
520 2751 728 2828 κατειλεγμένων
743 2754 860 2826 ἱππέοιν,
877 2756 922 2815 καὶ

143 2844 255 2911 ποιῆσαι
269 2838 318 2905 τδις
331 2836 464 2906 ἐπιθέτους
480 2838 562 2920 φυλάς
576 2842 669 2898 ἑαυτοῦ
683 2863 711 2898 τε
725 2842 770 2899 καί
784 2844 836 2900 τῶν
851 2843 922 2903 ἰδίων

143 2925 256 3006 ἑταίρων
272 2926 439 3003 ἐπωνύμους,
453 2927 531 3002 μόνος
546 2930 650 2986 ἀντεῖπε
663 2928 732 2987 κατθι
744 2930 774 2989 τό
786 2930 922 3012 καρτερὸν,

144 3017 192 3074 οὐκ
218 3016 267 3073 ἐῶν
290 3016 370 3074 κινεῖν
394 3019 447 3074 τῶν
471 3016 521 3075 ὑπὸ
545 3014 685 3093 Ῥωμύλου
705 3019 921 3079 κατασταθέντων

91 3119 118 3159 at>
143 3100 228 3163 οὐθέν.
274 3101 429 3182 ’ἀχθόμενος
444 3103 465 3162 δ’
480 3103 524 3163 ἐπί
543 3108 576 3184 τῆ
600 3104 715 3165 κωλύσει
733 3107 779 3166 καί
792 3109 825 3167 δι’
844 3112 922 3190 ὀργῆς

144 3188 212 3268 ἔχων
231 3188 274 3246 τὸν
290 3188 402 3249 Ναίόιον
422 3193 435 3248 δ
451 3191 589 3270 βασιλεὺς,
604 3194 765 3254 καταόσλεῒν
778 3198 858 3256 αὐτοῦ
873 3198 922 3269 τὴν

144 3276 294 3350 ἐπιστήμην
313 3279 349 3344 εἷς
364 3279 395 3337 τὸ
410 3273 492 3352 μηδὲν
511 3280 697 3362 ἐπεχείρησεν,
710 3286 746 3350 ὧς
761 3287 920 3354 ἀλαζονευο-

145 3365 223 3442 μένου
238 3365 284 3424 καί
299 3368 379 3443 μηθέν
394 3369 487 3440 ἀληθές
501 3369 629 3448 λέγοντος.
671 3373 763 3433 Ταῦτα
779 3372 923 3447 διανοηθείς

145 3453 234 3513 ἐκάλει
252 3455 296 3513 τόν
318 3454 431 3516 Ναίόιον
457 3459 500 3517 ἐπὶ
518 3457 548 3517 τδ
564 3462 658 3537 βῆμα,
681 3463 778 3520 πολλοῦ
793 3462 922 3539 παρόντος

93 3561 119 3600 κο
146 3540 226 3620 ὄχλου
237 3543 306 3601 κατά
320 3543 368 3616 τῆν
384 3547 490 3626 ἀγοράν.
534 3548 739 3629 Προδιαλεχθείς
755 3548 782 3607 δέ
797 3552 922 3632 τοῖςπερὶ

148 3629 235 3703 αὐτὸν,
251 3632 285 3691 δι’
299 3623 328 3692 οδ
343 3622 440 3713 τρόπου
455 3634 631 3716 ψευδόμαντιν
647 3635 790 3704 ἀποδείξειν
802 3638 847 3698 τὸν
858 3642 920 3699 οἰω-

149 3718 274 3777 νοσκόπον
287 3723 488 3800 θπιλάμύσνεν,
502 3723 592 3796 ἐπειδὴ
605 3724 762 3804 παρεγένετο
777 3728 923 3807 φιλανθρύι·

147 3829 205 3872 ποις
218 3807 294 3869 αὐτὸν
304 3812 455 3887 ἀσπασμοῖς
467 3811 607 3872 avulseris
620 3831 628 3845 ·
642 3843 653 3864 ι
666 3817 737 3886 Νῦν,
755 3814 816 3893 ἔφη,
833 3817 922 3896 καιρὸς

147 3924 158 3946 ι
181 3897 359 3968 ἐπιδείξασθαί
378 3924 407 3959 σε
431 3904 478 3970 τῆν
494 3901 630 3980 ἀκρίόιιαν
652 3906 697 3973 τῆς
717 3907 845 3980 μαντικῆς
861 3906 921 3965 ἐπι-

92 4008 118 4048 ιυ
144 4010 157 4035 ⁸
179 3976 447 4062 στήμης,ἀιΝαίόιε.
490 3988 588 4068 Πράξει
600 3989 651 4069 γάρ
664 3994 804 4072 ἐπιχειρεῖν
818 3992 922 4074 μεγάλη

145 4102 157 4126 ι
180 4074 373 4153 διανοούμενος,
388 4079 411 4135 εί
432 4077 462 4135 τίν
476 4077 585 4138 δυνατόν
600 4079 667 4158 αὐτῇ
683 4079 809 4158 πρόσεστι
829 4088 921 4160 μαθεῖν

145 4189 158 4216 s
180 4161 319 4241 βούλομαι.
361 4165 432 4225 Ἀλλ’
448 4166 524 4226 ἀπιθι
537 4165 582 4226 καῖ
594 4168 853 4246 διαμαντευσάμενος
872 4163 922 4242 ἧκε

144 4279 158 4303 «
178 4254 293 4331 ταχέως·
301 4252 353 4332 ἐγὼ
363 4257 386 4314 δ’
395 4256 484 4314 ἐνθάδε
494 4255 638 4333 καθήμενος
649 4258 783 4333 ἀναμενῶ.
794 4286 807 4310 ι
818 4258 922 4320 Ἐποίει

144 4338 178 4397 τά
191 4342 378 4419 κελευόμεναδ
394 4342 499 4421 μάντις,
515 4344 561 4402 καί
576 4343 633 4422 μετ’
648 4348 677 4405 ού
690 4347 757 4407 πολὺ
771 4352 860 4423 παρῆν
876 4350 920 4407 αἰ-

89 4445 116 4483 na
143 4427 216 4495 σέους
229 4431 363 4512 εἰληφέναι
378 4432 461 4511 λέγων
474 4432 588 4507 οἰωνοὺς,
603 4435 649 4492 καὶ
664 4434 777 4506 δυνατὴν
792 4427 921 4508 εἶναιτὴν

143 4515 238 4596 πρᾶξιν
254 4520 417 4601 ἀποφαίνων.
461 4521 580 4588 Γελάσας
593 4521 621 4580 δὲ
637 4522 808 4602 όἸάρκύνιος
824 4524 869 4584 ἐπί
884 4528 921 4606 τῷ

143 4603 223 4686 λόγῳ,
233 4606 279 4665 καί
289 4607 447 4687 προενέγκας
459 4612 489 4668 ἐκ
503 4615 547 4668 τοῦ
562 4608 661 4669 κολπυυ
669 4611 743 4689 ξυρὸν
758 4613 804 4672 καὶ
815 4613 921 4690 ἀκόνην,

143 4692 214 4772 λέγει
228 4695 293 4776 πρός
304 4698 398 4757 αὐτὸν·
419 4726 431 4750 ι
446 4698 601 4774 Ἑάλωκας,
616 4688 638 4758 ἀι
652 4700 765 4771 Ναίθιε,
777 4700 921 4780 φενακίζων

144 4808 158 4837 ε
180 4787 251 4857 ἡμᾶς
269 4785 315 4845 καί
332 4789 558 4869 καταψευδόμενος
577 4793 622 4848 τοῦ
644 4789 777 4864 δαιμονίου
800 4813 920 4870 καταφα·

89 4889 118 4929 σο
145 4898 158 4927 ι
179 4877 247 4951 νῶς,
264 4874 342 4935 ὁπότε
361 4878 406 4935 καὶ
420 4877 467 4942 τὰς
482 4878 624 4944 ἀδυνάτους
636 4876 742 4957 πράξεις
756 4879 922 4954 τετόλμηκας

144 4990 158 5016 ο
179 4966 266 5043 λέγειν
291 4966 414 5033 δυνατάς.
457 4960 560 5044 Ἔγωγ
584 4955 628 5024 οὖν
651 4965 876 5043 διεμαντευόμην,
898 4969 921 5026 ci

146 5078 157 5103 ι
178 5057 217 5134 τῷ
233 5051 300 5134 ξυρῷ
312 5057 379 5131 τῷδε
393 5053 440 5126 τῆν
455 5054 551 5125 ἀκόνην
563 5052 664 5124 πλήξας
677 5055 760 5128 μέσην
774 5054 921 5131 δυνήσομαι

144 5166 157 5193 ι
179 5142 281 5201 διελεῖν.
299 5170 311 5194 ν
327 5143 445 5211 Γελωτος
467 5145 490 5201 δ’
513 5144 539 5213 ἐξ
563 5143 686 5203 ἀπάντων
707 5143 847 5222 γενομένου
867 5148 920 5201 τῶν

143 5231 204 5309 περὶ
218 5229 249 5287 τδ
260 5233 346 5308 βῆμα,
362 5230 435 5292 οὐδέν
448 5230 632 5313 ἐπιταραχθεὶς
645 5235 660 5290 ό
675 5232 796 5306 Ναίόιος,
811 5231 862 5290 ύπδ
874 5236 920 5290 τοῦ

1693 419 1748 479 187

969 567 1041 605 uearn
1055 552 1166 602 bilariam
1178 553 1303 610 dividere,
1316 553 1469 617 alteramque
1480 555 1535 604 eiua
1548 558 1642 619 partem
1656 574 1670 608 a
1685 558 1749 610 dex·

971 656 1027 714 tra,
1040 651 1145 701 alteram
1163 665 1177 700 a
1198 650 1296 699 sinistra
1308 649 1445 713 designare,
1467 655 1543 714 alque
1562 652 1596 701 ila
1618 655 1750 720 utriusque

971 744 1049 809 partis
1059 743 1169 808 auspicia
1182 741 1315 793 observare
1327 743 1409 807 erepit.
1444 744 1508 793 cum
1528 748 1610 794 autem
1623 747 1655 796 ab
1673 749 1750 800 attera

970 840 1040 902 parto
1062 849 1122 886 aves
1138 837 1325 901 apparuissent,
1356 836 1442 900 quales
1469 837 1523 901 ipse
1549 837 1637 901 vellet,
1665 853 1752 893 rursus

971 943 1029 981 eorn
1048 944 1147 995 quoque
1167 930 1249 981 locum
1263 929 1405 990 dividebat,
1424 932 1450 980 ct
1467 944 1527 981 ares
1554 931 1640 984 eodem
1659 933 1753 986 delatas

971 1022 1137 1074 discernebat.
1171 1027 1224 1075 liae
1251 1025 1362 1074 locorum
1398 1023 1518 1077 divisione
1546 1039 1621 1089 usus,
1653 1028 1753 1082 tandem

972 1117 1048 1169 vitem
1060 1118 1148 1167 ultimo
1162 1119 1194 1168 ab
1205 1117 1294 1168 nvibus
1307 1120 1432 1168 ostensam
1444 1120 1561 1184 subiens,
1574 1121 1668 1172 invenit
1681 1137 1752 1176 race-

973 1226 1042 1263 mum
1058 1211 1221 1262 miraeanis·
1240 1208 1369 1272 credendae
1383 1214 1573 1278 magnitudinis,
1589 1232 1665 1283 quem
1682 1219 1751 1271 dese·
1854 1226 1857 1232 '

973 1322 1030 1360 rens
1052 1307 1084 1358 ad
1104 1307 1224 1358 sacellum
1242 1306 1323 1357 lamm
1337 1314 1484 1373 conspectus
1508 1315 1575 1362 esta
1594 1317 1672 1378 patre.
1706 1316 1754 1367 cui

973 1402 1106 1453 admiranti
1123 1402 1216 1455 racemi
1230 1403 1424 1469 magnitudinem
1443 1412 1469 1458 et
1482 1409 1547 1459 unde
1561 1411 1666 1474 cepisset
1686 1426 1754 1478 qum-

973 1496 1052 1556 renti,
1066 1495 1149 1547 omnia
1160 1495 1192 1545 ab
1201 1496 1271 1546 initio
1284 1498 1403 1550 narravit
1438 1501 1483 1552 ille
1494 1503 1637 1566 suspicatus
1652 1504 1678 1554 id
1687 1505 1754 1568 quod

973 1596 1041 1655 erat,
1055 1594 1080 1643 in
1094 1606 1170 1657 puero
1181 1592 1263 1657 aliqua
1277 1595 1336 1645 artis
1345 1595 1472 1648 divinandi
1484 1598 1579 1649 sernina
1593 1599 1677 1651 innata
1689 1615 1754 1664 esse,

974 1688 1109 1738 deductum
1123 1689 1148 1738 iu
1161 1689 1248 1738 urbem
1262 1688 1449 1755 ludimagistris
1467 1694 1657 1747 commendavit.
1693 1697 1755 1748 Gum

975 1785 1058 1833 autern
1079 1779 1189 1830 triviales
1203 1781 1263 1830 istas
1284 1781 1426 1846 disciplinas
1445 1785 1507 1836 salis
1523 1786 1679 1850 addidisset,
1698 1802 1756 1841 oum

976 1875 1137 1922 Etruseorum
1148 1873 1265 1935 magistro
1276 1873 1435 1924 celeberrimo
1448 1876 1563 1937 tradidit,
1580 1881 1608 1928 ut
1616 1882 1696 1930 artem
1713 1893 1757 1929 au·

974 1960 1080 2025 gurandi
1090 1959 1206 2011 disceret.
1239 1962 1339 2013 Novius
1352 1963 1427 2027 igilur
1440 1965 1524 2015 addila
1535 1966 1565 2016 ad
1589 1970 1676 2018 natura
1696 1968 1758 2019 insi·

975 2055 1026 2100 turo
1039 2047 1166 2098 divinandi
1179 2052 1256 2099 artem
1274 2063 1339 2100 nova
1350 2063 1425 2113 quam
1443 2052 1474 2102 ab
1493 2054 1604 2105 Etruscis
1616 2060 1755 2118 acceperat,

975 2137 1045 2200 longe
1061 2139 1157 2186 eeteros
1168 2148 1254 2187 ornares
1265 2149 1372 2200 augures
1385 2139 1394 2201 (
1405 2142 1433 2189 ul
1446 2139 1512 2200 dixi)
1522 2140 1609 2204 peritia
1619 2142 1754 2204 superavit.

976 2224 1014 2274 Ad
1026 2236 1112 2274 omnes
1126 2227 1209 2275 autem
1230 2225 1343 2288 publicas
1365 2228 1556 2281 consultationes
1572 2231 1661 2282 urbani
1674 2244 1754 2295 augu-

976 2310 1154 2376 res,quanvis
1175 2311 1227 2375 ipse
1248 2325 1280 2362 εκ
1304 2313 1406 2377 collegio
1429 2328 1514 2365 eorum
1533 2329 1582 2367 non
1602 2322 1682 2379 esset,
1699 2331 1756 2369 eum

976 2398 1150 2462 accersebant,
1167 2398 1234 2462 quod
1247 2400 1350 2452 feliciter
1363 2401 1485 2454 divmaret
1501 2421 1507 2452 ι
1521 2407 1547 2454 et
1559 2404 1621 2455 nildl
1636 2405 1753 2471 pradice
1845 2460 1847 2465 ,

977 2489 1044 2547 bant,
1057 2487 1124 2551 quod
1134 2487 1179 2537 illo
1186 2501 1236 2537 uon
1245 2488 1413 2552 approbasset

1008 2598 1091 2646 lxxi.
1109 2598 1158 2647 lale
1172 2597 1285 2659 uarius,
1301 2611 1359 2649 cum
1372 2598 1505 2664 aliquando
1516 2602 1662 2665 Tarquinius
1671 2604 1703 2654 ad
1715 2617 1757 2656 re·

976 2706 1041 2755 teres
1053 2703 1175 2755 centurias
1185 2706 1321 2754 tresuovas
1331 2718 1362 2754 ea
1370 2705 1463 2756 recenti
1474 2704 1587 2768 equiturn
1596 2705 1693 2755 delectu
1703 2719 1718 2756 a
1729 2719 1757 2758 se

977 2806 1062 2858 habito
1069 2806 1506 2871 addere,ceuturiasqueaseadditas
1516 2808 1599 2858 desuo
1606 2820 1757 2869 suorumque

976 2910 1113 2960 amicorum
1127 2911 1225 2962 nomine
1241 2909 1364 2976 appellare
1379 2910 1465 2970 vellet,
1478 2909 1546 2961 solus
1563 2910 1586 2960 ei
1604 2911 1701 2962 fortiter
1717 2912 1757 2963 est

976 3009 1131 3072 adversatus,
1138 3011 1274 3062 nonslnens
1283 3011 1417 3076 quicquam
1428 3025 1459 3063 ex
1466 3012 1563 3062 Romuli
1573 3013 1692 3065 institutis
1700 3029 1758 3067 mu·

976 3115 1032 3165 tari.
1067 3119 1118 3168 llex
1130 3119 1213 3167 antem
1227 3116 1306 3167 iratus
1321 3117 1388 3180 quod
1401 3116 1474 3166 abeo
1490 3115 1664 3180 impediretur,
1680 3120 1705 3168 et
1715 3119 1756 3169 in·

978 3215 1063 3267 tanaus
1074 3220 1174 3281 Naevio,
1187 3224 1291 3270 conatus
1302 3223 1341 3271 est
1356 3219 1489 3271 vanitatem
1502 3220 1556 3270 eius
1568 3220 1629 3271 artis
1640 3235 1756 3287 arguere,

976 3321 1048 3380 qnasi
1060 3321 1100 3372 ille
1114 3323 1283 3374 tantummodo
1297 3337 1324 3374 se
1343 3324 1446 3375 iactaret
1460 3325 1487 3375 et
1508 3322 1562 3374 veri
1575 3322 1636 3372 nibil
1654 3323 1755 3376 diceret.

979 3425 1757 3490 Haecanimoagilansvocaritilaeviurnadtribuna,praesente

978 3540 1067 3589 magna
1082 3528 1155 3578 turba
1170 3541 1229 3592 qum
1251 3528 1276 3578 in
1299 3530 1352 3578 toro
1373 3533 1435 3579 erat.
1471 3531 1533 3580 curn
1552 3533 1698 3583 antarados,
1713 3530 1757 3592 qui

978 3629 1137 3679 circumcirca
1151 3630 1292 3695 adstabant,
1300 3633 1497 3696 praemonuisset,
1508 3646 1557 3695 qua
1570 3631 1665 3682 ratione
1676 3646 1758 3698 spera·

977 3735 1016 3781 ret
1034 3731 1086 3783 iore
1103 3735 1133 3783 ut
1151 3747 1230 3798 augarr
1247 3734 1288 3785 ille
1301 3735 1418 3785 vanitatis
1433 3749 1448 3785 a
1466 3750 1493 3787 se
1518 3739 1670 3801 argueretur,
1690 3741 1758 3801 post·

978 3850 1054 3900 quarn
1073 3838 1190 3898 accessit,
1213 3851 1244 3888 co
1258 3839 1362 3891 comiter
1377 3840 1496 3900 salutato,
1519 3859 1532 3883 ι
1552 3842 1638 3901 Νυοο,
1661 3837 1756 3904 inquit,

978 3954 991 3978 ι
1009 3938 1048 3984 est
1062 3936 1173 3999 tempus,
1188 3950 1204 3985 o
1217 3936 1299 3998 Naevi,
1308 3941 1337 3987 ut
1353 3936 1508 3987 demonstres
1522 3949 1597 3999 quam
1614 3935 1710 4001 peritus
1722 3936 1757 3987 sis

978 4058 991 4081 «
1009 4039 1069 4088 artis
1089 4038 1226 4090 divinandi.
1261 4043 1324 4092 Cum
1339 4040 1403 4090 enirn
1421 4054 1474 4091 rem
1490 4054 1603 4103 magnam
1620 4040 1718 4106 aggredi
1731 4040 1756 4091 in

978 4165 990 4187 «
1008 4145 1091 4196 animo
1104 4146 1226 4206 babeam,
1241 4160 1273 4195 an
1291 4159 1321 4195 ea
1335 4144 1390 4195 lieri
1407 4144 1485 4208 possit
1499 4143 1564 4193 scire
1576 4141 1642 4193 volo.
1674 4146 1757 4200 Quare

979 4267 990 4290 ι
1008 4249 1058 4308 abi,
1071 4252 1097 4299 et
1111 4249 1232 4300 consultis
1246 4248 1333 4298 avibus
1346 4246 1415 4297 ocius
1430 4245 1482 4297 rodi
1502 4257 1567 4307 :ego
1582 4244 1696 4295 semble
1713 4257 1755 4296 se·

977 4380 989 4404 ι
1007 4361 1069 4410 dens
1081 4366 1106 4412 te
1118 4361 1276 4426 exspectabo.
1289 4380 1302 4403 a
1312 4363 1389 4410 Vates
1399 4359 1519 4423 imperata
1537 4357 1611 4418 tecit,
1622 4372 1667 4408 nec
1677 4357 1756 4408 multo

976 4466 1033 4528 post
1043 4464 1133 4527 rediit,
1143 4469 1168 4517 el
1188 4467 1267 4516 inusta
1278 4464 1381 4528 auguria
1395 4475 1422 4513 se
1433 4461 1557 4526 accepisse
1569 4461 1632 4511 dixit
1642 4459 1753 4509 affirma-

976 4566 1061 4631 ritque
1072 4581 1124 4617 rem
1137 4567 1190 4618 sueri
1203 4583 1284 4634 posse,
1318 4569 1388 4616 Tunc
1410 4564 1566 4626 Tarquinius,
1582 4561 1614 4611 ob
1628 4573 1684 4611 eam
1695 4574 1754 4609 ora·

976 4662 1069 4714 tionem
1086 4664 1183 4728 ridens,
1197 4669 1261 4715 etex
1276 4663 1331 4714 sinu
1349 4663 1497 4727 depromens
1511 4658 1655 4708 nouaculam
1670 4658 1694 4706 et
1708 4669 1753 4704 co·

975 4762 1041 4821 tem,
1064 4760 1087 4811 ei
1106 4760 1184 4823 dixit,
1199 4781 1210 4803 ιι
1230 4763 1285 4810 Jarn
1305 4765 1386 4820 certe,
1407 4758 1490 4818 Naevi,
1504 4757 1571 4819 [vetet
1587 4758 1670 4804 tenos
1688 4751 1753 4802 deci·

978 4875 990 4899 υ
1006 4869 1079 4920 pere,
1094 4860 1120 4906 et
1131 4859 1217 4906 contra
1231 4870 1323 4905 numen
1333 4855 1430 4906 mentiri
1447 4851 1588 4907 maniteste;
1603 4845 1702 4912 quando
1712 4862 1753 4900 res

977 4969 990 4992 ι
1007 4964 1064 5014 qum
1074 4949 1224 5000 nullomodo
1235 4950 1288 5000 ficri
1302 4954 1405 5013 possunt
1420 4946 1472 4996 beri
1485 4957 1556 5008 posse
1566 4954 1642 4992 ausus
1651 4955 1680 4993 es
1689 4943 1753 4993 affir-

976 5066 989 5089 ι
1006 5058 1082 5095 mare.
1092 5047 1188 5096 Etenim
1199 5046 1246 5095 boc
1255 5048 1336 5096 animo
1345 5043 1443 5106 agitari,
1452 5056 1483 5092 an
1491 5041 1536 5089 bac
1543 5040 1663 5090 novacula
1671 5044 1751 5092 cotern

975 5164 988 5187 ι
1005 5141 1111 5193 mediam
1125 5144 1264 5208 percutiens
1279 5143 1417 5193 discindere
1433 5154 1529 5204 possem
1539 5143 1549 5189 i
1558 5160 1570 5184 ν
1584 5142 1652 5190 Tunc
1666 5143 1752 5191 exorto

975 5237 1025 5289 risu
1048 5237 1112 5288 ioler
1132 5249 1218 5287 ornnes
1231 5237 1275 5299 qui
1286 5236 1392 5289 tribunal
1408 5236 1615 5299 circumstabant,
1634 5234 1748 5288 Naevius,
