3772 5828
638 312 932 386 nnrtou'rrtrttnt
951 312 1102 373 ROMAN.
1126 312 1199 373 ΗΒ.
1222 314 1245 372 t.
1727 316 1747 374 ὖ

143 446 307 526 γιγνομένου,
335 444 394 514 τοὺς
417 444 444 504 θλ
468 450 533 525 πρδς
559 444 665 524 Πύρρον
681 446 726 506 τδν
743 443 911 526 Ἠπειρώτην

144 540 269 616 πολέμους
279 540 316 604 τῖς
324 536 392 594 ἰδίαν
403 533 633 613 καταχωρίσαντος
643 532 842 612 πραγματείαν·
855 532 913 609 όίμα

147 626 283 693 δίτούτοις
303 624 449 700 Ἀντιγόνου
468 644 497 679 τε
510 621 556 680 καλ
575 621 707 681 Πολυθίου
732 625 778 681 καὶ
798 624 913 691 Σιληνοῦ

146 712 188 773 καλ
202 713 304 791 μυρίων
321 712 408 771 ἄλλων
422 718 475 777 τοῖς
489 713 576 776 αὐτοῖς
590 709 743 790 πράγμασιν
757 712 807 790 ούχ
820 710 915 785 ὁμοίοις

117 800 337 861 undetrices-
367 789 402 857 ῶν
423 797 531 865 ἕκαστος
551 798 627 875 ὀλίγα
657 800 702 857 καῖ
722 800 775 858 οὐδ’
801 796 915 876 ἀκριθῶς

146 890 213 968 αύτῷ
244 887 482 961 διεσπουδασμένα,
512 887 570 952 ἀλλ’
604 889 634 945 ἐκ
658 890 710 945 τῶν
740 888 915 967 ἐπιτυχόντων

147 975 320 1053 ἀκουσμάτων
335 972 434 1042 συνθεὶς
447 974 601 1055 ἀνέγραψεν.
646 975 758 1051 Ὁμοίας
771 976 798 1035 δέ
814 973 913 1042 τούτοις

146 1064 188 1123 καῖ
198 1064 272 1124 ούδῖν
285 1063 420 1144 διαφόρως
435 1061 561 1130 ἐξέδωκαν
576 1063 691 1141 ἱστορίας
709 1066 754 1122 καῖ
772 1063 915 1141 Ῥωμαίων

147 1152 199 1211 ὀσοι
216 1151 252 1211 τά
270 1150 374 1211 παλαιθ
397 1150 461 1229 ίργα
490 1155 537 1223 τῆς
564 1150 663 1218 πόλεως
687 1150 830 1231 Ἑλληνικῇ
859 1154 916 1211 δια·

110 1254 129 1295 tt
147 1240 228 1323 λάκκῳ
241 1238 425 1321 συνέγραψαν,
439 1230 476 1298 ῶν
491 1241 541 1298 εἰσι
561 1240 737 1319 πρεσβύτατοι
760 1240 871 1308 Κόιντός
886 1264 914 1299 τε

148 1329 249 1397 didio<
271 1328 317 1388 καῖ
342 1328 449 1394 Λεύκιος
466 1328 585 1404 Κίγκιος,
600 1329 744 1410 ἀμφότεροι
766 1330 834 1388 ruris
857 1327 916 1395 τοῦς

148 1417 310 1487 Φοινικικοὺς
336 1417 502 1497 ἀκμάσαντες
522 1414 661 1494 πολέμους.
691 1418 801 1481 ΙΙυύτων
822 1418 849 1476 δὲ
863 1423 915 1478 τῶν

149 1510 244 1588 ἀνδρῶν
269 1507 391 1589 έκάτιρος
405 1498 442 1572 οἷς
457 1504 504 1582 μὲν
519 1505 595 1572 αύτδς
609 1506 691 1587 ἐργυις
703 1508 859 1587 παρεγένετο
873 1506 916 1565 διά

147 1596 189 1667 τὴν
210 1596 349 1679 ἐμπειρίαν
374 1594 488 1676 ἀκριῦῶς
504 1596 693 1678 ἀνέγραψε,τά
718 1597 740 1655 δ’
769 1598 868 1676 ἀρχαῖα
883 1597 915 1654 τόι

111 1708 129 1751 ιι
149 1685 211 1761 perir
230 1683 279 1758 τὴν
294 1685 379 1744 κτίσιν
403 1689 450 1755 τῆς
465 1685 565 1753 πόλεως
579 1687 704 1763 γενόμενα
731 1689 916 1767 κεφαλαιωδῶς

148 1773 301 1854 ἐπέδραμεν,
345 1772 396 1833 Διὰ
407 1774 502 1839 ταύτας
517 1773 564 1848 μέν
582 1773 614 1844 δύ,
629 1773 674 1839 τθς
690 1774 773 1840 αἰτίας
787 1774 856 1843 ἔδοξέ
871 1796 916 1850 μοι

150 1862 184 1937 μὴ
202 1864 340 1941 παρελθεῖν
357 1859 442 1934 καλὴν
463 1863 581 1941 ίστορίαν
599 1863 845 1942 ἐγκαταλειρθεῖααν
866 1862 917 1921 θπδ

149 1952 197 2007 τῶν
211 1949 396 2030 πρεσόυτίρων
411 1951 622 2028 ἀμνημόνευτον,
637 1949 663 2019 ἐξ
679 1943 709 2022 ἧς
725 1951 838 2030 ἀκριόῶς
853 1974 917 2030 γρα-

148 2037 235 2117 ριίσης
249 2038 414 2115 συμόήσεται
434 2039 467 2097 τά
483 2038 612 2118 κράτιστα
631 2039 678 2099 καί
699 2041 853 2099 δικαιότατα
864 2044 917 2099 τῶν

111 2144 131 2189 n
150 2126 242 2207 έργων·
263 2133 316 2192 τοῖς
338 2126 385 2203 μέν
402 2126 620 2207 ἐκπεπληρωκόσι
636 2127 683 2198 τὴν
698 2132 796 2186 ἑαυτῶν
819 2131 918 2207 μοῖραν

150 2214 267 2292 ἀνδράσιν
282 2217 388 2295 ἀγαθοῖς
402 2215 475 2287 δόξης
492 2215 598 2274 αἰωνίου
615 2224 704 2295 τυχεῖν
725 2218 770 2273 καὶ
784 2218 849 2294 πρὸς
864 2220 916 2275 τῶν

149 2300 347 2380 ἐπιγιγνομένων
372 2305 549 2375 ἐπαινεῖσθαι,
573 2305 678 2364 ἀποιεῖ
693 2304 740 2372 τὴν
754 2306 849 2375 θνητὴν
873 2306 918 2383 ρύ-

151 2412 188 2449 τιν
202 2396 354 2466 ὁμοιοῦσθαι
369 2396 404 2470 τῇ
418 2391 474 2470 θεία
489 2390 533 2447 καί
549 2391 587 2462 μὴ
600 2390 822 2461 συναποθνήσκειν
838 2393 919 2461 αὐτῆς

147 2478 178 2537 τά
195 2478 259 2561 ἔργα
273 2490 325 2545 τοῖς
340 2478 455 2555 σώμασι·
470 2487 522 2545 τοῖς
534 2479 556 2537 δ’
572 2482 618 2536 ἀπ’
631 2478 734 2537 ἐκείνων
749 2482 800 2536 τῶν
815 2480 920 2538 ἰσοθέων

107 2582 131 2629 's
146 2567 246 2646 ἀνδρῶν
265 2571 311 2623 νῦν
338 2567 361 2622 τ’
390 2555 448 2623 οθσῖ
471 2564 515 2622 καὶ
540 2563 646 2643 ύστερον
672 2565 801 2641 ἐσομένοις
821 2566 857 2641 μὴ
878 2567 920 2626 ιδν

145 2652 253 2726 όδιστόν
279 2675 309 2710 τε
332 2652 379 2712 καλ
403 2655 495 2736 ῥᾷστον
520 2655 649 2731 αἱρεῖσθαι
672 2657 723 2712 τῶν
748 2654 827 2732 βίων,
852 2655 919 2713 ἀλλά

147 2741 191 2806 τδν
232 2740 417 2823 εύγενέστατον
449 2743 493 2801 καί
520 2742 731 2824 φιλοτιμότατον,
761 2743 919 2820 ἐνθυμουιιί·

147 2858 202 2900 νους
224 2830 265 2890 ότι
288 2830 347 2898 τοὺς
363 2832 499 2914 εἰληρότας
525 2831 607 2898 καλός
629 2830 675 2899 τδις
694 2831 799 2912 πρῶτος
822 2835 851 2891 ἐκ
875 2839 920 2891 τοῦ

147 2922 233 2998 γένυος
263 2919 382 3002 άρορμδις
415 2920 484 2999 μέγα
510 2921 550 3001 ἐφ’
574 2922 673 2989 ἑαυτοῖς
708 2919 837 3000 προσήκει
854 2944 919 3002 φρο-

111 3013 197 3075 ανεῖν
211 3009 257 3071 καὶ
283 3010 364 3086 μηδὲν
385 3009 487 3077 ἀνάξιον
509 3008 672 3080 ἐπιτηδεύειν
694 3013 746 3067 τῶν
769 3008 919 3088 προγόνων·

150 3098 205 3175 ἐμοὶ
217 3099 254 3174 δὲ,
268 3098 297 3164 te
308 3098 368 3181 οὐχὶ
380 3098 520 3165 κολακείας
531 3099 609 3179 χάριν
622 3100 666 3158 ἐπὶ
680 3099 779 3171 ταύτην
791 3101 920 3158 ἀπέκλινα

150 3208 194 3258 την
208 3186 407 3266 πραγματείαν,
423 3185 491 3245 ἀλλὰ
505 3191 552 3255 τῆς
566 3187 687 3257 άληθιίας
702 3189 800 3246 καὶτοῦ
821 3189 922 3247 δικαίου

149 3275 344 3357 προνοούμεγος,
367 3265 403 3332 ῶν
423 3276 462 3334 δεῖ
482 3276 654 3355 στοχάζεσθαι
674 3285 762 3334 πᾶσαν
784 3278 922 3355 ἱστορίαν,

149 3361 313 3442 πρῶτονμὲν
337 3361 511 3431 ἐπιδείξασθαι
527 3362 575 3433 τὴν
596 3364 711 3438 ἐμαυτοῦ
731 3362 861 3437 διάνοιαν,
883 3362 923 3421 ότι

106 3478 127 3521 ⁸
149 3452 250 3530 χρηστά,
268 3452 331 3528 πρδς
347 3450 467 3518 ἅπαντας
487 3451 638 3530 ἀνθρώπους
658 3451 713 3510 ἐστῖ
728 3450 786 3518 τοὺς
809 3450 922 3529 ἀγαθοὺς

152 3539 198 3598 καὶ
219 3536 390 3618 φιλοθεώρους
417 3544 469 3599 τῶν
501 3541 588 3597 καλῶν
612 3541 694 3618 ἔργων
720 3539 764 3596 καὶ
792 3541 924 3618 μεγάλων,

146 3625 241 3684 ἔπειτα
260 3633 445 3710 χαριστηρίους
467 3627 578 3703 ἀμοιύδις
599 3627 628 3694 θις
643 3626 701 3704 ἐμοὶ
716 3627 826 3701 δύναμις
841 3632 925 3688 ἀντα-

151 3715 276 3775 ποδοῦναι
290 3721 322 3795 τῇ
338 3717 432 3792 πόλει,
450 3716 570 3782 παιδείας
588 3739 616 3773 τε
633 3716 792 3797 μεμνημένῳ
806 3719 851 3777 καῖ
872 3722 924 3777 τῶν

150 3803 238 3860 ἀλλων
252 3807 368 3879 ἀγαθῶν,
383 3802 452 3862 ὅσων
468 3804 610 3872 ἀπήλαυσα
625 3806 763 3884 διατρίψας
780 3807 806 3863 ἐν
821 3809 898 3885 αὐτῇ.

103 3914 127 3953 to
189 3890 252 3951 Vll.
275 3887 456 3957 Ἀποθεδωκδος
470 3891 497 3949 ὀί
510 3891 553 3949 τὸν
565 3891 630 3971 ύπέρ
640 3895 686 3961 τῆς
697 3893 871 3972 προαιρέσεως
880 3891 925 3952 λό·

150 4000 194 4035 νον
212 3976 252 4036 ἔτι
272 3979 399 4052 Βούλομαι
418 3978 464 4037 καὶ
477 3978 537 4059 περὶ
550 3982 602 4037 τῶν
618 3984 743 4060 ἀφορμῶν
768 3983 861 4055 εἰπεῖν,
886 3972 927 4047 αἶς

151 4067 309 4144 ἐχρησάμην
335 4065 373 4124 ὅτ’
389 4066 498 4143 ἔμελλον
524 4069 663 4147 ἐπιχειρεῖν
689 4074 837 4150 τῇγραρῇ·
864 4069 927 4137 ἴσως

150 4154 203 4231 γὰρ
218 4156 242 4212 ολ
255 4156 482 4233 προανεγνωκότες
496 4155 651 4237 Ἱερώνυμον
669 4158 684 4227 θ,
709 4158 821 4234 Τίμαιον
838 4158 856 4229 ἢ
873 4161 926 4218 sso-

151 4241 243 4302 λύθιον
272 4244 289 4314 ἢ
311 4247 363 4302 τῶν
392 4246 478 4303 ἄλλων
499 4246 558 4304 τινά
585 4249 770 4325 συγγραρέων,
797 4248 862 4327 ὑπὲρ
890 4239 926 4305 ῶν

103 4356 125 4395 ιε
152 4331 321 4405 ἐποιησάμην
341 4332 417 4410 λόγον
447 4331 527 4413 ὀλίγῳ
548 4333 673 4411 πρότερον
698 4338 732 4399 ὡς
760 4334 928 4415 ἐπισεσυρκό-

150 4444 203 4477 των
227 4420 275 4489 τὴν
292 4418 405 4499 γραφὴν,
425 4422 511 4478 πολλὰ
535 4424 588 4479 τῶν
604 4425 650 4479 ‘ort'
667 4425 730 4497 ἐμοῦ
756 4431 927 4501 γραρομένων

152 4512 201 4587 οὐχ
217 4511 353 4586 εὑρηκότες
367 4514 430 4589 παρ’
444 4512 549 4578 ἐκείνοις
564 4512 685 4588 κείμενα,
700 4512 845 4592 σχεδιάζειν
862 4517 927 4571 ὕπο-

152 4596 284 4667 λήψονταί
296 4621 339 4674 με,
355 4599 401 4655 καὶ
419 4600 496 4658 πόθεν
511 4604 528 4669 ἡ
543 4602 643 4659 τούτοιν
654 4605 747 4678 γνῶσις
763 4603 798 4668 εἷς
810 4601 857 4677 ε’μέ
876 4626 929 4661 πτι-

153 4685 291 4761 ραγέγονεν
307 4685 445 4754 ἀξιώσουσι
469 4694 572 4763 μαθεῖν.
612 4687 673 4747 Ἵνα
700 4688 732 4760 ὀὴ
756 4689 793 4761 μὴ
821 4690 927 4763 τοιαύτη

103 4802 127 4843 20
153 4773 213 4841 δοῖα
226 4777 351 4852 παραστῇ
368 4797 420 4832 τισι
435 4777 495 4855 περὶ
512 4778 587 4854 ἐμοῦ,
603 4778 703 4855 βέλτιον
720 4777 763 4857 ἀρ’
787 4768 823 4836 ῶν
837 4777 928 4856 ὧρμή·

153 4867 199 4933 θην
209 4862 294 4941 λόγων
313 4884 342 4920 τε
354 4861 399 4919 καῖ
411 4866 656 4941 ὑπομνηματισμῶν
669 4874 815 4945 προειπεῖν.
857 4864 929 4942 Ἐγὼ

152 4950 341 5017 καταπλεύσας
355 4954 392 5017 τίς
417 4950 533 5010 Ἰταλίαν
555 4951 612 5029 άμα
634 4956 672 5033 τῷ
692 4955 872 5026 καταλυθῆναι
885 4956 929 5014 τόν

152 5040 279 5119 ι’μρύλιον
291 5040 406 5116 πόλεμον
421 5038 472 5099 ύπδ
483 5045 530 5099 τοῦ
549 5041 688 5101 Σεόαστοῦ
705 5042 839 5121 Καίσαρος
855 5044 929 5105 ἐύδό·

153 5145 203 5204 pqr
224 5129 271 5186 καὶ
291 5127 468 5204 ὀγδοηκοστῆς
482 5128 527 5187 καῖ
543 5133 686 5202 ἑκατοστῆς
704 5132 864 5206 ὀλυμπιάδος
885 5157 932 5209 με·

968 452 1056 516 plexus
1082 450 1201 515 narrarit,
1242 450 1306 501 beite
1336 463 1394 500 roro
1433 464 1490 500 cnm
1522 451 1616 513 Pyrrho
1645 452 1745 517 Epirote

968 554 1036 613 geste
1059 561 1159 612 proprio
1171 547 1234 597 tibro
1266 548 1396 613 seperatim
1421 547 1535 599 tractarit
1557 568 1564 596 ε
1588 563 1694 613 cumque
1708 551 1748 600 tris

969 648 1118 708 Antigonus,
1146 644 1278 708 Polybius,
1300 644 1409 708 Silenus,
1432 646 1540 695 sexcenti
1558 645 1600 695 atii
1626 658 1665 697 res
1690 662 1748 698 ees·

968 739 1040 797 dem,
1065 737 1109 788 sed
1134 737 1233 787 diverse
1260 737 1367 798 ratione,
1392 741 1450 786 snut
1477 737 1586 802 aggressi
1610 758 1617 788 :
1642 752 1748 801 qnorum

970 833 1142 898 unusquisque
1155 831 1272 894 exiguum
1295 845 1375 895 opus,
1399 846 1430 883 uc
1444 846 1476 883 no
1490 834 1516 883 id
1536 833 1639 898 quidem
1662 832 1748 885 debita

969 944 1030 983 cure
1043 932 1069 980 ot
1092 929 1230 993 diligentie,
1245 928 1289 979 sed
1302 943 1332 979 es
1346 930 1497 994 quibuslibet
1517 932 1588 981 runis
1608 930 1748 982 rumoribus

970 1029 1138 1095 compositum
1158 1027 1257 1091 scriptis
1278 1026 1414 1077 rnondurit.
1449 1028 1494 1077 ttis
1513 1032 1597 1079 autern
1617 1028 1711 1079 similes
1724 1034 1751 1079 et

969 1129 1036 1179 nulla
1053 1128 1079 1176 in
1091 1141 1118 1176 re
1134 1127 1301 1190 discrepantes
1326 1126 1442 1177 historias
1459 1126 1608 1189 ediderunt,
1627 1131 1751 1192 quotquot

969 1224 1072 1276 Romani
1095 1224 1207 1274 homines
1233 1238 1272 1273 res
1304 1223 1398 1286 priscus
1429 1236 1481 1274 suro
1505 1224 1612 1273 oiritut'cs
1638 1238 1750 1275 serrnouo

971 1324 1059 1376 Groeco
1076 1322 1226 1387 scripserunt
1243 1344 1249 1371 ι
1268 1335 1374 1384 qnorum
1390 1320 1551 1373 vetustissimi
1568 1326 1638 1382 sunt,
1655 1325 1685 1379 Q.
1701 1325 1749 1373 Fa·

970 1420 1026 1471 bius
1041 1425 1067 1471 et
1083 1422 1111 1469 L.
1126 1419 1240 1479 Cincius,
1253 1419 1296 1483 qui
1316 1418 1390 1468 ornbo
1401 1417 1473 1468 bottis
1488 1417 1588 1469 Punicis
1603 1419 1747 1469 ttorncrunt.

972 1519 1067 1568 tiorum
1081 1517 1190 1566 uirorum
1211 1521 1316 1578 uterque
1340 1529 1379 1565 rcs
1392 1515 1484 1579 quibus
1498 1518 1551 1577 ipsc
1565 1514 1690 1573 interfuit,
1705 1519 1747 1565 nt-

971 1621 1029 1683 pote
1040 1618 1117 1681 probe
1132 1616 1180 1667 sibi
1197 1620 1276 1676 notus,
1294 1615 1423 1678 diiigenter
1437 1614 1536 1679 scriptis
1551 1614 1676 1664 mundarit
1691 1629 1749 1663 :ros

972 1728 1032 1765 vero
1052 1713 1160 1778 priscus,
1174 1728 1229 1777 qun·
1252 1717 1307 1775 post
1334 1711 1419 1761 urbcrn
1438 1712 1563 1761 conditum
1584 1714 1660 1774 gestie
1678 1716 1751 1773 sunt,

972 1811 1112 1861 summatim
1127 1808 1257 1874 percurrit.
1292 1810 1343 1858 ltus
1364 1807 1437 1871 igitur
1452 1808 1485 1858 ob
1506 1822 1594 1857 census
1607 1809 1751 1872 praertnrenr
1782 1835 1787 1845 ·

971 1908 1101 1959 historiarn
1114 1907 1283 1971 superioribus
1299 1907 1418 1955 inturtunr
1435 1907 1516 1955 risum
1529 1910 1567 1957 cst
1579 1906 1640 1956 ruitri
1653 1905 1751 1956 silentio

972 2022 1021 2058 non
1040 2007 1167 2071 praeterire
1191 2026 1197 2055 :
1217 2019 1248 2055 cx
1275 2019 1324 2069 qun
1348 2009 1464 2055 accurato
1486 2005 1577 2069 scripta
1599 2006 1662 2063 truc,
1693 2018 1752 2068 quie

972 2109 1066 2156 suntet
1080 2103 1172 2168 optime
1187 2101 1380 2166 ctrcqntssiniu,
1398 2101 1528 2152 crerrtcnt:
1546 2105 1574 2151 nt
1593 2106 1618 2151 ct
1637 2102 1683 2150 riri
1703 2103 1751 2150 tor·

976 2208 1032 2257 tes.
1047 2203 1090 2265 qui
1110 2204 1187 2252 tuturo
1210 2214 1282 2250 suurn
1301 2199 1446 2263 implerunt,
1464 2198 1566 2262 glorium
1587 2200 1750 2250 irnruortu'teru

973 2301 1139 2365 adipiscuntur
1164 2304 1187 2350 et
1213 2296 1352 2360 apostoris
1376 2295 1509 2346 tendentur
1526 2295 1605 2360 (qnod
1626 2296 1702 2345 etticit
1720 2302 1747 2351 ni,

975 2401 1086 2451 mortotis
1096 2403 1184 2450 nutura
1195 2397 1227 2447 ed
1240 2396 1349 2446 ‹tirinunr
1360 2395 1471 2460 proxime
1483 2393 1598 2456 accedet,
1609 2407 1654 2444 neo
1668 2408 1752 2445 rerum

973 2498 1005 2547 ab
1019 2511 1049 2546 ce
1060 2500 1185 2559 postorum
1205 2493 1323 2545 rncrnorin
1341 2507 1390 2543 nno
1402 2507 1460 2543 cunr
1474 2507 1577 2558 corpore
1591 2492 1692 2557 pereat)
1705 2513 1711 2542 z
1724 2498 1750 2543 et

974 2599 1003 2645 ut
1012 2594 1150 2644 divinorurn
1163 2593 1261 2642 ittorurn
1276 2594 1384 2641 virorum
1399 2597 1424 2641 et
1441 2606 1548 2655 priesens
1562 2594 1587 2640 ct
1599 2592 1683 2639 tuturo
1696 2605 1753 2654 pro-

974 2688 1055 2751 genies
1065 2700 1112 2734 non
1125 2684 1330 2734 iucundissimum
1346 2689 1371 2733 et
1384 2684 1540 2745 incittinnnn,
1554 2682 1598 2732 scd
1619 2683 1752 2746 gencrosis·

974 2781 1064 2831 sirnunr
1077 2783 1101 2828 ct
1119 2777 1335 2827 honoratissimum
1356 2776 1414 2826 sitio
1431 2790 1508 2838 genus
1528 2780 1663 2839 sequntur,
1678 2790 1752 2837 repu-

975 2876 1031 2923 tans
1051 2886 1136 2922 secum
1148 2871 1238 2920 debere
1255 2883 1298 2919 eos
1318 2869 1359 2933 qui
1375 2868 1469 2932 μαντεῖε
1484 2868 1600 2929 practura
1621 2866 1753 2929 primordia

975 2970 1122 3030 acceperunt
1136 2964 1264 3028 magnifice
1278 2961 1309 3013 de
1326 2976 1353 3012 sc
1364 2963 1468 3011 sentire.
1484 2965 1510 3011 ct
1522 2961 1583 3013 nntti
1592 2960 1627 3010 rei
1635 2960 1754 3009 maiornrn

976 3060 1096 3109 institutis
1110 3059 1213 3121 indigner
1228 3071 1327 3121 opernm
1344 3056 1403 3105 duro
1425 3076 1430 3105 :
1447 3070 1492 3119 ogo
1506 3068 1580 3115 reru,
1592 3054 1633 3117 qui
1647 3067 1695 3102 uon
1712 3067 1754 3101 as·

976 3152 1120 3203 scuranonts
1129 3165 1203 3201 conso
1213 3151 1241 3201 ert
1256 3150 1303 3199 troc.
1317 3165 1379 3214 opus
1394 3150 1503 3198 nninrnnr
1516 3148 1612 3213 upputi,
1627 3148 1670 3197 sed
1684 3147 1752 3195 rori-

976 3255 1036 3306 tatis
1047 3259 1072 3305 ct
1084 3253 1211 3319 requitatis
1222 3253 1304 3302 studio
1316 3251 1373 3313 (qui
1381 3251 1520 3315 precipuus
1532 3250 1605 3302 debet
1613 3264 1667 3299 esse
1675 3248 1756 3297 omnis

977 3344 1086 3396 historiar
1103 3344 1193 3406 rins),
1218 3347 1245 3392 ut
1265 3343 1371 3406 prinrnrn
1397 3343 1497 3404 quidum
1522 3341 1650 3390 consitium
1668 3351 1752 3387 meum

978 3436 1093 3486 omnibus
1109 3436 1168 3485 viris
1189 3434 1258 3484 bonis
1282 3448 1336 3483 csse
1362 3434 1574 3482 occonnnodutnrn
1597 3435 1621 3480 rt
1641 3428 1754 3478 honeste·

980 3542 1036 3577 rum
1048 3538 1239 3588 rnugnnnnnque
1257 3538 1338 3573 reruni
1354 3524 1514 3587 speculationi
1528 3521 1637 3573 deditum
1652 3520 1754 3570 demon-

980 3624 1071 3682 strem,
1085 3617 1172 3666 deinde
1185 3630 1243 3665 rero
1255 3620 1283 3665 ut
1297 3617 1399 3677 gratiam
1410 3619 1528 3678 quantam
1537 3627 1637 3677 possum
1650 3614 1755 3663 rcterarn

980 3709 1083 3771 civitati,
1094 3722 1188 3759 mernor
1200 3708 1318 3757 doctrine
1330 3708 1437 3757 tiberntis
1453 3711 1479 3757 ct
1492 3706 1597 3757 otiorum
1610 3705 1755 3755 oornrnodo·

981 3814 1037 3850 rurn
1052 3799 1142 3865 quibus
1153 3799 1177 3848 in
1191 3814 1220 3849 cn
1233 3797 1333 3861 degenti
1352 3799 1414 3848 mitri
1428 3798 1475 3849 trui
1488 3799 1596 3861 contigit.

1012 3892 1068 3941 t'n.
1088 3891 1148 3940 Curn
1157 3892 1239 3939 entem
1247 3888 1340 3939 consilii
1349 3889 1396 3938 mei
1406 3889 1524 3938 rationem
1533 3892 1586 3937 ιἰιιιι
1598 3887 1756 3947 reddiderim,

981 3984 1036 4035 roto
1061 3983 1141 4032 adbuc
1165 3982 1240 4031 verbu
1265 3982 1346 4032 secere
1366 3981 1397 4031 de
1418 3981 1566 4032 adiumentis
1586 3994 1643 4043 quto
1662 3979 1754 4038 habui,

981 4092 1037 4128 cnm
1059 4077 1089 4127 ed
1106 4076 1153 4127 hoc
1179 4089 1241 4139 opus
1264 4076 1420 4126 scribendum
1441 4076 1593 4126 accederem.
1642 4077 1757 4124 Fortasse

981 4173 1046 4222 cuim
1059 4173 1081 4222 ci
1105 4172 1147 4235 qui
1165 4177 1237 4221 anton
1255 4172 1366 4231 legerunt
1381 4172 1558 4233 ttieronyrnurn
1572 4172 1617 4218 unt
1635 4168 1754 4219 Timaeurn

982 4260 1025 4306 aut
1042 4256 1183 4320 Polybium,
1203 4261 1246 4306 out
1257 4256 1365 4318 ntiquom
1379 4270 1411 4304 ex
1423 4253 1512 4304 ceteris
1532 4253 1702 4317 scriptoribus,
1727 4251 1759 4301 de

983 4347 1076 4408 quibus
1091 4347 1174 4409 pantio
1194 4350 1251 4394 ante
1272 4344 1420 4394 mentionem
1438 4344 1497 4401 teci,
1516 4341 1583 4406 quod
1604 4355 1649 4391 sua
1666 4340 1761 4402 scriptu

981 4433 1007 4483 in
1020 4448 1142 4483 Ινιιιιιιιιιιιιι
1160 4434 1307 4495 rcrtegerunt
1328 4434 1484 4493 breviterque
1499 4446 1537 4480 res
1549 4430 1759 4494 perstrinxerunt,

982 4533 1038 4569 curn
1056 4521 1133 4569 niuttu
1160 4534 1216 4584 quau
1236 4533 1304 4569 orne
1320 4521 1460 4569 scribuntur
1472 4518 1537 4582 opud
1557 4518 1613 4567 ittos
1627 4530 1674 4567 non
1689 4518 1758 4564 inro-

984 4609 1080 4667 ncrint,
1107 4608 1193 4658 tucca
1220 4623 1261 4658 ine
1288 4609 1348 4669 tingi
1370 4607 1570 4669 suspicabuntur,
1589 4611 1613 4655 nt
1633 4606 1697 4654 unde¹
1715 4616 1760 4660 cuo

983 4696 1071 4747 trururn
1081 4711 1162 4746 rernm
1176 4697 1337 4759 cognitioncrn
1347 4697 1449 4760 redeptus
1459 4698 1505 4745 sirn
1518 4696 1581 4745 scire
1593 4694 1681 4743 rotent.
1715 4695 1759 4739 No·

983 4787 1041 4849 quis
1060 4786 1134 4849 igitur
1148 4786 1223 4835 taleni
1239 4787 1271 4836 dc
1293 4800 1331 4835 rne
1348 4787 1486 4849 opinionem
1501 4783 1634 4846 concipiat,
1657 4784 1760 4841 prznstnt

985 4881 1012 4924 ut
1026 4875 1117 4940 quibus
1131 4874 1200 4923 tibris
1213 4878 1287 4937 utque
1302 4874 1485 4924 corninontnnts
1498 4874 1596 4922 adiutus
1611 4869 1699 4917 trrorirn
1715 4884 1761 4918 nn-

984 4967 1023 5013 tee
1044 4962 1171 5025 erptiocrn.
1204 4966 1255 5025 Ego
1275 4976 1332 5012 onrn
1349 4963 1373 5011 in
1395 4961 1489 5010 ltaliam
1505 4960 1656 5016 navigassem
1677 4960 1762 5008 stetini

986 5059 1042 5115 post
1062 5051 1134 5101 tinem
1151 5051 1215 5100 bctto
1238 5052 1303 5102 civiti
1327 5051 1358 5101 ab
1380 5053 1477 5099 Crcsore
1497 5048 1762 5112 Augustoirnpositnni

989 5140 1068 5191 rnedie
1088 5140 1233 5204 Olympiade
1247 5141 1381 5191 centesirno
1402 5137 1550 5200 octogesimo
1565 5137 1684 5201 scptirnu,
1696 5143 1720 5188 et
1732 5139 1764 5187 ut»
