3772 5828
168 358 208 416 2⁶).
687 352 854 412 DIONYSII
876 351 1251 414 nnnlcnannssnnsrs

167 511 243 554 σκους
254 487 447 565 ἀσαφέστερον,
460 486 586 564 πρότερον
601 485 623 542 δ’
635 486 803 564 ἀκριδοῧντες
817 484 933 560 τοῦνομα

167 577 256 655 ὥσπερ
263 573 394 645 Ἕλληνες
401 574 549 640 Θυοσκόους
554 574 671 632 ἐκάλουν.
683 573 763 631 Αὐτοὶ
771 572 858 650 μέντοι
868 581 935 651 opit<

167 662 260 730 αὐτοὺς
281 663 390 721 ἐπὶτῶν
407 660 540 738 ἡγεμόνων
555 659 622 725 τινὸς
636 658 777 732 Ῥασέννα,
795 660 840 718 τὸν
856 659 934 718 αύτδν

122 812 124 816 ,
168 752 258 830 ἐκείνῳ
270 749 365 828 τρόπον
379 749 548 825 ὀνομάζουσι.
591 747 685 814 Πόλεις
696 748 719 806 δ’
734 747 840 815 ἅστινας
854 747 935 829 ᾤκη-

129 864 142 901 a
169 862 218 899 σαν
232 842 255 897 οἱ
271 838 416 916 Τυρρηνοί,
432 837 476 894 καί
495 836 695 910 πολιτευμάτων
717 833 837 901 ούστινας
857 858 936 895 κατε·

170 928 301 998 στήσαντο
318 925 449 1001 κόσμους,
462 925 570 1001 δύναμίν
585 927 608 983 θ’
624 924 722 994 ὁπόσην
741 923 818 1002 ἔσχον
833 926 856 982 οἱ
867 923 935 1001 σύμ-

169 1040 280 1085 παντες,
292 1016 336 1073 καὶ
349 1014 412 1094 ἔργα
435 1015 459 1073 εί
472 1037 529 1073 τινα
546 1017 654 1090 μνήμης
676 1013 734 1081 ἀξια
751 1011 935 1091 διεπράξαντο,

172 1107 262 1185 τύχαις
277 1106 299 1161 θ’
312 1103 413 1169 ὁποίαις
428 1103 594 1181 ἐχρήσαντο,
612 1104 638 1159 ἐν
660 1102 740 1180 ἑτέρῳ)
754 1102 937 1173 δηλωθήσεται

169 1195 248 1273 λόγῳ.
291 1192 364 1253 'fed'
384 1183 427 1251 σθν
446 1193 614 1268 Πελασγικὸν
636 1193 727 1268 φῦλον,
745 1189 805 1248 δσον
830 1190 868 1262 μὴ
889 1190 938 1247 διε·

118 1309 143 1347 ιο
171 1284 257 1362 φθάρη
270 1304 298 1339 τε
315 1281 360 1340 καί
376 1279 443 1338 κατδι
455 1278 501 1345 τδς
516 1279 638 1343 ἀποικίας
649 1277 809 1349 διεσπάσθη,
825 1277 937 1353 διέμεινε

170 1373 193 1428 δ’
207 1372 294 1445 ὀλίγον
313 1368 364 1426 ἀπδ
384 1369 502 1437 πολλοῦ,
520 1367 587 1442 μετά
599 1370 651 1423 τῶν
667 1364 834 1442 Ἀόοριγίνων
854 1367 937 1423 πολι-

169 1460 306 1533 τευόμενον
329 1459 355 1513 ἐν
366 1455 468 1519 τούτοις
491 1453 635 1534 ὑπελείφθη
654 1463 708 1520 τοῖς
727 1451 854 1531 χωρίοις,
872 1452 937 1512 ὅπου

171 1547 217 1606 σὺν
241 1545 328 1624 χρόνῳ
347 1543 394 1610 τὴν
409 1541 519 1618 Ῥώμην
543 1543 567 1598 οἱ
581 1541 684 1618 ἔκγονοι
708 1544 794 1598 αὐτῶν
817 1540 863 1599 σὺν
883 1549 937 1608 τοῖς

169 1633 305 1699 Ἀλόανοῖς
316 1631 480 1691 ἐπολίσαντο.
526 1630 578 1689 Καὶ
593 1631 626 1688 τδι
640 1629 687 1705 μὲν
699 1627 765 1708 ὑπὲρ
775 1633 820 1686 τοῦ
832 1630 939 1686 Πελασ-

119 1744 144 1782 ru
171 1727 245 1802 γικοῦ
255 1721 342 1798 γάνους
355 1716 568 1794 μυθολογούμενα
580 1717 663 1774 τοιάδ’
681 1716 745 1775 ἐστί.

211 1811 315 1872 xxxi.
329 1807 406 1869 Μετὰ
417 1808 438 1862 δ’
453 1809 482 1865 οὐ
496 1805 575 1863 πολδν
590 1804 682 1890 χρόνον
697 1805 773 1870 ἀλλος
785 1801 939 1876 Ἑλληνικὸς

172 1901 262 1964 στόλος
276 1899 311 1963 είς
331 1901 414 1953 ταῦτα
425 1892 459 1953 τά
479 1892 565 1972 χοιρία
588 1897 633 1963 τῆς
646 1892 761 1956 Ἰταλίας
779 1891 938 1970 κατάγεται,

172 1986 301 2063 ἑξηκοστῷ
312 1983 416 2058 μάλιστ’
429 1981 480 2038 ἔτει
491 1980 614 2059 πρότερον
626 1983 677 2037 τῶν
689 1982 829 2058 Τρωικῶν,
846 1982 881 2046 ὡς
896 1982 940 2038 αὖ·

171 2075 210 2132 τοί
226 2072 357 2146 Ῥωμαῖοι
374 2067 506 2145 λέγουσιν,
517 2069 547 2125 ἐκ
558 2067 726 2127 Παλλαντίου
738 2067 837 2132 πόλεως
847 2067 939 2145 Ἀρκα·

76 2192 79 2197 ·
119 2183 145 2222 aa
173 2163 244 2231 δικῆς
254 2158 377 2222 ἀναστάς.
419 2154 525 2230 Ἡγεῖτο
544 2153 571 2212 δέ
586 2159 632 2224 τῆς
651 2153 772 2219 ἀποικίας
792 2152 938 2233 Εὔανδρος,

173 2247 273 2327 Ἑρμοῦ
295 2244 431 2323 γενόμενος
446 2242 492 2300 καί
506 2241 608 2322 νύμφης
624 2242 693 2306 τινδς
704 2241 823 2318 ’Ἀρκάσιν
841 2243 940 2320 ἐπιχω-

175 2338 246 2417 ρίας,
256 2335 289 2405 ἣν
298 2337 322 2392 οἱ
335 2332 381 2410 μίν
392 2330 522 2400 Ἕλληνες
534 2331 620 2404 Θέμιν
636 2320 701 2387 εἶναι
712 2331 816 2405 λέγουσι
830 2329 874 2386 καὶ
890 2335 942 2388 θεο·

173 2424 284 2504 φόρητον
298 2419 495 2498 ἀποφαίνουσιν,
514 2419 538 2476 οἱ
555 2416 581 2475 δέ
599 2419 647 2484 τδις
666 2416 820 2492 ‘Perpetietur
829 2420 942 2498 συγγρά-

173 2517 268 2591 ψαντις
283 2506 466 2589 ἀρχαιολογίας
479 2511 511 2587 τῇ
525 2504 639 2588 πατρῴᾳ
657 2509 762 2585 γλώσσῃ
783 2507 943 2585 Καρμένταν

120 2624 146 2662 νο
173 2600 350 2676 ὀνομάζουσιν.
391 2594 441 2668 Είη
457 2596 479 2654 δ’
491 2594 522 2653 ἀν
536 2593 646 2655 Ἐλλάδι
657 2600 730 2674 φωνῇ
744 2596 896 2675 Θεσπιῳδὸς
909 2601 942 2674 τῇ

174 2689 262 2768 νύμφη
277 2685 408 2760 τούνσμα·
422 2693 469 2750 τὰς
485 2682 532 2757 μὲν
542 2683 593 2762 γάρ
604 2684 673 2763 ᾠδδις
689 2686 797 2742 καλοῦσι
811 2683 941 2761 Ῥωμαῖοι

175 2775 306 2854 κάρμινα,
330 2772 377 2844 τὴν
406 2772 433 2830 δέ
451 2773 562 2850 γυναῖκα
586 2771 684 2842 ταύτην
711 2774 865 2849 ὁμολογοῦσι
887 2776 943 2833 δαι-

175 2862 255 2942 μονίῳ
270 2861 399 2938 πνιύματι
423 2861 585 2939 κατάσχετον
604 2859 747 2936 γενομένην
768 2859 801 2916 τά
816 2859 943 2935 μέλλοντα

175 2950 327 3025 συμόαίνειν
354 2952 392 3028 τῷ
414 2947 509 3018 πλήθει
528 2947 565 3005 δι’
580 2949 649 3026 ᾠδῆς
669 2946 815 3024 προλέγειν.
859 2945 893 3006 ‘0
917 2947 943 3005 δέ

121 3061 148 3101 so
176 3038 267 3102 στολος
281 3028 352 3101 ούτος
361 3039 408 3093 οὐκ
416 3036 467 3091 ἀπὸ
477 3039 523 3092 τοῦ
538 3039 624 3092 κοινοῦ
634 3037 679 3104 τῆς
691 3035 797 3110 γνώμης
807 3035 943 3113 ἐπέμφθη,

177 3125 245 3185 ἀλλά
260 3123 448 3185 στασιάσαντος
466 3126 513 3179 τοῦ
529 3122 612 3198 δήμου
626 3121 655 3179 τδ
669 3119 810 3179 ἐλαττωθὲν
827 3123 944 3181 ἑκούσιον

178 3215 255 3292 μέρος
276 3211 427 3279 ὑπεξῆλθεν.
472 3208 618 3287 Ἐτύγχανε
632 3207 659 3266 δέ
674 3208 731 3266 τότε
748 3208 794 3278 τὴν
811 3209 944 3288 βασιλείαν

177 3305 228 3360 τῶν
240 3296 406 3378 Ἀθοριγίνων
421 3296 588 3376 παρειληφὼς
602 3299 724 3370 Φαῦνος,
738 3290 828 3374 Ἀρεος
846 3295 880 3362 ὥς
893 3321 944 3375 φα·

178 3412 218 3448 σιν
233 3388 375 3467 ἀπόγονος,
387 3385 453 3464 ἀνὴρ
465 3385 532 3462 μετὰ
541 3388 588 3443 τοῦ
604 3381 760 3463 δραστηρίου
774 3385 818 3442 καὶ
834 3386 944 3458 συνετὸς,

123 3499 149 3538 at
176 3478 221 3535 καὶ
237 3477 313 3535 αὐτὸν
327 3478 361 3542 ώς
373 3480 424 3534 τῶν
439 3475 588 3554 ἐπιχωρίων
598 3472 656 3531 τινά
671 3470 802 3548 Ῥωμαῖοι
817 3472 945 3550 δαιμόνων

178 3564 277 3629 θυσίαις
290 3563 336 3622 καί
351 3564 430 3642 ᾠδαῖς
445 3561 620 3642 γεραίρουσιν.
664 3551 748 3628 otro<
764 3564 778 3616 δ
793 3560 857 3638 ἀνὴρ
873 3561 945 3629 δεξά·

181 3673 255 3726 μενος
274 3650 343 3708 κατδι
360 3648 458 3719 πολλὴν
476 3648 603 3728 φιλότητα
623 3647 681 3715 τούς
696 3648 822 3726 Ἀρκάδας
845 3649 945 3727 ὀλίγους

179 3739 268 3810 ὄντας,
284 3739 386 3796 δίδωσιν
400 3743 485 3804 αὐτοῖς
500 3743 547 3809 τῆς
561 3741 639 3795 αύτοῦ
652 3734 739 3817 χώρας
754 3737 851 3807 δπόσην
867 3737 945 3794 etot·

180 3827 265 3886 λοντο.
308 3828 342 3886 Oi
358 3827 381 3882 δ’
399 3824 534 3903 Ἀρκάδες,
550 3831 613 3896 ὡςή
630 3824 713 3899 Θέμις
728 3826 814 3891 αὐτοῖς
827 3827 944 3883 ἐπιθειά-

121 3935 149 3973 ιυ
178 3918 258 3986 ζουσα
274 3914 396 3992 ἔφραζεν,
412 3916 545 3992 αίροῦντοιι
558 3914 636 3992 λόφον
651 3913 737 3985 ὀλίγον
753 3912 885 3991 ἀπέχοντα
897 3918 945 3969 τοῦ

178 3999 320 4079 Τεθέριος,
332 3999 360 4066 ὀς
371 4003 426 4058 ἐστι
438 4006 482 4058 ν’ύν
494 4004 520 4058 ἐν
534 4001 607 4080 μέσῳ
620 4002 733 4075 μάλιστα
742 4004 789 4070 τῆς
803 3998 944 4073 Ῥωμαίων

178 4089 292 4160 πόλεως,
309 4089 353 4145 καί
363 4090 601 4156 κατασκευάζονται
615 4088 678 4166 πρὸς
692 4089 763 4166 αὐτῷ
777 4087 869 4160 κώμην
883 4090 945 4163 βρα-

178 4180 270 4258 χεῖαν,
287 4176 344 4234 δυσί
366 4176 519 4240 διλιευτικοῑς
540 4176 731 4254 πληρώμασιν,
750 4178 776 4231 ἐν
792 4164 828 4239 οἷς
847 4173 944 4231 ἀπανέ-

178 4287 278 4335 στησαν
290 4267 336 4334 τῆς
351 4261 496 4333 Ἑλλάδος,
512 4264 686 4342 ἀποχρῶσαν·
698 4261 731 4333 ἣν
744 4262 837 4336 ἔμελλε
856 4259 887 4317 τὸ
898 4283 945 4318 πε-

126 4377 151 4417 ιε
178 4352 313 4431 πρωμίνον
330 4349 375 4408 σίιν
391 4349 477 4429 χρόνῳ
492 4350 579 4420 θήσειν
592 4349 656 4419 δσην
672 4348 725 4406 οὔθ’
736 4345 855 4406 Ἑλλάδα
868 4346 943 4405 πόλιν

178 4439 236 4500 ούτι
265 4437 397 4517 βάρθσρον
418 4439 485 4494 κατά
506 4438 528 4495 τ’
549 4437 672 4506 οἰκήσεως
688 4436 792 4512 μέγεθος
811 4434 856 4493 καί
876 4432 945 4493 κατδι

180 4528 332 4594 δυναστείας
346 4524 451 4594 ἀξίωσιν
466 4527 511 4584 καί
526 4525 573 4594 τὴν
589 4525 671 4593 ἄλλην
686 4523 791 4581 ἅπασαν
804 4524 945 4602 εὐτυχίαν,

179 4617 270 4695 χρόνον
281 4616 302 4674 θ’
312 4614 407 4675 δπόσον
426 4608 458 4671 ἀν
473 4613 587 4683 δθνητθς
595 4614 659 4670 αἰὼν
672 4610 767 4689 ἀντέχῃ
785 4611 884 4669 πόλεων
895 4612 946 4687 μά·

178 4706 254 4763 λιστα
268 4707 360 4762 πασῶν
375 4700 662 4779 μνημονευθησομένην.
672 4698 777 4776 'Orops
788 4699 814 4757 δέ
827 4703 863 4779 τῷ
875 4700 947 4758 πολί-

125 4813 151 4854 w
179 4813 260 4869 σματι
274 4793 356 4870 τούτῳ
368 4792 480 4850 τίθενται
494 4789 658 4848 Παλλάντιον
673 4789 716 4846 ἐπί
729 4791 775 4857 τῆς
787 4791 813 4846 ἐν
827 4786 948 4866 Ἀρκαδίᾳ

180 4884 250 4959 σφῶν
265 4881 460 4961 μητροπόλεως·
477 4882 520 4937 νῦν
546 4877 633 4954 μέντοι
656 4875 789 4934 Παλάτιον
813 4877 863 4933 bnt
877 4876 947 4933 Ῥοι-

181 4967 264 5040 μαίων
278 4970 392 5046 λέγεται,
408 4966 566 5048 συγχέαντος
577 4971 621 5024 τοῦ
634 4964 727 5043 χρόνον
739 4962 786 5034 τὴν
800 4957 946 5042 ἀκρίόειαν,

180 5056 224 5112 καί
240 5056 350 5135 παρέχει
364 5060 468 5124 πολλοῖς
487 5055 591 5114 ἀτόπων
607 5055 718 5127 ὀτυμολο
737 5055 780 5110 ιιῗιν
795 5049 922 5132 ἀφορμάς.

232 5141 441 5209 ΧΧλ11.Ὠςδέ
460 5164 525 5208 τινος
538 5145 694 5220 ἱστοροῦσιν,
713 5163 750 5196 ων
762 5141 816 5198 ἐστι
831 5137 876 5197 καί
892 5139 947 5196 Πο-

987 506 1047 542 vero
1068 506 1120 543 rem
1142 495 1219 557 ipsam
1238 493 1335 543 nomine
1347 493 1485 543 accuratius
1505 493 1675 557 exprimentes
1696 497 1761 545 θυο-

989 592 1082 651 σκόους,
1114 594 1143 639 ut
1168 591 1260 650 Graeci,
1288 591 1415 640 vocabant.
1459 591 1507 654 lpsi
1529 603 1588 640 vero
1615 603 1631 639 a
1653 590 1759 653 quodam

990 685 1052 736 duca
1064 689 1209 736 itascnnase
1219 685 1306 736 eodem
1321 689 1410 746 modo,
1422 699 1471 749 quo
1480 686 1534 746 ille,
1547 685 1679 736 nominem.
1712 685 1760 735 Sed

990 795 1108 846 quasnam
1142 782 1217 832 nrbes
1241 781 1360 844 Tyrrheni
1385 781 1547 841 incoluerint,
1576 796 1651 845 quam
1677 782 1761 846 reipu-

990 878 1061 929 blicae
1075 891 1104 929 ac
1121 877 1256 942 discipliuae
1270 878 1372 927 sormam
1388 878 1412 927 in
1431 878 1481 928 illis
1499 878 1677 938 comtituerint,
1688 892 1763 941 qnan-

990 976 1041 1024 tam
1063 976 1197 1037 potentiam
1213 974 1323 1024 universi
1341 975 1486 1036 habuerint,
1500 978 1525 1025 et
1540 974 1562 1024 si
1576 988 1632 1038 qum
1656 975 1763 1024 facinora

990 1074 1127 1122 memoratu
1143 1071 1215 1135 digna
1235 1071 1348 1130 iecerint,
1371 1075 1396 1122 et
1411 1085 1484 1134 quam
1506 1071 1580 1121 variis
1603 1072 1702 1121 casibus
1722 1072 1761 1121 usi

990 1168 1089 1229 tuerint,
1104 1168 1151 1218 alio
1162 1167 1226 1218 libro
1236 1167 1408 1219 declarabitur.
1420 1170 1547 1231 Quotquot
1560 1168 1634 1231 igitur
1642 1168 1674 1218 de
1687 1172 1758 1231 gente

991 1266 1114 1329 pelasgica
1125 1279 1172 1315 uon
1188 1265 1327 1329 perierunt,
1346 1277 1391 1314 nec
1409 1265 1434 1315 in
1451 1264 1561 1315 diversas
1582 1263 1688 1313 colonias
1708 1264 1761 1314 dis-

992 1357 1064 1422 sipati
1079 1361 1150 1417 sunt,
1167 1358 1258 1421 (pauci
1276 1370 1335 1407 vero
1350 1370 1383 1407 ex
1396 1371 1483 1420 magno
1504 1370 1606 1407 numero
1619 1361 1762 1407 manserunt

993 1451 1149 1512 superstites,
1160 1453 1168 1509 l
1179 1450 1203 1498 in
1218 1450 1256 1499 bis
1267 1450 1327 1500 locis
1335 1449 1414 1500 relicti
1425 1463 1482 1499 cum
1495 1447 1666 1513 Aboriginibus
1676 1448 1701 1497 in
1720 1462 1762 1498 ea·

992 1541 1049 1591 dem
1061 1541 1184 1605 republica
1192 1543 1315 1602 vixerunt,
1327 1542 1369 1592 ubi
1379 1542 1496 1605 temporis
1508 1554 1637 1605 progressu
1651 1540 1761 1603 ipsorum

992 1634 1085 1696 posteri
1100 1647 1156 1682 cum
1178 1633 1275 1682 Albanis
1292 1636 1393 1683 Romam
1408 1634 1578 1684 condiderunt.
1611 1634 1690 1694 Atque
1710 1631 1764 1681 hmo

994 1727 1119 1787 suntque
1131 1725 1244 1788 degente
1262 1727 1361 1788 Pelasga
1374 1725 1464 1775 tabulis
1481 1724 1627 1788 produntur.

1024 1819 1763 1885 xxxl.SednonmultopostaliaclassisGraecorumadluae

994 1905 1070 1956 ltalia
1085 1908 1139 1956 loca
1156 1907 1265 1970 appulit,
1283 1921 1313 1957 ux
1336 1908 1413 1958 terme
1428 1907 1498 1957 anuis
1510 1913 1566 1958 ante
1582 1907 1671 1958 bellum
1683 1907 1765 1957 Troia-

993 2008 1061 2054 num,
1077 1995 1282 2057 quemadmodum
1293 1995 1340 2059 ipsi
1354 1994 1454 2045 Romani
1468 1994 1577 2056 tradunt,
1594 2008 1651 2058 qum
1663 2009 1694 2044 ex
1706 1995 1763 2043 Pal-

994 2082 1085 2142 lantio‚
1100 2083 1160 2132 urbe
1173 2081 1303 2142 Arcadica,
1320 2082 1394 2131 veuit.
1429 2081 1535 2132 tioloniae
1549 2084 1631 2130 antem
1647 2082 1696 2131 dux
1711 2084 1765 2131 erat

994 2168 1114 2226 Euander,
1126 2169 1191 2219 tilius
1202 2169 1318 2218 Mercurii
1330 2172 1355 2218 et
1365 2167 1479 2232 nymphe
1490 2167 1617 2217 cuiusdam
1627 2167 1763 2227 Arcadica,

995 2270 1071 2320 quam
1081 2257 1159 2306 Grssci
1171 2256 1273 2306 Themin
1288 2256 1564 2320 appellant,etuuminc
1573 2255 1656 2306 divino
1669 2254 1764 2318 plenam

996 2344 1072 2394 tuisse
1084 2343 1176 2394 dicunt.
1201 2342 1256 2394 'Sed
1271 2345 1443 2407 antiquilatum
1457 2347 1620 2394 Romanarum
1633 2343 1765 2404 scriptores

995 2433 1075 2498 patrio
1087 2445 1141 2482 eam
1160 2446 1272 2482 sennone
1288 2436 1441 2484 carrucatam
1457 2431 1591 2496 appellant,
1606 2431 1672 2494 quod
1688 2445 1762 2492 nym-

996 2521 1052 2585 phae
1065 2535 1153 2571 nomen
1171 2523 1255 2572 Graeca
1272 2522 1355 2584 lingua
1373 2521 1522 2584 signiticaret
1540 2523 1675 2584 θεσπιῳδὸς
1691 2533 1766 2570 :nam

997 2611 1059 2672 ᾠδάς
1070 2609 1172 2659 Romani
1181 2609 1394 2660 canninarocant.
1429 2611 1499 2660 liene
1512 2610 1706 2660 reromnlierem
1725 2608 1767 2657 di·

997 2698 1053 2746 vino
1065 2696 1150 2759 spiritu
1163 2696 1269 2744 adlatam
1287 2709 1327 2746 res
1346 2696 1441 2746 tuturas
1451 2694 1541 2760 populo
1555 2697 1662 2745 carmine
1675 2693 1767 2758 prudi-

997 2797 1052 2834 cere
1061 2786 1169 2833 unuani.
1203 2787 1263 2834 llaec
1275 2787 1357 2834 antem
1369 2783 1455 2833 classis
1468 2797 1516 2833 non
1529 2783 1560 2833 de
1578 2783 1703 2833 communi
1716 2796 1767 2832 om-

997 2872 1066 2921 niurn
1078 2869 1177 2919 consilio
1188 2871 1263 2920 missa
1276 2873 1339 2921 luit:
1353 2871 1410 2929 sed,
1420 2876 1473 2921 orta
1487 2871 1512 2920 in
1528 2871 1616 2935 populo
1630 2870 1765 2928 seditione,

997 2960 1072 3010 tactio
1091 2957 1189 3006 interior
1207 2972 1251 3009 sua
1271 2964 1357 3023 sponte
1376 2959 1509 3023 emigravit.
1542 2962 1609 3009 Tunc
1620 2956 1684 3020 apud
1697 2957 1767 3006 Abo-

997 3046 1086 3111 rigines
1105 3062 1206 3112 regnum
1232 3061 1246 3097 a
1271 3047 1404 3096 maioribus
1423 3050 1551 3109 acceptum
1574 3043 1672 3095 tenebat
1701 3045 1767 3093 Fau·

997 3152 1087 3196 nns,a
1106 3141 1199 3196 Marte,
1222 3141 1250 3188 ut
1262 3137 1346 3195 aiunt,
1366 3134 1485 3184 oriundus
1501 3153 1507 3183 :
1521 3133 1561 3183 vir
1576 3148 1624 3182 non
1638 3134 1718 3183 solum
1737 3133 1768 3184 ad

997 3241 1037 3277 res
1059 3225 1177 3289 gerendas
1196 3226 1340 3290 promptus,
1360 3224 1403 3273 sed
1419 3224 1493 3273 etiam
1506 3221 1613 3286 prudens
1635 3241 1641 3269 ι
1662 3236 1768 3284 eumque

998 3314 1101 3364 Romani
1114 3312 1240 3362 sacrificiis
1254 3313 1279 3362 et
1289 3309 1438 3361 canninibus
1449 3312 1478 3359 ut
1488 3323 1565 3359 unum
1576 3308 1607 3357 de
1621 3307 1668 3357 diis
1682 3308 1769 3371 patriis

998 3407 1153 3454 venerantur.
1185 3404 1232 3452 llic
1246 3401 1395 3459 Arcadibus,
1409 3413 1513 3463 quorum
1531 3412 1647 3447 numerus
1664 3398 1768 3460 exiguus

998 3494 1064 3551 crat,
1079 3505 1166 3554 magna
1182 3505 1238 3541 cnm
1251 3489 1402 3541 humanitate
1418 3487 1527 3551 exceptis
1545 3487 1577 3536 dc
1588 3498 1633 3536 sno
1647 3499 1705 3549 agro
1725 3485 1769 3537 de-

998 3580 1035 3631 dit
1049 3586 1166 3645 qnantum
1185 3580 1324 3630 voluerunt.
1358 3575 1464 3626 Arcades
1482 3588 1555 3634 reno,
1568 3577 1598 3625 nt
1609 3571 1709 3624 Themis
1729 3575 1768 3623 tu·

998 3685 1053 3723 rore
1075 3671 1159 3721 divino
1172 3670 1268 3719 concita
1289 3666 1355 3730 ipsos
1379 3668 1521 3721 monuerat,
1543 3662 1629 3712 collem
1653 3676 1668 3711 a
1687 3662 1770 3713 Tiberi

998 3774 1046 3809 non
1067 3760 1136 3819 longe
1153 3758 1285 3808 distantem
1300 3755 1439 3816 clegerunt,
1452 3751 1495 3814 qui
1508 3764 1572 3800 nnnc
1586 3752 1612 3800 in
1626 3750 1705 3799 media
1720 3751 1770 3800 tere

999 3847 1059 3898 nrbe
1079 3849 1187 3896 Romana
1209 3847 1272 3894 sitos
1296 3846 1349 3899 est,
1369 3841 1488 3902 iuxtaque
1513 3840 1592 3902 ipsum
1616 3837 1770 3888 edificarunt

998 3935 1079 3984 vicum
1103 3909 1221 3996 parrum,
1244 3940 1358 3993 capacem
1390 3930 1427 3977 tot
1456 3926 1595 3983 hominum,
1619 3926 1680 3987 quot
1714 3925 1768 3975 tne-

998 4024 1052 4071 rant
1071 4021 1096 4069 in
1116 4019 1212 4068 duabus
1228 4016 1330 4066 navibus
1351 4014 1501 4078 piscatoriis,
1513 4014 1603 4077 qulbus
1622 4026 1654 4063 ex
1674 4013 1770 4063 Gracia

999 4121 1028 4156 eo
1049 4106 1250 4167 commigrarant3
1264 4116 1337 4166 quem
1349 4101 1468 4164 temporis
1489 4112 1619 4164 progressu
1631 4098 1663 4148 ad
1674 4100 1770 4150 mutam

997 4191 1189 4256 magnitudinem
1215 4191 1264 4239 lata
1288 4192 1433 4252 provectura
1456 4190 1540 4248 erant,
1567 4189 1684 4250 numum
1702 4185 1770 4236 nulla

998 4279 1046 4328 alia
1063 4277 1122 4326 urbs
1142 4278 1186 4325 aut
1205 4277 1289 4326 Graes
1305 4279 1348 4325 aut
1367 4275 1470 4325 barbara
1486 4276 1552 4324 esset
1568 4272 1702 4336 adeptura,
1716 4271 1771 4322 siro

999 4365 1095 4416 sedium
1119 4363 1316 4426 amplitudinem,
1331 4362 1398 4411 ,sive
1419 4362 1573 4412 maiestatem
1593 4358 1689 4422 imperti
1718 4360 1771 4411 sire

999 4457 1093 4503 ceteras
1112 4450 1235 4501 felicitatis
1250 4451 1363 4499 lrnmanae
1375 4451 1457 4514 partes
1476 4451 1633 4511 spectamus;
1649 4449 1724 4508 atqrre
1738 4445 1769 4497 ad

999 4553 1119 4590 summam
1141 4551 1193 4602 prm
1221 4537 1309 4588 ceteris
1331 4537 1444 4586 omnibns
1463 4535 1566 4585 urbibus
1586 4532 1770 4593 celebritatem,

999 4627 1115 4691 quanrdiu
1128 4626 1243 4675 mortales
1257 4623 1368 4675 duraturi
1384 4628 1450 4674 sunt.
1484 4623 1547 4673 Huic
1559 4624 1642 4673 ουίοοι
1654 4620 1771 4684 oppidulo

999 4725 1087 4762 nomen
1112 4711 1258 4761 Pallantinm
1282 4712 1466 4773 imposuerunt,
1488 4712 1512 4761 in
1531 4709 1673 4761 memoriam
1701 4707 1771 4759 urbis

1000 4800 1101 4864 patriae,
1116 4812 1172 4863 qnae
1185 4799 1211 4847 in
1225 4798 1329 4848 Arcadia
1342 4802 1394 4848 erat
1413 4820 1419 4849 ι
1440 4813 1505 4849 nnnc
1521 4803 1603 4850 tamen
1621 4797 1743 4847 Palatium
1756 4808 1772 4847 a

1000 4888 1116 4939 Romanis
1129 4891 1241 4947 vocatur,
1256 4886 1313 4950 quia
1329 4888 1448 4950 temporis
1462 4887 1612 4938 dintumitas
1630 4889 1771 4936 accuratam

1000 4975 1075 5025 huius
1086 4975 1154 5024 vocis
1161 4973 1295 5024 scribenda
1308 4972 1428 5023 rationem
1439 4973 1547 5037 corrupit
1559 4992 1565 5023 ι
1576 4973 1600 5024 id
1611 4972 1677 5035 qnod
1686 4973 1771 5024 multis

1000 5061 1163 5113 absurdamm
1172 5061 1374 5125 etymologiarum
1390 5061 1541 5112 occasionem
1559 5060 1661 5125 praebet.

1032 5153 1129 5203 xxxii.
1142 5152 1198 5216 Sed,
1209 5156 1237 5206 ut
1250 5150 1359 5203 nonnulii
1370 5149 1534 5212 prodiderunt,
1552 5150 1614 5200 inter
1626 5164 1687 5213 quos
1697 5154 1735 5202 est
1745 5151 1770 5200 et
