3772 5828
661 352 865 416 EXCERPTA
887 354 940 415 EX
963 352 1037 415 ΗΒ.
1060 353 1141 415 Xill.

110 491 187 574 ὄψιν,
201 489 286 562 δεινὴν
301 488 330 551 δὲ
343 488 477 568 ἀλγηδόνα
492 490 654 571 παρίχοντα.
696 482 751 553 Ἦν
766 514 795 550 τε
813 491 887 551 attia

109 580 178 658 ἴαμα
192 585 239 653 τῆς
258 580 433 660 περιωδυνίας
451 588 505 648 τοῖς
519 581 678 659 κάμνουσιν,
692 578 709 640 ό
725 602 752 639 τι
768 579 808 658 μὴ
821 603 890 653 κνη-

111 669 173 745 spol
190 667 236 727 eui
251 666 406 746 σπαραγμοὶ
418 672 537 748 συνεχεῖς
558 666 714 747 λωύόιμενοι
728 676 782 736 τοῖς
800 666 889 751 χρωτὶ

112 757 192 837 μέχρι
207 755 366 834 γυμνώσεως
377 754 487 819 δστίων.
500 757 605 818 Ambr.

70 871 84 908 s
151 849 190 909 V.
215 847 258 926 (5)
279 843 350 907 Μετ’
363 845 392 906 οὗ
413 843 482 905 πολύ
499 845 527 905 ti
552 847 577 904 oi
600 844 734 926 δήμαρχοι
757 844 891 928 Καμίλλιρ

112 933 286 1015 φθονήσαντες
307 932 450 1006 ίκκλησίαν
470 939 530 993 κατ’
553 935 635 993 αιἰτοῢ
654 934 820 1014 συνήγαγον,
844 932 891 993 καί

111 1024 262 1100 ἐζημίωσαν
272 1021 350 1083 αύτδν
365 1019 429 1081 δίκα
440 1021 565 1101 μυριάσιν
580 1022 714 1101 ἀσσαρίων
724 1067 733 1096 ,
744 1025 793 1083 οὐκ
807 1023 888 1100 ἀγνο-

111 1117 199 1180 οῦντες
221 1110 262 1172 δτι
284 1110 427 1172 πολλοστόν
448 1134 474 1169 τι
498 1111 607 1190 μίροςό
633 1109 689 1190 βίος
703 1101 736 1183 ἥν
752 1113 825 1190 αὐτῷ
843 1114 889 1168 τοῦ

112 1201 324 1279 κατακρίματος,
341 1201 400 1261 ἀλλ’
413 1197 447 1259 ἵν’
464 1198 593 1279 ἀπαχθεὶς
608 1201 645 1266 είς
662 1199 693 1258 τὸ
708 1200 888 1275 δεσμωτήριον

59 1301 85 1342 ¹⁰
112 1289 226 1348 ὑπὸτῶιι
240 1289 385 1370 δημάρχων
401 1286 578 1369 ἀσχημονήσῃ
596 1290 611 1347 ό
632 1285 693 1357 τούς
710 1289 888 1369 ἐπιφανεστά-

111 1398 169 1443 τους
179 1376 348 1458 κατορθώσας
362 1377 505 1454 πολίμους.
547 1379 573 1437 Τ
574 1375 588 1435 δ
603 1374 651 1452 μὲν
666 1363 711 1436 σύν
724 1374 849 1455 ἀργύριον
863 1378 887 1435 σί

111 1465 224 1526 πελάται
237 1491 267 1527 τε
283 1465 329 1526 καὶ
343 1463 479 1545 συγγενεῖς
493 1467 575 1524 circii
602 1463 843 1542 συνεισενέγκαντες
858 1466 888 1523 ἐκ

110 1557 161 1613 τῶν
174 1555 245 1614 ἰδίων
260 1554 406 1636 χρημάτων
425 1553 576 1625 ἀπέδοσαν,
591 1552 661 1612 ῶστε
683 1554 815 1630 μηδεμιᾶς
834 1576 889 1612 πει·

111 1647 221 1723 ραθῆναι
236 1642 348 1725 θύρεως·
369 1646 384 1702 θ
409 1644 431 1703 δ’
446 1642 511 1722 ἀνὴρ
524 1641 654 1723 ἀρόρητον
674 1639 820 1717 ἡγούμενος
840 1640 886 1700 τὸν

59 1754 83 1793 ta
109 1731 330 1812 προπηλακισμὸν
348 1733 474 1812 ἐκχωρεῖν
490 1730 557 1810 ίγνω
565 1735 612 1802 τῆς
625 1728 736 1798 πόλεως.
752 1730 792 1810 (6)
807 1730 887 1789 Ιένό·

111 1841 187 1898 μενος
219 1820 247 1879 δί
271 1821 383 1893 πλησίον
408 1824 459 1879 τῶν
488 1820 578 1878 πυλῶν
602 1818 649 1878 καί
670 1819 730 1886 τοὺς
753 1816 886 1899 παρόντας

111 1908 300 1984 ἀσπασάμενος
329 1905 531 1989 ὀλορυρομάνους
560 1907 605 1967 καί
628 1906 805 1987 δακρύοντας,
830 1903 885 1967 σίου

111 1995 248 2074 στέρεσθαι
263 1999 382 2076 μίλλοιιν
398 1995 505 2078 ἀνδρὸς,
522 1996 607 2057 πολλὰ
622 1996 691 2056 κατὰ
702 1998 755 2055 τῶν
767 1999 883 2076 παρειῶν

110 2085 184 2185 ἀρεῖς
198 2087 298 2169 δάκρυα
318 2087 363 2147 καλ
384 2088 433 2160 τὴν
450 2092 637 2166 κατασχοῦσαν
662 2085 740 2144 αύτδν
763 2087 884 2165 ἀσχημσ·

55 2190 84 2233 ου
110 2188 190 2236 ουνην
205 2167 451 2245 ἀνακλαυσάμενος,
472 2158 559 2227 εἶπεν·
574 2192 587 2219 ιι
597 2155 636 2225 ³ss
652 2165 704 2224 ieci
726 2166 772 2225 καὶ
789 2164 882 2242 δαίμο·

110 2281 123 2307 ιι
137 2278 193 2327 νες,
207 2254 295 2336 ἔρσροι
309 2259 361 2315 τῶν
380 2254 550 2335 ἀνθρωπίνων
571 2256 670 2333 ίργων,
682 2256 749 2330 ὑμᾶς
763 2251 828 2322 ἀξιῶ
847 2256 885 2315 δι·

110 2370 123 2397 ιι
138 2343 237 2411 καστάς
245 2342 365 2425 γενέσθαι
380 2367 425 2422 μοι
436 2348 489 2402 τῶν
504 2367 534 2403 τε
546 2343 609 2421 πρὸς
623 2339 670 2413 τὴν
680 2343 795 2422 πατρίδα
808 2344 885 2402 πολι·

110 2458 123 2486 ιι
137 2433 274 2509 τευμάτων
308 2433 353 2490 καὶ
376 2431 473 2495 παντὸς
499 2433 544 2490 τοῦ
568 2428 777 2510 παρεληλυθότος
810 2430 885 2510 βίου·

110 2545 124 2573 ιι
139 2518 242 2590 ίπειτα,
265 2521 309 2578 tte
325 2519 372 2593 μὲν
386 2517 474 2596 ἔνοχον
490 2516 583 2596 εύρητί
598 2540 632 2595 με
646 2524 704 2586 ταῖς
717 2516 831 2589 αἰτίαις,
844 2519 885 2597 tp'

55 2636 83 2676 ος
111 2636 124 2662 ιι
139 2599 181 2677 αἷς
199 2612 213 2666 ό
228 2611 310 2683 δῆμος
321 2606 518 2688 κατεψηφίσατό
531 2607 723 2686 μου,πυνηράν
739 2605 784 2665 καί
800 2604 886 2687 ἀσχή-

112 2726 125 2753 ι
140 2721 208 2776 μονα
223 2695 347 2768 τελευτὴν
371 2698 459 2757 δοῦναι
477 2703 522 2757 τοῦ
537 2696 614 2776 βίου·
630 2693 674 2754 tia
699 2694 724 2753 δ’
738 2698 765 2756 ἀν
786 2693 885 2755 άπασιν

112 2813 124 2841 ιι
138 2777 176 2855 οἷς
195 2785 352 2858 ἐπιστεύθην
368 2785 481 2858 ὑπὸτῆς
502 2785 636 2866 πατρίδος,
652 2786 679 2844 ie
692 2783 781 2866 εἰρήνῃ
803 2786 885 2845 τεκαὶ

111 2903 124 2930 ιι
138 2875 208 2936 κατά
219 2875 361 2951 πολίμους,
375 2873 472 2946 εύσεόῆ
484 2873 530 2933 καί
539 2874 638 2933 δίκαιον
650 2876 695 2934 καί
704 2873 790 2945 πάσης
800 2874 886 2953 ἀσχη-

111 2991 124 3017 ι
138 2988 215 3039 μονος
239 2965 352 3045 ὑποψίας
379 2964 514 3043 καθαρὸν,
534 2962 664 3043 τιμωρούς
685 2961 804 3043 γενέσθαι
823 2985 883 3041 μοι,

56 3076 84 3118 so
111 3080 123 3105 ιι
139 3053 269 3121 τοιούτους
296 3051 490 3125 ίπιστήσαντοις
512 3060 565 3120 τοῖς
586 3050 725 3124 ἠδικηκόσι
754 3050 886 3120 κινδύνους

110 3169 123 3195 ιι
137 3143 183 3202 καὶ
210 3140 324 3223 ρόθσυς,
349 3140 381 3201 δι’
411 3139 456 3208 οθς
478 3140 723 3218 ἀναγκασθήσονται
754 3140 886 3218 μηδεμίαν

111 3257 123 3284 ιι
138 3231 221 3304 ἀλλην
238 3230 333 3290 ίλπίδα
361 3230 492 3309 σωτηρίας
512 3232 622 3309 δρῶντες
638 3227 682 3288 ieci
696 3227 743 3305 ίμί
767 3251 885 3310 καταρυ·

110 3348 123 3375 ιι
138 3322 202 3398 γεῒν.
219 3349 232 3374 ιι
276 3323 370 3381 Ταῦτα
389 3317 470 3380 εἰπὼν
497 3320 533 3386 είς
556 3320 632 3378 πολιν
658 3316 764 3400 ’λρδόαν
790 3316 884 3401 ᾤχετο.

112 3410 216 3472 rimor.

57 3522 84 3561 aa
150 3500 204 3559 VI.
229 3498 270 3578 (i)
296 3494 466 3564 Ἐπιίκυυσαν
479 3495 599 3554 δθαύτοῦ
621 3502 677 3562 ταῖς
687 3494 775 3574 εὔχαῑς
784 3496 809 3555 oi
821 3498 883 3556 θεοί·

111 3586 157 3645 καί
181 3585 231 3645 ύπδ
255 3585 362 3646 Κελτῶν
389 3583 457 3660 μετά
482 3581 574 3664 μικρδν
599 3583 708 3654 ἡπόλις
732 3581 802 3642 ίάλω
821 3584 882 3646 ἄνευ

112 3679 157 3732 τοῦ
174 3671 357 3734 Καπιτωλίου.
406 3670 615 3752 Καταρυγόντων
640 3673 664 3732 δ’
688 3677 714 3734 is
735 3675 807 3756 αὐτῷ
829 3680 881 3738 τῶν

81 3764 84 3769 ’
111 3761 347 3844 περιρανεστίρων·
367 3761 398 3821 eb
410 3761 461 3841 γάρ
481 3759 547 3821 ἀλλο
562 3763 658 3832 πλῆθος
677 3765 703 3822 is
717 3766 775 3830 ταῖς
787 3763 884 3826 Ἰταλι·

110 3863 168 3919 ταῖς
179 3859 272 3933 φεῦγον
282 3851 412 3930 διεσπάρη
421 3850 526 3912 πόλισι·
540 3851 585 3911 καί
595 3851 820 3934 πολευρκσυμίνων
830 3856 881 3917 oni

57 3963 85 4003 to
113 3945 235 4014 Κελτῶν,
253 3939 277 4000 ci
291 3941 354 4019 πρὸς
371 3939 419 4011 τὴν
440 3939 603 3999 Ούιεντανῶν
614 3939 699 4027 ,πόλιν
713 3944 879 4025 καταφυγάς.

109 4056 152 4100 τις
164 4032 295 4107 Ῥωμαῖοι
308 4028 444 4091 Καιδίκιόν
465 4052 523 4088 τινα
539 4031 773 4116 στρατοπεδάρχην
792 4042 883 4097 ποιοῦ-

110 4147 162 4185 σιν.
186 4121 220 4183 Ὁ
239 4123 266 4181 δὲ
287 4119 423 4196 Κάμιλλον
436 4121 604 4182 ἀποδείκνυσι
622 4124 766 4184 καὶταῦτα
783 4125 883 4188 ἀπόντα

110 4211 228 4290 ἡγεμόνα
246 4207 362 4285 πολέμου
376 4208 421 4268 καί
434 4209 538 4288 sipritus
560 4209 677 4280 ίξσνσίαν
694 4213 790 4293 ἔχοντα
806 4219 883 4276 σύτο·

110 4301 237 4383 κράτυρα.
261 4300 314 4360 Καὶ
329 4297 465 4377 γενόμενος
476 4298 583 4377 ἡγεμὼν
593 4304 640 4372 τῆς
650 4300 791 4384 πρεσύείας
802 4325 884 4383 παρε-

57 4398 83 4438 ⁴⁵
110 4391 184 4450 κάλει
200 4389 335 4468 Κάμιλλον
350 4389 522 4465 διαλλαγῆναι
543 4387 607 4471 πρὸς
623 4386 671 4460 rie
685 4391 816 4471 πατρίδα,
837 4390 884 4460 τάς

111 4479 245 4560 συμφοράς
259 4481 286 4539 δν
308 4468 349 4546 αἷς
362 4469 393 4550 ἧν
408 4478 645 4557 ἐπιλογισάμενσν,
667 4479 701 4538 δι’
722 4479 753 4547 ἀς
774 4478 883 4556 ύπίμει·

110 4589 151 4626 νεν
165 4568 209 4625 itti
226 4567 271 4626 τὸν
296 4567 450 4647 adpretiata
474 4565 516 4650 ὑφ’
537 4570 630 4640 ίαυτῆς
655 4568 814 4648 καταφυγεῖν
841 4569 883 4650 (8)

69 4700 73 4709 .
110 4654 266 4735 Ὑπστυχὼν
280 4655 308 4715 δὲ
329 4661 344 4716 δ
366 4657 501 4733 Κάμιλλος
516 4645 606 4716 εἶπεν·
628 4682 642 4710 ιι
656 4657 698 4717 od
721 4654 814 4734 δίομαε
833 4681 886 4716 πα-

112 4772 125 4797 ιι
140 4742 307 4823 poetieam,
324 4735 347 4803 ῶ
369 4746 506 4807 Καιδίκιε·
519 4745 597 4812 αάτδς
608 4746 676 4826 γάρ,
691 4745 714 4803 εί
739 4744 777 4820 μὴ
792 4750 885 4806 θᾶττον

57 4851 84 4889 so
112 4861 124 4887 ιι
139 4837 212 4909 ὑμεῖς
222 4833 343 4913 ἀρίκεσθι
357 4844 487 4896 κοινωνιῖν
503 4858 536 4910 μι
548 4837 600 4894 τῶν
609 4832 775 4915 πραγμάτων
785 4832 886 4902 ἀξιοῦν·

112 4950 124 4976 ιι
138 4945 193 4993 τες,
207 4919 310 4999 ἕτοιμος
325 4912 357 4992 ἦν
377 4924 473 5002 ταύτην
489 4923 560 4998 άγων
574 4921 622 4995 τὴν
637 4920 747 4997 δύναμιν
755 4965 764 4993 ,
784 4920 817 4993 ἣν
832 4945 884 4980 πα·

111 5039 123 5065 ιι
139 5018 233 5089 ροῦσαν
242 5008 322 5090 θρᾶτί
339 5032 399 5087 μοι,
415 5011 479 5087 πρὸς
492 5014 562 5086 ύμθς
576 5009 660 5081 ἥκειν.
703 5008 784 5086 Ὑμῖν
804 4999 886 5084 δί,ῶ

110 5127 123 5153 ιι
139 5098 190 5158 θεοί
200 5120 228 5157 τε
239 5099 283 5156 καί
293 5095 430 5172 δαίμονεει
440 5095 547 5155 όσοιτὸν
556 5097 718 5177 ἀνθρώπινον
729 5096 886 5158 ίποπτεύετε

110 5215 123 5242 ιι
137 5188 192 5268 βίον
199 5233 209 5264 ,
224 5177 262 5246 ὧν
275 5208 305 5246 τε
316 5183 368 5258 ἤδη
380 5181 539 5261 τετιμήκατί
549 5184 594 5263 μοι
606 5208 641 5244 πο
674 5184 707 5258 ὴν
722 5176 779 5247 οἶδα
791 5187 881 5267 χάριν,

1666 357 1725 421 697

946 500 1034 551 turrate
1045 499 1102 551 risu
1112 514 1170 550 cnm
1184 498 1287 549 summis
1299 498 1433 550 doloribus.
1467 501 1526 550 Erat
1534 504 1616 552 ευιοιο
1630 502 1724 578 nntium

944 586 1113 637 laborantibus
1138 586 1286 646 remedium,
1312 584 1357 636 nisi
1379 585 1501 637 mutinae
1521 586 1682 642 lacerationes
1699 594 1726 642 ei

945 673 1080 739 prurigines
1093 674 1185 739 quibus
1200 674 1265 726 cutis
1274 686 1353 737 usque
1362 672 1394 724 ad
1405 687 1461 725 ossa
1475 673 1624 728 nudabatur.

976 854 1006 903 V.
1018 852 1053 918 (5)
1076 855 1160 917 Neque
1187 853 1231 903 din
1250 854 1305 917 posi
1319 852 1412 903 tribuni
1430 852 1510 916 plebis
1531 853 1636 905 Camillo
1654 854 1727 906 invisi

944 967 1086 1040 concionem
1109 969 1135 1019 in
1152 982 1209 1020 eum
1226 966 1365 1019 lraboerunt
1381 971 1523 1032 eumquex
1541 969 1653 1020 millibus
1670 970 1728 1021 aris

945 1083 1138 1146 damnaverunt,
1153 1086 1215 1137 bene
1228 1085 1329 1149 quidem
1341 1084 1411 1147 gnari
1425 1085 1480 1149 ejus
1495 1100 1556 1151 opes
1577 1086 1658 1137 multo
1671 1100 1727 1138 esse

944 1198 986 1249 illa
1001 1200 1080 1251 malta
1092 1200 1207 1261 remores,
1225 1198 1269 1250 sed
1280 1212 1310 1250 eo
1326 1198 1469 1251 consitioni
1487 1202 1518 1261 is,
1535 1202 1578 1265 qui
1590 1201 1727 1252 clarissima

944 1313 1008 1366 bella
1030 1314 1133 1366 feliciter
1152 1317 1269 1379 gesserat,
1294 1327 1351 1363 cum
1383 1312 1548 1378 ignominiae
1572 1314 1678 1366 tribunis
1700 1316 1726 1366 in

944 1441 1066 1480 carcerem
1076 1431 1197 1493 ageretur.
1231 1429 1351 1487 Quamvis
1364 1432 1448 1479 autem
1469 1429 1571 1479 clientes
1584 1433 1609 1480 et
1622 1429 1726 1493 gentiles

944 1543 998 1605 cias
1009 1544 1138 1609 pecuniam
1160 1557 1191 1593 ex
1214 1543 1267 1593 suis
1287 1541 1377 1606 opibus
1402 1541 1518 1592 collatam
1537 1540 1676 1602 solverent,
1695 1555 1725 1592 ne

944 1656 996 1721 ipse
1010 1656 1123 1721 injuriam
1146 1657 1282 1722 pataream,
1296 1660 1380 1706 tamen
1401 1656 1520 1706 camillus
1543 1655 1607 1706 hanc
1620 1654 1723 1720 ignomi-

944 1771 1010 1822 niam
1026 1784 1074 1821 non
1094 1769 1221 1821 terendam
1234 1774 1304 1820 ratus
1320 1769 1346 1819 in
1365 1770 1466 1821 exitium
1481 1770 1548 1821 abiit.
1576 1772 1608 1833 (6)
1626 1771 1728 1821 Proiec-

944 1890 986 1938 tus
999 1887 1072 1952 igitur
1083 1887 1115 1938 ad
1131 1889 1227 1951 portam
1242 1888 1269 1937 et
1280 1885 1424 1951 complexus
1433 1887 1476 1950 qui
1485 1887 1587 1938 aderant
1600 1891 1725 1951 gementes

946 2000 1081 2065 dentesque
1098 2000 1130 2050 ob
1153 1999 1209 2050 talis
1226 1999 1273 2050 siri
1291 1999 1522 2063 desiderium‚ipse
1546 2014 1621 2063 genas
1643 2000 1727 2052 multis

945 2115 1055 2167 lacrimis
1067 2114 1212 2165 humectans
1231 2117 1256 2166 et
1271 2113 1427 2177 ignominiam
1441 2113 1560 2164 initiatam
1574 2113 1701 2179 deplorans
1716 2130 1722 2163 ε

946 2252 959 2275 ι
971 2232 1011 2294 Di,
1026 2232 1115 2295 inquit,
1126 2230 1253 2304 gentique,
1264 2231 1307 2295 qui
1319 2231 1439 2281 humanas
1460 2244 1502 2283 res
1514 2230 1659 2292 observatis,
1680 2245 1727 2284 ros

947 2367 959 2391 ιι
973 2361 1018 2398 oro
1038 2346 1135 2412 judices
1159 2345 1220 2396 mibi
1241 2345 1305 2396 itatis
1317 2347 1461 2399 meritorum
1482 2361 1594 2399 meorum
1607 2362 1665 2413 erge
1673 2361 1726 2400 rem

946 2481 958 2504 ι
973 2459 1096 2524 publicam
1115 2460 1140 2511 ei
1155 2460 1276 2511 universae
1291 2461 1350 2511 altae
1365 2464 1423 2511 ante
1436 2465 1508 2513 actae.
1549 2467 1631 2528 Atque
1651 2463 1673 2513 si
1685 2476 1727 2512 me

947 2595 959 2619 ι
972 2589 1058 2626 eornm
1067 2575 1196 2626 criminum
1211 2589 1295 2635 mum,
1308 2589 1413 2640 quorum
1420 2577 1525 2643 populus
1540 2590 1580 2627 me
1589 2576 1725 2637 damnaait,

946 2709 959 2733 ι
972 2688 1197 2753 deprehenderitis,
1221 2688 1313 2741 malum
1327 2691 1388 2741 mihi
1399 2695 1425 2742 et
1447 2691 1539 2742 laedam
1552 2692 1611 2742 vitae
1632 2690 1726 2742 exitum

946 2819 958 2842 ιι
973 2799 1049 2861 detis3
1062 2800 1100 2850 siu
1111 2813 1170 2851 vero
1178 2800 1202 2849 in
1210 2801 1325 2852 omnibus
1334 2816 1391 2866 qum
1400 2803 1463 2854 mihi
1473 2818 1488 2853 a
1497 2803 1622 2868 republica
1630 2805 1726 2856 credita

947 2933 959 2958 ιι
973 2919 1033 2965 cunt
1042 2914 1066 2964 in
1077 2914 1144 2966 donri
1160 2914 1303 2980 nrilitieeque
1313 2917 1382 2982 pium
1392 2920 1418 2969 et
1426 2921 1523 2983 justum
1532 2921 1649 2983 omnique
1660 2920 1726 2984 turpi

947 3040 959 3065 ιι
973 3020 1112 3086 suspicione
1121 3035 1226 3086 purum,
1246 3021 1355 3074 vindices
1371 3023 1433 3074 mibi
1446 3023 1515 3087 sitis,
1529 3039 1607 3089 eaque
1620 3025 1660 3076 his
1678 3026 1723 3076 im-

946 3126 1056 3190 ·probis
1080 3126 1184 3188 pertenta
1203 3129 1228 3176 et
1248 3128 1356 3177 terrores
1375 3127 1501 3191 infligatis,
1524 3134 1553 3178 ut
1570 3129 1661 3195 reliqua
1681 3144 1725 3196 spe

946 3251 959 3273 ι
973 3230 1062 3281 salutis
1074 3231 1162 3281 amissa
1177 3229 1210 3281 ad
1226 3243 1265 3282 me
1294 3231 1425 3295 coningere
1442 3234 1568 3295 cogamur.
1584 3254 1595 3275 ι
1628 3232 1726 3292 Quibus

944 3336 1018 3387 dictis
1025 3337 1130 3387 Ardeam
1141 3336 1254 3387 secessit.

975 3520 1018 3569 Vl.
1034 3519 1067 3583 (t)
1080 3519 1150 3570 Votis
1159 3519 1212 3580 ejus
1229 3518 1256 3570 di
1271 3519 1427 3583 adnuerunt3
1440 3536 1497 3572 nam
1510 3536 1568 3573 mox
1581 3525 1640 3574 urbs
1659 3539 1722 3590 prte-

943 3639 984 3688 ter
994 3636 1144 3699 Capitolium
1162 3651 1177 3686 a
1196 3636 1273 3687 Gallis
1285 3641 1357 3702 capte
1371 3642 1418 3689 est.
1436 3643 1491 3699 Quo
1504 3655 1581 3704 quum
1594 3642 1724 3696 nobiliores

942 3754 1117 3817 confugissent,
1130 3754 1225 3818 reliqua
1238 3754 1305 3806 enim
1325 3755 1461 3807 multitudo
1479 3771 1521 3821 per
1538 3759 1635 3810 Italicas
1650 3761 1722 3814 urbes

941 3871 1059 3937 dissipata
1070 3875 1118 3932 est,
1131 3874 1157 3922 et
1168 3885 1184 3921 a
1195 3871 1272 3921 Gallis
1285 3869 1466 3931 obsiderentur,
1483 3873 1585 3922 Romani
1597 3874 1640 3937 qni
1648 3876 1724 3940 l'ejos

943 3991 1101 4057 confugerant
1123 3990 1256 4042 Caedicium
1279 3987 1411 4053 quemdem
1435 3989 1604 4055 imperatorem
1619 3993 1721 4058 etigunt.

941 4108 988 4160 llic
1003 4112 1087 4161 autem
1110 4107 1243 4158 camillum
1261 4107 1389 4159 absentem
1402 4107 1470 4173 pacis
1485 4108 1589 4173 bellique
1602 4112 1722 4164 arbitrum

940 4241 1066 4279 summum
1076 4227 1213 4287 denuntiat,
1226 4231 1252 4278 et
1264 4227 1316 4292 ipse
1329 4226 1458 4292 legationis
1468 4227 1519 4278 dux
1534 4228 1615 4279 lactus
1629 4230 1721 4280 camil-

941 4347 991 4397 lum
1014 4351 1097 4411 rogat,
1110 4350 1141 4398 ut
1156 4362 1214 4398 cnm
1235 4348 1315 4412 patria
1340 4349 1365 4398 in
1380 4361 1467 4410 pacem
1487 4348 1587 4409 redeat,
1605 4353 1719 4413 reputans

940 4465 1031 4529 quibus
1045 4465 1225 4516 calamitatibus
1245 4466 1394 4530 respublica,
1411 4470 1441 4515 ut
1455 4465 1487 4515 ad
1499 4479 1557 4517 eum
1570 4465 1649 4531 ipsum
1661 4477 1720 4514 con·

940 4582 1036 4648 ingeret
1047 4597 1123 4646 quam
1138 4598 1216 4649 nuper
1226 4585 1315 4647 injuria
1330 4584 1460 4644 affecerat,
1477 4588 1561 4634 coacta
1574 4585 1614 4633 sit.
1629 4581 1664 4644 (Β)
1683 4579 1719 4630 tat

939 4702 996 4752 hac
1004 4698 1179 4753 Camillusait:
1195 4720 1208 4744 ιι
1219 4702 1272 4751 iton
1281 4715 1327 4766 ego
1337 4702 1462 4768 precibus,
1475 4701 1564 4752 Caedici
1572 4718 1581 4762 ς
1590 4699 1642 4764 ipse
1654 4699 1727 4761 eninr,

942 4843 955 4867 ι
969 4824 1014 4875 nisi
1032 4838 1076 4874 vos
1094 4823 1162 4888 prius
1177 4823 1307 4876 venissetis
1326 4839 1411 4877 curam
1424 4838 1507 4876 rerum
1526 4822 1588 4873 milri
1608 4821 1719 4888 imperti·

942 4969 955 4992 ιι
968 4948 1030 5009 turi,
1042 4948 1201 4999 decreveram
1221 4962 1277 4997 cum
1290 4948 1329 5000 bis
1342 4950 1420 5014 copiis
1438 4962 1501 5011 quas
1512 4946 1573 4997 mibi
1585 4946 1671 4998 adesse
1683 4949 1716 4999 ai·

942 5092 954 5115 ι
968 5072 1031 5122 detis
1043 5072 1075 5123 ad
1085 5073 1172 5123 urbem
1184 5072 1340 5124 contendere.
1373 5071 1450 5122 vobis
1465 5086 1536 5134 aero,
1546 5087 1563 5123 ο
1573 5073 1600 5124 di
1611 5076 1637 5124 et
1645 5075 1718 5139 genii,

942 5215 954 5238 ι
966 5196 1115 5262 (pacataque
1124 5197 1201 5247 vitam
1211 5186 1468 5255 liutaranamtu'emini,
1492 5209 1537 5261 pro
1549 5196 1579 5248 iis
1590 5211 1648 5262 quta
1658 5196 1718 5255 ltac-
