3772 5828
651 421 944 495 ANTIQUITATUM
965 420 1110 480 ΠΟΜΑΝ.
1132 420 1204 479 LlB.
1233 421 1256 479 l.
1703 416 1751 484 v65

157 576 200 634 γοε
215 553 273 630 περὶ
295 555 379 612 αὐτῶν
401 543 467 610 ὧδε·
480 550 575 617 Ἄτλας
597 551 695 628 γίνεται
710 552 833 631 βασιλεὺς
851 555 923 630 πρῶ-

155 664 198 708 τος
217 642 244 699 ἐν
266 644 299 719 τῇ
320 640 469 717 καλουμένῃ
490 643 536 696 νῦν
562 639 703 719 Ἀρκαδία,
730 640 792 720 ᾤκει
815 640 842 697 δὲ
863 639 923 716 περὶ

154 729 184 787 τὸ
206 727 343 805 λεγόμενον
367 725 522 786 Καυκώνιον
545 725 611 805 όρος.
665 727 758 807 Τούτῳ
787 727 924 804 θυγατέρες

153 808 222 888 ῆσαν
238 814 317 887 ἑπτὰ,
332 816 358 872 οιί
373 818 418 872 νῦν
434 816 460 872 ἀν
474 815 576 893 οὐρανῷ
600 816 801 894 κατηστερίσθαι
818 815 923 891 λεγόμε·

115 916 127 953 δ
154 929 199 964 ναι
231 901 358 969 Πλειάδες
380 894 588 974 inluminandis
612 903 674 978 μίαν
699 902 746 980 μὲν
776 902 924 982 Ἠλέκτραν

156 991 221 1058 Ζεδς
240 998 335 1068 γαμεῖ,
351 990 396 1048 καί
414 998 492 1069 γεννᾷ
508 992 603 1054 παῖδας
627 987 653 1058 ἐξ
670 993 748 1060 αὐτῆς
763 989 853 1050 Ἴασον
878 994 922 1047 καὶ

155 1081 298 1159 Δάρδανον.
340 1078 428 1144 Ἴασος
447 1077 494 1154 μὲν
510 1067 554 1135 σύν
576 1076 661 1147 ἠίθεος
681 1077 770 1153 μίνει,
790 1078 922 1155 Δάρδανος

155 1170 178 1226 δ’
206 1167 295 1247 ἀγεταε
320 1172 433 1244 γυναῖκα
457 1163 566 1240 Χρύσην
592 1163 747 1230 Πάλλαντος
774 1162 921 1241 θυγατέρα,

154 1255 180 1323 ἐξ
194 1247 225 1327 ῆς
239 1257 310 1333 αὐτῷ
324 1253 440 1329 γίνονται
455 1253 547 1317 παῖδας
559 1251 653 1317 Ἰδαῖος
665 1250 710 1309 καί
721 1251 829 1328 Δείμας.
870 1241 923 1310 06·

102 1359 127 1397 ιο
152 1365 192 1402 τοι
211 1343 275 1408 τίσις
290 1342 337 1416 μὲν
353 1344 379 1399 ἐν
394 1339 518 1420 Ἀρκαδίᾳ
534 1338 731 1419 παραλαόόντες
750 1340 797 1413 τήν
812 1337 924 1399 Ἄτλαν-

153 1453 195 1496 τος
211 1429 364 1488 δυναστείαν
379 1425 550 1499 ἐβασίλευον,
565 1427 656 1485 ἔπειτα
676 1430 863 1503 κατακλυσμοῦ
876 1449 924 1502 γε·
949 1406 954 1492 ί

155 1518 260 1594 νομίνου
275 1516 389 1594 μεγάλου
405 1514 464 1592 περὶ
486 1513 534 1585 τήν
549 1513 703 1592 Ἀρκαδίαν,
723 1512 756 1571 ad
779 1513 826 1590 μὲν
846 1515 924 1572 πεδία

153 1605 311 1682 ἐξελιμνώθη
334 1604 379 1662 καὶ
394 1605 491 1662 πολλοῦ
514 1603 607 1682 χρόνου
626 1607 797 1679 γεωργεῖσθαι
816 1603 923 1661 ἀδύνατ’

153 1686 204 1766 ῆν,
220 1696 243 1752 σί
259 1692 281 1751 δ’
297 1691 443 1770 ἄνθρωποι·
457 1689 540 1771 ᾤκουν
556 1690 607 1772 γδιρ
622 1692 671 1748 ivl
685 1689 719 1748 τδ
729 1690 777 1768 ὄρη
793 1691 923 1771 γλίσχροις

99 1805 124 1845 ιε
153 1780 318 1861 ποριζόμενοι
346 1778 393 1844 τδς
424 1778 531 1857 τροράς·
556 1777 786 1858 συμφρονήσαντες
810 1782 845 1844 ὡς
872 1780 922 1858 οὐχ

153 1867 232 1938 ίκανὴ
250 1867 352 1945 βόσκειν
367 1867 441 1924 ἔσται
452 1867 551 1945 πάντας
566 1871 579 1937 ί]
595 1872 721 1946 περιοῦσα
736 1871 789 1943 γῆ,
801 1866 923 1943 νέμονται

155 1965 222 2034 eqd<
235 1954 324 2021 αὐτοῦς
337 1955 413 2033 διχῇ·
426 1954 471 2012 καί
485 1956 570 2012 αὐτῶν
585 1956 608 2012 ot
626 1952 673 2030 μὲν
685 1955 713 2011 ἀν
725 1952 847 2033 Ἀρκαδία
860 1957 923 2011 ὑπο·

156 2046 261 2119 με’νυυσι
278 2042 388 2122 βασιλέα
403 2042 633 2115 καταστησάμενοι
647 2041 780 2116 Δείμαντα
798 2042 840 2101 τὸν
853 2045 923 2121 Δαρ·

155 2131 243 2206 δάνον,
254 2133 277 2190 οί
284 2129 315 2189 δὲ
325 2128 413 2189 λοιποὶ
423 2128 614 2186 ἀπανίστανται
625 2127 825 2198 Πελοποννήσου
838 2128 928 2208 στόλῳ

97 2242 125 2281 ab
154 2219 268 2299 μεγάλῳ.
311 2216 469 2290 Ποιούμενοι
483 2216 510 2274 δὲ
524 2216 568 2274 τόν
587 2219 667 2274 πλοῦν
682 2215 754 2295 παρὰ
769 2216 817 2286 τὴν
831 2215 924 2297 Εὐρώ-

153 2333 206 2380 πην
219 2312 253 2374 εἷς
265 2307 308 2366 τδν
324 2306 436 2366 Μέλανα
450 2303 610 2376 καλούμενον
624 2306 790 2379 ἀφικνοῦνται
805 2304 921 2375 κολπον,

154 2400 198 2455 καὶ
210 2395 384 2473 τυγχάνουσιν
399 2395 425 2450 ἐν
438 2391 511 2470 νήσῳ
525 2390 576 2447 τινί
590 2395 636 2459 τῆς
650 2389 760 2468 Θράκης
776 2393 922 2470 θρμισάμε.

155 2508 208 2555 νοι,
221 2484 253 2554 ῆν
270 2484 319 2541 οὐκ
341 2480 395 2559 ἔχω
412 2483 495 2538 εἰπεῖν
511 2477 556 2534 είτ’
571 2469 603 2548 ῆν
617 2477 756 2549 οἰκουμένη
771 2478 817 2536 καλ
831 2481 921 2557 πρότε-

158 2595 216 2646 ρον,
232 2569 276 2628 εἶτ’
298 2570 407 2647 ἔρημος,
425 2558 443 2645 ᾗ
458 2567 571 2624 τίθενται
587 2564 701 2642 τοῦνομα
722 2565 839 2624 σύνθετον
855 2566 884 2625 ίκ
899 2572 922 2625 τ’

99 2677 129 2714 εν
159 2658 247 2736 ἀνδρὸς
262 2657 308 2714 καὶ
321 2655 415 2723 τόπου,
431 2653 602 2733 Σαμοθρηίκῃ.
644 2653 681 2714 Τδ
696 2653 743 2729 μὲν
761 2653 812 2732 γίιρ
828 2655 923 2734 χωρίον

161 2750 208 2814 τῆς
229 2742 354 2823 Θράκης,
371 2746 385 2799 6
403 2741 425 2800 δ’
439 2740 554 2810 οἰκιστής
570 2739 683 2812 Σάμων,
698 2741 750 2807 υίὸς
765 2738 864 2820 Ἑρμοῦ
878 2743 923 2801 καί

157 2834 258 2910 νύμρης
276 2829 436 2901 Κυλληνίδος
451 2828 549 2900 Ῥήνης
564 2827 765 2904 ὀνομαζομένης.
808 2829 881 2890 Ἐκεῖ
896 2830 923 2889 δὲ

153 2919 247 2998 χρόνον
261 2920 291 2978 οὐ
306 2915 386 2975 πολὺν
401 2916 595 2996 διατρίψαντες,
609 2917 643 2980 ώς
667 2917 713 2974 cdx
727 2917 844 2998 εύμαρής
861 2910 894 2990 ῆν
911 2923 924 2977 6

155 3008 209 3086 βίος
223 3009 309 3072 αὐτοῖς
322 3009 356 3086 γῇ
371 3028 399 3063 τε
412 3007 502 3083 λυπρᾷ
516 3004 561 3062 καὶ
578 3002 693 3083 θαλάττῃ
708 3006 785 3085 ἀγρία
799 3006 925 3085 μαχομέ-

93 3114 124 3150 ;ιο
152 3118 221 3165 νοις,
234 3094 337 3173 ὀλίγους
349 3093 418 3159 τινδς
432 3095 459 3151 ἐν
472 3096 505 3172 τῇ
518 3090 590 3170 νήσῳ
603 3093 751 3168 λειπόμενοι
763 3092 923 3154 ἀπανίσταν·

151 3205 197 3240 ται
210 3182 288 3240 πάλιν
303 3183 327 3239 οἱ
341 3179 445 3247 πλείους
459 3183 495 3246 εἰς
510 3180 557 3249 τήν
572 3178 675 3254 Ἀσίαν,
691 3177 794 3259 ἔχοντες
807 3181 924 3259 ήγεμόνα

151 3272 199 3340 τῆς
215 3268 336 3335 ἀποικίας
349 3267 498 3345 Δάρδανον·
520 3264 609 3332 'innoc
622 3266 672 3344 γάρ
693 3270 719 3324 ἐν
740 3271 773 3345 τῇ
793 3268 865 3348 νήσῳ
880 3293 924 3328 κε·

153 3359 240 3436 ραυνῷ
250 3356 357 3434 πληγεὶς
369 3357 487 3436 τελευτᾷ,
501 3354 641 3431 Δήμητρος
654 3355 729 3423 εὐνῆς
744 3355 923 3434 ὀριγνώμενος,

152 3448 189 3509 ὡς
206 3443 281 3522 λόγος
297 3442 360 3523 ίχει.
402 3441 582 3519 Ποιησάμενοί
597 3463 625 3498 τε
639 3441 686 3512 τήν
702 3442 831 3501 ἀπόόασιν
846 3444 872 3501 ἐν
888 3448 924 3524 τῷ

57 3536 66 3555 ⁰
93 3557 124 3593 aa
153 3532 308 3611 καλουμένῳ
322 3536 366 3588 νῦν
376 3529 584 3610 Ἑλλησπόντῳ,
599 3528 660 3607 περὶ
674 3528 722 3599 τήν
738 3529 843 3609 ὕστερον
859 3534 923 3604 κλη·

157 3628 245 3680 θεῖσαν
266 3619 406 3688 οἰκίζονται
428 3618 564 3696 Φρυγίαν,
577 3617 672 3681 Ἰδαῖος
693 3615 739 3692 μὲν
758 3623 771 3675 6
791 3620 924 3696 Δαρδάνου

152 3709 232 3786 μέρος
246 3711 291 3778 τῆς
305 3714 428 3784 στρατιᾶς
445 3705 511 3783 ἔχων
527 3707 552 3762 ίν
567 3712 620 3770 τοῖς
632 3702 733 3779 ὄρεσιν,
751 3704 767 3760 δ
782 3711 826 3762 νῦν
839 3706 923 3766 Ἰδαῖα

151 3799 200 3854 ἀπ’
215 3795 313 3856 ἐκείνου
323 3794 443 3871 λέγεται,
456 3793 517 3851 ἔνθα
530 3791 609 3870 μητρί
624 3795 688 3850 θεῶν
702 3791 770 3868 ἱερὸν
784 3793 923 3873 ἱδρυσάμε·

151 3909 195 3951 νας
214 3884 290 3965 ὄργια
310 3883 354 3941 καί
371 3881 476 3947 τελετδις
497 3879 691 3950 κατεστήσατο,
706 3877 734 3935 αί
752 3880 796 3937 καί
816 3882 850 3947 είς
865 3883 923 3941 τόδε

91 3990 123 4029 ειν
150 3972 246 4052 χρόνου
261 3972 425 4048 διαμένουσιν
439 3970 465 4026 ἐν
480 3967 553 4047 πάσῃ
570 3966 693 4046 Φρυγία·
709 3969 842 4048 Δάρδανος
856 3967 879 4027 δ’
897 3972 923 4027 ἐν

150 4065 187 4140 τῇ
199 4058 349 4140 καλουμίνγΙ
361 4064 407 4116 νῦν
423 4057 530 4135 Τρωάδι
545 4056 620 4113 πολιν
635 4054 775 4133 ὁμώνυμον
790 4059 861 4135 αύτῷ
875 4081 924 4114 κα-

148 4147 325 4220 τασκευάσας,
339 4146 425 4211 δόντος
433 4147 504 4222 αύτῷ
515 4143 547 4203 τδ
559 4143 644 4223 χοιρία
654 4143 771 4222 Τεύκρου
782 4145 922 4223 βασιλέως,

150 4238 197 4318 ἀρ’
209 4229 238 4296 ού
250 4234 359 4316 Τευκρὶς
370 4233 495 4312 τάρχαῖον
510 4236 527 4302 ἡ
540 4235 573 4308 γῆ
586 4230 696 4306 ἐλέγετο.
720 4234 818 4290 Τοῦτον
835 4231 858 4288 δ’
875 4234 923 4289 ἀλ-

148 4331 193 4387 λοι
207 4349 236 4383 τε
251 4323 343 4383 πολλοὶ
361 4322 406 4380 καί
420 4320 580 4395 Φανόδημος
593 4322 607 4375 6
622 4318 670 4388 τήν
685 4317 802 4388 Ἀττικὴν
818 4320 920 4398 γράψας

89 4428 120 4465 ⁴⁵
150 4411 340 4494 ἀρχαιολογίαν
354 4414 383 4469 ἐκ
393 4412 438 4479 τῆς
450 4408 566 4476 ’Δττικῆς
574 4406 728 4481 μετοικῆσαί
739 4429 816 4488 φασιν
828 4410 861 4472 είς
873 4408 920 4479 τήν

149 4499 253 4573 Ἀσίαν,
266 4498 349 4572 δήμου
362 4495 530 4560 Ξυπεταιέως
543 4494 671 4573 ἄρχοντα,
682 4494 727 4552 καλ
738 4494 824 4554 πολλὰ
838 4497 920 4574 παρέ-

148 4608 246 4668 χονται
260 4590 305 4643 τοῦ
319 4585 398 4662 λόγου
410 4582 549 4660 τεκμήρια.
592 4581 770 4660 Κρατήσαντα
789 4581 816 4639 δὲ
833 4581 923 4662 χώρας

148 4657 251 4755 συχνῆς
261 4696 289 4731 τε
301 4671 346 4731 καλ
359 4672 457 4748 ἀγαθῆς
470 4668 557 4726 καλοῦ
571 4667 638 4727 πολὺ
649 4668 679 4725 τὸ
693 4667 832 4748 ἐπιχώριον
844 4670 922 4748 epot-

148 4743 206 4836 ρης
225 4761 296 4840 γένος
317 4759 435 4834 ἀσμένως
456 4756 500 4814 τὸν
521 4756 653 4833 Δάρδανον
677 4758 740 4815 ἰδεῖν
761 4757 853 4816 καὶτὸ
875 4756 922 4816 σὺν

90 4866 122 4907 ao
149 4854 228 4929 αὐτῷ
248 4847 457 4924 παραγενόμενον
472 4843 642 4919 Ἑλληνικὸν,
664 4847 715 4901 τῶν
736 4868 764 4903 τε
783 4845 846 4923 πρὸς
864 4846 921 4913 τοῦς

149 4936 304 5024 βαράάρσυς
316 4933 435 5009 πολέμων
450 4930 605 5010 συμμαχίας
620 4931 710 5004 ίνεκα,
725 4931 770 4990 καὶ
792 4930 866 5003 ίναή
887 4938 921 5009 γῆ

145 5029 190 5113 μὴ
206 5018 224 5108 i
239 5023 346 5103 qam.

191 5114 284 5177 LXH.
304 5110 421 5170 ’Δπαιτιῖ
436 5107 459 5167 δ’
479 5111 493 5166 6
508 5106 584 5187 λόγος
598 5106 643 5165 καί
658 5108 700 5166 τόν
720 5106 826 5170 Αἰνείαν
845 5107 871 5176 δί
886 5098 922 5165 διν
960 5136 963 5140 ⁴

146 5210 200 5288 Ξτρυ
222 5200 413 5280 διηγήσασθαι·
440 5195 551 5277 βραχείᾳ
578 5193 610 5264 δὴ
633 5195 677 5254 καὶ
707 5201 784 5254 τοῦτο
811 5195 923 5268 δηλώσει

978 558 1226 620 duntur21neaquan
1238 572 1303 608 nuuc
1315 558 1528 610 Arcadiavoeatur
1537 563 1629 624 primus
1638 566 1750 627 regnarit

978 651 1045 699 Atlas
1058 672 1064 700 :
1078 650 1205 700 habitabat
1214 653 1296 700 autem
1311 651 1374 699 circa
1383 655 1492 700 montem
1505 653 1547 711 qui
1560 654 1698 707 Cauconins
1708 672 1750 721 ap·

978 743 1091 805 pellatur.
1126 742 1189 791 Huic
1209 745 1303 806 septem
1318 742 1374 791 tiliae
1394 744 1507 802 luerunt,
1529 757 1586 807 quae
1604 759 1668 797 nunc
1687 749 1750 800 inter

978 833 1058 885 sidera
1073 835 1181 884 caelestia
1202 835 1284 883 relata
1304 834 1427 892 dicuutur,
1452 837 1594 898 cognomine
1613 838 1722 890 Pleiades
1743 859 1748 871 ·

978 927 1065 977 barum
1075 940 1161 985 urnam,
1174 925 1310 983 Electram,
1324 926 1420 988 Jupiter
1431 939 1534 977 uxorem
1546 926 1630 989 duxit,
1642 932 1667 978 et
1681 942 1712 978 en
1722 944 1751 980 en

978 1024 1057 1071 Iasum
1077 1021 1101 1068 et
1119 1018 1262 1067 Dardanum
1281 1018 1343 1067 filios
1368 1020 1482 1081 suscepit.
1524 1023 1555 1068 nt
1573 1022 1641 1069 lasus
1661 1021 1750 1071 ‹mlebs

977 1111 1068 1159 mansit
1086 1127 1091 1158 :
1109 1108 1236 1157 Dardanus
1247 1122 1305 1157 vero
1316 1109 1425 1172 Chrysen
1437 1108 1552 1159 Pallantis
1561 1109 1635 1160 tiliam
1648 1124 1750 1163 uxorem

978 1203 1065 1262 duxit,
1080 1216 1111 1251 cx
1125 1217 1174 1265 qun
1187 1202 1249 1251 tilios
1264 1201 1358 1251 tdaeum
1374 1204 1399 1251 et
1418 1202 1556 1252 Dimuntem
1577 1202 1675 1264 babuit3
1694 1204 1750 1268 qui,

977 1308 1034 1344 eum
1053 1294 1156 1343 Atlantis
1175 1308 1278 1356 reguum
1299 1295 1353 1345 iure
1373 1293 1520 1343 hereditario
1544 1295 1708 1359 τεταμίευσαι,
1726 1297 1750 1346 in

977 1386 1080 1435 Arcadia
1094 1385 1244 1448 aliquamdiu
1256 1390 1395 1449 regnarunt.
1429 1384 1521 1433 Deinde
1531 1399 1588 1434 veru
1598 1401 1654 1436 eum
1666 1388 1750 1451 ingens

978 1477 1099 1527 diluvium
1111 1477 1135 1525 in
1149 1475 1250 1525 arcadia
1265 1475 1405 1535 accidisset,
1420 1475 1492 1539 aquis
1512 1479 1680 1540 stagnantibus
1697 1479 1750 1528 loca

978 1568 1048 1631 plana
1063 1567 1206 1631 tegebantur
1216 1570 1241 1617 et
1255 1566 1298 1617 diu
1313 1566 1461 1617 nullomodo
1472 1567 1519 1617 coli
1529 1571 1668 1631 potuerunt.
1702 1570 1749 1619 sed

978 1658 1089 1708 homines
1107 1667 1178 1719 (nam
1194 1659 1218 1708 iu
1233 1659 1357 1707 montibus
1372 1658 1515 1708 babitabant
1528 1659 1595 1708 tenui
1610 1660 1676 1709 victu
1697 1673 1750 1710 sese

979 1753 1163 1808 sustentantes)
1185 1762 1242 1798 cuin
1262 1749 1493 1800 animadvertissent
1518 1750 1639 1812 reliquum
1664 1765 1750 1814 agrum
1847 1822 1849 1827 Ι

978 1840 1093 1890 omnibus
1111 1841 1227 1889 alimenta
1242 1840 1399 1902 suppeditare
1414 1854 1462 1889 non
1479 1854 1563 1903 posse,
1582 1855 1636 1892 sese
1652 1842 1750 1892 induas

977 1935 1059 1996 partes
1076 1931 1221 1981 diviserunt.
1256 1934 1348 1982 Horum
1365 1931 1442 1982 altera
1458 1933 1484 1982 in
1500 1933 1603 1983 Arcadia
1616 1935 1749 1994 remansit,

978 2029 1001 2075 et
1016 2027 1155 2075 Dimautem
1171 2024 1280 2074 Dardani
1296 2025 1373 2074 tilium
1387 2025 1530 2075 sibiducem
1549 2028 1659 2091 praelecil
1674 2048 1680 2076 ι
1696 2028 1750 2077 reli·

977 2117 1020 2178 qui
1035 2130 1093 2166 vero
1112 2130 1169 2166 eum
1184 2130 1271 2180 magna
1283 2117 1360 2166 classe
1375 2131 1406 2166 cx
1425 2117 1591 2181 Peloponneso
1605 2118 1748 2180 migrarunt.

978 2212 1008 2259 ut
1023 2209 1157 2259 secundum
1170 2211 1274 2272 europa
1286 2209 1357 2258 litora
1372 2214 1529 2272 navigantes,
1541 2210 1572 2259 ad
1585 2210 1703 2260 Melanem
1713 2210 1749 2259 si·

978 2313 1052 2361 num,
1073 2301 1116 2363 qni
1132 2302 1243 2358 vocatur,
1265 2302 1386 2350 venerunt
1404 2305 1428 2350 et
1448 2299 1480 2350 ad
1499 2301 1621 2363 quandam
1639 2299 1749 2350 Tbraciar

977 2392 1081 2441 insulam
1090 2392 1251 2455 appuleruut3
1266 2405 1321 2454 ques
1338 2395 1422 2441 utrum
1435 2391 1502 2452 priua
1520 2390 1637 2450 habitata,
1648 2405 1679 2439 an
1691 2405 1750 2442 reru

977 2483 1074 2534 deserta
1099 2485 1187 2543 luerit,
1207 2484 1329 2534 affirmare
1349 2498 1397 2533 nun
1414 2498 1514 2548 possum
1543 2503 1549 2533 ι
1582 2484 1640 2534 buin
1664 2488 1749 2535 Sarno·

977 2573 1074 2623 thraces
1090 2588 1177 2624 nomen
1191 2588 1222 2624 ex
1245 2575 1300 2624 niro
1319 2579 1345 2624 et
1368 2576 1422 2623 loco
1441 2576 1603 2639 compositum
1625 2577 1749 2638 imposue-

977 2669 1043 2724 runt,
1057 2666 1123 2715 locus
1139 2667 1203 2716 onim
1216 2672 1253 2716 est
1271 2667 1295 2716 in
1313 2668 1432 2723 linaria,
1454 2668 1496 2716 sed
1511 2667 1623 2717 conditor
1640 2669 1686 2716 tuit
1704 2670 1750 2716 Sn-
1791 2644 1797 2659 ¹

978 2766 1034 2801 rnon
1049 2753 1113 2803 silius
1128 2754 1240 2803 Mercurii
1260 2758 1284 2803 et
1296 2753 1411 2816 nymplun
1434 2752 1578 2815 Cyllenidis,
1599 2752 1750 2814 quantem

977 2845 1119 2894 rucalmtur.
1155 2845 1190 2894 lbi
1207 2846 1311 2895 nundin
1330 2847 1487 2904 commorati,
1504 2846 1570 2908 qnod
1590 2845 1685 2894 lictum
1703 2845 1748 2894 sibi

977 2951 1025 2986 non
1039 2938 1106 2987 tacite
1117 2951 1203 3001 parare
1215 2944 1327 3001 possent,
1341 2951 1397 2987 cum
1410 2950 1469 2998 agro
1482 2935 1557 2985 sterili
1571 2939 1596 2985 et
1608 2934 1669 2984 mari
1684 2948 1750 2989 saevo

978 3038 1085 3088 pugnare
1102 3026 1198 3080 temeti.
1217 3026 1302 3088 paucis
1323 3010 1471 3086 quibusdam
1496 3023 1521 3071 in
1542 3023 1620 3072 insula
1642 3023 1748 3082 relictis,

978 3116 1085 3180 plerique
1103 3117 1243 3166 Dardanum
1273 3116 1374 3165 coioniae
1398 3115 1487 3165 ducem
1516 3115 1595 3165 secuti
1618 3128 1704 3164 rursus
1725 3115 1750 3163 iu

978 3205 1060 3254 Asiam
1074 3204 1217 3267 migrarunt.
1250 3207 1322 3254 lasus
1336 3206 1400 3254 enim
1421 3205 1447 3255 in
1468 3205 1547 3255 insula
1564 3206 1664 3256 fulmine
1685 3206 1749 3255 ictus

977 3293 1065 3355 periit,
1080 3293 1146 3356 quod
1165 3293 1262 3343 Cereris
1280 3291 1438 3342 concubitum
1456 3295 1597 3356 appetisset,
1616 3297 1644 3341 ut
1666 3291 1747 3342 tabula

978 3380 1031 3429 tert.
1065 3381 1177 3442 Cumque
1207 3378 1372 3428 escendissent
1400 3378 1424 3427 in
1462 3392 1491 3429 eu
1518 3379 1584 3434 loco,
1607 3377 1649 3441 qui
1683 3391 1749 3426 nunc

979 3471 1150 3532 llcllespoutns
1165 3472 1276 3529 vocatur,
1294 3469 1404 3518 habitare
1422 3472 1548 3531 eoeperuut
1560 3468 1586 3516 iu
1607 3481 1637 3517 ea
1651 3467 1749 3531 regione

977 3574 1033 3625 cquae
1056 3564 1140 3622 postea
1150 3565 1238 3609 vocata
1251 3563 1290 3609 est
1304 3560 1417 3623 Phrygia.
1451 3559 1532 3608 lrlrnus
1548 3558 1623 3620 igilur
1642 3557 1748 3607 Dardani

978 3653 1043 3702 tilius
1055 3666 1111 3701 cum
1132 3653 1256 3701 exercitus
1269 3655 1339 3715 parte
1352 3652 1377 3700 in
1400 3650 1540 3712 montibus,
1552 3651 1595 3713 qui
1610 3665 1674 3700 nuuc
1692 3651 1748 3703 rdet

977 3746 1008 3796 ab
1020 3759 1049 3794 eo
1060 3743 1223 3804 nominantur,
1237 3743 1308 3793 sedes
1323 3743 1405 3806 posuit
1418 3761 1425 3789 :
1437 3742 1478 3791 nbi
1490 3743 1562 3792 Matri
1572 3743 1672 3792 deornm
1684 3748 1746 3793 tem-

976 3840 1045 3902 plum
1063 3837 1197 3898 exstruxit,
1211 3837 1283 3900 eique
1297 3851 1366 3886 sacra
1386 3842 1412 3887 et
1424 3836 1539 3899 mysteria
1553 3837 1675 3898 instituit,
1691 3852 1748 3900 quar

977 3931 1009 3980 ad
1024 3931 1073 3981 boc
1088 3943 1166 3996 usque
1181 3935 1279 3994 tempus
1291 3943 1335 3994 per
1350 3930 1489 3979 nniversam
1504 3929 1635 3992 Phrygiam
1648 3928 1747 3980 durant.

977 4025 1108 4074 Dardanus
1125 4037 1183 4072 vero
1196 4023 1220 4072 in
1235 4036 1264 4073 ea
1277 4036 1333 4086 quas
1347 4037 1412 4072 nunc
1425 4025 1501 4071 Troas
1513 4022 1651 4085 appellatur
1661 4021 1748 4072 urbem

976 4115 1144 4178 cognominem
1156 4114 1276 4173 condidit,
1295 4113 1359 4177 agris
1373 4113 1420 4176 ipsi
1432 4126 1446 4162 a
1459 4126 1515 4174 rege
1532 4116 1626 4163 Teucro
1640 4113 1717 4173 datis,
1734 4127 1748 4162 a

976 4221 1026 4270 quo
1037 4207 1174 4270 antiquitus
1194 4206 1260 4269 regio
1276 4205 1317 4255 illa
1331 4205 1433 4255 Teucris
1449 4208 1488 4255 est
1505 4206 1582 4255 dicta.
1618 4207 1690 4254 llunc
1703 4217 1748 4253 nu·

976 4301 1027 4347 tem
1041 4310 1098 4345 curn
1109 4294 1149 4344 alii
1162 4293 1246 4353 multi,
1261 4297 1316 4343 tum
1340 4291 1525 4354 Pbanodemus,
1536 4291 1672 4341 Atticarum
1684 4291 1747 4339 anti·

976 4389 1099 4453 quitatum
1125 4387 1238 4450 scriptor,
1255 4398 1286 4435 ex
1316 4385 1395 4436 Attica
1418 4385 1444 4432 in
1470 4384 1552 4434 Asiam
1579 4385 1707 4447 migrasse,
1723 4386 1748 4431 et

976 4480 1143 4544 Xypetaeeusis
1163 4479 1217 4542 pagi
1237 4477 1369 4540 principem
1386 4477 1462 4527 luisse
1480 4477 1595 4535 tradunt,
1614 4474 1746 4536 multisque
1845 4464 1849 4471 ⁴

976 4572 1126 4636 argumentis
1147 4570 1205 4619 buic
1231 4567 1338 4631 opinioni
1362 4566 1436 4616 tidem
1457 4567 1557 4615 iaciunt.
1591 4566 1653 4613 Cum
1674 4562 1748 4626 igitur

976 4678 1061 4728 agrum
1074 4662 1182 4724 amplum
1196 4663 1222 4710 ct
1234 4660 1334 4713 bonum.
1347 4657 1389 4720 qui
1404 4670 1508 4720 parrum
1523 4654 1687 4716 indigenarum
1699 4665 1747 4700 nu·

975 4768 1070 4806 inerum
1091 4752 1213 4813 babebat,
1226 4751 1320 4814 potitus
1333 4751 1413 4808 esset,
1426 4749 1495 4797 aiunt
1508 4759 1564 4795 eum
1580 4744 1692 4792 lubenter
1707 4742 1745 4793 ri·

977 4844 1041 4893 disse
1057 4841 1197 4891 Dardanum
1219 4842 1363 4900 ceterasque
1388 4837 1488 4887 Graecos
1504 4831 1615 4894 quicum
1629 4842 1659 4878 en
1670 4842 1745 4881 vene·

975 4939 1045 4998 rant,
1057 4933 1147 4998 purtim
1160 4935 1190 4982 ut
1203 4931 1228 4979 iu
1239 4929 1308 4980 bellis
1322 4932 1408 4978 contra
1417 4923 1532 4974 barbaros
1541 4919 1651 4981 gerendis
1662 4933 1747 4972 eonun

961 5047 964 5053 ·
976 5024 1091 5073 societate
1100 5022 1220 5078 uteretur,
1228 5017 1318 5081 partim
1325 5014 1398 5064 ettam
1405 5024 1435 5060 ne
1442 5022 1500 5072 ager
1508 5007 1620 5056 desertus
1627 5013 1746 5060 maneret.

1010 5112 1081 5161 Lxll.
1097 5109 1151 5157 lam
1170 5118 1231 5155 tero
1248 5102 1356 5168 postulat
1374 5096 1520 5148 namneus
1540 5092 1602 5143 ratio
1625 5101 1695 5148 utet
1716 5098 1747 5148 de

976 5203 1059 5253 AEuec
1066 5193 1201 5247 maioribus
1209 5183 1747 5256 agninuszetboequoqnepnncisdeclarabo.
