3772 5828
179 320 240 379 500

178 453 231 530 ψας
246 450 281 517 είς
295 447 343 520 τὴν
356 447 458 509 πόλινθ
473 445 589 514 Κάσσιος
599 443 729 525 θρίαμόον
744 443 870 524 κατάγειν
884 443 958 516 ἠξίου

178 535 312 616 δεύτερον,
329 538 366 601 ὡς
390 533 423 592 sd
448 534 563 611 μέγιστα
577 534 630 590 τῶν
645 535 724 591 ίθνῶν
745 530 957 612 κεχειρωμένος,

178 627 269 706 χάριτι
288 626 387 693 μᾶλλον
403 625 527 703 ἁρπάζων
547 622 578 681 τὸ
593 624 679 700 τίμιον
694 622 711 693 ἢ
726 626 764 703 τῷ
778 623 872 704 δικαίῳ
887 624 960 700 λαμ-

179 712 267 773 ὐάνων
277 758 285 786 ,
296 712 323 779 d<
336 711 396 771 οὐτε
408 712 497 778 πολεις
516 710 586 770 κατά
600 712 694 790 κράτος
710 710 777 770 ἐλὼν
789 713 819 769 ἐκ
833 732 960 791 τειχομα-

138 835 151 873 ς
179 803 241 884 χίας
254 802 308 863 οὐτ’
329 804 356 861 ἔν
370 800 491 881 ὑπαίθρῳ
504 800 580 879 μάχη
602 800 728 878 στρατιάν
751 799 887 878 πολεμίοιν
902 824 960 879 τρε-

179 893 294 973 ψάμενος
304 891 466 971 αἰχμάλωτα
486 890 531 948 καῖ
546 892 632 948 σκῦλα
648 879 685 956 οῖς
699 892 841 965 κοσμεῖται
863 890 960 970 θρίαμ·

179 980 243 1058 ὐος,
257 980 351 1058 ἔμελλε
376 976 511 1056 κατάγειν.
553 978 695 1057 Τοιγάρτοι
721 976 796 1044 δόξαν
819 978 960 1045 αὐθαδείας

179 1070 286 1129 καὶτοῦ
309 1067 391 1145 μηδὲν
423 1091 457 1125 εει
482 1069 534 1126 τῶν
546 1066 643 1143 ὁμοίων
669 1069 722 1132 τοῖς
748 1064 837 1133 ἀλλοις
858 1067 960 1148 φρονεῖν

179 1161 257 1216 τοῦτο
287 1155 316 1215 sd
343 1156 417 1235 ἔργον
443 1156 516 1235 αὐτῷ
539 1156 643 1233 πρῶτον
666 1152 772 1231 ήνεγκε.
803 1152 960 1233 Διαπραξοί·

130 1270 153 1309 ιο
180 1268 257 1322 μενος
270 1246 297 1305 δέ
313 1251 357 1306 τὀν
377 1242 505 1324 θρίαμύον
530 1245 602 1321 αὐτῷ
616 1243 722 1311 δοθῆναι
742 1246 789 1307 τὰς
812 1244 875 1321 πρὸς
887 1239 959 1321 ''Ep-

179 1356 253 1401 νικας
277 1334 414 1409 ἐξήνεγκεν
438 1329 592 1407 ὁμολογίας.
641 1322 726 1388 Λύται
747 1328 771 1387 δ’
795 1319 864 1400 ήσαν
887 1328 960 1387 ἀντί·

178 1447 275 1502 γραφοι
289 1426 341 1480 τῶν
356 1420 421 1497 πρὸς
437 1418 567 1485 Λατίνους
582 1418 740 1495 γινομένων.
758 1415 819 1498 Ἐφ’
834 1407 875 1483 αῖς
889 1418 958 1475 πάνυ

178 1512 291 1590 ήχθοντο
308 1511 331 1566 οἱ
354 1506 534 1585 πρεσύὐτατοί
552 1530 581 1564 τε
598 1506 644 1565 καί
658 1504 832 1583 τιμιώτατοι,
854 1504 900 1564 καὶ
914 1505 957 1563 διὰ

180 1597 293 1678 ὐποφίας
306 1596 384 1654 αὐτὸν
401 1594 549 1668 ίλάμόανον
574 1597 622 1653 οὐκ
636 1593 767 1663 ἀξιοῦντες
781 1599 828 1666 τῆς
842 1591 901 1665 ίσης
914 1616 957 1650 τι-

139 1718 152 1754 ς
180 1689 231 1762 μῆς
244 1693 297 1752 τοῖς
311 1683 448 1761 συγγενέσι
462 1683 583 1750 Λατίνοις
596 1681 656 1751 τούς
670 1684 816 1750 ἀλλοεθνεῖς
829 1680 958 1762 Ἕρνικας

179 1772 336 1854 τυγχάνειν,
351 1771 410 1831 οὐδὲ
425 1781 478 1839 τοῖς
492 1771 578 1830 πολλά
593 1771 695 1839 εὐνοίας
715 1771 778 1852 ἔργα
794 1770 959 1849 ίπιθιιξαμί-

179 1881 231 1926 νοις
243 1859 302 1930 τούς
325 1861 387 1937 μηδ’
402 1862 487 1919 ὐτιοῦν
508 1861 604 1937 ἀγαθὸν
627 1860 786 1940 δεδρακότας
802 1861 853 1917 τῶν
871 1861 958 1920 αὐτῶν

180 1949 370 2031 φιλανθρώπων
386 1949 521 2029 μετέχειν·
545 1953 579 2028 τῇ
599 1972 627 2008 τι
648 1949 776 2028 ὑπερορίᾳ
797 1952 843 2005 τοῦ
868 1948 958 2028 ἀνδρὸς

180 2039 342 2119 ἀχθόμενοι,
364 2036 392 2106 ὃς
406 2037 457 2096 ὐπὸ
478 2041 525 2108 τῆς
542 2039 639 2115 βουλῆς
654 2034 773 2111 τιμηθείς
788 2037 834 2094 οὐκ
854 2035 958 2093 ἀντετί-

125 2166 151 2206 ,υ
180 2150 264 2203 μησεν
278 2127 359 2198 αὐτήν
371 2127 425 2192 τοῖς
438 2127 521 2199 ἴσοις,
533 2124 592 2184 οὐδὲ
605 2125 674 2199 μετύι
686 2129 774 2195 κοινῆς
788 2121 893 2201 γνώμης
905 2127 958 2181 τῶν

180 2216 324 2295 συνέδρων,
350 2214 410 2271 ἀλλ’
436 2216 471 2273 ὡς
501 2214 575 2291 αὐτῷ
600 2212 683 2270 ίδόκει
707 2212 810 2291 γράψας
838 2209 958 2289 ἐξήνεγκε

180 2304 228 2370 τθις
244 2304 393 2381 ὁμολογίας.
442 2292 496 2361 Ἦν
518 2303 613 2383 τιάρα
634 2301 664 2360 τὸ
679 2304 705 2362 έν
719 2302 826 2367 πολλοῖς
841 2302 960 2380 εὐωχεῖν

181 2389 309 2472 σφαλερύν
325 2389 456 2471 ἀνθρώπῳ
475 2393 569 2470 χρῆμα
585 2390 631 2449 καῖ
645 2390 809 2470 ἀσύμφορον·
830 2389 959 2470 αὐχήμα-

180 2481 223 2548 τός
243 2501 272 2539 τι
291 2479 342 2560 γάρ
361 2478 473 2550 ἀνοήτου
499 2481 607 2545 πολλοῖς
631 2477 715 2538 αίτιον
740 2478 876 2557 γινόμενον
891 2480 959 2537 λαν-

140 2591 152 2626 's
180 2568 251 2629 θάνει
273 2568 319 2627 καῖ
342 2570 488 2644 ἐπιθυμιῶν
510 2568 581 2646 ἀρχὴ
600 2563 626 2625 ὐν
639 2565 816 2628 ίκόαινουσῶν
837 2568 886 2639 τὴν
906 2569 959 2626 ἀν-

180 2657 314 2739 θρωπίνην
325 2655 415 2734 φύσιν·
428 2655 442 2715 θ
457 2659 503 2714 καὶ
516 2658 555 2737 τῷ
570 2654 645 2735 ἀνδρί
655 2655 747 2737 ίκιίνῳ
759 2655 867 2729 συνέύη.
880 2655 960 2735 Τρισὶ

180 2745 230 2824 γάρ
252 2742 389 2811 ὑπατείαις
408 2744 454 2804 καί
478 2745 538 2804 δυσὶ
561 2743 699 2826 θριάμθοις
725 2745 802 2824 μόνος
825 2749 877 2804 τῶν
901 2744 960 2805 τότε

181 2834 324 2913 ἀνθρώπων
336 2834 387 2894 ὐπὸ
408 2839 454 2905 τῆς
469 2834 568 2901 πόλεως
588 2834 776 2909 τετιμημένος,
801 2833 957 2912 σεμνότερον

181 2922 273 2982 ἑαυτὸν
287 2914 335 3001 ήγε
351 2925 396 2982 καλ
409 2927 573 3002 μοναρχικῆς
590 2922 706 2990 ἔξουσίας
721 2923 855 2998 ἔλάμόανε
872 2924 960 2981 πόθον·

127 3034 153 3073 so
182 3011 369 3089 ἔνθυμούμενος
395 3012 438 3085 δέ,
463 3009 503 3069 ότι
531 3016 583 3077 τοῖς
607 3012 742 3090 βασιλείας
772 3013 789 3082 ἢ
811 3010 960 3089 τυραννίδος

181 3104 324 3180 ἐφιεμένοις
341 3099 423 3181 ῥᾴστη
447 3123 475 3157 τε
494 3099 537 3156 καλ
558 3099 745 3178 ἀσφαλεστάτη
771 3102 865 3156 πασῶν
889 3103 959 3158 ἔστιν

180 3193 264 3262 bibe-t,
279 3192 309 3250 τὸ
324 3193 420 3259 πλῆθος
437 3189 596 3267 εὐεργεσίαις
615 3187 683 3245 τισίν
699 3186 854 3266 ὑπαγομένη
869 3186 915 3244 καί
930 3190 960 3247 ἐκ
986 3202 989 3245 l

179 3285 231 3339 τῶν
246 3284 343 3361 χειρῶν
356 3283 400 3335 τοῦ
414 3277 528 3343 διδόντος
542 3275 576 3334 τά
588 3275 661 3335 κοινά
678 3280 807 3335 σιτεῖσθαι
825 3277 959 3351 ίθίζουσα,

180 3369 278 3439 ταύτην
304 3368 450 3445 ἐτράπετο·
476 3366 521 3423 καὶ
541 3364 637 3423 αὐτίκα
659 3366 742 3424 οὐδενί
757 3364 905 3444 προειπών·
927 3357 959 3437 ἦν

126 3493 153 3531 35
180 3459 231 3537 γάρ
247 3482 286 3524 τις
308 3457 384 3537 χώρα
410 3453 524 3528 δημοσία
541 3453 627 3524 πολλὴ
644 3454 855 3533 παρημελημένη
873 3459 960 3513 τεκαὶ

180 3546 231 3606 ὐπὸ
245 3550 296 3605 τῶν
312 3543 501 3623 εὐπορωτάτων
517 3542 702 3621 κατεχομένη,
718 3542 816 3615 ταύτην
840 3541 906 3621 ἔγνω
920 3549 958 3624 τῷ

180 3635 258 3715 δήμῳ
273 3635 414 3710 διανέμειν.
458 3630 511 3691 Καὶ
528 3634 550 3690 εί
565 3631 613 3708 μὲν
636 3631 699 3712 ἄχρι
722 3634 793 3690 τοῦδ’
809 3631 889 3691 ἐλθὼν
914 3637 959 3713 ήρ-

180 3723 277 3794 κέσθη,
294 3722 354 3802 τάχ’
378 3720 408 3779 ἂν
431 3723 502 3800 αὐτῷ
527 3719 597 3779 κατά
613 3728 670 3781 νοῦν
685 3722 714 3780 τὸ
734 3721 808 3801 ἔργον
824 3723 959 3801 ἐχώρησε,

180 3817 225 3869 νῦν
240 3812 267 3870 δέ
282 3810 408 3870 πλειόνων
422 3809 573 3887 ὀρεγόμενος
584 3808 675 3868 στάσιν
691 3810 720 3865 οὐ
733 3808 830 3887 μικράν
845 3809 959 3888 ἤγειρεν,

126 3935 152 3970 4„
182 3899 207 3967 ἔξ
227 3891 258 3970 ής
272 3902 318 3955 οὐκ
333 3896 439 3977 εὐτυχές
451 3899 480 3956 τὸ
493 3897 565 3963 τέλος
582 3899 654 3976 αὐτῷ
674 3897 785 3967 συνέόη.
832 3898 961 3966 Λατίνους

181 4009 209 4042 τε
224 3989 274 4063 γὰρ
289 3986 362 4056 ἠξίου
378 3991 410 4064 τῇ
425 3989 584 4066 καταγραφήΙ
599 3988 645 4055 τῆς
666 3984 755 4062 χώρας
771 3988 959 4062 συμπεριλαμ-

183 4070 283 4140 diseo,
302 4074 347 4129 καὶ
363 4074 421 4138 τούς
435 4073 527 4131 νεωστί
545 4071 758 4151 προσληφθέντας
783 4073 818 4136 είς
839 4069 886 4140 τήν
911 4095 958 4131 πο-

180 4160 278 4217 λιτείαν
292 4157 436 4238 Ἕρνικας,
453 4162 514 4239 [καί
530 4160 630 4238 οὕτως]
646 4161 728 4218 οἰκεῖα
747 4161 833 4239 ἑαυτῷ
850 4183 957 4240 παρασ·

181 4248 292 4308 κευάσαι
310 4249 344 4307 τά
360 4249 431 4321 ἔθνη.

127 4372 153 4408 ts
216 4338 304 4397 LXX.
320 4335 956 4423 Ταῒταδιανοηθιῖςτῇμετάτθνθρίαμύυνήμέρμ

181 4428 338 4484 συνεκάλεσε
358 4424 388 4481 τὸ
408 4429 504 4496 πλῆθος
525 4430 559 4492 εἰς
577 4428 732 4498 ἐκκλησίαν·
755 4428 799 4484 καί
820 4431 957 4507 παρελθὼν

180 4514 223 4574 ἰπὶ
238 4513 267 4571 τύ
284 4518 369 4592 βῆμα,
385 4517 420 4580 ώς
433 4515 487 4579 ἔθος
503 4517 558 4573 ἐστὶ
569 4522 651 4575 ποιεῖν
664 4525 717 4584 τοῖς
729 4518 957 4595 τεθριαμόευκόσι,

179 4607 281 4686 πρῶτον
299 4603 345 4675 μὲν
361 4602 479 4661 ἀπέδωκε
495 4604 538 4661 τὸν
552 4606 615 4684 ὑπὲρ
635 4609 686 4663 τῶν
702 4604 872 4683 πραχθέντων
885 4609 957 4686 αὐτῷ

179 4694 266 4775 λόγον,
283 4683 312 4750 οὐ
324 4692 454 4770 κεφάλαια
467 4683 499 4763 ήν
515 4698 606 4750 ταῦτα·
624 4724 635 4743 u
646 4694 708 4752 “tiu
725 4698 771 4762 τῆς
789 4693 836 4769 μέν
851 4692 958 4773 πρώτης

127 4815 152 4847 su
180 4783 304 4849 ὑπατείας
317 4783 403 4863 τυχὼν
418 4783 447 4839 τὸ
463 4780 584 4839 Σαύίνων
601 4782 669 4849 ἔθνος
686 4781 897 4857 ἀντιποιούμενον
910 4785 955 4850 τῆς

180 4872 317 4945 ἡγεμονίας
326 4873 401 4952 μάχη
416 4871 523 4942 νικήσας
535 4871 669 4948 ἠνάγκασε
686 4871 800 4943 ὑπήκοον
812 4869 957 4947 Ῥωμαίοις

180 4960 305 5029 γενέσθαι·
317 4960 481 5041 ἀποδειχθεὶς
494 4957 520 5017 δέ
532 4965 561 5017 το
571 4958 688 5036 δεύτερον
699 4958 806 5030 ὕπατος,
817 4959 864 5028 τήν
875 4958 956 5037 ἐμφό·

179 5045 233 5099 λιον
242 5045 340 5105 ἔπαυσε
348 5053 393 5119 τῆς
403 5052 504 5117 πόλεως
516 5048 606 5107 στάσιν
618 5047 662 5104 καί
671 5047 805 5123 κατήγαγε
817 5046 861 5104 τὸν
873 5050 955 5123 δῆμον

179 5134 212 5200 εἷς
224 5135 271 5206 τήν
289 5138 416 5215 πατρίδα·
433 5139 560 5204 Λατίνους
571 5137 598 5196 δὲ
612 5145 742 5211 συγγενεῖς
757 5137 805 5213 μὲν
822 5137 897 5205 ὄντας
909 5141 956 5210 τῆς

702 310 866 372 lilontstt
890 310 1269 374 flnbtctunnssbn'sis

1012 466 1128 503 reversus
1146 453 1301 516 triumuirum
1316 452 1423 503 alterum
1437 464 1509 514 agere
1526 450 1635 510 votenrt,
1653 450 1726 515 quod
1746 467 1806 503 me-

1013 546 1094 595 xirnes
1114 550 1201 608 gentes
1220 544 1374 609 subegisset,
1393 543 1472 608 gram
1486 542 1571 608 potius
1588 543 1658 594 bunc
1674 542 1807 595 bonorem

1014 650 1227 703 usurpens‚quem
1239 638 1292 689 iure
1302 636 1419 703 sepiens:
1432 635 1554 702 siquidem
1565 636 1678 689 neeullis
1689 639 1804 690 urbibus

1014 729 1175 794 expugnetis,
1191 744 1237 781 nec
1251 729 1308 781 ullis
1319 730 1430 781 bostium
1444 728 1522 795 oeulis
1538 729 1593 782 scie
1608 729 1801 797 luslseaptiros

1015 835 1044 871 ee
1057 821 1148 885 epotis,
1165 821 1256 887 quibus
1278 822 1417 887 triumphus
1438 821 1521 873 ornari
1548 822 1628 885 solet,
1656 822 1684 875 in
1705 838 1800 890 pompe

1015 917 1163 969 redacturus
1187 920 1250 970 erat.
1283 920 1370 983 ltaque
1389 917 1437 969 boc
1453 918 1562 984 primum
1577 919 1730 985 meantia
1743 924 1801 987 opi·

1016 1011 1114 1061 utonem
1136 1010 1159 1062 ei
1180 1009 1319 1063 eoncitievlt
1348 1011 1473 1074 el‚qunst
1492 1010 1665 1076 μιαίνεσθαι
1685 1013 1758 1065 circs
1773 1030 1800 1067 se

1015 1104 1156 1165 extolleret,
1185 1104 1302 1155 iuridtarn
1326 1104 1348 1155 ei
1374 1103 1497 1156 sonitarlt.
1551 1106 1689 1170 impetrato
1713 1112 1799 1159 autem

1014 1198 1156 1263 triumpho,
1172 1199 1241 1263 pacis
1253 1199 1365 1250 Hernicis
1375 1198 1442 1250 delae
1455 1198 1609 1251 conditiones
1622 1200 1739 1265 protulit.
1753 1205 1799 1254 tile

1015 1294 1099 1341 eutem
1113 1289 1266 1355 transcripte
1280 1294 1352 1342 erent
1369 1305 1401 1342 ex
1420 1291 1563 1342 Latinorum
1584 1290 1689 1344 tedere.
1723 1296 1798 1353 Quod

1015 1382 1098 1448 lnlquo
1111 1381 1193 1433 enimo
1203 1383 1313 1434 terebant
1325 1383 1426 1433 maximi
1436 1387 1496 1434 netu
1507 1386 1533 1434 et
1544 1382 1733 1438 honoratissimi
1742 1388 1798 1451 qui·

1015 1490 1066 1542 que
1081 1490 1189 1542 eumque
1203 1482 1345 1542 eustesium
1359 1477 1494 1534 hebebant.
1516 1475 1645 1540 indigenum
1668 1486 1798 1533 censentes

1016 1571 1110 1621 Latinis
1117 1571 1224 1636 cognatis
1235 1571 1287 1621 suis
1298 1570 1416 1621 Hernicos
1427 1569 1576 1633 alienigenas
1583 1568 1679 1624 honore
1688 1574 1781 1637 aequari
1787 1596 1795 1633 ;

1016 1668 1091 1727 atque
1105 1677 1162 1724 eos.
1181 1678 1287 1729 quorum
1300 1677 1330 1714 ne
1342 1663 1380 1714 rel
1396 1662 1497 1713 minima
1516 1662 1619 1727 quidem
1634 1665 1723 1717 merite
1737 1681 1793 1731 erga

1016 1757 1133 1823 imputem
1149 1760 1287 1809 Romanum
1307 1758 1449 1814 exstarent,
1464 1755 1558 1806 eisdem
1575 1758 1713 1809 commodis
1730 1759 1791 1823 tnui,

1015 1850 1107 1913 quibus
1127 1850 1238 1900 immines
1259 1847 1462 1913 spectentlssime
1485 1847 1690 1901 benevolentia:
1713 1866 1796 1917 super·

1016 1943 1081 1993 biam
1099 1943 1173 1994 etiam
1189 1942 1245 1994 eius
1258 1941 1361 1992 moleste
1383 1939 1495 1992 terebant
1509 1940 1592 2006 quod,
1614 1957 1675 1995 cum
1697 1950 1799 1996 senatus

1015 2034 1081 2084 liune
1098 2033 1215 2083 bonorem
1235 2033 1258 2082 ci
1273 2031 1415 2094 habuisset,
1428 2031 1538 2082 vicissim
1555 2032 1668 2097 patribus
1688 2036 1798 2087 eundem

1015 2125 1132 2175 honorem
1147 2138 1195 2174 nou
1211 2124 1356 2184 detulisset,
1374 2137 1420 2176 nec
1436 2122 1468 2175 de
1482 2125 1606 2175 communi
1617 2128 1719 2189 patrum
1734 2142 1797 2179 sen·

1015 2216 1103 2272 tentia,
1118 2216 1163 2267 sed
1175 2216 1295 2266 arbitratu
1308 2229 1354 2266 suo
1365 2216 1471 2280 scriptus
1488 2216 1554 2282 pacis
1563 2216 1715 2269 conditiones
1731 2233 1794 2283 pro·

1016 2309 1120 2359 tulisset.
1155 2310 1193 2359 lte
1203 2308 1279 2374 nimie
1293 2307 1397 2358 lelicitss
1410 2307 1506 2359 homini
1516 2320 1555 2361 res
1564 2311 1602 2360 est
1613 2308 1753 2373 penculosa
1765 2316 1792 2363 et

1015 2400 1200 2451 detrimentem.
1233 2403 1270 2450 Ex
1280 2399 1328 2450 hec
1339 2398 1404 2450 enim
1420 2399 1481 2451 dum
1495 2399 1579 2452 multis
1595 2399 1687 2452 insonte
1699 2416 1793 2467 super-

1017 2492 1063 2543 bie
1077 2495 1116 2544 est
1125 2505 1227 2550 mussa,
1239 2496 1264 2542 el
1279 2491 1430 2556 cupiditates
1443 2490 1579 2544 humanam
1590 2495 1706 2545 netumm
1718 2509 1795 2546 exce·

1016 2585 1177 2636 dentesctam
1193 2588 1342 2644 nuscuntur;
1363 2584 1431 2650 quod
1445 2590 1472 2637 et
1486 2585 1587 2637 illirico
1600 2586 1699 2639 oceidit.
1733 2592 1797 2640 liam

1017 2678 1097 2730 tribus
1114 2679 1281 2730 consulatibus
1300 2681 1325 2729 et
1343 2678 1440 2729 duobus
1453 2679 1588 2744 triumphis
1603 2680 1657 2745 lpse
1670 2680 1740 2732 seius
1750 2683 1795 2735 bo·

1016 2772 1112 2822 minum
1130 2770 1211 2821 elatis
1223 2783 1302 2820 suna
1316 2770 1406 2835 populo
1418 2772 1529 2822 Romano
1541 2772 1689 2837 honoratus,
1704 2774 1796 2827 elatius

1016 2878 1044 2915 se
1055 2864 1156 2928 gerebat
1171 2869 1197 2915 et
1214 2864 1367 2928 tyrannidem
1382 2864 1525 2915 etteetabat.
1559 2868 1677 2931 cogtuns
1692 2872 1791 2930 auum,

1016 2971 1120 3021 regnum
1131 2957 1171 3008 vet
1185 2957 1338 3021 tyrannidem
1351 2955 1527 3009 effodientibus
1543 2960 1615 3025 longe
1629 2961 1737 3013 onmium
1752 2963 1792 3013 ta·

1016 3049 1131 3099 cillimam
1146 3052 1173 3098 el
1187 3049 1337 3100 tutissimam
1351 3063 1406 3101 esse
1420 3050 1486 3101 viem
1495 3090 1502 3114 ‚
1512 3066 1564 3115 qua
1575 3053 1742 3106 multitudinis
1754 3057 1793 3107 ta·

1017 3155 1062 3191 ror
1074 3141 1197 3190 benefieiis
1217 3141 1369 3204 concilietur,
1390 3155 1468 3206 euque
1483 3156 1515 3193 ex
1534 3144 1648 3197 manibus
1668 3148 1736 3206 eius,
1750 3151 1796 3213 qui

1015 3235 1114 3300 publice
1128 3233 1237 3295 largitur,
1253 3247 1293 3284 res
1307 3235 1338 3283 art
1356 3234 1449 3285 uictum
1466 3240 1619 3289 necessarias
1633 3242 1746 3306 accipere
1758 3259 1796 3294 as·

1016 3328 1106 3385 suevit,
1120 3326 1150 3376 nd
1162 3326 1224 3375 lianc
1238 3339 1264 3375 se
1275 3328 1397 3377 comant
1415 3348 1421 3377 :
1438 3331 1530 3379 elmon
1543 3343 1569 3380 re
1582 3346 1639 3382 eum
1651 3335 1719 3384 nullo
1731 3351 1797 3387 coru·

1016 3422 1155 3480 tenuicula,
1171 3420 1298 3468 eratenim
1311 3419 1407 3484 ariuplus
1420 3421 1522 3484 quidam
1542 3436 1600 3486 eger
1618 3426 1734 3489 publicus
1751 3445 1795 3480 ne·

1016 3515 1112 3578 glectus
1130 3517 1156 3564 et
1178 3525 1192 3562 a
1215 3512 1343 3562 ditissimis
1365 3519 1514 3578 occupatus,
1536 3515 1603 3568 bunc
1623 3521 1713 3571 statuit
1732 3523 1797 3586 plebi

1015 3609 1134 3659 (lividere.
1167 3609 1212 3669 ill,
1227 3607 1248 3656 si
1265 3607 1314 3655 buc
1324 3619 1403 3669 usque
1417 3622 1573 3672 progressus,
1589 3611 1628 3661 his
1640 3612 1728 3665 luisset
1741 3632 1797 3667 oon

1017 3706 1113 3761 tentus,
1132 3701 1236 3751 tortasse
1250 3714 1291 3751 res
1307 3700 1341 3750 illl
1364 3702 1535 3765 ersenteutia
1554 3707 1726 3759 successisset.
1744 3712 1797 3763 tam

1016 3810 1076 3846 sero
1089 3810 1144 3845 cum
1162 3794 1231 3858 plura
1247 3795 1391 3855 att'ectaret,
1407 3794 1553 3847 seditionem
1567 3813 1614 3849 non
1628 3814 1733 3864 parram
1749 3820 1796 3856 eu-

1017 3887 1116 3943 citarlt.
1127 3899 1158 3935 ex
1173 3898 1221 3947 qua
1234 3885 1320 3935 intelix
1333 3885 1414 3936 exitus
1429 3886 1453 3938 el
1469 3888 1579 3953 contigit.
1613 3892 1717 3946 i’olebat
1729 3899 1796 3949 enim

1016 3982 1040 4029 ei
1053 3977 1152 4028 Latinos
1166 3976 1190 4024 in
1204 3976 1255 4038 egri
1270 3976 1390 4042 designati
1410 3981 1505 4044 partem
1524 3982 1648 4047 recipere,
1662 3989 1687 4036 et
1703 3988 1794 4039 tierni-

1015 4083 1058 4119 cos
1069 4081 1152 4118 recens
1165 4067 1266 4117 ciuitate
1281 4067 1385 4120 ‹tonstos
1398 4109 1405 4132 ,
1419 4074 1447 4121 ut
1457 4071 1545 4122 harum
1559 4073 1668 4138 gentium
1684 4077 1793 4130 tererem

1014 4160 1060 4211 sibi
1072 4160 1118 4209 boc
1128 4165 1202 4223 {lacto
1218 4159 1365 4211 conciliaret.

1044 4356 1114 4403 Lxx.
1134 4356 1193 4403 llec
1210 4355 1234 4404 iu
1247 4353 1328 4402 animo
1347 4351 1455 4405 liabens,
1471 4350 1586 4414 postridie
1604 4351 1655 4400 eius
1674 4350 1790 4414 dieique

1014 4434 1172 4499 triumphavit
1183 4474 1189 4494 ‚
1201 4433 1296 4499 piebem
1316 4431 1346 4480 ud
1361 4432 1503 4480 concionem
1525 4430 1680 4487 convocaril3
1694 4435 1717 4479 et
1729 4445 1791 4483 eum

1013 4517 1038 4566 in
1049 4519 1190 4577 stiriensium
1208 4512 1381 4578 processisset.
1400 4514 1428 4558 ut
1451 4526 1504 4558 riuos
1527 4516 1564 4560 est
1584 4511 1625 4567 its,
1639 4511 1681 4572 qui
1695 4512 1789 4563 trilun-

1014 4595 1132 4656 plrarunt,
1152 4597 1259 4658 priruum
1276 4594 1394 4642 rationem
1409 4604 1515 4639 rerniua
1529 4606 1555 4639 se
1573 4594 1693 4656 gesturum
1709 4594 1793 4646 reddi·

1013 4674 1063 4727 dil;
1086 4676 1154 4723 euius
1176 4675 1229 4724 bue
1247 4678 1316 4725 erant
1335 4673 1434 4736 capilo:
1461 4692 1471 4712 u
1488 4672 1572 4720 Prinne
1596 4686 1641 4722 suo
1661 4673 1793 4725 consulatu

1012 4753 1114 4803 salines
1129 4754 1160 4802 de
1179 4756 1316 4818 principatu
1330 4755 1506 4805 contendentes
1521 4755 1607 4817 pimlio
1623 4768 1637 4802 a
1654 4769 1680 4803 se
1695 4755 1791 4816 victos,

1013 4832 1143 4895 luipulique
1158 4837 1260 4884 Romani
1274 4836 1375 4898 imperio
1389 4850 1474 4899 parere
1495 4836 1594 4882 coactos
1609 4834 1713 4893 :allero¹
1729 4837 1791 4885 ciri-

1012 4910 1059 4961 lem
1074 4912 1220 4963 seditionem
1237 4915 1361 4974 sedatam,
1374 4916 1518 4980 plebemque
1531 4917 1554 4965 in
1569 4917 1674 4981 patriam
1687 4928 1736 4965 ase
1751 4930 1790 4965 re·

1012 4988 1129 5047 ductam·¹
1146 4997 1170 5041 ct
1186 4993 1285 5042 Latinos
1298 4994 1380 5057 repuli
1399 4996 1500 5044 Romani
1517 4999 1648 5058 cognatos.
1668 4994 1710 5045 sed
1723 5007 1792 5045 sem-

1013 5082 1057 5129 per
1071 5070 1124 5119 eius
1139 5071 1233 5134 inlperli
1249 5073 1274 5120 et
1287 5071 1371 5127 etruriae
1391 5073 1509 5127 minutos,
1529 5088 1602 5136 mque
1616 5072 1724 5123 civitatis
1735 5072 1792 5123 iure

1012 5147 1062 5198 illis
1084 5148 1255 5213 irriperlillo.a
1273 5164 1299 5199 se
1314 5150 1400 5213 putrioe
1419 5152 1575 5213 conciliatos,
1597 5154 1672 5202 itaut
1688 5154 1792 5203 Romam
