3772 5828
545 414 548 418 ’
617 384 909 458 ΛΝΤΙΟΗΙΤΑῚῊΜ
930 390 1080 451 ROMAN.
1106 393 1178 452 biti.
1201 395 1224 452 1.
1672 402 1711 462 t'i

122 537 164 582 τες
176 513 292 594 ήγεμόνα
303 516 354 572 τῶν
367 514 517 589 αὐτομόλων
536 513 593 572 τινὰ
607 518 652 585 τῆς
669 516 783 575 Λατίνου
800 539 893 594 γυναι-

122 602 169 672 κδς
189 601 304 678 Ἀμάτης
334 600 457 682 ἀνεψιὸν,
485 601 568 677 δνομα
596 604 744 682 Τυρρηνόν.
808 602 843 663 '0
869 604 892 662 δ’

123 691 188 767 άνήρ
208 682 280 758 οὗτος
296 689 340 748 ieri
353 693 391 768 τῷ
412 688 491 769 γάμῳ
511 694 557 761 τῆς
575 690 679 758 Λαύνας
699 691 743 750 τὀν
764 694 892 764 κηδεστήν

122 780 302 858 μεμφόμενος,
320 777 360 837 δτι
373 776 509 858 παρελθὼν
527 778 558 837 τὸ
572 780 694 858 συγγενὲς
713 781 819 846 ὀθνείοις
833 780 894 852 ίκή·

80 889 95 928 ε
122 868 270 938 θευσε,τῆς
282 868 306 923 τ’
318 864 434 942 Ἀμάτης
447 864 641 945 παροξυνούσης
660 868 705 925 καί
720 867 807 929 σίλλων
817 872 893 927 τινῶν

122 953 380 1029 συλλαμύανόντων,
399 952 469 1029 ἄγων
494 951 539 1022 τήν
559 953 669 1029 δύναμιν
690 946 720 1026 ἧς
735 955 812 1020 αὐτὸς
828 946 894 1032 ήρχε

121 1041 289 1121 προστίθεται
298 1042 351 1108 τοῖς
364 1040 506 1109 Ῥοτόλοις.
532 1042 654 1119 Πολέμου
666 1042 690 1100 δ’
704 1045 733 1100 έκ
743 1047 793 1101 τῶν
804 1044 895 1118 ἐγκλη·

125 1131 216 1205 μάτων
226 1129 323 1188 τούτων
334 1130 474 1205 γενομένου
479 1130 524 1188 καί
533 1128 621 1208 μάχης
631 1131 893 1211 ίσχυρᾶς,Λατῑνόςτ’

127 1216 285 1285 ἀποθνήσκει
295 1214 341 1275 καί
352 1218 487 1297 Τυρρηνὸς
501 1216 545 1275 καὶ
557 1221 608 1274 τῶν
620 1219 706 1276 άλλων
717 1218 821 1296 συχνοί·
834 1240 896 1295 κρα·

71 1332 97 1370 ιο
122 1309 197 1364 τοῢσι
213 1303 237 1362 δ’
247 1303 318 1382 ὅμως
330 1306 354 1362 οἱ
365 1303 410 1362 σὺν
424 1304 526 1382 Αίνείῳ.
570 1303 622 1364 Ἐκ
633 1303 659 1363 δέ
674 1305 766 1364 τούτου
780 1304 827 1376 τήν
844 1305 895 1363 ὑπὸ

122 1396 161 1471 τῷ
174 1393 289 1470 κηδεστῇ
303 1390 444 1469 γενομένην
456 1391 541 1470 ἀρχὴν
561 1391 665 1457 Αἰνείας
678 1390 893 1473 παραλαμόάνει.

123 1481 195 1560 Τρία
209 1481 238 1538 δέ
263 1480 419 1559 βασιλεύσας
437 1479 483 1551 έτη
498 1481 565 1558 μετὰ
578 1479 627 1552 τήν
641 1480 755 1541 Λατίνου
772 1481 894 1551 τελευτήν

123 1571 162 1648 τῷ
175 1567 292 1647 τετάρτῳ
306 1566 412 1636 θνήσκει
423 1564 491 1625 κατδ
501 1567 626 1643 πόλεμον.
669 1565 789 1626 Ῥότολοί
803 1591 830 1626 τε
844 1568 894 1647 γάρ

125 1657 156 1715 έκ
172 1658 223 1713 τῶν
234 1652 335 1712 πολεων
355 1654 537 1732 στρατεύουσιν
551 1653 663 1720 ἅπαντες
683 1656 725 1713 ἔπ’
741 1654 835 1730 αύτδν,
851 1657 895 1714 καὶ

70 1776 95 1814 15
124 1744 170 1803 σύν
196 1743 283 1807 αὐτοῖς
313 1741 434 1820 βασιλεὺς
459 1744 601 1822 Τυρρηνῶν
626 1743 782 1820 Μεσέντιος,
809 1745 895 1809 δείσας

122 1830 185 1909 περί
198 1833 244 1901 τῆς
264 1832 342 1887 αὐτοῦ
359 1829 457 1908 χώρας.
498 1826 570 1899 Ἤδη
583 1829 634 1911 γάρ
646 1830 690 1890 ist
710 1830 777 1907 μέγα
790 1835 894 1910 χωροῦ-

123 1921 256 1997 συνδρῶν
274 1915 497 1988 τήνἙλληνικὴν
518 1915 628 1995 δύναμιν
647 1918 755 1998 ἤχθετο.
798 1919 895 1996 Μάχης

124 2005 153 2064 δέ
166 2003 304 2084 γενομένης
317 2014 448 2086 καρτερᾶς
461 2008 491 2064 οὗ
502 2005 593 2084 πρίσω
611 2011 658 2065 τοῦ
671 2005 825 2076 Λαουῖνίου,
848 2006 894 2065 καὶ

123 2093 227 2152 πολλῶν
243 2093 400 2172 ἑκατέρωθεν
412 2093 595 2168 ἀπολομένων,
606 2093 639 2152 τὰ
650 2093 696 2168 μίν
710 2093 894 2174 στρατεύματα

67 2209 96 2249 20
122 2181 214 2248 νυκτὸς
227 2179 382 2253 ἐπελθούσης
396 2181 515 2254 διελύθη,
527 2179 555 2239 τδ
567 2183 590 2239 δ’
608 2181 710 2241 Αἰνείου
723 2187 800 2258 σῶμα
816 2203 893 2262 φανε-

124 2269 167 2348 ρὸν
190 2271 293 2349 οὐδαμῇ
313 2268 450 2344 γενόμενον
477 2270 501 2326 οἱ
524 2268 571 2345 μέν
593 2272 629 2334 είς
646 2269 718 2336 θεούς
733 2272 894 2345 μεταστῆναι

76 2364 80 2368 ’
123 2358 240 2429 εἴκαζον,
253 2359 277 2415 oi
290 2357 312 2414 δ’
323 2359 350 2415 ἐν
360 2360 398 2435 τῷ
410 2358 539 2430 ποταμῶ,
550 2360 612 2434 παρ’
623 2355 651 2414 ts
664 2361 680 2426 ή
696 2356 771 2435 μάχη
785 2357 894 2435 ἐγένετο,

123 2446 310 2522 διαφθαρῆναι.
356 2443 409 2502 Καί
422 2445 495 2522 αύτῷ
509 2445 748 2512 κατασκευάζουσιν
765 2447 788 2501 οἱ
809 2445 894 2503 Λατῖ-

123 2553 165 2588 νοι
183 2535 267 2608 ήρῶον
291 2531 422 2611 ίπιγραφῆ
445 2531 533 2609 τοιᾷδε
556 2529 752 2607 κοσμούμενον·
767 2533 895 2608 πατρδς

65 2637 95 2675 as
125 2615 895 2699 [θεοῶ]χθονίου,δςποταμοῦΝομικίουρεῦμα

126 2700 251 2762 διέπει.
293 2702 353 2760 Εἰσί
367 2703 389 2760 δ’
400 2701 425 2762 οἲ
434 2706 554 2780 λέγουσιν
565 2705 606 2761 ἐπ’
617 2704 725 2785 ’Λγχίσῃ
735 2728 895 2766 κατασκιυα·

124 2791 220 2858 σθῆναι
238 2788 300 2848 αὐτὸ
312 2788 355 2849 ὕπ’
369 2790 486 2869 Αίνείου,
499 2793 606 2869 ἐνιαυτῷ
615 2791 738 2872 πρότερον
753 2798 798 2853 τοῦ
811 2795 894 2854 πολί-

123 2898 176 2953 μου
196 2876 286 2936 τούτου
298 2878 496 2952 τελευτήσαντι·
508 2878 563 2938 έστι
576 2881 603 2937 δέ
619 2882 754 2958 χωμάτιον
766 2884 796 2940 ού
812 2883 891 2960 μέγα,

121 2963 169 3023 καὶ
182 2953 242 3042 περί
258 2965 321 3023 αὐτὸ
333 2966 425 3046 δένδρα
440 2968 577 3046 στοιχηδὸν
587 2967 735 3049 πεφυκότα,
747 2971 805 3037 θέας
821 2970 891 3038 άξια.

62 3087 91 3126 e)
164 3053 249 3112 LXV.
281 3053 383 3112 Λίνείου
412 3056 436 3112 δ’
470 3053 497 3122 έξ
534 3057 676 3134 ἀνθρώπων
717 3058 892 3132 μεταστάντος

121 3138 229 3220 έόδίμῳ
253 3141 359 3218 μάλιστ’
374 3141 426 3200 ίτει
441 3140 508 3218 μετὰ
525 3142 572 3214 τήν
587 3143 667 3203 Ἰλίου
680 3144 794 3218 ἅλωσιν,
807 3147 892 3226 Eripu-

120 3227 188 3286 λέων
200 3229 333 3308 παρέλαόε
343 3231 390 3302 τήν
404 3229 525 3289 Λατίνων
543 3232 702 3307 ἡγεμονίαν,
715 3236 729 3291 θ
743 3256 893 3309 μετονομα-

121 3315 190 3382 σθεὶς
206 3315 427 3395 ’Λσκάνιοςίντῇ
448 3323 529 3398 φυγῇ.
572 3310 661 3379 Ἦσαν
679 3320 708 3380 δί
727 3320 856 3401 τειχήρεις
870 3325 893 3379 oi

122 3405 215 3483 Τρῶες
235 3405 261 3463 έν
277 3408 315 3486 τῷ
336 3406 423 3486 χρόνῳ
436 3406 535 3485 τούτῳ,
554 3407 600 3466 καί
621 3416 674 3475 τοῖς
695 3404 742 3482 μέν
758 3409 893 3484 πολεμίοις

63 3510 92 3549 aa
122 3490 164 3550 άεί
183 3491 294 3573 προσήει
314 3494 439 3570 δύναμις,
462 3496 489 3552 αἱ
506 3493 534 3553 δέ
558 3500 610 3553 τῶν
630 3496 751 3555 Λατίνων
774 3497 894 3556 ἀδύνατοι

120 3571 190 3652 ήσαν
212 3591 266 3648 τοῖς
285 3583 312 3640 έν
328 3585 366 3660 τῷ
389 3581 522 3661 Λαουϊνίῳ
541 3583 770 3662 πολιορκουμένοις
789 3585 894 3643 έπικου-

122 3675 189 3746 ρεῖν.
232 3669 272 3729 Τὸ
288 3668 336 3745 μέν
350 3666 383 3740 δή
400 3673 504 3748 πρῶτον
520 3672 555 3735 είς
574 3669 662 3749 φιλίαν
678 3692 706 3728 τι
724 3670 893 3751 καὶμετρίας

121 3755 254 3825 συνθήκας
274 3757 469 3837 προύκαλοῦντο
489 3755 549 3822 τοὺς
567 3756 707 3831 πολεμίους
729 3762 753 3817 οἱ
772 3759 831 3837 περί
850 3758 894 3816 τὸν

122 3842 276 3902 Ἀσκάνιον·
291 3848 326 3912 ῶς
341 3845 363 3901 δ’
377 3842 450 3902 ούδέν
470 3852 611 3924 προσεῖχον
627 3846 730 3915 αὐτοῖς,
747 3847 892 3924 έπιτρέπειν

62 3958 92 3999 ςο
120 3930 230 3998 έκεένοις
237 3933 413 4010 ἠναγκάζοντο
422 3930 620 3992 καταλύσασθαι
629 3931 673 3990 τὸν
683 3934 797 4010 πόλεμον
807 3934 847 4014 ίφ’
857 3925 893 3999 οἷς

120 4017 153 4076 ἂν
166 4019 242 4078 αὐτοί
257 4023 387 4079 δικαιῶσι.
428 4021 484 4080 Τοῦ
496 4020 523 4078 δὲ
544 4020 671 4099 βασιλέως
682 4024 734 4079 τῶν
751 4024 777 4082 Τ
777 4027 893 4103 υρρηνῶν

118 4106 155 4166 τά
174 4105 197 4164 τ’
214 4107 273 4166 ἄλλ’
290 4110 326 4173 ὡς
347 4108 547 4185 δεδουλωμένοις
564 4109 673 4188 άφόρητ’
696 4109 891 4184 ἐπιτάττοντος,

118 4195 168 4255 καί
187 4195 231 4252 τὸν
250 4186 337 4268 οἶνον,
350 4195 409 4255 ὅσον
424 4197 456 4254 διν
473 4200 489 4267 ή
506 4196 626 4257 Λατίνων
640 4200 674 4274 γῆ
689 4197 772 4279 φέρῃ,
783 4202 891 4279 Τυρρη-

118 4292 174 4349 νοῖς
192 4282 304 4360 ἀπάγειν
319 4283 369 4341 aiud
381 4294 433 4342 niis
451 4283 524 4362 ἔτος,
537 4287 585 4343 ούκ
597 4285 740 4365 άνασχετδν
755 4287 892 4364 ἡγησάμε-

62 4403 88 4439 is
117 4395 162 4431 νοι
177 4371 209 4432 τδ
230 4379 357 4451 πρᾶγμα,
376 4376 423 4444 τῆς
444 4370 493 4447 μίν
514 4373 633 4450 ἀμπέλου
647 4373 692 4432 τὸν
709 4373 810 4451 καρπὸν
825 4375 893 4452 ἱερὸν

117 4458 286 4540 ίψηφίσαντο
313 4464 358 4519 τοῦ
379 4463 440 4528 Διὸς
470 4452 552 4536 εἶναι,
578 4459 686 4540 γνώμην
709 4459 893 4541 ἀγορεύσαντος

118 4547 276 4609 Ἀσκανίου·
287 4547 361 4607 αὐτοί
375 4551 398 4606 δ’
414 4549 536 4621 ἀλλήλοις
554 4550 813 4629 παρακελευσάμενοι
827 4574 892 4631 προ·

117 4637 215 4714 θύμοες
238 4638 394 4713 ἀγωνισταῖς
414 4637 543 4715 γίνεσθαι,
565 4640 609 4696 καί
628 4639 699 4705 θεοὺς
722 4638 893 4716 αἰτησάμενοι

119 4722 304 4785 «ottadinis
319 4730 365 4784 τοῦ
384 4726 604 4803 κινδυνεύματος,
619 4727 723 4798 ἐξῆλθον
736 4732 765 4785 ἐκ
785 4731 831 4797 τῆς
842 4729 892 4786 πό-

64 4845 90 4884 ω
115 4816 189 4879 λεως
202 4811 360 4892 φυλάξαντες
374 4812 443 4874 νύκτ’
455 4813 593 4886 άσέληνον.
637 4814 720 4881 Eiet<
733 4813 760 4873 δέ
773 4814 891 4894 προσία-

115 4901 212 4966 λύντες
226 4904 265 4980 τῷ
282 4900 382 4981 χάρακι
401 4904 453 4960 τῶν
475 4902 623 4978 πολεμίων,
646 4901 673 4969 δς
694 4902 829 4982 ἐγγυτάτω
849 4907 894 4973 τῆς

115 4991 225 5057 πόλεως
239 4989 323 5048 έκειτο
344 4991 390 5048 καί
412 4982 444 5062 ῆν
460 4992 637 5071 προτείχισμα
655 4996 701 5064 τῆς
715 4992 796 5063 άλλης
819 4992 893 5051 δυνά·

115 5101 207 5152 μεως,
224 5078 250 5136 έν
265 5080 370 5159 ἐρυμνῷ
382 5103 413 5139 τι
430 5082 669 5154 κατεσκευασμένος
678 5081 768 5162 χωρίω
787 5080 832 5140 καὶ
844 5080 892 5154 τὴν

114 5165 265 5246 κρατίστην
285 5166 395 5238 νεότητα
411 5169 462 5226 τῶν
484 5171 626 5246 Τυρρηνῶν
645 5168 732 5248 έχων,
771 5193 783 5235 ς
805 5172 893 5247 ἠγεῖτο

949 521 1096 586 transfugae,
1118 522 1231 586 quierat
1255 522 1415 572 consobrinus
1437 525 1525 575 Amilo
1545 527 1624 577 Latini
1637 529 1722 592 aroris

949 623 974 670 ct
987 624 1084 671 Turnus
1103 623 1245 674 nocebatur.
1278 623 1324 672 iiic
1346 637 1406 673 vero
1427 628 1527 688 propter
1541 629 1657 679 Lavinia
1672 645 1720 681 nu·

948 718 1013 781 pilas
1027 720 1165 781 Latinam,
1186 733 1264 795 quent
1282 721 1404 782 eripiebat
1427 722 1475 771 sibi
1496 737 1625 785 socerum,
1648 727 1720 777 ineu·

948 831 1018 879 sans,
1034 819 1099 880 quod
1111 821 1243 883 praeteritis
1257 821 1366 884 cognatis
1377 834 1493 884 generum
1511 823 1663 887 peregrinum
1676 826 1722 876 sibi

948 915 1109 973 adscivisset,
1126 917 1207 967 amita
1220 931 1320 982 qnoque
1331 919 1476 982 instigante,
1488 923 1515 970 et
1532 920 1656 970 nonnullis
1669 923 1724 972 aliis

948 1015 969 1062 ei
987 1014 1143 1076 terentibus,
1157 1028 1214 1063 cum
1223 1014 1328 1064 militum
1338 1016 1430 1079 copiis,
1444 1015 1534 1079 quibus
1544 1017 1597 1082 ipse
1608 1024 1721 1082 praeerat,

949 1124 976 1160 se
990 1110 1088 1161 Rutulis
1100 1111 1220 1161 adiunxit.
1254 1111 1299 1160 liis
1314 1112 1387 1172 igilur
1399 1111 1431 1162 de
1444 1112 1539 1162 caussis
1551 1113 1615 1164 beiio
1625 1119 1722 1168 exorto.

949 1209 974 1255 et
988 1205 1039 1255 acri
1049 1205 1137 1269 prmlio
1149 1208 1295 1268 summisso,
1309 1209 1427 1267 latium,
1439 1212 1550 1269 Turnus,
1563 1216 1588 1262 et
1600 1212 1641 1262 aiii
1652 1213 1723 1262 inulti

949 1301 1090 1351 oeciderunt
1107 1304 1300 1352 :AEneastnmen
1311 1304 1415 1366 eiusque
1429 1305 1488 1356 soeil
1500 1307 1625 1359 victoriam
1639 1310 1721 1373 adepti

951 1402 1015 1448 sunt.
1050 1400 1106 1455 Quo
1117 1399 1180 1447 iacto
1199 1401 1288 1448 AEneas
1307 1402 1385 1451 soceri
1405 1406 1506 1465 regnntn
1525 1405 1627 1468 aceepit.
1660 1409 1722 1456 Cum

950 1498 1032 1544 autern
1047 1498 1104 1557 post
1116 1494 1196 1544 latini
1211 1494 1307 1545 obitum
1320 1500 1372 1546 tres
1391 1511 1467 1546 annos
1483 1503 1622 1562 regnasset,
1635 1508 1723 1564 quarto

949 1589 1038 1642 cecidit
1048 1591 1073 1639 in
1084 1590 1149 1641 bello
1164 1610 1170 1638 ι
1186 1605 1242 1640 nam
1258 1597 1284 1643 et
1297 1593 1406 1644 universi
1423 1594 1506 1645 Rutuli
1518 1609 1546 1644 er
1558 1595 1660 1646 urbibus
1672 1601 1722 1650 sois

949 1688 974 1737 in
985 1701 1062 1737 unum
1072 1689 1209 1752 congregati
1221 1690 1401 1753 expeditionem
1413 1694 1499 1740 contra
1511 1692 1591 1755 ipsum
1604 1694 1722 1755 iecerunt,

949 1789 975 1833 et
991 1797 1048 1833 eum
1063 1784 1125 1847 ipsis
1142 1786 1275 1837 Mezentius
1289 1799 1332 1835 rex
1350 1787 1545 1848 Tyrrhenorum,
1562 1803 1614 1839 soce
1632 1792 1724 1855 regioni

949 1881 1048 1930 timens.
1081 1883 1143 1930 liam
1158 1894 1222 1942 ogre
1239 1881 1332 1930 terebat
1350 1885 1491 1932 Graecorum
1510 1887 1644 1947 potentiam
1667 1902 1722 1938 cre-

949 1990 1016 2026 scere
1028 1980 1053 2026 et
1068 1976 1161 2040 augeri.
1195 1979 1256 2026 cum
1268 1979 1343 2040 igitur
1355 1991 1411 2028 acre
1419 1980 1532 2042 prmiiurn
1543 1995 1591 2030 non
1609 1983 1694 2045 procul
1707 1999 1722 2033 a

951 2073 1050 2123 lavinio
1061 2073 1220 2123 commissum
1233 2073 1331 2132 luisset,
1342 2074 1426 2124 multis
1439 2076 1563 2139 utrimque
1577 2078 1657 2142 cessis,
1678 2092 1723 2128 no·

949 2170 996 2219 ctis
1005 2169 1145 2219 interventu
1154 2169 1277 2219 exercitus
1288 2169 1402 2235 dirempti
1413 2174 1472 2222 sont
1482 2189 1488 2219 ε
1499 2174 1526 2221 at
1538 2175 1619 2223 AEneae
1634 2186 1723 2238 eorpus

949 2282 1006 2317 cum
1024 2281 1144 2331 nusquam
1159 2269 1327 2331 apparuisset,
1344 2269 1386 2319 alii
1399 2282 1456 2319 eum
1470 2270 1501 2319 ad
1519 2269 1578 2321 deos
1591 2272 1720 2336 migrasse,

949 2359 990 2409 alii
1003 2359 1027 2408 in
1042 2358 1140 2408 dumine
1162 2359 1228 2410 iuxta
1243 2359 1308 2420 qood
1323 2372 1404 2422 pugna
1423 2360 1503 2410 iuerat
1517 2362 1661 2424 commissa,
1677 2377 1720 2427 pe·

949 2449 1021 2500 rilsse
1042 2449 1221 2500 coniectabant.
1255 2452 1333 2512 Atque
1359 2448 1437 2499 Lalini
1463 2450 1581 2501 sacellum
1603 2451 1648 2515 ipsi
1677 2453 1723 2505 bae

949 2541 1105 2605 inscriptione
1120 2544 1234 2591 ornatum
1246 2541 1376 2599 dicarunt,
1392 2556 1462 2590 νιτιιι
1479 2557 1526 2591 nro
1546 2557 1666 2603 ιιιοιοετι,
1682 2560 1722 2603 prr

949 2645 1042 2682 nuarcn
1056 2646 1126 2681 naurs
1145 2646 1223 2681 uanas
1237 2624 1373 2682 renerum.
1410 2636 1471 2682 Sunt
1486 2639 1566 2682 tumen
1580 2635 1621 2696 qui
1636 2636 1721 2685 dicunt

948 2724 1070 2784 Anchise,
1080 2724 1122 2786 qni
1135 2737 1184 2773 uno
1198 2728 1254 2772 ante
1265 2723 1411 2773 bochellum
1424 2738 1487 2773 arros
1502 2728 1604 2775 mortem
1619 2724 1720 2789 obierat,

949 2816 974 2865 id
991 2816 1106 2866 sacellum
1119 2815 1151 2866 ab
1168 2819 1244 2865 AEnea
1254 2820 1418 2867 exstructum.
1452 2819 1495 2866 Est
1510 2820 1592 2865 nutem
1612 2818 1722 2867 tumulus

948 2925 996 2960 non
1011 2925 1129 2975 magnus,
1144 2914 1170 2961 et
1181 2910 1274 2960 circum
1286 2924 1343 2960 eum
1363 2910 1462 2960 arbores
1481 2911 1506 2960 in
1527 2910 1637 2959 ordinem
1655 2910 1722 2975 dige-

949 3006 1010 3062 stae,
1024 3005 1138 3066 spectatu
1152 3000 1239 3065 dignae.

981 3097 1052 3163 LXV.
1077 3097 1153 3144 AEnea
1177 3096 1260 3143 autem
1283 3093 1329 3142 bac
1350 3094 1401 3142 sita
1424 3107 1487 3142 antro
1516 3094 1590 3143 terme
1617 3095 1721 3158 septimo

948 3188 1005 3249 post
1021 3186 1091 3236 ilium
1111 3189 1211 3248 capium
1228 3184 1360 3245 defuncto,
1377 3185 1498 3248 Euryleon
1511 3223 1517 3245 ,
1532 3187 1573 3248 qui
1594 3186 1618 3234 in
1634 3186 1736 3235 exsilio·

948 3276 1066 3325 Ascanius
1086 3279 1182 3325 mutulo
1202 3274 1299 3325 nornine
1313 3275 1393 3324 luerat
1415 3276 1565 3339 appellatus,
1580 3276 1721 3325 Latinorum

948 3382 1022 3433 regno
1047 3373 1087 3420 est
1111 3370 1211 3433 potitus.
1244 3372 1312 3418 Tunc
1339 3371 1421 3418 autern
1444 3369 1541 3418 Troiani
1573 3369 1720 3418 obsideban-

948 3465 998 3521 tur,
1020 3464 1046 3510 et
1066 3461 1173 3510 hostium
1196 3460 1272 3524 copim
1295 3473 1391 3524 semper
1413 3460 1557 3510 crescebant
1579 3474 1657 3509 :cum
1675 3462 1719 3509 uas

948 3553 1056 3602 tineam
1073 3553 1149 3614 sopra
1174 3551 1285 3614 illisqui
1312 3550 1405 3600 Lauinii
1427 3550 1603 3600 obsidebantur
1626 3552 1720 3601 nulium

947 3645 1066 3695 auxilium
1092 3645 1155 3694 serre
1173 3645 1281 3707 possent.
1315 3643 1425 3692 Primum
1450 3643 1525 3704 igitur
1548 3646 1666 3694 Ascanius
1689 3645 1721 3694 ed

947 3733 1079 3783 amicitiam
1099 3738 1125 3782 et
1139 3732 1293 3782 conditiones
1310 3746 1395 3796 oequas
1418 3734 1502 3783 hostes
1522 3735 1655 3785 inritavit:
1677 3736 1720 3785 sed

947 3838 1004 3875 cum
1018 3824 1052 3875 iili
1072 3825 1102 3874 ad
1121 3825 1198 3889 ipsius
1211 3825 1336 3888 proposita
1350 3825 1458 3875 anianum
1478 3841 1525 3876 non
1547 3827 1705 3878 adverterent

948 3919 1049 3966 coactus
1060 3922 1097 3966 est
1113 3916 1212 3965 illorum
1226 3915 1326 3966 arbitrio
1342 3918 1500 3980 permittere,
1517 3922 1544 3968 ut
1561 3918 1652 3981 quibus
1664 3922 1704 3968 vei

946 4011 998 4061 lent
1018 4010 1195 4062 conditionibus
1217 4025 1301 4074 pacem
1320 4013 1435 4061 tacerent.
1469 4012 1576 4073 Verum,
1595 4009 1651 4073 qnia
1679 4023 1720 4059 rer

947 4106 1083 4152 Tuscorum
1098 4116 1155 4153 cum
1171 4103 1218 4152 alia
1233 4103 1312 4153 muita
1324 4100 1474 4152 intoleranda
1488 4104 1604 4166 tanquam
1614 4101 1720 4151 bomini·

947 4192 1032 4243 busin
1046 4194 1193 4244 servitutem
1210 4194 1259 4243 iam
1282 4194 1388 4244 redactis
1406 4193 1557 4258 imperabat,
1570 4197 1626 4242 tum
1646 4193 1719 4241 etiarn

946 4286 1008 4349 boe,
1024 4289 1052 4336 ut
1063 4285 1186 4351 quidquid
1200 4287 1251 4336 nini
1267 4288 1369 4336 Latinus
1382 4299 1439 4349 ager
1453 4287 1542 4347 terret,
1557 4286 1583 4335 id
1598 4285 1623 4335 in
1646 4287 1720 4333 Etru·

947 4377 1009 4426 riam
1029 4377 1162 4440 quotannis
1182 4378 1354 4441 importarent,
1377 4391 1429 4428 rem
1450 4377 1626 4428 intolerabilem
1656 4374 1719 4434 rati,

948 4468 1005 4518 vitis
1021 4469 1128 4519 fructum
1143 4482 1175 4518 ex
1189 4469 1286 4519 Ascanii
1300 4469 1422 4520 sententia
1438 4469 1536 4533 publico
1549 4467 1649 4518 decreto
1664 4465 1720 4514 lovi

947 4573 1044 4611 sacrum
1056 4573 1111 4611 esse
1126 4560 1259 4611 iusserunt.
1292 4561 1343 4624 ipsi
1356 4575 1415 4612 vero
1427 4575 1482 4612 sese
1493 4559 1615 4610 cohortati
1625 4555 1656 4605 ad
1669 4571 1719 4605 rom

948 4654 1044 4704 sortiter
1063 4653 1211 4716 gerendam,
1226 4656 1251 4703 et
1270 4653 1329 4702 deos
1349 4653 1440 4714 precati
1454 4657 1483 4702 ut
1503 4652 1528 4701 io
1542 4650 1589 4700 boe
1613 4634 1724 4711 periculo

947 4745 993 4793 sibi
1008 4746 1134 4804 tererent,
1150 4744 1304 4807 eruptionem
1324 4756 1355 4793 ex
1368 4744 1428 4793 urire
1447 4745 1572 4797 iecerunt,
1587 4737 1718 4787 observata

947 4836 1018 4882 noete
1033 4833 1149 4891 obscura,
1161 4847 1210 4895 qua
1230 4830 1324 4881 nullum
1340 4834 1413 4881 Lunae
1427 4830 1509 4880 lumen
1523 4825 1655 4890 apparebat
1673 4827 1718 4871 :et

947 4920 1076 4971 confestim
1093 4920 1199 4970 bostium
1215 4918 1306 4969 uallum
1323 4919 1429 4983 aggressi
1443 4915 1527 4979 (quod
1546 4913 1655 4976 proxime
1674 4924 1717 4960 ur-

946 5010 1002 5059 bem
1021 5009 1096 5059 situm
1111 5012 1179 5070 erat,
1192 5021 1286 5072 suaque
1299 5008 1434 5057 munitione
1445 5006 1539 5052 ceteras
1552 4999 1636 5062 copias
1648 5003 1718 5049 tuta·

946 5096 1026 5156 batur,
1039 5110 1096 5146 cum
1110 5096 1133 5144 in
1143 5095 1197 5145 loeo
1208 5097 1296 5146 natura
1307 5093 1401 5142 munito
1414 5092 1506 5138 iactum
1519 5089 1592 5143 esset,
1604 5085 1720 5137 etlectis·

946 5183 1034 5234 sunam
1050 5185 1209 5233 Etruseorum
1225 5183 1378 5231 iuventutem
1395 5176 1546 5237 corstineret,
1559 5175 1600 5224 cui
1612 5179 1719 5242 praeerat
