3772 5828
608 360 902 433 Anutoutun'sdnt
926 363 1076 426 ROMAN.
1103 368 1175 430 ΗΒ.
1200 370 1278 431 viti.
1666 383 1725 442 465

115 519 128 546 ιι
147 490 275 572 ἐγγυηταὶ
296 493 390 550 πασῶν
405 514 484 602 εσμεγ
498 493 534 637 ύρς
550 490 646 552 αότίκα
660 493 733 568 μάλα
747 493 960 572 γινησομί·ιι

116 605 208 641 ιι.νων
254 579 371 658 Nmpe
387 581 438 659 γδιρ
425 579 506 660 ρούχ
505 572 670 649 λκαλῶςεί
643 604 699 662 εχε
724 581 891 663 ψηφίσασθαί

116 696 128 721 ιι
146 691 186 730 σοι
206 667 255 741 τὴν
242 667 373 748 ννβουλή
395 665 472 739 iris
493 667 577 741 δῆμον
593 668 667 727 οὐδὲν
679 669 823 742 ίπιεικίςῆ
840 670 891 747 μί-

116 785 128 809 ιι
145 780 233 838 τριον,
261 755 311 825 ἕως
332 756 689 836 ἀντιπαρεστρατοπέδευκας
710 763 775 834 ἡμῖν
797 781 843 817 και
833 757 891 817 τά

116 873 128 898 ιι
146 848 282 924 πολεμίων
293 845 358 926 ίργτι
372 847 444 926 δρᾷς.
490 848 522 906 Ei
535 845 558 904 δ’
572 847 719 918 ἀποσταίης
731 851 782 906 τῶν
794 845 891 922 όπλων,

117 963 129 988 ιι
149 935 206 1007 ἥξει
228 959 270 995 σοι
288 935 319 995 τδ
336 934 397 1011 περί
413 939 461 1007 τῆς
475 935 587 997 καθόδου
602 935 728 1019 ψίιρισμα
751 937 891 1018 φερόμενον

117 1052 129 1077 ιι
149 1023 191 1105 ὑφ’
206 1028 280 1103 ἡμῶν
293 1025 341 1084 ούιι
352 1026 388 1092 εἷς
399 1025 513 1104 μακράν.

154 1115 261 1178 xxvi.
283 1141 296 1168 ιι
316 1113 415 1193 Ἀγαθδι
431 1113 478 1190 μὲν
495 1114 526 1185 δὴ
542 1121 627 1174 ταῦτα
641 1113 751 1196 ὑπάρξει
765 1140 806 1176 σοι
817 1117 890 1174 διαλ·

116 1229 129 1253 ιι
147 1201 309 1282 λαττομίνῳ·
324 1202 429 1280 μένοντι
446 1200 472 1260 δ
489 1203 588 1262 ἐπί
555 1226 601 1274 της
615 1204 694 1282 ὀργῆς
699 1137 753 1261 ριιαλ
768 1202 807 1281 μὴ
829 1206 892 1262 δια.-

117 1318 128 1343 ιι
146 1292 301 1407 λυομίνιρ
278 1315 308 1352 το
323 1299 400 1401 μῖσος
414 1292 478 1400 πρρς
502 1295 574 1368 ἡμᾶς
597 1289 685 1350 πολλὰ
706 1314 752 1350 και
741 1289 890 1372 χαλεπά,

115 1406 128 1430 ι
148 1372 211 1449 ἐξ
191 1405 228 1438 ων
242 1379 336 1460 ἐγὼ’
308 1395 353 1438 ooo
370 1378 403 1437 τά
426 1379 538 1458 μέγιστα
556 1380 611 1438 νυνί
631 1378 804 1462 φανερώτατα
827 1381 888 1459 ἐρῶ.

115 1494 128 1519 ιι
148 1470 258 1548 Πρῶτον
282 1466 330 1545 μὲν
358 1466 398 1526 ότι
420 1466 547 1526 δυσκόλου
569 1465 711 1546 γενέσθαι,
737 1469 838 1543 μᾶλλον
864 1469 891 1527 δὲ

116 1582 128 1608 ι
146 1556 275 1617 ἀδυνάτου
285 1557 442 1638 πράγματος
461 1555 575 1635 πονηρὸν
592 1556 679 1636 ἔρωτα
694 1556 776 1636 ίχεις,
791 1558 892 1623 πόλεως

116 1671 128 1696 ιι
147 1650 194 1715 τῆς
210 1644 354 1723 Ῥωμαίων
368 1647 487 1704 καθελεῖν
506 1643 554 1716 τὴν
576 1643 652 1726 ίσχθν
671 1647 819 1705 καὶταῦτα
838 1649 892 1714 τοῖς

116 1758 129 1784 ιι
149 1733 324 1795 Οὐολούσκων
348 1731 446 1842 ὀπλρις·
467 1733 559 1793 ἔπειτα
580 1735 619 1795 ότι
641 1757 682 1796 σοι
697 1733 891 1816 κατορθώσαντί

116 1848 129 1873 ιι
147 1845 177 1881 τε
201 1824 247 1882 καί
276 1823 320 1899 μὴ
338 1820 447 1904 τυχόντι
474 1822 582 1883 πάντων
613 1823 758 1938 ἀνθρώπων
782 1822 891 1902 ὑπάρξει

117 1938 130 1963 ιι
149 1912 353 1993 δυστυχεστάτῳ
376 1910 538 1988 νομίζεσθαι.
563 1904 655 1981 Ἐξ
636 1937 672 1972 ων
696 1912 822 1971 δὲταῦτα
836 1936 890 1972 πα-

118 2024 131 2051 «
151 1998 271 2080 ρίσταταί
293 2023 337 2075 μοι
352 1998 414 2079 περί
436 2005 498 2071 σοῦ,
517 2002 618 2080 φρονεῖν
633 2000 759 2074 ἄκουσον,
777 2025 800 2060 ω
781 1989 891 2083 Μάρ-

118 2114 131 2141 ιι
148 2111 207 2167 κιι,
222 2087 303 2166 μηδέν
326 2087 390 2170 πρὸς
389 2022 456 2161 ρτὴν
482 2090 630 2171 ἐλευθερίαν
654 2115 704 2169 μου
727 2094 781 2151 τῶν
806 2090 890 2170 λόγων

117 2204 165 2239 ιιτ
148 2178 350 2291 τραχυνόμενος.
394 2177 496 2238 Σκόπει
517 2176 545 2237 δὲ
569 2182 673 2258 πρῶτον
686 2178 753 2259 ὑπὲρ
767 2202 811 2238 του
795 2180 890 2239 ἀδυ·

117 2296 128 2322 ιι
145 2269 235 2329 νάτου.
279 2265 471 2345 ιῬωμαίοις,
458 2290 493 2333 ως
491 2252 585 2327 οἶσθα
606 2268 702 2328 καλ
675 2292 708 2327 ου
715 2266 876 2340 ,πολλλ’
841 2293 890 2344 μεν

116 2386 128 2411 ιι
146 2362 201 2419 ἐστι
215 2359 304 2429 νεότης
322 2355 482 2440 ἐπιχώριος,
498 2344 572 2425 ἧςέι
590 2356 621 2415 τὸ
653 2357 793 2427 στασιάζον
818 2357 890 2426 ἐξαι-

116 2473 128 2497 ιι
148 2445 243 2527 ρεθείη·
256 2445 397 2522 γενήσεται
415 2443 443 2503 δὲ
466 2450 545 2504 τοῦτο
563 2443 633 2503 κατδι
655 2444 787 2517 πολλὴν’
772 2444 890 2524 ανάγκην

117 2561 129 2585 ιι
147 2534 203 2592 νυνὶ
224 2533 268 2592 διδι
282 2532 355 2592 τόνδε
371 2533 415 2592 τὸν
433 2531 559 2610 πόλεμον·
574 2532 663 2592 πάντα
683 2532 735 2614 γάρ
751 2533 802 2593 tari
819 2534 891 2603 διὀυς

118 2649 130 2674 ιι
147 2627 236 2681 κοινοῦ
250 2619 416 2681 συνίστασθαι
426 2622 495 2696 φιλεῖ
510 2621 542 2677 τδι
560 2620 682 2701 διάφοροι·
698 2624 749 2703 οὐχ
762 2621 802 2681 ότι
821 2624 891 2684 Ούο·

60 2740 71 2751 -
91 2738 99 2750 ·
117 2738 130 2763 ιι
147 2712 256 2770 λοῦοκοι
270 2710 462 2789 κρατήσουσιν,
477 2709 537 2768 ἀλλ’
550 2709 603 2768 οὐδ’
616 2710 681 2770 ἄλλο
691 2715 744 2770 τῶν
760 2712 830 2773 κατὰ
844 2712 890 2785 τὴν

117 2827 130 2854 ιι
150 2799 266 2860 Ἰταλίαν
286 2802 366 2859 ἐθνῶν
383 2797 466 2859 οόδίν.
510 2800 603 2872 Πολλὴ
625 2802 648 2858 δ’
664 2805 681 2873 ἡ
700 2800 824 2862 Λατίνων
842 2802 889 2863 καλ

116 2914 129 2940 ιι
146 2890 198 2946 τῶν
215 2888 302 2947 ἄλλων
318 2886 468 2965 συμμάχων
483 2884 529 2945 καὶ
544 2885 661 2945 ἀποίκων
676 2890 724 2958 τῆς
733 2888 834 2954 πόλεως
848 2893 889 2950 ἰσ-

115 3004 128 3030 ιι
145 2975 241 3056 χὺς,ἣν
266 2975 355 3053 ὀλίγου
370 2984 461 3034 πᾶσαν
482 2975 619 3055 ἐπίκουρον
638 2974 708 3047 ἥξειν
731 2975 890 3057 προσδίχου·

115 3091 127 3118 ιι
145 3064 288 3144 στρατηγοί
301 3088 330 3124 τε
344 3056 396 3130 οἶος
407 3061 439 3123 σθ
453 3064 497 3122 καλ
513 3063 686 3146 πρεσόύτεροι
701 3064 747 3124 καί
761 3063 831 3137 νόοι,
844 3090 891 3127 το-

115 3183 128 3209 ιι
146 3161 233 3216 σοῦτοι
247 3155 277 3214 τὸ
294 3157 407 3227 πλῆθος,
430 3153 539 3235 όσοιπερ
562 3152 679 3221 ἀπάσαις
701 3153 890 3223 cinciniani<

115 3271 128 3296 ιι
148 3244 240 3311 ἄλλοις
259 3242 363 3303 πόλεσι,
389 3241 511 3321 Μεγίστη
538 3240 565 3301 δί
586 3245 679 3303 πασῶν
710 3243 818 3322 βοήθεια
843 3245 890 3303 καί

47 3386 51 3394 ,
115 3359 128 3384 ιι
144 3332 191 3399 τδιτ
203 3334 229 3391 ἐν
251 3334 304 3398 τοῖς
324 3333 416 3397 δεινοῖς
437 3331 545 3398 ἐλπίδας
565 3330 685 3392 ούθέπαθ’
697 3334 775 3408 ἡμῶν
788 3335 889 3412 ψευσα·

116 3447 128 3472 ιι
147 3421 213 3497 με’νη
232 3420 373 3496 συμπάσης
384 3442 414 3480 τι
427 3419 542 3498 ἀμείνων
566 3419 730 3501 ἀνθρωπίνης
750 3419 840 3500 ἰσχύος
872 3425 890 3492 ἡ

74 3544 83 3564 ι
117 3535 130 3561 ιι
146 3508 221 3587 παρδι
232 3509 284 3565 τῶν
298 3510 364 3565 θεῶν
376 3506 479 3585 εὔνοια,
492 3509 526 3566 δι’
544 3506 587 3576 οθς
605 3512 635 3568 ού
648 3507 727 3587 μόνον
751 3509 889 3591 ίλιυθόραν

118 3623 131 3648 ιι
150 3598 186 3662 εἰς
201 3594 260 3654 τόδε
285 3595 378 3674 χρόνου
402 3594 450 3667 τὴν
470 3596 548 3656 πόλιν
562 3596 633 3667 τήνδ’
650 3600 772 3675 οἰκοῦμεν
793 3599 889 3677 ὀγδόην

118 3712 131 3737 ιι
148 3683 182 3756 ἥδ
183 3682 306 3757 neda*
275 3707 321 3742 νυν
334 3679 444 3763 γενεθν,
459 3683 530 3744 ἀλλά
543 3684 590 3744 καί
604 3686 746 3764 εὐδαίμονα
761 3688 807 3749 καί
825 3691 891 3749 πολ·

117 3799 130 3824 ιι
147 3773 200 3830 λῶν
222 3772 300 3830 ίθνῶν
325 3770 470 3852 ἄρχουσαν.
526 3771 576 3845 Μὴ
603 3773 634 3848 δὴ
658 3741 714 3836 iisd
715 3784 786 3845 ανοίς
819 3781 891 3855 ἡμᾶς

117 3887 129 3913 ιι
148 3859 256 3940 είκάσῃς
272 3858 339 3937 μηδί
355 3859 504 3942 Τολερίνοις
526 3861 593 3941 μηδὲ
617 3865 671 3932 τοῖς
684 3865 774 3931 ἄλλοις
797 3888 891 3944 μικρο-

947 506 1174 569 «praestandorum
1207 523 1253 560 nos
1283 509 1329 561 tibi
1358 524 1489 576 sponsores
1511 528 1607 567 sumus.
1656 521 1726 572 Nunc

950 592 1041 642 ιοαίαι
1052 607 1101 643 non
1117 594 1218 646 deceret
1229 609 1260 646 en
1274 600 1512 663 senatusconsulto,
1524 608 1569 653 aut
1586 605 1725 670 plebiscito,

947 681 1021 732 «tibi
1036 682 1176 746 quidquam
1190 686 1257 751 arqui
1273 690 1318 736 aut
1331 687 1455 739 moderati
1468 690 1583 751 decerni,
1598 693 1659 745 dum
1671 709 1725 747 cas-

947 787 960 817 ι
973 773 1014 820 tra
1028 774 1171 823 contrarios
1187 775 1268 839 posita
1280 776 1358 827 habes
1376 782 1401 828 ei
1415 781 1440 829 te
1456 779 1582 832 hostiliter
1592 784 1664 844 geris.
1700 787 1726 836 Si

947 876 959 899 ιι
975 871 1035 907 vero
1051 858 1083 909 ab
1099 860 1175 910 aruris
1188 859 1348 924 discesseris,
1362 863 1492 916 decretum
1511 866 1542 918 dc
1554 866 1637 918 reditu
1655 869 1726 920 tibia

947 965 960 990 ι
977 946 1047 997 nobis
1058 946 1128 998 brevi
1143 947 1272 1002 afferetur.

977 1124 1064 1172 xxvi.
1085 1143 1097 1166 ι
1112 1126 1193 1187 Atque
1207 1125 1262 1176 iraec
1272 1131 1330 1177 sunt
1341 1129 1420 1189 bona,
1431 1144 1489 1194 quas
1501 1132 1633 1184 habiturus
1646 1146 1687 1193 es,
1703 1133 1725 1183 si

945 1230 958 1253 ι
974 1224 1031 1261 curn
1044 1211 1126 1275 putria
1142 1213 1284 1277 ingratiam
1308 1216 1421 1269 redieris.
1455 1221 1562 1279 Quodsi
1579 1224 1653 1276 irasci
1667 1241 1726 1291 per-

947 1317 959 1341 ι
975 1311 1033 1361 gas,
1046 1313 1091 1349 nce
1103 1299 1189 1350 odium
1213 1305 1298 1352 contra
1322 1318 1367 1356 nos
1394 1313 1540 1373 conceptum
1556 1311 1679 1377 deponm,
1699 1317 1724 1366 iu

946 1406 958 1428 ιι
974 1387 1055 1436 multa
1072 1392 1096 1437 et
1112 1390 1198 1453 gravia
1213 1391 1307 1441 incides
1326 1393 1408 1453 maia,
1423 1408 1532 1459 quorum
1552 1398 1604 1449 duo
1615 1401 1724 1452 maxima

946 1495 959 1518 ι
972 1479 997 1525 et
1009 1476 1146 1526 certissima
1158 1492 1225 1528 nunc
1238 1478 1329 1531 dicam.
1364 1482 1490 1543 Primum,
1512 1500 1564 1537 rem
1581 1487 1722 1550 ditiiciiem,

947 1563 1186 1629 simonemque·
1216 1568 1284 1618 nullo
1309 1570 1384 1620 modo
1407 1570 1459 1621 fieri
1489 1578 1587 1638 potest,
1613 1577 1724 1642 improbe

946 1669 957 1692 ιι
975 1649 1129 1714 concupisti,
1152 1665 1241 1716 nempe
1260 1654 1344 1717 popuii
1369 1657 1471 1706 Romani
1491 1659 1625 1722 potentiam
1649 1660 1724 1727 idque

946 1754 958 1778 ι
976 1734 1122 1784 volscorum
1147 1737 1223 1786 armis
1243 1743 1355 1790 evertere
1380 1740 1494 1791 :deinde
1517 1758 1591 1803 vcro,
1613 1746 1666 1797 sive
1684 1760 1726 1798 res
1826 1787 1829 1791 ι
1865 1768 1868 1773 ·

947 1842 959 1866 ιι
972 1823 1119 1873 successerit
1132 1823 1185 1874 sive
1205 1839 1254 1874 non
1266 1826 1329 1876 nihil
1346 1827 1415 1877 aliud
1435 1834 1608 1895 consequeris
1627 1833 1675 1884 nisi
1695 1839 1724 1884 ut

946 1931 959 1955 ι
973 1911 1084 1962 omniurn
1102 1912 1232 1962 hominurn
1250 1913 1406 1965 miserrimus
1418 1917 1541 1968 habearis.
1576 1921 1724 1971 curantem
1768 1910 1771 1917 ’

946 2022 959 2045 ι
973 2001 1035 2051 mitu'
1050 2002 1195 2053 irruentem
1209 2003 1304 2061 veniat,
1323 2008 1352 2053 ut
1364 2005 1399 2054 ita
1411 2005 1442 2056 de
1462 2011 1487 2056 te
1506 2008 1626 2068 sentiam,
1649 2009 1721 2065 audi.

946 2110 959 2133 ιι
977 2091 1069 2151 Marci,
1080 2104 1126 2141 nec
1138 2105 1194 2142 mea
1204 2091 1302 2142 dicendi
1314 2092 1429 2144 libertate
1440 2108 1595 2160 exasperare.
1628 2100 1663 2147 λα
1675 2098 1725 2162 pri·

946 2198 959 2222 ι
975 2193 1045 2248 muro
1066 2179 1210 2242 considera,
1236 2194 1288 2231 rem
1312 2184 1352 2240 te,
1376 2195 1434 2247 quia
1457 2183 1510 2235 tieri
1531 2189 1656 2250 nequeat,
1679 2201 1723 2252 ag-

941 2291 953 2315 ι
970 2274 1046 2335 gredi.
1081 2279 1150 2326 ιιάαε
1161 2276 1266 2339 populus
1276 2279 1409 2334 Romanus,
1425 2283 1452 2328 ut
1462 2279 1515 2343 ipse
1525 2281 1584 2342 scis,
1595 2282 1719 2333 multiiu-

941 2380 953 2403 ι
971 2361 1072 2412 reniutc
1085 2361 1222 2414 domestica
1241 2364 1365 2424 abundat,
1379 2380 1455 2430 quarn
1467 2369 1502 2429 (si
1517 2370 1606 2420 seditio
1620 2371 1718 2423 sublata

940 2470 952 2494 ιι
969 2449 1059 2511 tuerit,
1074 2452 1143 2516 quod
1158 2454 1198 2504 [iet
1213 2453 1245 2503 ob
1258 2468 1358 2517 gravem
1370 2454 1445 2506 huius
1461 2456 1519 2507 beili
1530 2460 1717 2523 necessitatem

942 2557 953 2587 ιι
971 2554 1057 2591 omnes
1067 2542 1142 2605 enim,
1153 2544 1197 2607 qui
1209 2544 1273 2594 inter
1286 2556 1314 2594 se
1323 2543 1452 2605 dissident,
1467 2546 1606 2595 communis
1615 2548 1718 2611 periculi

940 2647 953 2671 ι
970 2632 1052 2678 metus
1063 2629 1195 2680 conciliare
1208 2629 1281 2694 solet)
1296 2645 1347 2682 non
1360 2630 1441 2681 sotum
1453 2631 1537 2681 Volsci
1549 2645 1597 2682 non
1609 2633 1716 2696 vincent,

939 2732 952 2763 ιι
969 2717 1013 2767 sed
1033 2732 1063 2767 ne
1082 2719 1132 2768 ulta
1150 2719 1252 2783 quidem
1270 2719 1320 2769 aiia
1339 2733 1410 2783 gens,
1431 2733 1488 2785 quoe
1507 2719 1605 2771 italiam
1622 2722 1715 2774 incolit.

939 2808 1056 2868 «Magna
1075 2821 1175 2871 quoque
1195 2812 1234 2859 cst
1254 2809 1398 2859 Latinorum
1417 2814 1442 2860 et
1467 2810 1571 2862 aliorum
1592 2810 1717 2863 sociorum

939 2913 952 2938 ιι
968 2898 1060 2945 nostra
1084 2896 1152 2946 urbis
1178 2901 1203 2947 et
1227 2897 1371 2949 colonorum
1393 2902 1518 2965 potentia,
1541 2915 1616 2964 quam
1638 2904 1716 2953 totain

938 2984 1147 3048 «propemodum
1165 2985 1236 3036 nobis
1255 2988 1347 3037 auritio
1361 2992 1491 3039 venturam
1508 2993 1630 3053 exspecta.
1663 2993 1717 3041 Du-

939 3092 951 3116 ι
969 3085 1011 3123 ces
1029 3086 1089 3124 uero
1112 3074 1150 3126 tui
1172 3076 1279 3137 similes,
1295 3079 1345 3126 tarn
1367 3079 1475 3129 seniores
1495 3092 1571 3141 quam
1592 3079 1714 3137 iuniores,

945 3180 957 3203 ιι
973 3162 1012 3209 tot
1036 3157 1107 3209 nobis
1132 3161 1206 3218 suut,
1227 3161 1290 3223 quot
1310 3158 1354 3209 rix
1373 3158 1400 3209 in
1422 3158 1545 3211 universis
1567 3160 1623 3211 aliis
1645 3175 1724 3227 popu·-

945 3268 956 3290 ιι
973 3248 1012 3299 iis.
1057 3248 1106 3298 Sed
1128 3248 1199 3311 longe
1215 3247 1327 3297 omniurn
1342 3247 1482 3298 maximum
1499 3248 1638 3309 auxilium,
1655 3250 1725 3314 quod

946 3359 957 3382 ιι
974 3353 1103 3402 nunquam
1115 3338 1141 3388 iu
1154 3337 1265 3387 adversis
1280 3350 1348 3402 spero
1362 3341 1473 3388 nostram
1488 3337 1593 3400 tefettn,
1607 3342 1641 3398 et,
1654 3340 1724 3404 quod

946 3448 958 3470 ιι
971 3426 1213 3477 omnibushurnanis
1227 3425 1323 3476 viribus
1336 3429 1374 3476 est
1392 3426 1604 3495 praecantiones
1619 3427 1725 3495 deorum

946 3535 958 3558 ιι
974 3513 1154 3572 benevolendo,
1167 3526 1275 3578 quorum
1288 3512 1407 3563 beueticio
1418 3513 1508 3564 adhoc
1524 3528 1605 3579 usque
1625 3519 1725 3581 tempus

947 3626 959 3649 ι
976 3605 1038 3655 hanc
1059 3604 1163 3663 urbem,
1180 3607 1296 3654 octavam
1312 3603 1362 3654 iam
1384 3608 1498 3664 etatem,
1517 3620 1567 3656 non
1590 3608 1671 3657 sotum
1693 3607 1723 3658 li-

947 3715 960 3740 ι
974 3693 1074 3750 heram.
1101 3692 1145 3742 sed
1168 3691 1244 3741 etiam
1267 3690 1421 3742 fortunatam
1451 3696 1476 3742 et
1498 3694 1585 3744 multis
1610 3695 1725 3758 gentibus

946 3802 959 3828 ι
973 3783 1137 3847 imperantem
1154 3779 1293 3830 incutimus.
1328 3781 1378 3830 Nec
1400 3794 1444 3830 nos
1462 3795 1520 3832 curn
1540 3782 1658 3842 Pedonis,
1680 3789 1725 3834 aut

946 3893 959 3917 ι
973 3870 1093 3922 Tolerinis
1118 3869 1223 3934 aliisque
1244 3868 1328 3933 parvis
1351 3869 1451 3933 populis
1475 3883 1583 3934 quorum
1606 3871 1725 3936 oppidula

116 3978 129 4003 ιι
147 3940 469 4031 πολίταις,ωνκατίσχες
483 3950 517 4011 τά
524 3951 664 4059 πολίχνια·
676 3954 721 4014 καλ
737 3953 788 4034 γάρ
802 3954 891 4028 ἥττων
947 3977 960 4009 ιι
976 3958 1117 4025 occupasti,
1147 3955 1288 4007 conferas:
1312 3970 1370 4007 nam
1391 3959 1416 4007 et
1439 3957 1504 4008 alius
1527 3958 1675 4022 imperator,
1699 3964 1724 4010 te

116 4067 128 4091 ιι
149 4038 179 4096 άν
198 4037 237 4105 τίς
257 4061 303 4098 σου
327 4062 474 4117 στρατηγος
487 4062 534 4100 και
524 4038 595 4099 ἀπ’
611 4042 778 4114 ἐλάττονοςῆ
794 4041 890 4104 τοσαύ·

115 4156 128 4180 ιι
145 4151 193 4201 της
208 4135 332 4205 στρατιάς
356 4127 565 4207 ὀλιγανθρωπίαν
587 4153 633 4189 και
623 4130 803 4212 φαυλότητα
828 4134 890 4213 ὀρυ-

115 4245 127 4268 ιι
146 4218 236 4292 μάτων
251 4213 386 4276 ἐύιάσατο·
399 4215 458 4276 ἀλλ’
471 4219 583 4294 ἐνθυμοῦ
604 4218 634 4279 τὸ
659 4219 766 4300 μίγτθος
778 4226 825 4294 τῆς
839 4221 891 4282 πό-

114 4423 127 4449 ι
144 4395 264 4474 πράξεων
278 4395 324 4454 καί
339 4393 387 4468 τὴν
406 4397 437 4455 ἐκ
451 4400 496 4455 τοῦ
512 4396 581 4456 θείου
603 4400 739 4478 παροῦσαν
760 4401 828 4479 αὐτῇ
843 4397 889 4457 τό·

114 4510 127 4536 ιι
144 4507 207 4562 χην,
231 4485 266 4544 δι’
281 4484 312 4556 ἣν
337 4486 367 4543 ἐκ
389 4493 486 4565 μικρᾶς
506 4483 623 4557 τοσαύτη
647 4483 761 4566 γίγονεν·
777 4485 822 4547 καί
840 4488 889 4562 τὴν

115 4599 126 4623 ιι
146 4595 255 4631 σεαυτου
238 4573 398 4652 δύναμιν,
412 4573 445 4646 ἣν
462 4573 567 4654 ἀπάγων
589 4572 659 4655 ἔργω
677 4571 771 4655 τοσῷθ’
785 4575 889 4655 ἐπιχει-

115 4685 128 4709 ιι
147 4662 211 4735 ρεῖς,
227 4659 264 4735 μὴ
275 4665 364 4739 νόμιζε
378 4661 533 4742 ἠλλάχθαι,
546 4662 615 4723 ἀλλά
628 4667 750 4742 μέμνησο
760 4663 887 4745 ἀκριόωτ,

116 4773 128 4798 ιι
147 4744 186 4804 ότι
201 4747 376 4810 Οὐολούσκων
390 4774 419 4810 τε
435 4749 482 4811 καί
496 4753 621 4812 Αίκανων
645 4750 772 4833 στρατιάν
792 4753 888 4836 ἐπάγη,

52 4881 54 4885 ,
116 4860 128 4885 ιι
147 4831 190 4898 οθς
208 4836 328 4909 ἡμιῑςί
302 4860 316 4895 ο
328 4839 438 4897 θεοί
408 4863 454 4899 νυν
477 4838 605 4921 παρόντες
620 4841 647 4898 ἐν
662 4841 772 4909 πολλαῖς
796 4845 888 4904 ἐνικῶ-

116 4951 128 4976 ιι
146 4947 194 4999 μεν
210 4922 325 5029 μάχαις,
346 4927 467 4996 όσάιιις’
453 4951 518 5003 ημιν
540 4927 691 5009 ἐτόλμησαν
716 4932 752 4999 είς
773 4931 888 5009 πόλεμον

116 5039 128 5062 ιι
147 5016 321 5083 καταστῆναι.
362 5011 452 5076 ίλστε
462 5015 563 5076 σὺν
522 5040 575 5085 τοις
585 5018 702 5099 χείροσιν
717 5018 887 5096 ἀγωνίζεσθαι

116 5126 128 5150 ιι
146 5103 250 5177 με’λλων
267 5098 321 5159 ἴσθι
346 5102 412 5184 πρὸς
432 5102 494 5175 τους
516 5106 683 5216 κριίττονρις,
702 5105 794 5166 καί
767 5129 815 5164 ουν
835 5109 888 5174 τοῖς

116 5213 128 5237 ιι
147 5187 308 5264 ἡττωμένοις
330 5187 374 5248 δεδι
396 5190 493 5260 παντός
516 5194 580 5274 πρὸς
603 5194 663 5262 τούς
687 5196 813 5262 νικῶντας
832 5194 883 5254 ἀεί.

190 5299 303 5337 nrosrsrr.

946 4069 960 4095 ιι
973 4047 1092 4109 interior,
1111 4051 1137 4098 et
1154 4045 1292 4098 minoribus
1312 4045 1451 4097 ἰαειτιιοῑυι
1464 4046 1555 4111 copiis,
1574 4047 1725 4099 munitiones

947 4153 989 4189 ια
1011 4137 1097 4204 paucis
1115 4134 1230 4187 deicusas
1247 4134 1395 4185 etintirmas
1409 4148 1552 4200 expugnare
1572 4138 1696 4200 potuisset
1716 4158 1722 4187 ι

947 4227 1019 4279 ised
1040 4225 1169 4278 considera
1193 4223 1264 4275 urbis
1286 4222 1491 4288 amplitudinem,
1513 4227 1539 4275 et
1556 4238 1641 4276 rerum
1659 4225 1725 4277 betto

114 4333 126 4358 ιι
147 4307 212 4372 λεως
236 4302 346 4379 κοίτην
372 4305 550 4387 λαμπρότητα
572 4309 626 4366 τῶν
648 4309 743 4377 ἐντοῖς
764 4309 890 4388 πολίμοις
946 4336 960 4361 ιι

946 4425 959 4450 ι
973 4419 1025 4471 quo
1043 4418 1074 4455 er
1094 4417 1172 4469 parra
1202 4401 1234 4453 ad
1255 4405 1349 4451 tantam
1378 4401 1574 4466 magnitudinem
1594 4403 1723 4454 excrevit:

947 4513 959 4538 ι
976 4497 1083 4559 tuasque
1102 4492 1200 4558 copias,
1220 4489 1314 4554 quibus
1325 4490 1405 4539 status
1423 4503 1476 4541 reru
1489 4494 1584 4541 tantam
1604 4491 1724 4554 aggrede-

946 4603 959 4628 ι
975 4583 1025 4644 ris,
1050 4597 1080 4634 ne
1104 4585 1192 4647 putes,
1210 4592 1276 4629 nunc
1292 4581 1404 4629 mutatas
1426 4592 1497 4638 esse,
1523 4579 1566 4629 sed
1585 4579 1647 4629 bene
1666 4592 1721 4629 me·

946 4694 959 4719 ι
972 4661 1056 4725 mento
1069 4675 1093 4722 ie
1105 4670 1252 4720 Volscorurn
1264 4671 1290 4719 et
1301 4670 1438 4732 AEquorum
1455 4668 1536 4733 copias
1546 4663 1646 4730 docere,
1659 4678 1723 4729 quos

946 4783 958 4807 ιι
973 4762 1089 4826 nosipsi,
1102 4759 1147 4825 qui
1165 4771 1231 4808 nunc
1241 4757 1380 4820 adsumus,
1393 4757 1479 4808 multis
1494 4755 1586 4822 proeliis
1605 4754 1720 4811 vicimus,

945 4873 957 4895 ι
971 4851 1070 4916 quoties
1084 4850 1110 4900 iu
1128 4846 1194 4900 bello
1215 4846 1342 4896 nobiscum
1364 4845 1480 4909 congredi
1498 4843 1553 4895 ausi
1573 4845 1638 4892 sunt,
1653 4842 1722 4898 Qua-

944 4942 1072 5007 «propter
1094 4951 1151 4987 cum
1180 4933 1347 4985 deterioribus
1367 4932 1491 4983 adversus
1518 4928 1720 4994 prestantiores,

945 5052 957 5075 ι
971 5033 997 5081 et
1010 5043 1068 5078 cum
1082 5027 1128 5085 iis,
1147 5024 1193 5089 qui
1213 5025 1333 5088 perpetuo
1350 5020 1492 5079 vincuntur,
1514 5017 1637 5069 adversus
1662 5031 1719 5077 eos,

944 5132 957 5156 ι
972 5112 1016 5176 qui
1027 5123 1124 5174 semper
1137 5107 1235 5158 vincere
1254 5108 1313 5157 sunt
1330 5103 1421 5162 soluti,
1436 5105 1462 5153 te
1481 5104 1636 5154 certaturum
1649 5103 1719 5155 scito.

944 5199 1047 5258 «Quod
1067 5197 1088 5248 si
1108 5199 1195 5249 contra
1211 5209 1238 5247 se
1258 5192 1425 5251 resorberet,
1446 5190 1510 5243 itiud
1525 5194 1609 5243 ίειαεα
1630 5191 1721 5244 miram
1771 5272 1774 5279 Ι

1597 5285 1629 5333 θθ

1692 5328 1808 5480 ιιι
