3772 5828
595 401 891 473 extremuerunt
913 401 1059 461 ROMAN.
1082 400 1155 461 LIB.
1179 400 1229 460 lv.

115 533 167 592 δτι
188 533 330 604 πέπονθεν,
346 529 415 590 oili
438 529 543 598 σύννους
558 531 603 590 καὶ
625 530 745 612 κατηφής
769 532 813 591 καί
828 555 891 608 μεσ-

113 622 172 686 τούς
187 619 286 700 ἔχουσα
311 618 371 686 τούς
394 618 544 700 θρθαλμοθς
564 619 695 698 δακρύων.
739 617 787 686 Ὡς
810 621 832 679 δ’
855 623 891 688 εές

112 711 159 780 τήν
175 710 261 767 οἰκίαν
277 710 381 780 εἰσῆλθε
396 714 442 768 τοῦ
461 708 574 783 πατρός·
590 708 683 788 ἐτυχον
711 709 739 767 δέ
761 710 890 787 συγγενεῖς

112 799 183 864 ὄντες
209 797 277 865 τινές
302 795 365 873 παρ’
385 799 472 876 αύτῷ·
487 800 540 856 τῶν
565 797 683 876 γονάτων
701 798 780 858 αῦτοῦ
807 797 888 857 λαύο-

74 923 86 959 ς
114 888 182 964 μένη
195 889 240 946 καὶ
255 890 451 968 περιπεσοῦσα,
464 887 529 952 τέως
552 886 599 962 μὲν
612 884 702 945 ἔκλαιε
715 888 804 968 φωνην
819 889 891 946 ούδι·

116 977 178 1053 μίαν
194 973 351 1056 προϊεμένη,
366 973 448 1034 ἔπειτ’
470 975 622 1042 ἀνιστάντος
638 974 719 1045 αὐτὴν
735 975 891 1055 τοῦπατρὸς

116 1065 162 1124 καί
180 1064 205 1123 τί
225 1064 352 1124 πέπονθεν
377 1063 508 1132 ἀξιοῦντος
531 1063 629 1142 λέγειν·
653 1091 666 1116 ι
690 1061 801 1139 Ὶκέτις,
825 1064 890 1146 ἔφη,

119 1181 130 1206 ι
151 1152 257 1232 γίνομαί
275 1176 338 1228 σου,
350 1151 450 1232 πάτερ,
463 1150 549 1224 δεινήν
563 1151 609 1210 καί
621 1150 764 1223 ἀνήκεστον
781 1152 892 1231 ὑπομεί-

117 1270 130 1296 ι
150 1242 208 1303 νασ’
222 1241 315 1323 ῦύριν,
340 1242 491 1322 τιμωρῆσαί
509 1264 553 1320 μοι
574 1240 619 1300 καὶ
639 1239 677 1318 μὴ
696 1242 820 1321 περιϊδεῖν
843 1241 891 1316 τήν

65 1363 89 1400 10
116 1359 128 1383 ι
150 1337 260 1391 σεαυτοῦ
284 1330 414 1411 θυγατέρα
441 1328 553 1390 θανάτου
578 1328 685 1408 χείρονα
713 1333 859 1391 παθοῦσαν.
879 1354 892 1381 ι

116 1421 312 1497 Θαυμάσαντος
327 1421 351 1479 δ’
367 1421 446 1479 αθτοῦ
459 1419 506 1478 καὶ
520 1421 572 1476 τῶν
584 1419 671 1478 ἀλλων
690 1418 833 1494 ἁπάντων,
849 1418 892 1477 καὶ

116 1510 153 1576 τίς
165 1509 272 1589 ύύρικεν
284 1508 366 1579 αὐτὴν
379 1508 424 1567 καὶ
436 1507 559 1579 ποδαπὴν
570 1507 645 1586 θόρεν
658 1506 789 1574 ἀξιοῦντος
798 1507 896 1587 λέγειν,

119 1626 130 1651 ι
153 1597 265 1670 Ἀκούσή
280 1598 326 1666 τάς
340 1596 418 1675 ἐμάς,
433 1597 504 1677 ἔφη,
519 1588 705 1678 συμφοράς,ιῦ
725 1598 826 1677 πάτερ,
847 1600 893 1656 οὐκ

119 1714 130 1739 ε
153 1687 187 1753 εἷς
200 1684 320 1767 μακράν·
333 1685 444 1767 χάρισαι
465 1684 492 1744 δέ
507 1708 552 1763 μοι
565 1686 662 1758 ταύτην
677 1689 780 1766 πρῶτον
800 1688 892 1746 uiroc·

68 1807 91 1845 γ,
120 1803 130 1828 ι
155 1778 221 1855 μὲν-η
238 1775 286 1847 τήν
300 1774 390 1856 χάριν·
402 1775 513 1833 κάλεσον
534 1773 608 1840 ύσους
627 1775 736 1835 δύνασαι
757 1775 894 1843 πλείστους

119 1890 131 1915 ι
154 1863 243 1944 φίλους
256 1887 284 1922 τε
298 1863 344 1923 καὶ
354 1863 498 1941 συγγενεῖς,
510 1860 554 1920 ἵνα
566 1860 628 1940 παρ’
640 1864 704 1939 ἐμοῦ
716 1867 764 1936 τῆς
779 1863 811 1922 τά
823 1863 894 1922 δεινὰ

121 1978 132 2003 ι
155 1951 290 2024 παθούσης
303 1949 435 2012 ἀκούσωσι
447 1952 493 2011 καλ
506 1949 544 2028 μή
558 1951 622 2033 παρ’
637 1952 742 2032 ἑτέρων.
764 1952 851 2014 Ὅταν
866 1951 894 2013 δέ

122 2066 136 2093 ι
156 2042 241 2121 μάθῃς
266 2040 312 2109 τθς
326 2041 512 2122 κατασχούσας
528 2040 640 2122 αἰσχράς
652 2045 697 2100 καὶ
711 2042 796 2109 δεινθις
811 2040 892 2120 ἀνάγ-

121 2155 133 2180 «
154 2152 213 2199 κας,
232 2128 360 2209 βουλεύσῃ
375 2129 434 2207 μετ’
451 2129 538 2188 αὐτῶν
553 2131 641 2189 ὅντινα
657 2129 815 2209 τιμωρήσεις
836 2128 895 2205 ἐμοί

68 2245 93 2283 so
121 2243 132 2268 ι
155 2218 240 2277 τεκαὶ
253 2222 356 2299 σεαυτῷ
370 2216 481 2298 τρόπον·
495 2216 541 2276 καί
555 2216 593 2295 μὴ
608 2217 690 2278 πολύν
712 2219 781 2279 ποίει
801 2219 895 2298 χρόνον

120 2331 131 2356 ο
153 2305 253 2364 τὸνδιὰ
269 2308 361 2384 μέσου.
387 2335 399 2359 ¹·

158 2396 272 2457 LXVlt.
292 2393 400 2475 Ὶάχείρ
414 2391 441 2453 δέ
464 2395 510 2453 καλ
529 2396 780 2474 κατεσπουδασμένῃ
804 2419 893 2473 παρα-

120 2483 211 2552 κλήσει
232 2487 284 2540 τιῦν
308 2482 523 2562 ἐπιφανεστάτων
549 2483 651 2563 ἀνδρῶν
675 2488 711 2550 εἰς
735 2483 783 2556 τήν
812 2485 894 2545 οέκίαν

122 2570 311 2644 συνελθόντων,
330 2571 419 2651 ὥσπερ
441 2569 528 2645 ἠξίου,
543 2570 615 2649 λέγει
636 2571 699 2650 πρὸς
719 2572 810 2640 αὐτούς
825 2572 896 2632 ἀπαν

68 2685 94 2721 25
122 2659 151 2715 τὸ
175 2658 276 2740 πρᾶγμ’
290 2657 316 2726 ἐξ
340 2660 424 2739 ἀρχῆς
445 2657 627 2720 άναλαύοῦσα.
671 2660 725 2720 Καί
740 2662 808 2736 μετὰ
821 2664 897 2723 τοῦτο

121 2747 299 2822 ἀσπασαμένη
311 2747 355 2807 τὸν
367 2747 468 2828 πατέρα
480 2747 525 2806 καλ
544 2745 644 2816 πολλάς
655 2749 785 2818 λιτανείας
799 2750 896 2811 ἐκείνου

120 2859 150 2896 τε
166 2835 212 2895 καί
237 2840 289 2894 τῶν
304 2833 352 2896 σῦν
371 2837 443 2916 αύτῷ
467 2835 604 2916 παρόντων
621 2838 805 2915 ποιησαμένη,
831 2845 897 2909 θεοῖς

120 2924 209 2985 τεκαὶ
232 2924 354 3002 δαίμοσιν
378 2924 507 3002 εὐξαμένη
530 2933 641 3006 ταχεῖαν
655 2928 723 3007 αὐτῇ
739 2929 827 2988 δοῦναι
848 2929 897 3002 τήν

121 3014 278 3091 ἀπαλλαγὴν
288 3022 334 3075 τοῦ
350 3014 407 3094 βίου
420 3022 521 3074 σπᾶται
535 3015 565 3074 τὸ
579 3014 706 3096 ξιφίδιον,
723 3015 737 3075 θ
751 3016 896 3099 κατέκρυπ·

69 3121 95 3160 :to
120 3129 162 3164 τεν
187 3105 238 3165 ὑπὸ
262 3113 316 3172 τοῖς
339 3103 462 3179 πέπλοις,
477 3104 522 3164 καὶ
546 3105 610 3181 μίαν
625 3105 754 3182 ἐνέγκασα
781 3107 824 3167 διὰ
845 3111 897 3166 τῶν

123 3195 234 3274 στέρνων
257 3193 362 3273 πληγήν
377 3192 426 3260 ἕως
448 3197 495 3266 τῆς
515 3194 623 3272 καρδίας
649 3195 722 3254 ὠθεῖ’
737 3196 784 3274 [τὸ
799 3195 895 3276 ξίρος].

123 3286 247 3363 Κραυγῆς
261 3281 289 3342 δέ
314 3283 360 3343 καὶ
375 3281 474 3363 θρήνου
492 3282 538 3342 καὶ
552 3291 664 3344 τυπετοῦ
686 3286 834 3361 γυναικείου
849 3285 897 3356 τήν

123 3374 207 3431 οἰκίαν
230 3367 293 3443 ύλην
317 3371 515 3451 κατασχόντος,
539 3371 615 3447 ὁμὲν
640 3372 729 3449 πατήρ
752 3372 899 3450 περιχυθεὶς

123 3465 161 3538 τῷ
175 3459 280 3534 σώματι
299 3459 458 3540 περιέύαλλε
472 3459 518 3519 καλ
540 3462 694 3519 ἀνεκαλεῖτο
709 3460 754 3519 καὶ
774 3468 809 3527 ὼς
831 3461 900 3521 ἀνοί-

70 3574 97 3612 ss
125 3558 222 3608 οουσαυ
243 3551 273 3607 ἐκ
285 3553 330 3607 τοῦ
353 3548 505 3630 τραύματος
533 3551 700 3627 ἐτημελεῖτο,
717 3554 734 3621 ἡ
751 3551 773 3608 δ’
790 3554 816 3610 ἐν
842 3555 899 3620 ταῖς

126 3637 255 3714 ἀγκάλαις
268 3638 348 3695 αὐτοῦ
371 3635 519 3718 σπαίρουσα
537 3636 582 3695 καὶ
603 3641 807 3717 ψυχορραγοῦσα
832 3642 898 3700 ἀπο·

127 3725 242 3797 θνήσκει.
284 3728 347 3793 Τοῖς
369 3724 397 3784 δέ
421 3735 535 3808 παροῦσι
562 3725 705 3802 Ῥωμαίων
727 3728 796 3786 ούτω
818 3730 899 3790 δεινδν

126 3813 210 3885 ἔδοξεν
226 3803 292 3874 εἶναι
306 3813 352 3875 καὶ
364 3815 475 3875 ἀλεεινὸν
490 3816 520 3875 τθ
537 3816 636 3889 πόθος,
650 3814 717 3876 ὥστε
731 3817 795 3894 μίαν
811 3819 898 3879 ἁπάν-

124 3928 176 3962 των
189 3901 311 3980 γενέσθαι
322 3901 426 3986 φωνὴν,
440 3907 476 3971 ὡς
489 3903 610 3985 μυριάκις
625 3906 713 3972 αὐτοῖς
726 3915 844 3988 κρεῖττον
858 3909 899 3981 είη

70 4021 97 4058 ιη
123 3993 244 4055 τεθνάναι
262 3992 328 4073 θπέρ
343 3996 390 4065 τῆς
403 3994 566 4075 ἐλευθερίας,
581 3991 599 4065 ἦ
614 3993 735 4062 τοιαύτας
749 3995 835 4078 ύύρεις
850 3998 900 4058 ύπὸ

122 4085 174 4139 τῶν
199 4081 330 4161 τυράννων
352 4081 492 4161 γενομένας
516 4093 651 4164 περιορᾶν.
694 4074 749 4144 Ἦν
766 4084 795 4145 δέ
814 4111 852 4153 τις
873 4089 900 4146 ἐν

124 4169 211 4257 αὐτοῖς
241 4169 359 4238 Πόπλιος
384 4169 543 4251 Οὐαλέριος,
556 4172 610 4239 ἑνὸς
636 4175 687 4232 τῶν
722 4171 778 4250 ἅμα
808 4176 900 4256 Τατίῳ

123 4257 342 4336 παραγενομένων
354 4262 390 4327 είς
404 4257 514 4337 Ῥώμην
528 4261 651 4321 Σαύίνων
663 4262 803 4340 ἀπόγονος,
822 4264 900 4343 δρασ-

124 4344 210 4424 τήριος
224 4346 291 4427 ἀνήρ
317 4351 364 4407 καί
385 4348 520 4430 φρόνιμος.
563 4341 648 4417 θύτας
666 4351 710 4408 ἐπὶ
725 4352 899 4430 στρατόπεδον

72 4458 97 4497 ts
124 4436 168 4491 ὑπ’
181 4436 267 4492 αὐτῶν
282 4437 419 4512 πέμπεται
430 4441 470 4519 τῷ
486 4438 510 4497 τ’
527 4439 600 4519 ἀνδρί
623 4444 670 4511 τῆς
691 4440 854 4518 Λουκρητίας
867 4444 901 4501 τά

125 4522 312 4600 συμύεόηιιύτα
326 4527 433 4607 φράσων
458 4527 503 4586 καί
525 4527 572 4587 σῦν
595 4527 686 4608 ἐκείνῳ
703 4528 809 4608 πράξων
835 4531 900 4590 ἀπύ-

125 4635 217 4671 στασιν
232 4618 277 4672 τοῦ
296 4619 487 4694 στρατιωτικοῦ
498 4616 678 4691 πλήθουςῖἀπὸ
692 4620 744 4676 τῶν
757 4617 898 4696 τυράννων,

125 4696 198 4778 Ἄρτι
216 4700 240 4759 δ’
254 4704 326 4782 αύτῷ
346 4702 394 4770 τὰς
409 4705 496 4773 πύλας
509 4703 674 4777 ἐξεληλυθότι
696 4714 811 4786 συναντᾷ
832 4708 900 4768 κατά

125 4788 238 4863 δαίμονα
252 4791 461 4871 παραγινόμενος
481 4795 517 4861 ιές
539 4792 587 4867 τήν
609 4796 685 4855 πολιν
706 4799 719 4853 θ
742 4798 902 4867 Κολλατῖνος

70 4910 98 4948 50
125 4877 179 4936 ἀπὸ
187 4879 376 4959 στρατοπέδου,
389 4884 442 4941 τῶν
453 4884 659 4964 κατεσχηκότων
669 4885 718 4958 τήν
728 4886 812 4945 οἰκίαν
822 4890 901 4947 αὐτοῦ

124 4972 214 5026 κακῶν
229 4968 301 5028 οὐδέν
315 4968 404 5045 attin,
414 4971 461 5032 καὶ
475 4973 521 5032 σύν
535 4974 606 5052 αύτῷ
618 4973 728 5040 Λεύκιος
743 4973 865 5051 Ἰούνιος,
880 4966 901 5057 ᾧ

127 5060 239 5135 Βροῦτος
258 5060 405 5137 ἐπωνύμιον
424 5053 471 5136 ἦν·
487 5061 527 5134 ιίη
547 5062 570 5120 δ’
588 5064 619 5122 ἀν
637 5061 870 5144 ἐξερμηνευόμενος
888 5068 902 5124 θ

127 5145 238 5217 Βροῦτος
253 5150 289 5216 εές
305 5148 353 5219 τήν
364 5147 525 5224 Ἑλληνικήν
541 5150 678 5211 διάλεκτον
693 5153 801 5223 ἠλίθιος.
816 5150 901 5231 Ὑπέρ

125 5222 155 5289 οῦ
171 5235 251 5315 μικρά
264 5245 401 5319 προειπεῖν
412 5241 571 5320 ἀναγκαῖον,
583 5240 675 5312 ἐπειδὴ
686 5245 778 5301 τοῦτον
790 5238 902 5317 ἀποφαί-

1664 402 1722 460 ela

947 540 1030 605 plenos
1040 539 1141 590 babens.
1176 540 1238 589 Gurn
1250 541 1332 587 autem
1340 536 1442 586 domum
1455 536 1533 601 patris
1545 536 1652 602 ingressa
1665 541 1724 589 tuis·

945 636 983 684 set
996 631 1113 698 (quidam
1126 635 1208 683 autern
1230 629 1328 694 cognati
1342 630 1408 694 apud
1423 644 1480 680 eum
1502 633 1561 680 tunc
1584 631 1647 682 torte
1661 633 1721 684 ade-

946 729 1013 790 rant)
1028 740 1054 777 se
1068 725 1100 776 ad
1117 725 1171 788 ejus
1191 725 1267 789 pedes
1281 728 1438 789 prosternens
1452 724 1556 787 eiusque
1576 739 1654 789 genua
1670 741 1725 776 arn-

944 819 1030 884 pless,
1047 819 1197 884 aliquamdiu
1221 819 1301 880 ller‘it,
1316 818 1382 869 nulla
1409 832 1470 869 voce
1487 820 1577 870 emissa
1600 821 1725 883 :deinde,

946 928 1024 979 quum
1042 920 1178 980 pateream
1197 915 1314 964 erexisset
1332 928 1437 978 eamque
1459 919 1581 980 rogasset,
1594 921 1623 967 ut
1634 916 1727 968 diceret

945 1009 1005 1073 quid
1017 1009 1064 1061 sibi
1077 1008 1206 1059 accidisset
1221 1027 1227 1057 :
1245 1028 1256 1051 «ι
1275 1010 1400 1073 Supplex,
1412 1011 1504 1074 lnquit,
1519 1011 1549 1061 ad
1562 1015 1587 1061 te
1603 1012 1725 1076 coniugio,

948 1124 960 1147 ι
974 1107 1052 1169 poter,
1075 1117 1175 1167 ρετινυιτ
1188 1104 1214 1152 et
1227 1101 1405 1153 intolerabilem
1416 1118 1488 1168 passa
1502 1105 1614 1155 iniuriam
1630 1125 1635 1154 :
1649 1118 1725 1168 quare

948 1216 962 1241 a
977 1209 1033 1246 earn
1045 1208 1101 1245 mes
1115 1207 1203 1245 caussa
1215 1195 1345 1266 ulciscere,
1360 1197 1511 1261 necdeepice
1522 1198 1609 1259 liliam,
1624 1213 1681 1263 quse
1690 1198 1725 1248 in·

948 1312 960 1334 «ι
977 1291 1067 1341 iuriam
1093 1291 1132 1341 rel
1157 1291 1210 1355 ipsa
1227 1296 1307 1341 morte
1332 1293 1468 1355 graviorem
1496 1293 1600 1356 occepit.
1634 1313 1646 1338 s
1681 1292 1726 1344 lllo

946 1389 1030 1435 erilem
1053 1386 1079 1435 et
1100 1385 1190 1436 ceteris
1221 1385 1336 1436 omuibus
1366 1386 1525 1446 mirantibus,
1548 1392 1573 1436 et
1597 1388 1653 1450 quis
1673 1389 1726 1438 eius

947 1478 1040 1529 turone
1061 1483 1157 1542 auctor,
1179 1480 1278 1545 quodve
1300 1493 1377 1547 genus
1397 1481 1494 1532 iniuriae
1514 1485 1580 1532 esset
1590 1481 1671 1532 dicere
1685 1484 1725 1532 io·

948 1573 1061 1625 bentibus
1084 1593 1090 1623 ι
1107 1595 1120 1618 ι
1133 1574 1224 1625 Audias
1243 1573 1357 1638 (inquit)
1372 1577 1448 1638 pater,
1463 1574 1532 1624 brevi
1543 1587 1612 1624 uncas
1624 1573 1726 1623 salurni-

950 1687 962 1709 ιι
980 1669 1043 1717 tates
1057 1667 1119 1718 :sed
1134 1668 1253 1731 primum,
1269 1671 1349 1730 pater,
1375 1667 1437 1717 mibi
1456 1668 1548 1732 pelentl
1567 1670 1613 1718 boc
1632 1667 1726 1719 beneti-

949 1779 962 1803 a
979 1759 1046 1809 cium
1061 1757 1158 1820 largire.
1192 1758 1307 1809 convoca
1326 1761 1450 1823 quotquot
1463 1760 1556 1809 etnicos
1576 1764 1601 1809 et
1612 1763 1728 1823 cognatos

950 1872 962 1897 ι
979 1857 1061 1918 potes,
1077 1856 1103 1902 ut
1115 1852 1152 1901 illi
1167 1866 1197 1901 ex
1214 1866 1254 1902 me
1275 1852 1340 1916 ipsa,
1356 1853 1397 1901 cui
1414 1854 1476 1902 arico
1495 1853 1585 1903 acerba
1608 1854 1673 1903 lacta
1691 1856 1729 1905 est

951 1966 963 1990 ι
980 1947 1078 2008 iniuria,
1096 1945 1212 2007 audiant,
1228 1960 1277 1996 non
1293 1959 1324 1995 ex
1339 1945 1401 1995 aliis.
1418 1947 1484 1996 Cum
1498 1949 1581 1996 nutem
1600 1946 1690 1997 ioedarn
1703 1952 1728 1998 et

951 2058 963 2082 ι
978 2053 1077 2104 gravem
1096 2039 1286 2098 necessitatem,
1302 2053 1359 2103 quoe
1371 2052 1411 2090 rne
1423 2038 1566 2102 implicitam
1578 2041 1646 2089 tenet
1659 2040 1728 2090 iutel-

951 2152 963 2175 κ
981 2133 1082 2193 texeris,
1097 2132 1186 2184 deiude
1200 2146 1256 2183 curn
1274 2132 1322 2182 iliis
1341 2131 1488 2182 deliberabis
1507 2132 1631 2195 quomodo
1648 2146 1728 2184 meam

952 2246 963 2268 ι
981 2228 1100 2290 tuamque
1115 2225 1229 2278 iniuriam
1245 2226 1341 2276 ulturus
1359 2225 1407 2286 sis,
1427 2239 1473 2276 nec
1494 2227 1578 2289 longas
1592 2240 1673 2278 moras
1687 2228 1726 2278 in·

951 2340 963 2362 «ι
981 2323 1104 2383 terpones.
1122 2341 1134 2364 υ

982 2420 1082 2469 lxvii.
1103 2419 1168 2469 (lum
1184 2421 1267 2469 autern
1288 2417 1433 2469 nobilissimi
1451 2418 1497 2469 riri
1510 2420 1621 2472 celeriter
1632 2429 1659 2476 et
1671 2433 1728 2472 mn·

951 2541 998 2589 gna
1008 2524 1162 2577 testinatione
1175 2525 1288 2577 advocati
1303 2523 1404 2574 domurn
1416 2525 1603 2583 convenissent,
1614 2524 1730 2588 quemad·
1806 2568 1809 2575 .

952 2633 1053 2683 rnodum
1066 2631 1108 2683 illa
1117 2630 1270 2696 postularat,
1281 2644 1334 2681 reru
1343 2634 1421 2681 totam
1436 2631 1491 2682 inde
1505 2631 1536 2682 ab
1552 2632 1670 2695 principio
1682 2631 1730 2683 iilis

952 2737 1067 2789 narrarit.
1101 2738 1188 2787 Postea
1202 2739 1296 2800 putrem
1308 2735 1451 2800 complexa,
1468 2739 1494 2786 et
1512 2736 1597 2786 multis
1616 2736 1731 2801 precibus

949 2848 1029 2910 ipsum
1055 2847 1080 2896 et
1101 2843 1169 2906 illos,
1197 2843 1312 2907 quicum
1337 2856 1368 2894 eo
1397 2842 1499 2894 aderant
1519 2844 1655 2907 obtestata,
1672 2844 1731 2898 deos

953 2952 1027 3003 etiarn
1047 2950 1160 3015 laresque
1184 2948 1324 3014 suppliciter
1336 2950 1452 3015 precata,
1477 2953 1506 3000 ut
1519 2963 1546 3000 se
1568 2950 1617 3000 cito
1634 2951 1684 3002 rito
1700 2952 1729 3003 ll·

951 3058 1079 3120 herarmi,
1103 3059 1216 3111 districto
1238 3059 1332 3122 cultro,
1356 3073 1432 3123 quern
1454 3060 1501 3110 sub
1523 3064 1591 3110 reste
1619 3060 1732 3114 abditum

952 3166 1073 3230 babebat,
1098 3168 1124 3218 et
1153 3167 1248 3232 pectori
1269 3167 1341 3217 unico
1372 3166 1574 3227 romenellum,
1604 3168 1674 3218 illurn
1698 3168 1731 3219 ad

952 3287 994 3322 cor
1026 3286 1105 3337 usque
1141 3273 1231 3336 adegit.
1275 3274 1389 3325 clamore
1416 3276 1500 3324 antem
1530 3275 1556 3324 et
1576 3273 1670 3322 eiulatu
1702 3287 1730 3325 nc

952 3377 1051 3441 planetu
1075 3377 1191 3428 muliebri
1210 3390 1254 3442 per
1276 3379 1353 3428 totam
1373 3376 1475 3427 domrrm
1494 3379 1591 3436 exorto,
1604 3381 1675 3441 poter
1693 3377 1729 3443 ip-

953 3494 1005 3531 sarn
1030 3482 1173 3547 complexus
1195 3482 1306 3543 larebat,
1327 3484 1353 3534 et
1373 3483 1470 3534 nomine
1493 3495 1548 3533 earn
1564 3483 1684 3544 vocabat,
1706 3487 1732 3536 et

951 3589 1021 3653 quasi
1038 3601 1069 3638 ex
1089 3589 1189 3638 vulnere
1206 3588 1377 3640 convalescere
1397 3592 1424 3639 et
1450 3588 1531 3639 sanari
1546 3593 1636 3654 posset,
1658 3603 1730 3640 cura·

952 3694 1001 3743 bat.
1035 3697 1067 3743 nt
1093 3693 1135 3743 ilia
1150 3694 1176 3744 in
1197 3693 1252 3745 eius
1269 3694 1334 3745 ulnis
1356 3694 1478 3759 palpitans
1499 3699 1524 3746 et
1546 3697 1654 3746 animam
1681 3696 1732 3747 luc·

952 3807 1045 3854 tantem
1068 3803 1156 3853 efflans
1178 3802 1290 3855 moritur.
1324 3806 1440 3855 Romanis
1460 3817 1532 3867 vero,
1556 3805 1600 3869 qui
1619 3806 1730 3869 aderant,

952 3911 1013 3961 adeo
1031 3915 1102 3961 atrox
1121 3913 1147 3962 et
1157 3911 1325 3963 miserandum
1339 3911 1386 3961 boc
1405 3911 1500 3962 lucinus
1522 3916 1562 3963 est
1579 3913 1676 3978 slsum,
1703 3917 1733 3966 ut

952 4025 1038 4063 ornnes
1058 4027 1107 4063 uno
1120 4026 1163 4064 ore
1183 4014 1376 4064 vociferarentur
1398 4013 1477 4064 satius
1498 4026 1552 4065 esse
1574 4014 1621 4064 sibi
1640 4029 1687 4080 pro
1702 4014 1732 4067 ll·

954 4114 1050 4168 bertata
1062 4116 1150 4168 millies
1162 4115 1239 4177 mori,
1252 4129 1328 4179 quarn
1340 4115 1402 4166 tales
1417 4114 1520 4165 iniurias
1533 4117 1666 4180 styrannis
1674 4116 1731 4169 illa-

953 4219 993 4268 tas
1004 4220 1107 4284 perpeti.
1142 4221 1209 4271 luter
1217 4231 1260 4269 eos
1274 4221 1328 4268 erat
1340 4216 1443 4281 quidam
1456 4219 1483 4267 P.
1500 4216 1629 4280 Valerius,
1644 4233 1732 4282 aquo·

953 4323 1010 4373 darn
1029 4322 1191 4376 Sabinorum.
1218 4322 1262 4385 qui
1289 4335 1347 4373 cum
1369 4321 1442 4371 Tatio
1468 4323 1573 4372 Romam
1595 4325 1730 4383 venerant,

953 4426 1083 4484 oriundus,
1096 4426 1135 4476 τῖε
1150 4428 1269 4478 strenuus
1282 4428 1307 4477 et
1318 4425 1436 4489 prudens.
1469 4427 1514 4475 llic
1527 4427 1560 4476 ab
1572 4427 1609 4476 eis
1618 4426 1732 4476 incestra

955 4528 1071 4588 mittitur,
1086 4531 1116 4579 ut
1130 4530 1156 4578 et
1169 4528 1258 4578 marito
1271 4527 1391 4578 Lucreliae
1403 4540 1488 4577 casrnn
1501 4527 1628 4589 indiceret,
1641 4530 1665 4578 et
1675 4542 1732 4577 curu

955 4647 984 4684 eo
1000 4630 1090 4683 milites
1102 4630 1132 4681 ad
1143 4630 1305 4681 delectionem
1320 4642 1335 4678 a
1347 4629 1456 4693 tyrannis
1468 4629 1610 4679 solicitaret.
1644 4630 1672 4679 Ei
1684 4642 1731 4677 au·

954 4739 1005 4786 tem
1024 4734 1067 4784 νίκ
1079 4737 1164 4799 portas
1178 4733 1247 4784 urbis
1263 4745 1363 4795 egresso
1381 4732 1533 4790 Collatinus,
1544 4732 1588 4794 qui
1599 4730 1662 4779 torto
1679 4728 1731 4778 ior-

954 4841 1014 4887 tuna
1029 4849 1060 4886 ex
1077 4835 1163 4885 castris
1178 4835 1202 4884 in
1214 4835 1301 4886 urbem
1316 4833 1427 4895 redibat,
1442 4832 1532 4882 obrius
1548 4831 1591 4891 nt,
1611 4831 1731 4882 domesti-

955 4953 991 4990 τεο
1003 4937 1150 4990 calamitatis
1167 4938 1267 5001 penitus
1287 4936 1401 5002 ignarus,
1423 4940 1522 4986 etcum
1541 4945 1571 4982 ec
1584 4935 1611 4983 L.
1631 4934 1731 4998 lunius,

934 5062 937 5073 ·
955 5046 996 5097 cui
1010 5044 1078 5096 Bmti
1094 5057 1227 5109 cognomen
1241 5045 1308 5103 erat,
1330 5040 1398 5106 quod
1418 5039 1440 5090 si
1456 5040 1543 5090 Graes
1559 5038 1640 5105 lingua
1657 5043 1724 5095 Bruti

955 5160 1041 5199 vocem
1075 5147 1256 5211 interpreteris,
1276 5144 1371 5196 sonabit
1395 5143 1489 5204 ἠλίθιος.
1523 5145 1560 5197 Dc
1586 5160 1636 5210 qno
1661 5144 1732 5210 pauci

955 5246 1054 5313 preclari
1068 5259 1170 5299 necesse
1183 5250 1238 5309 est,
1261 5244 1378 5310 quonian
1395 5244 1499 5298 Romani
1512 5244 1587 5296 liuius
1605 5259 1679 5309 opera
1691 5258 1731 5306 μιν

1144 5406 1422 5463 .Q....
1586 5351 1621 5394 ¹6⁸
