3772 5828
202 373 260 433 586
728 368 900 430 lllONl’Sll
924 366 1304 431 Hnitcaartnssmtsts

203 534 216 558 ο
231 506 281 584 γὰρ
300 505 394 582 βουλῆς
418 503 503 580 δόγμα
530 505 598 576 ὑμᾶς
619 501 709 560 οὐκέτι
729 501 913 561 ἀποδείκνυσιν
937 501 981 562 ἐπὶ

204 622 216 647 ο
232 593 278 663 τήν
295 590 395 671 ἀρχὴν,
410 589 468 650 οὔτε
482 593 508 648 αἱ
523 590 638 670 ρρτίτραι
650 588 698 659 τήν
722 593 808 672 ψῆρον
826 590 893 669 ύπδρ
907 595 982 668 ύμῶν

205 712 217 734 ι
233 683 417 764 ε’πιρέρουόιν,
441 677 501 739 ούτε
523 677 583 758 ίερά
607 679 748 758 προθύεται
765 687 821 745 τοῖς
841 685 908 746 θεαῖς
930 678 982 758 πρὸ

206 799 218 823 n
235 775 286 829 τῶν
306 771 493 850 ἀρχαιρεσιῶν,
512 766 529 826 ἀ
546 768 614 827 κατά
628 766 722 845 νόμους
736 769 816 848 ίχρήν
834 768 982 828 ίπιτελεῖσ-

164 879 178 917 ο
206 888 218 909 ν
234 864 288 928 θαι,
305 857 364 916 οὗτε
379 857 444 915 α’λλο
457 861 509 915 τῶν
524 855 587 934 πρὸς
602 854 661 920 τοὺς
671 855 742 922 θεοὺς
757 854 872 915 εύσεόῶν
887 853 905 927 ἢ
919 855 983 935 πρός

207 974 218 997 ι’
235 945 387 1026 ἀνθρώπους
401 945 483 1004 δαίων
493 942 567 1002 οὐθὲν
582 943 626 1002 ἐπὶ
638 947 684 1014 τῆς
695 946 780 1022 ἀρχῆς
796 946 842 1014 τῆς
853 943 983 1024 ύμετέρας

207 1066 218 1087 κ
235 1038 345 1115 γίνεται.
364 1034 442 1101 Τίνος
456 1019 503 1092 ούι
516 1036 577 1110 ὑμῖν
590 1032 628 1090 ἔτι
650 1032 757 1108 μέτεστι
778 1035 829 1091 τῶν
845 1035 922 1113 ίερῶν
937 1033 982 1091 καὶ

206 1152 218 1175 «ι
234 1125 369 1201 σεύασμοῦ
396 1124 542 1200 δεομένων,
566 1111 602 1179 ῶν
629 1119 656 1179 έν
686 1143 712 1178 τι
735 1123 781 1178 καὶ
803 1121 911 1196 όνόμος
936 1112 982 1194 ἦν,

206 1242 217 1265 ο
234 1211 451 1293 ίξαρνηοαμένοις
476 1209 581 1267 ἅπαντα
606 1207 641 1266 τά
662 1208 784 1284 νόμιμας
800 1236 811 1260 ν
836 1208 930 1268 Ταῦτά
955 1231 983 1267 τε

154 1331 179 1371 to
206 1302 238 1372 δή
250 1312 303 1369 τοῖς
317 1303 464 1381 δημάρχοις
485 1298 574 1377 ἔλεγον
589 1299 613 1356 oi
630 1296 802 1378 πρισόύτεροι
822 1296 868 1356 καί
891 1298 915 1356 οἱ
929 1298 982 1356 νέοι

206 1393 293 1450 αὐτῶν
314 1389 382 1448 κατδ
407 1390 522 1465 ἑταιρίας
546 1384 680 1453 διεξιόντες
698 1385 748 1443 ἀνά
771 1386 819 1457 τήν
835 1385 920 1457 πόλιν,
938 1387 983 1445 καλ

206 1477 264 1543 τούς
286 1477 332 1553 μίν
355 1475 560 1552 ίπιεικεστέραυς
578 1476 630 1529 τῶν
643 1474 766 1548 δημοτῶν
784 1471 899 1548 ὁμιλίαις
921 1473 983 1531 ἀνε-

206 1564 343 1641 λάμύανον
359 1563 578 1643 κεχαρισμέναις,
598 1561 656 1628 τοὺς
670 1563 694 1620 δ’
710 1563 823 1629 ἀπειθεῖς
835 1562 880 1620 καί
900 1584 983 1643 ταρα·

206 1650 300 1731 χώδεις
315 1655 434 1718 ἀπειλαῖς
446 1650 659 1720 κατεπλήττοντο
673 1651 814 1722 κινδύνων,
829 1651 852 1708 εἷ
875 1647 913 1727 μὴ
929 1674 982 1709 σω·

154 1776 178 1815 γ,
207 1739 375 1821 φρονήσειαν·
391 1741 443 1812 ήδη
456 1739 483 1798 δέ
496 1763 566 1807 τινας
575 1742 628 1798 τῶν
642 1740 712 1798 πάνυ
726 1741 831 1818 ἀπόρων
843 1740 889 1798 καί
899 1741 984 1819 ἀπερ·

207 1828 357 1907 ριμμίνων.
370 1819 408 1896 οἷς
417 1828 518 1896 οθθενδς
532 1831 582 1886 τῶν
599 1831 691 1887 κοινῶν
702 1827 774 1906 παρδι
784 1828 817 1886 ri
831 1828 887 1888 ίδια
902 1830 983 1910 κέρδη

206 1919 309 1997 ρραντίς
322 1909 370 1991 ήν,
392 1917 513 1985 παίοντες
536 1914 627 1996 ῶσπερ
644 1916 795 1997 ἀνδράποδα
817 1917 937 1997 ἀνεῖργον
953 1920 984 1977 ἐκ

205 2009 251 2077 τῆς
271 2011 379 2087 ἀγορᾶς.

247 2097 280 2155 λ’.
304 2095 337 2157 ‘0
358 2095 385 2154 δὲ
405 2094 542 2161 πλείσταις
557 2116 585 2152 τε
607 2092 667 2174 περλ
684 2092 760 2153 αὑτὸν
782 2092 850 2174 ἔχων
865 2091 983 2173 ἑταίρους

153 2206 180 2245 ευ
207 2185 251 2241 καί
276 2183 398 2262 μέγιστον
426 2186 478 2242 τῶν
506 2182 565 2242 τότε
594 2181 658 2240 νέων
693 2181 836 2255 δυνόμενος
874 2180 982 2242 Καίσων

209 2262 328 2338 Κοίντιος
345 2262 392 2345 ήν,
418 2272 470 2338 υἱός
486 2270 598 2332 Λευκίου
622 2270 742 2331 liciniae
758 2276 802 2329 τοῦ
818 2270 983 2349 καλουμένου

210 2360 378 2433 Κικιννοίτου,
400 2349 508 2442 ᾧγένος
529 2362 553 2418 τ’
571 2352 602 2433 ήν
621 2358 742 2441 ἐπιμανὲς
768 2360 813 2418 καὶ
829 2359 884 2438 βίος
908 2360 982 2418 ούδε-

207 2448 248 2516 νός
263 2448 392 2527 δεύτερος,
416 2448 482 2530 ἀνήρ
506 2451 620 2530 δοθῆναί
638 2472 666 2508 τε
688 2446 829 2515 κοίλλιστος
848 2447 912 2506 νέων
937 2448 983 2508 καί

207 2537 239 2598 si
251 2538 366 2614 πολέμια
382 2539 489 2597 πόντων
512 2537 700 2618 λαμπρότατος
712 2535 786 2617 φύσει
810 2560 838 2596 τε
860 2537 922 2617 περὶ
935 2537 984 2597 λό·

153 2637 179 2674 '2⁵
207 2652 266 2703 γους
280 2629 442 2707 κεχρημένος
463 2630 565 2705 ἀγαθῇ·
586 2626 612 2694 θς
631 2628 658 2685 ίν
672 2630 710 2705 τῷ
729 2625 787 2686 τότε
800 2625 889 2706 χρόνῳ
903 2626 983 2694 πολύς

207 2717 274 2796 ἔρρει
292 2716 363 2775 κατόι
383 2719 435 2775 τῶν
450 2717 616 2793 δημοτικῶν,
640 2714 698 2775 οὔτε
713 2715 796 2791 λόγων
812 2714 981 2796 ρειδόμενος,

206 2796 243 2863 ὧν
262 2804 328 2883 βαρὺ
341 2809 394 2871 τοῖς
417 2804 560 2883 δλευθέροις
584 2803 708 2880 ἀκούειν,
732 2803 791 2864 οὗτε
813 2803 897 2884 ἔργων
919 2808 983 2863 oiso-

207 2892 306 2954 λούθιυν
320 2894 373 2961 τοῖς
387 2893 473 2972 λόγοις
486 2891 660 2972 ἀπεχόμενος.
704 2895 739 2953 Οἱ
754 2891 802 2968 μὲν
821 2883 865 2950 ούν
883 2894 981 2973 πατρί-

208 3006 259 3042 κιοι
274 2981 361 3061 τίμιον
378 2981 456 3038 αύτδν
472 2981 515 3038 ἐπὶ
529 2979 629 3044 τούτοις
649 2970 730 3057 ήγον,
748 2980 793 3038 καί
808 2980 895 3056 μένειν
908 2981 981 3063 παρὰ

154 3086 180 3123 nn
207 3070 239 3127 τδι
255 3071 325 3128 δεινόι
346 3066 448 3138 ἠξίουν,
473 3067 547 3123 αὐτοὶ
574 3065 693 3144 παρέξειν
716 3067 745 3124 τό
768 3067 884 3147 ἀσραλίς
906 3070 983 3127 ύπισ-

207 3160 362 3240 χνούμενοι·
379 3159 401 3215 οἱ
422 3156 444 3212 δ’
461 3158 490 3214 ἐκ
511 3158 556 3210 τοῦ
577 3152 660 3231 δήμου
683 3154 787 3212 ποίντων
809 3154 840 3226 δή
865 3156 982 3233 μοίλιοτα

207 3249 285 3308 αὐτόν
304 3245 447 3327 ἀνθρώπων
465 3244 579 3321 ἐμίσουν.
622 3246 723 3304 Τοῦτον
743 3244 786 3302 τόν
809 3245 889 3325 ἄνδρα
905 3246 983 3324 ἔγνον·

208 3361 256 3398 σαν
279 3341 302 3394 οἱ
323 3337 458 3414 δήμαρχοι
484 3336 588 3414 πρῶτον
610 3327 727 3392 ἐκποδὼν
752 3336 929 3409 ποιήσασθαι,
948 3342 982 3407 ὡς

207 3424 436 3502 καταπληξόμενοι
458 3424 516 3490 τούς
538 3422 643 3490 λοιπούς
659 3427 710 3482 τῶν
724 3426 789 3484 νέων
816 3427 860 3484 καί
882 3450 982 3507 προσα-

160 3518 185 3556 ²⁵³
208 3515 382 3593 νοιγκιίσοντες
398 3518 549 3593 σοιρρονεῖν.
595 3514 702 3581 Γνόντες
718 3514 745 3574 δὲ
766 3521 850 3574 ταῦτα
874 3518 919 3576 καί
934 3542 983 3577 πα·

209 3608 435 3685 ρασκευασοίμενοι
459 3604 550 3682 λόγους
566 3627 595 3662 τε
619 3604 663 3663 καί
685 3604 819 3687 μάρτυρας
848 3608 981 3685 πολλοὺς,

208 3695 355 3772 εἰσάγουσιν
378 3694 454 3753 αὐτόν
476 3693 526 3751 ύπδ
553 3694 629 3764 δίκην
653 3695 816 3767 ἀδικήματος
840 3696 983 3773 δημοσίου,

207 3785 318 3843 θανᾶτου
330 3784 504 3860 τιμησάμενοι
518 3781 565 3853 τήν
582 3783 666 3852 δίκην.
711 3784 942 3861 Παραγγειλαντες
957 3788 983 3845 δέ

208 3874 278 3950 αὐτῷ
302 3881 424 3950 παρεῖναι
450 3873 514 3950 πρός
538 3872 582 3928 τόν
599 3872 696 3946 δῆμον,
722 3872 812 3941 ἐπειδὴ
836 3877 950 3942 καθῆκεν
970 3879 984 3933 θ

154 3980 180 4017 ιο
208 3959 312 4036 χρόνος,
335 3960 468 4027 διέταξαν
484 3964 515 4038 τῇ
532 3960 610 4037 δίκῃ,
633 3959 821 4036 συναγαγόντες
840 3962 983 4031 ἐκκλησίαν

208 4045 324 4122 μακρούς
346 4047 502 4116 ἐποιήσαντο
526 4051 585 4105 κατ’
611 4048 690 4105 αὐτοῦ
709 4049 819 4123 λόγους,
847 4048 982 4118 διεξιόντες

207 4135 255 4191 ὅσα
271 4133 314 4210 ,θέᾳ
332 4135 556 4213 διαπεπραγμένος
574 4134 717 4214 ἐτύγχανεν
734 4138 768 4198 ei<
783 4133 841 4201 τοὺς
856 4137 982 4214 δημότας,

207 4212 243 4278 ῶν
254 4219 312 4283 τοὺς
324 4221 484 4288 πεπονθότας
499 4223 590 4290 αὐτούς
609 4228 728 4303 παρῆγον
746 4224 889 4304 μάρτυρας.
934 4228 982 4297 Ὡς

208 4309 234 4366 δὲ
251 4308 407 4386 παρέδωκαν
424 4309 571 4386 τὸνλόγον,
588 4312 649 4370 αὐτὸ
674 4312 722 4387 μέν
737 4313 767 4372 εδ
785 4314 920 4393 μειράκιον
936 4321 981 4399 σύγ

156 4417 183 4453 tn
208 4401 323 4468 ὑπήκουε
344 4398 506 4473 καλούμενον
526 4400 568 4457 ἐπί
590 4400 637 4469 τήν
656 4403 815 4480 ἀπολογίαν,
837 4406 896 4464 ἀλλ’
910 4388 983 4478 ήξίού

207 4488 258 4553 τοῖς
275 4487 391 4552 ἰδιώταις
417 4490 503 4552 αὐτοῖς
532 4488 597 4569 ὑπὲρ
612 4481 647 4547 ὧν
669 4494 782 4569 ᾐτιῶντο
805 4501 897 4553 παθεῖν
914 4498 982 4555 κατδι

207 4577 249 4635 τόν
266 4574 345 4650 νόμον
364 4575 470 4655 ύπέχειν
496 4578 585 4649 δίκας,
609 4579 716 4637 ἐπὶτῶν
737 4580 844 4638 ύποίτοιν
861 4590 907 4655 τῆς
923 4587 982 4663 κρί-

207 4693 271 4732 σεως
288 4666 469 4743 γινομένηςὸ
497 4667 522 4724 δὲ
544 4667 630 4748 πατήρ
653 4669 732 4727 αὐτοῦ
748 4672 871 4748 χαλεπῶς
887 4671 980 4751 ρέρον-

206 4781 251 4822 τας
272 4757 318 4825 τήν
344 4754 483 4812 αύθοίδειαν
511 4761 557 4813 τοῦ
581 4758 717 4834 μειρακίου
743 4759 801 4825 τούς
825 4759 982 4834 δημοτικοὺς

154 4866 180 4902 oc
208 4850 273 4922 ’ἱρῶν
284 4891 290 4915 ,
303 4846 458 4924 ἀπελογεῖτο
471 4844 504 4902 τδι
518 4846 564 4922 μὲν
580 4847 666 4902 πολλὰ
681 4849 763 4927 Ιρευδῆ
777 4873 805 4906 τε
822 4849 866 4906 καὶ
882 4848 907 4915 ἐξ
923 4850 981 4906 έπε-

209 4934 302 5002 ἷῖουλῆς
317 4935 476 5012 συγκείμενα
494 4934 562 4991 κατὰ
576 4939 621 4991 τοῦ
637 4937 729 5000 παιδός
752 4936 915 5004 ἀποδεικνύς·
933 4935 982 4994 ὅσοι

208 5020 234 5076 δὲ
253 5022 300 5077 oia.
323 5025 381 5091 ε’νήν
398 5023 562 5103 ἀρνήσασθαι
585 5020 667 5098 μικρδι
688 5023 733 5080 καί
759 5028 846 5102 ραῢλα
872 5025 917 5083 καί
937 5029 982 5084 οὐκ

138 5113 141 5119 “
208 5106 266 5173 ἀξια
284 5109 413 5179 δημοσίας
436 5113 514 5189 όργής
529 5102 595 5168 εἶναι
613 5108 713 5183 λέγων,
727 5111 771 5167 καί
786 5113 844 5169 ουδὲ
856 5120 940 5173 ταῦτα
957 5115 982 5183 ἐξ

208 5193 347 5262 {attonite
370 5193 386 5266 λ,
403 5199 436 5256 δι’
458 5197 549 5275 θόριν,
566 5197 624 5255 ἀλλ’
645 5196 697 5253 ύπδ
717 5199 867 5276 φιλοτιμίας
886 5226 980 5282 μειρα-

1038 530 1050 554 n
1064 510 1177 561 consulto
1191 509 1259 559 hunc
1268 487 1441 572 magistratum
1453 505 1582 570 accipitis,
1598 518 1688 571 aeque
1705 506 1840 559 centniia-

1037 620 1050 643 «
1065 599 1111 650 tim
1121 597 1155 650 de
1170 600 1242 650 robis
1257 598 1376 662 snttragia
1391 598 1516 658 teruntur,
1531 599 1648 648 meante
1663 597 1776 648 comitia
1788 598 1836 651 diis

1037 710 1049 734 ι
1067 690 1361 756 condemnareque
1374 705 1406 741 ex
1424 689 1519 754 legibus
1532 690 1618 756 atquc
1628 702 1664 741 ee
1677 693 1744 755 ipso
1757 704 1834 743 nore

1037 803 1050 828 ι
1064 784 1175 834 iacienda
1184 788 1282 845 essem,
1295 783 1402 848 denique
1415 781 1476 833 nibil
1496 780 1607 839 omnino,
1628 784 1676 833 sut
1685 780 1762 847 plum
1773 797 1832 848 erga

1038 896 1051 918 a
1065 875 1134 935 deos,
1147 878 1190 926 aut
1200 879 1314 925 sanctum
1327 886 1385 936 erga
1395 871 1521 932 homines,
1530 871 1557 922 iu
1570 874 1662 923 restro
1679 874 1831 937 magistratu

1038 986 1050 1009 ο
1065 966 1102 1018 tit.
1120 967 1187 1026 Quid
1205 967 1282 1032 igitur
1308 964 1414 1029 amplius
1436 963 1468 1015 ad
1491 978 1538 1014 vos
1554 965 1688 1030 pertinent
1713 980 1762 1029 ea,
1774 982 1830 1031 que

1038 1078 1050 1100 «ι
1068 1058 1177 1123 indigent
1193 1062 1219 1109 et
1234 1055 1362 1109 saoriirciis
1376 1058 1401 1106 et
1422 1054 1491 1105 cultu
1503 1069 1586 1117 saem,
1605 1053 1676 1106 inter
1692 1068 1757 1122 quas
1773 1070 1829 1108 cen·

1038 1169 1050 1193 ι
1065 1157 1149 1201 senten
1161 1155 1187 1201 et
1210 1149 1270 1214 ipsas
1287 1149 1369 1212 legem
1383 1146 1506 1210 siquidem
1524 1160 1611 1199 ornnes
1629 1149 1702 1215 leges
1720 1152 1829 1202 contem-

1039 1261 1051 1283 «
1067 1240 1144 1290 nitist
1159 1261 1171 1285 ν
1186 1242 1246 1291 llaec
1259 1241 1367 1292 seniores
1382 1242 1409 1290 et
1430 1238 1538 1291 iuniores
1551 1239 1662 1304 patricii,
1680 1256 1745 1293 cum
1757 1242 1827 1294 soda-

1037 1331 1095 1382 litiis
1118 1344 1162 1396 per
1179 1332 1267 1382 urbem
1291 1335 1473 1392 commeantes,
1496 1330 1605 1384 tribunis
1626 1332 1761 1385 dicebant.
1791 1332 1825 1386 sd

1037 1425 1092 1475 bec
1105 1424 1172 1475 eires
1183 1424 1305 1489 aequiores
1319 1423 1416 1476 blandis
1430 1424 1548 1489 alloquiis
1560 1425 1722 1488 mulcebant,
1734 1427 1824 1478 retrae-

1037 1516 1114 1567 tarios
1124 1529 1183 1565 rem
1194 1519 1221 1566 et
1238 1515 1395 1567 turbulentos
1410 1516 1485 1568 minis
1500 1517 1674 1581 periculorum
1690 1519 1825 1579 terrebant,

1037 1607 1085 1659 nisi
1103 1612 1217 1672 saperent
1229 1621 1258 1657 ae
1271 1606 1383 1657 modeste
1401 1621 1428 1658 se
1453 1611 1568 1671 gererent
1592 1608 1741 1668 Quinetiam
1754 1624 1826 1677 quos·

1038 1706 1095 1757 darn
1107 1706 1277 1771 pauperrimos
1288 1708 1315 1755 et
1328 1704 1419 1755 intimas
1433 1704 1596 1767 conditionis,
1616 1706 1750 1768 homines,
1770 1708 1825 1771 qui·

1038 1802 1085 1852 bus
1099 1801 1195 1865 privata
1210 1799 1341 1850 commoda
1352 1799 1422 1863 bnge
1433 1798 1574 1862 antiquiora
1587 1802 1677 1863 erant,
1691 1814 1771 1865 qoam
1783 1800 1825 1851 rei·

1038 1890 1152 1955 publicae,
1166 1889 1276 1953 protentos
1289 1888 1358 1937 velut
1372 1886 1519 1951 mancipiae
1531 1887 1588 1939 toro
1601 1889 1735 1942 arcebant.

1069 2107 1098 2152 v.
1112 2104 1161 2161 Qui
1174 2115 1233 2152 rero
1249 2101 1368 2166 plurimos
1378 2100 1476 2152 sodales
1486 2101 1557 2152 circa
1567 2114 1596 2154 se
1612 2102 1728 2163 habebat,
1740 2109 1765 2155 et
1780 2104 1824 2169 qui

1038 2193 1171 2258 plurimum
1190 2194 1288 2256 poterat
1302 2191 1368 2245 inter
1376 2204 1463 2242 omnes
1476 2190 1543 2242 illins
1556 2190 1633 2242 secali
1645 2191 1762 2248 iuniores.
1776 2194 1820 2254 qui

1038 2282 1063 2332 in
1084 2280 1145 2331 urbe
1169 2284 1246 2339 erant,
1271 2280 1292 2330 is
1306 2284 1360 2330 erat
1373 2280 1444 2331 Caso
1457 2277 1582 2339 Quintius,
1600 2279 1628 2329 l..
1649 2277 1743 2336 Quintil
1757 2279 1816 2329 Gin-

1037 2369 1129 2421 cinnati
1153 2368 1228 2429 iilius,
1247 2368 1421 2433 nobiligenere
1439 2371 1520 2428 ortus,
1538 2370 1565 2419 et
1586 2366 1743 2419 beultatibus
1756 2368 1820 2420 nulli

1037 2459 1171 2519 secundus,
1186 2459 1224 2509 rir
1236 2457 1353 2523 adspemu
1367 2456 1481 2508 iurenum
1493 2455 1685 2521 putcherrimae,
1695 2460 1721 2507 et
1732 2456 1822 2509 bellice

1038 2548 1131 2597 virtute
1143 2546 1207 2596 inter
1221 2548 1325 2595 caeteros
1336 2556 1422 2595 omnes
1435 2544 1507 2606 longe
1519 2543 1680 2609 conspicuus,
1690 2549 1717 2595 et
1727 2544 1823 2605 maesnio

1038 2632 1069 2682 ad
1082 2632 1215 2683 dicendum
1229 2631 1294 2683 lellci
1310 2633 1369 2695 :qui
1384 2634 1445 2682 tunc
1456 2631 1653 2683 vehementerlo
1666 2631 1777 2698 plebeios
1786 2640 1825 2686 est

1039 2722 1161 2783 invectus,
1174 2732 1219 2770 nec
1229 2734 1243 2770 a
1254 2718 1337 2770 verbis
1352 2724 1501 2783 temperans,
1516 2731 1575 2782 quaa
1589 2718 1675 2771 liberis
1685 2720 1823 2773 bominibus

1039 2813 1127 2863 auditu
1137 2816 1195 2862 sunt
1206 2812 1318 2867 moleste.
1331 2825 1401 2861 neca
1415 2811 1487 2861 tactis
1500 2811 1607 2861 orationi
1618 2814 1821 2877 respondentibus

1039 2901 1173 2951 abstinens.
1206 2901 1304 2950 Patricit
1327 2902 1456 2965 prepterea
1472 2911 1531 2950 eum
1550 2899 1577 2950 ln
1599 2902 1821 2966 memaohebebant

1039 2992 1119 3057 pretio
1140 2995 1174 3051 et,
1192 2992 1335 3057 pollicentes
1347 3006 1374 3043 se
1390 2992 1425 3042 illi
1441 2992 1638 3045 incolumitatem
1657 2997 1820 3060 praestituros,

1040 3082 1125 3144 rogant
1143 3081 1172 3129 ut
1195 3081 1220 3129 in
1234 3080 1350 3145 periculis
1368 3079 1519 3132 sustinendis
1530 3085 1708 3146 perseveraret
1725 3105 1733 3136 ν
1748 3084 1821 3149 plebel

1040 3171 1157 3219 econtra
1176 3180 1232 3217 eum
1260 3168 1369 3216 marimo
1387 3167 1444 3217 odio
1464 3167 1689 3232 prosequebantnr.
1724 3171 1821 3223 Tribuni

1040 3255 1116 3320 igitur
1132 3269 1191 3306 eum
1204 3255 1235 3304 de
1254 3255 1337 3305 medio
1353 3256 1439 3306 tollere
1459 3256 1634 3319 decreverunt,
1651 3265 1780 3324 sperantes
1795 3275 1821 3312 se

1040 3349 1087 3398 boc
1101 3348 1276 3412 pactocmteris
1291 3346 1428 3398 iunioribus
1439 3352 1560 3400 terrorem
1572 3351 1728 3413 incussums,
1743 3357 1768 3404 et
1779 3367 1821 3405 ne·

1040 3439 1181 3490 cessitatem
1196 3438 1333 3489 modestius
1351 3453 1377 3488 se
1392 3439 1492 3504 gerendi
1505 3440 1565 3504 ipsis
1576 3441 1746 3506 imposituros
1776 3445 1821 3497 llis

1039 3533 1146 3583 decretis
1168 3536 1195 3584 et
1208 3531 1318 3582 oratione
1337 3532 1492 3596 testibusque
1517 3532 1603 3584 multis
1624 3537 1730 3598 paratis,
1757 3538 1819 3589 iasa

1039 3625 1181 3688 reipublice
1205 3637 1262 3674 enm
1286 3626 1451 3686 accusarunt,
1472 3623 1540 3675 litem
1561 3624 1642 3688 caplte
1659 3627 1819 3679 aestimantes.

1039 3718 1119 3777 Atque
1132 3714 1172 3765 dte
1181 3714 1216 3764 illi
1226 3712 1303 3771 dicta,
1316 3726 1365 3775 qua
1375 3725 1487 3762 caussam
1498 3712 1565 3776 apud
1574 3714 1696 3776 populum
1708 3715 1819 3769 diceret:

1039 3801 1082 3851 ubi
1095 3817 1124 3852 ea
1137 3801 1204 3852 venit
1226 3800 1268 3859 ilii,
1281 3803 1416 3850 convocata
1435 3799 1566 3858 concione,
1582 3798 1655 3864 longa
1666 3802 1819 3854 accumbam

1039 3893 1063 3942 in
1076 3906 1134 3942 curn
1156 3897 1215 3942 sunt
1228 3889 1331 3946 invecti,
1350 3892 1524 3939 enumerantes
1540 3888 1649 3940 violenta
1663 3891 1721 3943 eius
1732 3892 1756 3942 ln
1766 3891 1816 3956 ple·

1039 3981 1107 4031 beios
1126 3981 1247 4037 facinora,
1265 3993 1370 4043 quorum
1394 3982 1472 4028 testes
1487 3976 1659 4041 producebant
1683 3978 1740 4029 illos
1755 3979 1820 4044 ipsos

1038 4068 1081 4131 qui
1090 4066 1202 4131 iujuriam
1211 4067 1368 4129 acceperant.
1404 4063 1507 4124 Deinde,
1523 4063 1620 4114 lactaei
1631 4062 1732 4116 dicendi
1743 4067 1818 4131 eopia.

1038 4156 1089 4219 ipse
1111 4154 1208 4203 iuvenis
1222 4154 1313 4204 citatus
1326 4151 1357 4200 ad
1375 4163 1489 4200 caussam
1502 4149 1633 4200 dicendam
1646 4153 1733 4202 venire
1751 4153 1820 4204 note·

1038 4242 1096 4292 bat:
1111 4241 1154 4292 sed
1168 4240 1265 4291 volebat
1280 4241 1338 4304 ipsis
1350 4239 1452 4303 privatis
1464 4238 1571 4298 civibus,
1582 4253 1628 4303 pro
1638 4239 1747 4305 injuriis,
1758 4257 1821 4304 quas

1039 4331 1084 4379 sibi
1107 4330 1187 4378 illatas
1209 4328 1387 4390 querebantur,
1404 4326 1434 4376 ad
1449 4326 1557 4376 consulis
1579 4326 1699 4387 tribunal,
1722 4341 1819 4382 caussae

1038 4423 1175 4493 erignitione
1190 4419 1283 4482 judicio
1295 4434 1381 4469 eorrnn
1396 4418 1537 4478 commissa,
1549 4431 1579 4468 ex
1605 4418 1703 4483 legibus
1718 4419 1820 4470 satista-

1038 4522 1102 4558 cero.
1117 4510 1180 4556 Tum
1192 4508 1261 4568 pater
1274 4506 1337 4565 elus,
1350 4506 1433 4556 videns
1441 4505 1536 4569 plebem
1547 4505 1643 4556 invenis
1656 4506 1819 4570 pervicaciam

1038 4597 1123 4659 iniquo
1139 4595 1221 4644 animo
1236 4596 1313 4655 terre,
1330 4609 1386 4645 eum
1399 4595 1517 4660 prrrgabat
1533 4597 1558 4644 ei
1575 4596 1691 4658 pleraque
1706 4597 1818 4650 crimina.

1040 4693 1065 4736 ut
1079 4688 1139 4737 inlsa
1157 4691 1182 4738 et
1194 4688 1298 4737 conficta
1317 4687 1434 4739 insidiose
1450 4689 1473 4737 in
1489 4688 1579 4745 lilium,
1598 4689 1726 4740 refellebat
1741 4708 1747 4738 t
1763 4705 1818 4754 quse

1038 4788 1096 4822 rere
1111 4775 1213 4825 inlreiari
1234 4790 1283 4824 non
1300 4778 1411 4839 poterat,
1433 4790 1509 4839 parra
1533 4790 1561 4824 en
1573 4779 1598 4825 et
1616 4777 1696 4826 inania
1720 4793 1765 4828 nec
1783 4779 1819 4828 ira

1038 4878 1068 4914 no
1082 4865 1266 4927 indipnntione
1292 4866 1390 4929 publiea
1405 4866 1478 4928 <ligna
1501 4865 1612 4921 dicebat.
1637 4869 1664 4917 et
1680 4880 1711 4917 ne
1724 4882 1752 4919 ea
1766 4867 1820 4930 qui·

1037 4955 1094 5002 «lem
1113 4967 1156 5016 per
1178 4954 1286 5012 insidias,
1308 4956 1351 5002 aut
1376 4946 1567 5014 contumeliam,
1583 4953 1627 5003 sed
1651 4953 1766 5004 iuvenilis
1788 4971 1819 5006 ac

1038 5041 1174 5090 ambitiosae
1190 5043 1352 5092 contentionis
1368 5042 1452 5091 studio
1471 5041 1603 5090 commissa
1617 5040 1817 5097 demonstrabam

1038 5128 1070 5175 ob
1081 5127 1148 5189 qnod
1162 5128 1263 5176 dicebat
1273 5129 1391 5178 accidisse
1404 5130 1435 5187 ei,
1449 5132 1477 5178 ut
1492 5129 1514 5176 in
1528 5126 1726 5178 contentionibus
1737 5128 1818 5180 multa

1040 5228 1127 5277 parurn
1143 5214 1253 5265 consulte
1268 5217 1349 5266 tacere
1368 5218 1472 5266 tortasse
1489 5216 1564 5265 etiarn
1581 5218 1659 5266 nrutta
1672 5219 1817 5281 perpetere-
