3772 5828
623 388 917 466 attrectantium
940 387 1085 449 politti.
1108 386 1180 446 LlB.
1206 387 1255 446 lV.

123 555 136 579 ⁸
159 524 248 606 ὥσπερ
257 525 291 584 τδι
301 526 412 604 πατρῷα
424 523 901 600 άποστερούμενοι,καλοθτάλλότρια

125 646 136 665 ⁸
159 615 340 681 ἀποδιδόντες·
362 617 386 673 οἱ
404 613 428 672 δ’
447 613 575 690 ἀνειμένοι
592 617 643 671 τῶν
657 616 783 692 εἰσφορῶν
799 616 850 670 τῶν
867 615 903 678 εἰς

124 733 136 756 ι
156 703 216 769 τοὺς
238 704 384 778 πολέμους,
400 705 421 760 εἰ
440 702 603 778 τιμήσασθαι
617 700 677 767 τοὺς
695 706 765 781 βίους
781 704 899 776 άναγκα·

123 818 136 844 ιι
159 793 312 863 σθήσσνται,
330 795 375 849 καὶ
390 791 443 849 άπὸ
456 794 508 849 τῶν
528 789 687 867 τιμημάτων
709 789 757 857 τδις
780 787 902 870 εἰσφοράς

80 902 95 939 σ
123 907 136 935 ⁸
158 882 350 962 συνεισφέρειν·
364 886 437 960 κοινῇ
453 877 480 938 δέ
495 878 657 957 σύμπαντες,
673 877 713 938 δτι
729 879 798 938 κατδι
809 880 902 955 νόμους

122 999 134 1024 ιι
160 969 357 1051 γεγραμμένους
364 969 543 1040 ἐθισθήσονται
550 971 607 1040 ζῆν,
617 967 651 1026 τά
661 969 749 1027 δίκαια
759 969 786 1037 έξ
796 967 853 1027 ἴσου
864 969 901 1026 δι-

124 1086 136 1110 ⁸
160 1058 245 1125 δόντες
259 1062 318 1134 ύμῖν
332 1057 378 1117 καὶ
393 1056 587 1134 λαμβάνοντες,
603 1055 662 1115 ἀλλ’
685 1058 735 1137 οὐχ
750 1056 840 1134 ὥσπερ
855 1057 903 1133 άρ·

125 1174 137 1198 ⁸
159 1147 314 1226 γυρωνήτοις
326 1147 548 1227 παραχρήσονται
562 1146 616 1211 τοῖς
630 1144 755 1217 πένησιν,
771 1143 785 1202 δ
799 1149 902 1204 ποιοῦσι

123 1263 136 1287 ⁸
158 1240 214 1299 νύν.
257 1236 312 1295 Καὶ
325 1239 410 1294 ταῦτα
430 1234 462 1304 δή
477 1233 510 1292 τά
531 1232 688 1312 ἐγκλήματα
703 1233 902 1311 συνενέγκαντες

70 1339 96 1377 ¹⁰
124 1352 135 1378 ⁸
158 1326 193 1392 είς
213 1323 244 1384 τδ
257 1325 359 1394 καινὸν,
374 1322 559 1403 βεθούλευνταί
580 1345 608 1381 τε
630 1325 676 1382 καὶ
697 1323 903 1400 συνομωμόκασι

124 1441 136 1465 ⁸
156 1415 283 1492 κατάγειν
292 1413 353 1481 τοὺς
365 1414 492 1492 φυγάδας,
504 1412 614 1481 καὶτοῖς
626 1413 751 1493 Μαρκίου
762 1413 840 1471 παισὶ
854 1412 902 1482 τὴν

123 1529 136 1554 ⁸
159 1502 293 1581 βασιλείαν
303 1502 468 1575 ἀποδιδόναι,
481 1500 524 1568 οθς
534 1504 608 1578 ὑμεῖς
621 1501 768 1581 Ταρκύνιον
777 1500 902 1560 ἀποκτεί-

123 1619 135 1644 ι
157 1614 252 1659 ναντας
270 1592 315 1651 τὸν
332 1594 444 1673 βασιλέα
459 1595 552 1668 θμῶν,
569 1591 653 1670 ἄνδρα
665 1593 783 1670 χρηστὸν
801 1591 847 1650 καλ
863 1613 904 1670 φε-

123 1707 136 1733 ⁸
159 1678 285 1746 λόπολιν,
305 1682 350 1739 καὶ
369 1682 508 1752 τηλικοῦτο
529 1676 754 1759 διαπραξαμένους
774 1680 834 1759 άγος
855 1680 902 1747 τάς

73 1794 97 1834 ts
124 1797 136 1822 ⁸
154 1793 184 1829 τε
203 1769 279 1837 δίκας
295 1769 407 1846 ἐρήμους
422 1768 575 1834 ἐκλιπόντας
590 1768 635 1827 καὶ
651 1773 735 1848 φυγῆς
750 1772 850 1836 έαυτοῑς
863 1792 903 1828 τι·

124 1886 136 1911 ιι
160 1860 346 1936 μησαμένσυς,
372 1855 453 1937 πυρδς
471 1857 515 1916 καλ
537 1856 631 1924 ύδατος
651 1857 747 1939 εἴργειν
770 1856 901 1939 ἐψηφίσσ·

126 1975 137 2000 ⁸
161 1953 217 2006 σθε.
241 1945 376 2022 Ἔμελλόν
392 1969 433 2016 τε,
449 1948 472 2005 cl
487 1945 526 2022 μὴ
547 1945 675 2026 πρότερον
689 1948 749 2024 ἐμοὶ
764 1946 827 2028 περὶ
842 1943 902 2005 τού-

125 2063 138 2089 ⁸
160 2060 212 2094 των
232 2038 333 2114 έγένετο
347 2037 474 2112 μήνυσις,
491 2032 593 2108 ξενικὴν
609 2034 720 2111 δύναμιν
738 2032 899 2108 ἐπαγόμενοι

125 2152 137 2177 ⁸
159 2125 251 2192 νυκτὸς
263 2125 302 2185 ἔτι
318 2126 418 2197 πολλῆς
434 2123 559 2201 κατάγειν
573 2126 609 2191 εἰς
623 2123 671 2195 τήν
687 2123 763 2184 πολιν
776 2122 836 2190 τοὺς
851 2146 900 2202 φυ-

70 2229 98 2267 ‘20
125 2240 136 2265 ⁸
158 2212 252 2291 γάδας.
295 2213 338 2275 Tit
355 2213 423 2288 μετὰ
440 2216 525 2270 ταῦτα
544 2212 638 2279 πάντες
657 2212 715 2271 ἴστε
735 2212 829 2282 δήπου,
851 2211 901 2290 κᾷν

124 2329 136 2353 ι
158 2301 210 2383 ἐγὼ
225 2301 263 2378 μὴ
275 2302 356 2381 λέγω,
371 2301 412 2361 δτι
428 2301 545 2379 Μάρκιοι
560 2299 798 2376 συλλαμόσνόντων
814 2302 902 2368 αὐτοῖς

124 2418 135 2441 ιι
155 2393 208 2449 τῶν
221 2390 368 2470 πατρικίων
380 2390 558 2468 κατασχόντες
572 2387 605 2447 τά
616 2388 763 2468 πράγματα
778 2389 840 2466 δίχα
851 2390 901 2446 πό·

124 2503 136 2530 ⁸
158 2500 213 2551 νου,
225 2483 331 2559 πρῶτον
347 2477 394 2554 μὲν
407 2476 454 2553 cpi
470 2478 514 2534 τὸν
527 2476 630 2556 φύλακα
644 2480 696 2534 τῶν
713 2477 842 2556 βασιλέοιν
856 2477 902 2534 καὶ

126 2593 139 2618 ⁸
160 2566 207 2632 τδις
239 2569 299 2626 κατ’
328 2569 415 2625 αθτῶν
445 2565 664 2642 ἐπιτελεσάμενον
689 2566 764 2633 δίκας
792 2563 901 2640 ἔμελλον

66 2671 97 2710 aa
127 2680 139 2706 ⁸
164 2654 381 2733 denominentur,
396 2653 486 2712 ἔπειτα
504 2655 581 2715 ταυτὶ
604 2651 638 2712 τά
656 2653 762 2728 παιδία,
775 2655 821 2713 καλ
844 2653 902 2722 τοὺς

127 2769 140 2793 ⁸
162 2743 258 2811 ἄλλους
285 2750 418 2823 συγγενεῖς
441 2743 535 2802 τεκαὶ
558 2743 645 2824 φίλους
658 2741 812 2823 ,Ταρκυνίου
834 2745 901 2803 πάν·

124 2858 136 2884 ι
161 2854 209 2899 τας
228 2832 365 2911 ἀρεῖσθαι·
380 2834 505 2911 γυναῖκας
530 2830 553 2890 δ’
568 2835 645 2909 ἡμῶν
665 2830 711 2890 καὶ
726 2831 843 2911 μητέρας
855 2830 901 2890 καλ

123 2946 135 2970 ⁸
159 2921 314 3000 θυγατέρας,
329 2921 375 2980 καὶ
393 2929 446 2979 πάΐν
468 2919 498 2979 τδ
525 2921 590 2991 θῆλυ
613 2918 685 2997 γένος
713 2921 740 2978 έν
769 2917 901 3001 ἀνδραπό·

125 3035 137 3060 ⁸
158 3007 210 3066 δων
228 3007 388 3079 ποιήσασθαι
402 3008 488 3087 λόγῳ,
501 3008 611 3067 πολύτὸ
624 3009 747 3085 θηριῶδες
762 3007 901 3087 ἔχοντεςέν

71 3116 97 3154 :ro
123 3125 136 3150 ιι
156 3101 189 3177 τῇ
210 3096 286 3179 φύσει
307 3097 352 3157 καί
377 3095 542 3179 τυραννικόν.
586 3099 619 3157 Εἰ
641 3096 689 3170 μέν
710 3088 754 3158 οὖν
776 3096 821 3155 καλ
841 3100 902 3174 ὑμῖν

124 3214 137 3240 ⁸
157 3192 240 3246 ταῦτα
256 3185 423 3265 βουλομένοις
435 3185 522 3260 έστὶν,
535 3176 557 3247 ῶ
570 3186 701 3263 δημόται,
717 3185 776 3254 τοὺς
792 3185 840 3263 μὲν
854 3190 902 3245 ἀν·

123 3302 135 3327 ι
159 3276 294 3357 δροφόνους
305 3276 430 3353 κατάγειν
444 3277 490 3334 καὶ
501 3278 617 3355 βασιλεῖς
631 3275 828 3345 ἀποδεικνύναι,
842 3275 903 3343 τοὺς

124 3391 136 3416 ⁸
158 3365 184 3423 δέ
198 3368 250 3424 τῶν
277 3368 418 3446 εὐεργετῶν
434 3366 530 3431 παῖδας
546 3364 701 3439 ἐξελαύνειν,
723 3366 768 3423 καὶ
788 3363 837 3435 τὴν
851 3365 903 3423 ὑπὸ

125 3483 136 3506 ιι
160 3458 206 3513 τοῦ
230 3453 341 3513 πάππου
368 3454 587 3535 καταλειφθεῖσαν
609 3454 695 3534 ἀρχὴν
718 3456 901 3533 άραιρεῑσθαι,

68 3554 96 3593 aa
124 3569 136 3595 ι.
160 3541 300 3622 στέρξομεν
324 3544 372 3613 τήν
397 3544 493 3622 τύχην.
537 3539 617 3601 Ἀλλά
640 3542 703 3622 πρὸς
732 3542 856 3601 ἁπάντων
874 3567 902 3603 τε

124 3659 137 3684 ⁸
160 3633 226 3688 θεῶν
253 3631 297 3688 καὶ
322 3629 466 3707 δαιμόνων,
487 3629 544 3688 ὅσοι
568 3629 613 3688 τὸν
635 3629 794 3709 ἀνθρώπινον
816 3632 900 3689 έποπ-

126 3747 138 3773 ιι
161 3716 265 3777 τεύουσε
289 3716 360 3796 βίον,
385 3721 472 3778 ἱκέται
491 3720 589 3784 πάντες
608 3720 685 3794 ὑμῶν
708 3717 837 3795 γινόμενοι
857 3719 902 3780 σδν

124 3838 136 3859 ⁸
160 3805 262 3884 γυναιξί
275 3828 304 3867 τε
317 3808 364 3866 ,καλ
378 3807 491 3879 τέκνοις,
505 3807 564 3865 ἀντὶ
583 3808 688 3866 πολλῶν
710 3805 759 3884 μὲν
777 3798 814 3866 ὧν
828 3812 854 3869 Τ
855 3833 902 3890 αρ-

122 3926 135 3953 ι
158 3897 245 3966 κύνιος
259 3899 274 3955 δ
287 3898 339 3956 τῶν
355 3897 468 3957 παιδίων
480 3897 587 3963 πάππος
601 3889 630 3956 εὖ
644 3900 725 3956 ποιῶν
740 3901 809 3973 ὑμᾶς
822 3899 902 3959 διετέ-

68 4013 95 4050 ςιι
123 4015 133 4040 ⁸
157 3986 255 4058 λεσεν,
272 3986 329 4044 άντὶ
350 3988 456 4047 πολλῶν
479 3985 507 4046 δὲ
527 3977 563 4045 ῶν
589 3985 665 4052 αὐτὸς
685 3982 738 4064 ἐγὼ
760 3987 831 4045 κατὰ
855 3989 902 4061 τὴν

123 4107 134 4129 ι
157 4078 274 4153 ἐμαυτοῦ
288 4075 399 4154 δύναμιν
413 4076 540 4155 έγενόμην
553 4079 615 4154 ύμῖν
627 4075 768 4157 χρήσιμος,
782 4077 903 4156 ἀξιοῦμεν

123 4194 134 4219 ι
157 4168 227 4241 ὑμᾶς
249 4162 312 4240 μίαν
331 4168 396 4240 ἡμῖν
419 4166 508 4224 δοῦναι
531 4165 630 4236 ταύτην
653 4165 770 4245 δωρεάν,
789 4167 903 4248 φανερὰν

123 4283 134 4306 ι
156 4258 267 4325 ποιῆσαι
277 4252 324 4322 τὴν
338 4255 413 4330 ὑμῶν
426 4254 512 4312 αὐτῶν
526 4252 645 4331 γνώμην.
692 4256 724 4314 El
735 4253 787 4334 γάρ
801 4255 904 4336 ἑτέρους

102 4370 105 4376 ·
123 4375 135 4396 ⁸
156 4343 230 4410 τινδις
246 4343 447 4423 ἀξιονικοτέρους
458 4347 534 4421 ήμῶν
548 4343 709 4425 ὑπειλήφατε
723 4334 791 4402 εἶναι
805 4343 904 4418 ταύτης

68 4463 96 4500 ιι
123 4462 136 4486 ⁸
157 4439 204 4504 τῆς
220 4436 300 4509 τιμῆς
318 4431 468 4512 τυγχάνειν,
486 4431 520 4491 τδι
539 4432 587 4509 μέν
602 4431 696 4491 παιδία
706 4432 844 4511 οἰχήσεται
854 4435 903 4506 τήν

122 4549 135 4577 ⁸
158 4523 235 4582 πόλιν
258 4525 331 4598 ὑμῶν
354 4521 536 4581 καταλιπόντα
558 4522 642 4593 καλή
667 4522 736 4593 άλλη
755 4523 903 4602 Ταρκυνίου

124 4640 138 4665 ιι
158 4609 312 4689 συγγένεια·
327 4607 380 4688 έγδι
395 4610 417 4668 δ’
431 4609 518 4690 ἕτερόν
531 4634 556 4669 τι
569 4609 746 4689 βουλεύσομαι
755 4612 902 4688 γενναιότε-

124 4729 137 4751 ⁸
161 4723 205 4778 ρον
219 4697 284 4778 ὑπὲρ
303 4701 426 4776 έμαυτοῶ·
447 4697 573 4777 βεόίωται
587 4698 639 4780 γάρ
656 4699 708 4771 ήδη
721 4721 765 4777 μοι
779 4700 825 4760 καλ
838 4700 903 4780 πρὸς

123 4814 136 4842 ι
159 4788 255 4867 ἀρετήν
269 4787 314 4845 καὶ
328 4786 392 4868 πρὸς
411 4785 527 4856 εὐδοξίαν
543 4786 734 4869 ἀποχρώντως,
751 4789 797 4847 καλ
811 4789 858 4847 οὐκ
871 4789 902 4847 δν

69 4886 98 4925 ⁵⁰
125 4904 138 4932 ⁸
158 4875 300 4952 άξιώσαιμι
315 4880 362 4948 τῆς
374 4879 438 4956 παρ’
456 4879 530 4954 ὑμῶν
541 4878 641 4943 εὐνοίας
651 4876 780 4958 ιβευσθιλς,
794 4877 828 4950 ἣν
846 4877 903 4936 άντλ

124 4991 137 5019 ⁸
157 4963 255 5032 παντδς
278 4964 387 5041 εἱλόμην
410 4967 526 5045 άγαθοῶ,
552 4968 599 5037 ξῆν
620 4967 736 5046 αἰσχρῶς
758 4968 785 5025 έν
817 4967 904 5033 ἄλλοις

125 5078 138 5104 ιι
157 5052 223 5116 τισί.
268 5052 443 5135 Παραλάδττε
466 5053 498 5126 δὴ
512 5053 560 5120 τδιε
582 5053 692 5135 θοίόδους
716 5053 763 5113 καλ
785 5051 860 5129 δότε,
880 5055 903 5111 τέ

125 5170 138 5193 ⁸
161 5142 525 5221 βοθλεσθε,τοῖςπατρικίοιε·
535 5140 587 5223 έγὼ
597 5142 621 5202 δ’
635 5147 697 5220 θμῑν
709 5143 758 5201 οθκ
767 5141 903 5222 ένοχλήσω

124 5257 140 5284 '1
159 5230 260 5312 παρών.
279 5258 293 5286 υ

1675 384 1731 446 201

957 548 968 569 ιι
987 524 1107 591 occupant
1122 539 1208 589 agrum
1228 526 1313 574 restro
1336 522 1454 586 sanguine
1470 523 1617 585 quesitum,
1628 523 1687 586 quia
1705 538 1736 573 eo

958 658 969 680 ⁸
987 636 1074 687 cedere
1087 640 1218 700 coguntur,
1238 634 1308 696 quasi
1325 633 1473 697 patrimonio
1495 648 1540 682 sun
1562 633 1736 685 fraudarentur

958 765 970 789 ⁸
987 759 1067 809 neque
1082 745 1187 795 alienam
1205 743 1309 793 reddere
1323 745 1471 806 cogerentur
1488 761 1494 791 ι
1511 743 1633 792 immunes
1653 741 1734 791 tribu-

957 878 969 901 «
988 861 1077 915 torum,
1087 857 1146 920 quia
1154 860 1274 919 cogentur
1287 857 1397 907 fortunas
1412 871 1469 906 suas
1483 857 1506 905 iu
1520 869 1621 905 censum
1634 855 1735 916 reterre,

958 989 970 1012 ⁸
987 972 1013 1019 et
1026 982 1071 1033 pro
1081 983 1166 1018 earum
1176 981 1252 1018 ceusu
1265 967 1357 1018 tributa
1372 968 1490 1017 conterre.
1523 967 1667 1016 Communis
1676 979 1736 1016 rero

958 1099 970 1122 ⁸
987 1079 1098 1129 omnium
1119 1079 1190 1129 dolor
1214 1082 1260 1138 est,
1281 1078 1347 1141 quod
1369 1092 1400 1127 eu
1421 1078 1515 1141 legibus
1534 1080 1632 1143 scriptis
1651 1080 1736 1130 virere

957 1209 969 1234 ⁸
986 1195 1137 1249 assuescent,
1148 1191 1202 1254 pari
1211 1190 1265 1240 lure
1275 1189 1404 1253 nobiscum
1412 1189 1593 1255 (διαπρυσίοις
1606 1206 1660 1253 nec,
1668 1193 1735 1256 quod

958 1315 970 1339 ι
986 1308 1053 1344 nunc
1075 1295 1176 1353 iaciunt,
1206 1294 1357 1359 pauperibus
1379 1298 1495 1358 tanquam
1519 1298 1646 1362 mancipiis
1671 1299 1734 1350 aba·

957 1426 969 1448 ιι
988 1410 1080 1456 lentur.
1115 1408 1202 1469 ltaque
1213 1407 1252 1457 his
1273 1405 1304 1457 de
1318 1406 1419 1466 caussis,
1435 1410 1614 1460 communicato
1626 1411 1689 1461 inter
1707 1425 1735 1464 se
1814 1449 1818 1458 .

957 1536 969 1559 ι
987 1517 1098 1578 eonsilio,
1112 1517 1273 1567 coniuraruut
1290 1520 1390 1572 exsules
1411 1521 1528 1572 reducere
1540 1525 1566 1572 et
1581 1522 1666 1572 ltarcii
1678 1521 1736 1574 tiliis

957 1646 969 1668 ⁸
987 1639 1088 1690 reguum
1101 1627 1242 1690 restituere,
1254 1630 1345 1691 quilius
1360 1645 1413 1691 ros,
1429 1631 1495 1696 quod
1506 1633 1665 1696 Tarquinium
1678 1647 1735 1685 res·

957 1755 969 1778 ⁸
987 1739 1055 1787 trum
1069 1750 1152 1798 regem
1170 1738 1352 1801 interfecerint,
1367 1741 1448 1791 virum
1468 1744 1572 1807 probum
1592 1749 1618 1794 et
1632 1746 1668 1795 rei
1687 1759 1734 1810 pu·

957 1865 969 1888 ⁸
987 1845 1059 1896 blica)
1073 1850 1213 1907 amantem,
1227 1852 1251 1898 et
1261 1851 1357 1899 larrium
1370 1849 1494 1913 piaculum
1506 1853 1683 1914 commiserint,
1696 1853 1736 1903 ci·

957 1972 969 1996 ⁸
987 1955 1082 2018 latique
1092 1953 1376 2014 iudiciumdeseruerint,
1383 1956 1558 2006 etinexsilium
1568 1957 1734 2009 voluntarium

956 2079 969 2101 ιι
986 2057 1099 2115 abierint,
1120 2058 1211 2122 igniet
1233 2073 1297 2122 aqua
1318 2058 1487 2110 interdixistis.
1522 2062 1575 2112 Nisi
1590 2067 1673 2115 autcm
1695 2077 1736 2115 res

958 2184 970 2208 ⁸
988 2165 1048 2215 mitri
1064 2169 1162 2215 mature
1178 2165 1287 2216 indicata
1304 2165 1399 2226 luisset,
1417 2168 1526 2218 externis
1542 2169 1620 2233 copiis
1638 2171 1732 2226 accitis,

958 2290 969 2313 ιι
987 2274 1059 2320 nocte
1075 2270 1221 2333 intempesta
1239 2272 1264 2321 in
1285 2272 1372 2322 urbem
1394 2273 1492 2323 exsules
1512 2274 1639 2326 reducturi
1656 2283 1734 2330 eraut.

955 2395 969 2418 ιι
987 2377 1128 2425 ceteraros
1137 2388 1223 2425 omnes
1234 2373 1376 2438 intelligitis,
1387 2377 1425 2427 vel
1438 2391 1477 2428 mc
1486 2382 1581 2430 tacente
1592 2401 1597 2429 :
1608 2384 1736 2433 niniirum

957 2502 969 2525 ιι
987 2481 1099 2531 laturum
1122 2482 1200 2532 luisse
1220 2487 1248 2532 ut
1264 2484 1362 2543 Marcii,
1387 2484 1547 2548 patriciorum
1569 2487 1661 2537 auxilio
1683 2490 1736 2540 sine

957 2603 969 2626 ⁸
986 2584 1037 2635 ulio
1051 2584 1135 2635 labere
1149 2598 1232 2635 reram
1251 2587 1330 2649 protili,
1344 2588 1452 2651 primum
1471 2602 1511 2638 me
1532 2590 1656 2653 regiorum
1676 2591 1737 2642 silio-

959 2709 970 2732 ⁸
989 2703 1044 2739 rum
1052 2693 1168 2751 tutorem,
1179 2690 1221 2754 qui
1230 2703 1274 2741 eos
1283 2690 1307 2740 iu
1315 2692 1458 2752 iusroeasi,
1469 2695 1619 2758 corriperent
1630 2717 1636 2753 ;
1646 2696 1736 2748 deinde

958 2813 969 2837 ⁸
987 2794 1048 2844 istos
1071 2809 1162 2859 pueros
1178 2798 1203 2845 et
1224 2797 1333 2862 reliquos
1352 2802 1477 2863 cognatos,
1490 2802 1516 2850 et
1538 2814 1623 2850 omnes
1644 2802 1736 2853 amicos

958 2922 969 2944 ⁸
986 2902 1114 2965 Tarquinii
1125 2903 1303 2964 interficerent,
1318 2919 1408 2955 uxores
1421 2918 1480 2955 rere
1490 2909 1588 2955 nostras
1605 2910 1631 2956 et
1644 2909 1736 2960 matres

958 3029 970 3052 ⁸
987 3011 1013 3058 et
1034 3008 1104 3068 filias,
1117 3014 1144 3060 et
1166 3024 1263 3061 omnem
1284 3011 1428 3061 muliebrem
1449 3025 1545 3071 sexum,
1557 3014 1736 3078 mancipiorum

957 3131 969 3153 ⁸
989 3111 1043 3160 lom
1055 3110 1182 3169 haberent,
1194 3113 1253 3176 quia
1267 3111 1378 3163 homines
1395 3115 1454 3163 sunt
1469 3116 1559 3162 natura
1573 3115 1644 3163 ratde
1659 3115 1736 3166 terina

957 3238 969 3262 ⁸
987 3224 1013 3270 et
1023 3221 1157 3282 tyrannica.
1191 3221 1216 3271 Si
1230 3221 1313 3284 igilur,
1325 3222 1444 3283 Quirites,
1456 3222 1526 3271 robis
1537 3236 1636 3285 quoque
1646 3223 1735 3288 placet,

958 3346 970 3370 ιι
988 3330 1016 3377 ut
1033 3326 1163 3376 homicidae
1177 3325 1326 3375 reducantur
1339 3331 1365 3376 et
1377 3341 1445 3389 reges
1459 3332 1583 3387 creentur,
1598 3332 1623 3379 et
1639 3329 1682 3378 lilii
1695 3330 1735 3378 ri·

958 3452 970 3475 ιι
988 3445 1073 3483 rurum
1099 3433 1192 3496 optime
1212 3430 1245 3480 de
1265 3431 1336 3481 robis
1358 3432 1503 3482 meritorum
1530 3433 1684 3496 expellantur
1710 3439 1737 3487 et

958 3558 971 3583 ι
987 3539 1056 3590 οιίιο
1068 3552 1142 3602 regno
1159 3537 1310 3593 fraudentur.
1324 3538 1387 3588 hanc
1402 3539 1525 3589 tartunam
1540 3540 1655 3592 feremus.
1688 3543 1736 3594 Sed

958 3663 970 3686 ιι
987 3656 1032 3707 per
1043 3654 1128 3691 omnes
1140 3648 1165 3690 et
1175 3640 1235 3691 deos
1242 3644 1267 3691 et
1276 3641 1367 3704 genios,
1379 3639 1470 3704 quibus
1482 3655 1549 3692 curra
1559 3645 1616 3693 sunt
1626 3657 1665 3694 res
1672 3658 1737 3694 mor-

958 3769 970 3792 ⁸
988 3747 1091 3807 talium,
1106 3760 1151 3796 nos
1165 3759 1250 3797 omncs
1274 3759 1331 3797 eum
1348 3747 1465 3797 uxoribus
1479 3753 1506 3798 et
1517 3747 1601 3799 liberis
1615 3750 1737 3814 supplices

959 3878 971 3902 ⁸
988 3868 1162 3914 reseramus,
1184 3857 1213 3905 ut
1228 3868 1274 3920 pro
1292 3855 1378 3906 multis
1402 3855 1540 3917 beneficiis,
1558 3871 1615 3920 quae
1630 3859 1736 3924 Tarqui·

959 3986 971 4010 ⁸
989 3965 1035 4016 niis
1048 3963 1150 4015 istorum
1165 3976 1298 4028 puemrum
1313 3976 1376 4013 arus
1390 3963 1415 4013 in
1431 3977 1476 4013 ros
1490 3969 1610 4029 perpetuo
1624 3968 1735 4031 contulit,

959 4091 971 4113 ⁸
987 4073 1014 4121 et
1029 4083 1076 4133 pro
1087 4068 1174 4119 multis
1183 4066 1247 4117 meis
1257 4066 1354 4127 oilrciis,
1366 4067 1455 4130 quilius
1464 4073 1585 4131 quantum
1598 4070 1622 4120 in
1630 4085 1670 4122 me
1680 4072 1737 4134 luit,

959 4197 971 4221 ιι
988 4177 1079 4227 restris
1094 4176 1231 4226 commodis
1239 4175 1333 4234 studui,
1343 4174 1414 4225 nobis
1425 4176 1488 4226 hanc
1499 4190 1572 4226 unam
1585 4178 1688 4239 gratiam
1700 4192 1738 4229 re·

960 4303 972 4328 ι
990 4284 1082 4338 ieratis,
1095 4286 1124 4332 ut
1139 4285 1246 4333 vestram
1265 4282 1333 4333 hisce
1347 4281 1378 4332 de
1395 4281 1470 4332 rebus
1491 4284 1639 4333 sententiam
1653 4285 1737 4346 aperte

960 4411 973 4438 ⁸
989 4390 1128 4443 declaretis.
1159 4391 1185 4442 Si
1204 4405 1267 4456 quos
1282 4391 1348 4441 euim
1364 4391 1427 4441 alios
1442 4389 1565 4456 digniores
1579 4390 1649 4440 nobis
1668 4388 1736 4438 iudi·

960 4521 972 4544 ι
993 4496 1344 4562 animumanimumum
1362 4501 1554 4562 consequantur,
1569 4497 1638 4560 pueri
1653 4495 1695 4546 isti
1712 4499 1738 4546 et

960 4626 972 4650 ⁸
990 4605 1079 4670 reliqui
1088 4604 1216 4669 Tarquinii
1225 4604 1322 4669 cognati
1337 4604 1397 4654 urbe
1409 4607 1495 4654 vestra
1507 4600 1625 4653 excedent
1633 4614 1737 4664 eamque

960 4731 972 4754 ⁸
988 4711 1111 4767 deserent,
1123 4713 1148 4761 at
1161 4722 1207 4772 ego
1220 4708 1282 4759 mihi
1294 4708 1367 4757 aliter
1381 4707 1508 4757 consulam
1520 4727 1525 4754 :
1538 4704 1599 4754 satis
1612 4704 1676 4753 enim
1687 4706 1735 4751 tam

960 4837 972 4860 ⁸
990 4816 1059 4868 etad
1075 4820 1192 4867 virtutem
1214 4820 1241 4866 et
1254 4815 1286 4865 acl
1306 4815 1408 4879 gloriam
1429 4814 1491 4871 rixi,
1506 4823 1586 4873 neque
1602 4813 1684 4859 restra
1696 4809 1737 4859 be·

959 4941 971 4965 ιι
989 4921 1127 4973 nerolentia
1142 4923 1286 4979 t'rustratus,
1304 4934 1378 4983 uuam
1397 4918 1510 4969 omnibus
1521 4914 1591 4964 bonis
1606 4917 1736 4978 antepono,

960 5049 970 5072 ⁸
988 5029 1055 5093 apud
1070 5029 1132 5080 alios
1140 5030 1268 5092 quospiam
1278 5029 1383 5092 turpiter
1397 5025 1480 5074 virere
1496 5021 1593 5073 vellem.
1628 5024 1737 5089 Accipite

958 5150 971 5176 ⁸
988 5131 1064 5195 igitar
1073 5130 1160 5190 lancea,
1174 5134 1200 5181 ct
1214 5132 1234 5181 si
1248 5129 1324 5179 ruitis
1337 5126 1446 5193 patriciis
1458 5124 1515 5175 date
1534 5138 1599 5189 :ego
1609 5138 1668 5175 rero
1683 5139 1736 5175 urea

958 5254 972 5281 ι
987 5236 1120 5305 prum
1133 5235 1260 5303 ιιεροειωυ
1273 5233 1368 5286 undum
1376 5231 1448 5284 robis
1457 5232 1585 5285 lacessam.
1599 5253 1612 5278 ι
