3772 5828
169 333 210 415 n¹
565 292 569 299 ⁴
682 330 852 394 nronusn
874 332 1255 396 ninrcnnnnssnnsrs

164 464 232 522 κατὰ
243 463 346 529 τούτους
358 462 439 540 μηδὲν
452 464 512 522 duo
497 462 555 544 έρε
544 464 617 523 ιντδ
628 467 680 523 τῶν
690 463 906 544 ’Λύοριγίνων”“
863 487 941 545 panon

164 541 201 610 ύιν
214 549 324 609 ἐκάλουν
335 553 359 609 οἱ
374 551 482 609 παλαιοί
496 526 624 628 Λελέγων·
635 553 688 614 τοῖς
697 551 747 629 γάρ
762 550 887 617 ἀνεστίοις
900 548 944 608 καὶ

164 639 257 749 μιγάσι
267 638 502 718 καιαηοεαίανγην
514 638 663 716 detained<
671 640 946 718 πατρίδακατοικοῦσῑ

164 730 261 798 ταύτην
297 728 443 786 ἐπετίθεντο
473 726 520 797 τήν
552 726 730 801 ὀνομασίαν’
716 750 751 792 ως
783 725 817 784 τί
851 726 946 783 πολλά.

125 834 137 871 s
166 816 287 878 ’Λλλοιδί
299 815 404 894 Λιγύων
412 815 534 882 ἀποίκους
543 813 946 893 μυθολογοῦσιναθτοῦςγενέσθαι

163 910 216 964 τῶν
230 904 393 981 ὁμορούντων
416 903 584 981 Ὀμύρυιοῖς.
627 906 663 964 Οἱ
678 903 728 983 γάρ
740 904 835 980 Λίγυες
845 905 947 961 οἰκοῦσι

165 995 213 1073 μέν
228 994 272 1052 καὶ
282 997 329 1064 τ’ής
339 992 453 1057 Ἰταλίας
464 993 723 1072 πολλαχῇ,νε’μονται
736 993 763 1050 δέ
775 1015 831 1051 τινα
845 990 948 1060 καὶτῆς

162 1085 302 1151 Κελτικῆς.
330 1079 462 1158 Ὀποτίρα
478 1083 497 1137 δ
512 1083 597 1145 αὐτοῖς
609 1083 666 1140 ίοτι
679 1084 713 1158 γῆ
725 1080 828 1158 πατρίς,
838 1077 944 1148 ἄδηλον·

163 1172 195 1229 οῦ
210 1170 260 1250 γλρ
275 1168 313 1227 ἔτι
321 1167 425 1244 λέγεται
436 1167 497 1247 περί
505 1168 589 1226 αὐτῶν
603 1166 760 1247 προσωτέρω
771 1164 850 1247 sapi<
864 1165 948 1237 οὐδέν,

111 1267 137 1306 ¹⁰
203 1260 255 1319 XI.
278 1258 313 1316 Οί
324 1256 350 1314 δὲ
363 1252 518 1331 λογιώτατοι
530 1257 582 1311 τῶν
590 1252 750 1329 ‘pupeieno
762 1252 947 1333 συγγραφέων·

169 1348 197 1406 ἐν
209 1335 246 1410 οἷς
258 1346 312 1403 ίστι
324 1340 435 1421 Πόρκιός
449 1365 475 1401 τε
487 1341 649 1401 Κάτωνθτδ
618 1365 664 1407 τς
677 1340 889 1420 γενεαλογίας
854 1365 906 1399 των
921 1343 947 1399 ἐν

166 1433 270 1511 Ἰταλία
293 1431 393 1490 πόλεων
414 1432 605 1505 ἐπιμελέστατα
624 1425 777 1505 συναγαγὼν
803 1428 848 1487 καί
869 1430 949 1497 Γάϊος

168 1508 280 1596 Σεμπ’
250 1542 338 1595 ροινιος
353 1519 399 1577 καί
415 1488 490 1577 ἄλλοι
512 1518 612 1597 συχνοί,
626 1514 804 1590 ΙἝλληνας
775 1516 893 1583 αυτουςι
881 1507 947 1576 τίναι

166 1609 324 1686 λέγουσι’
290 1631 341 1666 των
358 1609 383 1664 ἐν
403 1605 497 1687 ’Λχαία
515 1629 565 1664 ποτ
567 1605 762 1677 ὀἰκησάντων,
777 1605 887 1671 πολλοῖς
901 1628 948 1683 γε-

112 1714 137 1753 tt
164 1704 234 1764 νεαῖς
255 1697 379 1776 πρότερον
398 1700 443 1753 τοῦ
464 1694 581 1771 πολέμου
605 1698 650 1752 τοῦ
682 1696 805 1769 Τρωῖκοῦ
831 1715 945 1762 μετανα-

168 1787 288 1850 στάντας.
327 1780 423 1842 Οὐκέτι
436 1782 526 1858 μέντοι
542 1780 694 1860 διορίζουσιν
711 1780 768 1838 ούτε
783 1782 860 1860 φῦλον
877 1778 947 1840 Ἕλ-

163 1876 269 1944 ληνικον
287 1863 316 1930 ού
348 1871 467 1948 μετεῖχον
489 1869 548 1927 ούτε
567 1869 643 1929 πόλιν
663 1868 688 1935 ἐξ
713 1860 743 1939 ής
763 1868 947 1943 ἀπανέστησαν

166 1961 225 2022 οὔτε
234 1961 327 2043 χρόνον
339 1960 393 2019 οὔθ’
403 1956 518 2035 ἡγεμόνα
529 1963 574 2028 τῆς
591 1956 713 2023 ἀποικίας
727 1959 779 2016 οὗθ’
788 1960 888 2024 ὁποίαις
900 1959 944 2015 τύ-

166 2074 225 2131 χαις
235 2048 398 2127 χρησάμενοι
408 2045 455 2117 τήν
467 2069 536 2123 μητρ
505 2046 627 2104 τόπολιν
638 2043 778 2104 ἀπέλιπον·
794 2043 827 2103 “lt
828 2046 944 2126 λληνικιρ

111 2155 140 2195 κο
166 2161 193 2196 τε
205 2137 279 2214 μύθω
265 2135 453 2219 χρησάμενοι
464 2133 555 2193 οὐδένα
566 2137 617 2192 τῶν
628 2132 660 2190 τὰ
670 2133 814 2203 Ἑλληνικὰ
829 2134 948 2213 γραψάν·

168 2251 219 2285 των
234 2224 380 2305 βεύαιωτήν
394 2224 568 2328 παρέοχοντρ.
602 2219 684 2281 Tb
655 2243 701 2297 μεν
712 2209 756 2278 ούν
772 2219 894 2291 dinotet
894 2245 948 2287 πως

166 2337 217 2373 ποτ
219 2312 304 2390 ’ίχεη
315 2311 422 2381 ἄδηλον·
435 2311 489 2368 εἷθ’
501 2310 553 2367 ἐστ
532 2333 570 2367 ιν
584 2312 598 2368 θ
611 2307 709 2368 τούτων
721 2306 795 2385 λόγος
806 2306 947 2385 ύγιής,ὀυκ

170 2400 201 2459 διν
214 2400 301 2478 ἑτέρου
316 2421 384 2464 τινος
396 2397 520 2468 είηεαν’
504 2420 607 2457 αποικοι
621 2419 709 2473 γενους
721 2420 738 2465 η
754 2418 801 2454 του
784 2398 945 2474 καλουμέ-

165 2511 210 2550 νου
221 2493 264 2547 νῦν
279 2486 442 2563 Ἀρκαδικοῦ.
472 2484 621 2562 Πρῶτοι
593 2508 644 2564 γαρ
658 2477 840 2554 Ἑλλήνων
810 2505 855 2542 ουτ
856 2509 880 2543 οι
899 2509 947 2543 πε·

112 2600 139 2639 2⁵
168 2574 356 2655 ραιωθέντες
332 2597 376 2632 τον
388 2576 476 2634 Ἰόνιον
494 2572 619 2633 κολπον
601 2596 708 2655 ῳκησαν
723 2571 763 2632 ’τί
748 2573 885 2645 τάλίαν,
869 2600 895 2633 α
892 2597 945 2651 1-ον

166 2687 210 2731 τος
231 2662 323 2731 αύτους
338 2662 480 2771 Οἰνύντρρυ“
493 2686 537 2721 του
521 2664 702 2729 Λυκάονος·
728 2652 799 2731 ip*
776 2676 802 2719 οε
829 2659 948 2735 πέμπτος

168 2752 264 2813 άπθ’
240 2777 256 2811 τ
282 2755 386 2821 Λίζειοῦ
409 2775 453 2810 και
444 2752 528 2831 Φορ
529 2775 578 2809 ωνε
572 2751 614 2817 ’ως
626 2754 677 2809 τῶν
693 2748 802 2827 πρόεισιν
819 2752 844 2806 ἐν
863 2750 947 2808 Πελο-

167 2841 290 2922 ποννήσῳ
301 2842 538 2899 δυναστευσάντων.
581 2835 767 2914 (Ιευρωνέως
739 2860 785 2911 μεν
800 2836 850 2913 γὰρ
861 2836 946 2914 Νιόβη

112 2955 140 2996 sn
168 2931 279 3010 γίνεται·
301 2931 398 2999 ταύτης
413 2929 434 2985 δ’
448 2927 501 2992 υίὸς
517 2928 562 2985 καί
577 2927 648 2991 Διὸς.
667 2931 701 2990 ύις
721 2926 834 3001 λέγεται,
855 2927 947 2984 Πελα-

169 3021 241 3097 σγός·
257 3020 361 3084 Αἰζειοῦ
381 3017 403 3073 δ’
417 3015 470 3079 υίὸς
488 3014 616 3071 Λυκάων·
640 3011 730 3069 τούτου
756 3011 781 3068 δὲ
805 3012 946 3089 Δηιάνειρα

168 3107 300 3183 θυγάτηρ·
316 3106 345 3159 ἐκ
359 3100 385 3157 δέ
397 3101 553 3176 Δηιανείρας
564 3100 608 3156 καί
620 3100 756 3174 Πελασγοῦ
768 3100 881 3156 Λυκάων
894 3099 947 3157 έτε·

169 3216 225 3274 ρος·
241 3189 331 3248 τούτου
344 3188 367 3246 δ’
381 3187 527 3264 Οἴνωτρος,
543 3188 720 3245 ἑπτακαίδεκα
737 3191 837 3263 γενεαῖς
853 3189 945 3266 πρότε-

170 3305 212 3357 ρον
232 3282 283 3337 τῶν
298 3275 341 3335 ἐπί
349 3275 446 3354 Τροίαν
464 3275 688 3354 στρατευσάντων,
732 3273 765 3331 ‘0
775 3274 823 3347 μὲν
838 3274 869 3346 δὴ
884 3275 948 3354 χρό-

115 3382 143 3424 ab
169 3394 208 3435 νος
221 3372 247 3427 ἐν
264 3357 346 3446 ᾧτήν
362 3364 483 3422 οἰπουιίαν
498 3364 616 3423 ἔστειλαν
634 3360 763 3430 Ἕλληνες
779 3365 815 3427 είς
830 3362 946 3422 Ἰταλίαν

169 3448 240 3523 οὗτος
252 3447 295 3526 ἦν.
334 3452 486 3524 ’Λπανέστη
504 3449 531 3508 δέ
544 3455 589 3520 τῆς
610 3449 735 3516 Ἑλλάδος
748 3448 880 3528 Οἴνωτρος
900 3454 947 3511 οὐκ

171 3544 329 3626 ἀρκούμενος
346 3546 378 3620 τῇ
395 3539 490 3619 μοίρᾳ·
504 3538 550 3597 δύο
564 3539 614 3617 γάρ
628 3538 672 3596 καὶ
685 3538 766 3596 εἰκοσι
781 3538 881 3597 παίδων
894 3543 947 3599 Λυ·

170 3634 245 3692 κάονι
259 3627 405 3707 γενομένων
419 3630 454 3694 εἰς
468 3626 605 3693 τοσούτους
617 3627 669 3685 ἐδτι
682 3627 792 3707 κλήρους
804 3632 947 3704 νεμηθῆναι

171 3725 218 3791 τήν
232 3717 368 3795 ’Λρκάδων
380 3714 481 3795 χώραν.
504 3715 612 3786 Ταύτης
623 3716 670 3790 μὲν
681 3714 712 3772 δέ.
720 3719 765 3785 τῆς
776 3716 860 3782 αἰτίας
871 3716 945 3774 ἕνεκα

116 3820 144 3860 to
173 3806 371 3875 Πελοπόννησον
391 3807 525 3883 Οἴνωτρος
542 3806 670 3875 ἐκλιπὼν,
686 3803 730 3860 καὶ
744 3805 946 3861 κατασκευασά-

173 3919 248 3972 μενος
262 3892 399 3969 ναυτικὸν,
417 3892 510 3972 διαίρεε
525 3892 569 3950 τὸν
582 3890 673 3951 Ἰόνιον
686 3886 823 3972 [πάντον],
836 3892 880 3948 καί
900 3891 947 3948 σὺν

172 3985 243 4062 αύτῷ
258 3979 397 4044 Πευκέτιος
417 3982 468 4037 τῶν
485 3980 603 4058 ἀδιλριῦν
629 3969 673 4044 τίς.
717 3975 828 4036 Είποντο
855 3976 877 4035 θ’
902 3981 946 4035 αθ·

172 4080 225 4136 τοῖς
238 4074 284 4129 τοῦ
306 4072 329 4126 τ’
354 4068 449 4126 οἰκείου
469 4069 534 4125 λαοῦ
549 4065 652 4144 συχνοί·
673 4064 876 4146 πολυάνθρωπον
897 4065 948 4144 γάρ

173 4161 203 4230 δή
219 4164 295 4218 τοῦτο
306 4179 335 4214 το
350 4156 419 4222 ἔθνος
429 4158 534 4232 λέγεται
548 4155 706 4233 καταρχὰς
694 4155 827 4211 γενέσθαι·
837 4155 882 4211 καί
895 4158 947 4212 τῶν

119 4260 145 4298 ⁴⁵
173 4248 258 4305 άλλων
273 4245 409 4315 Ἑλλήνιον
430 4241 537 4302 θοοι’
501 4266 626 4354 χωρανε
615 4235 685 4320 εἰχον
706 4242 806 4300 ἐλάττω
820 4243 948 4312 τηςίκα-

173 4359 227 4405 νης.
272 4332 432 4403 Πευκέτιος
427 4311 520 4388 μέν’
490 4354 543 4400 ουν,
559 4329 657 4388 ένθατ
634 4332 780 4408 τοπρῶτον
798 4329 948 4409 ὡρμίσαντο

172 4427 219 4494 τῆς
241 4420 371 4495 Ἰταλίας,
393 4417 556 4498 ύπέράκρας
578 4416 715 4493 Ἰαπυγίας
739 4417 926 4484 inditione
903 4442 946 4477 τον

173 4507 239 4567 λεύνν
254 4510 333 4567 αὐτοῦ
345 4506 526 4584 καθιδρύεται,
545 4509 590 4566 καὶ
607 4506 652 4562 ἀπ’
665 4505 743 4562 αὐτου
727 4505 780 4561 οἰ
794 4505 853 4583 περὶ
864 4510 948 4563 ταῦτα

174 4596 207 4655 τίι
230 4596 316 4676 χωρία
342 4598 472 4659 οἰκοῦντες
503 4592 638 4652 Πευκέτιοι
664 4593 821 4663 ἐκλήθησαν.
862 4593 947 4652 Οίνω·

121 4695 147 4734 50
175 4683 267 4766 τροςδέ
278 4683 325 4755 τήν
335 4684 418 4742 πλείω
432 4690 477 4742 τοῦ
487 4686 598 4759 στρατοῦ
615 4681 707 4758 μοῖραν
719 4683 843 4758 ἀγόμενος
858 4685 894 4748 εἰς
904 4683 948 4742 τὸν

176 4774 262 4853 ἕτερον
279 4776 427 4852 ἀρικνεῖται
442 4770 540 4830 κόλπον
553 4768 596 4826 τὀν
621 4768 673 4826 άπὸ
691 4771 742 4827 τῶν
759 4768 885 4848 ἑσπερίων
900 4791 948 4844 με·

178 4866 228 4939 ρῶν
244 4860 315 4939 παρὰ
331 4858 377 4931 τλν
402 4857 519 4919 Ἰταλίαν
546 4855 737 4935 ἀναχεόμενον,
763 4855 792 4924 θς
818 4857 875 4914 τότε
900 4855 947 4932 μὲν

170 4948 294 5014 Λῦσύνιος
310 4950 352 5006 ἐπὶ
372 4950 424 5006 τῶν
443 4943 652 5025 προσοικούντων
679 4944 804 5002 Λύσάνων
829 4943 948 5020 ἐλέγετο,

175 5035 232 5094 ἐπεὶ
242 5038 268 5093 δὲ
280 5036 408 5116 Τυρρηνοὶ
419 5033 658 5113 θαλασσοκράτορες
668 5032 793 5108 ἐγένοντο,
807 5030 948 5107 μετέλαύεν

174 5123 207 5198 ἣν
227 5121 281 5201 ίχει
295 5129 340 5182 νῦν
358 5126 545 5205 προσηγορίαν.

997 473 1062 525 inter
1070 474 1228 538 Aboriginum
1239 479 1343 539 gentem,
1354 477 1380 525 et
1394 488 1437 526 nos
1452 474 1495 540 qui
1512 489 1527 524 n
1539 473 1665 526 veteribus
1679 474 1782 539 Integer

1002 562 1192 626 appellabantur.
1218 565 1347 613 ttoconim
1371 563 1497 613 hominnm
1516 576 1605 613 nomon
1624 561 1661 613 ilii
1679 562 1778 626 perot,

997 650 1063 712 quod
1074 650 1166 701 toribus
1175 651 1274 701 τιταίνει
1282 651 1397 715 quodque
1408 664 1439 701 en
1446 651 1523 701 mixta
1533 651 1655 701 variarum
1669 651 1779 714 gentiunt

999 737 1243 801 oouuneconstaban
1252 738 1410 802 atquenultas
1421 741 1500 789 renos
1506 737 1610 789 sodesut
1623 737 1727 802 patriam
1737 738 1780 789 irr-

999 824 1108 890 cotebnt,
1129 825 1272 890 plemmque
1292 826 1456 890 imponebant.
1487 826 1532 876 Atii
1555 839 1615 877 vero
1639 825 1780 878 fabulantur

999 913 1127 964 consuisse
1138 914 1236 964 colonos
1245 913 1369 978 Ligurum.
1379 915 1423 976 qui
1432 913 1530 964 Umbris
1537 912 1633 964 finitimi
1643 917 1708 964 sunt.
1736 913 1779 964 bi·

999 1001 1779 1065 gurerennncummuttasttaneregionesmnttanntrnnduttu

999 1088 1222 1153 quoqueqousdnm
1230 1092 1311 1152 portes
1320 1089 1437 1139 incolunt.
1447 1090 1506 1137 Utra
1514 1092 1598 1137 autem
1606 1088 1639 1138 sit
1645 1101 1732 1139 eorum
1736 1102 1781 1152 pa·

1000 1176 1055 1237 tris,
1067 1178 1184 1227 incertum
1194 1180 1231 1226 est
1245 1176 1319 1227 :nibil
1329 1175 1394 1226 enim
1402 1173 1462 1226 certi
1474 1175 1576 1225 ulterius
1583 1175 1614 1225 de
1622 1175 1777 1226 iistraditnr.

1031 1267 1072 1316 xi.
1089 1264 1138 1315 Sed
1162 1265 1298 1315 doctissimi
1334 1268 1495 1315 Romanorum
1526 1263 1682 1327 scriptorum,
1714 1263 1779 1313 inter

1000 1366 1110 1425 quosest
1123 1362 1226 1411 Porcius
1241 1364 1317 1424 Cato,
1330 1360 1374 1423 qui
1391 1361 1531 1410 italicarum
1556 1359 1653 1410 urbium
1670 1359 1778 1422 origines

1000 1458 1184 1510 accuratissime
1200 1458 1305 1523 collegit,
1329 1459 1354 1507 et
1365 1460 1394 1509 c.
1404 1455 1562 1520 Sempronius
1584 1459 1608 1507 et
1627 1455 1700 1506 multi
1715 1452 1761 1513 itit

1000 1558 1069 1607 aiunt
1094 1556 1193 1607 Grnons
1220 1568 1274 1605 esse
1305 1567 1336 1605 ex
1360 1554 1390 1603 iis
1419 1554 1461 1618 qui
1486 1552 1609 1616 qnondam
1632 1551 1657 1601 in
1686 1551 1779 1603 Achaia

1000 1652 1180 1713 habitaverint,
1216 1656 1289 1715 atque
1316 1651 1401 1701 multis
1433 1653 1490 1700 ante
1525 1649 1617 1699 bellrnn
1646 1649 1778 1700 Troianum

1000 1748 1116 1799 nitatibus
1133 1749 1190 1799 inde
1206 1749 1348 1811 emiqrnsse.
1380 1748 1472 1797 Verum
1483 1749 1565 1796 tumen
1574 1745 1714 1796 accuratius
1730 1760 1779 1796 non

1000 1846 1120 1897 definiunt
1147 1859 1227 1908 neque
1248 1859 1276 1897 en
1299 1860 1349 1911 quo
1370 1847 1456 1895 (ἔτεσιν
1470 1845 1568 1894 notione
1586 1843 1677 1893 tuerint
1698 1857 1779 1907 neque

1000 1961 1032 1998 ex
1045 1961 1095 2011 qun
1114 1947 1174 1997 urbe
1188 1947 1326 2010 migrarint,
1345 1959 1426 2008 quove
1454 1950 1562 2008 tempore
1590 1948 1633 1994 aut
1651 1944 1780 2008 quouolo·

1000 2044 1048 2094 niro
1073 2043 1137 2093 duee
1158 2047 1202 2093 aut
1223 2041 1313 2106 quibus
1336 2042 1387 2091 acti
1406 2041 1505 2091 casibus
1527 2041 1652 2105 antiquam
1672 2040 1779 2105 pntrianr

1001 2144 1168 2208 reliquerint:
1192 2147 1216 2194 et
1233 2142 1342 2193 inbulnm
1359 2143 1470 2194 Graecum
1494 2142 1583 2204 secuti,
1607 2141 1697 2191 nullius
1723 2156 1779 2193 entn

1001 2241 1081 2292 Graeci
1091 2241 1199 2291 auctoris
1213 2240 1352 2291 testimonio
1365 2242 1517 2290 confirmant.
1538 2240 1575 2291 rei
1590 2240 1666 2303 igitur
1684 2245 1779 2291 ventas

1000 2344 1123 2409 quomodo
1148 2359 1175 2396 se
1202 2345 1294 2396 habeat
1316 2346 1436 2395 incertum
1456 2348 1502 2393 est.
1536 2342 1608 2400 Quod
1638 2343 1659 2392 si
1685 2344 1776 2392 horum

1000 2456 1082 2493 sermo
1097 2455 1172 2492 verus
1185 2447 1223 2493 est
1243 2456 1291 2491 non
1309 2444 1413 2505 possunt
1422 2440 1501 2491 coloni
1512 2453 1567 2490 esse
1581 2439 1656 2489 ultius
1675 2439 1779 2490 alterius

1000 2540 1078 2605 gentis
1094 2540 1140 2589 niet
1159 2541 1280 2601 eiusqunr
1306 2552 1370 2588 nunc
1395 2540 1495 2587 vorntnr
1509 2537 1635 2587 Arcadica.
1667 2538 1729 2587 Nam
1750 2536 1778 2587 hi

1000 2637 1073 2700 primi
1092 2637 1234 2687 Graecorum
1248 2634 1313 2684 duce
1327 2637 1431 2684 OEnotro
1453 2633 1569 2695 Lycaonis
1594 2632 1644 2683 sitio
1666 2633 1778 2684 lonicum

1000 2737 1081 2786 sinum
1099 2736 1232 2785 transuecti
1249 2734 1344 2784 ltaliam
1355 2733 1504 2783 habitarunt.
1536 2733 1582 2782 iiic
1599 2735 1683 2783 autem
1701 2734 1778 2782 OEno·

1000 2840 1054 2885 trus
1062 2836 1220 2899 quintuserat
1232 2833 1263 2882 ab
1273 2836 1345 2882 daeo
1356 2838 1381 2884 ct
1390 2834 1529 2892 Phoroneo,
1537 2833 1580 2895 qni
1590 2831 1660 2897 primi
1668 2832 1693 2883 in
1702 2832 1777 2881 Peto·

1000 2945 1106 2994 pnnneso
1114 2935 1252 2995 regnarunt.
1288 2933 1320 2979 tir
1331 2929 1457 2979 Phoroneo
1465 2930 1530 2979 enim
1544 2929 1621 2989 Niobe
1632 2942 1679 2979 :ox
1688 2927 1736 2977 hac
1749 2931 1777 2979 et

999 3031 1070 3090 love,
1079 3031 1108 3077 ut
1118 3027 1205 3088 temni,
1214 3026 1330 3088 Pelasgus
1338 3028 1409 3074 troius
1421 3047 1426 3074 :
1439 3025 1505 3074 Λευὶ
1515 3040 1574 3074 ιιι-ο
1584 3026 1650 3076 silius
1661 3028 1758 3086 Lycaon
1770 3046 1777 3076 r

1000 3130 1075 3179 huius
1091 3128 1139 3178 ntia
1148 3127 1261 3177 Deianira
1274 3148 1280 3175 ι
1294 3139 1325 3175 ox
1337 3127 1449 3175 Deionirn
1460 3130 1484 3176 et
1495 3126 1596 3188 Pelasgo
1609 3130 1703 3189 Lycaon
1711 3126 1789 3189 niter·⁵

1000 3230 1097 3293 genitus
1112 3247 1118 3277 τ
1133 3243 1165 3279 es
1181 3228 1228 3277 boc
1243 3231 1376 3287 OEnotrus,
1392 3226 1565 3290 septemdecim
1581 3224 1778 3290 generationibus

1000 3335 1057 3380 onte
1078 3330 1209 3379 Troinnnm
1230 3327 1421 3392 expeditionem.
1456 3330 1508 3376 Hoc
1530 3327 1604 3392 igitur
1622 3331 1661 3378 est
1679 3330 1778 3390 tenipus

1000 3446 1050 3495 qun
1066 3431 1147 3481 Graeci
1164 3430 1284 3481 coloniam
1297 3432 1321 3479 in
1343 3429 1438 3479 lintiain
1454 3428 1620 3479 deduxerunt.
1654 3429 1777 3478 OEnotrus

999 3537 1083 3583 nutem
1106 3545 1121 3582 ο
1147 3533 1243 3582 Graecia
1271 3530 1386 3592 migravit
1402 3532 1562 3594 patrimonii
1583 3529 1694 3592 portione
1725 3542 1775 3577 uon

1001 3636 1137 3684 contentus.
1183 3635 1245 3683 Cum
1275 3631 1340 3682 enim
1363 3644 1416 3680 κκιι
1441 3630 1483 3679 ntit
1503 3630 1608 3693 Lpenoni
1631 3632 1726 3688 essent,
1751 3628 1776 3677 in

1001 3731 1103 3781 totidem
1140 3733 1222 3794 partes
1252 3743 1338 3793 agrurn
1368 3728 1488 3778 Arcadum
1526 3726 1602 3774 dividi
1636 3722 1774 3786 oportebat.

1000 3833 1069 3879 Hauc
1095 3830 1171 3893 igitur
1193 3828 1225 3878 ob
1242 3841 1340 3877 causam
1362 3827 1482 3874 OEnotrue
1500 3823 1585 3872 relicto
1608 3821 1775 3881 Peloponneso

1000 3928 1128 3988 classeque
1148 3929 1233 3988 parata
1249 3924 1346 3973 lonium
1364 3934 1433 3970 mare
1456 3919 1563 3978 traiecit,
1583 3929 1681 3979 unaque
1702 3917 1772 3965 Pou-

1000 4030 1080 4076 cntius
1095 4037 1160 4073 unus
1183 4038 1197 4074 e
1218 4025 1322 4073 fratrum
1343 4033 1446 4070 numero
1471 4034 1477 4067 ι
1502 4018 1623 4080 multique
1644 4018 1776 4083 populures

1000 4141 1043 4178 eos
1057 4125 1134 4176 secuti
1157 4128 1217 4173 sunt
1239 4120 1452 4185 (numerosissima
1472 4119 1537 4170 enim
1556 4119 1609 4170 huso
1633 4133 1692 4184 gens
1715 4121 1774 4170 otini

1001 4228 1077 4277 inisse
1086 4226 1177 4288 fertur)
1187 4229 1212 4274 ot
1223 4223 1315 4274 exatiis
1323 4221 1414 4272 Graecis
1422 4224 1543 4284 quotquot
1554 4234 1638 4284 agrurn
1652 4220 1776 4270 habebant

1001 4328 1119 4378 minorem
1139 4339 1214 4389 quam
1231 4325 1291 4373 sotis
1314 4326 1388 4372 esset.
1423 4321 1552 4372 Peucetins
1564 4321 1638 4384 igitur
1654 4321 1686 4370 ad
1701 4335 1776 4384 quom

1002 4425 1078 4475 ltaliru
1103 4427 1197 4487 partem
1223 4422 1329 4485 primurn
1350 4418 1508 4484 appulerunt,
1529 4432 1603 4482 snper
1633 4422 1774 4482 promonto-

1001 4526 1065 4575 rium
1087 4525 1212 4588 iappgium
1230 4521 1282 4570 suis
1302 4519 1431 4583 expositis,
1447 4519 1480 4569 ibi
1505 4518 1627 4579 consedit,
1653 4521 1678 4567 et
1692 4516 1723 4566 nb
1746 4531 1776 4567 eo

1001 4623 1089 4672 horum
1104 4621 1213 4671 iocorum
1228 4618 1315 4668 incolo
1331 4617 1439 4667 Peucetii
1458 4620 1515 4666 sunt
1531 4613 1656 4679 appellati.
1692 4616 1771 4663 (Eno-

1003 4729 1127 4774 trustem
1147 4735 1202 4772 cum
1223 4721 1315 4771 muioro
1329 4719 1452 4769 exereitus
1472 4720 1541 4782 parto
1555 4717 1586 4766 ad
1602 4717 1678 4766 atium
1692 4714 1774 4764 sinum

1002 4821 1128 4889 pervenit,
1140 4819 1171 4869 ab
1185 4817 1311 4869 occidente
1329 4816 1406 4866 ltnliae
1416 4815 1482 4865 latus
1496 4815 1637 4874 minentem,
1655 4812 1698 4875 qui
1713 4814 1773 4861 tunc

1002 4923 1124 4975 Ausonius
1136 4921 1167 4972 eb
1179 4920 1270 4971 accolis
1282 4918 1422 4969 husonibus
1436 4917 1572 4975 dicebatur,
1587 4912 1631 4964 sed
1642 4917 1775 4978 postquam

1002 5024 1123 5088 Tyrrheni
1143 5021 1246 5087 imperio
1258 5021 1333 5071 morie
1348 5022 1406 5070 sunt
1426 5018 1499 5083 potiti
1514 5029 1602 5068 nomon
1620 5013 1680 5064 iiiud
1706 5012 1773 5076 qnod

1003 5138 1069 5175 nunc
1089 5122 1180 5174 retinet
1205 5119 1307 5185 accepit.
