3772 5828
189 342 250 402 402

192 471 262 533 ὅπλα
277 474 416 549 δημοτῶν,
429 475 519 531 τοῦτον
537 469 637 539 ἐξιόντα
651 471 778 551 ὁρῶντες,
795 467 970 550 έπεφρώσθη-

194 586 260 637 σαν,
278 565 301 621 οἱ
318 560 366 637 μέν
390 560 424 619 δι’
445 559 568 631 εὐνοιαν,
585 561 608 618 σί
627 560 654 616 δὲ
675 562 720 617 τοῦ
736 555 912 639 κατορθώσειν
930 559 972 616 έλ·

194 652 268 712 πίδι·
282 648 439 733 περιόόητος
454 647 505 725 γθιρ
526 640 558 720 ἦν
579 647 630 719 ἤδη
653 646 734 728 ἁνὴρ,
748 645 794 706 καί
816 645 872 714 δέος
893 649 972 706 αὐτοῦ

192 739 261 817 μέγα
282 737 356 818 παρὰ
376 741 430 804 τοῖς
452 734 588 813 πολεμίοις
603 735 728 813 ἐγεγόνει.
770 733 848 802 illm
870 736 973 815 προελ-

151 848 165 886 s
192 831 304 898 θοῦσαὴ
321 823 433 904 στρατιθι
457 823 537 903 μέχρι
560 824 662 890 πόλεως
677 822 793 896 Ἀντίου,
816 823 879 904 δίχα
890 822 971 882 πόνου

193 915 267 975 σίτου
282 915 380 973 πολλοῦ
400 911 612 988 καταληφθέντος
632 913 658 971 έν
682 919 736 978 τοῖς
750 914 839 991 ἀγροῖς
861 909 907 970 καλ
926 915 972 970 ἀν·

193 1003 328 1083 δραπόδων
341 999 387 1059 καί
401 1000 578 1080 βοσκημάτων
594 1003 698 1079 συχνῶν
714 999 843 1080 ἐγκρατής
856 998 971 1079 ίγένετο,

192 1089 238 1150 καὶ
259 1090 316 1167 μετ’
338 1090 368 1147 οὐ
392 1088 459 1148 πολὺ
481 1091 571 1167 παρῆν
586 1087 754 1168 εὐπορωτέρα
775 1093 898 1168 γεγονυῖα
921 1086 974 1153 τοῖς

192 1176 315 1238 κατύτύν
327 1177 397 1257 βίον·
407 1175 476 1236 ὠστε
485 1184 539 1244 τοῖς
548 1175 706 1254 ὑπομείνασι
716 1173 817 1248 πολλὴν
827 1173 973 1256 κατήφειαν

138 1285 164 1328 to
193 1267 238 1326 καί
253 1265 424 1346 κατάμεμψιν
442 1268 494 1324 τῶν
518 1266 683 1342 δημαγωγῶν
706 1265 848 1341 έμπεσεῖν,
871 1264 905 1321 δι’
931 1260 974 1330 ab<

194 1353 385 1432 άποστέρεσθαι
400 1353 504 1413 ἐδόκουν
519 1357 568 1423 τῆς
589 1352 681 1429 ὁμοίας
696 1351 827 1432 εὐτυχίας.
870 1349 906 1412 Ὁ
923 1349 972 1428 μέν

193 1442 226 1514 δὴ
253 1442 377 1520 Γεγάνιος
399 1441 445 1500 καὶ
465 1441 615 1516 Μηνύκιος,
628 1444 652 1503 ol
674 1448 764 1501 τοῦτον
786 1440 831 1500 τύν
854 1438 973 1502 ένιαυτύν

194 1531 374 1606 ὑπατεύοντες,
400 1532 427 1589 ίν
454 1530 577 1609 μεγάλοις
597 1531 642 1589 καλ
660 1529 839 1599 παντοδαποῖς
859 1531 975 1609 χειμῶσι

195 1618 329 1698 γενόμενοι
341 1619 387 1677 καὶ
402 1618 530 1685 πολλάκις
543 1618 690 1700 ἀνατρέψαι
704 1617 915 1684 κινδυνεύσαντες
925 1615 973 1689 τήν

141 1723 166 1762 ιε
197 1707 291 1781 πολιν,
312 1707 384 1767 σιἰθέν
404 1706 486 1766 δεινὸν
502 1706 674 1787 εἰργάσαντο,
695 1705 764 1766 alit
790 1703 919 1764 διίσωσαν
940 1703 974 1763 τά

196 1796 284 1869 κοινά,
299 1794 490 1878 φρονιμώτερον
506 1797 607 1873 μᾶλλον
618 1796 636 1869 ἢ
649 1796 836 1877 εὐτυχέστερον
844 1794 897 1861 τοῖς
908 1816 976 1870 συμ-

197 1884 318 1944 sationes
332 1884 507 1964 χρησάμενοι.

235 1975 301 2035 ΧΧ.
325 1976 360 2034 Ol
390 1974 417 2033 δέ
444 1975 504 2051 μετ’
531 1971 626 2042 αὐτούς
652 1973 851 2054 ἀποδειχθέντες
878 1971 974 2033 ὕπατοι

199 2062 310 2144 Μάρκος
326 2062 462 2133 Μηνύκιος
475 2063 634 2143 Αὐγουρῖνος
648 2064 694 2121 καλ
705 2054 790 2133 Δύλος
804 2059 975 2141 Σεμπρώνιος

141 2176 168 2218 ευ
199 2152 366 2231 Ἀτρατῖνος,
392 2151 511 2231 δεύτερον
536 2152 715 2219 καταστάντες
740 2150 784 2210 iul
804 2149 853 2223 τὴν
873 2149 972 2231 ἀρχὴν,

198 2240 288 2318 ἄνδρες
307 2237 367 2296 οὐτε
383 2238 471 2296 όπλων
484 2236 545 2297 οὐτε
564 2239 650 2318 λόγων
665 2238 910 2320 άπιιροι,προνοίφι
925 2236 974 2313 μέν

196 2328 344 2408 έχφιήσαντο
356 2329 455 2408 πολλῇ,
470 2327 542 2388 σίτου
554 2350 584 2387 τε
598 2327 642 2388 καλ
660 2333 707 2401 τῆς
722 2328 804 2401 άλλης
816 2331 913 2407 ἀγορᾶς
924 2330 975 2404 έμ-

196 2419 298 2489 πλῆσαι
319 2413 369 2488 τὴν
382 2416 475 2489 πόλιν,
489 2420 525 2485 ὠς
539 2419 610 2495 aeq
626 2419 686 2477 κατ’
699 2416 781 2491 αὐτὴν
794 2417 916 2498 εὐετηρία
927 2421 975 2489 τῆς

196 2505 319 2585 ὁμονοίας
334 2511 380 2565 τοῦ
399 2505 515 2578 πλήθους
535 2505 669 2586 κειμένης.
711 2509 752 2568 Οὐ
772 2505 825 2582 μὴν
846 2505 975 2585 ἐξεγένετό

142 2624 169 2665 25
197 2617 227 2674 γε
243 2599 328 2660 αὐτοῖς
348 2592 503 2676 ἀμφοτέρων
524 2592 581 2671 άμα
597 2593 696 2654 τούτων
709 2596 813 2677 τυχεῖν,
834 2592 903 2654 άλλὸ
922 2617 972 2654 συ-

197 2684 329 2753 νεισῆλθεν
345 2683 401 2761 άμα
416 2685 455 2764 τῷ
473 2681 544 2764 κόρῳ
560 2685 612 2741 τῶν
634 2686 739 2763 ἀγαθῶν
754 2688 771 2754 ἡ
792 2686 843 2742 τῶν
864 2705 973 2764 χρησα-

198 2772 282 2850 μένων
302 2773 388 2839 αὐτοῑς
410 2770 493 2853 ὁὸρις.
538 2772 593 2832 liet
613 2771 672 2832 τότε
693 2772 725 2843 δὴ
749 2773 870 2851 μέγιστος
891 2769 972 2831 κατέ-

196 2859 264 2920 λαύε
277 2859 324 2933 τήν
342 2860 451 2937 Ῥώμην
466 2861 582 2930 κίνδυνος
596 2861 622 2930 ἐξ
635 2864 735 2944 ἀρχῆς,
749 2859 793 2919 ὅτε
802 2859 901 2931 ἥκιστα
916 2858 974 2919 έδό-

198 2974 249 3008 κει.
294 2946 333 3011 Οἵ
346 2974 374 3009 τε
389 2950 440 3029 γάρ
456 2949 499 3007 ἐπὶ
516 2950 564 3020 τὴν
580 2952 704 3010 σιτωνίαν
717 2947 910 3015 ἀποσταλέντες
929 2951 974 3006 ὐπ’

143 3066 171 3108 ηη
199 3039 284 3096 αὐτῶν
299 3037 424 3118 πρέσόεις
441 3039 471 3095 ta
488 3040 540 3095 τῶν
553 3037 776 3117 παραθαλαττίων
791 3037 879 3095 τεκαὶ
894 3060 975 3113 μεσο-

199 3127 275 3205 γείων
291 3126 426 3206 ἐμπορίων
448 3127 519 3184 σῖτον
539 3125 704 3200 ὠνησάμενοι
725 3124 874 3203 κατήγαγον
889 3126 976 3202 δημο-

198 3216 243 3298 σίφ
253 3240 259 3254 ·
270 3215 295 3276 οἵ
306 3241 335 3277 τε
345 3214 528 3292 διαμείδτσθαι
538 3212 586 3282 τθς
600 3212 697 3294 άγοφθις
708 3212 826 3281 εἰωθότες
838 3217 868 3272 ἐκ
879 3216 976 3282 παντὸς

198 3306 279 3364 τόπου
301 3306 447 3377 συνῆλθον,
469 3305 533 3384 παρ’
553 3294 589 3361 ῶν
612 3309 629 3376 ἡ
655 3302 731 3369 πόλις
750 3301 909 3380 ὠνησαμένη
931 3301 975 3360 τόν

199 3395 291 3473 φόρτον
314 3394 344 3450 έκ
366 3396 417 3450 τῶν
440 3395 532 3450 κοινῶν
552 3390 696 3471 χρημάτων
719 3381 790 3470 εἶχεν
812 3393 838 3451 έν
859 3392 975 3473 φυλακῇ.

144 3506 170 3548 m
198 3472 298 3541 Ἦλθον
323 3479 350 3538 δὲ
374 3478 420 3538 καὶ
444 3481 468 3538 σί
491 3479 616 3560 πρότερον
639 3477 831 3546 ἀποσταλέντες
854 3477 976 3558 πρέσόειτ

200 3573 235 3637 εἰς
250 3568 374 3629 Σικελίαν
385 3570 420 3628 Γε
440 3568 509 3635 άνιος
521 3567 568 3628 καί
583 3568 741 3646 Οὐαλέριος,
760 3568 860 3636 πολλθις
872 3568 976 3649 άγοντες

199 3660 325 3729 ὁλκάδας,
352 3660 379 3716 ἕν
404 3592 446 3724 αές
470 3656 622 3735 ἐκομίζοντο
643 3661 731 3738 πυρῶν
753 3658 832 3716 πέντε
855 3654 977 3737 μυράδες

200 3747 332 3822 μεδίμνων
346 3747 504 3817 Σικελικῶν,
522 3735 559 3804 ὠν
575 3745 605 3804 rb
622 3743 669 3822 μέν
684 3745 770 3821 ἥμισυ
785 3745 863 3825 μέρος
877 3745 976 3818 ὠνητὸν

200 3827 232 3906 ἧν
260 3836 386 3916 βραχείας
407 3835 476 3894 πάνυ
500 3838 593 3911 τιμῆς,
609 3833 638 3892 τὸ
658 3833 685 3891 δέ
709 3832 799 3893 λοιπόν
822 3839 836 3893 ὁ
854 3832 978 3912 τύραννος

146 3957 174 3996 to
201 3924 361 3982 ἀπεστάλκει
376 3927 472 4003 προῖκα
489 3920 546 3988 δούς
561 3919 607 3981 καί
621 3923 709 3981 τελεσι
724 3922 910 4002 παρακομίσας
924 3931 977 3989 τοῖς

201 4010 284 4075 ἰδίοις.
327 4011 378 4077 Ὡς
395 4011 421 4068 δέ
437 4010 591 4090 ἀπηγγέλθη
605 4010 657 4076 τοῖς
679 4014 705 4070 ἐν
720 4013 754 4088 τῇ
770 4008 845 4068 πόλει
859 4015 873 4069 ὁ
889 4008 976 4068 κατά-

202 4099 281 4163 πλους
305 4102 357 4157 τῶν
384 4103 497 4177 σιτηγῶν
527 4098 645 4159 ὁλκάδων
675 4101 726 4156 τῶν
755 4097 808 4157 ἀπὸ
836 4096 974 4169 Σικελίας,

200 4185 287 4255 πολλή
311 4189 417 4258 ζήτησις
445 4187 567 4247 ἐνέπιπτε
591 4190 645 4254 τοῖς
668 4186 815 4268 πατρικίοις
842 4183 908 4267 ὑπὲρ
930 4190 978 4258 τῆς

202 4270 339 4338 διαθέσεως
353 4275 441 4333 αὐτοῦ.
484 4278 519 4334 Οἱ
542 4274 590 4351 μέν
611 4272 662 4353 γάρ
680 4273 868 4333 έπιεικέστατοι
891 4275 976 4332 αὐτῶν

145 4398 171 4437 ts
200 4363 246 4420 καί
269 4360 473 4441 φιλοδημότατοι
496 4362 560 4443 πρὸς
583 4362 631 4429 τθς
656 4362 820 4443 κατεχούσας
841 4363 975 4423 τὸκοινόν

181 4513 183 4518 Ι
201 4449 316 4526 ἀνάγκας
331 4450 522 4520 άπυύλέποντες
536 4450 584 4522 τήν
602 4476 630 4511 τε
643 4450 717 4531 παρὰ
731 4457 776 4510 τοῦ
787 4451 914 4533 τυράννου
926 4456 976 4511 δω-

202 4538 262 4617 ρεθιν
279 4540 412 4620 παρῄνουν
427 4540 510 4598 άπασι
532 4544 664 4620 διανεῖμαι
677 4550 731 4609 τοῖς
750 4543 913 4619 δημοτικοῖς,
930 4541 976 4600 καλ

199 4626 244 4686 τὸν
254 4628 386 4701 ὠνηθέντα
398 4632 427 4687 ἐκ
439 4633 489 4686 τῶν
501 4632 634 4704 δημοσίων
644 4632 790 4712 χρημάτων
803 4640 874 4690 σῖτον
889 4631 978 4709 ὀλίγης

200 4718 288 4786 αὐτοῖς
304 4718 494 4793 ἀπεμπολῆσαι
505 4723 593 4796 τιμῆς,
609 4721 775 4788 διδάσκοντες
790 4723 825 4786 ὡς
837 4722 867 4777 ἐκ
879 4719 976 4777 τούτων

145 4839 172 4878 ,η
200 4805 231 4864 διν
244 4804 360 4883 γένοιντο
377 4807 494 4882 μάλιστα
507 4812 559 4866 τῶν
574 4812 691 4889 χαρίτων
707 4809 899 4888 ἐπιεικέστεραι
913 4808 977 4887 πρὸς

199 4895 258 4962 τούς
284 4897 411 4976 εὐπόρους
436 4897 462 4954 αί
484 4900 536 4954 τῶν
555 4900 675 4969 πενήτων
699 4898 791 4977 ὀργαί·
809 4900 834 4956 οἱ
852 4897 879 4956 δέ
897 4898 977 4955 αὐθα-

201 4983 316 5063 δέστεροι
332 4987 376 5044 καὶ
398 4985 631 5066 ὀλιγαρχικώτεροι
648 4987 721 5066 πάσῃ
738 4987 871 5066 προθυμία
889 5009 916 5043 τε
931 4987 976 5044 καλ

712 334 882 397 DIONYSll
907 334 1286 398 HALICARNASSENSIS

1027 481 1146 535 amarent,
1163 478 1213 541 alii,
1234 478 1299 543 quod
1317 477 1406 530 bonam
1421 491 1492 544 spem
1511 479 1549 531 rei
1569 480 1675 535 ielioiter
1692 487 1811 547 gerendas

1026 573 1191 638 conciperent.
1226 577 1278 624 lam
1298 573 1363 625 enlm
1378 574 1445 625 illius
1459 574 1505 625 riri
1520 588 1610 627 nomen
1629 578 1725 632 celebre
1744 585 1810 643 erat,

1026 670 1052 716 et
1065 679 1179 731 magnum
1191 666 1306 718 hostibus
1317 671 1437 720 terrorem
1448 669 1592 721 incutiebat.
1620 673 1669 723 iste
1681 675 1812 725 exercitus

1027 756 1128 807 andum
1151 771 1230 820 usque
1257 770 1415 821 progressus,
1438 770 1528 823 magna
1549 762 1667 813 frumenti
1689 766 1759 829 copia
1785 769 1810 818 iu

1026 849 1093 914 agrls
1109 850 1195 900 relicta
1217 854 1243 901 et
1262 851 1332 903 laede
1351 857 1449 917 captam
1476 855 1656 922 mancipiisque
1674 863 1700 910 et
1720 873 1810 926 magna

1028 947 1123 1010 pecoris
1145 946 1215 1011 copia
1237 947 1330 1011 potitus
1347 951 1394 1007 est,
1416 961 1495 1013 neque
1514 951 1593 1002 multo
1612 957 1669 1017 post
1687 955 1810 1007 rebusad

1028 1040 1121 1091 rictum
1135 1039 1315 1105 pertinentibus
1329 1041 1403 1091 ditior
1417 1041 1497 1092 lactus
1511 1044 1614 1095 domum
1626 1047 1702 1098 rediit
1717 1067 1723 1098 :
1737 1048 1771 1098 ita
1782 1054 1809 1099 ut

1027 1135 1071 1199 qui
1081 1134 1105 1183 in
1116 1132 1177 1185 urbe
1186 1139 1355 1185 remanserant
1368 1135 1454 1186 rnoesti
1467 1137 1576 1199 graviter
1586 1138 1619 1190 de
1631 1140 1740 1192 tribunis
1749 1155 1809 1193 con·

1027 1231 1199 1290 quererentur,
1214 1241 1321 1291 quorum
1333 1228 1405 1292 culpa
1419 1229 1494 1280 simili
1509 1230 1627 1282 felicitate
1639 1246 1666 1284 se
1683 1234 1810 1285 fraudatos

1028 1322 1156 1389 putabant.
1190 1322 1314 1387 Geganius
1327 1323 1403 1388 igitur
1418 1328 1444 1374 et
1453 1325 1585 1385 Minucius,
1600 1326 1676 1378 buius
1686 1329 1742 1379 anni
1751 1343 1809 1379 eon·

1029 1415 1110 1478 sulas,
1132 1414 1226 1480 magnis
1244 1428 1274 1464 ac
1301 1415 1378 1465 variis
1402 1417 1593 1480 tempestatibus
1614 1419 1699 1470 iactati
1721 1421 1811 1485 quibus

1028 1507 1120 1573 saepius
1133 1505 1312 1571 rempublicam
1332 1519 1393 1571 pene
1405 1508 1549 1561 subvertere
1566 1511 1719 1564 videbantur
1730 1516 1810 1564 tannen

1028 1601 1122 1653 nullam
1131 1600 1155 1651 ei
1168 1599 1306 1664 graviorem
1321 1599 1489 1651 calamitatem
1504 1603 1650 1665 attulerunt,
1662 1603 1739 1655 sedin
1750 1605 1810 1670 ipsis

1029 1697 1136 1748 tortura
1151 1693 1250 1745 casibus
1268 1693 1361 1746 maiore
1375 1695 1506 1761 prudentia
1523 1709 1600 1761 quam
1621 1698 1736 1749 lelieitate
1755 1712 1808 1749 eain

1029 1795 1169 1846 servarunt.

1061 1973 1116 2023 xx.
1134 1973 1186 2022 llos
1196 1972 1276 2022 mcuti
1290 1974 1350 2024 sunt
1359 1973 1474 2024 consules
1485 1975 1519 2025 bl.
1532 1975 1658 2027 ltlinucius
1672 1979 1812 2042 Augurinus

1030 2072 1094 2121 etA.
1108 2069 1268 2134 Sempmnius
1278 2070 1406 2120 Atratinus
1415 2069 1506 2122 iterum
1516 2072 1622 2124 eundem
1637 2074 1808 2138 magistratum

1030 2169 1122 2235 adepti,
1134 2169 1182 2220 riri
1197 2171 1223 2220 et
1234 2169 1269 2219 rei
1285 2169 1399 2221 militaris
1411 2175 1438 2222 et
1449 2170 1545 2224 dicendi
1556 2171 1638 2237 periti,
1647 2172 1691 2236 qui
1705 2173 1809 2237 procide

1030 2280 1146 2331 magnam
1164 2265 1331 2317 adhibuerunt
1347 2266 1564 2332 diligentiamnrt'
1576 2269 1699 2320 lrumeuto
1719 2270 1808 2320 etalio

1030 2365 1171 2416 commeatu
1184 2364 1273 2415 urbem
1284 2364 1415 2429 replerent,
1425 2366 1493 2430 quod
1504 2366 1530 2418 in
1543 2379 1645 2418 monum
1656 2365 1752 2418 vilitate
1761 2379 1808 2429 po-

1030 2461 1083 2527 puli
1103 2458 1234 2512 concordia
1257 2460 1305 2510 sila
1326 2464 1400 2511 esset.
1435 2463 1613 2514 Verumtamen
1637 2477 1687 2514 non
1711 2462 1810 2526 contigit

1029 2558 1087 2620 illis,
1101 2560 1129 2608 ut
1143 2559 1278 2621 utrumque
1292 2555 1366 2607 simu
1378 2559 1479 2621 possent
1490 2557 1623 2624 eonseqnl3
1639 2559 1685 2610 sed
1696 2569 1811 2609 unacum

1029 2658 1082 2723 ipsa
1094 2655 1216 2705 bonorum
1230 2654 1310 2719 eopia,
1323 2667 1412 2705 eorum
1425 2656 1515 2719 etiam,
1529 2656 1573 2720 qui
1584 2655 1634 2707 illis
1651 2659 1722 2706 erant
1734 2654 1811 2713 usuri,

1030 2753 1163 2820 petulantia
1174 2754 1200 2803 in
1210 2750 1388 2817 rempublicam
1399 2753 1439 2804 est
1450 2752 1568 2818 ingressa.
1602 2754 1634 2804 Et
1642 2766 1693 2817 qno
1702 2757 1811 2817 tempora

1030 2848 1077 2900 boc
1087 2848 1188 2899 minime
1205 2846 1406 2912 exspectabatur,
1426 2847 1508 2901 denno
1522 2849 1627 2915 populns
1645 2853 1770 2901 Romanus
1785 2850 1811 2898 in

1030 2944 1164 2994 marimum
1179 2944 1318 3009 periculum
1338 2945 1451 2996 insumit.
1484 2946 1547 2997 iiam
1567 2949 1593 2997 et
1610 2946 1685 3010 legati
1702 2943 1735 2994 ad
1753 2945 1808 2993 tru-

1030 3043 1141 3092 mentum
1160 3041 1322 3092 coemendum
1346 3041 1377 3092 ab
1396 3042 1457 3107 ipsis
1474 3041 1556 3103 missi,
1576 3056 1608 3092 ex
1628 3041 1759 3093 maritimis
1783 3048 1808 3092 et

1031 3139 1215 3190 mediterraneis
1227 3140 1344 3204 emporiis
1357 3144 1497 3206 coemptum
1509 3139 1660 3190 trumentum
1672 3139 1697 3189 in
1718 3139 1809 3191 liorrea

1032 3235 1129 3301 publica
1149 3233 1302 3286 advexerunt
1325 3239 1377 3285 :et
1398 3232 1445 3299 ipsi
1469 3232 1623 3284 frumentarii
1646 3236 1808 3296 mercatores,

1032 3331 1075 3395 qui
1090 3333 1242 3380 commeatus
1257 3331 1282 3380 in
1295 3329 1382 3382 urbem
1404 3331 1468 3382 terre
1479 3328 1603 3389 solebant,
1619 3328 1728 3392 undique
1747 3343 1809 3380 con-

1034 3430 1169 3489 linxerunt,
1180 3441 1284 3491 quorum
1297 3441 1391 3479 merces
1403 3428 1490 3478 civitas
1499 3425 1659 3492 erepublica
1671 3429 1751 3476 emtas
1767 3440 1807 3476 ac·

1033 3532 1118 3582 curate
1135 3528 1286 3578 reservabat.
1322 3529 1445 3593 Geganius
1460 3527 1534 3578 etiam
1552 3527 1579 3577 et
1592 3526 1717 3586 Valerius,
1737 3525 1810 3590 legati

1032 3638 1058 3689 in
1073 3635 1181 3687 Siciliam
1195 3636 1265 3684 antea
1278 3632 1358 3694 missi,
1377 3632 1504 3683 redierunt
1519 3643 1577 3681 cum
1591 3630 1677 3680 multis
1693 3630 1809 3680 onerariis

1032 3741 1147 3800 navibus,
1161 3738 1186 3788 in
1205 3736 1295 3800 quibus
1308 3733 1496 3785 advehebantur
1514 3733 1631 3784 trumenti
1649 3731 1809 3797 quinquagies

1032 3842 1099 3892 mille
1121 3837 1296 3894 modiiSiculi;
1317 3849 1425 3899 quorum
1456 3833 1587 3885 dimidium
1612 3834 1658 3884 vili
1678 3831 1809 3883 admodum

1032 3935 1112 3999 pretio
1129 3935 1251 3991 emerant,
1264 3930 1387 3994 reliquum
1401 3943 1462 3981 vero
1481 3911 1601 3993 tyrannus
1616 3926 1681 3975 douo
1698 3925 1807 3975 miserat.

1032 4028 1133 4092 suisque
1150 4026 1273 4079 sumtibus
1285 4023 1459 4075 advehendum
1473 4021 1582 4071 curarat.
1616 4017 1662 4069 ubi
1678 4029 1736 4066 vero
1746 4029 1811 4064 nun·

1031 4120 1122 4171 ilatum
1136 4124 1174 4170 est
1193 4121 1217 4170 in
1232 4118 1311 4178 urbe,
1329 4129 1406 4166 nares
1427 4114 1551 4163 trumeoto
1566 4112 1670 4159 onustas
1681 4121 1712 4156 ex
1729 4103 1809 4156 sicllia

1032 4211 1120 4271 redire,
1133 4211 1175 4261 diu
1193 4210 1257 4260 inter
1272 4207 1387 4273 patricios
1409 4206 1529 4271 agitatum
1548 4204 1596 4264 est,
1617 4211 1723 4265 quonam
1737 4194 1811 4245 modo

1032 4308 1057 4358 id
1075 4309 1270 4361 distribuendum
1285 4308 1358 4356 esset.
1393 4306 1455 4353 Nam
1468 4300 1511 4365 qui
1529 4294 1660 4349 interillos
1675 4289 1811 4355 aequissimi

1032 4403 1159 4470 plebisqne
1179 4401 1340 4454 arnmtissimi
1359 4400 1445 4458 erant,
1466 4391 1649 4444 considerantes
1668 4387 1693 4436 in
1713 4385 1811 4447 quantis

1031 4497 1218 4548 necessitatibus
1232 4493 1368 4558 respublica
1382 4490 1533 4546 versaretur,
1551 4485 1643 4532 donum
1653 4477 1751 4541 tyranni
1760 4491 1812 4526 om·

1032 4591 1104 4641 nibus
1126 4590 1225 4652 plebeiis
1246 4586 1408 4639 dividendum
1437 4580 1586 4636 censebant,
1610 4575 1812 4635 frumentumque

1031 4686 1194 4750 erepublica
1213 4687 1307 4733 enatum
1321 4693 1398 4745 parvo
1413 4676 1493 4742 pretio
1506 4673 1556 4723 illis
1576 4667 1752 4726 vendendum,
1767 4664 1812 4714 do-

1032 4781 1114 4829 centes
1133 4778 1171 4827 liis
1188 4777 1342 4841 potissimum
1361 4767 1486 4822 beneficiis
1500 4774 1621 4830 pauperes
1638 4757 1760 4808 delenitos
1775 4755 1811 4803 di·

1031 4872 1124 4922 vitibus
1138 4870 1258 4935 aequiores
1275 4881 1329 4917 sese
1344 4863 1491 4929 prebituros
1508 4879 1514 4909 ι
1530 4859 1558 4907 at
1572 4854 1615 4921 qui
1631 4848 1814 4915 arrogantiores

1031 4976 1056 5023 et
1073 4971 1212 5021 dominatus
1226 4979 1361 5032 paucorum
1380 4963 1489 5014 lautores
1509 4959 1595 5016 erant,
1613 4952 1678 5004 omni
1689 4945 1771 4998 studio
1784 4949 1811 4994 et

202 5077 310 5149 μηχανῇ
324 5079 421 5133 κακοῦν
437 5074 520 5151 ᾤοντο
534 5076 586 5134 δεῖν
599 5074 658 5140 τούς
678 5071 849 5150 δημοτικοὺς,
868 5073 913 5132 καλ
928 5095 975 5131 συ-
1030 5072 1118 5136 quavis
1130 5068 1224 5118 ratione
1240 5065 1337 5128 plebem
1353 5062 1512 5128 premendam
1525 5055 1665 5110 censebant,
1680 5050 1705 5096 θῖ
1716 5042 1810 5093 ⁵¹¹³th-

203 5153 354 5218 νεύούλεοον
376 5162 477 5235 τιμίας,
493 5165 528 5230 ὡς
546 5163 583 5222 ένι
599 5164 716 5243 μάλιστα
733 5171 816 5221 ποιεῖν
830 5163 915 5228 αὐτοῖς
933 5136 1005 5233 τὰς]
1025 5166 1098 5224 bant,
1118 5165 1146 5213 ut
1168 5158 1270 5226 patricii
1289 5171 1364 5222 quam
1387 5159 1488 5221 possent
1509 5151 1636 5203 carissime
1654 5143 1812 5194 cotntnttlus
