3772 5828
62 1760 87 1801 lb

58 2201 87 2240 w

591 355 884 427 ammonitarum
906 354 1054 415 ROMAN.
1077 354 1150 414 Llss.
1174 352 1225 413 VI.

117 525 129 549 ι
145 496 221 563 λάκις
234 493 285 568 ήδη
300 490 479 566 καταμαθὼν,
503 487 649 565 ίπίσταμιιι
670 495 793 549 τοσούτω
811 491 892 568 ἰσχυ-

117 615 129 638 ιι
147 585 225 651 θύσας
240 580 345 664 χρόνον,
365 578 425 640 ἴσον
442 578 474 639 ἀν
489 580 575 637 αὑτῶν
591 581 618 635 αἱ
633 576 748 655 ἀνάγκαι
762 580 893 655 κρατῶσι,

117 702 129 726 ιι
146 674 194 740 Τίς
218 663 263 732 οὑν
285 665 427 743 ἡτοιαύτη
454 666 529 748 φιλία
543 665 589 725 καί
611 666 715 739 πίστις,
739 655 800 744 ἀνή
818 665 893 744 παρδι

117 761 255 842 ιγνώμην
285 759 416 832 ἀλλήλους
441 754 594 834 θεραπεύειν
622 752 893 833 ἀναγκασθησόμεθα,

118 877 130 903 ι
149 848 322 931 φυλάττοντας
336 845 396 912 τοὺς
409 843 519 911 οἰκείους
531 843 655 923 ζέκάτεροι
679 841 800 921 καερούς;
827 845 893 902 ὑπο·

118 938 208 1018 ιψίαι
228 932 256 994 δὲ
281 934 313 1005 δή
335 932 395 1011 τόγε
418 930 487 1008 μετά
510 929 651 989 τοῦτοκαὶ
675 927 798 988 διαόολαί
818 950 894 987 συνε-

118 1033 202 1104 ιχεῖς
225 1026 284 1083 κατ’
310 1020 433 1094 ἀλλήλων
453 1018 583 1102 φθάνοιτε
602 1017 648 1076 καί
663 1016 728 1094 μίση
748 1015 794 1075 καί
819 1026 894 1076 πᾶσα

118 1142 131 1168 ι
149 1115 216 1185 ἀλλη
226 1114 315 1173 κακῶν
330 1110 398 1188 ἰδία,
407 1108 453 1170 καί
462 1106 541 1173 πολὺς
555 1112 570 1167 δ
585 1104 646 1186 περί
659 1111 703 1165 τοῦ
718 1106 817 1186 φθάσαι
840 1106 894 1165 διο·

119 1203 274 1268 ιλέσαντας
293 1199 324 1259 τδ
354 1198 497 1259 ἀντίπαλον
513 1194 601 1275 ἀγὼν,
625 1196 660 1260 ῶς
681 1196 707 1253 ἐν
728 1197 766 1273 τῷ
788 1194 893 1272 μέλλειν

118 1318 131 1343 ιι
148 1289 269 1367 κειμίνου
285 1293 331 1348 τοῦ
346 1286 448 1346 παθεῖν.

167 1381 296 1442 LXXIX.
321 1405 334 1431 ιι
349 1375 476 1454 Πολέμου
503 1375 531 1433 ἀί
556 1373 705 1445 πολιτικοῦ,
719 1373 754 1440 ὡς
780 1371 894 1441 ἀπαντις

117 1496 129 1523 ι
145 1470 231 1542 inens,
247 1468 339 1529 κάκιον
353 1468 451 1547 ’χρῆμα
464 1461 552 1535 otili,
566 1462 592 1520 ίν
607 1451 671 1543 iret
687 1459 735 1538 μίν
750 1461 895 1539 κρατηθέν-

117 1585 129 1610 ι
146 1584 180 1618 τα
196 1560 307 1637 ἀτυχεῖ,
323 1555 357 1614 τά
371 1554 399 1614 δὲ
414 1551 585 1634 κρατήσαντα
602 1552 704 1621 ἀδικεῖ,
719 1547 765 1608 καί
786 1548 895 1631 περίεσ-

116 1666 172 1704 ετι
195 1652 248 1711 τοῖς
264 1639 312 1718 μίν
332 1641 385 1701 ὑπὸ
398 1642 450 1700 τῶν
479 1637 612 1720 φιλτάτων
636 1638 813 1708 ἀπόλλυσθαι,
842 1645 895 1706 τοῖς

117 1761 130 1786 ιι
149 1731 177 1792 δὲ
193 1730 228 1789 τδι
251 1730 365 1811 φίλτατα
387 1726 514 1789 διολέσαι.
565 1725 631 1787 Ἐπὶ
651 1723 784 1792 τοιαύταις
802 1725 835 1796 δή
848 1725 893 1786 τύ·

118 1844 207 1901 ιγαις
222 1820 267 1878 καὶ
288 1826 433 1897 συμφοραῖς
454 1819 502 1875 evis
523 1814 655 1882 εὐκταίαις
678 1815 746 1892 μήτι
763 1817 848 1890 ὑμεῖς,
871 1803 895 1873 ῶ

118 1937 131 1962 ιι
148 1888 294 1987 πατρίκιοι,
316 1907 420 1965 καλεῖτε
433 1910 517 1981 ἡμᾶς,
533 1904 602 1980 μήτε
622 1911 699 1980 ἡμεῖς
717 1903 805 1970 αὐτοῖς
822 1907 892 1962 ὑπα-

119 2023 131 2048 ιι
149 1997 287 2073 κούωμεν,
308 1982 330 2052 ῶ
350 1994 473 2071 δημόται,
489 1993 598 2060 ἀλλ’ὡς
615 1992 738 2071 διῄρηκεν
758 1993 829 2066 ἡμᾶς
848 1993 894 2049 ἀπ’

119 2083 270 2155 «ἀλλήλων
298 2088 315 2158 ip
342 2083 428 2164 τύχη,
455 2081 615 2163 στέργωμεν.
667 2079 822 2160 Ἐχίτιιισαν
846 2078 894 2157 μὲν

118 2203 130 2227 ιι
148 2166 218 2233 οὑτοι
243 2172 289 2246 τήν
321 2171 397 2233 πόλιν
428 2170 492 2244 όλην
511 2171 557 2230 καί
584 2171 792 2251 καρπούσθωσαν
815 2172 893 2247 ήμῶν

117 2290 130 2317 ιι
147 2264 210 2345 δίχα
225 2263 271 2324 καί
283 2265 336 2322 τῶν
357 2261 445 2321 ἀλλων
462 2264 568 2339 ἀγαθῶν
580 2261 706 2319 ἀπάντων
721 2257 894 2319 ἀπολαυέτω-

118 2376 197 2413 ιισαν
221 2352 311 2431 μόνοι,
337 2349 398 2418 τούς
419 2347 559 2417 ταπεινοὺς
577 2349 623 2408 καί
651 2346 756 2416 ἀδόξους
779 2347 895 2424 δημότας

118 2441 304 2506 ιιίκόαλάντες
328 2442 358 2497 ἐκ
380 2442 427 2509 τῆς
441 2436 577 2518 πατρίδος.
603 2434 845 2512 ’ἀπαλλαττώμεθα
867 2434 895 2494 δί

118 2559 131 2584 ι
148 2537 224 2605 ἡμεῖς
235 2530 294 2588 ὅποι
308 2530 366 2586 ποτ’
379 2525 411 2584 ἀν
423 2530 518 2604 ἡμᾶςὺ
532 2527 633 2604 δαίμων
644 2524 710 2606 ἀγη,
724 2524 804 2584 τόπον
820 2525 896 2585 ἀλλό-

119 2648 131 2671 ιι
149 2642 220 2698 τριον
234 2616 349 2676 ἐκλιπεῖν
361 2614 528 2688 νομίσαντες,
543 2615 573 2673 οὑ
584 2616 659 2673 πόλιν
672 2612 748 2673 ίδίαν.
762 2612 833 2674 Ούτε
843 2614 896 2695 γδρ

119 2738 132 2761 ιι
150 2711 226 2786 ἡμῶν
254 2728 305 2764 τινι
324 2703 413 2764 ἐνθάδε
437 2702 607 2763 ὑπολείπεται
639 2705 736 2783 κλῆρος
760 2707 809 2783 γῆς
835 2702 894 2764 οὗτε

119 2824 131 2847 ιι
150 2798 272 2875 πατρῷον
298 2791 415 2873 ἐφέστιον
445 2789 505 2851 ούτε
532 2792 590 2872 ίερδ
613 2791 688 2851 κοινίι
708 2789 768 2849 οὗτε
791 2789 895 2869 ἀξίωμα

120 2912 132 2935 ιι
149 2888 184 2950 ὡς
203 2889 229 2941 ἐν
249 2882 374 2960 πατρίδι,
388 2871 426 2939 ῶν
449 2879 632 2960 πιριεχόμενοι
648 2879 841 2957 φιλοχωροῖμεν
864 2880 894 2938 δν

120 2972 195 3031 «καί
218 2970 291 3049 παρὰ
313 2968 421 3047 γνώμην
441 2967 537 3045 με’νειν,
563 2969 622 3027 ἀλλ’
635 2967 688 3025 οὐδ’
717 2971 735 3038 ἡ
760 2966 828 3044 μετὰ
842 2969 894 3026 τῶν

120 3088 132 3114 ιι
149 3063 236 3120 ὅπλων
260 3067 314 3126 τοῖς
336 3055 443 3132 σώμασι
465 3055 533 3134 μετὰ
561 3055 666 3113 πολλῶν
686 3053 772 3114 πόνων
796 3057 896 3116 ίλευθε·

120 3178 132 3203 ιι
150 3150 202 3230 ρία·
218 3148 274 3210 ἐπεὶ
287 3146 320 3205 τίι
332 3146 380 3222 μίν
397 3148 421 3206 οἱ
448 3143 540 3204 πολλοί
557 3144 667 3220 πόλεμοι
688 3145 846 3228 διέφθειραν,
863 3147 897 3206 τδι

120 3265 132 3289 ιι
150 3239 177 3296 δὲ
188 3241 265 3309 ήτῶν
280 3234 338 3295 καθ’
351 3233 452 3315 ἡμέραν
464 3232 614 3311 ἀναγκαίων
627 3232 719 3299 σπάνις
729 3233 894 3311 ίξανάλοισε,

120 3355 132 3379 ιι
149 3326 183 3386 τά
194 3326 221 3387 δθ
233 3324 285 3385 ὑπὸ
300 3327 354 3383 τῶν
369 3323 545 3404 ὑπερηφάνων
560 3321 699 3379 δανειστῶν
711 3322 810 3380 τούτων
826 3326 896 3404 ἀφῃ-

121 3441 133 3466 ιι
152 3414 276 3495 ρίθημεν·
293 3403 332 3481 οἷς
345 3413 517 3478 τελευτῶντες
537 3407 739 3486 ἠναγκαζόμεθα
754 3408 813 3476 τοὺς
833 3414 898 3470 ἑαυ-

62 3568 83 3581 ..
122 3530 135 3555 ιι
150 3507 203 3562 τῶν
215 3503 326 3581 κλήρους
338 3502 364 3560 οἱ
384 3499 493 3560 δείλαιοι
507 3504 644 3576 γεωργεῖν,
661 3495 830 3572 σκάπτοντες,
845 3523 896 3581 φυ-

123 3620 135 3643 ιι
153 3590 278 3663 τεύοντες,
290 3593 422 3670 ἀροῦντες,
433 3586 542 3665 ποίμνια
554 3584 683 3662 νίμοντες,
693 3583 830 3661 ὑμόδουλοι
844 3592 897 3657 τοῖς

123 3709 136 3732 ι
155 3682 254 3739 ἑαυτῶν
268 3675 427 3757 δορικτήτοις
441 3675 613 3756 ἀνδραπόδοις
628 3673 713 3744 δντις,
731 3674 755 3731 ol
770 3675 818 3750 μὲν
833 3677 895 3736 ἁλύ.

123 3798 136 3824 ιι
155 3792 212 3829 σεσι
233 3766 362 3839 δεθέντες,
392 3766 417 3824 ni
444 3764 472 3824 δί
505 3762 612 3834 πίδαις,
641 3764 665 3821 σί
692 3760 720 3820 δὲ
752 3760 843 3843 ὥσπερ
864 3765 897 3825 εδ

122 3887 134 3913 ιι
151 3855 331 3939 χαλεπώτατα
344 3856 398 3913 τῶν
416 3851 512 3933 θηρίων
525 3854 621 3919 κλοιοῖς
636 3850 681 3909 καί
695 3849 812 3931 μύδροις.
845 3855 896 3914 Αἰ.

122 3978 134 4002 ιι
151 3948 209 4015 χίας
219 3946 247 4006 δὲ
262 3945 294 4018 δή
311 3941 356 4004 καί
371 3938 619 4022 προπηλακισμοὺς,
637 3937 683 3998 καί
700 3936 839 4020 μάστιγας,
850 3941 895 4001 καί

122 4037 244 4103 ιιπόνους
267 4036 297 4093 ts
319 4031 409 4100 υυκτδς
442 4031 479 4098 εἰς
503 4030 602 4104 νύκτα,
630 4032 675 4091 καί
700 4043 790 4094 πᾶσαν
811 4035 895 4110 ἀλλην

122 4158 134 4179 ιι
153 4127 291 4204 ὠμότητα,
306 4122 351 4182 καί
367 4121 451 4203 ὑύριν,
466 4119 513 4179 καί
524 4121 720 4202 ὑπερηφανίαν,
735 4123 768 4196 ἣν
785 4127 895 4203 ὑπεμεί-

122 4246 134 4269 ιι
153 4240 252 4295 ναμεν,
268 4216 314 4273 ἀῶ.
336 4209 476 4272 Τοσούτων
498 4200 543 4268 οὑν
561 4209 606 4268 καί
622 4210 784 4281 τηλικούτων
812 4215 898 4288 ἀπηλ-

123 4335 135 4362 ι
150 4305 277 4388 λαγμίνοι
286 4304 375 4362 κακῶν
392 4299 444 4359 ὑπὸ
458 4301 504 4357 τοῦ
517 4297 653 4375 δαίμονος,
673 4300 723 4373 δση
736 4301 837 4374 σπουδή
851 4303 896 4362 καὶ

123 4400 261 4475 ιδύναμις
294 4398 399 4478 ἑκάστῳ
426 4394 556 4475 πάρεστι,
581 4396 718 4477 φεύγοιμεν
743 4396 791 4454 ἀπ’
811 4397 897 4454 αὑτῶν

119 4513 131 4537 ιι
146 4487 272 4567 ἀσμενοι,
289 4486 373 4567 τύχην
389 4483 435 4545 καί
449 4487 515 4543 θεῶν
528 4481 602 4565 οἵπερ
615 4489 687 4562 ἡμᾶς
699 4483 825 4553 σώζουσιν
836 4490 899 4562 ήγε·

119 4602 131 4624 ιι
147 4576 227 4650 μόνας
247 4580 294 4648 τῆς
311 4577 371 4636 tici
394 4572 585 4650 ποιησάμενοι,
613 4572 729 4653 πατρίδα
751 4571 899 4648 νομίζοντες

120 4690 132 4712 ι
147 4662 195 4735 τήν
209 4663 365 4743 ίλιυθιρίαν,
397 4660 444 4723 καί
464 4661 577 4721 πλοῦτον
602 4660 651 4735 τήν
682 4662 788 4742 ἀρετήν.
816 4662 897 4721 Πᾶσα

120 4780 131 4802 ι
149 4750 200 4830 γάρ
217 4757 289 4829 ἡμᾶς
313 4752 512 4827 ὑποδίξεταιγῆ
539 4747 693 4827 κοινωνυδς,
717 4746 751 4808 τά
774 4746 820 4826 μίν
835 4747 899 4807 ἀλύ-

119 4862 210 4905 ιπους
225 4838 363 4916 ίσομίνους
380 4848 435 4906 τοῖς
455 4833 673 4915 ὑποδιξαμίνοις,
692 4833 727 4894 τά
752 4835 780 4894 δὲ
803 4834 898 4916 ἀιφελί·

120 4956 132 4979 ιι
146 4952 220 5005 μους.

159 5019 274 5081 ίιΧΧΧ.
299 5040 314 5073 ιι
338 5016 552 5099 Παραδιίγματα
575 5016 604 5079 δί
615 5015 715 5077 τούτων
732 5012 896 5092 γενίσθωσαν

120 5136 132 5159 ι
147 5112 211 5185 ἡμῖν
225 5106 321 5170 πολλοί
342 5129 371 5166 τε
385 5105 516 5183 Ἕλληνες
527 5105 622 5168 πολλοί
637 5130 666 5165 τε
679 5101 827 5184 βάρύαροι,
846 5100 898 5179 μά·

121 5230 133 5254 ι
147 5205 225 5263 λιστα
240 5201 267 5261 si
280 5204 305 5262 οί
315 5199 415 5261 τούτων
425 5223 455 5261 τι
466 5202 511 5262 καί
522 5204 599 5280 ἡμῶν
611 5199 742 5281 πρόγονοι·
752 5187 789 5256 ῶν
802 5197 826 5256 οἱ
838 5193 897 5271 μὲν,

1667 360 1725 421 373

949 511 961 541 ι
977 494 1099 557 sedsaepe
1116 496 1175 545 ante
1195 493 1244 545 iroc
1263 492 1432 559 cognoverim,
1455 494 1506 546 scio
1521 496 1616 547 tamdiu
1636 497 1726 553 durare

949 583 1095 649 «quamdiu
1119 583 1274 635 necessitatis
1296 582 1395 632 vinonio
1420 583 1563 633 retinentur.
1607 586 1726 644 Qnoenam

949 673 1048 738 «igitur
1060 672 1101 723 liic
1115 687 1170 724 esse
1186 676 1267 738 potest
1287 671 1394 722 amicitia
1410 675 1437 723 et
1451 671 1528 735 sides,
1545 672 1589 724 ubi
1612 686 1728 736 cogemur

949 779 962 809 ιι
976 764 1066 826 praeter
1087 762 1240 812 voluntatem
1264 774 1308 811 nos
1328 760 1431 811 invicem
1451 760 1547 820 coiere,
1569 761 1729 813 observantes

948 869 961 894 ιι
974 834 1235 914 utriqneopponuua's
1262 848 1419 899 occasiones?
1443 851 1581 913 Praeterea,
1602 863 1729 914 nunquam

948 942 1063 1002 «postea
1086 938 1191 989 aberunt
1220 937 1387 1002 suspiciones,
1408 941 1501 990 mutuas
1528 938 1727 1002 criminationes,

949 1027 1080 1078 «invidiae
1101 1027 1211 1087 eiodia,
1226 1029 1252 1077 ei
1272 1025 1377 1091 quodvis
1403 1027 1469 1078 alind
1493 1028 1615 1079 malorum
1635 1040 1729 1094 genus,

950 1132 962 1162 ι
977 1117 1003 1166 et
1022 1117 1123 1179 uirique
1140 1115 1276 1167 studebunt
1296 1116 1449 1167 adversarios
1467 1122 1561 1181 quanto
1584 1118 1653 1170 ocius
1670 1131 1728 1183 per·

950 1221 962 1253 ι
977 1203 1051 1266 dere,
1061 1203 1128 1268 quod
1148 1205 1173 1254 in
1194 1204 1351 1257 cunctatione
1364 1206 1502 1272 portentum
1513 1221 1569 1259 esse
1582 1207 1726 1273 intelligent.

978 1385 1083 1435 Lxxix.
1104 1404 1116 1427 ιι
1126 1383 1192 1436 ilihii
1204 1387 1288 1437 summ
1298 1385 1345 1451 (ut
1361 1399 1446 1437 omnes
1464 1388 1568 1451 norunt)
1581 1389 1646 1440 civili
1664 1390 1728 1442 bello

949 1475 1014 1521 nest
1028 1473 1113 1537 peins;
1131 1472 1156 1522 in
1174 1486 1224 1536 quo
1241 1473 1323 1525 victos
1344 1475 1455 1539 sequitm
1472 1475 1572 1526 miseria
1591 1479 1617 1527 et
1640 1476 1727 1542 iussor-

950 1575 963 1607 n
978 1562 1099 1621 tunium,
1111 1561 1221 1613 victores
1233 1562 1324 1614 iniuste
1342 1563 1434 1614 iaciunt
1447 1581 1453 1613 :
1466 1566 1491 1614 ct
1503 1563 1594 1615 accidit
1608 1564 1657 1616 iliis
1669 1566 1729 1631 qui·

949 1665 962 1695 ιι
976 1647 1033 1699 dem
1042 1652 1071 1700 ni
1078 1649 1109 1700 ab
1119 1651 1274 1703 amicissimis
1284 1655 1393 1716 percant,
1404 1654 1460 1704 istis
1468 1667 1526 1704 vem
1534 1657 1561 1704 ui
1567 1652 1731 1706 amicissimos

949 1738 1086 1802 «perdant.
1101 1740 1137 1788 Ne
1149 1737 1223 1800 igitur
1237 1753 1289 1799 vos,
1303 1740 1411 1802 patricii,
1422 1738 1507 1790 ncsad
1523 1741 1597 1791 talem
1606 1741 1730 1795 inmunem

949 1846 961 1869 ιι
976 1827 1003 1877 et
1024 1824 1086 1877 tales
1102 1826 1256 1878 calamitates
1273 1827 1374 1878 minime
1395 1829 1515 1892 optandas
1538 1830 1648 1891 vocetis,
1668 1847 1730 1885 neve

950 1933 962 1964 ιι
976 1928 1035 1975 nos,
1048 1914 1167 1973 Quirites,
1181 1915 1241 1978 ipsis
1251 1916 1468 1980 obtemperemus:
1483 1917 1563 1967 sedin
1578 1932 1608 1968 ca
1620 1920 1728 1982 tortuna,

951 2021 964 2051 ι
977 2016 1086 2067 quaenos
1098 2002 1159 2052 aiios
1169 2004 1202 2053 ab
1210 2003 1264 2052 aiiis
1275 2003 1407 2068 separavit,
1419 2004 1615 2068 aequiescamus.
1649 2011 1730 2070 atque

951 2109 964 2139 ιι
977 2091 1019 2142 isti
1038 2091 1138 2154 quidem
1154 2091 1260 2143 habeant
1272 2092 1319 2142 sibi
1337 2094 1416 2143 totam
1435 2092 1536 2155 urbem,
1557 2097 1583 2143 et
1594 2095 1645 2144 sine
1659 2094 1731 2145 nobis

951 2180 1032 2231 seius
1049 2180 1179 2231 commoda
1190 2181 1340 2245 percipiant,
1363 2183 1389 2232 et
1411 2181 1500 2232 ceteris
1522 2182 1638 2233 omnibus
1658 2182 1730 2234 bonis

952 2268 1024 2318 nscli
1045 2270 1166 2329 truantur,
1182 2269 1225 2331 qui
1246 2284 1288 2319 nos
1304 2269 1414 2320 homines
1439 2268 1548 2320 abiectos
1566 2284 1596 2320 ac
1612 2271 1731 2335 ignobiles

952 2354 1056 2419 «patria
1071 2354 1226 2419 expulerunt.
1242 2360 1273 2407 Ei
1291 2371 1336 2406 nos
1354 2370 1451 2421 quoque
1466 2371 1566 2419 minus,
1584 2371 1730 2424 quoeunque

952 2462 964 2491 ι
980 2444 1078 2494 torinna
1089 2457 1136 2494 uos
1148 2444 1259 2506 durent,
1285 2446 1455 2496 existimantes
1466 2444 1548 2495 locum
1564 2446 1672 2496 alienum
1682 2461 1731 2499 non

953 2535 1087 2584 «nostrum
1112 2531 1198 2583 urbem
1222 2548 1237 2582 a
1261 2533 1332 2584 nubis
1358 2534 1500 2597 derelinqui.
1553 2535 1640 2584 Nullus
1665 2535 1731 2585 enim

953 2639 965 2667 ιι
977 2623 1088 2671 nostrum
1104 2618 1145 2669 bic
1158 2620 1275 2685 relinquit
1292 2627 1336 2672 aut
1347 2636 1432 2686 agrum
1454 2622 1562 2685 aliquem
1584 2625 1628 2674 aut
1649 2628 1731 2687 paler·

953 2727 965 2757 ιι
980 2723 1040 2759 num
1063 2708 1227 2767 domicilium,
1250 2713 1294 2760 aut
1315 2712 1548 2772 sacracomrnunia,
1562 2716 1607 2761 aut
1624 2710 1730 2775 dignita·

953 2816 965 2845 ιι
981 2802 1031 2848 lcrn
1049 2796 1156 2846 velutin
1172 2797 1273 2861 patria,
1293 2812 1398 2862 quarum
1420 2813 1503 2850 remm
1517 2798 1640 2852 desiderio
1652 2800 1729 2866 cepti,

953 2905 965 2935 ιι
981 2887 1020 2938 vel
1039 2890 1125 2937 eontra
1152 2889 1262 2938 nostram
1280 2887 1443 2951 volunlatem,
1465 2889 1505 2939 iric
1529 2904 1627 2941 manere
1644 2890 1731 2955 cupia-

952 2995 964 3020 ι
980 2989 1051 3037 mus;
1070 2976 1146 3026 ivmno
1160 2990 1191 3027 nc
1211 2976 1349 3027 libertatem
1371 2977 1473 3041 quidem
1496 2978 1571 3030 armis
1586 2980 1673 3030 multis
1692 2980 1731 3030 la·

953 3082 965 3111 ι
979 3064 1081 3115 boribus
1098 3069 1192 3129 partam
1205 3065 1338 3130 relinquit:
1353 3067 1452 3131 quando
1474 3067 1573 3131 quidem
1585 3082 1625 3119 res
1635 3072 1731 3121 nostras

953 3174 965 3196 ιι
980 3154 1069 3216 partim
1084 3153 1149 3204 bella
1162 3154 1300 3217 trequentia
1311 3160 1487 3220 corruperunt,
1505 3157 1592 3221 parlim
1605 3171 1664 3208 vero
1677 3159 1731 3222 ipsa

954 3244 1117 3307 «quotidiani
1132 3245 1214 3296 nictus
1229 3247 1310 3310 inopia
1331 3248 1493 3313 consumpsit,
1513 3248 1602 3313 partim
1625 3249 1665 3300 isti
1685 3264 1728 3299 su·

954 3354 966 3383 ιι
982 3335 1050 3400 pcrbi
1064 3337 1214 3387 feneratores
1227 3337 1297 3388 nobis
1308 3339 1458 3404 eripuerunt.
1504 3341 1543 3390 0b
1555 3354 1617 3404 quas
1630 3354 1731 3391 caussas

954 3443 966 3473 ι
983 3439 1013 3475 eo
1025 3425 1125 3475 tandem
1133 3428 1173 3476 est
1187 3429 1302 3487 ventum,
1320 3431 1349 3478 nt
1368 3441 1412 3477 nos
1428 3428 1512 3479 miseri
1527 3443 1644 3493 cogamur
1660 3443 1732 3494 agros

954 3521 1078 3566 «nostros
1099 3515 1159 3579 ipsis
1180 3516 1275 3579 coiere,
1302 3517 1432 3579 fodiendo,
1451 3519 1599 3584 plantando,
1623 3521 1730 3584 arando,

943 3621 1049 3672 «pecus
1077 3604 1213 3670 pascendo,
1250 3606 1286 3656 ita
1309 3608 1338 3657 nt
1361 3606 1439 3658 dmus
1457 3609 1569 3659 conservi
1590 3612 1732 3661 nostrorum

954 3694 1160 3759 «mancipiorum
1182 3692 1247 3744 bello
1268 3697 1413 3759 eaptomm,
1435 3696 1524 3762 partim
1546 3698 1640 3748 catenis
1659 3700 1731 3761 nexi,

953 3810 965 3834 ιι
979 3786 1067 3854 partim
1081 3787 1109 3835 ni
1117 3783 1333 3837 truculentissime
1345 3787 1404 3838 tere
1412 3786 1544 3839 collaribus
1554 3788 1642 3853 ligneis
1650 3803 1679 3840 ac
1687 3790 1733 3841 ier·

953 3896 965 3926 ι
979 3877 1037 3928 reis.
1056 3876 1137 3924 Taceo
1163 3876 1247 3925 autem
1259 3875 1360 3926 verbera
1380 3878 1407 3928 et
1422 3876 1597 3935 contumelias,
1611 3879 1637 3928 et
1657 3876 1734 3941 flagra

954 3967 1007 4016 net
1025 3964 1150 4018 laberesa
1175 3978 1271 4016 summo
1291 3977 1362 4013 mane
1382 3964 1415 4014 ad
1437 3967 1534 4016 noctem
1554 3979 1634 4028 usque
1651 3965 1732 4016 centi-

954 4057 1070 4106 unuatos
1090 4058 1115 4106 et
1131 4068 1230 4106 omnem
1243 4051 1316 4102 aliam
1335 4052 1523 4114 crudelitatem,
1540 4058 1565 4104 et
1576 4055 1733 4106 insolentiam

953 4160 966 4191 ιι
982 4150 1008 4197 et
1021 4144 1173 4210 snperbiam,
1189 4157 1262 4207 quam
1276 4141 1342 4205 passi
1357 4155 1451 4191 sumus.
1485 4144 1532 4191 Tot
1544 4143 1618 4206 igitur
1632 4157 1662 4194 ae
1678 4148 1732 4195 lan·

953 4252 966 4282 ιι
980 4233 1013 4285 tis
1027 4234 1098 4285 malis
1113 4247 1129 4283 a
1150 4232 1198 4283 deo
1209 4229 1326 4289 liberati,·
1338 4233 1431 4293 quanto
1449 4230 1556 4281 maximo
1567 4234 1672 4296 quisque
1689 4247 1734 4297 pc·

953 4342 965 4366 ι
980 4327 1030 4373 tesi
1049 4321 1132 4373 studio
1145 4335 1174 4372 ae
1189 4320 1248 4372 totis
1271 4319 1365 4370 viribus
1387 4320 1419 4371 ab
1442 4319 1498 4370 istis
1520 4319 1643 4385 fugiamus
1666 4320 1731 4377 lasti,

953 4430 965 4454 ι
984 4411 1107 4461 torinnam
1122 4412 1148 4461 et
1167 4409 1271 4461 deorum
1287 4409 1329 4472 qui
1350 4423 1395 4459 nos
1409 4412 1509 4459 servani
1527 4408 1576 4459 viae
1597 4409 1673 4458 duces
1695 4421 1733 4459 se·

954 4514 966 4543 ιι
982 4497 1045 4558 euti,
1071 4499 1097 4548 et
1117 4496 1286 4547 existimantes
1308 4493 1448 4546 libertatem
1468 4507 1523 4545 esse
1545 4495 1650 4560 patriam
1673 4507 1731 4544 nos-

953 4587 1063 4647 atram,
1090 4584 1260 4647 virtutemque
1282 4582 1383 4634 divitias
1406 4596 1461 4635 esse
1484 4586 1593 4635 nostras.
1632 4582 1733 4641 anvis

954 4671 1045 4723 neuim
1066 4674 1133 4723 terra
1150 4684 1195 4722 nos
1218 4669 1324 4734 excipiet
1342 4670 1438 4732 συείοις
1451 4670 1511 4735 quia
1529 4670 1619 4735 partim
1632 4670 1733 4721 minime

954 4777 968 4805 ιι
986 4758 1095 4820 molesti,
1114 4758 1203 4823 parlim
1215 4756 1289 4808 utiles
1303 4756 1332 4807 iis
1347 4758 1390 4822 qui
1402 4770 1448 4810 nos
1464 4757 1589 4823 excipient
1603 4754 1679 4807 inluvi
1690 4768 1733 4806 sn·

954 4868 966 4892 ι
982 4862 1048 4898 mus.

983 5026 1077 5076 Liliiil.
1096 5044 1109 5068 ιι
1123 5026 1271 5076 liucautem
1284 5023 1309 5073 in
1329 5037 1356 5074 re
1375 5022 1446 5074 nobis
1458 5021 1508 5074 sint
1526 5019 1641 5087 exemplo
1657 5020 1734 5077 mulii
1780 5054 1815 5099 ,i

954 5113 1073 5174 cernei,
1086 5116 1111 5164 et
1130 5112 1229 5177 plurimi
1241 5109 1355 5173 barbari,
1370 5109 1495 5176 precipua
1505 5120 1565 5161 vem
1574 5108 1684 5177 inaniores¹
1730 5106 1737 5115 “

954 5203 1104 5252 «tommet
1120 5199 1195 5253 iidem
1214 5198 1315 5251 cestria
1332 5209 1440 5264 quornm
1457 5196 1515 5260 alit,
1532 5210 1593 5251 cnm
1630 5256 1633 5261 ,
