3772 5828
571 320 860 394 ANTIQUITATUM
880 321 1027 382 ttotmtt.
1050 324 1124 383 LlB.
1149 326 1229 388 vill.

85 474 125 509 σιν
139 450 281 528 ἐλάμύανε·
295 449 341 509 καί
354 449 439 532 τούτῳ
451 450 606 530 ἐπαρθέντες
618 455 642 510 οἱ
657 451 783 530 ἡγεμόνες
797 453 862 521 ἐξῆ-

85 562 130 616 γον
143 541 173 597 ἐκ
186 543 233 598 τοῦ
247 538 364 619 χάρακος
378 537 426 609 clv
440 537 550 615 δύναμιν
566 541 600 604 ῶς
616 541 651 603 εἰς
664 539 766 617 μάχην.

126 629 286 689 LXXXIX.
314 626 490 696 Ἐξελθόντων
514 627 541 685 δέ
566 628 612 686 καί
637 632 690 686 τῶν
720 627 863 704 Ῥωμαίων

84 716 129 773 καί
140 715 383 794 παραταξαμένων,
397 715 494 795 ίοχυρά
506 715 581 795 μάχη
593 715 747 794 γίνεταικαί
760 714 863 774 ἱππέων

40 824 55 863 ο
84 805 128 863 καί
143 809 229 874 πεζῶν
249 804 295 863 καλ
305 805 408 886 ψιλῶν,
423 803 467 882 ἴση
484 802 591 861 πάντων
607 801 752 883 χρωμένων
767 809 864 882 προθυ·

85 894 135 974 μίορ
158 893 256 952 τεκαὶ
278 891 419 972 ἐμπειρία,
440 890 486 951 καί
500 891 530 949 τδ
555 900 630 949 νικᾶν
655 893 766 951 ἑκάστου
789 891 864 970 πορθ

85 983 177 1041 ἑαυτὸν
192 983 271 1057 μόνον
285 980 437 1058 τιθεμένου·
452 983 487 1046 ὡς
502 979 529 1038 δέ
547 980 634 1058 νεκροί
649 984 674 1037 τ’
692 982 778 1039 αὐτῶν
794 983 862 1039 πολ-

84 1071 126 1127 λοὶ
152 1070 313 1148 ἑκατέρωθεν
346 1072 371 1128 έν
396 1060 418 1147 ᾧ
440 1069 589 1147 ἐτάχθησαν
615 1068 707 1149 χωρίῳ
739 1069 863 1134 πεσόντες

86 1159 201 1228 ἔκειντο,
218 1162 263 1217 καὶ
281 1161 422 1234 ἡμιθνῆτες
444 1155 483 1214 έτι
503 1156 608 1222 πλείους
630 1159 683 1214 τῶν
706 1160 822 1236 νεκρῶν,
840 1159 863 1217 οἱ

33 1269 57 1306 ru
87 1247 113 1305 δέ
124 1249 196 1326 παρίι
211 1249 253 1308 τὸν
269 1250 359 1322 ἀγῶνα
377 1243 471 1303 καὶτὰ
487 1242 559 1303 δεινθι
573 1241 612 1302 ἔτι
628 1245 792 1321 διαμένοντες
807 1243 864 1302 ὀλί-

84 1359 126 1412 γοι
138 1327 222 1409 ἦσαν,
237 1336 282 1395 καί
296 1336 350 1394 οὐδ’
361 1324 431 1394 αὐτοι
446 1334 510 1413 δρᾶν
525 1334 559 1391 ci
575 1332 693 1409 πολέμου
708 1334 773 1415 ἔργα
787 1332 864 1391 δυνά-

85 1449 172 1501 μενοι,
190 1423 353 1505 βαρυνόντων
369 1423 416 1498 μέν
432 1424 520 1490 αὐτοῖς
534 1423 587 1479 τῶν
602 1421 804 1502 σκεπαστηρίων
816 1420 864 1488 τάς

86 1514 231 1590 εὐωνύμους
246 1522 337 1592 χεῖρας
353 1510 395 1570 διδι
418 1515 517 1582 πλῆθος
534 1513 587 1569 τῶν
608 1510 801 1589 ἐμπεπηγότων
818 1513 864 1588 βε·

83 1603 136 1660 λῶν
153 1603 197 1661 καὶ
223 1604 270 1661 οὐκ
291 1600 393 1659 ἐώντων
415 1599 555 1675 ὐπομένιιν
579 1597 626 1665 τάς
650 1599 801 1677 προάολάς,
817 1620 865 1656 τι·

33 1706 57 1743 ts
84 1691 243 1770 τραμμένων
257 1687 284 1747 δέ
296 1691 348 1747 τῶν
363 1686 526 1768 ἐγχειριδίων
544 1685 591 1753 τάς
606 1688 707 1764 ἀκμὰς,
720 1685 777 1745 ίστι
788 1687 811 1744 δ’
827 1677 864 1745 ῶν

84 1779 130 1838 καί
142 1777 311 1854 κατεαγότων
321 1778 404 1848 ύλων,
420 1767 458 1842 οἷς
477 1775 550 1835 οὐδὲν
566 1773 605 1833 έτι
620 1766 653 1847 ἦν
671 1778 786 1855 χρῆσθαι
798 1817 806 1844 ,
818 1777 865 1833 τοῦ

86 1866 168 1924 κόπου
180 1888 224 1936 τε,
250 1864 278 1929 θς
302 1863 335 1923 δι’
359 1864 422 1936 ὅλης
441 1862 544 1944 ἡμέρας
560 1865 761 1941 ἀγωνιζομένοις
777 1864 865 1929 αὐτοῖς

86 1955 166 2021 πολὺς
183 1952 312 2031 ἐγεγόνει,
323 1954 504 2032 παραλύοντος
523 1951 557 2012 τθι
571 1957 651 2032 νεῦρα
666 1953 711 2012 καὶ
729 1951 777 2019 τὰς
791 1954 864 2025 πλη·

86 2042 132 2119 γθις
146 2045 261 2108 ἀσθενεῖς
282 2047 434 2117 ποιοῦντος,
460 2042 583 2121 ἱδρῶντος
604 2041 631 2100 δέ
653 2041 698 2100 καί
718 2039 795 2122 δίψης
819 2039 865 2099 καί

30 2157 59 2197 no
87 2132 219 2208 ἄσθματος
229 2123 271 2191 οία
282 2132 309 2188 ἐν
321 2139 438 2211 πνιγηρᾷ
452 2129 509 2210 ώρφ
524 2130 597 2196 έτους
607 2134 660 2197 τοῖς
674 2128 755 2189 πολὺν
770 2129 864 2210 χρόνον

87 2219 285 2298 ἀγωνιζομένοις
309 2219 470 2295 συμπίπτειν
498 2219 587 2296 φιλεῖ,
614 2216 678 2296 παρ’
706 2217 864 2298 ἀμφοτέροις

85 2310 245 2386 γινομένων,
269 2307 343 2374 τέλος
364 2307 438 2366 οὐδὲν
460 2303 555 2364 έλαύεν
577 2304 744 2381 ἀξιόλογονὴ
769 2304 862 2385 μάχη,

86 2399 144 2456 ἀλλ’
165 2400 310 2475 ἀγαπητῶς
325 2394 469 2474 ἀμφότεροι
482 2397 534 2451 τῶν
549 2397 703 2472 στρατηγῶν
719 2395 865 2452 ἀνακαλου-

87 2484 171 2560 μένων
187 2487 304 2555 ἀπῆλθον
320 2482 363 2541 ἐπί
376 2482 436 2548 τούς
447 2484 546 2539 ἑαυτῶν
562 2481 699 2560 χάρακας·
716 2483 762 2541 καί
777 2480 866 2540 οὐκέτι

31 2599 59 2635 25
88 2572 155 2647 μετθι
168 2576 246 2629 τοῦτο
259 2570 368 2650 ἐξῄεσαν
380 2572 415 2636 εἷς
432 2569 522 2648 μάχην
538 2570 682 2648 οὐδέτεροι,
699 2569 768 2627 ἀλλά
779 2569 866 2640 καθή-

88 2684 162 2736 μενοι
176 2660 377 2741 παρεφύλαττον
393 2657 516 2729 ἀλλήλοιν
538 2656 585 2724 τάς
600 2656 676 2716 ἕνεκα
697 2660 749 2715 τῶν
771 2658 863 2730 ἐπιτη·

87 2750 162 2808 θείων
186 2749 324 2826 γινομένας
348 2747 456 2816 ἐξόδους.
498 2742 595 2815 Ἔδοξε
618 2747 706 2822 μέντοι
721 2746 766 2805 καί
789 2747 866 2824 λόγος

89 2832 118 2910 ἦν
134 2841 161 2897 ἐν
176 2843 209 2916 τῇ
226 2836 323 2917 Ῥώμη
344 2836 442 2910 πολύς,
466 2841 501 2904 ὡς
525 2836 657 2911 δυναμένη
675 2834 734 2893 τότε
748 2843 823 2893 νικάν
846 2839 864 2907 ἡ

86 2927 230 3004 Ῥωμαίων
246 2926 356 3002 δύναμις
382 2924 490 2984 ἑκουσία
513 2923 597 3000 μηδὲν
612 2923 775 3003 ἐργάσασθαι
796 2924 865 2999 λαμ·

32 3045 60 3082 ηις
87 3024 151 3097 πρδν
187 3015 229 3074 διά
256 3017 333 3093 μῖσός
348 3037 376 3073 τε
391 3019 437 3073 τοῦ
459 3012 562 3072 ύπάτου
581 3012 627 3072 καί
642 3010 742 3091 ἀργὴν,
758 3010 793 3082 ἣν
808 3001 865 3088 εἶχε

87 3106 150 3184 πρὸς
170 3104 229 3170 τούς
243 3104 397 3183 πατρικίους
408 3105 451 3162 ἐπί
466 3104 504 3182 τῷ
518 3104 675 3183 φενακισμῷ
688 3104 735 3170 τῆς
748 3104 865 3177 κληρου·

85 3193 154 3272 χίας.
199 3193 281 3254 Αὐτοὶ
303 3191 328 3250 δ’
346 3194 370 3249 οἱ
393 3194 555 3270 στρατιῶται
578 3190 624 3249 τὸν
644 3187 743 3247 ὐπατον
764 3191 800 3255 ώς
814 3189 865 3266 οὐχ

86 3282 174 3340 ίκανδν
189 3281 345 3360 στρατηγεῖν
359 3282 486 3359 ᾐτιῶντο,
501 3279 651 3359 γράμματα
666 3276 816 3355 πέμποντες
830 3280 865 3342 ὡς

86 3368 144 3436 τούς
164 3367 324 3440 ἐπιτηδείως
349 3369 447 3425 ἑαυτῶν
463 3365 580 3428 ἕκαστοι.
634 3366 689 3427 Καί
710 3365 744 3426 τὰ
758 3364 807 3442 μέν
821 3365 865 3424 ἐπὶ

32 3483 59 3517 :rs
87 3459 264 3536 στρατοπέδου
278 3456 405 3533 γινόμενα
430 3461 540 3515 τοιαῦτα
553 3449 597 3529 ἦν.
643 3456 692 3516 Ἐν
710 3458 774 3535 αὐτῇ
790 3455 864 3536 δίτῇ

87 3546 182 3623 Ῥώμη
202 3545 289 3604 πολλ’θι
304 3544 427 3619 δαιμόνια
449 3544 548 3619 σημεῖα
567 3543 706 3626 ἐφαίνετο,
729 3544 863 3616 δηλωτικίι

86 3635 156 3693 θείου
169 3634 249 3713 χόλου
265 3631 335 3691 κατά
347 3653 375 3688 τε
390 3631 477 3711 φωνδς
491 3633 537 3690 καί
552 3630 622 3712 ὄψεις
635 3634 734 3704 ἀήθεις.
768 3631 861 3690 Πάντα

86 3721 110 3775 δ’
133 3722 168 3784 εἶς
189 3723 265 3777 τοῦτο
281 3718 434 3794 συνέτεινεν,
451 3723 486 3785 ῶς
500 3721 526 3777 οί
538 3742 567 3778 τε
585 3718 689 3789 μάντεις
707 3725 753 3777 καί
767 3721 791 3776 οἱ
811 3723 863 3778 τῶν

84 3809 160 3884 ἱερῶν
176 3806 300 3885 ἐξηγηταί
324 3807 521 3884 συνενέγκαντες
535 3806 581 3872 τάς
598 3807 732 3882 ἐμπειρίας
747 3807 864 3887 ἀπεφαί-

29 3917 58 3956 εο
86 3924 160 3961 νοντο
174 3897 215 3958 ὅτι
227 3902 290 3958 θεῶν
307 3898 480 3978 [χολοῦσθαίβ
496 3921 585 3976 τινες,
598 3900 628 3956 οὐ
652 3901 803 3974 κομίζονται
817 3896 865 3965 τάς

85 3990 212 4067 νομίμους
224 3986 303 4064 τιμὰς
314 3989 343 4045 οὐ
358 3990 478 4066 καθαρῶς
496 3985 550 4046 οὐδ’
562 3984 640 4053 ὁσίως
655 3985 863 4062 ἐπιτελουμένων

85 4083 173 4146 αὐτοῖς
188 4082 239 4139 τῶν
255 4081 342 4159 ἱερῶν.
386 4075 502 4148 zittert<
513 4075 545 4148 δὴ
564 4077 631 4152 μετὰ
644 4078 721 4134 τοῦτο
736 4071 821 4144 πολλὴ
835 4075 865 4132 έκ

83 4170 190 4235 πάντων
205 4167 319 4246 ἐγένετο,
339 4165 385 4223 καί
406 4162 453 4222 σὺν
473 4163 561 4245 χρόνῳ
576 4164 688 4241 μήνυσις
709 4162 864 4223 ἀποδίδοται

84 4268 137 4326 τοῖς
149 4257 331 4338 ἱεροφάνταις,
346 4252 387 4313 δτι
409 4257 460 4312 τῶν
474 4252 610 4333 παρθένων
632 4252 681 4329 μία
697 4254 749 4310 τῶν
767 4253 864 4331 φυλατ-

31 4356 56 4394 ¹5
82 4351 183 4406 τουσῶν
197 4344 227 4404 τδ
240 4342 310 4424 ἱερδν
324 4347 389 4416 πῦρ,
407 4341 521 4418 Ὀπιμία
536 4340 620 4418 ὄνομα
636 4342 714 4418 αὐτῇ,
728 4338 777 4411 τὴν
793 4362 864 4419 παρ·

82 4437 167 4494 θενίαν
191 4436 364 4514 ἀφαιρεθεῖσα
386 4430 484 4508 μιαίνει
507 4429 541 4488 τδι
561 4428 631 4510 ίεφά.
676 4431 712 4489 Οἱ
739 4429 809 4487 δ’ἐκ
834 4451 862 4486 τε

85 4523 206 4602 βασάνων
220 4522 266 4581 καί
278 4524 331 4579 τῶν
345 4519 432 4577 ἀλλων
445 4517 604 4586 ἀποδείξεων
619 4516 766 4595 μαθόντες,
780 4517 820 4575 ότι
833 4516 864 4575 τδ

84 4613 246 4689 μηνυόμενον
258 4601 290 4681 ἦν
307 4608 425 4685 ἀδίκημα
439 4610 547 4681 ἀληθές,
561 4606 644 4678 αὐτὴν
660 4606 708 4683 μέν
722 4611 769 4679 τῆς
783 4627 862 4686 κορυ-

84 4705 134 4781 φῆς
152 4698 309 4778 ἀφελόμενοι
324 4696 359 4757 τά
373 4697 516 4773 στέμματα
531 4696 577 4755 καί
596 4695 797 4772 πομπεύσαντες
819 4695 863 4754 διθι

27 4816 56 4853 50
85 4793 181 4867 ἀγορᾶς
195 4787 264 4853 ε’ντδς
282 4786 386 4866 τείχους
409 4789 496 4854 ζῶσαν
514 4782 684 4863 κατώρυξαν·
700 4781 746 4842 δύο
762 4781 789 4842 δέ
803 4780 863 4848 τούς

83 4875 280 4958 ἐξελεγχθέντας
292 4874 486 4955 διαπράξασθαι
499 4873 548 4947 την
561 4873 659 4954 φθοράν
674 4869 863 4949 μαστιγώσαν-

82 4995 124 5035 τες
140 4971 166 5027 ἐν
188 4968 292 5048 φανερῷ
314 4965 482 5025 ἀπέκτειναν.
528 4966 583 5024 Καὶ
603 4966 771 5042 παραχρῆμα
794 4959 862 5035 μετὰ

83 5065 160 5118 τοῦτο
174 5054 245 5115 καλά
260 5051 363 5130 τάίερύ
378 5051 423 5112 καλ
437 5051 471 5110 τά
492 5051 687 5129 μαντεύματα,
701 5054 737 5119 ῶς
751 5046 861 5131 ἀφεικό·

83 5171 134 5207 των
152 5150 239 5210 αὐτοῖς
254 5144 306 5199 τῶν
322 5140 387 5197 θεῶν
402 5139 446 5197 τδν
457 5139 554 5218 χόλον,
570 5140 678 5218 έγίνετο.

1221 170 1230 201 Ι

1634 334 1694 392 5ίῖ

917 462 1065 525 augebatur;
1081 468 1155 528 atque
1164 466 1213 516 hac
1226 479 1252 516 re
1265 464 1324 516 elati
1340 465 1417 518 duces
1433 467 1516 532 copias
1528 478 1560 520 ex
1572 471 1659 521 castris
1671 472 1695 522 in

916 551 995 601 aciem
1010 553 1189 615 produxerunt.

947 648 1176 707 auxiliatorum
1198 654 1282 700 autem
1303 653 1329 701 et
1348 651 1393 715 ipsi
1408 652 1511 702 itomani
1530 655 1696 718 prodiissent,

917 743 1043 808 aciemque
1060 745 1249 806 instruxissent,
1272 749 1432 799 commissum
1446 754 1486 799 est
1506 764 1562 802 acre
1582 752 1697 816 puralium

918 842 980 891 inter
992 844 1088 905 equites
1099 848 1122 894 et
1138 845 1234 909 pedites
1245 850 1321 910 atque
1330 846 1432 908 velites,
1448 849 1564 898 omnibus
1581 849 1632 914 pari
1644 854 1698 899 stu-

917 938 958 988 dio
975 944 1000 990 ct
1012 941 1099 1004 {neritia
1112 943 1294 1006 pugnantibus,
1305 948 1330 994 et
1342 959 1493 1009 unoquoque
1507 948 1617 997 victoria
1628 962 1697 1012 sporn

918 1035 942 1085 in
953 1051 980 1087 se
991 1037 1046 1101 ipso
1057 1039 1110 1089 solo
1120 1041 1263 1091 collocante.
1299 1044 1383 1099 Quum
1395 1047 1478 1094 autem
1488 1044 1568 1095 multa
1580 1045 1697 1110 utrinque

919 1134 942 1182 in
952 1147 982 1184 eo
996 1134 1067 1198 loco,
1082 1136 1107 1185 in
1123 1151 1173 1202 quo
1183 1138 1295 1188 collocati
1313 1141 1423 1200 lucrant,
1436 1141 1557 1192 cadavera
1571 1146 1697 1206 prostrata

918 1235 943 1281 et
965 1233 1101 1284 semineces
1115 1236 1195 1286 multo
1210 1237 1309 1300 plures,
1330 1251 1406 1301 quam
1420 1241 1512 1290 mortui
1534 1241 1656 1301 iacerent,
1671 1242 1698 1290 et

919 1331 992 1393 pauci
1009 1335 1105 1382 tantum
1121 1333 1146 1382 in
1166 1335 1301 1384 certamine
1313 1339 1339 1385 et
1355 1336 1426 1387 malis
1447 1337 1530 1388 arllruc
1550 1351 1696 1402 persevera·

918 1428 988 1482 rent,
1005 1429 1031 1476 et
1052 1441 1082 1478 ne
1097 1429 1138 1478 isli
1153 1430 1252 1493 quidem
1266 1431 1403 1496 quidquam
1416 1435 1472 1484 belli
1490 1450 1580 1486 munus
1594 1436 1697 1500 exsequi

918 1526 1036 1585 possent,
1051 1526 1129 1575 scutis
1149 1526 1240 1588 quibus
1259 1541 1351 1593 corpus
1362 1532 1522 1595 protegebant
1536 1533 1569 1581 ob
1590 1533 1697 1585 telorum

919 1619 1051 1672 inlixorum
1064 1625 1248 1676 multitudinem
1266 1627 1378 1678 sinistras
1391 1644 1477 1678 manus
1492 1629 1651 1693 gravantibus
1673 1633 1699 1681 et

919 1718 1110 1784 impedientibus
1124 1724 1265 1785 quominus
1277 1724 1385 1774 bostium
1399 1726 1519 1789 impetum
1535 1726 1698 1786 sustinerent,

919 1813 946 1861 et
956 1814 1039 1862 retusa
1056 1812 1193 1877 gladiorum
1214 1816 1283 1877 acie,
1303 1816 1425 1866 nonnullis
1437 1817 1512 1868 etiam
1524 1817 1582 1868 totis
1595 1819 1698 1878 fractis,

920 1904 955 1954 ita
966 1908 995 1955 ut
1008 1905 1091 1955 nullus
1109 1907 1214 1971 amptius
1231 1910 1298 1958 esset
1309 1922 1396 1958 eorum
1421 1922 1490 1968 usus,
1511 1911 1536 1959 el
1550 1910 1640 1973 ingenti
1659 1910 1699 1960 la·

920 1997 979 2048 bore
990 2036 995 2057 ,
1006 2011 1081 2061 quem
1094 2013 1138 2063 per
1152 2004 1232 2049 totum
1247 1999 1313 2049 diem
1329 2004 1465 2064 pugnantes
1477 2001 1593 2062 tulerant,
1608 2017 1698 2052 neruos

921 2090 1071 2141 dissolvente
1080 2095 1105 2142 ot
1115 2093 1178 2141 ictus
1190 2091 1346 2152 debilitante3
1364 2096 1389 2142 el
1401 2091 1504 2152 sudore,
1516 2093 1566 2153 siti,
1579 2093 1697 2155 anhelitu,

922 2185 965 2246 (ut
978 2184 1003 2234 in
1018 2185 1214 2236 summoaestatis
1228 2184 1323 2236 terrore
1341 2185 1367 2235 in
1384 2185 1457 2250 longo
1468 2187 1601 2258 certamine
1614 2187 1697 2238 lromi·

920 2277 994 2328 nibus
1008 2280 1072 2329 solet
1083 2278 1214 2343 accidere)
1227 2282 1347 2342 utrosque
1362 2278 1523 2341 vexantibus,
1540 2279 1635 2330 nullum
1651 2295 1700 2332 me·

920 2368 1063 2418 morabilenr
1074 2369 1168 2418 exitum
1184 2369 1207 2418 id
1220 2368 1332 2432 proelium
1343 2369 1450 2420 babuit:
1464 2370 1506 2419 scd
1523 2371 1596 2421 ambo
1605 2371 1699 2422 exerci-

920 2466 962 2516 tus
978 2480 993 2516 a
1004 2465 1111 2516 ducibus
1123 2467 1174 2516 suis
1186 2468 1296 2517 revocati
1310 2466 1425 2517 lubenter
1434 2467 1458 2516 in
1469 2473 1550 2520 castra
1564 2469 1698 2521 redierunt.

921 2565 952 2611 lit
968 2563 1051 2613 nentri
1066 2566 1152 2625 postea
1167 2563 1192 2612 in
1213 2562 1291 2614 aciem
1306 2562 1471 2627 prodierunt:
1495 2563 1552 2624 sed,
1570 2566 1595 2613 in
1612 2567 1699 2616 castris

920 2658 1035 2710 sedentes
1051 2659 1215 2710 observabant
1236 2673 1294 2721 eos,
1308 2659 1350 2722 qui
1364 2660 1395 2709 ad
1411 2673 1450 2710 res
1466 2655 1617 2711 necessarias
1628 2675 1698 2713 cnm-

920 2759 1041 2823 pnrandns
1057 2759 1166 2810 exibant.
1200 2763 1285 2810 Itomae
1306 2762 1388 2810 tamen
1404 2760 1476 2810 multi
1495 2759 1658 2823 opinabantur
1675 2766 1701 2814 et

920 2857 993 2921 vulgo
1004 2856 1136 2917 iactabant,
1149 2857 1285 2908 exercitum
1297 2861 1479 2920 Romanorum,
1489 2872 1567 2922 quum
1580 2861 1711 2922 potuisset*

920 2955 1035 3016 vincere,
1049 2954 1134 3005 dedita
1147 2969 1223 3020 opera
1234 2957 1327 3006 nullum
1339 2957 1464 3020 egregium
1479 2957 1573 3008 lacinus
1583 2958 1698 3019 edidisse,

919 3054 978 3104 odio
989 3054 1097 3104 consulis
1118 3058 1143 3104 et
1162 3054 1199 3104 ira
1219 3055 1244 3105 in
1258 3059 1355 3119 patres,
1369 3055 1437 3120 qnod
1455 3056 1506 3117 agri
1520 3055 1641 3108 divisione
1655 3072 1700 3122 per

920 3152 1005 3203 dolum
1027 3151 1156 3202 fraudatus
1178 3157 1224 3203 est.
1259 3152 1307 3203 Sed
1328 3153 1375 3217 ipsi
1389 3153 1481 3203 milites
1501 3155 1646 3216 consulum,
1669 3160 1696 3206 nt
1719 3130 1724 3137 ⁸

919 3265 1007 3317 parurn
1029 3252 1144 3303 idoneum
1180 3252 1211 3302 ad
1237 3251 1424 3316 imperandum,
1449 3253 1599 3304 accusabant
1621 3253 1700 3305 literis
1786 3274 1791 3285 ¹

920 3350 1034 3413 privatim
1056 3349 1087 3399 ad
1106 3349 1257 3400 necessarios
1281 3361 1340 3398 suos
1361 3348 1450 3398 missis.
1485 3352 1565 3412 litque
1586 3349 1626 3400 liic
1646 3358 1700 3401 erat

920 3450 1001 3496 status
1018 3459 1101 3495 rerum
1116 3459 1173 3510 quta
1188 3445 1246 3494 toris
1257 3445 1417 3507 gerebantur.
1452 3448 1480 3494 ln
1494 3447 1547 3509 ipsa
1565 3461 1624 3497 vcro
1639 3447 1700 3499 urbo

921 3539 999 3587 multa
1018 3537 1128 3602 prodigia
1158 3537 1218 3586 iram
1239 3536 1348 3587 divinam
1380 3536 1542 3600 significantia
1568 3538 1700 3589 observata

921 3634 992 3693 sunt,
1004 3629 1178 3691 exauditaque
1188 3642 1261 3677 voces
1272 3629 1406 3690 orninosce,
1422 3632 1449 3678 et
1461 3643 1533 3680 nonan
1545 3635 1699 3694 spectroruni

923 3725 998 3775 iacies
1012 3724 1080 3775 risoe.
1115 3726 1178 3780 Quare
1201 3722 1283 3772 omnia
1305 3736 1336 3772 eo
1357 3722 1503 3786 spectabant
1525 3725 1570 3784 (ιιι
1592 3728 1616 3774 et
1629 3730 1700 3775 rates

921 3823 947 3869 et
960 3831 1086 3869 sacrorum
1102 3817 1247 3881 interpretes
1272 3829 1316 3878 pro
1339 3830 1385 3864 sua
1409 3815 1512 3879 peritia,
1536 3830 1563 3866 re
1588 3817 1653 3868 iuter
1668 3832 1696 3868 sc

920 3910 1113 3970 communicata,
1138 3906 1313 3970 declarabant)
1331 3906 1392 3957 deos
1406 3907 1503 3970 aliquos
1517 3909 1632 3972 legitimis
1651 3913 1699 3961 tro-

920 4005 1021 4056 noribus
1032 4003 1159 4055 fraudatos
1172 4016 1240 4062 esse,
1262 4014 1343 4066 quum
1364 4015 1410 4052 nec
1426 4015 1501 4066 pure,
1517 4015 1562 4053 nec
1578 4003 1617 4067 pie
1628 4017 1699 4055 sacra

920 4097 979 4163 ipsis
997 4097 1092 4149 fierent.
1126 4099 1216 4147 Postea
1230 4094 1306 4160 igitur
1316 4108 1405 4157 magna
1417 4095 1449 4144 ab
1460 4096 1575 4146 omnibus
1592 4097 1697 4160 inquisi-

920 4191 986 4243 tione
1000 4194 1066 4242 tacta
1077 4190 1177 4241 tandem
1187 4187 1305 4239 indicium
1326 4187 1358 4236 ad
1378 4186 1507 4252 pontifices
1519 4186 1631 4239 delatum
1643 4193 1696 4251 est,

920 4298 994 4335 unam
1004 4284 1142 4334 Vestalium
1154 4282 1217 4346 ignis
1229 4280 1292 4331 sacri
1302 4279 1445 4339 custodum,
1457 4279 1553 4329 nomine
1564 4280 1698 4344 Opimium,

919 4378 1010 4428 amissa
1027 4377 1168 4441 virginitate
1186 4388 1257 4426 sacra
1273 4373 1391 4438 polluere.
1426 4372 1464 4422 llli
1478 4386 1553 4433 reru,
1569 4387 1648 4437 quum
1666 4388 1698 4424 en

918 4471 1097 4535 quaestionibus
1112 4471 1214 4534 aliisque
1234 4467 1371 4518 manifestis
1393 4466 1544 4529 argumentis
1564 4467 1694 4530 cognovis-

918 4569 988 4626 sent,
1012 4567 1105 4616 crimen
1117 4565 1225 4615 delatum
1240 4573 1328 4610 verum
1350 4573 1418 4617 esse,
1437 4560 1492 4609 nius
1512 4560 1587 4622 capiti
1607 4559 1697 4608 inlnlns

917 4674 981 4725 quas
993 4658 1105 4724 gestabat
1123 4654 1296 4712 abstulerunt,
1311 4666 1415 4716 eamque
1429 4665 1472 4714 per
1491 4651 1600 4700 medium
1617 4650 1696 4697 torum

917 4752 1018 4804 ductam
1040 4753 1104 4802 intra
1125 4762 1208 4798 muros
1227 4748 1310 4798 rivam
1328 4745 1493 4796 ‹leindernnt:
1510 4744 1573 4791 aluos
1593 4753 1694 4792 vermo

917 4847 1008 4913 quibus
1028 4861 1082 4895 carn
1104 4844 1245 4903 corruptam
1271 4843 1348 4892 luisse
1374 4836 1520 4892 constabat,
1545 4835 1568 4881 in
1585 4830 1695 4881 omnium

916 4941 1050 5004 conspectu
1061 4937 1134 5001 virgis
1147 4946 1226 4984 caesos
1240 4937 1366 4982 necarunt.
1402 4933 1458 4986 Quo
1477 4928 1541 4975 tacto
1563 4920 1696 4972 confestim

915 5042 1011 5092 laetiora
1027 5053 1053 5089 so
1074 5037 1221 5087 obtulerunt
1243 5046 1326 5092 sarra,
1353 5033 1378 5080 et
1401 5031 1472 5077 rates
1498 5021 1695 5088 responderunt,

916 5142 979 5192 iram
991 5138 1093 5188 deorum
1108 5134 1228 5197 placatam
1240 5144 1302 5180 esse.
