3772 5828
604 410 897 484 ANTIQUITATUM
918 408 1066 469 Roman.
1090 408 1163 467 Ltu.
1186 408 1233 467 tv.

116 544 342 625 θίκηνθποσχιῖν.
383 541 489 605 Ἐδόκει
504 548 604 602 ταῦτα·
620 543 666 602 καί
684 546 707 602 οἱ
724 542 893 622 πορευθέντες

118 636 158 697 ἐπὶ
171 634 220 707 τήν
247 635 393 695 κατάλυσιν
415 634 495 693 αὐτοῦ
515 634 765 713 καταλαμόάνουσιν
785 638 812 693 ἐν
839 635 894 701 τοῖς

113 725 280 808 σκευοφόροις
303 722 337 783 τά
352 721 572 803 κατακρυφθέντα
587 722 638 781 ὐπὸ
656 726 709 781 τῶν
727 724 892 800 θεραπόντων

114 816 184 897 ξίφη.
231 810 308 874 Merit
334 817 412 871 τοῦτο
434 809 480 869 τόν
507 808 555 886 μέν
584 810 684 887 Τύρνου
709 810 797 869 οὐκέτι
815 811 893 889 λόγου

73 915 87 952 ⁶
113 905 204 985 τυχεῖν
227 902 352 969 ἐάσαντες
372 903 408 967 εἰς
433 898 565 980 βάραθρόν
583 923 609 958 τι
623 899 834 969 καταύάλλουσι,
848 902 893 959 καὶ

116 992 381 1073 ἐπικατασκάψαντες
399 989 438 1049 ἔτι
461 991 555 1057 ζῶντος
581 986 630 1059 τήν
649 992 698 1066 γῆν
716 989 893 1070 διαφθείρουσι

115 1085 294 1166 παραχρῆμα.
337 1079 391 1141 Τὸν
415 1077 443 1138 δέ
469 1076 618 1157 Ταρκύνιον
637 1080 822 1145 ἐπαινέσαντες
849 1079 893 1137 ἐπί

115 1177 163 1245 τῆς
177 1169 328 1243 ἐκκλησίας,
345 1171 380 1234 ὡς
394 1164 479 1225 κοινὸν
495 1165 632 1243 εὐεργέτην
648 1168 700 1223 τῶν
721 1163 836 1242 πολεων,
847 1165 893 1225 tort

115 1263 154 1342 τῷ
175 1257 319 1320 σεσωκέναι
329 1253 390 1322 τούς
404 1252 527 1335 ἀρίστους
541 1252 647 1333 ἄνδρας,
659 1252 778 1330 ἡγεμόνα
789 1257 893 1313 ποιοῦν-

62 1356 87 1392 ¹⁰
113 1374 159 1410 ται
169 1355 215 1410 τοῦ
232 1347 320 1413 ἐθνους
331 1343 376 1405 ἐπί
387 1350 441 1411 τοῖς
453 1342 540 1409 αὐτοῖς
553 1343 671 1413 δικαίοις,
685 1343 725 1422 ε’φ’
736 1333 772 1409 οἷς
786 1343 893 1421 Ίάρκύ·

113 1440 167 1499 νιόν
190 1462 220 1498 τε
236 1440 280 1495 τὀν
296 1431 406 1495 πάππον
420 1433 500 1491 αὐτοῦ
519 1430 645 1512 πρότερον
662 1430 821 1502 ἐποιήσαντο
846 1430 895 1491 καλ

116 1528 183 1607 poet
204 1531 289 1586 ταῦτα
313 1523 446 1585 Τύλλιον·
464 1520 595 1594 συνθήκας
630 1543 658 1579 τε
690 1519 837 1601 γράψαντες
865 1523 892 1580 ἐν

114 1618 224 1691 στήλαις
246 1613 291 1673 καὶ
314 1611 375 1693 περὶ
397 1613 517 1691 φυλακῆς
540 1614 592 1670 τῶν
613 1611 792 1689 συγκειμένων
816 1609 893 1687 ὅρκια

114 1704 236 1782 τεμόντες
239 1749 248 1777 ,
260 1700 383 1759 διέλυσαν
396 1700 440 1759 τὀν
454 1700 590 1776 σύλλογον.

61 1791 85 1831 ¹⁶
154 1794 259 1855 Xth.
280 1791 377 1868 Τυχὼν
390 1788 416 1848 δέ
431 1792 479 1860 τῆς
494 1789 615 1850 Λατίνων
627 1787 776 1866 ἡγεμονίας,
788 1793 803 1850 θ
815 1791 892 1870 Ταρ-

113 1882 210 1951 κύνιος,
228 1878 423 1958 ἐπρεσόεύσατο
443 1876 490 1937 καλ
508 1878 573 1958 πρὸς
586 1878 633 1946 τὰς
651 1877 779 1958 Ἑρνίκων
804 1879 893 1945 πόλεις

114 1971 160 2033 καλ
174 1969 239 2050 πρὸς
255 1971 303 2036 τὰς
324 1967 513 2040 Οὐολούσκων,
528 1968 739 2047 προκαλούμενος
760 1968 893 2035 κάκείνους

113 2063 150 2129 είς
161 2059 248 2143 φιλίαν
256 2081 284 2118 τε
296 2055 340 2117 καί
350 2055 520 2137 συμμαχίαν.
561 2055 684 2138 Ἕρνικες
694 2058 743 2135 μίν
753 2047 798 2117 οὐν
808 2055 894 2117 άπαν-

113 2173 155 2217 τες
178 2149 339 2230 ἐψηφίσαντο
365 2154 449 2206 ποιεῖν
471 2144 518 2216 τήν
540 2145 714 2224 συμμαχίαν·
740 2147 770 2206 ἐκ
795 2146 822 2206 θλ
847 2150 893 2205 τοῦ

61 2252 87 2292 ac
113 2235 288 2298 Οὐολούσκων
312 2235 400 2302 ἔθνους
420 2235 466 2292 δύο
491 2235 579 2301 πολεις
604 2233 724 2301 ἐδέξαντο
749 2234 827 2311 μόναι
848 2234 895 2300 τὰς

112 2325 279 2403 προκλήσεις,
295 2321 455 2401 Ἐχετρανοί
478 2344 506 2379 τε
531 2322 576 2379 καὶ
597 2320 745 2382 Ἀντιάται.
787 2325 843 2383 Τοῦ
865 2322 893 2381 δέ

114 2415 201 2491 μένειν
211 2416 247 2479 εἷς
260 2410 366 2470 ἅπαντα
378 2409 447 2486 [τὸν]
461 2409 555 2487 χρόνον
566 2408 600 2466 τά
610 2409 769 2486 συγκείμενα
777 2414 836 2478 ταῖς
845 2409 894 2470 πό-

113 2503 173 2560 λεσι
189 2501 313 2575 πρόνοιαν
323 2501 337 2556 θ
347 2495 493 2576 Ταρκύνιος
503 2495 648 2570 λαμόάνων
654 2496 723 2574 ἱερὸν
736 2496 803 2574 ἔγνω
811 2496 895 2556 κοινύν

117 2586 253 2653 ἀποδεῖξαι
279 2583 424 2660 Ῥωμαίων
446 2606 474 2641 τε
498 2581 544 2641 καὶ
565 2582 687 2642 Λατίνων
708 2585 753 2641 καὶ
765 2582 895 2663 Ἑρνίκων

59 2703 87 2741 ος
116 2675 163 2734 καὶ
187 2672 362 2733 Οὐολούσκων
387 2674 440 2730 τῶν
472 2669 679 2751 ἐγγραψαμένων
704 2674 740 2739 είς
757 2672 806 2745 τὴν
830 2696 897 2750 συμ-

116 2764 230 2843 μαχίαν,
250 2760 294 2822 ἵνα
307 2760 492 2841 συνερχόμενοι
516 2760 575 2819 καθ’
593 2759 704 2820 ἕκαστον
725 2760 843 2820 ἐνιαυτόν
860 2763 896 2829 είς

115 2853 160 2912 τὸν
173 2850 366 2931 ἀποδειχθέντα
381 2848 459 2909 τόπον
474 2849 670 2929 πανηγυρίζωσι
681 2850 727 2910 καλ
744 2854 897 2911 συνεστιῶν-

116 2966 160 3001 ται
176 2941 223 3001 καλ
237 2942 331 2998 κοινῶν
347 2940 424 3019 ἱερῶν
446 2936 697 3015 μεταλαμὸάνοισιν.
740 2937 897 3017 Ἀγαπητῶς

10 3026 12 3035 ἐ
115 3030 144 3091 dt
165 3030 273 3088 πάντων
296 3029 327 3088 τὸ
342 3035 456 3106 πρᾶγμα
476 3025 643 3103 δεξαμένων,
660 3026 739 3089 τόπον
757 3027 805 3106 μίν
828 3031 894 3088 tot·

62 3139 89 3179 πυ
116 3119 197 3188 θειὶεν
210 3117 273 3176 ἐνθα
295 3115 451 3187 ποιήσονται
468 3114 516 3186 τήν
528 3117 635 3176 σύνοδον
651 3120 678 3175 ἐν
693 3116 767 3199 μέσῳ
779 3117 897 3193 μάλιστα

116 3211 168 3266 τῶν
188 3209 267 3266 ἐθνῶν
289 3205 408 3281 κείμενον
431 3203 490 3283 ὄρος
514 3204 625 3283 ὑψηλὸν,
653 3204 669 3264 θ
692 3210 739 3277 τῆς
763 3204 898 3277 Ἀλόανῶν

118 3295 267 3375 ὑπέρκειται
279 3291 398 3366 πόλεως,
412 3294 439 3351 ἐν
459 3282 482 3350 ά)
498 3292 657 3373 πανηγύρεις
670 3295 697 3352 τ’
712 3292 762 3353 ἀνὰ
773 3302 829 3352 πᾶν
840 3293 898 3362 tto<

119 3383 227 3462 άγεσθαι
235 3384 281 3441 καὶ
295 3380 440 3462 ἐκεχειρίας
450 3350 518 3439 εέναι
530 3389 597 3440 πᾶσι
609 3382 675 3460 πρὸς
686 3383 787 3450 πάντας
799 3384 896 3460 ἐνομο-

120 3475 224 3543 θέτησε,
239 3470 328 3538 θυσίας
344 3493 373 3528 τε
388 3471 569 3530 συντελεῖσθαι
582 3469 671 3539 κοινθις
682 3475 721 3550 τῷ
740 3473 897 3555 καλουμένῳ

64 3585 92 3623 as
120 3558 258 3636 Λατιαρίῳ
270 3554 315 3616 Διί
329 3557 375 3616 καί
392 3557 581 3630 συνεστιάσεις,
596 3557 677 3626 τάξας
689 3560 707 3618 θ
719 3561 758 3620 δεῖ
771 3562 898 3640 παρέχειν

122 3642 319 3715 ἑκάστηνπόλιν
329 3647 365 3714 είς
374 3646 409 3707 τέι
418 3645 487 3726 ἱερόι,
495 3648 541 3710 καλ
549 3647 682 3727 μοῑρανῆν
691 3649 804 3720 έκάστην
813 3650 899 3721 δεήσει

123 3731 279 3808 λαμόάνειν.
301 3735 337 3794 Αἱ
347 3734 375 3794 δέ
386 3742 568 3816 μετασχοῦσαι
578 3739 625 3807 τῆς
636 3738 726 3816 ἑορτῆς
738 3737 818 3796 τεκαὶ
828 3737 899 3820 [τῆς]

123 3819 213 3890 θυσίας
241 3821 329 3890 πολεις
351 3826 430 3905 τριῶν
457 3826 563 3885 θέουσαι
580 3824 746 3895 πεντήκοντα
771 3825 898 3901 ἐγένοντο.

121 3910 231 3979 Ταύτας
243 3909 290 3979 τὰς
300 3910 390 3991 έορτάς
400 3935 431 3972 τε
444 3916 488 3971 καὶ
504 3913 574 3993 [τὰς]
585 3911 673 3980 θυσίας
688 3911 768 3992 μέχρι
779 3917 830 3972 τῶν
841 3917 899 3974 καθ’

67 4035 94 4074 to
123 4004 193 4077 ἡμᾶς
202 3999 304 4081 χρόνων
317 4002 468 4061 ἐπιτελοῦσι
480 4000 610 4079 Ῥωμαῖοι
622 4000 900 4068 Λατίναςκαλούντες·

122 4089 167 4148 καὶ
176 4088 299 4169 φέρουσιν
310 4091 346 4157 είς
357 4089 437 4155 αὐτὰς
447 4092 475 4149 αἱ
486 4090 646 4169 μετέχουσαι
656 4093 708 4148 τῶν
716 4093 794 4170 ἰερῶν
804 4091 901 4165 πόλεις,

122 4180 149 4237 αἱ
164 4177 212 4254 μέν
227 4179 317 4253 ἄρνας,
334 4180 362 4237 σί
376 4177 403 4238 δέ
419 4177 522 4260 τυρούς,
532 4182 560 4239 αλ
574 4178 601 4238 δέ
612 4178 743 4255 γάλακτός
753 4205 779 4238 τι
793 4180 900 4260 μέτρον,

123 4269 150 4327 αἱ
160 4268 185 4327 δ’
200 4267 289 4343 ὅμοιόν
302 4290 329 4326 τι
348 4266 449 4335 τούτοις
458 4268 572 4329 πελάνου
585 4267 674 4346 γένος·
690 4269 744 4332 ἔνθα
763 4269 791 4327 δέ
804 4269 902 4350 ταύρου

122 4360 213 4424 κοινῶς
227 4356 277 4416 ὑπὸ
289 4359 381 4415 πασῶν
401 4357 526 4434 θυομένου
539 4357 617 4440 μέρος
634 4357 733 4430 ἑκάστη
753 4356 784 4415 τὸ
804 4381 902 4436 τεταγ-

71 4477 99 4516 ts
123 4444 200 4523 μένον
221 4445 363 4522 λαμύείνει.
406 4448 507 4506 Θύουσι
532 4446 556 4504 θ’
571 4443 638 4526 ὑπέρ
663 4446 770 4506 πάντων
784 4448 829 4506 καὶ
853 4447 902 4520 τὴν

122 4533 267 4612 ἡγεμονίαν
283 4536 335 4593 τῶν
350 4536 429 4613 ἱερῶν
445 4534 535 4614 έχουσι
556 4533 698 4610 Ῥωμαῖοι.

162 4623 196 4683 L.
221 4619 270 4688 Ὡς
283 4622 311 4681 δὲ
327 4622 373 4681 καὶ
386 4621 494 4690 ταύταις
507 4622 666 4699 ἐκρατύνατο
682 4621 730 4692 τήν
744 4621 831 4702 άρχήν
844 4632 902 4690 ταῖς

124 4710 305 4789 συμμαχίαις,
315 4712 427 4790 στρατὸν
436 4711 536 4788 ἐξάγειν
549 4711 593 4771 ἐπὶ
605 4709 736 4778 Σαόίνους
749 4711 827 4789 ἔγνω,
837 4711 904 4773 Ῥω-

126 4797 211 4876 μαίων
223 4800 247 4856 τ’
260 4801 345 4858 αὐτῶν
358 4797 479 4868 ἐπιλέξας
488 4798 531 4866 οὐκ,
543 4797 630 4871 ἥκισθ’
641 4798 805 4872 ὑπώπτευεν,
821 4800 902 4861 εἰκύ-

72 4909 101 4949 ιο
126 4909 176 4966 ριοι
191 4888 244 4944 τῶν
255 4887 344 4945 θπλων
358 4887 486 4966 γίνοιντο,
501 4887 648 4967 ἐλευθερίας
660 4889 901 4964 μεταποιήσεσθαι,

125 4973 171 5033 καὶ
202 4973 250 5043 τὴν
272 4975 346 5055 παρὰ
366 4978 419 5035 τῶν
443 4977 594 5056 συμμάχων
625 4978 770 5059 ἀφιγμένην
793 4979 904 5055 δύναμιν

125 5062 285 5143 προσλαόὼν
299 5065 390 5146 πολλῷ
399 5065 509 5125 πλείονα
517 5070 565 5138 τῆς
575 5066 712 5137 πολιτικῆς
721 5069 901 5147 ὑπάρχουσαν.

128 5150 239 5230 Δηόισας
251 5152 274 5209 θ’
298 5151 384 5210 αὐτῶν
397 5156 456 5220 τοὺς
470 5153 574 5233 ἀγρούς,
588 5154 634 5213 καλ
647 5153 706 5220 τούς
720 5156 800 5229 ὁμόσε
815 5156 904 5235 χωρή·

129 5260 226 5306 σαντας
238 5239 317 5320 μάχη
330 5239 460 5315 νικήσας,
476 5242 520 5300 ἐπὶ
533 5240 593 5310 τούς
603 5241 779 5320 καλουμέναις
794 5244 905 5321 Πωμεν·

1668 412 1724 475 ‘idi

948 549 987 599 ret
1000 548 1117 599 falsorum
1128 528 1259 599 criminum
1271 547 1407 599 dololorem
1418 559 1504 613 ponas
1517 548 1584 600 dare,
1617 553 1669 602 ttoc
1679 561 1729 603 orn

947 647 1022 698 nibus
1039 646 1133 712 piacuit
1155 650 1205 697 :et
1230 647 1273 710 qui
1296 646 1326 695 ad
1349 646 1403 697 eius
1427 645 1593 696 diversorium
1612 648 1726 712 iverunt,

947 745 1012 796 iuter
1025 745 1079 796 eius
1097 744 1207 794 sarcinas
1220 742 1340 807 gladiose
1352 743 1431 793 servis
1451 743 1549 793 obditos
1559 742 1728 809 deprebende-

948 849 1013 892 root.
1046 845 1110 893 Tum
1136 844 1247 891 Turnum
1278 854 1304 891 se
1331 855 1434 905 purgare
1455 842 1578 893 ocientem
1599 858 1646 894 noo
1665 847 1729 909 passi

947 940 1052 1005 amptius
1061 938 1198 1003 quidquam
1213 938 1304 999 dicere,
1319 937 1343 988 io
1360 938 1505 990 barathrum
1522 940 1648 1005 quoddam
1666 956 1730 1008 pros·
1757 912 1760 920 Δ

947 1039 1047 1103 cipitem
1064 1039 1181 1102 egerunt,
1198 1040 1223 1087 et
1240 1037 1324 1087 statim
1340 1051 1397 1087 eum
1418 1038 1505 1089 vivum
1520 1039 1548 1089 in
1565 1043 1631 1090 terra
1648 1040 1730 1092 deins·

948 1149 1003 1185 sum
1018 1137 1146 1186 necarunt.
1178 1133 1338 1197 Tarquinium
1352 1148 1411 1185 vero
1419 1135 1452 1187 ab
1466 1136 1615 1188 omnibuoin
1627 1138 1729 1190 concilio

948 1233 1123 1294 collandatum,
1135 1236 1164 1282 ut
1174 1235 1268 1297 optime
1280 1232 1312 1283 do
1320 1232 1442 1286 universis
1451 1234 1727 1300 civitatibusmeritum,

947 1328 1015 1393 quod
1027 1328 1159 1392 optimates
1171 1334 1311 1386 serrassor,
1327 1328 1406 1393 gentis
1417 1329 1494 1379 totius
1508 1331 1644 1395 principem
1660 1344 1728 1382 crea·

948 1429 1015 1487 runt,
1032 1425 1124 1478 eisdem
1140 1424 1337 1487 conditionibus,
1359 1426 1450 1491 quibus
1474 1427 1633 1491 Tarquinium
1654 1443 1730 1483 avum

947 1521 1011 1585 ejus,
1025 1524 1051 1571 et
1064 1522 1150 1585 postea
1165 1520 1273 1571 Tuttium
1287 1523 1446 1579 creaverant3
1459 1520 1585 1586 incisoque
1596 1522 1622 1572 in
1633 1523 1728 1574 cotum·

947 1614 985 1664 nis
1004 1614 1104 1675 taedere,
1119 1617 1145 1664 et
1161 1613 1246 1665 addtto
1265 1612 1421 1664 iureiurando
1439 1613 1470 1664 de
1488 1613 1616 1665 sennodio
1628 1616 1730 1667 traderis

947 1706 1136 1768 conditionibus,
1153 1705 1284 1756 concilium
1296 1705 1450 1756 dimiserunt.

981 1805 1063 1854 Xth.
1084 1801 1233 1865 Tarquinius
1243 1815 1304 1851 rern
1318 1802 1458 1853 Latinorum
1475 1803 1577 1869 imperio
1591 1806 1685 1871 potitus
1696 1804 1729 1857 ad

947 1899 1108 1950 Hernicorum
1121 1902 1146 1948 et
1161 1898 1307 1948 Volscorum
1334 1900 1448 1950 civitates
1466 1900 1560 1965 legatos
1573 1902 1657 1964 misit,
1673 1902 1728 1955 ilias

947 2008 1045 2060 qnoque
1060 1993 1093 2044 ad
1112 1992 1246 2045 amicitiam
1269 1995 1294 2044 et
1312 1995 1456 2045 societatem
1478 1995 1595 2047 inritam.
1628 1996 1729 2050 Hernici

950 2090 1051 2156 quidem
1076 2103 1162 2141 omnes
1184 2089 1264 2141 foedus
1280 2091 1361 2142 tacere
1381 2090 1543 2142 decreverunt
1566 2105 1621 2142 :er
1633 2092 1730 2143 Volscio

949 2202 1009 2239 roro
1021 2189 1077 2240 duos
1097 2191 1196 2238 tantum
1207 2187 1329 2249 civitates,
1350 2187 1462 2239 Ecetraoi
1478 2192 1505 2240 et
1524 2188 1652 2250 Antiates,
1670 2202 1728 2240 ron·

948 2287 1054 2340 ditiones
1067 2289 1137 2352 ilios,
1154 2289 1186 2340 ad
1199 2302 1262 2353 quas
1276 2288 1452 2349 invitabantur,
1471 2293 1631 2354 occeperunt.
1664 2290 1728 2339 Tar·
1802 2265 1805 2269 ἐ

948 2386 1049 2451 quinius
1060 2400 1130 2448 vcro,
1142 2386 1243 2451 provide
1256 2399 1356 2449 operum
1374 2385 1436 2436 daos
1455 2391 1484 2436 ut
1504 2385 1585 2437 todoo
1602 2400 1660 2437 cum
1679 2385 1729 2439 illia

948 2485 1094 2536 civitatibus
1111 2484 1189 2535 ictum
1205 2486 1384 2549 sempiternum
1411 2489 1486 2543 essct,
1509 2484 1596 2535 statuit
1610 2484 1729 2550 templum

949 2595 1079 2633 coruroune
1099 2596 1241 2633 consecrare
1258 2582 1391 2641 Romanis,
1417 2580 1526 2640 Latinis,
1556 2581 1686 2641 Hernicis,
1704 2585 1730 2633 et

949 2678 1054 2739 volscis,
1071 2678 1149 2742 quiin
1160 2678 1304 2729 societatem
1317 2679 1410 2744 recepti
1425 2680 1523 2729 tuerant
1536 2692 1543 2726 ε
1558 2681 1595 2738 ut,
1612 2681 1730 2729 coeuntes

949 2776 1081 2843 quotannis
1093 2777 1118 2827 in
1130 2776 1282 2841 designatum
1305 2776 1404 2838 iocum,
1418 2776 1613 2827 nundinarentur
1632 2778 1659 2827 et
1676 2789 1724 2828 una

950 2875 1115 2940 eputarentur,
1124 2877 1151 2925 et
1159 2873 1330 2924 communibus
1340 2873 1417 2924 sacris
1429 2875 1577 2924 fruerentur.
1611 2874 1731 2926 (ioman-

952 2976 1000 3024 tem
1012 2986 1098 3023 omnes
1113 2986 1166 3023 roro
1180 2985 1235 3023 earn
1249 2970 1362 3022 lubenter
1378 2971 1539 3035 accepissent.
1561 2970 1643 3021 iocum
1664 2970 1731 3023 desi·

951 3071 1035 3134 gnavit
1047 3068 1090 3120 ubi
1102 3067 1232 3120 consitium
1251 3071 1334 3119 essent
1345 3066 1464 3127 babituri,
1484 3068 1535 3118 iere
1552 3068 1577 3117 in
1593 3064 1733 3118 rnedituitio

951 3165 1040 3216 borum
1057 3166 1176 3231 gentium,
1201 3167 1310 3216 montem
1333 3164 1472 3223 excelsum,
1496 3164 1540 3228 qui
1556 3163 1656 3215 Albanos
1677 3163 1733 3213 urbi

952 3263 1074 3325 imminet,
1087 3264 1130 3316 nbi
1151 3264 1284 3328 quotannis
1304 3265 1443 3314 mercatum
1465 3261 1585 3321 exerceri,
1603 3265 1629 3314 et
1647 3274 1734 3312 omnes

951 3358 985 3409 ab
996 3360 1065 3410 omni
1077 3361 1102 3411 vi
1113 3360 1237 3412 abstinere
1251 3361 1304 3424 iege
1319 3362 1368 3411 tota
1384 3359 1466 3421 iussit,
1488 3362 1516 3409 et
1529 3372 1601 3410 sacra
1620 3371 1732 3409 commu·
1838 3400 1843 3409 .

951 3456 1078 3508 nitertori
1100 3457 1188 3508 battuli
1208 3457 1271 3518 tiert,
1285 3461 1312 3509 et
1332 3457 1418 3521 epotas
1440 3456 1573 3517 celebrari3
1592 3455 1732 3519 statuitque

951 3557 1074 3619 quantum
1086 3569 1284 3619 unamquamque
1301 3555 1428 3606 civitatem
1450 3555 1475 3605 tn
1491 3568 1563 3606 sacra
1571 3543 1693 3616 conterre,
1706 3557 1732 3607 et

952 3666 1027 3716 quam
1039 3653 1175 3717 portionem
1188 3667 1387 3717 unamquamque
1399 3653 1509 3719 accipere
1523 3657 1656 3720 oporteret.
1690 3660 1734 3708 Po·

953 3751 1005 3816 poti
1020 3753 1104 3801 ευεεοι
1115 3750 1213 3802 citarum
1231 3751 1349 3802 teriarurn
1359 3756 1384 3803 et
1396 3751 1511 3803 sacrificii
1521 3753 1653 3818 participes
1665 3754 1735 3806 tuere

953 3847 1129 3912 quinquaginta
1142 3848 1224 3900 tribus
1240 3849 1330 3901 minus.
1364 3853 1424 3902 ttae
1433 3849 1552 3901 sacrificia
1565 3855 1591 3902 ot
1604 3851 1649 3902 bas
1661 3851 1734 3903 terias

954 3947 1057 4001 Romani
1077 3947 1110 3999 ad
1131 3951 1216 3999 nostra
1238 3963 1317 4014 usque
1332 3954 1443 4015 tempora
1470 3947 1612 4010 cetebrant,
1635 3950 1735 4001 Latinas

956 4047 1030 4099 terias
1046 4049 1182 4108 vocantem
1197 4050 1223 4099 et
1241 4046 1273 4096 ad
1291 4059 1334 4097 eas
1347 4047 1432 4112 populi
1453 4061 1580 4099 sacrorum
1603 4047 1735 4113 participes

956 4149 1039 4199 terunt
1056 4148 1098 4199 atii
1119 4162 1210 4214 agnos,
1226 4147 1268 4199 alii
1281 4160 1375 4208 caseos,
1398 4147 1440 4197 aiii
1454 4148 1525 4198 tactis
1547 4151 1640 4200 certam
1666 4160 1736 4197 roeo·

956 4259 1049 4306 suram,
1066 4246 1108 4297 otii
1123 4244 1223 4310 aliquod
1237 4243 1358 4297 eiusmodi
1373 4243 1424 4295 eibi
1438 4257 1523 4307 genus.
1556 4245 1631 4297 Tauri
1650 4248 1734 4295 autom

956 4344 1118 4395 communiter
1135 4343 1168 4394 ab
1186 4342 1302 4395 omnibus
1317 4343 1453 4404 immolati,
1470 4357 1625 4408 unaquaeque
1645 4343 1734 4392 civitas

955 4444 1049 4491 certam
1066 4441 1203 4504 portionem
1219 4440 1364 4504 accipiebat.
1397 4443 1447 4491 Pro
1460 4439 1576 4491 omnibus
1588 4452 1647 4489 roro
1662 4450 1734 4489 sacra

955 4537 1048 4588 iaciunt
1057 4541 1083 4590 et
1093 4539 1170 4590 sacris
1181 4543 1291 4603 praesunt
1304 4538 1416 4589 itcmooi.
1444 4542 1448 4551 '

989 4638 1014 4686 L.
1037 4638 1100 4686 cum
1122 4641 1206 4688 autem
1227 4637 1267 4686 bis
1301 4650 1399 4700 quoque
1421 4635 1580 4687 societatibus
1603 4632 1732 4697 imperium

957 4725 1085 4788 tinoasset,
1093 4725 1118 4775 in
1126 4725 1229 4776 sabinos
1237 4725 1374 4776 exercitum
1385 4724 1475 4776 ducere
1488 4724 1606 4775 decrerit.
1640 4724 1731 4779 Quare,

957 4813 1041 4865 trabitc
1053 4814 1149 4864 deiectu
1169 4816 1335 4864 Romanorum
1349 4813 1456 4873 rivium,
1467 4826 1540 4875 ,quos
1556 4811 1654 4860 minime
1674 4822 1732 4859 sus·

957 4905 1042 4966 pectes
1054 4901 1171 4963 babebat,
1185 4906 1283 4965 etquos
1297 4903 1460 4964 existimabat,
1476 4901 1497 4952 si
1510 4912 1577 4949 arroa
1593 4897 1653 4961 ipsis
1665 4911 1733 4949 eom·

957 4990 1032 5042 misso
1052 4991 1163 5049 inissent,
1179 5005 1206 5040 se
1224 4992 1248 5041 in
1265 4991 1403 5042 libertatem
1425 4989 1525 5039 minime
1547 4986 1731 5050 vindicaturos,

957 5083 982 5129 et
993 5079 1118 5130 sociorum
1136 5081 1230 5130 auritiis
1247 5079 1386 5137 adiunctio,
1401 5093 1456 5140 quon
1474 5077 1544 5139 toroge
1556 5076 1649 5134 maiora
1659 5083 1731 5138 erant

956 5181 1030 5231 quam
1055 5170 1156 5220 urbana
1183 5169 1268 5233 copiae,
1293 5171 1319 5217 et
1341 5166 1445 5216 rostatis
1467 5166 1576 5218 hostium
1606 5171 1683 5229 agris,
1705 5166 1730 5213 et

956 5255 1091 5321 pooqoru
1107 5256 1145 5315 its,
1159 5255 1204 5318 qui
1211 5267 1298 5305 secum
1317 5255 1449 5320 confligere
1469 5256 1524 5306 ausi
1541 5254 1646 5313 tuerent,
1661 5263 1730 5302 exer·

889 5404 902 5423 .
1037 5420 1041 5427 .
