3772 5828
177 320 238 379 503

177 485 233 540 χοιν
257 484 289 536 τη
311 454 547 534 κρείττονιμοίρορ
572 454 643 533 τάχα
663 453 711 531 μὲν
741 456 785 513 διά
804 457 834 513 τὸ
854 454 891 531 μί,
914 456 958 512 δο·

177 556 232 604 κεῖν
257 544 363 621 ἄμεινον
383 531 500 599 ε’ίναι
471 565 504 620 τη
527 540 603 601 πόλει
622 543 764 617 δεκασμοῖς
781 565 809 599 τε
831 540 955 649 ἀργυρίου

176 636 223 694 καὶ
242 635 377 707 διανομαῖς
393 632 445 688 τῶν
458 629 592 703 δημοσίων
604 630 865 711 διαφθειρόμενον
841 654 872 691 το
886 632 954 700 πλη·

177 729 219 787 θος
240 720 318 799 όργδν
341 717 386 777 καί
409 718 522 797 πονηρὸν
544 709 628 777 εἶναι·
643 720 715 797 τάχα
742 719 770 777 33
791 718 836 777 καί
855 720 897 779 διδ
912 718 957 776 τὸν

134 832 148 869 υ
177 811 283 891 ρθόνου,
298 811 337 868 ότι
349 814 395 881 τῆς
408 808 603 890 ριλανθρωπίοις
618 808 716 881 ταύτης
730 811 777 869 οὐκ
788 808 862 869 αὐτοὶ
877 800 956 886 ἧρξαν

176 902 199 958 σί
222 906 267 957 τοῦ
294 900 378 1007 δι’,μου
395 898 590 977 πρεστηιότες,
621 898 680 956 ἀλλ’
703 900 806 977 ἕτερος·
832 896 905 957 οὐδὲν
928 918 956 956 οε

176 987 271 1047 κωλύει
286 1012 331 1046 και
321 986 389 1045 διὰ
403 986 555 1066 [τοῦτο]
534 1010 563 1044 το
578 985 648 1057 δέος,
663 986 679 1044 δ
698 988 763 1096 πρὸς
779 986 826 1058 τὴν
848 985 957 1059 αὔξησιν

177 1080 222 1135 τοῦ
237 1076 328 1157 ἀνδρὸς
342 1074 429 1134 arua?
431 1098 492 1133 ανον
509 1074 614 1149 μείζονα
638 1075 779 1153 γενομένην
800 1073 818 1147 3
834 1100 867 1155 τῃ
850 1075 953 1135 ’πόλει

179 1164 287 1245 συνίρερ
290 1188 327 1224 εν
363 1162 519 1271 ’Λντίίεγον
532 1152 575 1220 03
590 1162 642 1235 ἤδη
657 1161 726 1220 κατὰ
743 1163 837 1243 κράτος
854 1166 880 1222 ἐν
898 1171 955 1230 ταῖς

125 1278 149 1317 ιο
179 1254 329 1325 ἐκκλησίαις
351 1244 420 1311 οὗτοι
441 1274 506 1359 προς
528 1250 587 1319 τοὺς
610 1254 699 1361 είρρερ
686 1251 810 1329 ρομένοος
834 1252 884 1311 ὑπὸ
909 1256 954 1308 τοῦ

180 1341 343 1402 Κασσίου’
314 1364 408 1416 νόμους
418 1384 426 1411 ,
439 1340 605 1407 διδάσκοντες
619 1364 662 1399 τον
678 1342 780 1418 δῆμον,
797 1344 833 1407 ὡς
851 1343 899 1400 οὗκ
914 1340 954 1412 εἴη

177 1430 277 1489 δίκαιον
299 1430 317 1486 δι
338 1428 382 1486 διδι
409 1430 513 1486 πολλῶν
528 1428 673 1500 ἐκτήσαντο
690 1428 794 1501 πόνων,
810 1434 895 1488 ταῦτα
917 1427 954 1505 μὴ

178 1518 327 1595 Ῥωμαίους
338 1518 479 1591 νείμασθαι
495 1518 601 1593 μόνους,
616 1518 684 1575 ἀλλὰ
704 1517 749 1576 καί
765 1519 893 1586 Λατίνους
906 1520 954 1577 αιἰ·

176 1608 230 1673 τοῖς
254 1608 383 1684 ἰοομοιρεῖ
383 1631 412 1676 ν,
434 1603 492 1670 τοὺς
514 1604 551 1681 μὴ
567 1607 790 1687 παραγενομένους
804 1618 858 1677 τοῖς
873 1610 953 1670 πολί-

125 1728 149 1765 ,ς
179 1719 257 1773 μοις,
273 1696 319 1753 καί
337 1694 395 1760 τοὺς
410 1698 502 1752 νεωστὶ
522 1696 712 1774 προσελθόντοις
727 1720 791 1778 προς
805 1723 852 1770 τνν
866 1701 954 1780 ριλιαν

175 1784 366 1865 Ἐρνικας,ο
352 1775 432 1851 ίος
419 1785 554 1861 αγαπητὸν
584 1789 616 1856 ην
645 1788 754 1867 πολέμῳ
781 1794 953 1898 προσαχθεῖσι

175 1874 206 1933 τδ
220 1873 257 1952 μί,
270 1873 317 1945 τὴν
330 1876 391 1931 ίαυτ
393 1898 429 1930 ιιιν
445 1874 618 1952 όραιρτθηναι
633 1874 737 1954 χώραν.
781 1878 845 1936 0
831 1878 858 1937 οὲ
871 1880 953 1953 δῆμος

176 1965 277 2023 aiau-333
296 1960 354 2022 τοτὲ
369 1962 416 2037 μὲν
432 1964 482 2027 τοῖς
499 1965 550 2018 τῶν
567 1962 712 2041 δημάρχων
727 1965 894 2043 προσετίθετο
908 1966 951 2025 λό-

175 2078 246 2128 γοις,
264 2054 451 2129 ἐνθυμούμενος
465 2050 504 2107 ότι
520 2052 612 2129 μικρόν
629 2075 654 2109 τι
670 2051 715 2109 καί
727 2054 774 2110 οὐκ
791 2052 861 2121 άξιον
877 2053 952 2112 ἔσται

124 2174 151 2211 2„
176 2142 254 2218 λόγου
270 2142 299 2197 τό
310 2142 339 2196 ἐκ
355 2143 400 2206 τῆς
415 2136 543 2213 δημοσίας
557 2142 605 2215 γῆς
623 2139 745 2213 ἐσόμενον
766 2140 886 2222 ἑκάστῳ,
905 2142 952 2201 λά-

176 2252 238 2308 χος,
258 2232 280 2285 εί
300 2226 356 2303 μεθ’
372 2225 502 2303 Ἑρνίκων
521 2250 548 2283 τε
564 2229 608 2284 καὶ
629 2226 749 2285 Λατίνων
764 2228 844 2299 αὐτὴν
868 2231 953 2308 νεμή-

628 2314 634 2334 ι

696 314 864 375 DlONl'Sll
885 312 1263 379 Hautcaun'assE-a’sts

1012 456 1168 521 publicorum
1178 460 1341 511 divisionibus
1357 462 1512 527 corruptam,
1530 462 1641 516 otiosam
1656 470 1682 517 ei
1696 468 1798 535 impro-

1010 558 1068 608 bam
1080 574 1134 611 esse
1150 581 1157 610 :
1171 560 1224 611 sire
1235 560 1310 612 etiam
1325 559 1417 611 inuidia
1430 562 1508 622 moti,
1523 563 1592 627 quud
1609 562 1685 617 buius
1695 566 1797 621 benefi-

1011 661 1041 710 cii
1056 676 1104 712 nou
1120 662 1166 727 ipsi
1197 663 1273 728 plebis
1295 664 1456 728 magistratus
1475 667 1593 717 auctores
1610 666 1730 733 fuissent,
1745 672 1792 723 sed

1010 761 1083 813 alius.
1118 762 1184 813 uiuit
1198 766 1281 815 tarnen
1293 766 1368 827 vetat,
1377 778 1428 828 quo
1439 764 1522 815 minus
1533 765 1592 817 ideo
1604 781 1650 821 eos
1660 770 1687 821 id
1699 769 1792 823 fecisse

931 897 953 918 „
1011 859 1169 924 arbitremur,
1183 862 1242 925 quia
1262 863 1317 915 eius
1337 862 1383 914 riri
1405 863 1587 919 incrementum
1604 868 1699 934 maius,
1714 886 1794 936 quam

1011 960 1152 1025 reipublicae
1170 961 1307 1026 expediret,
1320 961 1488 1015 forruidareut.
1523 967 1569 1017 isti
1581 968 1659 1035 igitur
1669 971 1720 1023 iam
1733 976 1796 1025 totis

1011 1064 1107 1117 uiribus
1124 1066 1150 1115 in
1176 1065 1337 1117 concionibus
1362 1066 1561 1119 adversabantur
1591 1070 1706 1136 legibus,
1731 1088 1795 1136 quas

1010 1166 1110 1219 Cassius
1121 1166 1232 1229 ferebat,
1248 1169 1366 1220 docentes
1376 1170 1487 1234 piebem,
1499 1172 1602 1224 minime
1610 1188 1716 1239 aequum
1728 1190 1793 1238 esse,

1010 1285 1062 1333 ras,
1078 1282 1140 1334 quas·
1153 1269 1206 1335 ipsa
1224 1272 1310 1322 multis
1330 1272 1399 1323 bellis
1420 1274 1570 1339 quaesisset,
1586 1291 1637 1327 non
1650 1278 1735 1329 solum
1747 1294 1793 1345 po-

1009 1373 1068 1438 pulu
1079 1374 1189 1423 lfomana
1198 1374 1292 1435 diuidi,
1307 1374 1350 1425 sed
1362 1376 1463 1427 Latinos
1473 1390 1574 1441 quoque
1582 1390 1616 1428 ex
1631 1390 1707 1443 aequu
1718 1378 1794 1442 parti·

1010 1477 1076 1539 cipes
1090 1488 1177 1525 curum
1195 1475 1263 1536 fieri,
1277 1476 1321 1539 qui
1335 1476 1407 1528 bellis
1423 1491 1472 1527 non
1486 1477 1672 1542 interfuissent,
1685 1482 1713 1531 et
1728 1482 1794 1531 lter-

1011 1577 1078 1628 nicos
1092 1590 1176 1627 recens
1187 1568 1219 1628 iu'
1232 1578 1363 1630 amicitiam
1384 1582 1516 1644 receptos,
1529 1581 1574 1644 qui
1595 1582 1678 1633 armis
1695 1582 1792 1635 subacti

1009 1681 1126 1746 praeclare
1145 1697 1230 1733 secum
1251 1681 1290 1746 agi
1308 1685 1396 1746 putare
1419 1682 1556 1743 deberent,
1577 1685 1648 1748 quod
1671 1700 1729 1750 agro
1743 1700 1789 1738 suo

1010 1784 1101 1847 primii
1120 1797 1169 1833 non
1187 1782 1302 1834 fuissent.
1356 1786 1387 1834 at
1405 1782 1475 1849 plebs
1501 1783 1557 1835 haee
1573 1784 1694 1849 audiens,
1718 1785 1790 1837 modo

1011 1886 1164 1936 tribunorum
1180 1887 1261 1935 serbis
1278 1885 1480 1938 assentiebatur:
1496 1884 1572 1950 (quia
1587 1887 1708 1952 ridebat,
1726 1889 1793 1949 fore,

1011 1991 1038 2038 ut
1048 2002 1125 2052 parra
1137 1988 1253 2053 quandam
1264 1992 1290 2038 ci
1304 1989 1396 2039 nullius
1409 1987 1480 2052 pretii
1497 1986 1578 2052 [tortio
1593 1988 1645 2053 agri
1661 1992 1795 2056 mnicuique

1009 2092 1163 2155 obtingeret,
1178 2092 1200 2141 si
1220 2091 1300 2142 Latini
1322 2105 1422 2156 alnoque
1436 2096 1461 2141 et
1479 2091 1578 2142 llernici
1587 2092 1612 2143 in
1627 2091 1682 2143 eius
1692 2100 1794 2157 partem

1009 2210 1094 2247 secum
1109 2192 1212 2245 admissi
1226 2193 1347 2253 fuissent)
1365 2190 1439 2241 modo
1456 2205 1519 2241 vero
1532 2190 1606 2243 bassii
1625 2190 1790 2243 concionibus

871 2319 883 2339 ι
943 2352 952 2363 ⁸
1008 2293 1121 2355 inducta,
1140 2294 1288 2344 senteutiam
1312 2291 1443 2351 abulabat,
1467 2291 1540 2358 quasi
1562 2290 1654 2342 tribuni
1672 2290 1789 2355 patriciis

176 2408 341 2484 γωγοίίντος,
359 2409 394 2470 ὡς
414 2405 590 2484 προδιδόντων
612 2402 705 2469 αὐτοὺς
728 2413 781 2471 τοῖς
803 2407 953 2488 πατρικίοις

176 2499 227 2554 τῶν
242 2495 387 2573 δημάρχων
409 2493 454 2553 καὶ
469 2493 599 2573 πρόρασιν
620 2493 781 2570 ποιουμένων
803 2500 850 2568 τῆς
865 2497 953 2557 κωλύ-

123 2611 148 2648 οι
177 2606 241 2651 σεως
256 2586 373 2662 εὐτρεπῆ
390 2583 436 2653 τὴν
449 2581 578 2661 Ἑρνίκων
600 2582 689 2641 τεκαὶ
712 2582 831 2643 Λατίνων
847 2588 951 2663 ίσομοι·

177 2675 251 2752 ρίαν,
269 2675 300 2743 ἣν
317 2672 393 2739 αὐτὸς
412 2674 461 2752 ἔρη
474 2672 546 2751 νόμῳ
564 2672 716 2750 περιλαότῖν
732 2672 822 2752 ἰσχύος
834 2677 885 2734 τῶν
901 2698 951 2734 πε-

175 2764 260 2832 νήτων
283 2760 374 2831 ἕνεκα,
404 2761 450 2819 καί
475 2764 498 2819 εἷ
523 2785 561 2822 τις
584 2761 752 2840 άραιρεῖσθαί
777 2785 840 2820 ποτε
860 2762 952 2831 αὐτοὺς

176 2847 286 2915 ἀξιώσαι
309 2849 342 2906 τά
364 2849 470 2908 δοθέντα
494 2850 650 2924 κωλύσεως,
675 2850 790 2927 κρεῖττον
807 2851 951 2926 ἡγούμενος

178 2928 244 2996 εἶναι
260 2938 305 2995 καὶ
320 2938 516 3019 άσρτιλίστιρον
531 2947 582 3004 τοῖς
599 2941 706 3004 πολλοῖς
721 2938 804 3018 μικρά
824 2940 949 3000 λαόοῦσιν

122 3046 149 3087 aa
175 3026 271 3095 ὁμοίως
291 3026 378 3107 ἔχειν,
406 3027 523 3097 ἢπολλα
544 3027 682 3084 ἐλπίσασιν
704 3026 828 3084 ἁπάντων
851 3030 951 3086 ἀποτο-

175 3126 242 3196 χεῖν.

216 3209 335 3268 LXXil.
359 3203 467 3270 Τοότοις
485 3202 516 3273 33
531 3210 583 3269 τοῖς
604 3200 690 3279 λόγοις
705 3206 751 3261 τοῦ
768 3203 886 3261 Κασσίου
900 3208 949 3260 θα-

176 3297 239 3374 μινδι
265 3295 466 3373 μεταπείθοντος
485 3296 511 3351 ἐν
533 3299 589 3359 ταῖς
614 3290 766 3362 ἐκκλησίαις
788 3291 832 3350 τὸν
857 3294 950 3371 ὄχλον,

177 3386 313 3464 παρελθὼν
328 3375 364 3450 εἷς
374 3385 425 3440 τῶν
443 3382 587 3460 δημάρχων
603 3382 681 3445 Γάϊος
701 3380 872 3455 Ῥαόολῆιος,
886 3384 951 3461 ἀνὴρ

122 3494 149 3535 ³5
177 3475 223 3531 aix
239 3474 347 3553 άρρων,
368 3474 416 3543 τήν
442 3495 469 3528 τε
494 3470 663 3548 διχοστασίαν
681 3475 732 3528 τῶν
748 3469 950 3532 θποίτωνθπέσ·

176 3586 239 3641 χετο
251 3562 361 3621 παύσειν
381 3565 426 3620 οὔκ
451 3563 486 3627 εἰς
509 3560 632 3638 μακράν,
651 3559 696 3618 καί
722 3565 759 3643 τῷ
776 3562 851 3671 δημιρ
874 3560 951 3633 ποιή-

177 3673 229 3708 σειν
244 3650 407 3731 ραιερδνὸ
396 3675 419 3706 ἰ
437 3675 470 3730 χρ
472 3649 488 3720 3
506 3657 599 3710 ποιεῖν,
645 3647 847 3726 Ἐπισηυιασίας
865 3652 891 3708 δὲ
903 3674 952 3758 γε·

176 3739 285 3814 νομένης
312 3742 382 3797 αὐτιι
406 3739 538 3814 μεγάλης,
564 3738 609 3795 καί
635 3737 702 3813 μετὰ
728 3744 805 3797 τοῧτο
831 3763 900 3796 σιωτ
885 3762 952 3810 Ι.ης·

178 3856 188 3878 ιι
204 3830 281 3931 Οὐχί
290 3852 386 3902 ταυτα,
403 3820 490 3904 εἶπεν,
503 3818 641 3888 alisiana
654 3826 699 3884 καί
711 3827 742 3884 σὺ
758 3827 904 3905 Οὐεργίνιε,
920 3827 953 3886 ci

122 3946 182 3989 aa
185 3939 337 3973 νεοαιαια
355 3919 410 3976 εστι
430 3941 473 3975 τιο
492 3935 584 3992 νοοου
578 3913 704 3991 ,δυμεν,
727 3916 749 3972 εί
768 3916 820 3992 χρδ
837 3916 884 3987 τίν
904 3920 953 3990 δη

178 4030 189 4050 ι
211 4003 304 4077 μοσίαν
321 4008 367 4078 γῆν
383 4007 442 4062 κατ’
458 4004 540 4082 ἄνδρα
556 4005 760 4079 διανεμηθῆναι·
774 4003 861 4079 ἕτερον
876 4005 913 4077 δὲ,
930 4007 952 4064 εἷ

178 4118 182 4137 ι
207 4089 259 4165 χρίΙ
275 4090 319 4144 καὶ
344 4092 469 4157 Λατίνους
492 4092 537 4151 καὶ
558 4091 685 4170 Ἕρνικας
708 4091 784 4171 μέρος
811 4093 891 4163 αὐτῆς
906 4094 954 4149 λο-

178 4177 300 4237 «datan
289 4175 600 4257 ιὉμολογησοίντωνδὲ
624 4183 728 4238 αὐτῶν·
721 4170 874 4241 wilica
860 4182 905 4254 οη·
921 4181 952 4240 σὺ

178 4290 270 4341 ι’με,ν
293 4256 416 4336 εἶπεν,
398 4293 419 4325 ιι
438 4270 498 4328 Λα
483 4293 539 4328 σιε
548 4270 705 4380 ,ἀμφότερα
726 4293 859 4329 ταοταε
840 4274 952 4383 ,ιδηρί

178 4355 522 4428 ιζιναιοςτονοιυοι
536 4359 604 4418 οδδὲ
618 4358 673 4429 33
665 4358 823 4437 -p3<an›r,
837 4349 954 4471 3032?-

178 4476 189 4493 ιι
206 4443 287 4520 γίνιε,
313 4442 355 4501 λ
333 4467 385 4510 -;οι
410 4449 490 4520 ἡμῖν,
515 4450 615 4526 πότερα
640 4448 792 4527 θάτερον
778 4459 882 4530 ακυροῑς
907 4457 953 4524 τῆς

177 4564 181 4579 ι
206 4534 324 4592 Κασσίου
340 4533 444 4610 γνώμης
462 4537 536 4615 μέρος
551 4539 581 4596 τὸ
605 4537 674 4596 κατὰ
700 4538 758 4605 τοὺς
778 4542 950 4620 συμμάχους,

177 4654 188 4671 ιι
206 4626 252 4682 οὗκ
271 4622 386 4697 οἰόμενος
402 4626 454 4682 δεῖν
475 4625 621 4706 ἰσομοίρους
641 4633 703 4704 ἡμῖν
718 4626 847 4708 Ἕρνικάς
862 4655 890 4688 τε
907 4632 953 4689 καὶ

177 4742 188 4757 ι
205 4714 331 4781 Λατίνους
355 4715 438 4771 ποιεῖν
453 4713 493 4787 ‚3
520 4716 564 4772 καὶ
589 4716 694 4797 θάτερον
727 4721 852 4798 ἀκυροῖς,
874 4720 952 4788 ἀξιῶν

177 4828 188 4847 ι
204 4804 255 4859 οὐδ’
282 4808 345 4881 ἡμῖν
371 4806 456 4867 αὐτοῖς
479 4802 609 4876 διανέμειν
626 4808 659 4863 τά
685 4807 779 4883 sotis,
807 4810 881 4867 ταυτὶ
901 4810 951 4888 γδιρ

176 4916 187 4935 ι
205 4889 344 4969 ἀπόκριναί
361 4916 406 4969 μοι
430 4890 511 4969 μηδὲν
532 4892 793 4974 ἀποκρυψάμενος.»
826 4898 952 4964 Εἰπόντος

176 4974 201 5032 33
219 4980 262 5032 τοῦ
284 4982 454 5058 Οὐεργινίου,
480 5010 491 5034 ιι
508 4984 540 5059 τῇ
561 4981 680 5040 Λατίνων
706 4984 793 5041 τεκαὶ
818 4984 950 5063 Ἑρνίκων

176 5091 186 5112 ιι
203 5063 346 5140 ἀντιλέγειν
373 5070 521 5150 ἰσομοιρίᾳ,
540 5069 569 5126 τὸ
597 5065 624 5125 33
641 5068 710 5126 κατά
725 5068 784 5136 τοὺς
804 5074 913 5139 πολίτας
928 5075 950 5131 εί

180 5184 185 5202 ι
202 5159 266 5211 πᾶσι
282 5152 361 5220 δόξειε
393 5159 520 5233 νέμεσθαι
538 5165 685 5233 συγχωρεῖν
700 5182 732 5236 ιι,
755 5158 915 5241 ἐπιστρέψας
935 5165 950 5220 3

1009 2397 1087 2462 ipsam
1102 2397 1249 2462 proderent,
1276 2397 1302 2444 et
1321 2408 1435 2444 caussam
1464 2390 1631 2445 intercedendi
1654 2391 1790 2444 honestam

1009 2501 1188 2562 prmteuereat,
1203 2498 1250 2548 hoc
1266 2495 1462 2546 lleruicorumet
1477 2494 1623 2544 Latinonuu
1634 2493 1792 2544 consortium

1008 2599 1075 2662 quod
1095 2600 1135 2649 illc
1151 2612 1287 2664 pauperum
1311 2596 1429 2661 potentiae
1447 2610 1538 2647 caussa
1554 2610 1583 2647 sa
1600 2596 1652 2661 regi
1665 2595 1795 2650 addidisse

1007 2701 1104 2753 dicebat
1115 2743 1120 2760 ,
1135 2707 1163 2752 ut
1172 2701 1347 2766 prohiberet,si
1358 2701 1415 2765 quis
1428 2714 1540 2765 unquam
1555 2714 1597 2751 res
1610 2698 1684 2751 (latas
1695 2700 1794 2754 auferre

1007 2800 1125 2851 voluisset
1141 2820 1147 2851 ι
1162 2800 1239 2850 satius
1251 2814 1281 2849 ac
1294 2802 1372 2850 tutius
1382 2799 1542 2859 existimans,
1555 2798 1579 2849 si
1592 2798 1666 2850 inulti
1677 2800 1791 2865 exiguam

1007 2903 1146 2965 portionem
1170 2901 1308 2964 acciperent
1327 2905 1352 2951 ct
1382 2913 1454 2965 aequc
1471 2899 1642 2964 possiderent,
1669 2902 1789 2967 quamsi

1007 3000 1085 3049 inulta
1098 3003 1226 3062 sperarent
1246 3003 1271 3051 ct
1282 3000 1397 3051 omnibus
1412 3000 1601 3051 frustrarentur.

1038 3211 1133 3258 inll.
1143 3212 1224 3266 errrm
1234 3210 1309 3273 igitur
1318 3209 1357 3259 bis
1370 3211 1448 3260 cassii
1458 3211 1618 3262 concionibus
1626 3228 1694 3279 saepe
1704 3216 1794 3279 vulgus

1010 3298 1157 3358 flecteretur,
1172 3313 1314 3363 prrrrgressus
1331 3314 1394 3349 unus
1408 3301 1576 3357 tribunorum,
1593 3305 1620 3353 c.
1643 3304 1792 3369 Rabuleius,

1009 3387 1046 3434 vir
1060 3387 1159 3436 mirrimc
1172 3388 1290 3447 stolidus,
1308 3402 1334 3436 aa
1349 3389 1477 3439 corisulum
1488 3388 1619 3440 dissidium
1630 3392 1702 3442 breui
1716 3395 1791 3445 secla·

1007 3477 1107 3535 turum,
1123 3479 1147 3526 et
1163 3476 1243 3540 plebi,
1260 3477 1319 3540 quid
1340 3481 1405 3527 esset
1425 3476 1581 3537 laciendum,
1603 3479 1792 3533 dornonstratu·

1007 3576 1070 3624 rum,
1087 3566 1208 3628 promisit.
1222 3570 1304 3623 Quum
1317 3571 1400 3616 autem
1413 3567 1503 3629 ingenti
1514 3566 1606 3618 rueeel
1624 3570 1792 3622 acclamatum

1008 3651 1110 3713 fuisset,
1128 3656 1194 3704 fracto
1207 3655 1321 3704 silantia:
1343 3674 1354 3697 ιι
1375 3657 1477 3715 Nonne,
1496 3654 1591 3718 iuquit,
1611 3658 1699 3721 Cassi,
1714 3662 1793 3724 atque

1011 3760 1023 3785 ι
1039 3745 1081 3804 tu,
1096 3744 1202 3807 Virgini,
1217 3744 1344 3806 bercingis
1359 3750 1415 3793 sunt
1428 3744 1509 3808 capita
1524 3761 1529 3789 :
1542 3759 1665 3807 nnuman
1677 3762 1737 3812 ager
1746 3764 1792 3813 pu-

1009 3831 1115 3882 ablieus
1132 3833 1224 3882 uiritim
1242 3832 1274 3882 sit
1293 3833 1457 3895 dividendus,
1481 3834 1601 3895 alterum,
1618 3850 1649 3886 an
1662 3839 1744 3888 latini
1763 3843 1789 3887 et

1009 3942 1019 3962 ιι
1036 3923 1132 3971 llcrnici
1142 3922 1166 3970 in
1179 3926 1274 3984 partem
1285 3923 1338 3971 aius
1348 3924 1397 3972 sint
1407 3924 1573 3975 admittendi?
1586 3946 1598 3968 ιι
1609 3929 1693 3984 Quum
1703 3933 1789 3979 aulem

1008 4010 1043 4059 illi
1063 4012 1156 4061 assensi
1173 4014 1278 4061 essent:
1306 4014 1473 4077 «Erigitur,
1498 4015 1587 4083 inquit,
1630 4023 1673 4076 tu,
1701 4018 1788 4077 Cassi,

1010 4117 1022 4142 ιι
1038 4099 1075 4148 ris
1087 4100 1135 4148 lmc
1147 4102 1279 4163 utrumque
1297 4102 1380 4164 populi
1401 4103 1525 4167 suffragiis
1544 4103 1633 4155 sanciri
1648 4119 1654 4149 ι
1669 4109 1697 4154 tu
1710 4119 1783 4164 reru,

1009 4208 1021 4231 ιι
1034 4190 1139 4253 Virgini,
1155 4190 1267 4253 pcrdcus
1282 4191 1399 4252 olisecru,
1414 4193 1454 4243 die
1472 4195 1559 4256 uobis,
1580 4199 1665 4244 utrum
1679 4194 1781 4245 alteram

1009 4300 1021 4321 ιι
1036 4280 1130 4328 tantum
1142 4279 1218 4329 Cassii
1229 4280 1356 4328 seriturrliac
1368 4285 1471 4342 partera,
1483 4297 1538 4344 qrrae
1551 4284 1671 4333 adsocies
1683 4283 1778 4335 attinet.

1010 4388 1020 4410 ι
1034 4368 1148 4429 abrogas,
1158 4368 1298 4417 existimans
1309 4370 1454 4420 licrnirosct
1467 4374 1596 4423 latinusia
1605 4372 1721 4421 diuisione
1732 4384 1778 4420 uo-

1009 4477 1020 4499 «
1034 4456 1072 4505 bis
1087 4473 1134 4505 aon
1145 4471 1198 4507 essu
1212 4457 1364 4518 recreandos?
1382 4473 1412 4507 aa
1432 4461 1506 4509 eliam
1528 4462 1630 4512 aiteram
1641 4458 1778 4522 improbas,

1008 4568 1020 4587 «
1034 4561 1144 4601 ccrrscns,
1161 4560 1190 4595 ne
1200 4546 1270 4594 rrrtltis
1283 4547 1381 4608 quidam
1393 4548 1526 4599 dividenda
1540 4566 1579 4612 cn,
1594 4551 1714 4617 quaesunt
1730 4563 1780 4612 pu·

1008 4654 1019 4674 «
1035 4633 1114 4682 blica?
1126 4633 1156 4682 ad
1179 4635 1225 4683 troc
1238 4634 1301 4682 enim
1316 4636 1376 4684 milri
1389 4638 1509 4700 responde
1519 4677 1524 4696 ,
1536 4640 1571 4688 nil
1583 4639 1752 4689 dissimulans.
1769 4661 1781 4684 υ

1007 4730 1089 4782 Quum
1099 4729 1182 4773 aratam
1192 4724 1317 4786 t'irginias
1333 4727 1515 4789 respondisset:
1529 4752 1539 4772 Ιι
1553 4731 1627 4780 Seilli
1636 4731 1781 4784 Latinorum

1006 4815 1218 4877 Hernicorumque
1231 4815 1350 4877 portionis
1365 4818 1528 4880 corpalatium
1542 4821 1725 4883 contradicere,
1737 4823 1781 4871 sed

1005 4906 1109 4963 civibus,
1124 4905 1144 4953 si
1156 4903 1271 4953 ommibus
1283 4905 1416 4962 videratur,
1432 4922 1503 4966 apros
1512 4908 1590 4958 dividi
1601 4911 1754 4974 permittere,
1768 4936 1779 4951 ιι

1005 4994 1131 5047 tribanus.
1158 4991 1190 5042 aul
1210 4993 1308 5041 inritam
1333 5007 1483 5053 corruersus,
1507 4997 1606 5059 irrrprit:
1629 5019 1640 5041 ι
1655 4996 1779 5056 Quoniam

1005 5103 1017 5125 ιι
1033 5083 1110 5146 fallar
1116 5083 1194 5131 altera
1203 5081 1332 5130 sententian
1342 5095 1400 5144 pairs
1410 5086 1553 5135 normalibus
1561 5086 1779 5150 arrrbobusplacet,

1005 5190 1018 5215 ιι
1031 5171 1109 5222 altera
1119 5185 1178 5221 vero
1187 5168 1219 5219 ab
1230 5168 1572 5238 alteroirripugrratur,quura
1582 5177 1790 5241 uterquesitpari
