3772 5828
171 361 235 447 ast,

173 504 254 551 «τῶν
275 515 321 550 και
344 491 449 564 πολεις,
465 490 496 557 ἀς
520 487 570 548 iai
591 486 737 563 Ῥωμαίων
764 488 950 569 ἀρηρέθησαν·

174 606 189 636 ιι
206 581 291 644 ἄλλως
304 581 330 638 δὲ
344 578 399 639 οὔτ’
416 579 521 658 εἰρήνην
534 576 592 637 οὔτε
603 577 732 659 φιλότητα
746 575 856 656 βεῦαίαν
870 579 952 659 ῦπόρ·

175 670 254 737 (tietb
279 673 373 735 αὖτοῐς.
423 668 463 726 Τὸ
486 667 537 745 γάρ
561 666 731 741 ἀδικούμενον
759 665 800 725 ἀεὶ
824 666 948 743 πολέμιον

116 808 120 819 .
176 781 191 817 ιι
207 747 272 816 εἶναι
286 762 323 833 τῷ
339 760 538 834 πλημμελοῦντι
548 754 633 835 φύσει.
647 754 750 824 Ἠξίουν
763 777 792 812 τε
807 755 845 831 μὴ
859 778 951 813 κατα-

176 869 191 902 (ι
206 851 303 916 στῆσαι
328 856 393 926 σρᾶς
422 846 457 910 είς
483 843 599 921 ἀνοίγκην
623 843 739 920 πολέμου
766 846 818 902 τῶν
844 843 951 902 δικαίων

177 959 192 994 ιι
208 936 447 1015 ἀποτυγμάνοντας.
462 956 476 989 r

212 1028 249 1086 Χ.
274 1027 320 1091 Ὡς
335 1023 460 1083 δὲταῦτα
485 1013 558 1081 εἶπον
577 1022 601 1080 οί
617 1019 754 1103 aptatae,
784 1019 952 1082 ἔόουλιύοντο

172 1113 241 1171 κατὰ
256 1120 323 1192 spii<
341 1113 365 1169 cl
380 1109 497 1191 σύνεδροι
520 1110 752 1187 μεταστησάμενοι
772 1109 831 1177 τοὺς
846 1111 949 1190 ἄνδρας.

175 1200 227 1261 Ιίαί
242 1199 334 1273 ἐπειδὴ
353 1199 456 1279 ἔκριναν
475 1198 505 1264 t<
528 1197 580 1277 χρὴ
599 1199 751 1280 ἀποκρίσεις
772 1197 950 1277 ποιήσασθαι,

172 1288 329 1355 καλίσαντες
347 1285 440 1354 αὐτοὺς
461 1286 541 1344 πόλιν
560 1288 603 1344 ἐπὶ
620 1285 664 1344 τδν
686 1285 831 1366 σύλλογον,
852 1286 950 1358 ταύτην

172 1376 265 1436 ἔδοσαν
278 1376 326 1449 τὴν
342 1375 489 1452 ἀπόφασιν·
503 1400 515 1426 ιι
529 1376 570 1433 ob
581 1373 716 1432 λανθόνεθ
731 1379 802 1450 ips<
814 1424 822 1453 ,
836 1360 949 1434 doio-

176 1468 327 1542 αλοῦσκοι,
351 1463 438 1543 φιλίας
458 1462 505 1539 μὲν
520 1461 593 1523 οὐδὲν
620 1462 753 1538 διόμενοι,
775 1462 906 1545 πρόφασιν
922 1462 949 1521 δὲ

175 1578 190 1608 ιι
207 1556 325 1632 εὐπρεπῆ
340 1551 432 1610 λαθεῖν
449 1550 601 1629 βουλόμενοι
622 1555 667 1609 τοῦ
682 1550 810 1622 πολέμου.
849 1547 885 1610 *Α
898 1552 950 1632 γάρ

175 1640 283 1711 αήκετε
306 1641 369 1719 παρ’
387 1643 462 1715 ήμῶν
479 1640 668 1714 ἀπαιτοῦντες,
694 1641 781 1706 καλῶς
806 1641 948 1699 ἐπίστασθε

175 1752 190 1783 ιι
207 1730 330 1790 οὐδέποτε
352 1728 510 1809 ληψόμενοι·
532 1728 643 1807 χρήζετε
661 1725 712 1809 γδρ
738 1726 835 1787 ἀδίκων
861 1729 951 1788 τεκαὶ

176 1840 192 1876 ιι
207 1817 351 1879 ἀδυνάτων.
365 1819 400 1877 Ei
411 1816 457 1892 μὲν
472 1806 516 1874 oin
531 1816 618 1881 δόντες
631 1819 693 1892 ἡμῖν
704 1815 737 1874 τὰ
748 1814 844 1895 χωρία,
859 1815 950 1876 ἔπειτα

175 1930 189 1961 ιι
208 1904 351 1981 μεταδόξαν
366 1904 427 1981 ύμῖν
442 1908 487 1961 νῦν
502 1903 653 1975 ἀπαιτεῖτε,
668 1903 798 1985 ἀδικεῖσθε
814 1902 851 1978 μὴ
873 1926 951 1981 κομι-

177 2017 192 2052 ιι
206 1996 322 2073 ζόμενοι·
336 1999 382 2053 νῦν
399 1993 425 2052 δὲ
443 1993 552 2073 πολέμῳ
565 1992 746 2072 ἀφαιρεθέντες
760 1991 847 2050 οὐκέτι
863 1995 949 2051 αὐτῶν

177 2086 278 2151 ιιόντες
308 2084 392 2164 κύριοι
422 2083 536 2141 ἀδικεῖτε
558 2084 609 2138 τῶν
637 2079 781 2157 ἀλλοτρίων
808 2078 948 2160 ι’ριίμενοι.

179 2197 192 2231 ιι
208 2172 302 2248 Ἡμεῖς
316 2172 344 2228 δὲ
364 2169 506 2249 κρατίστας
525 2167 662 2247 ἡγούμεθα
677 2167 795 2239 κτήσεις,
809 2168 840 2233 ἀς
853 2167 885 2227 ἂν
897 2193 949 2228 πο-

178 2282 192 2315 ιι
207 2258 280 2335 λέμιρ
303 2256 482 2335 κρατήσαντες
502 2254 643 2329 λόόύιμεν·
666 2252 724 2309 οὔτε
748 2253 848 2329 πρῶτοι
866 2272 949 2307 κατα·

177 2369 191 2404 ιι
207 2344 367 2419 στησάμενοι
393 2342 472 2418 νόμον
501 2344 590 2414 τόνδε,
611 2338 670 2399 οὔτε
700 2338 775 2398 αὐτὸν
804 2336 948 2415 ἀνθρώπων

177 2430 345 2510 «ἡγούμενοι
361 2421 427 2489 εἶναι
441 2431 541 2507 μᾶλλόν
555 2455 583 2490 τε
598 2427 686 2509 ἢοῦχί
701 2431 780 2486 θεῶν·
792 2425 946 2492 ἅπαντάςτε

693 354 861 415 DIONYSII
883 356 1262 422 HALlCARNASSENSlS

1007 519 1019 544 ιι
1035 498 1091 563 pide
1111 514 1125 549 a
1147 503 1262 553 ttomcuis
1284 504 1369 567 crepta
1384 504 1522 569 reciperent
1540 520 1546 550 ι
1571 506 1642 556 aliter
1660 520 1721 555 roro
1739 521 1790 557 nec

1007 608 1019 632 ι
1035 601 1134 652 pacem,
1144 603 1189 640 uec
1202 591 1337 642 amicitiam
1347 606 1403 643 cum
1415 593 1475 658 ipsis
1485 595 1578 646 firmam
1591 595 1651 644 tere.
1686 599 1790 646 lt'atura

1006 696 1018 719 ι
1030 675 1093 725 enim
1106 676 1140 726 ita
1150 684 1319 743 comparatum
1330 694 1398 742 esse,
1413 685 1441 732 ut
1451 683 1480 742 ei,
1493 683 1536 745 qui
1550 684 1662 734 iniuriam
1676 687 1787 748 patitur,

1006 785 1018 808 ιι
1032 764 1148 816 iniuriam
1164 767 1256 818 taciens
1271 770 1303 819 sit
1315 783 1412 834 semper
1428 768 1523 820 bostis:
1538 773 1707 836 rogabantque
1722 789 1787 831 eos,

1007 873 1018 899 ιι
1032 867 1063 904 ne
1077 854 1123 904 sibi
1133 853 1192 905 belli
1203 858 1373 908 necessitatem
1391 858 1545 923 imponerent
1560 875 1644 911 rerum
1657 862 1788 915 iustarum

1007 943 1156 1007 «repulsam
1175 944 1317 996 terentibus.
1335 966 1347 989 ιι

1037 1032 1066 1079 x.
1081 1032 1145 1081 Cum
1156 1031 1230 1096 legati
1244 1027 1298 1081 bueo
1310 1031 1440 1095 dixissent,
1454 1037 1544 1099 patres,
1561 1037 1635 1086 itlise
1650 1037 1718 1087 curia
1729 1040 1787 1089 sub·

1005 1117 1096 1180 motis,
1110 1119 1399 1172 intersecousultarunt.
1416 1125 1506 1173 Postea
1523 1139 1592 1185 cum,
1608 1127 1667 1190 quid
1682 1140 1786 1192 respon·

1004 1205 1112 1256 cendum
1122 1208 1205 1269 esset,
1221 1205 1401 1269 decrevissent,
1422 1209 1471 1260 illis
1482 1211 1507 1259 in
1525 1215 1638 1262 senatum
1656 1216 1784 1266 revocatis

1004 1290 1051 1341 boc
1073 1291 1195 1343 dederunt
1217 1306 1363 1358 responsum
1382 1314 1390 1346 ε
1407 1316 1419 1340 ι
1441 1299 1497 1347 tlon
1522 1298 1582 1348 latet
1603 1313 1662 1357 nos,
1684 1303 1785 1359 l'olsci.

1007 1378 1166 1430 «amicitiam
1185 1380 1285 1443 quidem
1304 1396 1319 1432 a
1336 1383 1407 1433 robis
1427 1399 1476 1434 nou
1493 1387 1562 1450 peti,
1584 1387 1628 1438 sed
1648 1389 1786 1452 speciosam

1005 1489 1017 1506 ιι
1032 1466 1088 1517 belli
1109 1467 1262 1520 occasionem
1281 1472 1367 1534 queri.
1401 1474 1462 1522 Nam
1475 1487 1533 1537 quae
1553 1476 1652 1526 anobis
1671 1481 1786 1541 petentes

1006 1575 1018 1597 ιι
1036 1553 1085 1604 buc
1099 1553 1213 1616 venistis,
1224 1557 1300 1621 probe
1319 1558 1387 1608 scitis
1400 1573 1445 1609 ros
1457 1575 1582 1624 uunquam
1597 1564 1784 1626 impetraturos.

1007 1665 1018 1687 ιι
1035 1643 1168 1695 l‘ostulalis
1181 1645 1246 1695 euim
1266 1646 1350 1710 iniqua
1364 1650 1390 1697 et
1403 1661 1460 1711 qum
1475 1648 1527 1698 ficri
1540 1664 1589 1700 uon
1610 1658 1724 1715 possunt.
1760 1657 1785 1704 si

1007 1754 1019 1776 ιι
1036 1732 1102 1781 onim
1119 1732 1189 1782 nobis
1205 1735 1295 1798 oppida
1306 1734 1451 1799 dedissetis,
1464 1740 1550 1800 postea
1568 1739 1710 1802 {mallentin
1722 1746 1786 1794 moti

1006 1839 1019 1861 ιι
1035 1832 1065 1868 ea
1079 1819 1236 1881 repeteretis,
1254 1825 1320 1871 certe
1332 1821 1421 1873 iniuria
1438 1824 1508 1874 robis
1518 1825 1596 1887 fieret,
1611 1826 1658 1876 nisi
1675 1842 1705 1879 ea
1717 1831 1785 1881 reci·

1006 1926 1018 1948 ιι
1031 1905 1215 1969 permistione
1229 1921 1288 1958 rero
1300 1910 1353 1960 iure
1367 1911 1424 1961 belli
1436 1912 1466 1961 iis
1483 1913 1600 1976 spoliati,
1615 1927 1672 1965 cum
1686 1918 1785 1969 nullum

1005 2011 1017 2033 ιι
1033 1991 1139 2055 arnplius
1160 1991 1184 2041 in
1196 2005 1225 2041 eo
1247 1992 1383 2044 dominium
1406 1995 1533 2059 babeatis,
1552 1999 1665 2051 iniuriam
1685 2003 1783 2065 facitis,

1005 2100 1017 2123 ιι
1030 2078 1074 2142 qui
1089 2090 1129 2127 res
1145 2077 1237 2128 alicnus
1248 2081 1378 2144 appetatis.
1413 2085 1464 2134 Nos
1478 2086 1544 2136 enim
1561 2087 1708 2141 iustissimas
1720 2106 1784 2155 pos·

1005 2164 1156 2216 «sessiones
1178 2165 1292 2217 ducimus
1312 2182 1374 2232 quas
1403 2172 1480 2222 armis
1506 2174 1609 2225 victores
1635 2179 1780 2240 quissimus,

1005 2276 1016 2297 ιι
1032 2265 1110 2317 neque
1124 2251 1197 2316 primi
1209 2266 1264 2304 eam
1278 2255 1356 2319 legem
1370 2258 1563 2323 constituentes,
1577 2275 1684 2314 neceam
1697 2264 1778 2316 bomi-

1005 2365 1017 2389 «
1032 2355 1091 2393 uum
1112 2341 1205 2405 potius,
1229 2356 1305 2406 quam
1324 2344 1428 2397 deorum
1450 2346 1629 2413 existimantem
1652 2355 1696 2404 sed
1720 2370 1780 2408 cum

1005 2452 1016 2475 ιι
1032 2442 1118 2481 omnes
1130 2432 1183 2479 tam
1197 2433 1299 2481 Graecos
1312 2446 1387 2496 quam
1403 2435 1524 2489 barbaros
1542 2438 1587 2490 bae
1600 2442 1637 2492 uti
1655 2443 1781 2511 sciamus,

176 2522 380 2594 ακαιἝλληνας
392 2520 436 2579 καὶ
450 2519 595 2600 βαρύάρους
606 2517 699 2584 εἰδότες
710 2518 780 2594 αὐτῷ
787 2514 949 2595 χρωμένους,
973 2524 976 2577 1
1004 2541 1016 2563 ιι
1031 2518 1092 2569 nilul
1102 2518 1209 2568 molliter
1220 2518 1291 2570 robis
1304 2523 1473 2587 remittemus,
1488 2540 1533 2578 uec
1543 2530 1616 2580 rebus
1630 2530 1695 2582 betto
1711 2549 1781 2598 qum·

178 2635 192 2669 ιι
208 2615 255 2671 οὐκ
267 2611 299 2668 ἂν
314 2610 449 2687 ἐνδοίημεν
463 2614 523 2685 ὑμῖν
535 2609 654 2684 μαλακὸν
665 2607 748 2678 οὐδὲν,
769 2606 824 2663 οὐδ’
837 2603 868 2662 ἀν
883 2605 949 2661 ἀπο·
1004 2639 1017 2662 ιι
1032 2618 1086 2670 sitis
1100 2617 1225 2669 cedemus.
1252 2622 1340 2683 ltlagna
1353 2619 1419 2672 enim
1431 2625 1496 2674 esset
1508 2625 1620 2690 ignaria,
1638 2630 1660 2679 si
1670 2632 1728 2694 quis
1742 2647 1784 2684 res

178 2723 192 2756 ιι
208 2698 335 2774 σταίημιν
351 2699 389 2757 ἔτι
409 2701 461 2755 τῶν
479 2698 654 2775 δορυκτήτων,
673 2694 764 2766 Πολλὴ
792 2693 843 2775 γὰρ
858 2696 889 2752 ἀν
907 2690 948 2763 εἴη
1004 2729 1016 2751 ιι
1032 2708 1124 2758 uirtute
1138 2711 1164 2759 et
1177 2708 1321 2760 tortitudine
1336 2715 1438 2774 perlae,
1451 2727 1495 2778 per
1505 2720 1598 2766 metum
1612 2721 1639 2768 et
1650 2720 1783 2772 stultitiam

178 2786 333 2858 ιικακότης,
343 2786 367 2845 εί
375 2786 508 2862 τιςᾶμετ’
519 2785 665 2865 ἀρετῆςκαλ
681 2783 800 2865 ἀνδρείας
808 2782 947 2854 ἐκτήσατο,
1004 2818 1016 2841 ιι
1031 2797 1165 2847 arnitterel.
1198 2798 1294 2848 Nullam
1315 2804 1400 2850 autem
1420 2800 1526 2852 bellandi
1541 2804 1609 2853 vobis
1630 2806 1714 2856 inritis
1735 2824 1782 2859 ne-

105 2894 107 2899 ’
179 2900 193 2935 ιι
209 2880 291 2934 ταῦτα
311 2875 361 2933 ὑπὸ
377 2875 478 2954 μωρίας
491 2899 519 2933 τε
539 2874 583 2933 καί
599 2873 696 2940 δειλίας
715 2871 873 2953 ἀραιρεθείν.
892 2871 945 2928 [Io-
973 2949 982 2971 Ι.
1004 2906 1015 2928 ιι
1032 2885 1172 2934 cessitatem
1195 2884 1359 2948 imponimus,
1381 2900 1427 2938 nec
1444 2888 1466 2938 si
1478 2892 1507 2938 ιἰι
1525 2889 1554 2939 id
1576 2894 1688 2955 propensi
1701 2896 1779 2951 estis,

180 2986 193 3020 u
206 2965 295 3040 λεμεῖν
307 2988 336 3023 τε
349 2961 408 3022 ούτε
421 2965 458 3040 μή
475 2962 646 3041 βουλομένους
666 2962 732 3037 ὐμθς
751 2962 944 3037 ἀναγκάζομεν,
973 2982 975 3035 3
1004 2993 1015 3013 ιι
1030 2970 1191 3035 deprecamur
1207 2969 1269 3020 :sed
1283 2971 1305 3021 si
1317 2973 1411 3038 priores
1421 2973 1511 3024 bellum
1522 2974 1667 3036 intuleritis,
1682 2979 1779 3029 illatum

179 3077 193 3111 ιι
212 3050 269 3111 οὔτε
280 3052 510 3132 προθυμουμένους
522 3052 730 3129 παραιτούμεθα,
742 3048 772 3107 ἀν
784 3051 807 3106 δ’
823 3047 944 3126 ἄρξησθε,

1005 3085 1016 3106 ι
1033 3063 1238 3127 propulsabimus.
1274 3063 1332 3111 llaec
1344 3060 1437 3111 Volscis
1449 3063 1593 3122 renuntiate,
1607 3067 1633 3115 et
1644 3065 1729 3127 dicite,
1747 3069 1777 3117 il-

179 3140 389 3219 «ἀμυνούμεθα.
433 3143 527 3200 Ταῦτα
560 3141 734 3205 Οὐολούσκοις
767 3134 945 3212 ἀπαγγέλλετε
973 3094 976 3195 ί
1004 3172 1016 3193 ιι
1030 3151 1067 3199 los
1082 3149 1174 3212 priores
1184 3163 1252 3198 arma
1265 3151 1479 3212 sumptums,uos
1492 3163 1550 3199 uero
1564 3152 1714 3215 posteriores
1728 3156 1775 3206 de-

180 3253 194 3288 ιι
209 3234 254 3291 καί
274 3231 379 3308 λέγετε,
407 3230 446 3288 ὅτι
468 3230 596 3308 λήψονται
618 3227 664 3306 μὲν
681 3227 801 3307 πρότεροι
823 3223 857 3282 τίι
875 3221 945 3280 όπλα

179 3343 195 3380 (ι
211 3322 312 3393 ἐκεῖνοι,
332 3319 445 3393 θήσομεν
461 3320 482 3377 δ’
500 3324 576 3393 ἡμεῖς
591 3318 703 3389 ὕστεροι.
719 3340 734 3373 u

210 3411 260 3470 xl.
286 3405 393 3469 Ταύτας
407 3406 430 3460 σί
442 3399 565 3480 πρίσόεις
579 3399 626 3465 τάς
646 3399 797 3478 ἀποκρίσεις
813 3399 946 3477 λαθόντες,

120 3501 146 3535 ’5
172 3496 334 3573 ἀπήγγειλαν
354 3497 391 3551 τῶ
414 3492 508 3560 πλήθει
524 3491 575 3545 τῶν
596 3488 780 3546 Οὐολούσκων.
842 3491 946 3570 Συναχ-

171 3586 257 3655 θείσης
280 3572 328 3642 σύν
350 3586 422 3645 αυθις
449 3576 589 3648 ἐκκλησίας
624 3578 690 3652 μετὰ
713 3583 790 3637 τοῦτο
822 3585 945 3656 κυροῦται

171 3672 256 3749 δόγμα
271 3670 355 3729 κοινὸν
369 3673 414 3727 τοῦ
428 3668 514 3731 ἔθνους
528 3673 662 3745 προειπεῖν
678 3665 823 3743 Ῥωμαίοις
841 3665 884 3725 τὸν
895 3669 944 3728 πό-

170 3761 259 3834 λεμον.
303 3756 408 3816 Ἔπειθ’
424 3757 556 3833 αἱροῦνται
574 3753 733 3831 στρατηγούς
752 3756 945 3836 αὐτοκράτορας

169 3853 215 3904 τοῦ
230 3848 356 3923 πολέμου,
378 3846 482 3905 Τύλλιον
500 3842 587 3901 τεκαὶ
612 3844 753 3922 Μάρκιον,
781 3845 902 3920 δυνάμεις
917 3873 944 3908 τε

169 3936 323 4013 ψηφίζονται
339 3934 516 4013 καταγροίριιν
544 3934 588 3989 καί
609 3933 736 4012 χρήματα
751 3934 877 4013 εἰσφέρειν
899 3938 943 3994 καὶ

169 4022 254 4080 τάλλα
267 4023 535 4100 παρασκευάσασθαι,
552 4019 619 4078 όσων
633 4020 818 4096 ύττελάμύανον
841 4021 942 4093 δεήσειν

168 4114 206 4189 τῷ
218 4109 335 4188 πολέμῳ.
354 4112 510 4181 Μελλούσης
524 4110 551 4168 δὲ
568 4107 719 4167 διαλύεσθαι
735 4113 781 4181 τῆς
801 4110 943 4181 ἐκκλησίας

169 4200 282 4263 ἀναστὰς
296 4204 310 4256 ό
327 4200 445 4277 θίάρκιος
457 4199 514 4280 ἔφη·
528 4228 539 4253 ι
553 4197 585 4258 Ἃ
599 4195 647 4273 μὲν
660 4196 802 4278 ἐψήρισται
813 4198 843 4257 τδ
857 4202 942 4260 κοινὸν

171 4315 183 4339 ιι
200 4291 289 4362 ὑμῶν,
316 4287 370 4365 ἔχει
386 4289 485 4360 καλῶς,
507 4289 552 4346 καί
573 4287 683 4364 γινέσθω
703 4287 770 4346 κατδι
790 4288 833 4348 τόν
848 4295 941 4352 οἰκεῖον

111 4400 137 4437 45
170 4402 182 4426 ιι
201 4378 301 4433 ἕκαστα
319 4376 416 4451 καιρόν.
457 4374 661 4453 Ἐνόσῳδὲτδι
677 4375 862 4454 στρατεύματα
878 4382 942 4455 με’λ-

170 4492 182 4515 ιι
199 4465 257 4521 λετε
274 4463 451 4542 καταγραῖρειν
473 4464 518 4523 καί
534 4465 608 4522 τᾶλλ’
625 4464 782 4543 εὐτρεπίζειν
798 4466 888 4532 ἕξοντά
905 4494 942 4526 τι.

169 4579 181 4602 ιι
199 4576 244 4618 νας
260 4551 350 4628 ὥσπερ
366 4551 432 4616 είκύς
448 4551 572 4631 ἀσχολίας
590 4550 634 4609 καί
648 4551 801 4628 διατριύάς,
826 4555 877 4632 ἐγὼ
896 4556 941 4615 καί

168 4668 180 4691 ιι
198 4639 300 4706 Τύλλος
319 4640 395 4717 ἔργου
412 4640 538 4717 ἐχόμεθα.
581 4637 674 4706 “Oeam
691 4633 734 4700 σύν
754 4647 827 4716 ὑμῶν
846 4645 938 4722 βουλο-

168 4756 178 4779 ιι
199 4730 284 4804 μένοις
313 4730 369 4787 ἐστὶ
390 4734 568 4806 προνομεῦσαι
592 4729 639 4800 τήν
665 4735 717 4790 τῶν
738 4731 870 4806 πολεμίων
896 4733 940 4790 καί

124 4836 150 4874 ου
167 4844 179 4868 ιι
197 4818 295 4888 πολλήν
318 4815 494 4888 ἀπονίμεσθαι
519 4816 606 4886 λείαν,
632 4817 672 4876 ίτε
699 4820 744 4878 σύν
761 4824 836 4894 ἡμῖν.
854 4821 939 4880 Ὑπο-

167 4931 178 4954 ιι
196 4907 306 4985 δέχομαι
324 4910 345 4965 δ’
363 4911 439 4984 ὑμῖν,
460 4907 503 4966 ε’ἀν
529 4906 583 4974 θεὸς
607 4908 746 4986 συλλοίύη,
768 4907 867 4975 πολλδις
894 4909 938 4968 καί

166 5020 178 5044 κ
199 4996 284 5061 καλὰς
304 4997 395 5055 δώσειν
418 4995 555 5076 ὠρελείας.
597 4993 659 5052 'Eri
684 4995 734 5072 γὰρ
759 4997 938 5073 ἀπαράσκευοί

164 5110 175 5133 ιι
197 5085 246 5140 είσι
264 5079 392 5158 Ῥωμαῖοι
410 5086 520 5159 δύναμιν
536 5082 609 5142 ούπω
625 5091 813 5151 συνεστηκυῖαν
830 5088 937 5163 ὁρῶντες

161 5200 175 5224 ιι
194 5172 333 5253 ὑμετέραν.
376 5170 458 5231 Ὦστ’
475 5176 555 5238 ἀδεῶς
569 5173 633 5248 ἡμῖν
647 5168 755 5247 ύπαίρξει
769 5178 856 5228 πᾶσαν
872 5173 935 5245 όσην

1005 3258 1016 3279 ιι
1031 3230 1161 3299 posituros.
1183 3256 1194 3278 ιι

1034 3411 1076 3459 xl.
1095 3408 1248 3473 Legati-baec
1260 3423 1379 3473 responsa
1390 3414 1490 3477 accepta
1502 3412 1534 3462 ad
1549 3415 1696 3467 volscorum
1710 3433 1779 3471 rem-

1001 3492 1124 3558 publicam
1139 3493 1284 3544 retulerunt.
1320 3498 1414 3546 llursus
1429 3497 1502 3561 igitur
1514 3502 1648 3550 convocato
1665 3506 1780 3566 concilio,

1001 3586 1086 3644 postca
1100 3580 1131 3630 dc
1143 3577 1266 3628 communi
1278 3577 1357 3639 gentis
1367 3581 1489 3631 sententia
1501 3581 1629 3634 decretum
1640 3590 1678 3635 est
1689 3591 1782 3653 populo

1001 3668 1110 3714 llornauo
1126 3662 1216 3712 bellum
1237 3659 1354 3711 indicere.
1388 3662 1483 3714 Deinde
1498 3665 1598 3716 Tullum
1616 3671 1641 3717 ct
1656 3671 1779 3724 Marcium

1000 3750 1076 3799 duces
1087 3746 1227 3812 clegerunt,
1241 3742 1272 3791 ad
1290 3757 1353 3806 quos
1370 3745 1448 3794 totius
1467 3745 1524 3797 belli
1543 3761 1665 3800 summam
1684 3753 1781 3806 detule-

999 3839 1071 3896 ruut3
1091 3840 1115 3884 ct
1132 3835 1308 3891 decreverunt,
1324 3835 1353 3882 ut
1366 3831 1443 3896 sopire
1458 3832 1680 3896 conscriberentur,
1700 3841 1725 3886 et
1739 3852 1781 3902 pe

998 3920 1077 3969 cuniae
1089 3919 1269 3978 conferrentur,
1280 3920 1307 3968 et
1318 3931 1358 3966 res
1377 3919 1466 3967 cetere)
1485 3922 1639 3979 pararentur,
1654 3934 1779 3982 quascun-

998 4018 1046 4069 que
1060 4004 1091 4054 ad
1102 4018 1164 4054 usus
1174 4003 1275 4053 bellicos
1289 4002 1439 4052 necessarias
1452 4002 1503 4051 tore
1520 4002 1702 4056 existimabunt.
1716 4008 1779 4058 Cum

998 4092 1080 4139 sutem
1091 4088 1141 4138 ium
1153 4089 1314 4140 dimittendus
1328 4091 1394 4139 esset
1409 4089 1553 4147 conventus,
1566 4101 1697 4152 assurgens
1711 4095 1779 4143 blar-

996 4175 1049 4225 cius
1071 4174 1107 4225 sic
1124 4175 1222 4226 loculus
1245 4177 1305 4225 cst:
1324 4194 1336 4217 ι
1353 4176 1416 4231 Quen
1430 4171 1456 4220 iu
1478 4172 1527 4221 isto
1547 4173 1651 4221 concilio
1668 4179 1778 4225 arestra

998 4280 1009 4302 ιι
1027 4261 1150 4324 republica
1168 4263 1268 4312 decreta
1286 4263 1356 4321 sunt,
1368 4257 1429 4307 benc
1445 4270 1472 4306 se
1486 4255 1592 4319 babent,
1606 4262 1631 4308 ct
1649 4273 1775 4321 suoqucu·

997 4370 1009 4393 ι
1026 4363 1074 4412 que
1084 4350 1142 4400 liant
1152 4354 1268 4414 tempore.
1301 4346 1349 4400 Sed
1366 4345 1481 4407 iuterim,
1497 4345 1557 4395 dum
1569 4343 1692 4395 exercitus
1703 4359 1776 4394 cons·

997 4455 1008 4476 ιι
1026 4435 1165 4495 cribeutur,
1187 4440 1213 4485 ot
1236 4436 1283 4484 ulia
1305 4431 1473 4497 parabuntur,
1496 4445 1554 4494 qum
1575 4433 1617 4493 (ut
1642 4430 1776 4482 uerisimile

996 4536 1008 4558 ιι
1025 4521 1078 4577 est)
1091 4519 1142 4567 siue
1159 4519 1241 4581 aliquo
1256 4518 1353 4582 negotio
1364 4521 1389 4566 et
1402 4529 1472 4564 more
1486 4515 1567 4578 parari
1584 4529 1630 4564 uon
1645 4518 1774 4577 murum,

997 4620 1007 4642 ιι
1023 4614 1067 4661 ego
1082 4605 1107 4650 ct
1126 4602 1211 4650 Tullus
1234 4616 1285 4652 rem
1309 4599 1485 4665 aggrediemur.
1520 4599 1568 4654 Qui
1593 4598 1667 4661 igitur
1688 4614 1776 4661 ugrum

996 4704 1007 4726 ι
1025 4683 1137 4732 hostilem
1155 4684 1313 4749 depopulari,
1337 4685 1495 4749 'tradamque
1517 4682 1638 4746 ingentem
1661 4683 1717 4732 luctu
1736 4700 1777 4735 re·

996 4788 1007 4811 ιι
1025 4771 1122 4829 portare
1147 4771 1265 4834 cupiunt,
1290 4771 1419 4820 nobiscum
1437 4770 1543 4819 veniant.
1571 4762 1689 4818 eurtum
1710 4771 1775 4818 enim

996 4876 1007 4898 ιι
1023 4855 1092 4904 vobis
1107 4854 1170 4914 (deo
1193 4857 1307 4918 sauciato)
1320 4871 1360 4906 me
1374 4870 1486 4917 magnam
1503 4860 1528 4904 et
1546 4855 1653 4918 opiumm
1666 4855 1774 4918 praedam

995 4957 1006 4978 «
1024 4937 1093 4986 rubis
1106 4938 1241 4991 daturum:
1257 4939 1336 4988 adbuc
1361 4939 1426 4987 enim
1449 4939 1550 4988 llomaui
1568 4944 1626 4988 suut
1647 4939 1772 5002 imparati,

996 5039 1007 5061 ιι
1023 5021 1090 5082 quod
1111 5023 1190 5072 nullas
1206 5023 1265 5071 dum
1280 5025 1376 5071 nostras
1396 5024 1479 5085 copias
1496 5022 1520 5071 in
1541 5037 1619 5072 uuum
1635 5026 1775 5072 contractas

996 5125 1008 5147 ιι
1025 5107 1116 5155 rident.
1153 5111 1238 5169 ltaque
1266 5119 1352 5154 corum
1383 5108 1434 5169 agri
1456 5111 1578 5169 quantum
1605 5108 1771 5167 uoluerimus,

998 5202 1009 5226 ι
1027 5186 1078 5236 siue
1096 5187 1146 5236 ullo
1164 5190 1232 5237 ructu
1251 5198 1396 5248 percurrere
1411 5186 1501 5237 licebit.
1520 5207 1531 5228 ι
