3772 5828
177 303 236 363 ait

178 466 190 491 ι
205 437 263 514 μετ’
279 434 383 496 Αἰνείου
404 434 612 503 συναναστάντες
634 437 665 496 ἐκ
685 441 732 508 τῆς
747 436 834 508 Ἀσίας
850 441 886 505 είς
907 438 955 511 τλν

178 552 190 580 ι
206 524 354 606 Εὐρώπην,
378 527 405 582 ἐν
420 529 452 603 τῆ
476 524 595 586 Λατίνων
617 529 652 606 γῇ
673 525 749 586 πόλιν
763 525 873 607 ᾤκισαν·
890 530 914 587 ni
929 526 957 587 δέ

180 646 192 671 ι
207 617 315 698 ὕστερον
326 619 352 688 ἐξ
364 617 464 684 'antae
477 617 638 685 ἀναστάντες
653 616 797 691 Ῥωμύλου
812 619 860 694 τῆν
878 623 958 682 ἀποι-

181 734 193 759 a
209 705 269 765 κίαν
281 706 387 783 ἀγοντος
399 707 426 764 ἐν
440 707 522 772 τοῖςδε
535 708 588 773 τοῖς
601 705 690 774 τόποις
701 705 843 788 ἱδρύσαντο
854 707 903 782 τῆν
914 711 959 790 tp'

138 808 152 847 ο
182 824 194 847 ι
209 799 285 872 ἡμῶν
301 795 502 871 ἐκλειπομένην.
519 791 653 874 Ὑπάρχει
665 817 692 854 τε
707 799 772 872 ἡμῖν
787 796 897 875 δύναμις
911 799 959 857 οὒκ

181 911 193 939 ι
209 885 290 964 ὀλίγῳ
302 883 399 942 πλείων
413 884 491 957 μόνον
499 884 547 953 τῆς
557 881 664 949 ἰκτίνοις
674 882 823 961 γινομένης,
833 885 902 946 ἀλλά
911 885 959 945 καί

180 1001 193 1027 ι
207 972 368 1053 τριπλασία,
381 970 427 1029 καὶ
442 969 572 1049 πρόφασις
597 971 748 1051 δικαιοτέρα
764 977 810 1044 τῆς
826 998 958 1051 μετανασ·

180 1091 192 1114 ι
207 1062 366 1128 τάσεως.οί
381 1059 428 1136 μέν
441 1064 467 1138 γ’
477 1058 503 1128 ἐξ
512 1059 591 1120 Ἰλίου
610 1059 820 1136 μεταναστάντες
839 1063 891 1122 ὑπὸ
904 1087 957 1124 πο-

180 1150 306 1226 ιλεμίων
324 1147 507 1227 ἐξηλαύνοντο,
527 1152 604 1225 ἡμεῖς
619 1146 646 1205 δέ
663 1149 770 1208 αὐτόθεν
789 1150 841 1210 barb
864 1151 957 1233 pilus·

128 1261 153 1299 ro
180 1240 380 1320 νίλεεινότερον
395 1237 423 1296 δὲ
439 1239 523 1311 δήπου
542 1239 572 1295 τὸ
591 1236 656 1318 πρός
674 1243 726 1297 τῶν
745 1238 846 1297 οἰκείων
867 1240 885 1312 ῆ
906 1243 958 1300 τῶν

179 1357 191 1380 ι
207 1331 351 1408 ἀλλοτρίων
366 1328 529 1388 ἐλαύνεσθαι.
538 1328 574 1385 Ol
584 1325 611 1384 δὲ
629 1323 764 1406 Ῥωμύλῳ
782 1327 958 1409 συναράμενοι

178 1446 191 1474 ι
206 1424 252 1490 τῆς
265 1417 402 1498 στρατείας
414 1419 457 1477 ἐπὶ
469 1421 507 1499 τῷ
517 1415 667 1488 κτήσασθαι
675 1415 865 1496 κρείττοναγῆν
877 1422 958 1500 ύπερ·

179 1535 191 1558 ι
206 1509 273 1566 εἶδον
288 1510 335 1577 τῆς
361 1505 495 1585 πατρῴας·
525 1510 603 1580 ἡμεῖς
626 1503 654 1563 dl
669 1502 712 1562 τόν
728 1504 822 1563 ἀπολιν
845 1505 890 1566 καί
911 1507 957 1567 τὸν

178 1624 190 1645 ι
206 1595 324 1655 ἀνέστιον
354 1594 504 1662 ἐκλιπόντες
532 1592 603 1671 βίον,
633 1588 694 1650 ούτε
722 1594 788 1658 θεοῖς
815 1591 954 1673 ἐπίφθονον

128 1709 152 1747 ιε
178 1682 264 1742 «οὔτε
297 1683 441 1763 ἀνθρώποις
465 1680 602 1761 λυπηρὰν,
630 1682 689 1739 οὔτε
714 1688 748 1759 γῇ
772 1683 823 1743 τινὶ
849 1689 957 1765 βαρεῖαν

178 1772 349 1851 «στέλλομεν
364 1770 505 1844 ἀποικίαν,
526 1770 627 1849 [ἀλλ’]
646 1770 705 1830 atsi
727 1772 760 1830 δι’
775 1771 887 1850 αἵματος
911 1775 957 1834 καί

178 1886 191 1913 ι
206 1861 290 1942 μόνων
307 1862 440 1943 ἐμρυλίων
462 1861 579 1926 ῖλθόντες
594 1858 660 1938 πρὸς
679 1858 738 1927 τούς
761 1863 958 1931 ἀπελαύνοντας

179 1977 190 2001 ι
205 1955 294 2030 ἡμᾶς,
305 1950 363 2010 atil
379 1949 443 2029 πυρί
457 1950 502 2008 καί
518 1946 618 2029 σιδήρῳ
632 1947 800 2017 κακώσαντες
811 1952 858 2024 τῆν
876 1953 959 2012 ἐκλει-

179 2065 190 2089 ·
205 2039 322 2117 πομίνην
336 2044 403 2117 γῆν,
417 2039 472 2096 οὐδ’
485 2037 551 2096 ἀλλο
571 2035 737 2112 μνημόσυνον
751 2038 823 2097 οὐδέν
850 2038 956 2098 αίωνίου

127 2133 153 2174 2⁰
178 2154 191 2177 ι
216 2128 405 2194 καταλιπόντες
428 2125 541 2205 ἔχθρας,
564 2126 600 2189 ὡς
621 2132 679 2190 ταῖς
694 2126 957 2204 παρεσπονδημέναις

179 2224 300 2295 «φυγαῖς
328 2215 374 2272 καί
402 2217 438 2280 είς
467 2210 629 2282 ἀύουλήτους
656 2213 771 2289 ἀνάγκας
795 2217 955 2274 κατακλεισ-

179 2333 191 2358 ι
206 2303 304 2372 θείσαις
319 2305 374 2370 ἔθος
388 2305 443 2364 ἐστὶ
460 2304 536 2381 δρᾶν.
575 2299 659 2367 erote
678 2304 702 2360 r'
717 2302 957 2383 ἐπιμαρτυράμενοι

180 2422 191 2442 ·
206 2393 252 2452 καί
279 2394 423 2471 δαίμονας,
454 2391 480 2451 οῖ
506 2389 540 2449 rb
570 2389 651 2451 θνητά
674 2390 761 2449 πάντα
787 2393 855 2450 κατδι
883 2393 958 2466 δίκην

180 2482 316 2560 «ἀγουσι,
341 2483 387 2542 καί
411 2479 599 2547 καταλιπόντες
622 2478 727 2547 ἐκείνοις
757 2483 958 2562 ἀναπράξασθαι

127 2583 153 2621 aa
179 2600 191 2624 ι
206 2575 252 2640 τίς
271 2572 338 2654 ὑπὲρ
352 2576 430 2648 ἡμῶν
446 2569 536 2639 δίκας,
560 2567 643 2626 ἐκεῖνο
664 2570 742 2644 μόνον
765 2570 903 2649 ἀξιοῦμεν,
921 2564 958 2642 οἷς

179 2690 191 2715 ιι
207 2664 276 2722 ἐστιν
291 2663 366 2737 ἡμῶν
386 2661 458 2735 ἐντῆ
474 2657 549 2714 πολει
559 2654 639 2714 τέκνα
651 2655 734 2727 νήπια
751 2659 796 2715 καὶ
816 2671 898 2739 γονεῖς
912 2663 958 2722 καί

180 2750 234 2807 aei
256 2772 323 2815 τινες
347 2749 399 2826 ἀρα
426 2748 547 2824 γυναῖκες
569 2749 634 2819 ἡμῖν
654 2743 806 2815 ἐθελήσουσι
827 2760 958 2811 κοινωνεῖν

180 2844 253 2910 ιτῆς
266 2837 363 2918 τύχης,
386 2835 420 2895 τδι
438 2834 541 2912 σώματ’
557 2830 713 2891 ἀπολαύεῖν.
777 2839 871 2896 Ταῦτα
894 2848 958 2918 ἡμῖν

180 2927 314 3008 «ἀπόχρη
335 2925 442 2997 λαόεῖν,
463 2922 508 2981 καὶ
530 2919 728 2988 ούκίτιούδενδς
752 2922 833 2983 ἀλλσυ
848 2927 958 3003 δεόμεθα

127 3022 154 3061 ³0
180 3044 192 3069 ι
208 3020 259 3075 τῶν
276 3018 305 3074 ἐκ
318 3019 363 3086 τῆς
377 3011 512 3088 πατρίδος.
528 3006 598 3067 ’ἀλλ’
614 3009 746 3086 εὐτυχεῖτε
760 3011 805 3069 καί
817 3016 879 3083 ζῆτε
892 3015 957 3093 βίον,

181 3104 235 3163 ιθν
251 3104 283 3163 διν
297 3104 474 3182 προαιρῆσθε,
496 3096 578 3162 ούτως
596 3094 755 3154 ἀπολίτευτα
773 3095 819 3155 καί
843 3102 959 3162 ἀκοινώ-

180 3220 191 3246 ι
207 3217 273 3266 νητα
289 3191 353 3271 πρὸς
368 3187 428 3254 τοὺς
439 3182 636 3262 ταπεινοτέρους
649 3189 810 3263 φρονοῦντες.
825 3215 838 3239 a

219 3283 349 3345 Lxxxi.
376 3277 410 3338 ‘0
425 3275 472 3353 μὲν
489 3274 521 3347 δὴ
536 3275 649 3354 Βροῦτος
663 3270 794 3340 τοιούτους
808 3275 889 3334 είπὼν
912 3279 959 3338 λό-

179 3396 256 3451 γους,
273 3369 417 3430 έπαύσατο·
433 3373 485 3431 τοῖς
509 3365 537 3421 δὲ
555 3366 682 3441 παροῦσιν
715 3365 763 3423 ὅσα
783 3387 810 3422 τε
829 3366 889 3445 περὶ
904 3371 956 3428 τῶν

128 3466 154 3506 ³⁶
181 3461 287 3520 δικαίων
299 3450 370 3517 εἶπεν
385 3457 471 3525 ἀληθῆ
486 3443 551 3510 ε’ίναι
563 3449 665 3524 ἐδόκει,
682 3450 727 3509 καί
738 3449 787 3512 όσα
802 3457 848 3526 τῆς
865 3458 959 3536 ὑπερο-

179 3550 241 3630 ψίας
255 3555 300 3606 τοῦ
322 3542 455 3622 συνεδρίου
468 3539 655 3618 κατηγόρησε,
671 3540 788 3615 μάλιστα
802 3542 826 3600 δ’
837 3545 864 3602 ἐν
878 3536 915 3612 οἷς
928 3548 958 3606 τό

181 3638 296 3718 ἀσραλές
307 3639 359 3695 τῶν
374 3633 518 3709 ὁμολογιῶν
533 3629 608 3687 δόλου
631 3628 727 3705 μεστόν
740 3632 892 3693 ἀπεδείκνυε
911 3637 957 3695 καλ

180 3729 294 3799 ἀπάτης.
341 3722 418 3784 Ἐπεί
439 3721 466 3781 δὲ
480 3720 527 3790 τός
538 3721 625 3800 όύρεις
642 3723 769 3782 τελευτῶν
785 3725 905 3797 διῆλθεν,
927 3724 958 3792 ἀς

180 3806 247 3886 ῆσαν
262 3812 414 3895 θόρισμένοι
429 3810 480 3870 όπδ
497 3814 546 3869 τῶν
559 3812 718 3881 δανειστῶν,
732 3810 841 3871 καὶτῶν
855 3813 957 3873 οἰκείων

127 3935 155 3972 ιιι
180 3903 291 3962 ἕκαστον
312 3903 442 3978 ἀνέμνησε
465 3903 569 3971 κακῶν,
598 3898 680 3967 οὖδείς
701 3890 734 3970 ῆν
750 3901 856 3979 στερρὸς
876 3901 958 3968 οὕτως

180 3992 228 4061 τῆν
250 3992 380 4063 διάνοιαν,
396 3989 423 4055 ὃς
447 3990 493 4048 ούκ
509 3987 621 4067 ἐξεχεῖτο
642 3990 677 4052 είς
704 3985 806 4064 δάκρυα
828 3986 873 4046 καί
894 3993 957 4048 ἀνε-

181 4078 287 4136 κλαίετο
309 4078 355 4144 ade
378 4077 465 4143 κοινάς
484 4075 626 4156 συμφοράς·
648 4073 693 4132 καί
719 4077 792 4132 τοῦτ’
807 4075 853 4133 ούκ
868 4077 955 4143 αὐτοῖς

181 4165 268 4239 μόνοις
294 4165 430 4224 συνέύαινε
458 4171 568 4236 παθεῖν,
588 4160 657 4221 ἀλλά
679 4161 723 4219 καί
744 4165 797 4229 τοῖς
820 4163 894 4241 παρδι
908 4169 956 4235 τῆς

183 4255 278 4335 βουλῆς
297 4253 418 4326 ἥκουσιν.
464 4252 533 4313 Ούδέ
548 4251 599 4331 γάρ
614 4253 638 4310 οἱ
659 4248 781 4330 πρέσόεις
795 4248 829 4309 rt
853 4251 954 4333 δάκρυα

127 4363 153 4400 ευ
180 4345 301 4425 κατέχειν
317 4342 425 4422 ἴσχυον,
444 4342 631 4417 ἐνθυμούμενοι
643 4336 689 4406 τάς
703 4341 733 4397 ἐκ
747 4344 792 4398 τοῦ
809 4342 955 4418 διοικισμοῦ

179 4439 226 4505 τῆς
242 4437 340 4495 πόλεως
356 4432 472 4508 ἀτυχίας·
488 4431 533 4489 καί
548 4427 629 4495 πολύς
643 4419 675 4499 ῆν
695 4429 803 4508 χρόνος,
826 4433 852 4488 ἐν
868 4421 889 4510 ᾧ
904 4454 955 4489 κα-

179 4529 268 4602 τηρεῖς
283 4520 327 4578 καὶ
344 4519 530 4596 δεδακρυμένοι
547 4518 592 4577 καλ
609 4516 636 4575 τί
654 4517 706 4596 χρὴ
725 4516 809 4596 λέγειν
826 4521 956 4597 ἀποροῦν-

178 4636 219 4678 τες
248 4610 413 4680 εἱστήκεσαν.
466 4606 575 4678 Ἐπειδὴ
605 4605 632 4666 δὲ
662 4609 677 4665 ό
702 4629 730 4664 τε
762 4608 842 4673 πολύς
865 4610 957 4687 θρῆνος

179 4699 330 4770 ἐπαύσατο,
347 4697 393 4756 καί
415 4695 501 4767 σιωπθ,
517 4696 632 4775 κατέσχε
662 4694 709 4767 τὴν
725 4697 878 4768 ἐκκλησίαν,
903 4720 955 4754 πα-

126 4824 152 4862 ,0
181 4793 272 4869 ρῆλθεν
304 4785 531 4865 ἀπολογησόμενος
552 4785 616 4866 πρὸς
638 4791 742 4861 ταῦτα,
767 4784 848 4862 όσπερ
872 4784 955 4844 ἐδόκει

178 4879 330 4937 τῶνᾶλλων
345 4878 458 4936 πολιτῶν
474 4874 564 4953 ἡλικία
581 4897 608 4932 τε
626 4873 752 4954 προύχειν
768 4873 814 4932 καί
829 4872 952 4948 ἀξιώσει,

179 4967 258 5029 Τῖτος
274 4968 405 5044 Λάρκιος,
426 4968 439 5022 ό
462 4965 499 5030 δἰς
518 4962 684 5041 ἀποδειχθείς
702 4963 800 5028 ὕπατος
815 4963 953 5042 δυναστεία

179 5073 207 5110 τε
244 5056 276 5129 τῇ
315 5052 465 5132 καλουμένη
491 5051 644 5130 δικτατορία
687 5051 815 5130 κράτιστα
848 5052 953 5110 πάντων

179 5139 322 5222 ἀνθρώπων
343 5143 529 5220 χρησάμενος,
549 5138 621 5220 ίερδιν
637 5139 682 5199 καί
697 5139 833 5216 σεύασμοῦ
850 5139 950 5218 μεστὴν

700 303 867 367 uiunisli
888 305 1269 371 HALlCARNASSENSlS

1016 448 1102 499 «Asia
1116 449 1140 499 in
1161 452 1286 515 Europam
1302 450 1449 517 migrantes,
1472 452 1498 504 in
1518 468 1579 518 agro
1602 456 1689 507 latino
1707 458 1796 509 urbem

1014 540 1217 601 «condiderunt,
1229 541 1272 592 alii
1284 556 1343 593 vero
1352 547 1445 608 postea,
1460 558 1492 596 ex
1506 547 1568 597 nina
1577 551 1727 612 migrantes,
1745 553 1797 601 lto·

1015 631 1109 683 ιιειιυΙο
1124 633 1227 684 coloniae
1245 635 1323 697 duce,
1344 635 1370 685 in
1384 635 1424 687 bis
1441 637 1500 689 locis
1511 638 1612 699 urbem,
1626 654 1682 706 quae
1693 656 1762 693 nunc
1781 659 1797 693 a

1014 739 1027 771 ι
1041 722 1112 774 nobis
1121 722 1315 788 derelinquitur,
1334 726 1477 779 fundarunt.
1511 730 1638 782 ilabemus
1650 736 1734 784 autem
1751 748 1795 785 co-

1015 813 1095 880 «pias
1116 817 1262 868 nouaclum
1276 817 1360 882 paullo
1379 818 1484 870 maiores
1504 821 1569 881 illis,
1593 823 1637 874 sed
1659 825 1732 875 etiarn
1746 826 1797 877 tri-

1015 907 1086 970 «plo
1115 907 1233 968 muores,
1260 912 1285 959 el
1308 909 1475 973 emigrationis
1506 913 1635 965 iustiorem
1664 929 1793 969 caueam.

1014 1016 1026 1039 ι
1044 999 1105 1047 Nam
1124 998 1168 1062 qui
1180 1012 1211 1049 er
1223 999 1267 1050 llio
1279 1000 1420 1063 migrarunt,
1437 1001 1469 1052 ab
1483 1001 1598 1054 hostibus
1608 1006 1706 1071 expulsi
1719 1016 1793 1069 sunt,

1015 1106 1028 1137 ι
1042 1090 1069 1138 at
1081 1102 1134 1149 nos,
1149 1090 1208 1140 hinc
1223 1090 1255 1140 ab
1269 1090 1368 1143 amieis.
1404 1093 1520 1146 Profecto
1532 1099 1617 1147 autem
1630 1096 1797 1149 miserabilius

1014 1180 1082 1229 aest
1100 1192 1115 1229 a
1136 1178 1188 1230 suis
1199 1178 1340 1231 domesticis
1357 1195 1433 1246 quarn
1452 1184 1582 1237 abellanis
1600 1187 1700 1253 expelli.
1745 1189 1795 1248 Qui

1015 1288 1027 1317 ι
1041 1284 1101 1321 vero
1112 1285 1169 1322 eum
1184 1271 1286 1323 Romulo
1302 1273 1482 1337 expeditionem
1502 1262 1681 1343 susceperunt,
1700 1285 1728 1332 ut
1739 1296 1793 1333 me·

1014 1365 1126 1417 «liorem
1155 1377 1241 1428 agrum
1262 1363 1310 1414 sibi
1334 1373 1518 1433 compararent,
1546 1373 1654 1437 patrium
1679 1375 1794 1439 negtexe-

1014 1460 1117 1517 arnnt,
1134 1469 1179 1506 nos
1194 1469 1252 1506 vero
1270 1455 1414 1510 deserentes
1438 1461 1515 1513 vitam
1535 1463 1608 1515 istam
1629 1469 1655 1517 et
1673 1466 1752 1530 patria
1769 1472 1796 1519 et

1014 1566 1026 1597 ι
1041 1546 1133 1599 laribus
1150 1549 1292 1606 carentem,
1317 1561 1397 1612 neque
1413 1549 1461 1601 diis
1484 1551 1605 1614 inrisam,
1624 1569 1703 1620 neque
1717 1559 1795 1610 borni-

1014 1657 1026 1686 ι
1038 1639 1112 1690 nibus
1124 1637 1266 1698 molestam,
1283 1652 1363 1702 neque
1377 1640 1419 1692 ulli
1434 1656 1494 1706 agro
1503 1658 1605 1709 gravem
1619 1647 1737 1700 coloniam
1749 1652 1793 1703 de·

1014 1753 1026 1781 ιι
1042 1733 1175 1793 ducimus,
1191 1747 1249 1782 curn
1265 1733 1324 1784 nibli
1340 1736 1651 1803 sanguiniseffnderimus,
1664 1748 1690 1793 et
1700 1743 1793 1793 auitum

1015 1829 1150 1889 erinium,
1171 1828 1213 1891 qui
1234 1842 1280 1879 nos
1297 1831 1454 1895 expulerunt,
1468 1835 1571 1898 oedem,
1587 1838 1728 1901 fecerimus,
1749 1852 1794 1890 nec

1013 1935 1026 1967 ιι
1039 1918 1095 1981 igne
1109 1920 1135 1968 et
1146 1917 1210 1968 ferro
1225 1932 1323 1983 agrurn,
1334 1921 1377 1985 qui
1388 1935 1403 1973 a
1415 1923 1487 1975 nobis
1506 1926 1694 1993 derelinquitur,
1708 1935 1793 1983 vasta·

1014 2012 1173 2071 ιινοιῖιιιυε,γ
1186 2025 1230 2062 nec
1255 2013 1332 2064 ulium
1368 2018 1507 2082 sempiterni
1530 2020 1580 2070 odii
1606 2030 1795 2076 monumentum

1014 2105 1228 2170 «reliquerimum
1247 2106 1337 2169 (sicuti
1358 2109 1383 2159 in
1401 2109 1458 2174 fuga
1477 2114 1563 2163 contra
1588 2115 1688 2167 fuderis
1708 2118 1794 2169 eondi-

1014 2198 1133 2248 ‹rtionem
1159 2199 1257 2262 propter
1278 2214 1367 2263 graves
1388 2216 1417 2252 ac
1437 2202 1511 2254 duras
1531 2207 1692 2259 necessitates
1706 2217 1794 2263 eoaeia

1014 2312 1027 2335 ι
1042 2290 1093 2341 fieri
1110 2289 1189 2352 solet)
1203 2289 1263 2341 deos
1280 2305 1339 2343 veru
1352 2296 1377 2345 et
1392 2295 1492 2358 gmios,
1505 2296 1550 2360 qui
1560 2311 1646 2351 omncs
1659 2315 1699 2352 res
1723 2318 1790 2356 mor·

1014 2404 1026 2428 ι
1043 2383 1128 2434 talium
1139 2382 1205 2434 iuste
1216 2383 1390 2447 moderantur,
1403 2389 1503 2450 testati,
1516 2388 1611 2454 ibisque
1621 2396 1794 2457 permittentes

1014 2492 1027 2521 ι
1042 2478 1070 2524 ut
1084 2486 1168 2538 pennas
1179 2487 1223 2539 pro
1237 2475 1309 2526 nobis
1321 2478 1432 2543 exigant,
1446 2480 1508 2532 iliud
1527 2483 1608 2535 solum
1621 2489 1793 2552 postulamus,

1015 2598 1028 2628 ι
1042 2583 1071 2630 ut
1086 2579 1129 2643 qui
1140 2579 1171 2628 de
1185 2577 1256 2628 nobis
1268 2578 1293 2628 ia
1312 2576 1373 2628 urbe
1384 2576 1477 2629 habeat
1498 2577 1604 2630 infantes
1624 2585 1650 2632 et
1666 2588 1795 2648 parentes,

1014 2671 1173 2723 «autetiam
1194 2684 1299 2731 uxores,
1321 2671 1343 2721 si
1367 2685 1424 2734 quaa
1448 2675 1541 2725 nostra
1569 2674 1675 2725 fortunae
1693 2677 1796 2728 comites

1015 2779 1028 2811 ιι
1042 2778 1097 2816 esse
1109 2765 1210 2823 volent,
1223 2778 1264 2815 eos
1273 2778 1365 2829 easque
1374 2766 1422 2817 illis
1436 2768 1544 2833 recipere
1560 2769 1632 2821 liceat
1647 2787 1653 2817 ι
1670 2771 1795 2823 lraecenim

1015 2871 1027 2902 ιι
1044 2856 1152 2918 recipere
1164 2855 1234 2905 nobis
1251 2857 1289 2905 est
1299 2855 1372 2916 satis,
1388 2869 1433 2906 nec
1448 2855 1515 2906 aliud
1528 2857 1655 2922 quidpiam
1666 2858 1698 2909 de
1708 2859 1794 2922 patrie

1015 2959 1027 2987 ιι
1043 2943 1118 2992 rebus
1129 2947 1249 3007 proterea
1262 2945 1375 3008 petimus.
1417 2947 1465 2997 Sed
1478 2946 1545 3011 agite
1560 2947 1661 2999 feliciter
1671 2951 1696 2997 et
1709 2952 1738 2997 ut
1751 2948 1793 2999 lu·

1015 3047 1027 3075 ιι
1043 3029 1084 3079 bel
1095 3031 1177 3090 vivite,
1192 3031 1235 3095 qni
1257 3034 1282 3082 et
1296 3031 1358 3082 adeo
1377 3033 1488 3086 inciviles
1513 3041 1589 3100 atque
1602 3036 1756 3088 insociabiles
1769 3038 1794 3088 in

1015 3132 1027 3161 ιι
1044 3116 1181 3165 humilioris
1197 3117 1302 3167 fortunae
1313 3119 1426 3171 homines
1437 3121 1506 3173 estis.
1524 3142 1537 3165 ν

1044 3296 1150 3346 ixxxi.
1168 3298 1258 3344 Brutus
1279 3295 1354 3358 igitur
1375 3295 1417 3345 tali
1434 3298 1544 3348 oratione
1571 3298 1652 3348 babila
1667 3298 1739 3350 finem
1758 3301 1795 3351 ‹ii-

1011 3384 1082 3434 ecndi
1095 3384 1158 3434 feeit.
1193 3383 1244 3433 illis
1260 3397 1318 3433 nero
1338 3384 1382 3447 qui
1396 3385 1498 3436 aderant
1518 3401 1576 3437 rena
1589 3388 1639 3438 visa
1654 3392 1724 3449 sunl,
1739 3392 1794 3440 tum

1012 3481 1040 3519 ea
1052 3482 1108 3532 quae
1120 3468 1151 3517 de
1171 3466 1239 3527 inre,
1255 3469 1307 3516 tum
1325 3481 1354 3517 ea
1366 3482 1423 3531 qnae
1436 3468 1461 3518 in
1485 3473 1586 3521 senatus
1601 3472 1739 3536 superbiam
1755 3472 1794 3523 iu·

1014 3568 1100 3613 reclus
1113 3564 1226 3615 dixerat:
1252 3562 1295 3613 sed
1318 3559 1440 3626 praecipue
1450 3572 1480 3610 ea
1492 3559 1584 3622 quibus
1605 3561 1795 3611 conventionum

1012 3649 1084 3700 fidem
1096 3654 1121 3700 ei
1139 3652 1277 3702 cantionem
1292 3648 1342 3698 doli
1358 3649 1384 3698 et
1402 3644 1496 3696 fraudis
1509 3645 1607 3710 plenam
1627 3648 1794 3699 essedemon·

1008 3734 1101 3786 stravit·
1128 3744 1189 3793 cnm
1202 3746 1285 3792 autem
1304 3741 1329 3790 in
1350 3741 1458 3790 extrema
1472 3751 1517 3787 sun
1534 3737 1646 3788 oratione
1663 3752 1794 3789 enumera·

1013 3827 1088 3877 risset
1107 3843 1193 3891 graves
1216 3828 1331 3885 iniurias,
1349 3824 1475 3890 quibusa
1501 3824 1677 3875 feneratoribus
1697 3825 1793 3876 fuerant

1011 3914 1108 3974 affecti,
1123 3918 1147 3962 et
1161 3915 1291 3977 unicnique
1304 3927 1349 3964 sua
1365 3913 1430 3963 mala
1444 3911 1469 3961 in
1484 3912 1628 3961 memoriam
1644 3917 1792 3969 revocasset.

1011 4000 1094 4049 nullus
1119 4001 1164 4050 fuit
1179 4001 1260 4050 auium
1276 4003 1326 4050 tam
1347 4000 1426 4062 duro,
1450 4000 1508 4061 quin
1535 4000 1603 4048 totus
1618 3997 1725 4048 lacrimis
1740 4013 1794 4062 per·

1012 4089 1163 4150 fnmiereiur,
1179 4093 1202 4139 el
1216 4102 1359 4138 communes
1372 4086 1525 4137 calamitates
1543 4086 1638 4137 crebris
1654 4100 1683 4137 ac
1699 4088 1791 4152 repeti·

1011 4175 1043 4225 tis
1057 4174 1170 4225 lamentis
1182 4174 1320 4239 deploraret
1335 4189 1340 4218 :
1357 4174 1431 4236 idque
1455 4188 1503 4223 non
1523 4174 1583 4238 ipsis
1607 4173 1664 4224 solis
1687 4172 1791 4234 accidit,

1011 4261 1055 4312 sed
1068 4264 1094 4311 ct
1112 4263 1195 4324 iisqni
1216 4276 1231 4311 a
1254 4265 1339 4312 senatu
1361 4263 1456 4312 fuerant
1475 4261 1552 4310 missi.
1586 4262 1649 4310 llam
1670 4272 1700 4309 ne
1719 4257 1794 4322 legati

1010 4349 1109 4412 quidem
1127 4365 1141 4399 a
1159 4350 1266 4400 lacrimis
1281 4350 1328 4400 sibi
1342 4355 1479 4414 temperare
1501 4351 1630 4412 poterant,
1651 4351 1794 4412 reputantes

1010 4437 1121 4488 miserias
1132 4476 1138 4496 ,
1149 4453 1206 4501 qnae
1219 4453 1248 4488 ex
1264 4440 1310 4487 trac
1324 4440 1415 4489 civium
1427 4438 1566 4489 secessione
1584 4438 1735 4499 contigerant
1751 4445 1794 4490 :et

1010 4539 1053 4576 cos
1066 4525 1107 4575 din
1132 4528 1233 4576 mustos
1246 4531 1271 4576 et
1290 4526 1453 4587 lacrimantes,
1467 4530 1490 4575 et
1505 4526 1564 4589 quid
1577 4524 1707 4575 dicendum
1727 4528 1794 4575 esset

1009 4617 1158 4676 dubitantes,
1172 4618 1295 4668 silentium
1309 4617 1396 4667 tenuit.
1405 4619 1451 4668 Sed
1464 4619 1508 4668 nbi
1521 4619 1575 4668 frenc
1585 4632 1671 4681 magna
1687 4619 1794 4667 farrienta

1009 4709 1150 4765 cessarunt,
1168 4705 1342 4769 silentiumque
1358 4707 1411 4756 tota
1423 4704 1538 4755 concione
1552 4706 1644 4754 factum
1664 4708 1717 4765 est,
1733 4710 1794 4755 tunc

1010 4793 1040 4842 ad
1054 4793 1157 4844 crimina
1168 4795 1264 4845 ulniecta
1281 4808 1444 4858 responsurus
1463 4798 1537 4858 atque
1553 4809 1582 4845 ca
1597 4795 1722 4845 diluturus
1736 4809 1794 4859 pro-

1008 4883 1054 4935 diit
1065 4887 1093 4934 T.
1108 4886 1219 4945 Lartius,
1244 4886 1286 4947 qui
1306 4884 1403 4936 caeteris
1419 4884 1515 4934 civibus
1534 4888 1607 4935 atate
1627 4890 1651 4936 et
1672 4884 1792 4947 (lignitate

1008 4972 1153 5023 antecellere
1171 4971 1303 5021 videbatur
1313 4971 1354 5036 qni
1364 5009 1370 5031 ,
1382 4971 1420 5021 bis
1436 4973 1521 5022 eunsnl
1536 4977 1646 5036 creatus,
1661 4974 1744 5023 effecit
1763 4976 1793 5023 ut

1007 5058 1127 5109 invidiosa
1147 5059 1188 5109 illa
1197 5058 1326 5109 dictatoria
1340 5061 1464 5122 potestas,
1484 5059 1509 5109 in
1533 5075 1581 5124 qna
1604 5060 1793 5123 praeclarissime

1008 5148 1117 5199 omniurn
1132 5148 1259 5199 homiuum
1273 5162 1299 5198 so
1322 5148 1410 5212 gessit,
1431 5152 1516 5200 sancta
1531 5151 1557 5199 ct
1573 5148 1721 5199 venerandae
1737 5162 1793 5198 ma·
