3772 5828
182 334 240 392 lii).

182 461 247 520 ὥστ’
260 464 283 519 εἰ
295 460 419 541 βούλεταί
429 484 466 526 τις
481 463 572 528 αὐτοὺς
588 465 816 542 ἱεροδιδασκάλους
827 467 874 525 εἷθ’
886 472 955 547 ίερο·

181 549 298 630 φύλακας
312 549 374 624 εἴθ’,
390 552 425 616 ὡς
439 554 515 626 ἡμεῖς
530 551 670 628 ἀξιοῦμεν,
682 553 835 634 ἱεροφάντας
848 555 953 634 λέγειν,

182 640 231 715 οθχ
250 639 433 717 ἁμαρτήσεται
448 645 492 698 τοῦ
505 640 627 710 ἀληθοῦς.
670 639 837 708 Ἐκλιπόντος
848 642 877 701 δέ
890 669 957 710 τινος

182 728 267 784 αὐτῶν
290 726 333 783 τὸν
352 727 422 805 βίον,
447 724 533 803 ἕτερος
556 729 592 793 εἰς
613 728 657 786 τὸν
680 731 778 789 ἐκείνου
801 732 958 791 καθίσταται

142 845 154 880 5
181 814 278 887 τόπον,
291 816 341 893 οὐχ
355 815 407 873 ὑπὸ
422 819 467 872 τοῦ
483 812 567 891 δήμου
590 817 698 897 αἱρεθεὶς
710 862 720 890 ,
734 819 793 876 ἀλλ’
810 820 853 876 ὑπ’
873 822 957 879 αὐτῶν

182 905 303 974 ἐκείνων,
319 903 346 969 ὅς
361 901 392 960 διν
416 904 625 975 ἐπιτηδειότατος
642 897 709 963 εἶναι
733 907 796 986 δοκῇ
811 911 863 964 τῶν
878 911 957 967 πολι-

181 993 244 1052 τῶν.
287 987 500 1069 Παραλαμόάνει
526 992 553 1051 δέ
581 993 629 1064 τήν
651 996 782 1072 ἱερατείαν
809 999 958 1073 ίδοκιμα-

180 1080 257 1151 εθείς,
263 1081 308 1140 ἐὰν
315 1081 440 1158 εὐόρνιθες
453 1082 524 1158 αὐτῷ
531 1080 646 1160 τύχωσιν
656 1083 741 1142 οἰωνοί
754 1082 900 1161 γενόμενοι.
913 1084 957 1143 Τί

184 1162 232 1245 μέν
248 1168 280 1239 δή
292 1169 352 1249 περὶ
362 1168 391 1226 τὸ
401 1169 467 1227 θεῖον
477 1171 681 1246 νομοθετηθέντα
694 1173 743 1229 iano
759 1176 804 1229 τοῦ
817 1172 895 1246 Νόμα
911 1171 957 1230 καί

128 1281 153 1318 ιο
183 1257 345 1336 διαιρεθέντα
360 1256 430 1314 κατὰ
447 1255 492 1325 τάς
517 1260 666 1336 συμμορίας
688 1264 740 1318 τῶν
763 1262 855 1339 ἱερῶν,
882 1251 959 1330 ίξὸιν

183 1343 371 1424 εὗσεόεστέραν
388 1342 485 1414 συνέόη
500 1346 617 1417 γενέσθαι
640 1345 687 1418 τήν
704 1346 797 1419 πόλιν,
820 1344 885 1426 πρ“’
906 1350 959 1412 τοῖς

182 1432 271 1525 ρῖλλοις
285 1432 407 1490 ἐλάττοσι
427 1433 461 1489 τὰ
482 1430 595 1510 μέγιστα
617 1432 663 1491 καί
689 1434 861 1514 φανερώτατα
884 1435 958 1492 ταῦτ’

180 1526 223 1592 θλ·

220 1607 351 1668 LXXIV.
372 1607 416 1668 'fl
438 1607 461 1666 δ’
479 1610 515 1673 είς
533 1608 664 1666 εύτελειάν
683 1609 769 1667 τεκαὶ
790 1608 958 1691 σωφροσύνην

128 1720 153 1760 15
182 1695 277 1772 άγοντα
291 1693 335 1754 τδν
349 1696 460 1754 ἑκάστου
475 1697 529 1775 βίον
551 1697 596 1755 καί
617 1697 652 1762 είς
672 1697 811 1773 ἐπιθυμίαν
825 1701 959 1768 καταστή-

181 1807 266 1843 σαντα
276 1789 323 1857 τῆς
335 1783 514 1866 φυλαττούσης
526 1788 553 1845 έν
565 1786 672 1864 ὁμονοίᾳ
681 1785 729 1856 τήν
740 1786 815 1844 πολιν
827 1785 959 1846 δικαιοσύ·

181 1896 225 1943 νης
233 1872 334 1932 πλεῖσθ’
343 1873 405 1948 ὅσα,
417 1872 506 1948 τὰμὲν
517 1873 654 1953 ἐγγράφοις
661 1873 853 1952 περιληφθέντα
862 1874 959 1950 νόμοις,

181 1960 214 2020 τίι
228 1963 250 2019 δ’
260 1960 309 2029 ἔξω
330 1965 432 2043 γραφῇς
454 1963 489 2027 τίς
503 1961 680 2032 ἐπιτηδεύσεις
697 1962 810 2042 ἀχθέντα
821 1962 867 2021 καί
880 1985 961 2021 συνα-

181 2049 288 2122 σκήσεις
301 2050 431 2131 χρονίους,
451 2052 515 2129 θπίρ
525 2041 562 2109 ὧν
573 2051 697 2110 ἁπάντων
707 2050 755 2128 μέν
766 2049 834 2109 πολθ
847 2049 878 2109 θν
886 2051 960 2130 ἔργον

128 2161 156 2198 ao
183 2138 224 2211 είη
253 2139 359 2218 λέγειν,
386 2140 492 2218 ἀρκέσει
519 2140 546 2197 δέ
575 2139 620 2197 δύο
649 2139 682 2198 sd
704 2139 828 2216 μεγίστης
855 2139 960 2216 μνήμης

183 2228 297 2307 τυχόντα
315 2227 447 2306 τεκμήρια
463 2227 508 2286 καὶ
522 2231 575 2285 τῶν
589 2227 677 2286 ἄλλοιν
700 2229 832 2304 γενέσθαι·
855 2230 902 2299 τῆς
914 2227 960 2304 μίν

182 2317 337 2396 αὐταρκείας
355 2316 400 2376 καί
415 2322 460 2375 τοῦ
479 2315 584 2392 μηδένα
602 2319 653 2374 τῶν
669 2315 811 2397 άλλοτρίων
827 2317 961 2394 ἐπιθυμεῖν

183 2410 201 2476 ή
217 2406 278 2485 περὶ
298 2403 357 2471 τοθς
371 2405 493 2483 ὁρισμοὺς
508 2408 558 2462 τῶν
582 2403 700 2475 κτήσεων
715 2404 864 2480 νομοθεσία.
909 2408 961 2465 Κε·

182 2494 277 2561 λεύσας
298 2493 349 2572 γάρ
369 2494 473 2572 ἑκάστῳ
496 2494 656 2576 περιγράψαι
676 2493 724 2566 τήν
751 2498 845 2554 ἑαυτοῦ
869 2500 961 2567 κτῆσιν

130 2612 155 2650 ιι
184 2583 229 2642 καί
254 2586 352 2655 στῆσαι
371 2583 455 2649 λίθους
478 2583 523 2642 έπί
545 2583 598 2649 τοῖς
621 2581 705 2662 ὅροις,
728 2582 812 2664 ἱερούς
830 2582 962 2651 ἀπέδειξεν

184 2669 256 2748 θρίου
280 2669 340 2736 Διὸς
361 2669 420 2738 τοθς
447 2671 546 2742 λίθους,
575 2671 621 2729 καὶ
646 2671 736 2739 θυσίας
764 2669 851 2738 ἔταξεν
875 2674 962 2737 αὐτοῖς

185 2758 313 2816 ἐπιτελεῖν
344 2758 462 2823 ἅπαντας
482 2757 570 2836 ήμέρα
595 2761 680 2836 τακτῇ
701 2757 761 2815 καθ’
780 2757 891 2816 ἕκαστον
911 2761 961 2816 ένι·

184 2846 262 2905 αυτὸν
286 2846 329 2905 ἐπί
343 2846 387 2904 τὸν
402 2845 484 2905 τόπον
506 2844 726 2924 συνερχομένους,
750 2845 841 2923 ἑορτήν
865 2848 891 2904 ἐν
910 2852 962 2912 τοῖς

184 2934 253 2993 πάνυ
267 2934 357 3010 τιμίαν
374 2933 445 3012 [καί]
459 2933 505 3004 τήν
519 2935 571 2991 τῶν
584 2933 662 3009 θρίων
675 2935 740 2990 θεῶν
755 2933 961 3008 καταστησάμε·

130 3051 157 3090 30
185 3045 239 3088 νος.
295 3022 404 3093 Ταύτην
427 3019 559 3095 Ῥωμαῖοι
580 3021 745 3098 Τερμινάλια
770 3023 893 3078 καλοῦσιν
918 3020 962 3078 ἐπὶ

185 3111 236 3167 τῶν
251 3110 400 3187 τερμόνων,
420 3107 465 3165 καὶ
488 3107 547 3173 τοὺς
565 3105 639 3186 ὅρους
654 3106 762 3179 αύτούς,
779 3106 835 3174 ἱνδς
857 3108 961 3188 ἀλλαγῇ

189 3196 340 3275 γράμματος
353 3195 427 3275 παρὰ
445 3196 493 3266 τήν
508 3194 639 3272 ἡμετέραν
655 3193 790 3253 διάλεκτον
804 3193 962 3275 ἐκφέροντες,

185 3283 310 3364 τέρμινας
323 3282 574 3363 προσαγορεύουσιν.
617 3283 651 3342 Εἰ
675 3281 703 3341 δέ
723 3305 762 3349 τις
783 3282 961 3362 άρανίσειενῆ

187 3373 311 3448 μεταθείη
332 3370 391 3438 τοὺς
418 3371 507 3451 ὅρους,
532 3371 603 3451 ίερδν
620 3370 805 3449 ἐνομοθέτησεν
831 3363 895 3429 ε’ίναι
917 3378 962 3429 τοῦ

132 3480 158 3520 ts
185 3467 243 3520 θεοῦ
253 3462 296 3521 τδν
311 3460 409 3519 τούτοιν
424 3481 450 3517 τι
464 3459 690 3538 διαπραξάμενον,
703 3457 746 3517 ἱνα
758 3462 797 3539 τῷ
813 3458 963 3539 βουλομένῳ

186 3549 293 3608 κτείνειν
315 3548 392 3608 αὐτόν
417 3553 452 3615 ὡς
472 3548 605 3625 ἱερόσυλον
631 3546 648 3618 ή
672 3548 696 3606 τ’
722 3548 852 3628 ἀσφάλεια
869 3548 914 3606 καί
932 3548 962 3606 τὸ

187 3640 296 3715 καθαρῷ
312 3638 460 3712 μιάσματος
480 3627 546 3694 εἶναι
565 3641 665 3715 προσῇ.
708 3637 793 3696 Τοῦτο
819 3637 842 3694 δ’
857 3635 904 3694 ούκ
920 3635 964 3694 ἐπὶ

187 3727 239 3781 τῶν
265 3724 402 3783 ἰδιωτικῶν
431 3724 613 3794 κατεστήσατο
634 3723 712 3801 μόνον
734 3722 850 3794 κτήσεων
867 3722 896 3780 τὸ
922 3723 962 3780 δι’·

187 3832 281 3887 καιον,
305 3810 372 3868 atili
395 3811 440 3869 καί
456 3814 498 3870 ίπὶ
513 3817 565 3871 τῶν
587 3813 738 3887 δημοσίων,
760 3809 829 3889 ὅροις
841 3811 963 3876 κάκείνας

133 3921 160 3961 ιο
187 3897 355 3977 περιλαόθιν,
367 3898 410 3956 ἱνα
426 3900 471 3957 καί
483 3898 531 3970 τήν
545 3900 684 3976 Ῥωμωίαν
698 3903 748 3978 γῆν
760 3898 811 3956 άπὸ
824 3902 870 3969 τῇς
886 3901 964 3957 άοτυ·

188 3984 300 4065 γείτονος
322 3987 387 4066 ὅριοι
409 3990 529 4068 διαιρῶσι
561 3989 631 4059 θεοὶ,
655 3987 701 4045 καί
724 3986 771 4057 τήν
798 3986 885 4055 κοινήν
910 3985 963 4043 ἀπὸ

186 4078 234 4145 τῆς
253 4074 332 4141 ἰδίας.
375 4076 477 4135 Τούτου
502 4077 581 4157 μέχρι
602 4081 654 4136 τῶν
681 4075 740 4134 καθ’
767 4079 836 4149 ἡμᾶς
864 4074 964 4154 χρόνων

189 4161 347 4242 φυλάττουσι
381 4162 511 4239 Ῥωμαῖοι
539 4166 597 4244 [τοῦ
630 4163 736 4243 χρόνου]
770 4163 886 4238 μνημεῖα
918 4167 965 4232 τῆς

189 4249 262 4316 θσίας
286 4252 365 4320 stiffi<
392 4252 478 4312 ἕνεκα.
529 4252 614 4319 Θεοός
631 4275 659 4310 τε
679 4254 732 4329 γάρ
756 4256 882 4328 ήγυῦνται
907 4249 967 4317 τοὺς

134 4358 162 4400 ιο
190 4337 334 4416 τέρμονας,
352 4338 396 4396 καί
417 4340 521 4398 θύουσιν
540 4341 628 4406 αὐτοῖς
648 4341 687 4399 ὅτ’
705 4338 770 4408 ἔτη,
785 4341 837 4395 τῶν
852 4336 900 4414 μὲν
915 4339 967 4409 ε’μ·

191 4425 282 4505 ψύχων
301 4426 390 4484 οὐδέν·
417 4430 446 4485 οὐ
460 4429 511 4507 γάρ
537 4429 607 4488 ὅσιον
629 4427 765 4503 αἱμάττειν
790 4424 849 4491 τούς
867 4424 966 4492 λίθους·

190 4513 317 4579 πελάνους
345 4514 372 4571 δὲ
399 4514 565 4593 Δημητρίους
594 4516 638 4573 καί
662 4515 744 4582 άλλας
765 4513 836 4579 τινδις
858 4516 966 4591 καρπῶν

192 4601 324 4680 ἀπαρχάς.
368 4601 468 4678 Ἐχρῆν
484 4603 510 4660 δὲ
525 4603 569 4660 καί
583 4603 613 4662 τδ
626 4603 699 4681 ἔργον
711 4603 748 4661 ἔτι
763 4600 901 4683 φυλάττειν
915 4599 968 4660 άπδ

191 4693 237 4746 τοῦ
252 4689 324 4760 ίοου,
354 4680 382 4747 οὗ
404 4689 482 4767 χάριν
500 4689 571 4755 θεοθς
594 4689 711 4765 ἐνόμισαν
732 4689 791 4753 τοὺς
814 4690 968 4768 τέρμοναςθ

141 4796 169 4834 ιο
191 4776 301 4853 Νόμας,
318 4778 501 4853 ἱκανουμένους
525 4778 578 4843 τοῖς
598 4781 698 4837 ἑαυτῶν
725 4777 862 4854 κτήμασι,
878 4778 959 4835 τῶνδ

193 4867 335 4948 ἀλλοτρίων
363 4869 430 4945 μήτε
460 4866 505 4946 βίᾳ
534 4867 760 4945 σφετεριζομένους
786 4864 867 4942 μηδὲν
901 4865 968 4938 μήτε

193 4951 269 5032 δολιμ.
314 4958 369 5015 Νῦν
383 4957 406 5014 δ’
424 4956 473 5034 οὐχ
486 4957 521 5020 ὡς
536 4951 656 5029 άμεινον,
676 4955 730 5013 οὐδ’
751 4956 786 5018 άις
804 4954 828 5010 υί
846 4949 967 5029 πρόγονοι

194 5041 341 5117 παρέδοσαν
357 5046 470 5121 ὁρίζουσί
489 5067 556 5109 τινες
576 5043 626 5102 τἰπδ
648 5049 700 5102 τῶν
715 5042 857 5119 ἀλλοτρίων
879 5040 913 5100 τά
928 5042 968 5098 οἰ-

193 5129 263 5196 κεῖα,
285 5128 343 5184 ἀλλ’
363 5130 433 5187 ἔστιν
449 5134 534 5197 αὐτοῖς
557 5130 614 5209 ὅρος
636 5134 687 5186 τῶν
704 5128 822 5199 κτήσεων
835 5132 907 5208 ούχὸ
921 5128 966 5187 νό-

675 334 843 396 DlONYSll
865 336 1243 406 HALICARNASSENSIS

1010 483 1122 544 φύλακας,
1134 486 1187 535 sive
1203 486 1247 549 (ut
1267 500 1312 536 nos
1324 492 1466 555 censemus)
1480 494 1624 559 ἱεροφάντας,
1636 511 1651 547 a
1662 512 1723 551 vero
1738 515 1786 552 non

1011 593 1141 645 aberrabit.
1176 596 1388 652 ltetunctoautem
1400 603 1586 668 aliquoeorum,
1599 608 1624 658 in
1638 609 1691 660 eius
1704 611 1786 662 locum

1012 710 1138 760 sufficitur
1153 712 1224 774 alius,
1242 728 1290 764 non
1302 718 1416 780 apopulo
1428 719 1546 783 delectus,
1556 721 1600 773 md
1611 723 1642 774 ab
1654 725 1703 777 illis
1713 726 1786 791 ipsis,

1011 824 1055 889 qui
1066 827 1176 875 omniurn
1191 827 1283 878 civium
1298 832 1406 882 maxime
1421 832 1523 885 idoneus
1546 836 1614 887 risus
1633 839 1723 891 luerit:
1739 844 1785 904 qui

1011 939 1217 1003 autemprobatus
1229 941 1311 1005 luerit,
1323 943 1345 992 is
1354 944 1389 995 ita
1398 945 1499 998 demum
1511 951 1677 1002 sacerdotium
1688 954 1785 1019 accipit,

1012 1052 1034 1101 si
1056 1055 1159 1117 auguria
1180 1055 1215 1105 illi
1240 1057 1321 1107 tausta
1345 1060 1499 1121 contigerint.
1531 1066 1612 1128 Leges,
1629 1066 1704 1130 igitur
1725 1082 1785 1130 quas

1011 1167 1093 1215 Numa
1110 1166 1142 1217 de
1163 1167 1238 1218 rebus
1258 1169 1348 1221 diuinis
1370 1172 1443 1233 tulit,
1467 1177 1492 1225 et
1505 1177 1623 1228 rationem
1635 1192 1684 1241 qua
1704 1194 1788 1230 sacro-

1013 1280 1176 1332 rumordiues
1190 1281 1292 1345 divisit,
1311 1286 1376 1336 unde
1396 1287 1489 1338 lactum
1503 1292 1541 1339 est
1559 1292 1587 1340 ut
1599 1290 1686 1341 civitas
1707 1293 1787 1356 pieta-

1012 1398 1063 1445 tem
1077 1396 1211 1447 studiosius
1224 1397 1332 1461 coleret,
1350 1404 1440 1465 praeter
1461 1403 1523 1453 alias
1542 1403 1645 1455 minoris
1668 1408 1786 1456 momenti

1012 1506 1052 1558 hae
1071 1509 1182 1560 maximae
1200 1513 1226 1560 et
1239 1511 1379 1564 clarissimae
1404 1517 1481 1565 eraut.

1044 1627 1151 1676 thlllv.
1177 1630 1237 1684 Quas
1255 1640 1315 1677 roro
1334 1627 1366 1677 ad
1380 1629 1545 1693 frugalitatem
1562 1636 1588 1682 et
1604 1635 1788 1697 temperantiam

1013 1721 1207 1784 uniuscuiusque
1223 1722 1299 1772 vitam
1316 1722 1420 1786 ducunt,
1440 1727 1465 1776 et
1485 1726 1614 1790 impellunt
1628 1728 1659 1778 ad
1677 1729 1787 1779 studium

1013 1817 1112 1869 iustitias
1153 1818 1243 1868 civium
1280 1820 1435 1871 concordiam
1465 1825 1647 1887 conservantis,
1684 1825 1789 1889 plurima

1013 1921 1085 1979 aaut,
1095 1930 1152 1979 quea
1162 1918 1252 1980 parlim
1268 1917 1362 1980 legibus
1380 1919 1480 1983 scriptis
1494 1921 1684 1984 comprehensa,
1702 1924 1791 1988 partim

1015 2011 1067 2061 sine
1086 2010 1184 2074 scriptis
1204 2011 1343 2087 longousu
1363 2017 1389 2063 et
1411 2013 1587 2065 exercitatione
1603 2019 1702 2079 recsota
1720 2023 1784 2068 sunt,

1015 2112 1051 2162 Da
1075 2109 1164 2172 quibus
1179 2109 1295 2159 omnibus
1317 2109 1399 2159 dicere
1418 2108 1491 2159 ratde
1517 2108 1616 2160 difficile
1638 2115 1677 2161 est
1697 2132 1703 2161 ε
1722 2115 1789 2164 scriis

1015 2204 1081 2256 satis
1101 2204 1216 2255 arithmo
1235 2204 1286 2254 duo
1301 2203 1408 2254 maxime
1426 2203 1593 2254 memorabilia
1607 2204 1704 2266 alieme,
1718 2210 1745 2253 ut
1764 2211 1789 2256 et

1015 2301 1047 2352 de
1059 2301 1151 2352 ceteris
1166 2301 1305 2353 coniectura
1319 2301 1372 2353 lieri
1383 2301 1468 2366 possit.
1502 2304 1535 2351 Ut
1545 2301 1609 2352 enim
1619 2304 1788 2365 unusquisque

1015 2411 1061 2450 sua
1074 2404 1141 2451 sorte
1162 2403 1293 2450 contentus
1314 2402 1397 2461 esset,
1413 2411 1460 2449 nec
1480 2411 1521 2449 res
1539 2398 1630 2450 alienas
1648 2403 1787 2464 appeteret,

1015 2496 1081 2547 cavit
1106 2496 1159 2559 lege
1187 2492 1396 2546 determinandis
1415 2492 1514 2557 praediis
1534 2492 1593 2544 lata.
1626 2495 1702 2545 lussit
1725 2495 1789 2544 onim

1016 2603 1217 2654 unumquemque
1240 2602 1313 2639 suum
1330 2603 1417 2652 agrum
1440 2588 1640 2639 circumscribere
1661 2589 1789 2652 etlapides

1015 2684 1141 2736 infinibus
1154 2696 1252 2749 ponere,
1267 2685 1410 2748 lapidesque
1423 2683 1478 2734 llloa
1491 2683 1545 2734 lori
1563 2683 1694 2734 Terminali
1708 2699 1790 2735 sacrm

1016 2793 1070 2831 essa
1085 2780 1180 2840 voluit,
1195 2778 1371 2840 constituitque
1387 2782 1415 2827 ut
1426 2791 1511 2830 ornnes
1522 2778 1562 2828 dle
1578 2780 1645 2829 stato
1659 2782 1789 2843 quotannis

1016 2875 1041 2924 in
1052 2886 1109 2922 eum
1119 2871 1201 2922 locrun
1217 2871 1391 2920 convenientes
1402 2868 1450 2918 illia
1462 2870 1582 2921 sacrificia
1596 2870 1711 2930 tacerent,
1722 2871 1789 2919 scriis

1015 2981 1072 3017 cum
1099 2967 1184 3031 primis
1206 2966 1328 3016 nobilibus
1352 2965 1376 3015 in
1401 2965 1504 3016 deorum
1523 2965 1696 3016 Terminalium
1709 2966 1790 3016 hono-

1015 3076 1068 3113 rem
1084 3063 1216 3123 iustitutis,
1237 3074 1300 3123 quas
1312 3061 1414 3110 Romani
1435 3068 1449 3109 a
1466 3060 1578 3110 tenuinis
1592 3061 1738 3112 Terminalia
1751 3076 1790 3111 ro

1016 3161 1087 3218 cant,
1102 3160 1128 3208 et
1147 3157 1207 3209 tiues
1225 3156 1306 3220 ipsos,
1326 3168 1390 3218 quos
1413 3157 1525 3219 τέρμονας
1544 3156 1707 3219 appellamus.
1728 3158 1791 3208 lacta

1017 3259 1090 3309 unius
1109 3255 1188 3306 litera
1216 3252 1369 3314 mutatione,
1389 3254 1499 3301 nostram
1520 3250 1627 3314 linguam
1652 3252 1787 3314 imitantes,

1017 3355 1143 3407 tertrrtnor
1177 3349 1306 3415 appellant.
1350 3349 1375 3400 Si
1404 3349 1461 3411 quis
1491 3362 1548 3400 sero
1577 3345 1718 3400 sustulisset
1745 3354 1789 3400 aut

1016 3451 1071 3503 loco
1096 3448 1214 3500 movisset
1237 3447 1374 3507 terminos,
1397 3459 1455 3496 cum
1481 3446 1524 3508 qui
1543 3446 1591 3496 tale
1617 3447 1677 3508 quid
1691 3449 1789 3509 patrare

1018 3559 1094 3597 ausus
1110 3544 1210 3594 luisset.
1228 3543 1286 3594 truic
1300 3543 1347 3593 deo
1361 3556 1460 3593 sacrum
1473 3555 1528 3593 esse
1539 3542 1631 3604 sanxit,
1646 3546 1675 3593 ut
1689 3543 1786 3594 cuilibet

1016 3647 1115 3710 impunc
1139 3657 1196 3694 enm
1223 3641 1361 3692 interlicere
1388 3643 1504 3703 tanquam
1528 3639 1673 3702 merilegum
1688 3638 1785 3699 liceret,

1015 3745 1042 3791 et
1058 3755 1135 3805 purus
1148 3740 1180 3789 att
1201 3752 1231 3789 eo
1245 3737 1343 3801 piaculo
1360 3740 1434 3786 esset.
1467 3738 1521 3784 lloc
1535 3737 1617 3784 autern
1634 3734 1729 3782 iusnon
1746 3749 1786 3782 so·

1018 3838 1069 3888 lum
1088 3838 1114 3887 in
1129 3835 1233 3900 privatis
1254 3833 1318 3896 agris
1334 3831 1477 3890 constituit,
1490 3831 1532 3880 sed
1550 3830 1624 3880 etiam
1636 3829 1660 3877 in
1677 3829 1785 3892 publicis,

1018 3933 1073 3983 illos
1093 3943 1191 3993 quoquo
1216 3929 1328 3978 terminis
1356 3926 1507 3990 complexus,
1531 3927 1561 3973 ut
1579 3927 1605 3987 et
1625 3921 1707 3986 populi
1737 3925 1787 3971 lto-

1018 4027 1084 4076 mani
1098 4038 1184 4087 agrum
1201 4036 1217 4072 a
1239 4022 1319 4071 ricino
1333 4025 1358 4070 et
1382 4019 1508 4083 publicum
1527 4032 1542 4068 a
1563 4015 1660 4081 privato
1677 4014 1712 4064 dii
1730 4017 1787 4063 Ter·

1018 4121 1120 4175 micales
1139 4118 1313 4170 discernerent.
1346 4119 1400 4166 lloc
1422 4115 1545 4178 usquead
1560 4116 1669 4164 nostram
1690 4113 1788 4161 atatem

1018 4213 1119 4265 itomaui
1139 4212 1239 4262 servent
1259 4208 1381 4275 religionis
1396 4212 1491 4257 tantum
1513 4207 1598 4271 gratia.
1631 4207 1693 4256 Nam
1709 4197 1789 4254 existi-

1019 4308 1088 4354 mant
1107 4303 1174 4367 ipsos
1191 4301 1309 4352 terminos
1328 4314 1382 4349 csse
1411 4299 1479 4356 deos,
1498 4302 1523 4347 et
1546 4296 1581 4346 eis
1597 4294 1727 4359 quotannis
1749 4306 1789 4341 sa·

1020 4394 1142 4454 cridcaut,
1168 4391 1259 4442 nullam
1280 4391 1379 4453 quidem
1399 4403 1450 4438 rem
1468 4389 1601 4437 animatam
1626 4385 1710 4447 (netas
1724 4385 1790 4433 enirn

1019 4486 1113 4550 lapides
1125 4480 1270 4543 cruentare)
1285 4480 1328 4530 sed
1352 4480 1402 4529 liba
1416 4478 1531 4535 cerealia,
1551 4480 1576 4526 et
1597 4475 1658 4525 alias
1670 4473 1788 4537 quasdam

1022 4583 1118 4646 trogum
1142 4577 1271 4645 primitias.
1316 4573 1452 4639 Oportebat
1474 4575 1556 4620 autem
1578 4584 1620 4619 cos
1646 4571 1721 4619 etiam
1739 4581 1790 4617 rena

1021 4682 1101 4745 ipsam
1135 4690 1247 4735 serrare,
1276 4675 1346 4723 cuius
1380 4683 1466 4721 caussa
1497 4667 1668 4717 existimarunt
1694 4663 1789 4714 Tarmi-

961 4776 969 4796 '
1021 4786 1067 4823 nos
1097 4768 1221 4819 habendos
1246 4780 1300 4817 esse
1327 4765 1402 4824 deos,
1429 4764 1556 4812 contentos
1581 4760 1632 4808 suis
1656 4755 1788 4821 possessio·

1022 4871 1102 4927 nibus,
1129 4879 1208 4928 neque
1245 4864 1375 4926 quicquam
1407 4860 1512 4909 alienum
1542 4855 1580 4906 vel
1612 4854 1637 4903 ri
1666 4849 1705 4901 rei
1733 4848 1790 4900 dolo

1023 4962 1069 5012 sibi
1083 4959 1245 5009 vindicantes.
1268 4957 1403 5004 llnncrero
1420 4945 1694 5012 nonnullinequerecte
1711 4955 1789 5002 neque

1023 5066 1090 5103 more
1106 5049 1226 5101 maiorum
1245 5060 1284 5095 res
1305 5057 1361 5095 suas
1387 5043 1417 5092 ab
1436 5042 1522 5091 alienis
1541 5037 1721 5091 disterminant,
1742 5033 1786 5083 scd

1024 5133 1189 5202 possessiones
1219 5143 1277 5180 suas
1301 5126 1483 5176 liniuntrerum
1508 5123 1615 5174 omnium
1640 5114 1786 5182 cupiditate.
