3772 5828
87 325 204 416 ‘ii

164 457 296 528 δεηθέντι,
315 453 443 531 μαντικήν
467 446 546 512 οὐσαν
570 453 615 511 καί
639 454 728 532 σοφήν.
770 452 883 531 Λέγεται
907 455 934 514 δέ

163 544 231 602 κατὰ
247 542 290 601 τὸν
307 542 436 617 πολισμὸν
450 546 495 599 τοῦ
507 539 647 600 Λαουϊνίου
665 548 762 615 σημεῖα
775 550 828 608 τοῖς
842 541 933 620 Τρωσί

162 629 281 707 γενέσθαι
293 629 395 686 τοιάδε·
411 627 492 707 πυρὸς
505 625 659 704 αὐτομάτως
674 626 830 706 ἀναφθέντος
844 629 873 686 ἐκ
888 633 935 699 τῆς

163 719 266 792 νάπης,
288 718 365 776 λύκον
381 715 428 792 μέν
447 719 484 796 τῷ
504 715 618 793 στόματι
631 715 772 789 κομίζοντα
791 720 837 786 τῆς
857 716 936 797 ξηρᾶς

121 823 135 860 ο
162 806 224 878 ὐλης
240 805 390 865 ἐπιόάλλειν
409 804 452 865 ἐπὶ
468 804 496 863 τδ
508 809 571 882 πῦρ,
589 802 664 862 ἀετόν
679 804 706 861 δέ
726 804 935 883 προσπετόμενον

162 895 338 973 ἀναρριπίζειν
357 917 390 968 τη
413 893 514 963 κινήσει
537 894 590 948 τῶν
610 891 745 969 πτερύγοιν
768 892 816 962 τήν
832 892 932 971 φλόγα,

159 981 260 1046 τούτοις
275 981 301 1039 δὲ
312 982 435 1038 τάναντία
449 977 645 1057 μηχανωμένην
659 977 782 1038 ἀλώπεκα
794 979 842 1050 τὴν
855 981 933 1058 οὐρδν

161 1068 300 1146 διάδροχον
317 1070 347 1125 ἐκ
362 1073 408 1125 τοῦ
428 1072 547 1143 ποταμοῦ
563 1072 691 1147 φέρουσαν
711 1067 888 1146 ἐπιρραπίζειν
903 1070 933 1127 τὸ

161 1160 298 1232 καιόμενον
315 1159 419 1234 {erip}
433 1156 475 1212 καί
489 1155 546 1212 τοτὲ
564 1154 612 1227 μέν
624 1155 684 1222 τούς
696 1156 859 1221 ἀνάπτοντας
874 1159 931 1215 ἐπι-

107 1261 134 1302 io
160 1251 281 1322 κρατεῖν,
297 1242 356 1301 τοτὲ
369 1243 395 1300 δέ
408 1268 422 1299 τ
435 1269 455 1314 ,ν
471 1243 618 1302 ἀποσόέσαι
634 1243 809 1323 βουλομένην,
823 1244 895 1309 τέλος
905 1244 932 1303 δέ

159 1336 264 1402 νικῆσαι
284 1329 343 1397 τούς
359 1330 421 1403 δύο,
445 1331 490 1388 καί
510 1329 557 1400 τὴν
577 1333 669 1404 έτέραν
696 1331 814 1410 οἴχεσθαι
837 1332 932 1407 μηκέτι

158 1422 241 1478 ποιεῖν
254 1444 280 1478 τι
296 1419 452 1495 δυναμένην.
495 1418 596 1478 'lidiae
611 1418 637 1478 δὲ
653 1421 697 1477 τὸν
715 1421 820 1480 Λίνεὶαν
835 1423 929 1494 εἰπεῖν,

158 1513 193 1574 ὡς
204 1505 330 1586 ἐπιφανής
344 1507 390 1583 μέν
401 1507 477 1564 ἔσται
490 1509 535 1564 καί
548 1505 687 1582 θαυμαστὴ
701 1507 745 1565 καί
757 1506 876 1582 γνώσεως
888 1509 931 1567 ἐπὶ
961 1504 963 1509 ’

160 1598 281 1655 πλεῖστον
296 1594 396 1665 ήκουσα
413 1599 430 1665 ἦ
448 1592 573 1668 ἀποικία,
586 1593 719 1674 ἐπίφθονος
738 1594 765 1654 δέ
783 1597 836 1661 τοῖς
850 1596 931 1663 πέλας

105 1689 140 1746 io'.
159 1684 285 1759 αὐξομένη
307 1682 351 1740 καὶ
372 1680 496 1760 λυπηρδι,
512 1682 639 1762 κρατήσει
654 1683 676 1740 δ’
695 1682 767 1757 ὅμως
786 1686 839 1741 τῶν
860 1687 930 1742 ἀντι·

158 1770 324 1846 πραττόντων
334 1771 470 1850 κρείττονα
479 1769 526 1842 τὴν
538 1773 567 1828 ἐκ
578 1775 625 1829 τοῦ
636 1770 703 1830 θείου
716 1770 800 1850 τύχην
812 1771 931 1832 λαθοῦσα

156 1864 202 1918 τοῦ
218 1858 280 1938 παρ’
295 1857 438 1938 ἀνθρόνπων
453 1859 674 1932 ἐναντιωσομένου
689 1861 791 1938 φθόνου.
835 1863 929 1919 Ταῦτα

159 1947 206 2022 μέν
227 1945 258 2018 δὴ
278 1945 345 2006 οῦτυι
368 1951 497 2026 περιφανῆ
521 1948 665 2023 μηνύματα
686 1948 791 2025 λέγεται
811 1950 931 2026 γενέσθαι

157 2037 208 2093 τῶν
225 2032 436 2110 συμῦησομένων
450 2038 484 2114 τῇ
499 2035 587 2092 πόλει·
602 2035 646 2092 καί
666 2034 735 2093 ἔστιν
755 2038 840 2094 αὐτῶν
865 2061 931 2112 μνη·

102 2139 128 2177 ευ
157 2126 209 2198 μεῐ’
226 2126 253 2181 ἐν
273 2125 501 2203 τῇΛαουινιατιῦν
525 2126 624 2200 ἀγορᾷ,
646 2124 749 2201 χάλκεα
768 2123 864 2182 εἴδωλα
878 2129 929 2183 τῶν

157 2210 230 2279 ζώων
246 2213 275 2269 ἐκ
290 2213 389 2269 πολλοῦ
403 2209 471 2269 πάνυ
486 2211 581 2289 χρόνου
596 2210 798 2287 διατηρούμενα.

196 2301 256 2359 LX.
273 2298 383 2367 Ἐπειδὴ
402 2301 429 2356 δὲ
449 2300 646 2370 κατεσκευάσθη
666 2299 718 2366 τοῖς
729 2299 863 2376 Τρωσὶνή
880 2299 928 2358 πό-

155 2387 209 2456 λις,
225 2386 348 2460 ἐπιθυμία
365 2386 464 2453 πάντας
483 2386 554 2465 ἴσχει
574 2391 620 2445 τοῦ
638 2389 701 2465 παρ’
723 2387 844 2459 ἀλλήλων
859 2390 928 2447 ἀπο·

156 2474 253 2530 λαῦσαι
275 2473 419 2551 χρησίμου,
465 2474 518 2533 Καὶ
542 2477 565 2532 ol
586 2476 702 2552 βασιλεῖς
723 2477 808 2534 αὐτῶν
828 2478 928 2554 πρῶτον

108 2577 135 2613 aa
157 2559 279 2640 ἀρχουσι,
297 2561 417 2635 μίξαντες
430 2567 477 2619 τοῦ
489 2565 513 2619 τ’
527 2563 667 2642 ἐπιχωρίου
683 2562 728 2621 καί
743 2569 788 2623 τοῦ
801 2565 929 2636 ἐπήλυδος

155 2647 243 2728 γένους
262 2649 310 2722 τήν
336 2649 440 2718 ἀξίωσιν
456 2648 499 2709 έπί
524 2653 699 2727 συναλλαγαῖς
719 2653 819 2730 γάμου,
842 2652 928 2720 δόντος

155 2736 270 2798 Λατίνου
303 2737 351 2810 τήν
381 2739 510 2818 θυγατέρα
539 2744 644 2799 Λαῦναν
679 2740 771 2822 Λίνείφ
803 2750 926 2821 γυναῖκα.

154 2823 269 2890 Ἔπειτα
283 2830 329 2887 καὶ
343 2831 367 2887 ol
383 2829 458 2887 ἀλλοι
472 2826 518 2898 τὴν
535 2829 615 2898 αὐτὴν
632 2827 772 2903 ἐπιθυμίαν
784 2837 838 2895 τοῖς
850 2833 927 2908 βασι-

153 2917 227 2976 λεῦσι
240 2917 377 2985 λαθόντες,
395 2917 440 2973 καὶ
456 2917 489 2972 δι’
508 2915 597 2991 ὀλίγου
613 2916 682 2973 πάνυ
698 2916 792 2994 χρόνου
808 2939 927 2996 συνενεγ·

100 3009 127 3050 ³⁰
153 3003 263 3081 κάμενοι
279 3008 323 3072 ἔθη
341 3003 386 3059 καὶ
399 3001 493 3077 νόμους
513 3003 558 3060 καὶ
573 3005 637 3059 θεῶν
651 3000 727 3078 ἱερὰ,
743 3001 847 3074 κηδείας
862 3026 928 3061 συν-

154 3092 266 3171 άψαντες
289 3091 412 3160 ἀλλήλοις
432 3089 477 3148 καὶ
498 3091 641 3157 κοινωνίαις
656 3089 777 3167 πολέμων
799 3094 927 3170 ἀνακερα-

152 3177 263 3251 σθέντες,
278 3183 350 3256 κοινῇ
373 3179 521 3256 σύμπαντες
544 3177 673 3257 ὀνομασία
695 3180 928 3259 προσαγορεύοντες

152 3264 258 3332 έαυτούς
274 3267 324 3326 ἀπδ
336 3271 382 3326 τοῦ
397 3265 526 3347 βασιλέως
539 3269 591 3324 τιῦν
607 3265 773 3344 ’Λόοριγίνων
789 3270 926 3340 Λατίνους,

152 3351 219 3412 ούτω
240 3353 352 3434 βεόαίως
372 3354 476 3431 ἔμειναν
500 3354 543 3412 έπί
569 3363 622 3420 τοῖς
644 3351 838 3430 συγκειμένοις,
864 3355 927 3418 ὥστ’

98 3459 124 3498 ac
151 3442 235 3511 οὐδεὶς
250 3443 341 3511 αὐτούς
355 3444 393 3503 ἔτι
402 3445 495 3522 χρόνος
510 3445 558 3500 ἀπ’
573 3443 695 3513 ἀλλήλων
711 3443 841 3513 διέστησε.
883 3448 925 3505 T&

152 3527 199 3606 μέν
222 3530 254 3601 δὴ
269 3532 414 3590 συνελθόντ’
434 3532 493 3603 ἔθνη
508 3532 553 3591 καί
566 3531 747 3609 κοινωσάμενα
763 3531 822 3600 τούς
837 3533 924 3613 βίου’ς,

152 3613 179 3682 ίξ
191 3605 228 3672 aba
240 3618 269 3675 τὸ
284 3617 426 3695 Ῥωμαίων
440 3619 512 3696 γένος
526 3618 652 3699 όνρμητο,
666 3619 727 3699 πρὶν
742 3620 774 3691 ἢν
790 3624 835 3679 νῦν
851 3619 923 3700 ἔχου·

152 3724 193 3760 σιν
219 3706 364 3776 οἰκισθῆναι
384 3711 473 3781 πόλιν,
496 3707 570 3766 ταῦτ’
590 3713 678 3768 ἐστιν·
698 3707 854 3787 ’Λόοριγῑνες
876 3711 924 3785 μέν

151 3794 269 3868 πρῶτον,
284 3792 310 3852 οἳ
322 3795 444 3862 Σικελούς
459 3796 633 3868 ἐξανέστησαν
648 3799 677 3854 ἐκ
694 3797 789 3854 τούτων
803 3803 854 3855 τῶν
867 3821 922 3876 χω-

95 3883 123 3926 ⁴⁰
152 3878 233 3957 ρίων,
248 3878 380 3954 Ἕλληνες
404 3883 474 3950 ὄντες
490 3884 519 3942 τὸ
541 3887 651 3964 ἀρχαῖον
675 3884 705 3939 ἐκ
722 3885 923 3954 Πελοποννήσου

150 3971 202 4026 τῶν
217 3966 262 4026 οὐν
276 3970 403 4051 Οἰνώτρῳ
418 3972 646 4049 μετενεγκαμένων
661 3969 708 4040 τήν
721 3969 821 4034 οἴκησιν
836 3972 866 4029 ἐκ
877 3977 923 4042 τῆς

150 4057 314 4129 καλουμένης
339 4065 382 4117 νῦν
399 4059 549 4136 Ἀρκαδίας,
564 4064 598 4126 ὡς
621 4058 672 4136 έγύν
686 4057 825 4133 πείθομαι·
841 4059 921 4119 ἔπειθ’

150 4145 173 4202 οἱ
191 4147 400 4218 μεταναστάντες
416 4149 445 4204 ἐκ
468 4153 513 4219 τῆς
527 4148 584 4207 τότε
607 4149 654 4224 μὲν
673 4146 816 4223 Αἱμονίας,
834 4151 878 4203 νῦν
893 4150 920 4206 δέ

149 4233 297 4300 θετταλίας
317 4236 492 4310 καλουμένης,
511 4235 660 4313 Πελασγοί·
683 4235 765 4313 τρίτοι
788 4235 809 4291 δ’
829 4237 852 4291 οἱ
872 4234 918 4293 σύν

94 4325 121 4366 ⁴⁵
150 4321 275 4402 Εὐάνδρῳ
291 4324 512 4399 παραγενηθέντες
528 4327 563 4390 εἷς
577 4323 694 4384 Ἰταλίαν
710 4327 738 4381 ἐκ
753 4322 920 4383 Παλλαντίου

148 4409 261 4475 πολεως·
278 4411 343 4485 μετόι
360 4412 386 4468 δὲ
401 4414 504 4479 τούτους
515 4418 565 4471 τῶν
581 4413 627 4473 σύν
640 4412 768 4490 Ἡρακλεῖ
780 4433 918 4489 στρατευο-

150 4500 234 4571 μένων
251 4501 469 4571 Πελοποννησίων
485 4501 586 4562 Ἐπειοί
606 4499 694 4559 τεκαὶ
715 4500 864 4570 Φενεᾶται,
882 4490 919 4566 οἷς

148 4587 193 4647 καί
207 4589 325 4668 Τρωϊκόν
343 4612 368 4646 τι
383 4589 528 4666 ε’μμέμικτο
537 4615 543 4628 ·
553 4593 695 4649 τελευταῖοι
708 4588 731 4645 δ’
745 4591 769 4645 ol
784 4587 921 4647 διασωθέν-

147 4700 189 4743 τες
204 4676 250 4737 σύν
265 4678 358 4757 Αίνείφ
379 4680 469 4756 Τρῶες
483 4679 508 4746 ἐξ
523 4679 601 4738 Ἰλίου
615 4702 643 4737 τε
662 4677 707 4735 καί
723 4677 858 4756 Δαρδάνου
874 4677 918 4735 καί

93 4765 121 4802 ⁶⁰
149 4769 199 4823 τῶν
215 4767 301 4824 ἄλλοιν
324 4769 451 4845 Τρυιϊκῶν
467 4768 579 4827 πόλεων.

188 4856 260 4915 lili.
277 4854 342 4921 Ὅτι
357 4855 383 4914 δέ
398 4855 483 4915 καὶτὸ
496 4859 548 4913 τῶν
560 4854 659 4933 Τρώων
678 4853 748 4920 ἔθνος
762 4851 917 4923 Ἑλληνικὸν

148 4942 174 4998 ἐν
200 4945 252 5010 τοῖς
272 4945 377 5020 μάλιστ’
398 4937 448 5017 ήν,
470 4947 500 5004 ἐκ
520 4944 721 5013 Πελοποννήσου
746 4945 804 5001 ποθ’
823 4947 918 5019 όιρμη·

149 5027 241 5106 μόνον,
271 5034 371 5113 εἴρηται
391 5037 438 5110 μὲν
460 5035 505 5093 καί
528 5033 616 5099 ἄλλοις
639 5032 691 5089 τισὶ
710 5031 808 5102 πάλαι,
821 5027 915 5106 λεχθή·

148 5141 221 5178 σεται
240 5119 266 5178 δὲ
285 5125 410 5204 καὶπρὸς
433 5129 496 5200 ἐμοῦ
515 5126 548 5184 δι’
563 5123 667 5183 ὀλίνων.
710 5118 791 5199 Ἔχει
806 5119 828 5175 δ’
843 5119 857 5174 δ
870 5117 915 5174 λύ-

682 321 850 383 DIONYSll
873 322 1250 384 flnnicaanassansis

989 468 1062 512 essai.
1096 466 1162 512 Dum
1176 467 1258 512 autem
1279 463 1335 512 urbs
1354 463 1480 512 Lavinium
1495 464 1620 526 conditur,
1636 465 1688 515 limo
1712 481 1769 530 pro·

989 555 1055 619 digia
1078 557 1189 606 Troianis
1205 557 1287 606 oblata
1302 557 1409 607 tradunt.
1443 560 1496 622 igni
1513 560 1538 609 in
1558 573 1657 611 nemore
1680 569 1768 626 sponte

988 661 1109 709 accenso,
1129 648 1199 698 aium
1215 649 1302 712 lupum
1320 663 1362 699 oro
1384 650 1513 701 materiam
1528 651 1622 703 aridam
1634 654 1722 706 tulisse
1740 660 1765 708 el

988 743 1015 790 in
1030 740 1110 803 ignem
1122 741 1254 791 coniecisse
1269 762 1275 791 z
1292 741 1399 804 aquilam
1416 755 1475 791 vero
1490 743 1618 794 advolasse
1627 747 1653 797 et
1668 746 1765 798 alarum

988 823 1119 895 agitabione
1141 832 1265 882 flammam
1278 833 1398 884 excitasse
1413 853 1418 882 ι
1432 835 1474 883 eod
1485 835 1584 899 volpem
1597 837 1665 888 bisce
1676 852 1765 904 magno

988 924 1105 973 studiose
1116 926 1268 987 opposuisse,
1282 927 1307 974 et
1318 925 1397 975 cauda
1409 926 1434 975 in
1449 926 1552 978 flumine
1560 928 1698 981 madefacta
1710 943 1766 995 ope·

987 1030 1040 1066 ram
1054 1016 1152 1068 dedisse
1167 1020 1197 1068 ut
1217 1017 1355 1068 incendium
1369 1020 1541 1083 exstingueret.
1575 1024 1607 1072 m
1627 1024 1701 1074 modo
1723 1039 1765 1076 cos

986 1106 1029 1169 qui
1040 1106 1120 1171 ignem
1133 1107 1298 1158 accendebant
1310 1109 1478 1172 praevaluisse,
1489 1111 1562 1162 modo
1575 1111 1696 1176 arrrtpem,
1706 1128 1763 1178 qum

986 1197 1110 1249 mmmam
1120 1199 1275 1264 exstinguere
1283 1201 1382 1253 volebat
1392 1221 1398 1250 ι
1413 1203 1512 1253 landem
1520 1216 1579 1253 vero
1590 1204 1653 1254 duos
1663 1205 1717 1255 illos
1729 1207 1764 1256 vi·

986 1290 1062 1351 cisse,
1072 1294 1098 1342 el
1109 1291 1181 1350 banc,
1192 1307 1249 1343 cum
1260 1292 1321 1344 nihil
1334 1293 1439 1358 amplius
1450 1295 1548 1346 eiicere
1562 1301 1646 1359 posset
1661 1271 1760 1349 abiisse.

986 1387 1085 1434 AEneam
1108 1388 1191 1434 autem
1207 1398 1234 1434 rc
1256 1386 1309 1434 visa
1321 1385 1412 1434 dixisse
1433 1386 1532 1447 ierunt,
1548 1388 1667 1437 coloniam
1686 1388 1759 1439 islam

986 1477 1102 1528 illustrem
1113 1476 1212 1540 quidem
1224 1480 1250 1527 el
1260 1476 1429 1527 admirabilem
1445 1478 1553 1528 futuram
1566 1492 1705 1542 nomenque
1714 1495 1758 1532 ce·
1834 1500 1837 1504 ’

985 1570 1141 1620 leberrimum
1165 1568 1324 1632 adepturam,
1347 1568 1391 1618 sod
1417 1571 1471 1620 eius
1491 1570 1641 1621 incrementa
1664 1573 1762 1636 populis

985 1662 1093 1712 finitimis
1100 1660 1219 1711 invidiosa
1228 1662 1280 1711 lore
1289 1666 1313 1712 el
1326 1663 1428 1712 molesta
1438 1681 1444 1711 :
1454 1664 1607 1714 adversarios
1616 1666 1698 1714 nmen
1706 1665 1761 1714 eius

984 1751 1016 1801 ab
1025 1753 1079 1814 ipsa
1090 1754 1233 1814 superatum
1244 1752 1286 1811 iri,
1299 1752 1367 1815 quod
1376 1753 1483 1804 numinis
1492 1754 1569 1804 divini
1584 1755 1666 1805 lavore
1677 1755 1758 1806 loriu-

984 1856 1040 1892 uam
1060 1843 1166 1892 bumana
1185 1843 1278 1893 invidia
1290 1844 1360 1906 longe
1375 1846 1537 1908 patentiorem
1555 1846 1669 1897 habitura
1682 1852 1757 1898 esset.

985 1937 1045 1984 liaec
1057 1933 1132 1998 igitur
1146 1939 1197 1985 tam
1215 1935 1343 1985 manifesta
1357 1936 1469 2000 prodigia
1483 1938 1590 1988 suturam
1600 1938 1668 1988 urbis
1679 1938 1758 1989 loriu-

985 2042 1041 2078 nam
1052 2028 1173 2078 indicasse
1186 2028 1318 2086 dicuntum
1334 2033 1481 2095 exstantque
1502 2043 1587 2080 eorum
1601 2035 1761 2082 monumenta
1815 2028 1818 2033 ’

984 2122 1009 2171 in
1027 2120 1208 2171 Lacinienaium
1221 2122 1288 2181 loro,
1305 2136 1380 2171 aeneae
1394 2121 1535 2173 animalium
1553 2121 1687 2184 imagines,
1703 2123 1760 2173 inde

983 2213 1134 2277 apermuliis
1143 2213 1212 2263 annis
1224 2215 1369 2265 adservatae.

1014 2313 1064 2360 Lx.
1080 2308 1146 2362 Urbe
1165 2317 1277 2364 autema
1295 2313 1405 2363 Troianis
1414 2312 1541 2371 absoluta,
1555 2311 1687 2363 vehemens
1701 2327 1755 2363 om·

983 2412 1051 2460 nium
1063 2411 1158 2460 animos
1170 2411 1292 2474 cupiditas
1302 2411 1390 2461 invasit
1410 2410 1490 2468 socios
1510 2409 1602 2460 mutuis
1614 2409 1706 2465 officiis
1717 2411 1756 2460 ni·

982 2507 1065 2557 cissim
1076 2507 1225 2558 demerendi.
1243 2511 1324 2569 alque
1339 2518 1409 2566 rogos
1424 2517 1511 2554 eorum
1526 2503 1600 2554 buius
1612 2504 1647 2554 rei
1660 2505 1755 2553 initium

983 2606 1091 2654 iecerunt
1101 2643 1106 2664 ,
1118 2605 1160 2667 qui
1177 2604 1346 2667 indigenarum
1358 2607 1384 2653 et
1398 2602 1549 2652 advenarum
1558 2601 1701 2665 dignitatem
1715 2616 1757 2651 co·

982 2705 1063 2755 nubiis
1075 2689 1238 2763 miscuerunt,
1256 2705 1341 2753 Latino
1352 2705 1433 2752 AEnem
1445 2701 1571 2751 laviniam
1582 2700 1655 2751 liliam
1665 2703 1689 2750 in
1703 2715 1755 2750 ma·

982 2803 1124 2852 trimonium
1133 2803 1214 2852 dante.
1232 2801 1325 2851 Deinde
1338 2801 1427 2859 reteri,
1438 2812 1524 2861 regum
1538 2799 1658 2862 exemplo,
1670 2798 1757 2848 eadem

981 2899 1114 2964 cupiditate
1130 2900 1273 2963 flagrantes,
1287 2897 1430 2948 brevissimo
1444 2896 1561 2958 temporis
1580 2894 1660 2959 spatio
1677 2896 1755 2944 mori-

982 3002 1027 3051 bus
1046 2998 1140 3062 legibus
1159 2999 1261 3047 deorum
1280 2997 1356 3046 sacris
1375 2997 1399 3045 in
1418 3009 1495 3044 unum
1515 2994 1626 3054 collatis,
1646 2998 1672 3044 et
1685 3007 1753 3043 com·

980 3097 1105 3147 municato
1123 3109 1167 3159 per
1186 3093 1289 3143 conubia
1313 3106 1399 3155 gonaro
1416 3095 1490 3156 atquc
1508 3090 1629 3140 bellorum
1645 3102 1755 3139 commu-

980 3195 1051 3246 nione
1070 3192 1156 3252 mixti,
1171 3191 1292 3241 communi
1314 3189 1474 3254 appellatione
1495 3201 1578 3250 arego
1597 3186 1753 3250 Aboriginum

980 3293 1077 3353 sumpta
1090 3304 1116 3339 sc
1128 3289 1227 3338 Latinos
1237 3290 1355 3336 vocarunt
1371 3304 1376 3332 ι
1398 3289 1423 3334 et
1434 3283 1460 3332 in
1475 3284 1554 3346 pactis
1566 3281 1628 3332 adeo
1641 3285 1754 3332 constan-

982 3395 1020 3440 ter
1034 3390 1191 3445 manserunt,
1213 3389 1241 3435 ui
1253 3384 1346 3433 nullum
1361 3387 1459 3446 tempus
1471 3395 1514 3431 eos
1527 3379 1608 3429 adbuc
1625 3380 1753 3442 separarit.

980 3480 1071 3529 Gentes
1090 3476 1164 3539 igitur
1178 3487 1234 3537 anc
1249 3473 1272 3522 in
1287 3485 1363 3520 narium
1379 3471 1546 3520 convenerunt
1561 3468 1587 3517 ct
1599 3465 1658 3516 ritae
1672 3466 1752 3516 socie·

978 3580 1055 3626 tatem
1074 3575 1218 3630 iunxerunt,
1233 3568 1367 3633 exquibus
1383 3581 1460 3631 genus
1473 3568 1606 3615 Romanum
1617 3565 1699 3613 ortum
1715 3567 1754 3613 est

978 3678 1109 3739 antequam
1133 3640 1287 3734 urbs'qnam
1308 3681 1372 3716 nunc
1397 3664 1510 3714 incolunt
1529 3660 1692 3721 conderetur,
1712 3659 1752 3710 bre

978 3778 1036 3825 sunt
1056 3793 1061 3823 :
1084 3772 1193 3823 Primum
1214 3768 1315 3833 quidem
1331 3763 1487 3827 aborigines,
1501 3761 1542 3823 qui
1562 3757 1657 3810 Siculos
1670 3772 1698 3808 ex
1714 3757 1753 3807 bis

976 3870 1037 3921 locis
1062 3869 1224 3933 expulerunt,
1248 3865 1295 3928 ipsi
1321 3874 1407 3926 genere
1429 3859 1507 3910 Graeci
1528 3871 1559 3907 cx
1586 3857 1751 3921 Peloponneso
1805 3914 1809 3920 ι

977 3966 1073 4017 oriundi
1091 3965 1121 4014 ab
1140 3965 1175 4015 cis
1194 3968 1222 4012 ut
1237 3961 1336 4025 opinor,
1354 3957 1468 4021 quicum
1484 3957 1589 4005 OEnotro
1603 3968 1635 4006 ex
1652 3967 1682 4006 ea
1696 3965 1751 4017 quae

977 4077 1043 4114 nunc
1062 4061 1167 4111 Arcadia
1179 4065 1282 4108 vocatur
1295 4055 1366 4105 sedes
1379 4055 1428 4103 linc
1447 4052 1626 4102 lraustuleruni
1641 4069 1648 4102 ι
1663 4049 1752 4102 deinde

971 4160 1070 4224 Pelasgi
1079 4160 1122 4222 qui
1132 4158 1266 4219 migrarunt
1276 4169 1305 4204 ex
1315 4168 1343 4203 ea
1352 4155 1466 4212 repione,
1476 4163 1532 4213 (μου
1543 4151 1603 4200 tunc
1614 4147 1750 4207 iiaemonia,

976 4274 1040 4311 nuno
1054 4273 1113 4310 voro
1121 4255 1244 4307 Thessalia
1256 4258 1358 4303 vocatur
1374 4270 1379 4300 ι
1394 4249 1462 4301 tertii
1478 4262 1537 4298 vero
1551 4248 1650 4297 inerunt
1661 4245 1704 4309 qui
1719 4259 1750 4296 ex

975 4358 1064 4423 oppido
1077 4354 1193 4405 Pallanlio
1207 4353 1231 4400 in
1244 4351 1338 4399 ltaliam
1353 4363 1410 4399 cnm
1418 4345 1533 4396 Euandro
1544 4345 1664 4393 nonerunt
1676 4361 1682 4390 ι
1695 4345 1751 4404 post

975 4455 1021 4506 hoo
1032 4468 1046 4504 e
1056 4447 1296 4514 Peloponnesiis‚qui
1305 4460 1362 4494 rum
1373 4443 1477 4492 Hercule
1487 4439 1639 4498 militabant,
1653 4438 1712 4500 Epei
1725 4440 1750 4486 et
1791 4479 1795 4487 .

976 4554 1104 4603 Pheneatae
1114 4586 1119 4603 .
1134 4546 1225 4609 quibus
1236 4546 1262 4593 ct
1273 4541 1366 4605 aliquot
1376 4539 1474 4589 Troiani
1487 4538 1558 4586 erant
1566 4533 1672 4584 admirali
1683 4551 1689 4580 ι
1702 4545 1746 4596 ρο-

976 4649 1060 4701 stremi
1070 4660 1128 4696 voro
1142 4647 1237 4692 inerunt
1251 4639 1363 4697 Troiani,
1374 4637 1417 4700 qui
1426 4649 1454 4686 ex
1466 4635 1509 4684 llio
1521 4635 1546 4682 ei
1557 4629 1670 4680 Dardano
1682 4633 1748 4679 cele·

974 4751 1057 4814 risque
1068 4744 1178 4797 Troianis
1193 4742 1296 4791 iratribus
1312 4738 1444 4788 incolumes
1455 4749 1511 4783 cnm
1524 4734 1600 4782 AEnea
1609 4729 1746 4778 evaserant.

1007 4851 1067 4898 axi.
1087 4844 1246 4895 Troianorum
1266 4842 1348 4888 aulem
1371 4839 1468 4899 gentem
1494 4828 1654 4893 cumprimis
1677 4827 1747 4877 Grae·

975 4953 1029 4988 eam
1050 4936 1124 4984 luisse
1141 4945 1169 4981 ex
1196 4929 1361 4991 Peloponneso
1381 4921 1504 4987 quondam
1530 4918 1676 4983 pmsectam,
1696 4912 1746 4980 iam

974 5026 1069 5093 pridem
1081 5022 1181 5086 quidem
1191 5018 1222 5069 ab
1233 5018 1287 5066 aliis
1300 5013 1446 5078 quibusdam
1458 5013 1495 5059 est
1507 5007 1615 5063 dicium,
1627 5000 1695 5053 seda
1706 5012 1747 5049 me

975 5130 1072 5182 quoque
1083 5113 1168 5179 paucis
1178 5110 1280 5159 dicotur.
1314 5105 1375 5153 lianc
1384 5106 1464 5151 autom
1478 5102 1532 5148 suni
1545 5109 1600 5161 qna
1613 5092 1643 5143 de
1652 5090 1688 5143 eis
1699 5092 1748 5138 ira·
