3772 5828
601 388 894 462 ANTIQUiTATUbi
918 389 1063 450 ROMAN.
1087 390 1160 450 Liss.
1184 391 1234 452 iii.

119 550 135 580 a
152 522 237 600 μαίοις
262 526 296 602 τῇ
315 519 481 601 παρελθούσῃ
505 519 595 594 νυκτί,
609 520 801 599 συναγαγόντος
829 521 897 596 ἐμοῦ

122 611 197 683 «τὴν
225 609 323 691 βουλὴν
348 609 393 669 καί
422 608 456 667 τδι
476 608 586 676 δόξαντα
607 616 660 675 τοῖς
681 607 813 686 συνέδροις
830 630 898 689 γρα-

120 701 285 781 αψαμένου·
301 697 350 770 τὴν
368 697 417 775 μίν
431 699 508 758 πόλιν
530 700 603 774 ὑμῶν
628 702 829 779 καθαιρεθῆναι,
852 698 897 756 καὶ

122 814 136 846 u
151 787 218 865 μήτε
231 791 283 846 τῶν
295 785 429 862 δημοσίων
443 785 512 862 μήτε
523 788 575 844 τῶν
586 787 723 845 ἰδιωτικῶν
734 809 898 845 κατασκευα-

121 901 135 934 u
152 876 261 954 σμάτων
274 874 349 955 optio
363 873 411 956 [τι]
426 876 519 935 έάσθαι
538 875 669 952 διαμένειν
684 874 765 952 μηθέν
781 873 831 943 ἔξω
846 877 897 932 τῶν

120 990 135 1021 ιι
150 968 241 1045 ἱερῶν,
256 964 315 1031 τοὺς
328 965 356 1024 δέ
371 965 397 1022 ἐν
412 964 479 1044 αὐτῇ
495 962 596 1030 πάντας
610 962 718 1043 ἔχοντας
732 962 775 1030 οὓς
793 962 838 1022 καὶ
852 968 897 1021 νῦν

123 1054 245 1132 «έχουσι
267 1049 394 1131 κλήρους,
419 1049 591 1130 ἀνδραπόδων
605 1075 634 1111 τε
652 1050 698 1110 καὶ
722 1050 897 1128 βοσκημάτων

124 1165 138 1199 ιι
151 1141 196 1200 καὶ
214 1143 263 1199 τῶν
277 1141 365 1199 ἀλλων
380 1140 526 1221 χρημάτων
545 1140 627 1216 μηδὲν
653 1139 849 1220 ἀφαιρεθέντας,
870 1140 897 1196 ἐν

121 1256 135 1284 ιι
151 1228 244 1309 Ῥώμη
265 1226 311 1288 τδν
333 1229 385 1289 ἀπὸ
404 1229 479 1288 τοῖνδε
503 1227 597 1308 χρόνον
612 1230 708 1287 οἰκεῖν·
734 1227 798 1300 ὅσην
818 1251 848 1286 τε
868 1227 897 1285 τὸ

119 1318 232 1378 ιικοινδν
264 1320 338 1395 ὑμῶν
362 1317 487 1390 ἐκέκτητο
516 1321 566 1396 γῆν
597 1325 648 1382 τοῖς
674 1316 775 1395 μηθένα
800 1319 897 1395 κλῆρον

119 1428 132 1460 α
148 1404 252 1484 ἔχουσιν
265 1404 407 1465 Ἀλὸανῶν
422 1406 632 1485 διαμερισθῆναι,
646 1405 727 1484 χωρίς
751 1407 804 1462 τῶν
819 1405 895 1482 ίερῶν

120 1493 310 1572 «κτημάτων,
329 1492 355 1561 ἐξ
378 1485 415 1553 διν
438 1498 466 1553 εί
491 1493 578 1553 θυσίαι
601 1498 654 1561 τοῖς
677 1500 743 1561 θεοῖς
763 1495 889 1569 ἐγίνοντο.

121 1582 240 1643 ιιΟίκων
258 1582 285 1642 δέ
301 1589 482 1654 κατασκευῆς,
498 1583 525 1640 έν
543 1573 581 1649 οἷς
595 1582 654 1648 τοὺς
668 1583 738 1660 βίους
755 1581 891 1664 ἱδρύσεσθε

118 1675 174 1731 τοί
197 1671 435 1748 μετανιστάμενοι,
459 1673 518 1729 καθ’
537 1669 581 1737 οὓς
607 1672 710 1729 ἔσονται
731 1674 777 1739 τῆς
797 1668 897 1733 πολεως

119 1782 132 1816 ιι
148 1757 259 1832 τόπους,
274 1759 321 1837 ἐμὲ
341 1758 501 1831 ποιήσασθαι
529 1758 652 1838 πρόνοιαν
676 1758 895 1836 συλλαμάάνοντα

120 1870 134 1903 α
151 1848 206 1916 τοῖς
229 1847 408 1926 ἀπορωτάτοις
429 1851 502 1925 ὑμῶν
516 1850 563 1920 τῆς
576 1849 612 1914 είς
634 1846 668 1907 τά
689 1847 753 1926 ἔργα
766 1845 894 1917 δαπάνης.

124 1959 139 1993 ιι
154 1936 209 1996 Καί
224 1935 254 1994 τδ
269 1935 315 2012 μέν
327 1936 392 1996 ἀλλο
406 1938 503 2009 πλῆθος
519 1939 592 2014 ὓμῶν
605 1936 673 2016 μετά
683 1939 736 1996 τῶν
752 1936 816 2016 παρ’
832 1934 896 2011 ἡμῖν

119 2049 134 2082 α
151 2026 299 2101 δημοτικῶν
315 2027 448 2086 συντελεῖν
463 2029 499 2094 εἷς
517 2025 599 2107 φυλὰς
615 2026 660 2086 καί
672 2025 788 2107 φράτρας
811 2047 897 2083 κατα·

119 2137 134 2171 α
151 2116 290 2193 μερισθὲν,
317 2117 413 2196 βουλῆς
428 2116 456 2175 δέ
472 2115 594 2195 μετέχειν
615 2114 660 2174 καί
688 2112 771 2193 ἀρχάς
788 2111 896 2190 λαμῶά·

61 2246 76 2258 .
116 2226 132 2258 α
147 2227 198 2262 νειν
219 2205 264 2263 καὶ
293 2212 346 2272 τοῖς
379 2203 525 2280 πατρικίοις
552 2207 767 2284 προσνεμηθῆναι
803 2200 896 2261 τούσδε

120 2315 135 2349 ιι
148 2291 207 2360 τοὺς
224 2292 325 2371 οίκους,
353 2291 493 2367 Ἰουλίους,
518 2292 697 2372 Σερουιλίους,
725 2290 895 2370 Κοριατίους,

117 2404 133 2436 α
150 2383 320 2455 Κοϊντιλίους,
333 2380 485 2454 Κλοιλίους,
496 2379 647 2458 Γεγανίους,
663 2380 812 2444 Μετιλίους·
825 2379 894 2439 Μέτ·

118 2489 132 2524 τ
149 2491 204 2527 τιον
220 2470 247 2529 δὲ
260 2471 306 2529 καί
327 2468 450 2536 miscebo
470 2468 554 2549 τούτῳ
570 2469 760 2549 βουλεύσαντας
771 2467 819 2538 τῆν
831 2490 895 2548 προ·

120 2578 136 2610 ιι
152 2557 243 2615 δοσίαν
270 2557 344 2626 δίκας
366 2561 491 2637 ὑποσχεῖν
512 2557 542 2624 ἀς
567 2556 599 2615 ἀν
613 2560 689 2633 ἡμεῖς
714 2554 833 2631 τάξωμεν
854 2557 895 2614 δι-

59 2661 90 2697 us
122 2665 138 2697 a
156 2644 254 2704 καστσῖ
270 2647 330 2724 περί
353 2645 465 2706 ἐκάστου
485 2650 537 2704 τῶν
559 2645 687 2705 ὑπαιτίων
712 2643 893 2727 καθεζόμενοι·

123 2753 138 2788 ε
157 2732 248 2791 οὐθένα
263 2732 314 2813 γάρ
329 2735 549 2813 ἀποστερήσομεν
561 2733 671 2814 κρίσεως
685 2732 744 2792 οὗδέ
765 2733 854 2809 λόγου.

157 2822 252 2883 XXX.
277 2822 326 2890 Ὡς
339 2822 366 2881 δὲ
381 2822 459 2882 ταῦτ’
473 2814 564 2895 ιίπεν,
586 2822 642 2883 ὅσοι
657 2822 704 2899 μὲν
719 2813 787 2894 ἦσαν
801 2819 896 2881 Ἀλάσ-

115 2912 168 2969 νῶν
193 2910 306 2983 πένητες
324 2912 454 2990 ἠγάπων,
479 2916 501 2971 εί
519 2911 629 2988 Ῥώμην
643 2934 672 2970 τε
694 2910 829 2980 οἰκήσουσι
849 2909 895 2970 καί

112 3002 161 3076 γῆς
177 3001 273 3078 κλῆρον
288 2999 389 3073 ἕξουσι,
413 3002 462 3060 καί
478 3001 590 3080 ἐπῄνουν
616 2999 719 3079 μεγάλῃ
736 3003 785 3080 βοῇ
799 2997 833 3059 τά
852 2999 895 3058 δι-

59 3114 89 3152 so
114 3087 228 3161 δόμενα·
249 3090 272 3147 οἱ
290 3086 319 3146 δέ
343 3089 521 3169 λαμπρότεροι
539 3089 593 3156 τοῖς
617 3088 748 3165 ἀξιώμασι
771 3089 895 3154 καὶτοῖς

114 3174 206 3254 τόχαις
220 3174 350 3256 κρείττους
363 3176 482 3254 ἤχθοντο,
502 3178 525 3236 εἰ
538 3177 626 3248 δεήσει
638 3178 715 3237 πολιν
726 3199 755 3236 τε
772 3177 821 3249 τὴν
840 3201 894 3256 γει-

115 3265 230 3338 ναμένην
251 3263 343 3332 αὐτοὺς
360 3266 476 3323 ίκλιπεῖν
490 3266 536 3325 καὶ
550 3266 707 3348 προγονικάς
721 3265 810 3333 ίστίας
827 3267 892 3344 ἐρη-

118 3355 208 3426 μῶσαι
230 3352 275 3411 καὶ
296 3352 431 3413 τδλοιπδν
445 3354 524 3412 οἰκεῖν
549 3356 576 3413 ἐν
601 3359 634 3433 τῇ
659 3354 732 3432 ξένη·
758 3345 795 3419 οἷς
820 3353 893 3412 οὐδὲν

115 3440 191 3518 ἀπῄει
202 3442 286 3517 λέγειν
301 3444 338 3509 είς
358 3441 407 3514 τὴν
420 3440 537 3522 ἐσχάτην
552 3441 798 3518 κατακεκλειμένοις
811 3441 892 3518 ἀνάγ-

56 3555 86 3594 35
116 3550 176 3600 κην.
217 3527 253 3589 ‘0
269 3529 296 3587 δέ
321 3531 441 3606 Τύλλος,
457 3529 549 3603 ἐπειδὴ
574 3529 622 3601 τὴν
637 3529 751 3590 διάνοιαν
768 3520 820 3587 εἶδε
839 3532 892 3589 τῶν

112 3618 228 3689 πολλῶν,
251 3620 436 3696 ἀπολογεῖσθαι
459 3619 504 3678 τδν
526 3616 640 3679 Μέττιον
658 3619 804 3691 ε’κίλευσεν,
822 3620 847 3677 εί
866 3642 892 3678 τι

115 3703 176 3781 πρδς
189 3710 273 3764 ταῦτα
285 3705 369 3784 λέγειν
386 3705 519 3785 βούλεται.
552 3707 611 3765 Οὐκ
628 3705 696 3786 ἔχων
713 3704 766 3764 δ’ὁ
781 3705 893 3774 Μέττιος

114 3792 130 3850 θ
145 3815 170 3850 τι
183 3794 235 3874 χρὴ
247 3793 332 3868 λέγειν
349 3793 414 3875 πρὸς
428 3793 486 3862 τοὺς
499 3794 710 3873 κατηγοροῦντάς
732 3817 760 3853 τε
773 3794 819 3854 καί
840 3818 892 3853 κα-

115 3887 357 3961 ταμαρτυροῦντας,
371 3882 420 3954 τὴν
444 3883 578 3944 'nitardo
596 3883 692 3963 βουλὴν
711 3882 806 3965 ἔφησεν
822 3886 904 3966 αὐτῷ·

55 4006 87 4046 40
114 3976 196 4031 ταῶθα
210 3972 350 4031 ὑποθέσθαι
365 3976 447 4031 ποιεῖν
465 3973 497 4031 δι’
514 3973 679 4054 ἀπορρήτων,
692 3972 730 4032 ὅτ’
746 3971 821 4049 ἐξῆγε
840 3972 889 4047 τὴν

115 4059 224 4139 δύναμιν
246 4061 290 4119 ἐπί
311 4061 356 4120 τὸν
377 4062 507 4138 πόλεμον·
522 4061 596 4133 ἠξίου
608 4086 637 4121 τε
657 4061 718 4130 τοὺς
738 4062 892 4137 Ἀλόανοίες,

113 4140 150 4217 οἷς
164 4150 363 4222 ἀνακτήσασθαι
387 4151 435 4222 τὴν
449 4151 592 4230 ἡγεμονίαν
617 4152 762 4232 ἐπεχείρει,
788 4156 892 4231 βοηθεῖν

113 4241 184 4319 αὐτῷ
197 4237 242 4298 καί
257 4239 325 4315 μήτε
338 4239 387 4308 τὴν
414 4240 531 4319 πατρίδα
556 4241 814 4316 κατασκαπτομένην
839 4265 891 4300 πε-

113 4337 202 4406 ριορᾶν
225 4327 295 4399 μήτε
324 4326 383 4394 τοὺς
408 4328 630 4408 ἐπιφανεστάτους
653 4333 706 4388 τῶν
720 4331 833 4388 πολιτῶν
848 4328 891 4388 ἐπί

57 4459 84 4497 43
112 4416 251 4496 τιμωρίαις
265 4416 519 4495 συναρπαζομένους.
561 4420 691 4497 Ταραχῆς
704 4417 732 4475 δέ
753 4416 891 4494 γινομένης

112 4502 181 4565 κατα
196 4505 243 4577 τὴν
259 4506 412 4581 ἐκκλησίαν,
438 4507 484 4566 καί
499 4531 576 4568 τινων
592 4507 694 4589 φεύγειν
712 4506 756 4567 ἐπί
773 4505 806 4565 τέι
819 4509 889 4567 ὅπλα

112 4597 292 4676 ὡρμηκότων,
316 4598 340 4653 οἱ
361 4597 633 4676 περιεστεφανωκότες
647 4599 690 4656 τὸν
710 4597 787 4676 ὄχλον
801 4597 890 4676 ἀρθέν-

111 4709 154 4754 τος
168 4684 280 4761 σημείου
294 4685 362 4751 τινὀς
376 4683 487 4765 ἀνέσχον
502 4685 535 4744 sd
545 4685 616 4767 ξίφη.
634 4686 791 4767 Περιφόόων
806 4685 833 4744 δὲ
846 4709 889 4762 γε·

109 4773 226 4852 νομένων
234 4773 359 4832 ἀπάντων
368 4775 483 4841 ἀναστὰς
495 4774 576 4834 πάλιν
584 4777 598 4832 θ
607 4764 795 4840 ’ίίίλλοςείπεν
807 4802 818 4828 ι
830 4778 887 4835 Οὖ-

51 4900 82 4940 ,0
111 4890 126 4921 ιι
140 4863 182 4924 tto
202 4865 240 4923 ἔτι
251 4863 349 4933 ἔξεστιν
366 4861 428 4938 ὑμῖν
442 4864 601 4943 νεωτερίζειν
615 4862 668 4922 οὐδ’
687 4862 886 4940 ἐξαμαρτάνειν,

111 4978 125 5010 α
143 4953 236 5033 ἀνδρες
249 4949 393 5011 Ἀλάανοί·
418 4949 468 5030 γάρ
485 4952 550 5014 Ἐάν
568 4958 723 5032 παρακινεῖν
738 4974 765 5009 τι
784 4951 886 5027 τολμῆ-

110 5066 219 5114 εσητε,
240 5041 336 5108 πάντες
349 5042 490 5101 ἀπολεῖσθε
510 5039 561 5100 ὑπὸ
584 5040 710 5100 τουτωνί·
723 5038 807 5108 δείξας
828 5039 887 5108 τοὺς

108 5155 124 5186 α
139 5128 291 5208 ἐχονταςτδι
301 5129 373 5210 ξίφη.
417 5130 533 5209 Δέχεσθε
547 5121 591 5189 οὗν
604 5129 635 5187 τά
650 5127 773 5204 διδόμενα
788 5127 833 5185 καί
844 5128 886 5208 γί·

107 5240 123 5273 α
139 5222 214 5279 νεσθε
226 5218 280 5279 ἀπὸ
290 5222 335 5280 τοῦ
347 5218 443 5299 χρόνου
460 5219 535 5277 τοῦδε
556 5216 699 5296 Ῥωμαῖοι.
741 5219 819 5274 Δυεῖν
834 5215 886 5299 γάρ

1671 403 1730 462 ί5“ί

953 549 964 571 ι
983 529 1099 579 Romanis
1111 543 1166 580 esse
1184 529 1292 592 decreta,
1308 533 1396 581 senatu
1417 545 1433 580 a
1455 546 1494 582 me
1513 540 1599 585 coacto
1614 543 1638 587 et
1657 553 1728 590 seua·

954 631 1137 681 atusconsutto
1160 647 1174 682 a
1201 646 1240 682 me
1257 633 1349 696 scripto
1371 648 1378 658 ·
1400 633 1497 685 scilicet
1522 640 1551 685 ιιι
1570 638 1629 687 urbs
1647 647 1729 694 restra

953 748 965 770 ι
983 732 1120 790 evertatur,
1133 744 1178 780 nec
1194 729 1270 780 ultum
1282 733 1324 780 aut
1336 729 1461 793 pubiicum
1475 735 1518 781 aut
1532 733 1654 796 privatum
1673 740 1730 789 aedi-

953 850 966 873 «
984 830 1066 881 ficium
1089 833 1200 896 exceptis
1227 832 1290 882 tanis
1315 833 1437 896 integrum
1459 835 1624 899 relinquatur;
1647 854 1731 891 ornnes

953 950 965 972 ι
983 943 1054 990 vero,
1068 930 1111 992 qui
1120 943 1175 980 eam
1184 930 1301 990 incolunt,
1313 931 1387 981 satris
1402 933 1454 982 suis
1464 934 1578 996 turtunis,
1591 951 1652 1000 quas
1665 953 1731 989 nunc

954 1056 966 1081 ι
984 1034 1125 1099 possident,
1147 1034 1220 1086 nuliis
1236 1036 1379 1101 mancipiis,
1393 1039 1459 1089 nulio
1473 1054 1574 1103 pecore,
1591 1042 1664 1092 nuliis
1678 1043 1732 1094 aliis

953 1157 966 1180 ι
983 1138 1059 1189 rebus
1070 1140 1160 1204 privati
1177 1144 1260 1192 Romae
1275 1142 1298 1192 br
1312 1147 1438 1207 posterum
1448 1146 1537 1209 degant
1555 1168 1560 1195 :
1576 1152 1651 1210 utque
1664 1152 1731 1200 totus

953 1265 965 1289 ν
984 1249 1067 1298 vester
1076 1261 1134 1310 ager
1144 1247 1258 1311 publicus
1271 1249 1301 1299 iis
1314 1250 1427 1312 Albanis,
1442 1253 1485 1316 qui
1497 1255 1590 1303 nuttam
1607 1257 1659 1319 agri
1672 1271 1729 1319 por·

953 1365 964 1387 ι
984 1344 1075 1396 tionem
1089 1344 1195 1409 babent,
1209 1347 1342 1409 dividatur,
1354 1352 1466 1414 exceptis
1477 1354 1555 1403 sacris
1572 1357 1730 1417 possessioni·

952 1474 964 1497 ι
983 1453 1042 1514 bus,
1061 1470 1093 1506 ex
1115 1472 1219 1521 quarum
1236 1460 1356 1510 reditibus
1367 1458 1414 1509 diis
1438 1461 1557 1512 sacrificia
1577 1464 1686 1514 tiebant:
1704 1468 1730 1515 et

953 1583 964 1603 «ι
984 1575 1035 1625 ipse
1056 1563 1198 1626 provideam
1220 1564 1354 1627 inquibus
1375 1565 1445 1615 urbis
1471 1564 1531 1616 locis
1546 1566 1632 1617 domos
1655 1568 1730 1619 redid-

953 1689 965 1711 ν
982 1668 1059 1729 cetis,
1071 1668 1113 1719 ubi
1133 1685 1177 1721 ros
1193 1674 1233 1734 qui
1246 1672 1370 1736 emigretis
1384 1672 1467 1722 sertem
1480 1671 1579 1736 possitis
1590 1687 1694 1737 ponere,
1705 1680 1730 1726 et

953 1789 965 1812 ι
982 1783 1025 1820 cos
1042 1770 1074 1821 de
1096 1772 1167 1823 robis
1181 1774 1226 1837 qui
1245 1775 1353 1826 maxime
1374 1779 1433 1825 sunt
1451 1776 1520 1838 egeni
1541 1777 1681 1840 sumptibus
1699 1780 1730 1829 ad

953 1899 965 1922 ι
982 1892 1057 1943 opera
1072 1879 1184 1930 iacienda
1204 1880 1286 1931 iurem
1308 1903 1315 1932 ι
1336 1881 1480 1946 reliquaque
1501 1887 1584 1934 restra
1596 1884 1731 1935 multitudo

953 2004 966 2026 r
982 1998 1040 2034 cum
1060 1989 1146 2035 nostro
1167 1986 1257 2051 populo
1281 1986 1306 2035 in
1319 1987 1398 2038 tribus
1419 1993 1445 2039 ct
1458 1989 1541 2039 curias
1555 1990 1676 2055 discripta
1690 2006 1730 2056 pe·

953 2107 965 2130 α
983 2089 1084 2139 συνοίσειν
1101 2088 1255 2149 contribuat,
1277 2090 1307 2139 ad
1324 2095 1437 2141 senatum
1453 2103 1511 2141 vero
1528 2095 1554 2142 ct
1569 2093 1730 2157 magistratus

953 2218 965 2242 a
983 2198 1103 2260 gerendos
1122 2198 1295 2260 admittantur,
1318 2199 1393 2264 inque
1413 2200 1571 2265 patriciorum
1599 2216 1728 2255 nurnerum

953 2327 965 2352 a
983 2309 1132 2372 recipiantur
1144 2309 1183 2359 bre
1192 2312 1276 2374 gentes
1289 2309 1381 2371 :Jutii,
1394 2309 1505 2373 Servilii,
1520 2312 1633 2369 Curiatii,
1647 2313 1728 2372 Quin-

954 2415 1042 2473 «cuii,
1059 2416 1151 2478 Ctoelii,
1165 2416 1280 2478 Geganii,
1300 2416 1398 2468 Metilii.
1432 2416 1534 2467 Mettius
1550 2431 1609 2468 sero
1630 2422 1655 2470 et
1675 2421 1729 2470 eius

953 2541 965 2565 ιι
982 2520 1128 2585 proditionis
1141 2521 1203 2573 socii
1213 2535 1298 2586 ρωποι
1310 2522 1394 2582 ίιιειιῑ,
1405 2537 1467 2587 quas
1477 2538 1522 2573 nos
1534 2525 1628 2575 iudices
1639 2525 1664 2577 in
1674 2527 1726 2576 sin·

953 2646 965 2668 «
982 2626 1054 2689 gulos
1065 2639 1121 2676 reos
1136 2626 1251 2677 sedemus
1270 2640 1316 2691 pro
1334 2627 1452 2679 tribunali
1466 2631 1627 2679 statuemus:
1647 2630 1726 2680 nemi·

953 2746 965 2770 ν
982 2741 1039 2778 nem
1053 2728 1119 2778 enim
1134 2728 1223 2780 iudicio
1237 2734 1281 2780 aut
1290 2743 1385 2781 caussae
1401 2731 1511 2783 dictione
1523 2733 1725 2786 fraudabimur.»

983 2833 1056 2881 XXX.
1075 2832 1121 2881 iiis
1135 2832 1167 2882 ab
1185 2845 1216 2883 ao
1233 2834 1319 2895 dictis,
1331 2837 1454 2897 quotquot
1474 2837 1539 2885 inter
1551 2835 1657 2886 Albanos
1670 2850 1728 2901 pau·

951 2941 1022 2993 peres
1043 2934 1128 2988 erant,
1153 2931 1261 2982 contenti
1285 2936 1369 2990 erant,
1395 2932 1462 2996 quod
1484 2934 1569 2983 Romus
1590 2933 1726 2985 babitaturi

949 3030 976 3077 ct
988 3027 1041 3092 agri
1058 3028 1194 3093 portionem
1218 3028 1328 3080 babituri
1344 3034 1442 3089 essent,
1456 3030 1569 3093 regisque
1588 3031 1726 3080 cantionem

950 3128 1045 3192 magnis
1065 3127 1216 3178 clamoribus
1238 3128 1433 3192 approbabant:
1456 3132 1482 3178 at
1506 3128 1553 3177 riri
1579 3128 1726 3179 illustriores

949 3223 1069 3289 dignitate
1096 3228 1122 3276 et
1148 3226 1251 3276 metiore
1276 3226 1375 3275 tortuna
1392 3225 1491 3290 praediti
1517 3238 1582 3289 agre
1603 3226 1723 3284 terebant,

949 3322 1017 3384 quod
1045 3322 1123 3385 patria
1151 3322 1235 3373 relicta
1260 3325 1285 3372 et
1304 3323 1427 3372 maiorum
1456 3320 1550 3371 taribus
1576 3323 1681 3373 desertis
1701 3324 1726 3375 in

949 3424 1075 3484 posterum
1086 3418 1134 3469 sibi
1153 3420 1179 3468 in
1190 3419 1253 3469 urbe
1267 3418 1394 3482 peregriua
1407 3418 1569 3468 habitandum
1588 3425 1666 3478 esset;
1682 3423 1725 3472 sed

948 3519 1006 3583 ipsis
1019 3517 1051 3567 ad
1065 3520 1203 3568 extremam
1214 3517 1388 3568 necessitatem
1405 3518 1510 3568 redactis
1529 3518 1589 3568 nibit
1600 3520 1667 3582 quod
1682 3523 1724 3572 di-

948 3619 1032 3666 cerent
1048 3616 1153 3665 venitin
1172 3617 1288 3664 mentem.
1321 3615 1407 3665 Tuitus
1428 3629 1500 3675 vero,
1517 3616 1723 3669 animomultitu·

946 3711 1013 3763 dinis
1029 3711 1143 3776 cognito,
1160 3711 1234 3762 iussit
1252 3711 1366 3762 Mettium
1387 3725 1501 3762 caussam
1515 3711 1606 3776 dicere,
1628 3714 1724 3779 siquid

948 3810 1022 3861 veltet
1041 3810 1073 3860 ad
1088 3810 1143 3860 brac
1158 3808 1315 3873 respondere.
1349 3809 1398 3859 Sed
1412 3809 1514 3860 Mettius
1532 3811 1645 3862 nesciens
1662 3813 1724 3876 quid

947 3913 1032 3962 contra
1043 3913 1201 3960 accusatores
1216 3913 1242 3960 et
1256 3912 1334 3960 testes
1345 3909 1453 3969 diceret,
1467 3909 1594 3974 respondit
1613 3911 1722 3962 Albano-

947 4024 1002 4060 rum
1027 4012 1141 4060 senstum
1155 4007 1203 4058 sibi
1229 4008 1293 4057 ctam
1318 4008 1372 4059 bec
1400 4007 1498 4059 dedisse
1523 4007 1653 4071 mandata,
1673 4024 1724 4074 quo

946 4109 1058 4172 tempore
1078 4107 1161 4171 copias
1175 4105 1208 4156 ad
1226 4105 1318 4156 beilum
1337 4105 1437 4166 eduxit;
1456 4112 1482 4156 et
1494 4106 1603 4157 Albanos
1621 4107 1720 4168 orabat,

946 4200 1036 4264 quibus
1061 4199 1226 4263 principatum
1247 4197 1377 4248 restituere
1406 4203 1511 4249 conatus
1538 4202 1608 4259 erat,
1631 4201 1659 4248 ut
1676 4197 1722 4249 sibi

945 4308 1017 4358 opem
1033 4294 1139 4353 terrent,
1157 4306 1236 4356 neque
1248 4291 1354 4355 patriam
1368 4292 1446 4342 everti
1460 4296 1534 4355 atque
1555 4292 1721 4344 nobilissimos

945 4399 1056 4450 quosque
1080 4387 1149 4436 cives
1170 4385 1201 4435 ad
1224 4384 1372 4450 supplicium
1399 4384 1452 4448 rapi
1471 4388 1621 4448 paterentur.
1660 4386 1722 4436 Orto

945 4483 1028 4530 autem
1050 4480 1158 4530 tumultu
1181 4480 1357 4538 inconcione,
1383 4482 1409 4528 et
1429 4479 1579 4543 quibusdam
1597 4481 1629 4530 ad
1653 4495 1721 4532 arnna

945 4586 1092 4623 concurrere
1120 4572 1322 4637 properantibus,
1343 4571 1380 4622 illi
1402 4572 1444 4635 qui
1467 4572 1565 4623 turbam
1587 4574 1721 4626 circumde-

943 4665 1031 4719 derant
1055 4666 1154 4717 snbtato
1174 4667 1244 4732 signo
1264 4667 1359 4732 gladios
1376 4665 1565 4737 distrinxerunt.
1599 4668 1718 4717 Omnibus

943 4765 1026 4813 sutem
1044 4763 1223 4822 consternatis,
1233 4761 1317 4812 denno
1333 4758 1419 4813 Tutius
1430 4774 1533 4823 surgens
1546 4761 1580 4808 ita
1594 4762 1631 4806 cst
1648 4758 1717 4807 tocu-

942 4857 1002 4905 tus:
1015 4874 1027 4898 ι
1037 4855 1103 4906 Nitrit
1119 4857 1175 4905 novi
1185 4856 1267 4920 robis,
1277 4857 1374 4919 Albani,
1384 4854 1462 4906 moliri
1475 4857 1513 4903 vct
1536 4864 1637 4914 pcccurc
1652 4849 1717 4903 iicet.

943 4967 956 4992 a
971 4949 1032 4997 Nam
1049 4947 1070 4996 si
1089 4948 1129 4999 vei
1142 4949 1270 5000 minimum
1286 4962 1386 5000 movere
1401 4946 1454 4997 aursi
1467 4933 1580 5001 fueritis,
1589 4954 1675 4992 omnes
1688 4945 1720 4995 ab

942 5059 954 5083 u
967 5037 1008 5089 bio
1028 5039 1225 5102 trucidabimini3
1244 5040 1366 5103 simulque
1388 5035 1498 5087 ostendit
1513 5048 1557 5084 eos
1572 5032 1615 5097 qui
1626 5033 1720 5098 gladios

941 5154 954 5179 a
968 5132 1095 5185 tenebant.
1134 5133 1244 5195 Accipite
1260 5133 1334 5197 igitur
1357 5142 1386 5181 ea
1404 5141 1461 5192 quus
1479 5127 1550 5178 robis
1567 5128 1668 5186 dantur,
1693 5129 1719 5177 et

942 5229 993 5279 «in
1010 5231 1138 5293 posterum
1151 5225 1254 5277 Romani
1269 5225 1349 5276 estote
1370 5242 1376 5272 ι
1393 5221 1465 5273 robis
1479 5222 1543 5276 enim
1558 5232 1660 5273 neeesse
1679 5218 1719 5268 est
