3772 5828
601 356 892 435 ANTiQUlTATUM
914 356 1062 418 nonin.
1089 357 1160 417 ΗΒ.
1188 357 1238 416 tv.

111 523 125 549 ι
139 493 245 554 πώποτε
260 491 452 572 πραττόμενον,
472 491 530 551 οὔτε
545 494 653 567 μαθεῖνς
668 491 712 551 ίνα
729 490 807 569 δὲμὴ
822 515 889 568 μαν·

112 613 124 635 ι
141 583 249 654 τεύηοθι
262 579 309 649 τδις
319 580 484 660 καταράτους
494 581 580 639 αὐτῶν
592 578 693 662 φύσεις,
704 580 762 638 ἀλλ’
774 577 889 659 ἀκριθῶς

112 701 124 723 ιι
146 672 247 746 μάθητε
261 671 331 738 οἵους
347 667 481 736 σκύλακας
494 670 555 744 ίιμῖν
571 670 588 739 ἡ
602 666 750 746 Ταρκυνίου
769 665 889 745 τυραννίς

112 790 125 813 ι
139 759 298 842 ὑποτρέφει,
324 756 453 817 θεάσασθε
474 753 549 836 ἔργον
572 755 627 821 ένὸς
641 758 727 814 αὐτῶν
742 758 786 815 τοῦ
806 777 888 837 πρεσ-

67 876 82 915 o
111 847 266 910 «ῦυτάτου.

150 937 298 1000 LXXXII.
321 963 334 987 ι
356 933 430 1006 Αύτη
452 933 567 1013 Σπορίου
586 932 633 1010 μέν
648 935 703 991 ἐστι
723 931 888 1014 Λουκρητίου

110 1056 123 1083 ι
139 1029 267 1106 θυγάτηρ,
280 1024 307 1085 δν
322 1023 441 1093 ἀπέδειξε
458 1026 504 1095 τῆς
516 1023 616 1088 πολεως
633 1021 751 1102 ἔπαρχον
766 1025 780 1081 δ
796 1021 890 1101 τύραν-

110 1146 123 1174 ιι
140 1140 182 1184 νος
196 1114 268 1185 ἀξιῶν
284 1114 327 1176 ἐπί
341 1112 384 1172 τδν
401 1110 531 1187 πόλεμον,
556 1110 703 1192 Ταρκυνίου
729 1108 757 1170 δὲ
781 1112 888 1171 Κολλα-

109 1234 123 1262 ι
139 1206 210 1265 τίνου
224 1203 287 1281 γυνὴ
305 1206 354 1262 τοῦ
370 1204 508 1279 συγγενοῦς
523 1201 574 1257 τῶν
589 1198 722 1279 τυράννων
740 1198 786 1258 καί
800 1198 888 1259 πολλά

58 1318 82 1356 ro
110 1293 203 1374 «ὑπὲρ
227 1293 313 1351 αὐτῶν
334 1288 578 1360 κακοπαθήσαντος.
622 1286 698 1360 Αύτη
722 1288 811 1366 μέντοι
835 1311 888 1347 σω-

110 1411 122 1436 ι
140 1388 241 1464 φρονεῖν
258 1379 404 1459 βουλομένη
414 1376 460 1437 καῖ
475 1375 519 1435 τὸν
533 1376 614 1457 ἀνδρα
629 1376 673 1436 τὸν
688 1379 783 1449 ἑαυτῆς
798 1380 889 1457 φιλοῦ-

110 1500 122 1523 ιι
138 1494 184 1544 σα,
194 1469 284 1549 ῶσπερ
297 1471 382 1549 ἀγαθῇ
392 1464 521 1548 προσήκει
532 1463 646 1544 γυναικί,
656 1463 816 1542 ξενιζομένου
825 1471 887 1550 παρ’

110 1587 123 1612 ι
142 1561 207 1638 αὐτῇ
228 1555 325 1625 Σέξτου
350 1555 393 1614 tat
416 1554 465 1627 τήν
491 1552 642 1631 συγγένειαν
663 1557 696 1633 τῇ
721 1553 887 1636 παρελθούσῃ

111 1674 125 1702 ιι
138 1646 230 1719 νυκτί,
265 1642 425 1705 Κολλατίνου
459 1641 486 1701 δί
521 1640 575 1700 τότ’
611 1641 807 1718 ἀποδημοῦντος
845 1643 888 1702 ἐπὶ

60 1762 84 1800 ις
111 1764 124 1790 ι
142 1733 334 1816 στρατοπέδου,
349 1730 397 1802 τήν
415 1732 559 1790 ἀκολαστον
581 1728 656 1809 ῦθριν
675 1734 721 1800 τῆς
739 1730 889 1809 τυραννίδος

112 1826 187 1883 «οῦκ
210 1821 327 1895 ἡδυνήθη
353 1821 500 1901 διαφυγεῖν·
525 1819 582 1878 ἀλλ’
608 1817 698 1896 ῶσπερ
721 1819 889 1897 αἰχμάλωτος

113 1942 125 1965 ι
141 1915 186 1972 ὕπ’
205 1911 320 1988 ἀνάγκης
339 1913 498 1991 κρατηθεῖσα
514 1908 651 1988 ὑπέμεινεν
674 1908 723 1966 δσα
752 1913 789 1986 μὴ
815 1911 889 1988 θέμις

114 2031 126 2053 ι
144 2002 266 2081 ἐλευθέρᾳ
291 1999 393 2079 γυναικί
416 1999 519 2058 παθεῖν.
564 1995 624 2071 Ἐφ’
646 1985 681 2061 οἷς
702 1997 888 2073 ἀγανακτοῦσα

1659 360 1718 419 253

945 517 957 541 ιι
975 497 1053 548 licuit.
1087 500 1122 547 Nc
1142 500 1225 546 autern
1248 495 1422 558 cognoscendis
1450 509 1536 545 eorum
1566 499 1720 549 exsecrandis

944 606 956 629 ι
971 585 1072 647 ingeniis
1086 585 1235 634 divinatione
1247 582 1317 633 robis
1333 596 1396 647 opus
1407 583 1449 643 sit,
1468 586 1546 647 utque
1559 588 1628 633 cerlo
1637 587 1720 636 sciatis

943 701 955 723 ι
970 679 1056 745 quates
1073 678 1167 728 catulos
1184 677 1309 743 Tarquinii
1334 677 1445 740 tyrannis
1465 677 1534 727 robis
1551 678 1613 738 aiat,
1628 678 1721 731 facinus

947 787 957 814 ι
971 769 1044 819 unius
1056 781 1150 826 eorum,
1165 766 1208 830 qui
1223 766 1346 817 maximus
1358 769 1418 816 natu
1431 769 1479 827 esi,
1497 778 1592 830 quaeso,
1605 765 1686 817 ridete
1697 768 1722 816 et

945 878 956 901 ι
974 856 1145 909 corotderate.

973 948 1115 998 tinxisti«
1128 949 1188 996 Haec
1197 949 1234 995 est
1244 944 1293 995 iiiia
1305 944 1386 1008 Spurii
1394 944 1498 994 Lucretii
1509 956 1581 1007 quem
1593 948 1720 1007 tyrannus,

944 1067 956 1091 ι
974 1046 1006 1097 ad
1038 1047 1129 1098 bellurn
1152 1044 1310 1110 proficiscens
1331 1044 1399 1096 urbis
1422 1046 1565 1110 praetectum
1585 1047 1722 1110 constituit,

944 1168 957 1192 ι
972 1161 1035 1198 υκαι
1045 1150 1126 1197 autern
1144 1145 1268 1209 Tarquinii
1291 1145 1420 1205 collatini,
1436 1150 1598 1210 tyrannorum
1615 1149 1721 1214 cognati,

944 1270 957 1295 ι
975 1249 1019 1312 qui
1036 1263 1121 1299 corum
1133 1262 1221 1299 caussa
1242 1249 1320 1300 multa
1335 1249 1437 1314 pertulit
1455 1250 1530 1302 rnaia.
1550 1248 1646 1315 'Atque
1668 1251 1723 1304 haec

944 1370 957 1394 ι
973 1349 1090 1414 quidem,
1106 1349 1172 1416 quod
1196 1349 1337 1414 pudicitiam
1358 1351 1424 1402 tueri
1441 1352 1534 1413 voluit,
1560 1355 1585 1403 et
1606 1354 1722 1405 maritum

944 1471 957 1495 ι
973 1463 1046 1501 suum
1065 1452 1172 1511 amarit,
1191 1454 1219 1502 ut
1234 1451 1323 1502 bonam
1341 1451 1415 1504 decet
1433 1467 1551 1515 uxorem,
1563 1469 1618 1505 oum
1632 1457 1723 1506 Sextus

945 1577 957 1597 ιι
971 1556 1078 1621 hospitio
1102 1557 1133 1606 ah
1147 1572 1176 1608 ea
1197 1558 1349 1621 cognationis
1372 1573 1460 1610 caussa
1482 1560 1568 1611 ruisset
1595 1564 1723 1625 exceptus,

945 1682 956 1705 ι
973 1659 1099 1724 superiore
1113 1664 1198 1721 nocte,
1214 1660 1336 1711 collatino
1352 1665 1411 1711 tunc
1425 1662 1526 1713 absente
1545 1664 1569 1713 et
1589 1662 1614 1712 in
1636 1664 1725 1714 eastris

945 1765 1104 1823 aversante,
1129 1762 1273 1812 effrenatum
1298 1776 1328 1813 ac
1351 1762 1555 1828 intemperantem
1585 1763 1724 1827 tyrannidis

945 1883 957 1907 ι
973 1863 1146 1914 contumeliam
1159 1865 1267 1929 effugere
1281 1879 1330 1915 non
1345 1866 1497 1917 rutuit1sed
1518 1871 1547 1917 ut
1563 1869 1661 1932 captiva
1680 1882 1723 1919 ne·

946 1987 959 2011 ι
973 1966 1088 2017 cessitate
1101 1970 1186 2017 coacta
1205 1968 1275 2029 tulit,
1297 1982 1353 2032 qnae
1371 1970 1501 2033 ingenuam
1515 1970 1641 2021 mutierem
1662 1972 1725 2021 terre

114 2119 126 2141 .
142 2091 187 2150 καί
204 2089 333 2172 ἀφόρητον
346 2088 477 2167 ἡγουμένη
493 2084 541 2157 τήν
554 2083 644 2164 θθριν,
662 2085 752 2158 ἐπειδὴ
768 2089 832 2167 πρὸ,
844 2090 888 2149 τὸ,
946 2071 1043 2121 «netas
1055 2073 1101 2121 est.
1135 2073 1215 2127 Quam
1229 2070 1400 2121 contumeliam
1418 2071 1514 2136 indigne
1529 2072 1619 2130 terens,
1630 2085 1675 2122 nec
1689 2075 1725 2121 io·

61 2202 87 2239 so
115 2178 244 2258 «πατέρα
259 2177 303 2237 καί
323 2177 380 2247 τοὺς
397 2176 492 2242 ἀλλους
512 2181 644 2253 συγγενεῖς
667 2171 713 2242 ata
735 2182 889 2259 κατασχού-

113 2290 189 2335 ισας
207 2266 288 2339 αὑτήν
311 2267 425 2347 ἀνάγκας
448 2263 582 2338 διεξῆλθε,
597 2260 696 2329 πολλάς
723 2273 889 2347 ποιησαμένη

114 2355 242 2428 «δεήσεις
262 2356 308 2415 καί
331 2358 404 2436 ἀράς,
424 2354 468 2414 ἵνα
491 2358 604 2438 τιμωροί
626 2369 678 2429 τοῖς
700 2373 791 2432 κακοῖς
811 2367 891 2434 αὐτῆς

945 2193 959 2220 ιι
974 2172 1098 2224 lerandam
1114 2172 1275 2232 existimans,
1288 2175 1420 2238 postquam
1441 2173 1504 2238 patri
1519 2176 1545 2224 et
1557 2174 1665 2237 cognatis
1680 2190 1725 2225 sua

947 2298 959 2321 ιι
978 2275 1110 2327 intortuuia
1122 2275 1240 2335 narrarit,
1252 2274 1337 2324 multis
1350 2289 1393 2326 eos
1405 2279 1504 2339 precata
1518 2280 1544 2326 et
1560 2275 1683 2328 obtestata
1696 2280 1727 2327 ut

947 2394 960 2421 ιι
977 2372 1078 2424 iniurias
1098 2387 1155 2422 suas
1173 2352 1365 2432 ulciscerentur,
1389 2373 1479 2424 educto
1492 2376 1587 2437 cultro,
1606 2389 1680 2440 quern
1701 2376 1726 2426 in

114 2469 127 2496 ι
140 2445 255 2525 γένοιντο
271 2445 315 2504 καὶ
338 2446 368 2503 τδ
388 2446 567 2525 κεκρυμμένον
590 2447 639 2508 ῦπδ
659 2454 712 2517 τοῖς
731 2453 837 2521 κόλποις
852 2453 890 2522 ξί-

115 2560 128 2585 ι
145 2556 190 2611 φας
211 2532 386 2610 σπασαμένη,
403 2537 451 2592 τοῦ
471 2536 568 2615 πατρὸς
589 2539 710 2617 δρῶντος,
725 2528 748 2599 ῶ
762 2540 890 2618 δημόται,

62 2649 89 2686 25
116 2647 129 2672 ι
148 2621 190 2678 διὰ
205 2623 256 2678 τῶν
272 2622 367 2692 ἑαυτῆς
381 2622 539 2701 σπλάγχνων
561 2622 643 2705 {daps
661 2625 704 2685 τδν
721 2629 835 2707 σίδηρον.
852 2620 893 2690 Ὦ

115 2734 129 2799 ρ
148 2708 288 2782 θαυμαστή
300 2707 332 2767 σύ
346 2709 390 2767 καί
401 2711 506 2770 πολλῶν
521 2711 634 2771 ἐπαίνων
645 2712 704 2783 ἀξία
716 2719 762 2787 τῆς
777 2719 894 2796 εὐγενοῦς

117 2822 130 2849 ιι
144 2797 337 2879 προαιρέσεως,
356 2797 417 2879 οἴχῃ
433 2799 477 2857 καί
499 2800 638 2869 ἀπόλωλας
656 2805 704 2883 οὐχ
730 2807 893 2882 ὑπομείνασα

116 2911 129 2938 ι
144 2884 302 2963 τυραννικήν
325 2884 415 2966 ύθριν,
436 2887 542 2955 ἁπάσας
564 2891 723 2969 ὑπεριδοῦσα
747 2893 795 2963 τάς
811 2896 838 2955 ίν
856 2901 894 2956 τῶ

116 2975 192 3054 ιζῇν
214 2973 326 3051 ήδονάς,
355 2972 399 3033 ίνα
423 2999 464 3036 σοι
487 2977 569 3053 μηδίν
597 2979 637 3038 έτι
662 2986 776 3043 τοιοῦτον
804 2986 894 3064 συμθῆ

63 3079 91 3119 so
117 3092 129 3115 ι
146 3066 250 3127 παθεῖν.
295 3059 410 3124 Ἔπειτα
425 3063 457 3123 σὺ
471 3063 536 3142 μίν,
564 3055 586 3126 ῶ
608 3070 776 3149 Λουκρητία,
799 3054 896 3151 γυναι·-

118 3150 218 3219 ικείας
240 3159 356 3232 τυχοῦσα
376 3151 493 3233 φύσεως,
519 3154 610 3233 ἀνδρὸς
633 3158 751 3234 εὐγενοῦς
772 3159 894 3242 φρόνημα

117 3268 130 3295 ιι
148 3240 236 3319 ἔσχες·
247 3246 323 3316 ἡμεῖς
338 3241 365 3300 δὲ
381 3239 472 3321 ἀνδρες
493 3242 627 3321 γενόμενοι
642 3252 772 3323 γυναικῶν
790 3250 894 3331 χείρους

118 3355 131 3383 ι
148 3331 229 3410 ἀρετῇ
242 3328 424 3408 γενησόμεθα;
441 3329 485 3389 καί
497 3330 539 3390 σοί
549 3331 607 3407 μίν,
625 3334 739 3412 ἀτιμίαν
753 3337 895 3415 έτυραννή·

117 3443 130 3468 ιι
145 3422 190 3489 θης
214 3414 295 3477 νύκτα
318 3420 487 3499 ἀφαιρεθιῖσα
515 3418 563 3491 τήν
587 3419 713 3497 ἀμίαντον
736 3425 802 3482 αἰδῶ
828 3428 895 3501 μετά

63 3524 91 3564 as
117 3533 131 3558 ι
150 3505 225 3583 βίας,
250 3506 330 3576 ἡδίων
350 3509 395 3566 καί
423 3509 620 3589 μακαριώτερος
643 3510 726 3579 ἔδοξεν
749 3516 763 3570 ὁ
788 3514 896 3584 θάνατος

119 3622 132 3648 ι
149 3584 217 3650 ι’ίναι
239 3597 284 3653 τοῦ
311 3594 379 3674 βίου·
400 3600 464 3672 ἡμῖν
486 3595 514 3655 di
530 3596 571 3675 ἀρ’
595 3600 624 3657 ού
644 3600 844 3679 παραστήσεται
867 3604 896 3664 τδ

120 3709 132 3733 ι
149 3681 212 3740 αὐτὸ
235 3685 312 3742 τοῦτο
341 3681 497 3756 ύπολαθιῖν,
530 3675 566 3743 ὧν
592 3684 736 3766 Ταρκύνιος
767 3692 796 3749 οὐ
833 3691 896 3768 μίαν

120 3797 133 3822 ιι
148 3769 263 3848 ἡμέραν,
278 3769 347 3830 ἀλλά
362 3772 480 3849 πέμπτον
503 3773 549 3831 καί
571 3775 686 3833 εἰκοστὸν
708 3774 764 3844 ἔτος
780 3777 831 3850 ήδη
849 3806 894 3840 τυ·
919 3821 924 3840 .

120 3861 267 3938 αραινῶν,
291 3858 377 3928 πάσας
402 3859 535 3942 ἀφήρηται
554 3860 600 3930 τάς
621 3866 647 3922 ἐν
670 3867 708 3945 τῷ
730 3868 777 3937 ζῆν
803 3870 897 3939 ἡδονὰς

64 3971 93 4010 ιιι
119 3975 132 4000 ι
148 3948 295 4028 ἐλευθερίαν
308 3948 480 4031 ἀφελόμενοςς
497 3951 544 4009 οθκ
559 3949 629 4008 ἔστιν
644 3943 755 4026 ἡμῖν,ῶ
770 3954 895 4033 δημόται,

119 4064 131 4091 ι
149 4038 243 4114 βιωτὸν
265 4039 291 4095 ἐν
309 4037 435 4103 τοιούτοις
450 4038 659 4113 κυλινδουμένοις
675 4048 775 4116 κακοῖς,
790 4044 895 4104 ἐκείνων

120 4155 132 4178 ι
146 4130 198 4185 τῶν
215 4128 315 4207 ἀνδρῶν
336 4115 408 4186 οῦσιιι
424 4125 568 4204 ἀπογόνοις,
589 4125 615 4186 οἳ
634 4127 668 4186 τά
690 4129 778 4190 δίκαια
793 4133 896 4192 τάττειν

120 4214 235 4287 ιὴξίουν
254 4223 308 4283 τοῖς
330 4213 430 4285 ἀλλοις,
454 4215 500 4273 καὶ
521 4215 632 4282 πολλοὺς
661 4216 727 4296 ὑπέρ
748 4221 831 4299 ἀρχῆς
851 4224 897 4282 καί

120 4302 220 4374 ιδόξης
235 4303 333 4382 ἤραντο
353 4302 501 4369 κινδύνους·
523 4300 591 4362 ἀλλά
611 4304 679 4363 δυεῖν
700 4305 808 4387 θάτερον
826 4308 897 4370 άπα-

65 4409 93 4449 ει
119 4417 132 4444 ιι
147 4414 189 4449 σιν
203 4390 365 4473 αίρετέον,ή
391 4390 446 4469 βίον
462 4392 593 4471 ίλεύθερον
614 4391 631 4462 ἢ
654 4392 766 4452 θάνατον
784 4393 894 4466 ἔνδοξον.

120 4504 132 4528 ιι
148 4475 228 4538 Ἥκει
243 4478 271 4538 δί
286 4479 376 4560 καιρὸς
398 4472 451 4544 οἷον
474 4485 621 4567 εὐχόμεθα,
640 4491 829 4564 μεθεστηκότος
850 4489 897 4567 μὲν

119 4596 132 4621 ιι
150 4570 180 4629 lx
192 4573 239 4640 τῆς
256 4571 358 4641 πόλεως
378 4576 538 4654 Ταρκυνίου,
566 4578 719 4658 ἡγουμένων
732 4582 759 4641 δὲ
774 4586 820 4653 τῆς
837 4585 897 4642 ἐπι·

119 4687 132 4711 ι
149 4659 292 4740 χειρήσεως
305 4667 357 4724 τῶν
372 4666 538 4745 πατρικίων,
561 4670 662 4737 οὐδενὸς
684 4669 788 4746 δ’ἡμῖν
813 4672 899 4732 ἐλλεί-

120 4773 132 4798 ι
148 4751 252 4826 ψαντος,
264 4750 309 4807 ι’ἀν
324 4752 354 4809 ἐκ
370 4756 518 4833 προθυμίας
533 4757 699 4837 χωρήσωμεν
716 4760 760 4819 ίπί
775 4760 808 4820 τά
827 4760 899 4842 ἔργα,

119 4862 134 4886 τ
148 4836 177 4894 οῦ
191 4836 322 4911 σωμάτων
334 4841 362 4899 οὗ
377 4843 524 4921 χρημάτων
539 4848 588 4926 οὐχ
605 4845 692 4906 ὅπλων
703 4850 732 4908 οὗ
744 4852 898 4928 στρατηγῶν

119 4952 131 4975 ι
147 4926 177 4982 ού
192 4927 240 4994 τῆς
255 4924 336 5000 ἄλλης
347 4933 395 5002 τῆς
409 4933 445 4998 τίς
455 4930 488 4991 τά
497 4933 611 5010 πολέμια
621 4943 804 5016 παρασκευῆς·
815 4937 898 5010 μεστή

119 5040 132 5063 ι
149 5013 201 5092 γάρ
221 5012 345 5074 ἁπάντων
361 5021 379 5089 ἡ
395 5019 483 5093 πόλις,
506 5023 615 5103 αἰσχρὸν
632 5024 708 5099 [μίν]
725 5028 898 5086 Οὐολούσκων

120 5122 134 5148 ε
148 5099 193 5157 καὶ
217 5101 341 5162 {adiano
354 5110 454 5186 μυρίων
470 5107 516 5168 καὶ
528 5108 614 5169 ἀλλων
631 5112 721 5193 ἀρχειν
734 5112 831 5184 ἀξιοῦν,
843 5114 898 5171 αθ-

120 5214 133 5238 «
150 5187 208 5256 τοῦς
231 5189 258 5249 di
287 5193 457 5264 δουλεύοντας
479 5196 574 5281 έτέροις
599 5198 751 5278 ὑπομένειν,
774 5199 820 5260 καῖ
838 5199 899 5282 περί

948 2490 959 2512 ιι
978 2469 1033 2519 sinu
1052 2468 1162 2517 abditum
1184 2467 1308 2526 habebat,
1330 2468 1481 2532 inspectante
1503 2473 1585 2534 patre,
1602 2469 1725 2532 Quirites,

948 2587 961 2609 ι
978 2567 1070 2616 terrum
1091 2565 1219 2614 inviscera
1237 2579 1282 2615 sua
1293 2565 1411 2615 condidit.
1448 2569 1469 2614 0
1485 2571 1509 2616 te
1520 2566 1688 2616 admirandam
1702 2570 1727 2617 et

950 2686 960 2705 ιι
979 2662 1012 2713 ob
1035 2675 1180 2726 generosum
1213 2662 1322 2713 animum
1356 2663 1441 2714 multis
1468 2663 1583 2714 laudibus
1611 2664 1725 2728 dignam!

949 2786 961 2810 ιι
976 2764 1071 2825 obiisti,
1084 2765 1193 2829 periisti,
1213 2778 1261 2815 non
1279 2766 1358 2816 terens
1370 2768 1522 2832 tyrannicam
1536 2769 1725 2830 contumeliam,

950 2868 1096 2930 «neglectis
1112 2867 1227 2917 omnibus
1237 2868 1311 2918 huius
1320 2868 1380 2918 ritae
1389 2869 1565 2934 voluptatibus,
1581 2871 1670 2934 nequid
1683 2871 1727 2923 tibi

952 2987 963 3009 ιι
977 2965 1100 3017 eiusmodi
1109 2965 1214 3030 amplius
1225 2966 1411 3030 perpetiendum
1425 2971 1497 3018 esset.
1511 2971 1541 3019 Et
1551 2972 1588 3029 iu,
1605 2970 1726 3032 Lucretia,

950 3087 962 3111 ι
977 3067 1140 3126 moderante,
1154 3066 1200 3117 riri
1216 3067 1326 3130 generosi
1333 3067 1442 3118 animum
1453 3068 1561 3119 timuisti
1574 3091 1579 3120 :
1594 3085 1639 3120 nos
1653 3085 1720 3132 nero,

950 3183 962 3204 «
978 3163 1023 3225 qui
1043 3162 1089 3213 riri
1103 3176 1189 3213 sumus
1200 3163 1259 3223 nati,
1287 3177 1302 3212 a
1319 3163 1464 3214 mulieribus
1478 3165 1570 3215 virtute
1595 3167 1725 3230 superabi-

950 3280 962 3302 ι
980 3265 1058 3311 mur?
1088 3262 1125 3311 Τυ
1138 3261 1238 3324 quidem
1253 3260 1329 3324 quod,
1341 3261 1414 3313 unius
1427 3265 1506 3313 noctis
1521 3277 1593 3327 passa
1607 3278 1634 3313 cs
1644 3267 1727 3327 tyran·

951 3378 964 3402 ιι
979 3359 1074 3420 uidem,
1099 3361 1125 3408 et
1148 3358 1276 3421 impolluta
1297 3359 1416 3423 pudicitia
1440 3374 1484 3424 per
1500 3361 1549 3410 rirn
1566 3360 1668 3424 spoliata
1684 3374 1727 3427 es,

951 3477 964 3501 ιι
979 3459 1083 3507 mortem
1096 3456 1148 3520 ipsa
1160 3455 1211 3506 rita
1222 3455 1393 3507 iucundiorem
1402 3470 1432 3506 ac
1446 3456 1579 3507 beatiorem
1594 3456 1727 3508 iudicastis

951 3573 963 3595 ιι
982 3553 1054 3603 nobis
1068 3566 1128 3603 vero
1140 3566 1189 3602 non
1204 3553 1285 3604 reniet
1296 3554 1320 3603 in
1333 3557 1440 3605 mentem
1455 3559 1484 3604 ut
1501 3553 1567 3603 idem
1585 3554 1728 3618 sentiamus,

952 3668 964 3691 ιι
979 3649 1070 3711 quibus
1091 3647 1231 3712 Tarquiniis
1250 3648 1384 3700 dominatio
1411 3663 1460 3700 non
1482 3663 1625 3712 perunum
1649 3648 1729 3712 diem,

953 3763 965 3786 ιι
981 3743 1026 3794 sed
1049 3745 1098 3794 iam
1118 3756 1162 3807 per
1176 3743 1306 3794 continuos
1330 3743 1544 3808 vigintiquinque
1566 3758 1658 3808 annos,
1680 3758 1730 3797 uua

953 3855 1040 3892 «cum
1060 3842 1112 3906 ipsa
1138 3840 1252 3892 libertate
1280 3854 1378 3893 omnam
1401 3843 1468 3894 ‚ritae
1492 3845 1600 3892 fructum
1623 3842 1731 3906 eripuit?

952 3960 965 3983 ιι
983 3942 1036 3989 Non
1058 3943 1104 3999 est,
1132 3937 1257 3999 Quirites,
1283 3939 1415 3990 vivendum
1438 3939 1516 4002 nobis,
1537 3940 1579 4002 qui
1601 3938 1627 3989 in
1644 3939 1730 3991 istius·

952 4058 964 4080 ι
982 4036 1050 4087 modi
1065 4036 1138 4087 malls
1155 4049 1301 4096 versamur;
1327 4050 1384 4087 cum
1403 4036 1435 4087 ab
1454 4037 1501 4087 iilis
1520 4037 1597 4088 simus
1617 4038 1730 4099 oriundi,

953 4153 965 4178 ιι
983 4135 1067 4200 quise
1084 4135 1139 4186 aliis
1158 4136 1212 4186 iura
1230 4134 1331 4185 reddam
1349 4148 1448 4199 equum
1465 4138 1627 4196 censuerunt,
1640 4137 1731 4200 quique

953 4254 965 4276 ι
985 4235 1064 4285 mutia
1086 4234 1195 4298 pericula
1216 4247 1261 4298 pro
1281 4234 1384 4298 imperio
1396 4236 1421 4284 et
1434 4233 1510 4298 gioria
1525 4232 1652 4284 subierunt
1665 4227 1732 4312 :sed

955 4350 967 4373 ιι
983 4332 1132 4381 atterutrum
1152 4330 1266 4380 omnibus
1284 4335 1322 4382 est
1347 4330 1500 4395 eligendum,
1521 4331 1559 4380 rel
1578 4332 1629 4380 rita
1642 4329 1730 4390 libera,

954 4447 966 4472 ι
990 4429 1031 4480 ret
1051 4442 1119 4480 mors
1140 4429 1256 4494 gloriosa.
1292 4429 1368 4480 Adest
1388 4429 1453 4479 enirn
1476 4432 1575 4494 tempus
1599 4427 1664 4491 quod
1684 4439 1729 4490 op·

954 4544 967 4572 ιι
983 4526 1111 4587 labamus,
1125 4526 1257 4590 Tarquinio
1273 4526 1305 4575 ab
1322 4524 1383 4575 urbe
1397 4528 1492 4576 remoto
1504 4530 1529 4576 et
1546 4524 1654 4588 patriciis
1664 4523 1689 4572 in
1704 4537 1732 4573 re

955 4649 968 4673 ι
980 4629 1142 4694 aggredienda
1165 4629 1278 4689 ducibus,
1297 4641 1344 4677 nec
1369 4627 1419 4676 utta
1445 4640 1485 4677 res
1505 4624 1578 4674 nobis
1597 4621 1675 4673 deerit
1690 4660 1696 4683 ‚
1710 4619 1731 4669 si

956 4748 969 4773 ι
983 4728 1058 4780 alacri
1069 4728 1151 4779 animo
1164 4726 1258 4778 adrem
1269 4726 1347 4790 ipsam
1363 4723 1527 4787 peragendam
1541 4719 1730 4779 accesserimus3

955 4841 1035 4876 «non
1057 4827 1176 4886 homines,
1192 4839 1240 4875 non
1261 4824 1387 4889 pecuniae,
1411 4835 1556 4877 nonarum,
1577 4832 1626 4867 non
1645 4816 1731 4875 duces,

955 4942 968 4971 ιι
981 4925 1086 4990 denique
1118 4925 1201 4975 nultus
1230 4923 1293 4974 atius
1321 4924 1423 4973 hettinus
1446 4922 1578 4984 apparatus
1605 4916 1732 4977 (omniurn

954 5031 968 5060 ιι
979 5014 1045 5065 enirn
1066 5015 1126 5065 urbs
1147 5019 1185 5065 est
1205 5014 1308 5080 ptena);
1328 5023 1352 5071 et
1364 5020 1434 5078 turpe
1448 5014 1514 5062 esset
1531 5024 1576 5059 nos
1593 5009 1675 5074 ipsos,
1688 5011 1732 5073 qui

955 5131 967 5156 ι
985 5111 1130 5162 volscorum
1141 5115 1168 5162 et
1180 5111 1328 5163 Sabinorum
1345 5124 1376 5160 ac
1388 5109 1494 5159 aliorum
1516 5107 1668 5160 infinitorum
1686 5123 1731 5172 po·

955 5210 1098 5277 apulorum
1119 5209 1252 5276 imperium
1272 5211 1432 5273 annonas,
1455 5210 1559 5263 aliorum
1587 5207 1732 5261 servitutem
