3772 5828
619 338 910 415 ANTIQUITATUM
931 339 1074 400 ROMAN.
1097 339 1167 398 LIB.
1190 337 1268 398 Vlli.

112 502 126 537 n
144 474 233 533 δίκαιά
251 478 305 534 ἐστι
318 473 386 550 μήτε
409 473 473 555 πρὸς
487 471 560 541 θεοὺς
574 473 651 551 θ’σια,
665 479 749 532 ταῦτα
764 479 835 550 ἡμᾶς
850 474 891 532 αῖ-

114 592 126 617 «
141 564 241 621 τεῖσθαι
263 564 327 642 παρ’
353 563 453 621 αὐτοῦ·
470 561 529 621 ἀλλ’
552 560 631 642 cipere
652 561 698 627 τὰς
713 562 842 633 ε’λεεινάς,
857 563 892 628 ὡς

114 649 318 725 «πεπτώκαμεν
353 647 405 707 ὑπὸ
431 650 479 717 τῆς
512 647 609 727 τύχης,
638 651 741 708 κεῖσθαι
769 646 892 713 ταπεινὰς

113 769 125 793 ι
141 738 224 818 μηδὲν
239 739 277 797 ἔτι
292 738 370 798 πλέον
385 736 628 818 ἀσχημονούσας.»

72 858 84 894 s
151 831 238 890 xttl.
262 828 442 905 Παυσαμένης
455 825 483 885 δέ
495 827 586 898 αὐτῆς,
601 832 724 893 τοσοῦτος
734 824 846 905 ὀδυρμὸς
858 827 889 884 ἀκ

111 922 163 977 τῶν
178 920 320 996 παρουσῶν
336 918 467 995 γυναικῶν
481 913 600 992 ἐγένετο,
615 914 661 973 καί
676 913 823 986 τηλικαύτη
838 937 890 972 κα-

112 1007 192 1086 τέσχε
206 1006 251 1065 τὸν
263 997 333 1065 οἶκον
348 1005 465 1083 οἰμωγή,
481 1001 546 1062 ὥστ’
557 1003 600 1061 tat
612 1002 679 1060 πολὺ
693 1003 771 1082 μέρος
787 1001 892 1071 ἐξακου-

113 1099 206 1165 σθῆναι
225 1098 271 1165 τῆς
292 1091 393 1161 πολεως
414 1091 462 1164 τὴν
488 1090 553 1169 βοὴν
574 1088 619 1149 καὶ
634 1090 746 1167 μεστούς
770 1089 891 1168 γενέσθαι

112 1181 171 1249 τοὺς
186 1180 262 1260 ἐγγὺς
276 1185 321 1253 τῆς
334 1178 418 1248 οἰκίας
424 1177 572 1245 στενωπούς
585 1178 678 1260 ὄχλου.
695 1177 813 1241 Ἔπειτα
828 1176 846 1250 ἥ
862 1198 891 1236 τε

112 1272 245 1353 Οθαλερία
259 1270 339 1329 πάλιν
356 1269 447 1348 ἐτέρας
468 1267 578 1338 ἐξέτεινε
596 1266 700 1348 μακρδις
719 1265 765 1326 καί
781 1290 890 1338 συμπα-

111 1367 162 1426 θεῖς
176 1357 287 1431 δεήσεις,
309 1357 339 1416 αί
358 1358 382 1417 τ’
397 1359 477 1416 ἀλλαι
498 1360 620 1434 γυναῖκες
632 1357 660 1415 αῖ
680 1354 750 1416 κατδι
768 1353 857 1436 φιλίαν
872 1350 889 1424 ἢ

110 1449 262 1527 συγγένειαν
278 1446 391 1528 ἑκατέρα
404 1449 457 1505 τῶν
472 1447 602 1523 γυναικῶν
618 1442 820 1524 προσήκουσαι,
844 1441 890 1500 καί

110 1539 256 1615 παρέμενον
281 1534 441 1615 λιπαροῦσαί
464 1556 492 1591 τε
513 1531 560 1591 καὶ
578 1532 694 1610 γονάτων
726 1529 889 1608 ἁπτόμεναι,

110 1625 178 1686 ώστε
193 1627 239 1684 ούκ
254 1624 354 1703 ἔχουσα
365 1622 380 1681 ὅ
388 1646 413 1681 τι
428 1622 500 1699 πάθῃ
512 1619 576 1700 πρδς
589 1623 648 1686 τοὺς
659 1621 787 1700 ὀδυρμοὺς
803 1619 888 1676 αὐτῶν

71 1745 83 1781 5
110 1717 156 1775 καί
171 1715 220 1782 τὰς
232 1712 333 1781 πολλδις
350 1712 451 1784 δεήσεις
465 1701 559 1781 είξενή
575 1710 739 1787 Οὐετουρία,
755 1708 800 1768 καί
815 1704 887 1765 τελέ-

111 1829 165 1863 σειν
179 1804 227 1875 τὴν
243 1800 387 1882 πρεσύείαν
400 1801 465 1880 ὑπὲρ
479 1803 524 1871 τῆς
538 1798 664 1875 πατρίδος
677 1797 827 1877 ὑπίσχετο,
841 1792 889 1865 τήν

110 1917 139 1951 τε
155 1900 267 1970 γυναῖκα
282 1896 327 1948 τού
344 1889 466 1968 Μαρκίου
488 1885 683 1964 παραλαύοῦσα
698 1884 743 1945 καῖ
758 1884 791 1943 τδι
810 1883 890 1942 τέκνα

110 1982 222 2041 καὶτῶν
238 1981 324 2039 ἀλλων
346 1978 485 2037 πολιτίδων
510 1975 556 2042 τθς
576 1975 746 2054 βουλομένας.
790 1975 827 2034 Αἱ
842 1970 890 2049 μέν

112 2067 144 2138 δή
159 2070 310 2147 περιχαρεῖς
325 2065 463 2144 γενόμεναι
475 2065 521 2125 καῖ
532 2063 591 2131 τοὺς
605 2062 677 2129 θεοὺς
692 2061 888 2137 ἐπικαλεσάμι·

57 2185 84 2223 20
111 2177 154 2213 ναι
168 2153 347 2213 συλλαύέσθαι
368 2153 441 2235 σρίσι
455 2158 503 2226 τῆς
517 2153 640 2229 ἐλπίδος,
659 2150 781 2229 ἀπήισαν
794 2153 825 2210 tas
842 2153 889 2220 τῆς

110 2243 193 2311 οἰκίας
205 2243 250 2302 καὶ
264 2242 462 2324 προσήγγειλαν
473 2242 507 2301 τδι
518 2241 646 2322 γενόμενα
659 2249 711 2307 τοῖς
722 2238 838 2308 ὑπάτοις.
854 2239 891 2301 Oi

109 2334 136 2393 δὲ
151 2332 198 2404 τήν
221 2330 368 2412 προθυμίαν
390 2332 479 2390 αὐτῶν
504 2329 705 2400 ἀπαινίσαντες,
730 2325 887 2387 συνεκάλουν

109 2422 156 2492 τήν
179 2423 275 2500 βουλὴν
301 2418 347 2479 καί
365 2419 426 2501 περὶ
451 2422 498 2490 τῆς
519 2417 607 2487 ίξόδου
630 2420 682 2476 τῶν
697 2418 844 2495 γυναικῶν,
868 2415 891 2473 εἰ

110 2508 295 2587 συγχωρητέον
309 2508 418 2582 αὐτοῖς,
433 2505 540 2582 γνώμας
555 2504 768 2565 διεπυνθάνοντο.
791 2500 890 2563 Πολλοί

70 2629 81 2663 5
112 2597 159 2674 μὲν
178 2601 221 2655 οῦν
238 2595 451 2674 ἀλέχθησανκαῖ
474 2594 547 2674 παρὰ
562 2594 667 2653 πολλῶν
680 2592 769 2668 λόγοι,
781 2593 826 2649 καὶ
842 2590 891 2668 μί-

109 2707 156 2766 χρι
180 2689 227 2755 τῆς
243 2682 531 2765 έοπέραςδιττέλεσαν
553 2685 727 2760 ἀποροῦντες,
753 2677 770 2737 ά
789 2701 815 2736 τι
837 2678 890 2760 χρὴ

109 2781 205 2832 ποιεῖν.
251 2775 287 2832 Ol
307 2771 355 2850 μέν
376 2770 426 2852 γάρ
443 2772 472 2830 ού
496 2770 590 2850 μικρὸν
603 2769 748 2850 ἀπέφαινον
772 2757 838 2828 εἶναι
857 2791 890 2849 τη

109 2863 186 2923 πολει
201 2861 379 2939 κινδύνευμα,
391 2861 516 2939 γυναῖκας
526 2859 584 2938 ἅμα
593 2859 693 2927 τέκνοις
707 2861 744 2926 τίς
755 2857 890 2936 πολεμίων

109 2953 286 3032 στρατόπεδον
313 2948 490 3031 πορευομένας
516 2951 604 3012 θᾶσαι.
664 2950 699 3010 Ei
723 2946 775 3028 γάρ
805 2948 890 3016 αὐτοῖς

55 3062 82 3103 au
111 3042 262 3122 ὑπεριδοῦσι
277 3043 329 3099 τῶν
355 3040 548 3118 νενομισμένων
573 3038 652 3099 ὁσίων
672 3038 733 3119 περί
756 3059 783 3096 τε
808 3059 891 3117 πρισ-

112 3130 185 3198 ύιίας
199 3132 244 3189 καὶ
258 3128 360 3198 ίκεσίας
373 3128 455 3199 δόξειε
467 3128 563 3208 μηκέτι
584 3126 721 3209 προίεσθαι
736 3126 784 3195 τάς
799 3127 889 3204 γυναῖ-

109 3243 173 3292 κας,
190 3219 310 3300 ἀμαχητὶ
333 3221 405 3299 σφῶν
426 3217 575 3278 ἁλώσεσθαι
590 3216 638 3289 τήν
651 3217 739 3278 πόλιν.
782 3214 889 3285 Ἧξίουν

108 3332 137 3366 τε
157 3310 237 3376 αύτθις
259 3309 336 3384 μόνον
358 3310 435 3366 ἐᾶσαι
448 3309 496 3375 τὰς
514 3303 700 3388 προσηκούσας
713 3311 751 3385 τῷ
772 3302 889 3384 Μαρκίῳ

108 3402 235 3478 γυναῖκας
247 3397 305 3475 άμα
317 3397 372 3465 τοῖς
382 3397 480 3464 τέκνοις
490 3400 570 3455 αὑτοῦ
579 3395 766 3474 πορευομένας.
778 3391 888 3476 Ἔτεροε

54 3515 81 3553 35
110 3487 137 3545 δέ
153 3486 211 3545 οὐδέ
232 3486 342 3553 ταύταις
356 3483 438 3565 ᾤοντο
462 3488 514 3545 δεῖν
536 3487 687 3566 ἐπιτρέπειν
712 3484 760 3558 τὴν
787 3482 888 3559 δίοδον,

111 3576 241 3649 ἐπιμελῶς
254 3573 281 3632 δὲ
296 3572 342 3631 καὶ
355 3573 453 3639 ταύτας
472 3571 606 3652 παρήνουν
625 3573 781 3657 φυλάττειν,
797 3571 885 3652 ὅμηρα

110 3661 268 3738 νομίσαντας
290 3659 360 3739 ἔχειν
374 3658 447 3738 παρίι
461 3663 512 3718 τῶν
527 3662 662 3738 πολεμίων
684 3658 797 3741 ἐχέγγυα
840 3665 887 3719 τοῦ

110 3748 192 3829 μηδέν
207 3748 254 3821 τὴν
271 3749 346 3808 πόλιν
368 3747 508 3820 ἀνήκεστον
526 3752 570 3808 ὑπ’
586 3751 672 3808 αιίτῶν
696 3750 797 3810 παθεῖν.
852 3752 888 3812 Oi

110 3840 137 3901 δὲ
157 3838 255 3905 πάσαις
272 3835 455 3897 συνεὸούλιυον
480 3843 654 3919 συγχωρῆσαι
678 3845 735 3906 ταῖς
761 3838 888 3919 βουλομέ·

108 3953 165 3996 ναις
180 3925 281 4007 γυναιξί
293 3925 340 3998 τὴν
353 3923 455 3997 ἔξοδον,
469 3923 513 3986 ίνα
531 3925 577 3986 σὺν
597 3926 695 4005 μείζονι
716 3926 846 4005 ἀξιώματι
860 3932 888 3989 ni

109 4022 147 4098 τῷ
162 4016 277 4096 Μαρκίῳ
291 4012 474 4095 προσήκουσαι
495 4014 658 4088 ποιήσωνται
680 4015 729 4089 τήν
748 4018 815 4099 ὑπὲρ
841 4022 888 4091 τῆς

107 4106 232 4184 πατρίδος
248 4105 344 4175 δέησιν.
389 4107 445 4164 Tot
458 4101 485 4162 δέ
502 4103 584 4181 μηδέν
600 4105 691 4172 αύταῖς
703 4106 888 4184 συμύήαεαθαι

108 4193 190 4256 δεινὸν
206 4192 333 4272 ἐγγυητάς
344 4191 488 4271 ἀπέφαινον
505 4191 643 4270 ἀσομίνους
658 4192 730 4262 θεοὺς
749 4195 797 4272 μὲν
811 4199 889 4279 πρῶ-

107 4308 169 4356 τον,
199 4273 236 4350 οἷς
264 4285 465 4341 καθοσιωθεῖσαι
492 4283 539 4352 τδς
570 4285 672 4350 lasela:
716 4286 886 4360 ποιήσονται,

67 4421 72 4431 .
108 4372 199 4432 ἔπειτα
210 4372 253 4431 τδν
267 4369 350 4452 ἀνδρα
362 4370 459 4445 αὑτὸν,
475 4373 539 4454 πρδς
554 4374 582 4434 δν
595 4374 705 4451 ίμιλλον
717 4374 889 4454 πορεύεσθαι,

107 4463 194 4535 πάσης
217 4463 308 4520 ἀδίκου
329 4459 418 4521 τεκαὶ
442 4461 547 4523 ἀνοσίου
569 4463 688 4542 πράξεως
711 4462 824 4542 καθαρὸν
842 4460 889 4523 καί

107 4550 233 4626 ἀμίαντον
246 4550 357 4622 ἐζηκότα
367 4550 413 4611 τθν
434 4551 501 4632 βίον.
546 4550 641 4614 Ἐνίκα
657 4552 685 4611 δὲ
699 4553 770 4629 ὅμως
790 4556 806 4623 ἡ
824 4574 888 4630 συγ·

107 4643 231 4716 χωροῦσα
241 4639 333 4716 γνώμη
349 4641 407 4709 ταῖς
421 4640 523 4719 γυναιξί
536 4638 586 4713 τὴν
599 4640 686 4709 ἔξοδον
697 4639 819 4719 μέγιστον
831 4641 890 4719 ἀμ·

109 4729 167 4806 φοῖν
182 4726 308 4804 ἀγκύριον
323 4729 497 4810 ίχουσα,τ’ἠς
511 4729 560 4806 μέν
577 4732 672 4810 βουλῆς
681 4734 728 4790 τοῦ
743 4729 885 4812 ρρονίμαυ,

109 4817 149 4875 ὅτι
174 4816 301 4892 κράτιστα
325 4819 489 4897 γενησόμενα
511 4819 648 4897 προείδετο
669 4817 744 4877 οὐδέν
767 4817 818 4878 ὑπθ
842 4821 888 4877 τοῦ

108 4903 226 4964 κινδύνου
241 4907 380 4975 τηλικοῦδε
392 4908 465 4975 ὄντος
475 4909 695 4988 ἀπιταραχθεῖαα·
706 4911 751 4968 τοὺ
764 4906 792 4967 δέ
806 4909 889 4988 Μαρ-

106 4994 164 5053 κίου
178 4996 226 5062 τῆς
239 4991 386 5068 sescentae,
402 4996 443 5056 δτι
453 4995 579 5073 πολέμιος
589 4993 625 5055 ῶν
640 4998 793 5056 ἐπιστεύετο
806 4994 889 5072 μηδὲν

108 5079 250 5153 ἀσεύήσειν
264 5081 300 5146 είς
314 5079 344 5138 τὸ
360 5083 549 5144 ἀσθινίατατον
565 5088 612 5156 τῆς
627 5083 730 5151 πόλεως
744 5084 823 5162 μέρος
836 5082 888 5142 κύ-

109 5194 162 5251 ριος
177 5174 256 5233 αὐτοῦ
267 5169 410 5241 καταστάς.
423 5169 469 5240 Ὧς
483 5171 511 5234 δέ
525 5173 557 5234 τὸ
567 5172 755 5255 προύούλινμα
771 5170 884 5256 ἀγράρη,

1665 339 1724 402 4ῖ9

947 500 960 524 a
975 483 1068 542 ειοαω,
1084 478 1178 542 cogatis
1196 492 1242 529 nos
1257 479 1311 529 boec
1323 479 1356 529 ab
1376 492 1407 530 eo
1420 482 1520 543 petere,
1531 494 1588 544 quaa
1602 494 1647 530 nec
1657 482 1725 545 apud
1781 469 1788 486 ⁸

946 589 958 614 ι
974 568 1088 620 homines
1101 568 1166 618 iusta
1181 571 1239 618 sunt
1253 582 1298 618 nec
1314 567 1381 632 apud
1393 567 1454 618 deos
1464 569 1512 631 pis.
1525 567 1574 618 Sed
1590 583 1635 618 nos
1646 570 1724 620 mise·

946 678 959 703 ι
974 672 1015 709 ras
1026 658 1052 707 in
1063 672 1105 718 ea,
1123 657 1238 715 fortuna,
1261 657 1374 721 inquam
1394 657 1542 715 indicimus,
1562 656 1667 708 afflictas
1687 660 1722 710 ia·

946 767 958 791 s
973 761 1028 798 cere
1041 747 1141 805 sinatis,
1151 746 1213 796 nihil
1222 747 1329 811 amplius
1341 745 1559 810 praeterdecorum
1571 745 1722 800 facientes.»

974 837 1060 886 xtlll.
1077 839 1163 893 Quum
1173 840 1258 885 antem
1268 835 1341 885 finem
1352 834 1450 885 dicendi
1462 834 1569 896 lecisset,
1581 840 1665 887 tantus
1674 838 1725 888 eiu·

944 927 1011 977 latus
1032 928 1165 978 mulierum
1179 931 1217 978 est
1230 930 1346 984 coortus,
1369 930 1495 994 tantisque
1513 929 1648 994 gemitibus
1659 930 1726 981 aedes

944 1025 1138 1085 personuerunt,
1150 1026 1179 1071 ut
1195 1021 1265 1085 longe
1280 1034 1323 1085 per
1337 1020 1426 1071 urbem
1440 1023 1534 1072 elamor
1551 1022 1724 1087 exaudiretur,

944 1115 1063 1166 etlurbaa
1077 1129 1198 1165 concursu
1219 1114 1267 1164 rici
1287 1113 1385 1164 aedibus
1407 1115 1513 1178 proximi
1533 1116 1723 1181 complerentur.

944 1211 1034 1259 Postea
1047 1211 1074 1258 et
1087 1207 1186 1257 Valeria
1200 1207 1284 1258 denuo
1301 1207 1396 1257 maiore
1409 1209 1566 1259 contentione
1581 1209 1686 1274 prolixis
1700 1209 1726 1260 et

944 1296 1081 1349 aflectuum
1089 1299 1169 1363 plenis
1178 1298 1293 1363 precibus
1302 1312 1347 1348 usa
1355 1303 1394 1349 est
1405 1314 1411 1344 z
1421 1303 1448 1349 et
1457 1300 1512 1349 aliea
1522 1305 1652 1362 matrona,
1667 1314 1724 1367 ques

945 1396 1046 1461 utrique
1055 1395 1145 1445 barum
1160 1395 1311 1458 mulierum,
1329 1395 1370 1447 sel
1382 1396 1491 1446 amicitia
1505 1398 1546 1447 rel
1560 1399 1723 1462 cognatione,

944 1489 1082 1540 coniunctae
1093 1491 1180 1547 erant,
1193 1501 1279 1539 earum
1292 1503 1372 1553 genua
1385 1493 1514 1553 tangentes
1526 1504 1568 1540 eas
1581 1490 1725 1555 suppliciter

944 1595 1015 1632 orare
1035 1595 1084 1631 non
1102 1581 1257 1632 desinebant.
1292 1584 1379 1646 ltaque
1396 1583 1513 1640 Veturia,
1530 1597 1610 1648 quum
1625 1582 1725 1634 illamm

946 1675 1031 1727 luctus
1043 1674 1108 1726 ferre
1122 1689 1170 1724 non
1180 1678 1282 1740 posset,
1299 1679 1325 1726 et
1335 1677 1423 1726 multis
1435 1676 1551 1741 precibus
1562 1677 1628 1727 victa
1646 1680 1724 1743 esset,

946 1767 1029 1827 cessit,
1040 1770 1065 1816 et
1076 1766 1176 1816 tandem
1191 1780 1236 1830 pro
1248 1768 1329 1831 patria
1342 1768 1488 1831 legationem
1503 1769 1587 1827 obire,
1603 1770 1725 1835 promisit,

947 1875 997 1911 una
1012 1873 1069 1910 cnm
1089 1872 1166 1910 uxore
1180 1859 1285 1921 Marcii,
1301 1860 1405 1925 eiusque
1419 1861 1475 1910 iliis
1500 1868 1525 1916 et
1536 1865 1591 1915 aliis
1610 1863 1725 1921 civibus,

947 1959 1071 2026 quotquot
1085 1954 1156 2020 sequi
1175 1954 1314 2006 voluerant.
1348 1955 1401 2005 illu
1423 1955 1500 2020 igitur
1521 1956 1613 2007 mirum
1632 1958 1658 2007 in
1671 1973 1727 2008 mo·

945 2049 1007 2099 dum
1023 2049 1104 2110 loelae,
1117 2047 1216 2113 diisque
1231 2047 1371 2110 invocatis,
1393 2051 1422 2097 nt
1433 2062 1485 2098 suaa
1500 2048 1552 2112 spei
1564 2049 1684 2113 lavarent,
1695 2064 1726 2100 ex

945 2146 1000 2196 eius
1019 2141 1118 2193 aadibm
1138 2141 1320 2201 discesserunt,
1343 2144 1369 2192 et
1385 2140 1448 2207 qnid
1462 2142 1570 2205 egissent
1583 2142 1727 2194 consulibus

945 2238 1100 2290 nuntmrunt.
1134 2236 1168 2286 iii
1182 2249 1242 2287 vero
1252 2235 1354 2286 laudata
1368 2250 1455 2287 earum
1466 2236 1563 2301 egregia
1582 2237 1725 2295 voluntate,
1829 2287 1836 2299 ,

947 2337 1060 2383 senatum
1070 2333 1253 2391 convocarunt,
1265 2333 1290 2381 et
1303 2330 1336 2380 ad
1352 2344 1410 2380 eum
1427 2332 1568 2384 retulerunt
1588 2333 1620 2384 de
1635 2332 1724 2384 mulie·

946 2440 1003 2477 rum
1016 2424 1186 2491 proiectione,
1209 2427 1235 2475 et
1255 2439 1286 2474 an
1309 2425 1476 2489 permittenda
1499 2431 1564 2478 esset
1589 2430 1725 2480 sentmtias

946 2515 1040 2566 viritim
1056 2515 1182 2577 rogarunt.
1216 2512 1296 2562 Multa
1312 2512 1387 2576 igitur
1405 2512 1480 2562 rerba
1491 2517 1516 2562 et
1532 2529 1546 2563 a
1560 2514 1648 2564 multis
1659 2515 1727 2566 dicta

947 2608 1019 2666 sunt,
1040 2607 1066 2654 et
1086 2601 1118 2652 ad
1141 2614 1269 2665 vesperam
1287 2614 1384 2666 usque,
1402 2600 1522 2665 quidnam
1545 2606 1612 2652 esset
1634 2601 1728 2655 facien«

946 2694 1023 2750 dnm,
1035 2691 1204 2742 consultatum
1220 2693 1265 2740 est
1297 2688 1345 2738 lilii
1361 2689 1429 2739 enim
1448 2689 1507 2739 urbi
1527 2690 1665 2754 periculum
1678 2705 1727 2741 non

945 2794 1051 2849 parvum
1067 2779 1196 2829 imminere
1207 2777 1419 2836 demonstrabant,
1434 2778 1456 2828 si
1465 2779 1611 2830 mulieribus
1623 2779 1727 2845 permit·

946 2873 1059 2932 teretur,
1071 2870 1102 2919 ut
1124 2881 1174 2918 una
1195 2880 1253 2916 cnm
1270 2864 1356 2916 liberis
1374 2865 1407 2916 ad
1421 2864 1532 2915 hostium
1553 2870 1634 2916 eastra
1651 2866 1725 2918 nent.

947 2962 1010 3010 Nam
1025 2957 1047 3008 si
1067 2955 1183 3007 hostibus
1198 2957 1324 3005 contemto
1343 2953 1472 3018 legationis
1483 2958 1509 3004 et
1521 2955 1661 3020 supplicum
1673 2955 1727 3006 iure

948 3061 977 3097 sc
995 3046 1105 3110 neglecta
1123 3044 1233 3109 pietate,
1258 3043 1376 3095 mulieres
1399 3057 1448 3093 non
1475 3043 1582 3108 amplius
1601 3043 1727 3095 dimittere

947 3135 1090 3201 placuisset,
1101 3147 1173 3184 suam
1180 3132 1268 3184 urbem
1275 3133 1328 3184 sine
1338 3131 1390 3182 ullo
1399 3132 1534 3182 certamine
1543 3135 1641 3195 raptum
1649 3133 1680 3182 irl
1691 3132 1728 3182 di·

948 3223 1037 3275 cebant
1049 3222 1233 3287 censebantque
1250 3221 1310 3286 ipsis
1328 3220 1388 3272 solis
1401 3221 1488 3271 Mardi
1497 3220 1609 3285 cognatis
1625 3221 1727 3284 permit·
1808 3264 1814 3287 ,

948 3312 1067 3375 tendum,
1092 3315 1121 3361 ut
1133 3324 1252 3360 unacum
1275 3308 1330 3360 eins
1351 3309 1436 3359 liberis
1454 3323 1484 3360 eo
1504 3309 1724 3373 proficiscerentur.

947 3402 996 3453 nbi
1015 3415 1089 3462 vero,
1106 3414 1138 3451 ne
1150 3398 1206 3449 istis
1219 3397 1322 3464 quidem
1337 3397 1445 3449 exeundi
1465 3401 1615 3463 potestatem
1626 3399 1727 3463 permit·

948 3491 1049 3543 undem
1073 3490 1221 3551 censebant,
1242 3488 1355 3553 quinimo
1374 3486 1528 3549 suadebant,
1543 3491 1572 3537 nt
1595 3487 1725 3551 diligenter

945 3578 986 3630 ue
996 3594 1097 3645 quoqne
1111 3593 1156 3644 pro
1168 3577 1299 3629 obsidibus
1312 3579 1508 3637 asservarentur,
1520 3579 1639 3640 tanquam
1652 3590 1724 3643 spon·

946 3681 1014 3720 sores
1033 3667 1080 3718 sibi
1092 3668 1124 3718 ab
1135 3666 1249 3718 bostibus
1270 3664 1351 3727 dates,
1368 3678 1400 3714 ne
1418 3677 1494 3729 ηαειο
1507 3665 1647 3729 graviorem
1663 3665 1726 3715 cala·

946 3757 1061 3809 mitatem
1073 3753 1213 3820 respublica
1224 3755 1256 3807 ab
1268 3753 1321 3804 illis
1336 3753 1468 3818 acciperet.
1501 3752 1550 3802 dlii
1562 3766 1621 3803 vero
1635 3750 1726 3803 suade-

946 3847 1022 3908 bant,
1037 3847 1067 3896 ut
1087 3843 1203 3895 omnibns
1225 3840 1389 3903 mulieribus,
1408 3855 1467 3907 quea
1487 3841 1594 3900 vellent,
1618 3840 1724 3892 exeundi

946 3937 1057 4001 potestas
1078 3932 1196 3993 daretur,
1220 3936 1250 3982 ut
1269 3931 1364 3982 maiore
1388 3943 1447 3981 cum
1467 3930 1617 3980 auctoritate
1638 3929 1725 3980 Mardi

946 4028 1058 4092 cognatu
1074 4038 1119 4089 pro
1137 4023 1218 4089 patria
1237 4021 1437 4086 deprecarentur.
1471 4020 1527 4078 Quo
1546 4018 1629 4069 minus
1640 4021 1724 4069 autem

945 4117 1085 4183 quidquam
1097 4114 1157 4166 maii
1166 4113 1226 4180 ipsis
1238 4112 1377 4171 accideret,
1398 4123 1528 4177 sponsores
1542 4107 1642 4159 iirturos
1656 4108 1725 4158 diee-

945 4205 1019 4267 bant,
1033 4207 1143 4272 primum
1162 4204 1264 4270 quidem
1284 4202 1351 4266 ipsos
1363 4200 1440 4258 deos,
1459 4198 1553 4265 quibus
1574 4199 1724 4248 ennsecratse

945 4295 1122 4361 supplicatura
1143 4296 1231 4354 erant,
1261 4289 1352 4342 deinde
1376 4302 1435 4340 vero
1460 4288 1543 4352 ipsum
1563 4286 1663 4347 virum,
1692 4283 1725 4335 ad

944 4396 1021 4448 quem
1039 4382 1113 4433 itura
1134 4383 1222 4441 erant,
1243 4380 1315 4431 cuius
1335 4377 1390 4429 rita
1405 4376 1485 4428 omnis
1507 4376 1595 4426 iniusti
1611 4377 1637 4425 et
1655 4371 1725 4436 impii

945 4470 1061 4522 facinoris
1074 4485 1138 4537 pura
1154 4471 1302 4523 exstitisset.
1338 4471 1400 4521 llus
1414 4471 1497 4518 tamen
1518 4464 1658 4522 sententia,
1673 4474 1724 4526 qna

943 4560 1091 4614 mulieribus
1100 4560 1207 4613 exeundi
1217 4562 1328 4626 potestas
1342 4559 1496 4621 debetcum
1509 4555 1620 4606 maxima
1632 4550 1724 4603 utrius·

943 4649 1080 4715 qnelande
1103 4650 1178 4710 ricit3
1200 4653 1314 4707 senatus,
1335 4651 1437 4713 propter
1458 4645 1633 4712 pmdentiam,
1655 4639 1723 4706 qnod

943 4739 1036 4803 optime
1051 4737 1213 4800 testatores,
1231 4737 1295 4788 nibil
1310 4737 1414 4802 periculi
1432 4733 1603 4799 magnitudine
1616 4727 1721 4780 deterri·

945 4830 1002 4886 tns,
1027 4827 1198 4893 providisset,
1223 4826 1310 4877 Marcii
1334 4840 1394 4877 vero
1416 4828 1517 4891 propter
1542 4822 1675 4885 pietatem,
1690 4814 1722 4865 de

943 4929 1008 4981 qno,
1027 4917 1144 4982 quamvis
1164 4915 1331 4974 bostisesset‚
1354 4920 1423 4966 certa
1446 4919 1528 4963 tamen
1549 4912 1603 4958 erat
1619 4905 1720 4971 opinio,

943 5019 1002 5056 eum
1023 5003 1049 5055 in
1070 5003 1263 5055 infirmissimam
1278 5003 1389 5054 civitatis
1414 5004 1524 5066 partem,
1549 4997 1568 5045 si
1595 4997 1621 5046 in
1641 4996 1721 5061 ipsins

943 5095 1091 5158 potestatem
1112 5092 1233 5154 uenisset,
1254 5091 1318 5142 nihil
1339 5090 1414 5153 impie
1433 5088 1600 5153 patraturum.
1643 5086 1720 5135 Facto

943 5183 1028 5233 auum
1039 5179 1266 5241 senatusconsulto,
1278 5176 1394 5231 consules
1408 5175 1435 5227 in
1447 5172 1529 5225 iorum
1540 5171 1680 5240 progressi,
1693 5171 1719 5220 et
