<?xml version="1.0" encoding="UTF-8"?>
<!DOCTYPE html PUBLIC "-//W3C//DTD XHTML 1.0 Transitional//EN"
    "http://www.w3.org/TR/xhtml1/DTD/xhtml1-transitional.dtd">
<html xmlns="http://www.w3.org/1999/xhtml" xml:lang="en" lang="en">
 <head>
  <title>
</title>
<meta http-equiv="Content-Type" content="text/html;charset=utf-8" />
  <meta name='ocr-system' content='tesseract 3.04.00' />
  <meta name='ocr-capabilities' content='ocr_page ocr_carea ocr_par ocr_line ocrx_word'/>
</head>
<body>
  <div class='ocr_page' id='page_1' title='image "./dionysiihalicar00prougoog_0733.png"; bbox 0 0 3772 5828; ppageno 0'>
   <div class='ocr_carea' id='block_1_1' title="bbox 106 332 1157 546">
    <p class='ocr_par' dir='ltr' id='par_1_1' title="bbox 106 332 1157 546">
     <span class='ocr_line' id='line_1_1' title="bbox 695 332 1157 395; baseline -0.002 0"><span class='ocrx_word' id='word_1_1' title='bbox 695 333 896 395; x_wconf 79' lang='lat' dir='ltr'>EXCERPTA</span> <span class='ocrx_word' id='word_1_2' title='bbox 920 332 973 393; x_wconf 80' lang='lat' dir='ltr'><strong>EX</strong></span> <span class='ocrx_word' id='word_1_3' title='bbox 994 332 1069 392; x_wconf 83' lang='lat' dir='ltr'><strong>Ltss.</strong></span> <span class='ocrx_word' id='word_1_4' title='bbox 1091 332 1157 394; x_wconf 83' lang='grc' dir='ltr'><strong>ΧΠ.</strong></span> 
     </span>
     <span class='ocr_line' id='line_1_2' title="bbox 106 432 916 546; baseline -0.005 -19"><span class='ocrx_word' id='word_1_5' title='bbox 106 432 140 527; x_wconf 61' lang='grc' dir='ltr'><strong>1τι</strong></span> <span class='ocrx_word' id='word_1_6' title='bbox 153 468 186 527; x_wconf 81' lang='grc' dir='ltr'><strong>δι’</strong></span> <span class='ocrx_word' id='word_1_7' title='bbox 203 466 341 546; x_wconf 83' lang='grc' dir='ltr'>α’μφότερα</span> <span class='ocrx_word' id='word_1_8' title='bbox 355 470 440 526; x_wconf 79' lang='grc' dir='ltr'>ταῦτα</span> <span class='ocrx_word' id='word_1_9' title='bbox 454 465 500 526; x_wconf 85' lang='grc' dir='ltr'><strong>καί</strong></span> <span class='ocrx_word' id='word_1_10' title='bbox 514 464 687 546; x_wconf 73' lang='grc' dir='ltr'>ἀπηλλάχθαι</span> <span class='ocrx_word' id='word_1_11' title='bbox 701 464 886 545; x_wconf 86' lang='grc' dir='ltr'>προθυμούμτ·</span> <span class='ocrx_word' id='word_1_12' title='bbox 912 497 916 515; x_wconf 77' lang='grc' dir='ltr'>ι</span> 
     </span>
    </p>
   </div>
   <div class='ocr_carea' id='block_1_2' title="bbox 60 550 895 5160">
    <p class='ocr_par' dir='ltr' id='par_1_2' title="bbox 60 550 895 5160">
     <span class='ocr_line' id='line_1_3' title="bbox 112 550 889 635; baseline -0.006 -19"><span class='ocrx_word' id='word_1_13' title='bbox 112 582 154 625; x_wconf 91' lang='grc' dir='ltr'><strong>νσς</strong></span> <span class='ocrx_word' id='word_1_14' title='bbox 178 558 277 615; x_wconf 83' lang='grc' dir='ltr'>έκείνου</span> <span class='ocrx_word' id='word_1_15' title='bbox 300 552 440 635; x_wconf 79' lang='grc' dir='ltr'>μείζοναή</span> <span class='ocrx_word' id='word_1_16' title='bbox 461 553 519 613; x_wconf 78' lang='grc' dir='ltr'>κατ’</span> <span class='ocrx_word' id='word_1_17' title='bbox 540 550 647 623; x_wconf 83' lang='grc' dir='ltr'>ίδιιδιην</span> <span class='ocrx_word' id='word_1_18' title='bbox 667 553 744 633; x_wconf 76' lang='grc' dir='ltr'>ἰσχὺν</span> <span class='ocrx_word' id='word_1_19' title='bbox 768 555 889 632; x_wconf 86' lang='grc' dir='ltr'>ίχοντος,</span> 
     </span>
     <span class='ocr_line' id='line_1_4' title="bbox 113 638 892 721; baseline -0.009 -17"><span class='ocrx_word' id='word_1_20' title='bbox 113 646 228 721; x_wconf 76' lang='grc' dir='ltr'>ἐπιμελῆ</span> <span class='ocrx_word' id='word_1_21' title='bbox 243 644 352 716; x_wconf 79' lang='grc' dir='ltr'>ζήτησιν</span> <span class='ocrx_word' id='word_1_22' title='bbox 372 644 486 702; x_wconf 79' lang='grc' dir='ltr'>ίποιεῖτο</span> <span class='ocrx_word' id='word_1_23' title='bbox 506 644 560 699; x_wconf 87' lang='grc' dir='ltr'><strong>τῶν</strong></span> <span class='ocrx_word' id='word_1_24' title='bbox 581 642 625 698; x_wconf 78' lang='grc' dir='ltr'><strong>ὑπ’</strong></span> <span class='ocrx_word' id='word_1_25' title='bbox 642 642 721 699; x_wconf 76' lang='grc' dir='ltr'>αὐτοῦ</span> <span class='ocrx_word' id='word_1_26' title='bbox 743 638 892 719; x_wconf 85' lang='grc' dir='ltr'>λεγομένων</span> 
     </span>
     <span class='ocr_line' id='line_1_5' title="bbox 112 719 892 813; baseline -0.012 -19"><span class='ocrx_word' id='word_1_27' title='bbox 112 734 201 794; x_wconf 78' lang='grc' dir='ltr'>τεκαὶ</span> <span class='ocrx_word' id='word_1_28' title='bbox 216 731 416 813; x_wconf 69' lang='grc' dir='ltr'><strong>πραττομένων.</strong></span> <span class='ocrx_word' id='word_1_29' title='bbox 462 731 575 792; x_wconf 80' lang='grc' dir='ltr'>Πολλῶν</span> <span class='ocrx_word' id='word_1_30' title='bbox 591 730 619 789; x_wconf 74' lang='grc' dir='ltr'>δὲ</span> <span class='ocrx_word' id='word_1_31' title='bbox 639 729 721 790; x_wconf 78' lang='grc' dir='ltr'>ὄντων</span> <span class='ocrx_word' id='word_1_32' title='bbox 736 719 774 796; x_wconf 79' lang='grc' dir='ltr'><strong>οἷς</strong></span> <span class='ocrx_word' id='word_1_33' title='bbox 793 733 808 788; x_wconf 82' lang='grc' dir='ltr'>δ</span> <span class='ocrx_word' id='word_1_34' title='bbox 824 728 892 810; x_wconf 75' lang='grc' dir='ltr'>ἁνήρ</span> 
     </span>
     <span class='ocr_line' id='line_1_6' title="bbox 71 817 893 901; baseline 0 -25"><span class='ocrx_word' id='word_1_35' title='bbox 71 840 85 876; x_wconf 89' lang='lat' dir='ltr'><strong>s</strong></span> <span class='ocrx_word' id='word_1_36' title='bbox 114 825 247 900; x_wconf 72' lang='grc' dir='ltr'>συνεργοῖς</span> <span class='ocrx_word' id='word_1_37' title='bbox 261 824 358 901; x_wconf 71' lang='grc' dir='ltr'>ἐχρῆτο</span> <span class='ocrx_word' id='word_1_38' title='bbox 381 822 433 879; x_wconf 88' lang='grc' dir='ltr'><strong>τῶν</strong></span> <span class='ocrx_word' id='word_1_39' title='bbox 456 819 632 900; x_wconf 74' lang='grc' dir='ltr'>ἀπορρήτων,</span> <span class='ocrx_word' id='word_1_40' title='bbox 659 818 706 878; x_wconf 83' lang='grc' dir='ltr'><strong>καὶ</strong></span> <span class='ocrx_word' id='word_1_41' title='bbox 730 817 790 877; x_wconf 90' lang='grc' dir='ltr'>ούτε</span> <span class='ocrx_word' id='word_1_42' title='bbox 804 839 893 896; x_wconf 89' lang='grc' dir='ltr'>φυσεις</span> 
     </span>
     <span class='ocr_line' id='line_1_7' title="bbox 114 904 894 987; baseline -0.005 -19"><span class='ocrx_word' id='word_1_43' title='bbox 114 911 212 984; x_wconf 79' lang='grc' dir='ltr'>ὁμοίων</span> <span class='ocrx_word' id='word_1_44' title='bbox 233 908 292 969; x_wconf 89' lang='grc' dir='ltr'>υύτε</span> <span class='ocrx_word' id='word_1_45' title='bbox 305 909 351 976; x_wconf 81' lang='grc' dir='ltr'><strong>τδς</strong></span> <span class='ocrx_word' id='word_1_46' title='bbox 371 907 479 986; x_wconf 77' lang='grc' dir='ltr'>γνώμας</span> <span class='ocrx_word' id='word_1_47' title='bbox 503 907 717 987; x_wconf 81' lang='grc' dir='ltr'>παραπλησίων,</span> <span class='ocrx_word' id='word_1_48' title='bbox 736 904 832 984; x_wconf 85' lang='grc' dir='ltr'>ίμελλέ</span> <span class='ocrx_word' id='word_1_49' title='bbox 855 929 894 972; x_wconf 92' lang='grc' dir='ltr'><strong>τις</strong></span> 
     </span>
     <span class='ocr_line' id='line_1_8' title="bbox 115 991 895 1078; baseline -0.005 -22"><span class='ocrx_word' id='word_1_50' title='bbox 115 996 180 1078; x_wconf 82' lang='grc' dir='ltr'>ὅπερ</span> <span class='ocrx_word' id='word_1_51' title='bbox 196 999 263 1066; x_wconf 81' lang='grc' dir='ltr'>εἰκὸς</span> <span class='ocrx_word' id='word_1_52' title='bbox 287 999 317 1057; x_wconf 84' lang='grc' dir='ltr'><strong>ού</strong></span> <span class='ocrx_word' id='word_1_53' title='bbox 338 995 455 1076; x_wconf 78' lang='grc' dir='ltr'>βεάαίως</span> <span class='ocrx_word' id='word_1_54' title='bbox 476 997 549 1076; x_wconf 82' lang='grc' dir='ltr'>αύτῷ</span> <span class='ocrx_word' id='word_1_55' title='bbox 574 994 680 1054; x_wconf 84' lang='grc' dir='ltr'>ἔσεσθαι</span> <span class='ocrx_word' id='word_1_56' title='bbox 701 994 789 1074; x_wconf 88' lang='grc' dir='ltr'>φίλος,</span> <span class='ocrx_word' id='word_1_57' title='bbox 813 991 831 1066; x_wconf 63' lang='lat' dir='ltr'><strong>it</strong></span> <span class='ocrx_word' id='word_1_58' title='bbox 851 994 895 1053; x_wconf 79' lang='grc' dir='ltr'><strong>διὰ</strong></span> 
     </span>
     <span class='ocr_line' id='line_1_9' title="bbox 115 1075 893 1169; baseline -0.004 -23"><span class='ocrx_word' id='word_1_59' title='bbox 115 1086 195 1169; x_wconf 83' lang='grc' dir='ltr'>φδδον</span> <span class='ocrx_word' id='word_1_60' title='bbox 211 1087 228 1160; x_wconf 82' lang='grc' dir='ltr'>ή</span> <span class='ocrx_word' id='word_1_61' title='bbox 243 1088 286 1148; x_wconf 77' lang='lat' dir='ltr'><strong>td</strong></span> <span class='ocrx_word' id='word_1_62' title='bbox 309 1087 399 1166; x_wconf 87' lang='grc' dir='ltr'>κέρδος</span> <span class='ocrx_word' id='word_1_63' title='bbox 413 1086 492 1144; x_wconf 90' lang='grc' dir='ltr'>ίδιον·</span> <span class='ocrx_word' id='word_1_64' title='bbox 509 1075 532 1166; x_wconf 78' lang='grc' dir='ltr'>ᾧ</span> <span class='ocrx_word' id='word_1_65' title='bbox 551 1086 584 1145; x_wconf 75' lang='grc' dir='ltr'><strong>τὰ</strong></span> <span class='ocrx_word' id='word_1_66' title='bbox 596 1085 679 1146; x_wconf 79' lang='grc' dir='ltr'>πιστὰ</span> <span class='ocrx_word' id='word_1_67' title='bbox 696 1083 753 1153; x_wconf 88' lang='grc' dir='ltr'>δούς</span> <span class='ocrx_word' id='word_1_68' title='bbox 773 1086 893 1146; x_wconf 84' lang='grc' dir='ltr'>θΜινύ-</span> 
     </span>
     <span class='ocr_line' id='line_1_10' title="bbox 115 1165 893 1258; baseline -0.004 -22"><span class='ocrx_word' id='word_1_69' title='bbox 115 1201 170 1244; x_wconf 90' lang='grc' dir='ltr'>κιος</span> <span class='ocrx_word' id='word_1_70' title='bbox 197 1176 262 1258; x_wconf 79' lang='grc' dir='ltr'>ὑπέρ</span> <span class='ocrx_word' id='word_1_71' title='bbox 286 1182 331 1237; x_wconf 81' lang='grc' dir='ltr'><strong>τοῦ</strong></span> <span class='ocrx_word' id='word_1_72' title='bbox 361 1173 455 1254; x_wconf 84' lang='grc' dir='ltr'>μηδενὶ</span> <span class='ocrx_word' id='word_1_73' title='bbox 486 1175 596 1256; x_wconf 87' lang='grc' dir='ltr'>φράσειν</span> <span class='ocrx_word' id='word_1_74' title='bbox 615 1174 686 1242; x_wconf 77' lang='grc' dir='ltr'>ὅστις</span> <span class='ocrx_word' id='word_1_75' title='bbox 707 1165 757 1248; x_wconf 82' lang='grc' dir='ltr'>ήν,</span> <span class='ocrx_word' id='word_1_76' title='bbox 786 1172 893 1235; x_wconf 74' lang='grc' dir='ltr'>ἅπασαν</span> 
     </span>
     <span class='ocr_line' id='line_1_11' title="bbox 64 1261 890 1346; baseline -0.004 -19"><span class='ocrx_word' id='word_1_77' title='bbox 64 1290 88 1329; x_wconf 89' lang='lat' dir='ltr'><strong>to</strong></span> <span class='ocrx_word' id='word_1_78' title='bbox 115 1266 183 1345; x_wconf 85' lang='grc' dir='ltr'>ἔγνω</span> <span class='ocrx_word' id='word_1_79' title='bbox 197 1267 245 1338; x_wconf 89' lang='grc' dir='ltr'><strong>τήν</strong></span> <span class='ocrx_word' id='word_1_80' title='bbox 259 1289 288 1326; x_wconf 89' lang='grc' dir='ltr'><strong>τι</strong></span> <span class='ocrx_word' id='word_1_81' title='bbox 311 1265 428 1326; x_wconf 87' lang='grc' dir='ltr'>διάνοιαν</span> <span class='ocrx_word' id='word_1_82' title='bbox 446 1268 492 1323; x_wconf 78' lang='grc' dir='ltr'><strong>τοῦ</strong></span> <span class='ocrx_word' id='word_1_83' title='bbox 512 1262 627 1325; x_wconf 75' lang='grc' dir='ltr'>Μαιλίου</span> <span class='ocrx_word' id='word_1_84' title='bbox 643 1261 688 1322; x_wconf 83' lang='grc' dir='ltr'><strong>καί</strong></span> <span class='ocrx_word' id='word_1_85' title='bbox 708 1261 890 1346; x_wconf 85' lang='grc' dir='ltr'>παρασκευήν.</span> 
     </span>
     <span class='ocr_line' id='line_1_12' title="bbox 115 1350 892 1434; baseline -0.004 -21"><span class='ocrx_word' id='word_1_86' title='bbox 115 1352 163 1420; x_wconf 86' lang='grc' dir='ltr'><strong>Ὡς</strong></span> <span class='ocrx_word' id='word_1_87' title='bbox 184 1354 211 1413; x_wconf 75' lang='grc' dir='ltr'>δὲ</span> <span class='ocrx_word' id='word_1_88' title='bbox 227 1354 273 1414; x_wconf 81' lang='grc' dir='ltr'><strong>καί</strong></span> <span class='ocrx_word' id='word_1_89' title='bbox 288 1354 430 1433; x_wconf 82' lang='grc' dir='ltr'>τεκμήριον</span> <span class='ocrx_word' id='word_1_90' title='bbox 456 1350 550 1411; x_wconf 81' lang='grc' dir='ltr'>ίλαδτν</span> <span class='ocrx_word' id='word_1_91' title='bbox 566 1351 759 1434; x_wconf 76' lang='grc' dir='ltr'>ἀναμφίλεκτον</span> <span class='ocrx_word' id='word_1_92' title='bbox 782 1353 825 1411; x_wconf 81' lang='grc' dir='ltr'><strong>καὶ</strong></span> <span class='ocrx_word' id='word_1_93' title='bbox 844 1350 892 1423; x_wconf 83' lang='grc' dir='ltr'><strong>τήν</strong></span> 
     </span>
     <span class='ocr_line' id='line_1_13' title="bbox 115 1433 894 1525; baseline 0 -25"><span class='ocrx_word' id='word_1_94' title='bbox 115 1442 211 1525; x_wconf 79' lang='grc' dir='ltr'>πρᾶξιν</span> <span class='ocrx_word' id='word_1_95' title='bbox 229 1447 256 1504; x_wconf 76' lang='lat' dir='ltr'><strong>ts</strong></span> <span class='ocrx_word' id='word_1_96' title='bbox 270 1441 361 1523; x_wconf 81' lang='grc' dir='ltr'>χερσίν</span> <span class='ocrx_word' id='word_1_97' title='bbox 377 1433 457 1501; x_wconf 72' lang='grc' dir='ltr'>οὖσαν</span> <span class='ocrx_word' id='word_1_98' title='bbox 473 1440 557 1520; x_wconf 84' lang='grc' dir='ltr'>ίγνω,</span> <span class='ocrx_word' id='word_1_99' title='bbox 577 1440 647 1517; x_wconf 88' lang='grc' dir='ltr'>λέγει</span> <span class='ocrx_word' id='word_1_100' title='bbox 668 1439 732 1522; x_wconf 83' lang='grc' dir='ltr'>πρὸς</span> <span class='ocrx_word' id='word_1_101' title='bbox 745 1440 805 1507; x_wconf 79' lang='grc' dir='ltr'>τοὺς</span> <span class='ocrx_word' id='word_1_102' title='bbox 825 1439 894 1500; x_wconf 82' lang='grc' dir='ltr'>θειά-</span> 
     </span>
     <span class='ocr_line' id='line_1_14' title="bbox 114 1527 895 1610; baseline -0.005 -20"><span class='ocrx_word' id='word_1_103' title='bbox 114 1555 189 1600; x_wconf 89' lang='grc' dir='ltr'>τους·</span> <span class='ocrx_word' id='word_1_104' title='bbox 217 1534 311 1591; x_wconf 84' lang='grc' dir='ltr'>έκεῖνοι</span> <span class='ocrx_word' id='word_1_105' title='bbox 333 1529 360 1589; x_wconf 86' lang='grc' dir='ltr'>δί</span> <span class='ocrx_word' id='word_1_106' title='bbox 383 1530 431 1589; x_wconf 81' lang='grc' dir='ltr'>οὐκ</span> <span class='ocrx_word' id='word_1_107' title='bbox 450 1527 580 1598; x_wconf 78' lang='grc' dir='ltr'>δξιοδντις</span> <span class='ocrx_word' id='word_1_108' title='bbox 603 1529 643 1610; x_wconf 75' lang='grc' dir='ltr'><strong>ἐφ’</strong></span> <span class='ocrx_word' id='word_1_109' title='bbox 667 1532 768 1595; x_wconf 81' lang='grc' dir='ltr'>ίαυτοῖς</span> <span class='ocrx_word' id='word_1_110' title='bbox 785 1532 895 1600; x_wconf 81' lang='grc' dir='ltr'>ποιῆσαι</span> 
     </span>
     <span class='ocr_line' id='line_1_15' title="bbox 115 1616 894 1699; baseline -0.005 -21"><span class='ocrx_word' id='word_1_111' title='bbox 115 1619 203 1695; x_wconf 84' lang='grc' dir='ltr'>μόνοις</span> <span class='ocrx_word' id='word_1_112' title='bbox 214 1617 404 1699; x_wconf 67' lang='grc' dir='ltr'>ἐπιχειρήσεως</span> <span class='ocrx_word' id='word_1_113' title='bbox 415 1617 577 1691; x_wconf 78' lang='grc' dir='ltr'>τηλικαύτης</span> <span class='ocrx_word' id='word_1_114' title='bbox 588 1616 713 1688; x_wconf 87' lang='grc' dir='ltr'>ίξέτασιν,</span> <span class='ocrx_word' id='word_1_115' title='bbox 725 1619 761 1683; x_wconf 84' lang='grc' dir='ltr'><strong>είς</strong></span> <span class='ocrx_word' id='word_1_116' title='bbox 773 1617 821 1687; x_wconf 85' lang='grc' dir='ltr'><strong>τήν</strong></span> <span class='ocrx_word' id='word_1_117' title='bbox 831 1619 894 1691; x_wconf 85' lang='grc' dir='ltr'>βου·</span> 
     </span>
     <span class='ocr_line' id='line_1_16' title="bbox 64 1704 894 1788; baseline -0.002 -23"><span class='ocrx_word' id='word_1_118' title='bbox 64 1732 87 1771; x_wconf 85' lang='lat' dir='ltr'><strong>ts</strong></span> <span class='ocrx_word' id='word_1_119' title='bbox 114 1707 163 1778; x_wconf 77' lang='grc' dir='ltr'>λήν</span> <span class='ocrx_word' id='word_1_120' title='bbox 178 1707 260 1788; x_wconf 83' lang='grc' dir='ltr'>ᾤοντο</span> <span class='ocrx_word' id='word_1_121' title='bbox 271 1709 324 1765; x_wconf 83' lang='grc' dir='ltr'>δεῖν</span> <span class='ocrx_word' id='word_1_122' title='bbox 337 1705 366 1765; x_wconf 82' lang='grc' dir='ltr'><strong>τθ</strong></span> <span class='ocrx_word' id='word_1_123' title='bbox 378 1715 490 1787; x_wconf 75' lang='grc' dir='ltr'>πρᾶγμα</span> <span class='ocrx_word' id='word_1_124' title='bbox 506 1705 653 1786; x_wconf 77' lang='grc' dir='ltr'>εἰσφέρειν,</span> <span class='ocrx_word' id='word_1_125' title='bbox 671 1706 717 1764; x_wconf 86' lang='grc' dir='ltr'><strong>καί</strong></span> <span class='ocrx_word' id='word_1_126' title='bbox 734 1704 894 1764; x_wconf 78' lang='grc' dir='ltr'>συνεκάλουν</span> 
     </span>
     <span class='ocr_line' id='line_1_17' title="bbox 115 1791 893 1875; baseline -0.001 -22"><span class='ocrx_word' id='word_1_127' title='bbox 115 1795 285 1875; x_wconf 83' lang='grc' dir='ltr'>τδσυνέδριον</span> <span class='ocrx_word' id='word_1_128' title='bbox 303 1793 375 1860; x_wconf 79' lang='grc' dir='ltr'>εὐθύς</span> <span class='ocrx_word' id='word_1_129' title='bbox 395 1796 455 1875; x_wconf 84' lang='grc' dir='ltr'>περὶ</span> <span class='ocrx_word' id='word_1_130' title='bbox 477 1793 594 1870; x_wconf 89' lang='grc' dir='ltr'>πολέμου</span> <span class='ocrx_word' id='word_1_131' title='bbox 613 1792 645 1864; x_wconf 88' lang='grc' dir='ltr'>δή</span> <span class='ocrx_word' id='word_1_132' title='bbox 668 1815 735 1860; x_wconf 90' lang='grc' dir='ltr'>τινος</span> <span class='ocrx_word' id='word_1_133' title='bbox 754 1791 893 1872; x_wconf 74' lang='grc' dir='ltr'>ὑπερορίου</span> 
     </span>
     <span class='ocr_line' id='line_1_18' title="bbox 118 1879 894 1963; baseline -0.008 -20"><span class='ocrx_word' id='word_1_134' title='bbox 118 1885 329 1963; x_wconf 87' lang='grc' dir='ltr'>βουλευσόμενοι.</span> <span class='ocrx_word' id='word_1_135' title='bbox 376 1881 563 1962; x_wconf 86' lang='grc' dir='ltr'>Πληρωθέντος</span> <span class='ocrx_word' id='word_1_136' title='bbox 579 1882 606 1941; x_wconf 75' lang='grc' dir='ltr'>δὲ</span> <span class='ocrx_word' id='word_1_137' title='bbox 625 1886 671 1940; x_wconf 85' lang='grc' dir='ltr'><strong>τοῦ</strong></span> <span class='ocrx_word' id='word_1_138' title='bbox 694 1880 827 1961; x_wconf 81' lang='grc' dir='ltr'>συνεδρίου</span> <span class='ocrx_word' id='word_1_139' title='bbox 851 1879 894 1939; x_wconf 77' lang='grc' dir='ltr'><strong>διὰ</strong></span> 
     </span>
     <span class='ocr_line' id='line_1_19' title="bbox 115 1968 893 2053; baseline -0.005 -21"><span class='ocrx_word' id='word_1_140' title='bbox 115 1973 236 2053; x_wconf 81' lang='grc' dir='ltr'>ταχέων,</span> <span class='ocrx_word' id='word_1_141' title='bbox 257 1971 394 2053; x_wconf 86' lang='grc' dir='ltr'>παρελθὼν</span> <span class='ocrx_word' id='word_1_142' title='bbox 414 1971 504 2052; x_wconf 77' lang='grc' dir='ltr'>ἅτερος</span> <span class='ocrx_word' id='word_1_143' title='bbox 527 1973 614 2030; x_wconf 79' lang='grc' dir='ltr'>αὐτῶν</span> <span class='ocrx_word' id='word_1_144' title='bbox 629 1968 731 2043; x_wconf 79' lang='grc' dir='ltr'>ἔλεξεν,</span> <span class='ocrx_word' id='word_1_145' title='bbox 746 1969 893 2049; x_wconf 72' lang='grc' dir='ltr'>διεπράξω</span> 
     </span>
     <span class='ocr_line' id='line_1_20' title="bbox 115 2058 891 2140; baseline -0.003 -21"><span class='ocrx_word' id='word_1_146' title='bbox 115 2065 203 2130; x_wconf 80' lang='grc' dir='ltr'>αὐτοῖς</span> <span class='ocrx_word' id='word_1_147' title='bbox 218 2060 368 2140; x_wconf 73' lang='grc' dir='ltr'>μεμήνυται</span> <span class='ocrx_word' id='word_1_148' title='bbox 389 2058 601 2136; x_wconf 81' lang='grc' dir='ltr'>συσκευαζομένη</span> <span class='ocrx_word' id='word_1_149' title='bbox 628 2058 698 2118; x_wconf 80' lang='grc' dir='ltr'>κατὰ</span> <span class='ocrx_word' id='word_1_150' title='bbox 718 2063 764 2130; x_wconf 80' lang='grc' dir='ltr'><strong>τῆς</strong></span> <span class='ocrx_word' id='word_1_151' title='bbox 790 2058 891 2126; x_wconf 78' lang='grc' dir='ltr'>πόλεως</span> 
     </span>
     <span class='ocr_line' id='line_1_21' title="bbox 61 2138 892 2231; baseline -0.004 -21"><span class='ocrx_word' id='word_1_152' title='bbox 61 2170 88 2210; x_wconf 81' lang='grc' dir='ltr'>ου</span> <span class='ocrx_word' id='word_1_153' title='bbox 114 2138 213 2223; x_wconf 78' lang='grc' dir='ltr'>πολλῆς</span> <span class='ocrx_word' id='word_1_154' title='bbox 228 2151 295 2209; x_wconf 88' lang='grc' dir='ltr'>πάνυ</span> <span class='ocrx_word' id='word_1_155' title='bbox 320 2149 366 2208; x_wconf 83' lang='grc' dir='ltr'><strong>καί</strong></span> <span class='ocrx_word' id='word_1_156' title='bbox 389 2147 498 2231; x_wconf 84' lang='grc' dir='ltr'>ταχείας</span> <span class='ocrx_word' id='word_1_157' title='bbox 522 2151 641 2231; x_wconf 70' lang='grc' dir='ltr'>φυλακῆς</span> <span class='ocrx_word' id='word_1_158' title='bbox 666 2147 776 2226; x_wconf 84' lang='grc' dir='ltr'>δεομένη</span> <span class='ocrx_word' id='word_1_159' title='bbox 797 2147 840 2207; x_wconf 76' lang='grc' dir='ltr'><strong>διὰ</strong></span> <span class='ocrx_word' id='word_1_160' title='bbox 861 2148 892 2207; x_wconf 86' lang='grc' dir='ltr'><strong>τὸ</strong></span> 
     </span>
     <span class='ocr_line' id='line_1_22' title="bbox 114 2236 892 2320; baseline -0.008 -19"><span class='ocrx_word' id='word_1_161' title='bbox 114 2250 159 2302; x_wconf 80' lang='grc' dir='ltr'><strong>τοῦ</strong></span> <span class='ocrx_word' id='word_1_162' title='bbox 182 2241 301 2301; x_wconf 83' lang='grc' dir='ltr'>κινδύνου</span> <span class='ocrx_word' id='word_1_163' title='bbox 331 2238 458 2317; x_wconf 85' lang='grc' dir='ltr'>μέγεθος·</span> <span class='ocrx_word' id='word_1_164' title='bbox 480 2243 579 2309; x_wconf 84' lang='grc' dir='ltr'>ταύτης</span> <span class='ocrx_word' id='word_1_165' title='bbox 604 2236 629 2296; x_wconf 84' lang='grc' dir='ltr'>δ’</span> <span class='ocrx_word' id='word_1_166' title='bbox 651 2240 700 2320; x_wconf 79' lang='grc' dir='ltr'><strong>ἔφη</strong></span> <span class='ocrx_word' id='word_1_167' title='bbox 721 2236 840 2315; x_wconf 80' lang='grc' dir='ltr'>μηνυτὴν</span> <span class='ocrx_word' id='word_1_168' title='bbox 862 2238 892 2295; x_wconf 91' lang='grc' dir='ltr'><strong>ού</strong></span> 
     </span>
     <span class='ocr_line' id='line_1_23' title="bbox 114 2319 892 2409; baseline -0.009 -19"><span class='ocrx_word' id='word_1_169' title='bbox 114 2334 166 2390; x_wconf 85' lang='grc' dir='ltr'><strong>τῶν</strong></span> <span class='ocrx_word' id='word_1_170' title='bbox 186 2328 364 2409; x_wconf 82' lang='grc' dir='ltr'>ἐπιτυχόντων</span> <span class='ocrx_word' id='word_1_171' title='bbox 386 2319 453 2388; x_wconf 86' lang='grc' dir='ltr'>ε’ίναί</span> <span class='ocrx_word' id='word_1_172' title='bbox 471 2350 531 2386; x_wconf 90' lang='grc' dir='ltr'>τινα</span> <span class='ocrx_word' id='word_1_173' title='bbox 549 2328 681 2399; x_wconf 82' lang='grc' dir='ltr'>πολιτῶν,</span> <span class='ocrx_word' id='word_1_174' title='bbox 698 2328 757 2385; x_wconf 74' lang='grc' dir='ltr'>ἀλλ’</span> <span class='ocrx_word' id='word_1_175' title='bbox 778 2327 806 2387; x_wconf 89' lang='grc' dir='ltr'><strong>δν</strong></span> <span class='ocrx_word' id='word_1_176' title='bbox 819 2326 892 2386; x_wconf 84' lang='grc' dir='ltr'>αύτοί</span> 
     </span>
     <span class='ocr_line' id='line_1_24' title="bbox 114 2413 892 2498; baseline -0.005 -21"><span class='ocrx_word' id='word_1_177' title='bbox 114 2421 148 2477; x_wconf 88' lang='grc' dir='ltr'><strong>δι’</strong></span> <span class='ocrx_word' id='word_1_178' title='bbox 164 2419 259 2498; x_wconf 80' lang='grc' dir='ltr'>ἀρετήν</span> <span class='ocrx_word' id='word_1_179' title='bbox 282 2415 326 2476; x_wconf 71' lang='grc' dir='ltr'><strong>ἐπί</strong></span> <span class='ocrx_word' id='word_1_180' title='bbox 346 2420 393 2487; x_wconf 78' lang='grc' dir='ltr'><strong>τῆς</strong></span> <span class='ocrx_word' id='word_1_181' title='bbox 417 2415 543 2492; x_wconf 82' lang='grc' dir='ltr'>μεγίστης</span> <span class='ocrx_word' id='word_1_182' title='bbox 561 2437 591 2473; x_wconf 93' lang='grc' dir='ltr'><strong>τε</strong></span> <span class='ocrx_word' id='word_1_183' title='bbox 611 2414 657 2474; x_wconf 87' lang='grc' dir='ltr'><strong>καί</strong></span> <span class='ocrx_word' id='word_1_184' title='bbox 682 2413 892 2493; x_wconf 84' lang='grc' dir='ltr'>άναγκαιοτάτης</span> 
     </span>
     <span class='ocr_line' id='line_1_25' title="bbox 113 2503 890 2586; baseline 0 -23"><span class='ocrx_word' id='word_1_185' title='bbox 113 2509 151 2586; x_wconf 82' lang='grc' dir='ltr'><strong>τῷ</strong></span> <span class='ocrx_word' id='word_1_186' title='bbox 166 2509 244 2585; x_wconf 83' lang='grc' dir='ltr'>κοινῷ</span> <span class='ocrx_word' id='word_1_187' title='bbox 259 2503 350 2585; x_wconf 72' lang='grc' dir='ltr'>χρείας</span> <span class='ocrx_word' id='word_1_188' title='bbox 362 2503 472 2577; x_wconf 83' lang='grc' dir='ltr'>ίταξαν,</span> <span class='ocrx_word' id='word_1_189' title='bbox 487 2503 677 2580; x_wconf 86' lang='grc' dir='ltr'>δοκιμάσαντες</span> <span class='ocrx_word' id='word_1_190' title='bbox 695 2506 775 2564; x_wconf 78' lang='grc' dir='ltr'>αὐτοῦ</span> <span class='ocrx_word' id='word_1_191' title='bbox 794 2505 843 2577; x_wconf 86' lang='grc' dir='ltr'><strong>τήν</strong></span> <span class='ocrx_word' id='word_1_192' title='bbox 862 2527 890 2563; x_wconf 87' lang='grc' dir='ltr'><strong>τι</strong></span> 
     </span>
     <span class='ocr_line' id='line_1_26' title="bbox 60 2591 892 2675; baseline 0 -23"><span class='ocrx_word' id='word_1_193' title='bbox 60 2617 87 2657; x_wconf 74' lang='grc' dir='ltr'><strong>σε</strong></span> <span class='ocrx_word' id='word_1_194' title='bbox 115 2595 203 2653; x_wconf 88' lang='grc' dir='ltr'>πίστιν</span> <span class='ocrx_word' id='word_1_195' title='bbox 218 2593 263 2652; x_wconf 85' lang='grc' dir='ltr'><strong>καί</strong></span> <span class='ocrx_word' id='word_1_196' title='bbox 274 2591 322 2664; x_wconf 80' lang='grc' dir='ltr'><strong>τὴν</strong></span> <span class='ocrx_word' id='word_1_197' title='bbox 337 2593 401 2671; x_wconf 85' lang='grc' dir='ltr'>πρὸς</span> <span class='ocrx_word' id='word_1_198' title='bbox 413 2593 447 2650; x_wconf 86' lang='grc' dir='ltr'><strong>τδι</strong></span> <span class='ocrx_word' id='word_1_199' title='bbox 462 2592 536 2651; x_wconf 81' lang='grc' dir='ltr'>κοινά</span> <span class='ocrx_word' id='word_1_200' title='bbox 546 2593 698 2673; x_wconf 78' lang='grc' dir='ltr'>φιλοτιμίαν</span> <span class='ocrx_word' id='word_1_201' title='bbox 713 2596 743 2652; x_wconf 74' lang='lat' dir='ltr'><strong>ta</strong></span> <span class='ocrx_word' id='word_1_202' title='bbox 757 2595 809 2652; x_wconf 82' lang='grc' dir='ltr'><strong>τῶν</strong></span> <span class='ocrx_word' id='word_1_203' title='bbox 818 2593 892 2675; x_wconf 77' lang='grc' dir='ltr'>παρά</span> 
     </span>
     <span class='ocr_line' id='line_1_27' title="bbox 122 2679 894 2761; baseline 0.003 -21"><span class='ocrx_word' id='word_1_204' title='bbox 122 2683 211 2742; x_wconf 86' lang='grc' dir='ltr'>πάντα</span> <span class='ocrx_word' id='word_1_205' title='bbox 232 2682 277 2742; x_wconf 84' lang='grc' dir='ltr'><strong>τδν</strong></span> <span class='ocrx_word' id='word_1_206' title='bbox 294 2680 349 2761; x_wconf 87' lang='grc' dir='ltr'>βίον</span> <span class='ocrx_word' id='word_1_207' title='bbox 361 2679 597 2758; x_wconf 76' lang='grc' dir='ltr'>ἐπιτηδευομένων.</span> <span class='ocrx_word' id='word_1_208' title='bbox 652 2680 793 2761; x_wconf 83' lang='grc' dir='ltr'>Μετιώρου</span> <span class='ocrx_word' id='word_1_209' title='bbox 809 2683 835 2742; x_wconf 81' lang='grc' dir='ltr'>δέ</span> <span class='ocrx_word' id='word_1_210' title='bbox 846 2687 894 2755; x_wconf 80' lang='grc' dir='ltr'><strong>τῆς</strong></span> 
     </span>
     <span class='ocr_line' id='line_1_28' title="bbox 116 2768 894 2852; baseline 0.001 -22"><span class='ocrx_word' id='word_1_211' title='bbox 116 2773 212 2851; x_wconf 81' lang='grc' dir='ltr'>βουλῆς</span> <span class='ocrx_word' id='word_1_212' title='bbox 224 2771 315 2852; x_wconf 77' lang='grc' dir='ltr'>ἐπῖτῇ</span> <span class='ocrx_word' id='word_1_213' title='bbox 329 2768 474 2849; x_wconf 77' lang='grc' dir='ltr'>προσδοκίᾳ</span> <span class='ocrx_word' id='word_1_214' title='bbox 489 2768 629 2846; x_wconf 86' lang='grc' dir='ltr'>γενομένης</span> <span class='ocrx_word' id='word_1_215' title='bbox 645 2771 732 2830; x_wconf 88' lang='grc' dir='ltr'>ίκάλει</span> <span class='ocrx_word' id='word_1_216' title='bbox 745 2770 790 2830; x_wconf 84' lang='grc' dir='ltr'><strong>τδν</strong></span> <span class='ocrx_word' id='word_1_217' title='bbox 810 2774 894 2832; x_wconf 67' lang='lat' dir='ltr'><strong>ltind-</strong></span> 
     </span>
     <span class='ocr_line' id='line_1_29' title="bbox 115 2858 893 2939; baseline 0.005 -19"><span class='ocrx_word' id='word_1_218' title='bbox 115 2885 188 2935; x_wconf 90' lang='grc' dir='ltr'>κιον,</span> <span class='ocrx_word' id='word_1_219' title='bbox 210 2863 331 2927; x_wconf 81' lang='grc' dir='ltr'>κάκεῖνος</span> <span class='ocrx_word' id='word_1_220' title='bbox 356 2858 441 2928; x_wconf 82' lang='grc' dir='ltr'>έλεξεν</span> <span class='ocrx_word' id='word_1_221' title='bbox 457 2859 616 2939; x_wconf 81' lang='grc' dir='ltr'><strong>·[ΖΗΤΕΙ</strong></span> <span class='ocrx_word' id='word_1_222' title='bbox 636 2862 683 2922; x_wconf 80' lang='grc' dir='ltr'><strong>ΕΝ</strong></span> <span class='ocrx_word' id='word_1_223' title='bbox 707 2861 770 2921; x_wconf 83' lang='grc' dir='ltr'>ΤΩι</span> <span class='ocrx_word' id='word_1_224' title='bbox 803 2863 893 2925; x_wconf 77' lang='grc' dir='ltr'>ΠΕΡΙ</span> 
     </span>
     <span class='ocr_line' id='line_1_30' title="bbox 114 2949 488 3028; baseline 0.003 -19"><span class='ocrx_word' id='word_1_225' title='bbox 114 2949 402 3028; x_wconf 65' lang='lat' dir='ltr'><strong>sudatoriam]</strong></span> <span class='ocrx_word' id='word_1_226' title='bbox 418 2949 488 3010; x_wconf 82' lang='lat' dir='ltr'><strong>Esc.</strong></span> 
     </span>
     <span class='ocr_line' id='line_1_31' title="bbox 60 3035 892 3118; baseline -0.006 -17"><span class='ocrx_word' id='word_1_227' title='bbox 60 3060 88 3102; x_wconf 84' lang='lat' dir='ltr'><strong>so</strong></span> <span class='ocrx_word' id='word_1_228' title='bbox 153 3041 191 3100; x_wconf 89' lang='lat' dir='ltr'><strong>ll.</strong></span> <span class='ocrx_word' id='word_1_229' title='bbox 214 3037 262 3105; x_wconf 85' lang='grc' dir='ltr'><strong>Ὡς</strong></span> <span class='ocrx_word' id='word_1_230' title='bbox 278 3039 302 3097; x_wconf 91' lang='grc' dir='ltr'>δ’</span> <span class='ocrx_word' id='word_1_231' title='bbox 318 3037 435 3115; x_wconf 79' lang='grc' dir='ltr'>ἐμηνύθη</span> <span class='ocrx_word' id='word_1_232' title='bbox 456 3041 488 3116; x_wconf 80' lang='grc' dir='ltr'><strong>τῇ</strong></span> <span class='ocrx_word' id='word_1_233' title='bbox 505 3038 607 3117; x_wconf 86' lang='grc' dir='ltr'>βουλῇ,</span> <span class='ocrx_word' id='word_1_234' title='bbox 628 3035 769 3117; x_wconf 80' lang='grc' dir='ltr'>δικτάτορα</span> <span class='ocrx_word' id='word_1_235' title='bbox 783 3060 892 3118; x_wconf 75' lang='grc' dir='ltr'>προχει·</span> 
     </span>
     <span class='ocr_line' id='line_1_32' title="bbox 115 3124 891 3208; baseline 0.001 -22"><span class='ocrx_word' id='word_1_236' title='bbox 115 3127 241 3207; x_wconf 84' lang='grc' dir='ltr'>ρίζονται,</span> <span class='ocrx_word' id='word_1_237' title='bbox 268 3130 282 3185; x_wconf 84' lang='grc' dir='ltr'>δ</span> <span class='ocrx_word' id='word_1_238' title='bbox 306 3126 333 3185; x_wconf 77' lang='grc' dir='ltr'>δὲ</span> <span class='ocrx_word' id='word_1_239' title='bbox 353 3126 397 3186; x_wconf 79' lang='grc' dir='ltr'><strong>τὸν</strong></span> <span class='ocrx_word' id='word_1_240' title='bbox 415 3127 556 3207; x_wconf 77' lang='grc' dir='ltr'>ἱππάρχην</span> <span class='ocrx_word' id='word_1_241' title='bbox 572 3124 620 3161; x_wconf 77' lang='grc'><strong>***</strong></span> <span class='ocrx_word' id='word_1_242' title='bbox 642 3127 776 3186; x_wconf 76' lang='grc' dir='ltr'>ἐκέλευσεν</span> <span class='ocrx_word' id='word_1_243' title='bbox 805 3125 891 3208; x_wconf 75' lang='grc' dir='ltr'>έχοντα</span> 
     </span>
     <span class='ocr_line' id='line_1_33' title="bbox 113 3213 893 3295; baseline 0.001 -21"><span class='ocrx_word' id='word_1_244' title='bbox 113 3216 172 3284; x_wconf 79' lang='grc' dir='ltr'>τοὺς</span> <span class='ocrx_word' id='word_1_245' title='bbox 185 3216 274 3283; x_wconf 83' lang='grc' dir='ltr'>ἱππεῖς</span> <span class='ocrx_word' id='word_1_246' title='bbox 288 3214 362 3288; x_wconf 79' lang='grc' dir='ltr'>ήκειν</span> <span class='ocrx_word' id='word_1_247' title='bbox 380 3217 415 3282; x_wconf 83' lang='grc' dir='ltr'><strong>δις</strong></span> <span class='ocrx_word' id='word_1_248' title='bbox 434 3215 512 3275; x_wconf 77' lang='grc' dir='ltr'>αὐτὸν</span> <span class='ocrx_word' id='word_1_249' title='bbox 526 3213 588 3295; x_wconf 76' lang='grc' dir='ltr'>περὶ</span> <span class='ocrx_word' id='word_1_250' title='bbox 612 3213 696 3293; x_wconf 86' lang='grc' dir='ltr'>μέσας</span> <span class='ocrx_word' id='word_1_251' title='bbox 709 3214 817 3288; x_wconf 91' lang='grc' dir='ltr'>νύκτας,</span> <span class='ocrx_word' id='word_1_252' title='bbox 840 3217 893 3284; x_wconf 83' lang='grc' dir='ltr'>τοῖς</span> 
     </span>
     <span class='ocr_line' id='line_1_34' title="bbox 113 3300 891 3385; baseline -0.001 -21"><span class='ocrx_word' id='word_1_253' title='bbox 113 3306 141 3364; x_wconf 79' lang='grc' dir='ltr'>δὲ</span> <span class='ocrx_word' id='word_1_254' title='bbox 157 3309 308 3385; x_wconf 82' lang='grc' dir='ltr'>βουλευταῖς</span> <span class='ocrx_word' id='word_1_255' title='bbox 323 3306 359 3370; x_wconf 81' lang='grc' dir='ltr'><strong>εἷς</strong></span> <span class='ocrx_word' id='word_1_256' title='bbox 374 3301 404 3362; x_wconf 86' lang='grc' dir='ltr'><strong>τδ</strong></span> <span class='ocrx_word' id='word_1_257' title='bbox 425 3302 592 3363; x_wconf 80' lang='grc' dir='ltr'>Καπιτώλιον</span> <span class='ocrx_word' id='word_1_258' title='bbox 612 3300 691 3363; x_wconf 75' lang='grc' dir='ltr'>ἕωθεν</span> <span class='ocrx_word' id='word_1_259' title='bbox 708 3302 746 3362; x_wconf 82' lang='grc' dir='ltr'><strong>έτι</strong></span> <span class='ocrx_word' id='word_1_260' title='bbox 767 3303 891 3382; x_wconf 90' lang='grc' dir='ltr'>συλλέγε·</span> 
     </span>
     <span class='ocr_line' id='line_1_35' title="bbox 114 3389 892 3472; baseline -0.001 -19"><span class='ocrx_word' id='word_1_261' title='bbox 114 3398 194 3469; x_wconf 89' lang='grc' dir='ltr'>σθαι,</span> <span class='ocrx_word' id='word_1_262' title='bbox 210 3398 248 3472; x_wconf 83' lang='grc' dir='ltr'><strong>τῷ</strong></span> <span class='ocrx_word' id='word_1_263' title='bbox 264 3393 291 3451; x_wconf 81' lang='grc' dir='ltr'>δὲ</span> <span class='ocrx_word' id='word_1_264' title='bbox 309 3390 430 3470; x_wconf 87' lang='grc' dir='ltr'>Μινυκίῳ</span> <span class='ocrx_word' id='word_1_265' title='bbox 444 3390 488 3451; x_wconf 83' lang='grc' dir='ltr'><strong>τόν</strong></span> <span class='ocrx_word' id='word_1_266' title='bbox 503 3413 532 3449; x_wconf 86' lang='grc' dir='ltr'><strong>τε</strong></span> <span class='ocrx_word' id='word_1_267' title='bbox 547 3389 665 3467; x_wconf 78' lang='grc' dir='ltr'>μηνυτήν</span> <span class='ocrx_word' id='word_1_268' title='bbox 680 3391 770 3469; x_wconf 87' lang='grc' dir='ltr'>άγοντι</span> <span class='ocrx_word' id='word_1_269' title='bbox 780 3394 825 3451; x_wconf 87' lang='grc' dir='ltr'><strong>καὶ</strong></span> <span class='ocrx_word' id='word_1_270' title='bbox 846 3392 892 3460; x_wconf 86' lang='grc' dir='ltr'><strong>τθς</strong></span> 
     </span>
     <span class='ocr_line' id='line_1_36' title="bbox 61 3479 886 3560; baseline 0.001 -21"><span class='ocrx_word' id='word_1_271' title='bbox 61 3507 88 3547; x_wconf 66' lang='grc' dir='ltr'><strong>σε</strong></span> <span class='ocrx_word' id='word_1_272' title='bbox 115 3481 197 3547; x_wconf 66' lang='lat' dir='ltr'><strong>tlte&lt;</strong></span> <span class='ocrx_word' id='word_1_273' title='bbox 214 3480 359 3549; x_wconf 79' lang='grc' dir='ltr'>ἀποδείξεις</span> <span class='ocrx_word' id='word_1_274' title='bbox 379 3479 513 3556; x_wconf 81' lang='grc' dir='ltr'>κομίζοντι</span> <span class='ocrx_word' id='word_1_275' title='bbox 532 3482 597 3558; x_wconf 79' lang='grc' dir='ltr'>πρὸς</span> <span class='ocrx_word' id='word_1_276' title='bbox 609 3479 640 3540; x_wconf 85' lang='grc' dir='ltr'><strong>τδ</strong></span> <span class='ocrx_word' id='word_1_277' title='bbox 661 3484 735 3558; x_wconf 83' lang='grc' dir='ltr'>βῆμα</span> <span class='ocrx_word' id='word_1_278' title='bbox 752 3491 886 3560; x_wconf 84' lang='grc' dir='ltr'>παρεῖναι,</span> 
     </span>
     <span class='ocr_line' id='line_1_37' title="bbox 116 3560 890 3650; baseline 0.004 -23"><span class='ocrx_word' id='word_1_279' title='bbox 116 3570 200 3629; x_wconf 84' lang='grc' dir='ltr'>άπασι</span> <span class='ocrx_word' id='word_1_280' title='bbox 215 3569 242 3628; x_wconf 78' lang='grc' dir='ltr'>δί</span> <span class='ocrx_word' id='word_1_281' title='bbox 254 3569 394 3650; x_wconf 88' lang='grc' dir='ltr'>φυλάττειν</span> <span class='ocrx_word' id='word_1_282' title='bbox 404 3567 543 3648; x_wconf 74' lang='grc' dir='ltr'>ἀπόρρητα</span> <span class='ocrx_word' id='word_1_283' title='bbox 556 3568 622 3648; x_wconf 80' lang='grc' dir='ltr'>πρὸς</span> <span class='ocrx_word' id='word_1_284' title='bbox 634 3560 692 3636; x_wconf 84' lang='grc' dir='ltr'>τούς</span> <span class='ocrx_word' id='word_1_285' title='bbox 707 3569 757 3639; x_wconf 79' lang='grc' dir='ltr'><strong>έξω</strong></span> <span class='ocrx_word' id='word_1_286' title='bbox 766 3575 811 3630; x_wconf 80' lang='grc' dir='ltr'><strong>τοῦ</strong></span> <span class='ocrx_word' id='word_1_287' title='bbox 827 3593 890 3630; x_wconf 82' lang='grc' dir='ltr'>συν·</span> 
     </span>
     <span class='ocr_line' id='line_1_38' title="bbox 116 3647 886 3738; baseline 0 -21"><span class='ocrx_word' id='word_1_288' title='bbox 116 3660 201 3738; x_wconf 85' lang='grc' dir='ltr'>εδρίυυ</span> <span class='ocrx_word' id='word_1_289' title='bbox 215 3658 249 3717; x_wconf 88' lang='grc' dir='ltr'><strong>τδι</strong></span> <span class='ocrx_word' id='word_1_290' title='bbox 261 3659 446 3736; x_wconf 85' lang='grc' dir='ltr'>βουλεύματα·</span> <span class='ocrx_word' id='word_1_291' title='bbox 460 3654 523 3732; x_wconf 91' lang='grc' dir='ltr'>μίαν</span> <span class='ocrx_word' id='word_1_292' title='bbox 537 3647 611 3716; x_wconf 77' lang='grc' dir='ltr'>εἶναι</span> <span class='ocrx_word' id='word_1_293' title='bbox 625 3657 707 3734; x_wconf 85' lang='grc' dir='ltr'>λέγων</span> <span class='ocrx_word' id='word_1_294' title='bbox 726 3657 886 3736; x_wconf 86' lang='grc' dir='ltr'>ἀσφάλειαν,</span> 
     </span>
     <span class='ocr_line' id='line_1_39' title="bbox 116 3746 892 3828; baseline 0.003 -22"><span class='ocrx_word' id='word_1_295' title='bbox 116 3751 138 3806; x_wconf 87' lang='grc' dir='ltr'><strong>εἷ</strong></span> <span class='ocrx_word' id='word_1_296' title='bbox 158 3746 239 3825; x_wconf 78' lang='grc' dir='ltr'>μηδὲν</span> <span class='ocrx_word' id='word_1_297' title='bbox 254 3751 268 3805; x_wconf 86' lang='grc' dir='ltr'>θ</span> <span class='ocrx_word' id='word_1_298' title='bbox 285 3747 400 3821; x_wconf 85' lang='grc' dir='ltr'>Μαίλιος</span> <span class='ocrx_word' id='word_1_299' title='bbox 415 3748 534 3806; x_wconf 76' lang='grc' dir='ltr'>ἀκούσειε</span> <span class='ocrx_word' id='word_1_300' title='bbox 548 3750 600 3806; x_wconf 77' lang='grc' dir='ltr'><strong>τῶν</strong></span> <span class='ocrx_word' id='word_1_301' title='bbox 615 3747 674 3828; x_wconf 80' lang='grc' dir='ltr'>περὶ</span> <span class='ocrx_word' id='word_1_302' title='bbox 691 3749 770 3806; x_wconf 80' lang='grc' dir='ltr'>αὐτοῦ</span> <span class='ocrx_word' id='word_1_303' title='bbox 782 3749 892 3826; x_wconf 88' lang='grc' dir='ltr'>λεγομέ-</span> 
     </span>
     <span class='ocr_line' id='line_1_40' title="bbox 115 3833 890 3913; baseline 0.004 -20"><span class='ocrx_word' id='word_1_304' title='bbox 115 3860 166 3893; x_wconf 92' lang='grc' dir='ltr'><strong>νων</strong></span> <span class='ocrx_word' id='word_1_305' title='bbox 185 3834 269 3894; x_wconf 85' lang='grc' dir='ltr'>τεκαὶ</span> <span class='ocrx_word' id='word_1_306' title='bbox 284 3833 482 3913; x_wconf 86' lang='grc' dir='ltr'>πραττομένων.</span> <span class='ocrx_word' id='word_1_307' title='bbox 527 3834 658 3904; x_wconf 83' lang='grc' dir='ltr'>Διατάξας</span> <span class='ocrx_word' id='word_1_308' title='bbox 674 3833 702 3893; x_wconf 86' lang='grc' dir='ltr'>δί</span> <span class='ocrx_word' id='word_1_309' title='bbox 723 3835 808 3894; x_wconf 88' lang='grc' dir='ltr'>τάλλα</span> <span class='ocrx_word' id='word_1_310' title='bbox 822 3838 890 3896; x_wconf 84' lang='grc' dir='ltr'>άσων</span> 
     </span>
     <span class='ocr_line' id='line_1_41' title="bbox 63 3921 892 4006; baseline 0.001 -22"><span class='ocrx_word' id='word_1_311' title='bbox 63 3949 91 3989; x_wconf 78' lang='lat' dir='ltr'><strong>io</strong></span> <span class='ocrx_word' id='word_1_312' title='bbox 116 3926 216 3994; x_wconf 76' lang='grc' dir='ltr'>ἐδεῖτο,</span> <span class='ocrx_word' id='word_1_313' title='bbox 239 3922 319 4003; x_wconf 73' lang='grc' dir='ltr'>μέχρι</span> <span class='ocrx_word' id='word_1_314' title='bbox 336 3921 433 3989; x_wconf 89' lang='grc' dir='ltr'>δύσεως</span> <span class='ocrx_word' id='word_1_315' title='bbox 451 3921 526 3993; x_wconf 72' lang='grc' dir='ltr'>ἡλίου</span> <span class='ocrx_word' id='word_1_316' title='bbox 543 3924 643 3990; x_wconf 88' lang='grc' dir='ltr'>πάντας</span> <span class='ocrx_word' id='word_1_317' title='bbox 657 3925 684 3982; x_wconf 83' lang='grc' dir='ltr'>έν</span> <span class='ocrx_word' id='word_1_318' title='bbox 700 3927 737 4006; x_wconf 83' lang='grc' dir='ltr'><strong>τῷ</strong></span> <span class='ocrx_word' id='word_1_319' title='bbox 750 3927 892 4005; x_wconf 81' lang='grc' dir='ltr'>βουλευτη-</span> 
     </span>
     <span class='ocr_line' id='line_1_42' title="bbox 118 4009 894 4092; baseline 0.008 -23"><span class='ocrx_word' id='word_1_320' title='bbox 118 4014 165 4092; x_wconf 87' lang='grc' dir='ltr'>ρίῳ</span> <span class='ocrx_word' id='word_1_321' title='bbox 176 4010 335 4090; x_wconf 57' lang='lat' dir='ltr'><strong>suseepti,</strong></span> <span class='ocrx_word' id='word_1_322' title='bbox 349 4011 456 4075; x_wconf 86' lang='grc' dir='ltr'>σκότους</span> <span class='ocrx_word' id='word_1_323' title='bbox 468 4009 541 4078; x_wconf 80' lang='grc' dir='ltr'>ὄντος</span> <span class='ocrx_word' id='word_1_324' title='bbox 552 4010 604 4083; x_wconf 86' lang='grc' dir='ltr'><strong>ήδη</strong></span> <span class='ocrx_word' id='word_1_325' title='bbox 619 4012 722 4072; x_wconf 82' lang='grc' dir='ltr'>διέλυσε</span> <span class='ocrx_word' id='word_1_326' title='bbox 740 4013 784 4072; x_wconf 84' lang='grc' dir='ltr'><strong>τὸν</strong></span> <span class='ocrx_word' id='word_1_327' title='bbox 800 4015 894 4074; x_wconf 77' lang='grc' dir='ltr'>σύλλο·</span> 
     </span>
     <span class='ocr_line' id='line_1_43' title="bbox 116 4096 892 4179; baseline 0 -19"><span class='ocrx_word' id='word_1_328' title='bbox 116 4125 172 4179; x_wconf 92' lang='grc' dir='ltr'>γον·</span> <span class='ocrx_word' id='word_1_329' title='bbox 184 4104 220 4167; x_wconf 82' lang='grc' dir='ltr'><strong>ὡς</strong></span> <span class='ocrx_word' id='word_1_330' title='bbox 234 4100 261 4158; x_wconf 77' lang='grc' dir='ltr'>δὲ</span> <span class='ocrx_word' id='word_1_331' title='bbox 278 4098 347 4175; x_wconf 83' lang='grc' dir='ltr'>μέση</span> <span class='ocrx_word' id='word_1_332' title='bbox 361 4096 405 4166; x_wconf 85' lang='grc' dir='ltr'>νύξ</span> <span class='ocrx_word' id='word_1_333' title='bbox 422 4097 539 4175; x_wconf 71' lang='grc' dir='ltr'>ἐγένετο,</span> <span class='ocrx_word' id='word_1_334' title='bbox 552 4101 685 4178; x_wconf 85' lang='grc' dir='ltr'>προελθὼν</span> <span class='ocrx_word' id='word_1_335' title='bbox 702 4105 731 4160; x_wconf 74' lang='lat' dir='ltr'><strong>tx</strong></span> <span class='ocrx_word' id='word_1_336' title='bbox 748 4107 796 4174; x_wconf 81' lang='grc' dir='ltr'><strong>τῆς</strong></span> <span class='ocrx_word' id='word_1_337' title='bbox 807 4103 892 4172; x_wconf 86' lang='grc' dir='ltr'>οίκίας</span> 
     </span>
     <span class='ocr_line' id='line_1_44' title="bbox 116 4186 894 4273; baseline 0.004 -24"><span class='ocrx_word' id='word_1_338' title='bbox 116 4190 163 4225; x_wconf 79' lang='grc'><strong>***</strong></span> <span class='ocrx_word' id='word_1_339' title='bbox 178 4189 247 4263; x_wconf 81' lang='grc' dir='ltr'>ἐξήει</span> <span class='ocrx_word' id='word_1_340' title='bbox 268 4187 329 4267; x_wconf 83' lang='grc' dir='ltr'>περί</span> <span class='ocrx_word' id='word_1_341' title='bbox 345 4188 388 4246; x_wconf 83' lang='grc' dir='ltr'><strong>τὸν</strong></span> <span class='ocrx_word' id='word_1_342' title='bbox 402 4186 494 4266; x_wconf 80' lang='grc' dir='ltr'>ὄρθρον</span> <span class='ocrx_word' id='word_1_343' title='bbox 506 4186 565 4255; x_wconf 77' lang='grc' dir='ltr'>τοὺς</span> <span class='ocrx_word' id='word_1_344' title='bbox 578 4189 729 4256; x_wconf 78' lang='grc' dir='ltr'>ἐπιλέκτους</span> <span class='ocrx_word' id='word_1_345' title='bbox 743 4191 790 4250; x_wconf 77' lang='grc' dir='ltr'><strong>ὑπ’</strong></span> <span class='ocrx_word' id='word_1_346' title='bbox 811 4194 894 4273; x_wconf 76' lang='grc' dir='ltr'>δμφο·</span> 
     </span>
     <span class='ocr_line' id='line_1_45' title="bbox 115 4275 892 4359; baseline 0.006 -22"><span class='ocrx_word' id='word_1_347' title='bbox 115 4281 197 4359; x_wconf 80' lang='grc' dir='ltr'>πέρσεν</span> <span class='ocrx_word' id='word_1_348' title='bbox 215 4283 268 4339; x_wconf 88' lang='grc' dir='ltr'><strong>τῶν</strong></span> <span class='ocrx_word' id='word_1_349' title='bbox 283 4275 389 4337; x_wconf 89' lang='grc' dir='ltr'>ύπάτων</span> <span class='ocrx_word' id='word_1_350' title='bbox 403 4275 565 4353; x_wconf 73' lang='grc' dir='ltr'>ἐπαγόμενος</span> <span class='ocrx_word' id='word_1_351' title='bbox 578 4277 624 4336; x_wconf 81' lang='grc' dir='ltr'><strong>καὶ</strong></span> <span class='ocrx_word' id='word_1_352' title='bbox 635 4279 728 4346; x_wconf 80' lang='grc' dir='ltr'>αὐτοὺς</span> <span class='ocrx_word' id='word_1_353' title='bbox 743 4280 803 4348; x_wconf 78' lang='grc' dir='ltr'>τούς</span> <span class='ocrx_word' id='word_1_354' title='bbox 820 4284 892 4342; x_wconf 83' lang='grc' dir='ltr'>ύπαί-</span> 
     </span>
     <span class='ocr_line' id='line_1_46' title="bbox 64 4354 893 4449; baseline 0.007 -23"><span class='ocrx_word' id='word_1_355' title='bbox 64 4387 90 4426; x_wconf 79' lang='grc' dir='ltr'><strong>ιε</strong></span> <span class='ocrx_word' id='word_1_356' title='bbox 116 4393 184 4436; x_wconf 85' lang='grc' dir='ltr'>τους.</span> <span class='ocrx_word' id='word_1_357' title='bbox 228 4359 309 4430; x_wconf 64' lang='lat' dir='ltr'><strong>Oine</strong></span> <span class='ocrx_word' id='word_1_358' title='bbox 325 4366 372 4443; x_wconf 83' lang='grc' dir='ltr'>μὲν</span> <span class='ocrx_word' id='word_1_359' title='bbox 392 4354 436 4424; x_wconf 77' lang='grc' dir='ltr'><strong>οδν</strong></span> <span class='ocrx_word' id='word_1_360' title='bbox 449 4364 478 4422; x_wconf 84' lang='grc' dir='ltr'><strong>τὸ</strong></span> <span class='ocrx_word' id='word_1_361' title='bbox 502 4365 670 4425; x_wconf 80' lang='grc' dir='ltr'>Καπιτώλιον</span> <span class='ocrx_word' id='word_1_362' title='bbox 687 4367 744 4446; x_wconf 78' lang='grc' dir='ltr'><strong>ἅμα</strong></span> <span class='ocrx_word' id='word_1_363' title='bbox 766 4378 819 4438; x_wconf 86' lang='grc' dir='ltr'>τοῖς</span> <span class='ocrx_word' id='word_1_364' title='bbox 832 4375 893 4449; x_wconf 87' lang='grc' dir='ltr'>βου-</span> 
     </span>
     <span class='ocr_line' id='line_1_47' title="bbox 117 4453 894 4535; baseline 0.008 -21"><span class='ocrx_word' id='word_1_365' title='bbox 117 4458 220 4524; x_wconf 85' lang='grc' dir='ltr'>λευταῖς</span> <span class='ocrx_word' id='word_1_366' title='bbox 234 4457 312 4515; x_wconf 73' lang='grc' dir='ltr'>ἕωθεν</span> <span class='ocrx_word' id='word_1_367' title='bbox 329 4453 517 4534; x_wconf 84' lang='grc' dir='ltr'>κατειληφότες</span> <span class='ocrx_word' id='word_1_368' title='bbox 534 4455 687 4535; x_wconf 72' lang='grc' dir='ltr'>ἐφρούρουν·</span> <span class='ocrx_word' id='word_1_369' title='bbox 706 4456 761 4516; x_wconf 83' lang='grc' dir='ltr'>θδέ</span> <span class='ocrx_word' id='word_1_370' title='bbox 782 4460 894 4527; x_wconf 81' lang='grc' dir='ltr'>θίαίλιος</span> 
     </span>
     <span class='ocr_line' id='line_1_48' title="bbox 118 4542 895 4625; baseline 0.001 -23"><span class='ocrx_word' id='word_1_371' title='bbox 118 4546 191 4602; x_wconf 77' lang='grc' dir='ltr'>οὐδὲν</span> <span class='ocrx_word' id='word_1_372' title='bbox 206 4543 325 4618; x_wconf 78' lang='grc' dir='ltr'>ἀκηκοὼς</span> <span class='ocrx_word' id='word_1_373' title='bbox 348 4543 462 4614; x_wconf 87' lang='grc' dir='ltr'>τούτων,</span> <span class='ocrx_word' id='word_1_374' title='bbox 477 4542 580 4625; x_wconf 81' lang='grc' dir='ltr'>ἡμέρας</span> <span class='ocrx_word' id='word_1_375' title='bbox 594 4546 735 4622; x_wconf 85' lang='grc' dir='ltr'>γενομένης</span> <span class='ocrx_word' id='word_1_376' title='bbox 761 4548 895 4625; x_wconf 81' lang='grc' dir='ltr'>προελθὼν</span> 
     </span>
     <span class='ocr_line' id='line_1_49' title="bbox 120 4631 893 4713; baseline 0.008 -23"><span class='ocrx_word' id='word_1_377' title='bbox 120 4635 155 4699; x_wconf 82' lang='grc' dir='ltr'><strong>εἰς</strong></span> <span class='ocrx_word' id='word_1_378' title='bbox 179 4631 226 4704; x_wconf 72' lang='grc' dir='ltr'><strong>τήν</strong></span> <span class='ocrx_word' id='word_1_379' title='bbox 241 4634 350 4713; x_wconf 75' lang='grc' dir='ltr'>δγυρθν,</span> <span class='ocrx_word' id='word_1_380' title='bbox 374 4633 534 4713; x_wconf 79' lang='grc' dir='ltr'>ίχρημάτιζε</span> <span class='ocrx_word' id='word_1_381' title='bbox 562 4643 616 4702; x_wconf 86' lang='grc' dir='ltr'>τοῖς</span> <span class='ocrx_word' id='word_1_382' title='bbox 640 4634 771 4711; x_wconf 80' lang='grc' dir='ltr'>δεομένοις</span> <span class='ocrx_word' id='word_1_383' title='bbox 791 4637 834 4693; x_wconf 78' lang='grc' dir='ltr'><strong>ἐπὶ</strong></span> <span class='ocrx_word' id='word_1_384' title='bbox 849 4643 893 4696; x_wconf 78' lang='grc' dir='ltr'><strong>τοῦ</strong></span> 
     </span>
     <span class='ocr_line' id='line_1_50' title="bbox 122 4720 894 4804; baseline 0.012 -27"><span class='ocrx_word' id='word_1_385' title='bbox 122 4720 239 4800; x_wconf 75' lang='grc' dir='ltr'>βήματος</span> <span class='ocrx_word' id='word_1_386' title='bbox 261 4723 447 4798; x_wconf 83' lang='grc' dir='ltr'>καθεζόμενος·</span> <span class='ocrx_word' id='word_1_387' title='bbox 469 4723 515 4783; x_wconf 82' lang='grc' dir='ltr'><strong>καί</strong></span> <span class='ocrx_word' id='word_1_388' title='bbox 542 4725 602 4800; x_wconf 87' lang='grc' dir='ltr'>μετ’</span> <span class='ocrx_word' id='word_1_389' title='bbox 624 4725 654 4782; x_wconf 89' lang='grc' dir='ltr'><strong>ού</strong></span> <span class='ocrx_word' id='word_1_390' title='bbox 681 4725 749 4784; x_wconf 80' lang='grc' dir='ltr'>πολὺ</span> <span class='ocrx_word' id='word_1_391' title='bbox 776 4730 894 4804; x_wconf 79' lang='grc' dir='ltr'>παρῆνθ</span> 
     </span>
     <span class='ocr_line' id='line_1_51' title="bbox 66 4806 895 4893; baseline 0.006 -25"><span class='ocrx_word' id='word_1_392' title='bbox 66 4841 92 4878; x_wconf 69' lang='grc' dir='ltr'>ω</span> <span class='ocrx_word' id='word_1_393' title='bbox 119 4809 253 4889; x_wconf 77' lang='grc' dir='ltr'>ἵππαρχος</span> <span class='ocrx_word' id='word_1_394' title='bbox 269 4806 419 4890; x_wconf 81' lang='grc' dir='ltr'>Σερουίλιος</span> <span class='ocrx_word' id='word_1_395' title='bbox 431 4811 496 4893; x_wconf 77' lang='grc' dir='ltr'>πρὸς</span> <span class='ocrx_word' id='word_1_396' title='bbox 512 4811 609 4885; x_wconf 78' lang='grc' dir='ltr'>αὐτὸν,</span> <span class='ocrx_word' id='word_1_397' title='bbox 624 4812 695 4889; x_wconf 79' lang='grc' dir='ltr'>ἄγων</span> <span class='ocrx_word' id='word_1_398' title='bbox 705 4813 765 4880; x_wconf 79' lang='grc' dir='ltr'>τούς</span> <span class='ocrx_word' id='word_1_399' title='bbox 782 4819 895 4889; x_wconf 81' lang='grc' dir='ltr'>δκμαιο·</span> 
     </span>
     <span class='ocr_line' id='line_1_52' title="bbox 120 4898 892 4980; baseline 0.004 -21"><span class='ocrx_word' id='word_1_400' title='bbox 120 4903 214 4965; x_wconf 87' lang='grc' dir='ltr'>τάτους</span> <span class='ocrx_word' id='word_1_401' title='bbox 224 4901 275 4957; x_wconf 82' lang='grc' dir='ltr'><strong>τῶν</strong></span> <span class='ocrx_word' id='word_1_402' title='bbox 290 4898 392 4958; x_wconf 79' lang='grc' dir='ltr'>ἱππέοιν</span> <span class='ocrx_word' id='word_1_403' title='bbox 413 4900 522 4979; x_wconf 74' lang='grc' dir='ltr'>ἔχοντας</span> <span class='ocrx_word' id='word_1_404' title='bbox 543 4901 594 4961; x_wconf 83' lang='grc' dir='ltr'><strong>ύπδ</strong></span> <span class='ocrx_word' id='word_1_405' title='bbox 614 4906 667 4970; x_wconf 83' lang='grc' dir='ltr'>τοῖς</span> <span class='ocrx_word' id='word_1_406' title='bbox 681 4904 796 4980; x_wconf 81' lang='grc' dir='ltr'>ἱματίοις</span> <span class='ocrx_word' id='word_1_407' title='bbox 817 4904 892 4979; x_wconf 86' lang='grc' dir='ltr'>ξίφη,</span> 
     </span>
     <span class='ocr_line' id='line_1_53' title="bbox 121 4986 894 5072; baseline -0.006 -23"><span class='ocrx_word' id='word_1_408' title='bbox 121 4989 167 5049; x_wconf 83' lang='grc' dir='ltr'><strong>καὶ</strong></span> <span class='ocrx_word' id='word_1_409' title='bbox 175 4986 237 5053; x_wconf 84' lang='grc' dir='ltr'>στδις</span> <span class='ocrx_word' id='word_1_410' title='bbox 246 4987 358 5059; x_wconf 89' lang='grc' dir='ltr'>πλησίον</span> <span class='ocrx_word' id='word_1_411' title='bbox 369 4990 448 5048; x_wconf 75' lang='grc' dir='ltr'>αὐτοῦ</span> <span class='ocrx_word' id='word_1_412' title='bbox 457 4989 535 5067; x_wconf 91' lang='grc' dir='ltr'>λέγει·</span> <span class='ocrx_word' id='word_1_413' title='bbox 548 4989 599 5052; x_wconf 76' lang='grc' dir='ltr'><strong>«Ὁ</strong></span> <span class='ocrx_word' id='word_1_414' title='bbox 607 4992 736 5072; x_wconf 74' lang='grc' dir='ltr'>δικτάτωρ</span> <span class='ocrx_word' id='word_1_415' title='bbox 747 5014 776 5049; x_wconf 79' lang='grc' dir='ltr'><strong>σε</strong></span> <span class='ocrx_word' id='word_1_416' title='bbox 784 4993 894 5065; x_wconf 68' lang='grc' dir='ltr'>κελεύει,</span> 
     </span>
     <span class='ocr_line' id='line_1_54' title="bbox 122 5075 892 5160; baseline -0.001 -21"><span class='ocrx_word' id='word_1_417' title='bbox 122 5109 134 5133; x_wconf 77' lang='grc' dir='ltr'>υ</span> <span class='ocrx_word' id='word_1_418' title='bbox 150 5079 263 5149; x_wconf 72' lang='lat' dir='ltr'><strong>lindie,</strong></span> <span class='ocrx_word' id='word_1_419' title='bbox 292 5077 356 5156; x_wconf 73' lang='grc' dir='ltr'>πρὸς</span> <span class='ocrx_word' id='word_1_420' title='bbox 380 5075 456 5135; x_wconf 80' lang='grc' dir='ltr'>αὐτὸν</span> <span class='ocrx_word' id='word_1_421' title='bbox 472 5077 580 5149; x_wconf 76' lang='grc' dir='ltr'>ήκεινν·</span> <span class='ocrx_word' id='word_1_422' title='bbox 601 5085 718 5147; x_wconf 73' lang='grc' dir='ltr'>κάκεῖνος</span> <span class='ocrx_word' id='word_1_423' title='bbox 741 5081 892 5160; x_wconf 80' lang='grc' dir='ltr'>ὑποτυχών·</span> 
     </span>
    </p>
   </div>
   <div class='ocr_carea' id='block_1_3' title="bbox 122 5163 925 5250">
    <p class='ocr_par' dir='ltr' id='par_1_3' title="bbox 122 5163 925 5250">
     <span class='ocr_line' id='line_1_55' title="bbox 122 5163 925 5250; baseline 0.001 -22"><span class='ocrx_word' id='word_1_424' title='bbox 122 5196 135 5220; x_wconf 73' lang='grc' dir='ltr'><strong>«ι</strong></span> <span class='ocrx_word' id='word_1_425' title='bbox 151 5169 239 5241; x_wconf 85' lang='grc' dir='ltr'>Ποῖος,</span> <span class='ocrx_word' id='word_1_426' title='bbox 256 5166 306 5246; x_wconf 70' lang='grc' dir='ltr'><strong>ἔφη</strong></span> <span class='ocrx_word' id='word_1_427' title='bbox 316 5208 324 5237; x_wconf 86' lang='grc'>,</span> <span class='ocrx_word' id='word_1_428' title='bbox 336 5163 437 5224; x_wconf 89' lang='grc' dir='ltr'>κελεύει</span> <span class='ocrx_word' id='word_1_429' title='bbox 455 5188 503 5244; x_wconf 90' lang='grc' dir='ltr'><strong>με,</strong></span> <span class='ocrx_word' id='word_1_430' title='bbox 518 5163 671 5248; x_wconf 78' lang='grc' dir='ltr'>Σερουίλιε,</span> <span class='ocrx_word' id='word_1_431' title='bbox 688 5169 818 5250; x_wconf 84' lang='grc' dir='ltr'>δικτάτωρ</span> <span class='ocrx_word' id='word_1_432' title='bbox 831 5168 896 5249; x_wconf 80' lang='grc' dir='ltr'>πρὸς</span> <span class='ocrx_word' id='word_1_433' title='bbox 920 5210 925 5244; x_wconf 76' lang='lat'>,</span> 
     </span>
    </p>
   </div>
   <div class='ocr_carea' id='block_1_4' title="bbox 1663 335 1721 398">
    <p class='ocr_par' dir='ltr' id='par_1_4' title="bbox 1663 335 1721 398">
     <span class='ocr_line' id='line_1_56' title="bbox 1663 335 1721 398; baseline -0.017 -2"><span class='ocrx_word' id='word_1_434' title='bbox 1663 335 1721 398; x_wconf 77' lang='lat'><strong>687</strong></span> 
     </span>
    </p>
   </div>
   <div class='ocr_carea' id='block_1_5' title="bbox 942 469 1724 747">
    <p class='ocr_par' dir='ltr' id='par_1_5' title="bbox 942 469 1724 747">
     <span class='ocr_line' id='line_1_57' title="bbox 942 469 1722 538; baseline 0.009 -18"><span class='ocrx_word' id='word_1_435' title='bbox 942 472 1038 532; x_wconf 85' lang='lat' dir='ltr'><strong>stituit;</strong></span> <span class='ocrx_word' id='word_1_436' title='bbox 1051 486 1109 521; x_wconf 86' lang='lat' dir='ltr'><strong>curu</strong></span> <span class='ocrx_word' id='word_1_437' title='bbox 1128 471 1197 523; x_wconf 88' lang='lat' dir='ltr'><strong>multi</strong></span> <span class='ocrx_word' id='word_1_438' title='bbox 1215 475 1298 521; x_wconf 87' lang='lat' dir='ltr'><strong>essent</strong></span> <span class='ocrx_word' id='word_1_439' title='bbox 1307 469 1399 533; x_wconf 77' lang='lat' dir='ltr'><strong>quinis</strong></span> <span class='ocrx_word' id='word_1_440' title='bbox 1411 469 1452 520; x_wconf 88' lang='lat' dir='ltr'><strong>ilie</strong></span> <span class='ocrx_word' id='word_1_441' title='bbox 1466 484 1612 523; x_wconf 85' lang='lat' dir='ltr'><strong>arcanorum</strong></span> <span class='ocrx_word' id='word_1_442' title='bbox 1624 474 1722 538; x_wconf 67' lang='lat' dir='ltr'><strong>aspum</strong></span> 
     </span>
     <span class='ocr_line' id='line_1_58' title="bbox 942 575 1723 642; baseline 0.005 -14"><span class='ocrx_word' id='word_1_443' title='bbox 942 577 1013 629; x_wconf 88' lang='lat' dir='ltr'><strong>ribus</strong></span> <span class='ocrx_word' id='word_1_444' title='bbox 1028 580 1149 639; x_wconf 79' lang='lat' dir='ltr'><strong>uteretur,</strong></span> <span class='ocrx_word' id='word_1_445' title='bbox 1167 577 1234 642; x_wconf 89' lang='lat' dir='ltr'><strong>iique</strong></span> <span class='ocrx_word' id='word_1_446' title='bbox 1250 589 1295 626; x_wconf 91' lang='lat' dir='ltr'><strong>nec</strong></span> <span class='ocrx_word' id='word_1_447' title='bbox 1319 575 1401 625; x_wconf 90' lang='lat' dir='ltr'><strong>indole</strong></span> <span class='ocrx_word' id='word_1_448' title='bbox 1418 588 1465 625; x_wconf 90' lang='lat' dir='ltr'><strong>nec</strong></span> <span class='ocrx_word' id='word_1_449' title='bbox 1475 576 1603 626; x_wconf 82' lang='lat' dir='ltr'><strong>voluntate</strong></span> <span class='ocrx_word' id='word_1_450' title='bbox 1619 578 1684 629; x_wconf 90' lang='lat' dir='ltr'><strong>inter</strong></span> <span class='ocrx_word' id='word_1_451' title='bbox 1696 594 1723 632; x_wconf 88' lang='lat' dir='ltr'><strong>sa</strong></span> 
     </span>
     <span class='ocr_line' id='line_1_59' title="bbox 943 680 1724 747; baseline 0 -14"><span class='ocrx_word' id='word_1_452' title='bbox 943 695 1014 747; x_wconf 88' lang='lat' dir='ltr'><strong>pares</strong></span> <span class='ocrx_word' id='word_1_453' title='bbox 1023 721 1030 745; x_wconf 85' lang='lat'>‚</span> <span class='ocrx_word' id='word_1_454' title='bbox 1039 682 1091 734; x_wconf 88' lang='lat' dir='ltr'><strong>deri</strong></span> <span class='ocrx_word' id='word_1_455' title='bbox 1100 684 1293 732; x_wconf 83' lang='lat' dir='ltr'><strong>consentaneum</strong></span> <span class='ocrx_word' id='word_1_456' title='bbox 1306 685 1360 730; x_wconf 84' lang='lat' dir='ltr'><strong>erat</strong></span> <span class='ocrx_word' id='word_1_457' title='bbox 1380 684 1408 730; x_wconf 94' lang='lat' dir='ltr'><strong>ut</strong></span> <span class='ocrx_word' id='word_1_458' title='bbox 1420 693 1451 730; x_wconf 85' lang='lat' dir='ltr'><strong>er</strong></span> <span class='ocrx_word' id='word_1_459' title='bbox 1464 680 1551 731; x_wconf 89' lang='lat' dir='ltr'><strong>amicis</strong></span> <span class='ocrx_word' id='word_1_460' title='bbox 1571 695 1625 742; x_wconf 74' lang='lat' dir='ltr'><strong>epus</strong></span> <span class='ocrx_word' id='word_1_461' title='bbox 1638 682 1724 746; x_wconf 83' lang='lat' dir='ltr'><strong>aliquis</strong></span> 
     </span>
    </p>
   </div>
   <div class='ocr_carea' id='block_1_6' title="bbox 830 784 1723 849">
    <p class='ocr_par' dir='ltr' id='par_1_6' title="bbox 830 784 1723 849">
     <span class='ocr_line' id='line_1_60' title="bbox 830 784 1723 849; baseline -0.001 -12"><span class='ocrx_word' id='word_1_462' title='bbox 830 816 837 837; x_wconf 64' lang='grc' dir='ltr'>τ</span> <span class='ocrx_word' id='word_1_463' title='bbox 943 787 984 838; x_wconf 85' lang='lat' dir='ltr'><strong>rel</strong></span> <span class='ocrx_word' id='word_1_464' title='bbox 1003 785 1140 839; x_wconf 81' lang='lat' dir='ltr'><strong>metueret</strong></span> <span class='ocrx_word' id='word_1_465' title='bbox 1165 786 1227 836; x_wconf 89' lang='lat' dir='ltr'><strong>lucri</strong></span> <span class='ocrx_word' id='word_1_466' title='bbox 1259 798 1334 834; x_wconf 83' lang='lat' dir='ltr'><strong>enusa</strong></span> <span class='ocrx_word' id='word_1_467' title='bbox 1358 784 1439 834; x_wconf 89' lang='lat' dir='ltr'><strong>miuus</strong></span> <span class='ocrx_word' id='word_1_468' title='bbox 1468 784 1533 835; x_wconf 87' lang='lat' dir='ltr'><strong>tldns</strong></span> <span class='ocrx_word' id='word_1_469' title='bbox 1564 786 1723 849; x_wconf 71' lang='lat' dir='ltr'>reperiretur.</span> 
     </span>
    </p>
   </div>
   <div class='ocr_carea' id='block_1_7' title="bbox 945 892 1821 960">
    <p class='ocr_par' dir='ltr' id='par_1_7' title="bbox 945 892 1821 960">
     <span class='ocr_line' id='line_1_61' title="bbox 945 892 1821 960; baseline -0.003 -12"><span class='ocrx_word' id='word_1_470' title='bbox 945 897 991 948; x_wconf 85' lang='lat' dir='ltr'><strong>Cui</strong></span> <span class='ocrx_word' id='word_1_471' title='bbox 1002 897 1061 948; x_wconf 80' lang='lat' dir='ltr'><strong>data</strong></span> <span class='ocrx_word' id='word_1_472' title='bbox 1076 897 1198 949; x_wconf 80' lang='lat' dir='ltr'><strong>Minucius</strong></span> <span class='ocrx_word' id='word_1_473' title='bbox 1215 895 1270 953; x_wconf 83' lang='lat' dir='ltr'><strong>tide.</strong></span> <span class='ocrx_word' id='word_1_474' title='bbox 1287 892 1378 944; x_wconf 91' lang='lat' dir='ltr'><strong>nemini</strong></span> <span class='ocrx_word' id='word_1_475' title='bbox 1397 907 1423 943; x_wconf 90' lang='lat' dir='ltr'><strong>sc</strong></span> <span class='ocrx_word' id='word_1_476' title='bbox 1438 895 1594 945; x_wconf 84' lang='lat' dir='ltr'><strong>nomenoius</strong></span> <span class='ocrx_word' id='word_1_477' title='bbox 1610 896 1724 959; x_wconf 91' lang='lat' dir='ltr'><strong>proditu·</strong></span> <span class='ocrx_word' id='word_1_478' title='bbox 1818 954 1821 960; x_wconf 27' lang='grc' dir='ltr'>Ι</span> 
     </span>
    </p>
   </div>
   <div class='ocr_carea' id='block_1_8' title="bbox 945 997 1729 2544">
    <p class='ocr_par' dir='ltr' id='par_1_8' title="bbox 945 997 1729 2544">
     <span class='ocr_line' id='line_1_62' title="bbox 945 997 1724 1062; baseline 0.001 -12"><span class='ocrx_word' id='word_1_479' title='bbox 945 1015 1009 1062; x_wconf 85' lang='lat' dir='ltr'><strong>rum,</strong></span> <span class='ocrx_word' id='word_1_480' title='bbox 1018 1016 1091 1053; x_wconf 88' lang='lat' dir='ltr'><strong>omne</strong></span> <span class='ocrx_word' id='word_1_481' title='bbox 1105 1001 1179 1053; x_wconf 78' lang='lat' dir='ltr'><strong>ltaelii</strong></span> <span class='ocrx_word' id='word_1_482' title='bbox 1192 998 1324 1050; x_wconf 86' lang='lat' dir='ltr'><strong>consilium</strong></span> <span class='ocrx_word' id='word_1_483' title='bbox 1339 1000 1363 1048; x_wconf 88' lang='lat' dir='ltr'><strong>ct</strong></span> <span class='ocrx_word' id='word_1_484' title='bbox 1380 997 1506 1048; x_wconf 81' lang='lat' dir='ltr'><strong>molimina</strong></span> <span class='ocrx_word' id='word_1_485' title='bbox 1515 1000 1644 1062; x_wconf 86' lang='lat' dir='ltr'><strong>cognorit;</strong></span> <span class='ocrx_word' id='word_1_486' title='bbox 1659 1013 1724 1062; x_wconf 73' lang='lat' dir='ltr'><strong>uros,</strong></span> 
     </span>
     <span class='ocr_line' id='line_1_63' title="bbox 945 1102 1726 1169; baseline -0.001 -11"><span class='ocrx_word' id='word_1_487' title='bbox 945 1108 987 1158; x_wconf 91' lang='lat' dir='ltr'><strong>ubi</strong></span> <span class='ocrx_word' id='word_1_488' title='bbox 1015 1110 1041 1157; x_wconf 90' lang='lat' dir='ltr'><strong>et</strong></span> <span class='ocrx_word' id='word_1_489' title='bbox 1062 1106 1179 1156; x_wconf 91' lang='lat' dir='ltr'><strong>indicium</strong></span> <span class='ocrx_word' id='word_1_490' title='bbox 1203 1107 1292 1154; x_wconf 92' lang='lat' dir='ltr'><strong>nactus</strong></span> <span class='ocrx_word' id='word_1_491' title='bbox 1316 1108 1420 1154; x_wconf 89' lang='lat' dir='ltr'><strong>estnon</strong></span> <span class='ocrx_word' id='word_1_492' title='bbox 1441 1102 1607 1155; x_wconf 86' lang='lat' dir='ltr'><strong>dubitandum</strong></span> <span class='ocrx_word' id='word_1_493' title='bbox 1625 1105 1726 1169; x_wconf 79' lang='lat' dir='ltr'><strong>iamque</strong></span> 
     </span>
     <span class='ocr_line' id='line_1_64' title="bbox 945 1210 1726 1276; baseline -0.001 -13"><span class='ocrx_word' id='word_1_494' title='bbox 945 1215 970 1263; x_wconf 92' lang='lat' dir='ltr'><strong>in</strong></span> <span class='ocrx_word' id='word_1_495' title='bbox 984 1226 1014 1263; x_wconf 90' lang='lat' dir='ltr'><strong>eo</strong></span> <span class='ocrx_word' id='word_1_496' title='bbox 1029 1226 1083 1263; x_wconf 85' lang='lat' dir='ltr'><strong>esse</strong></span> <span class='ocrx_word' id='word_1_497' title='bbox 1102 1215 1130 1262; x_wconf 93' lang='lat' dir='ltr'><strong>ut</strong></span> <span class='ocrx_word' id='word_1_498' title='bbox 1150 1225 1189 1262; x_wconf 88' lang='lat' dir='ltr'><strong>res</strong></span> <span class='ocrx_word' id='word_1_499' title='bbox 1214 1210 1374 1276; x_wconf 83' lang='lat' dir='ltr'><strong>perficeretur</strong></span> <span class='ocrx_word' id='word_1_500' title='bbox 1400 1210 1537 1273; x_wconf 86' lang='lat' dir='ltr'><strong>intellexit,</strong></span> <span class='ocrx_word' id='word_1_501' title='bbox 1559 1211 1592 1261; x_wconf 94' lang='lat' dir='ltr'><strong>ad</strong></span> <span class='ocrx_word' id='word_1_502' title='bbox 1612 1211 1726 1262; x_wconf 83' lang='lat' dir='ltr'><strong>consules</strong></span> 
     </span>
     <span class='ocr_line' id='line_1_65' title="bbox 945 1317 1727 1379; baseline -0.003 -8"><span class='ocrx_word' id='word_1_503' title='bbox 945 1319 1099 1372; x_wconf 89' lang='lat' dir='ltr'><strong>eamdetert.</strong></span> <span class='ocrx_word' id='word_1_504' title='bbox 1134 1319 1184 1379; x_wconf 84' lang='lat' dir='ltr'><strong>¹Qui</strong></span> <span class='ocrx_word' id='word_1_505' title='bbox 1214 1317 1276 1368; x_wconf 93' lang='lat' dir='ltr'><strong>tanti</strong></span> <span class='ocrx_word' id='word_1_506' title='bbox 1297 1318 1414 1368; x_wconf 80' lang='lat' dir='ltr'><strong>iocinoris</strong></span> <span class='ocrx_word' id='word_1_507' title='bbox 1439 1317 1653 1379; x_wconf 67' lang='lat' dir='ltr'><strong>investigationem</strong></span> <span class='ocrx_word' id='word_1_508' title='bbox 1678 1332 1727 1369; x_wconf 90' lang='lat' dir='ltr'><strong>non</strong></span> 
     </span>
     <span class='ocr_line' id='line_1_66' title="bbox 945 1422 1726 1484; baseline 0 -8"><span class='ocrx_word' id='word_1_509' title='bbox 945 1427 1072 1476; x_wconf 75' lang='lat' dir='ltr'><strong>censentes</strong></span> <span class='ocrx_word' id='word_1_510' title='bbox 1094 1424 1133 1473; x_wconf 91' lang='lat' dir='ltr'><strong>sui</strong></span> <span class='ocrx_word' id='word_1_511' title='bbox 1165 1436 1217 1474; x_wconf 94' lang='lat' dir='ltr'><strong>rem</strong></span> <span class='ocrx_word' id='word_1_512' title='bbox 1238 1422 1324 1474; x_wconf 79' lang='lat' dir='ltr'><strong>arbitri</strong></span> <span class='ocrx_word' id='word_1_513' title='bbox 1349 1436 1420 1484; x_wconf 86' lang='lat' dir='ltr'><strong>esse,</strong></span> <span class='ocrx_word' id='word_1_514' title='bbox 1446 1426 1477 1473; x_wconf 88' lang='lat' dir='ltr'><strong>ad</strong></span> <span class='ocrx_word' id='word_1_515' title='bbox 1502 1428 1615 1475; x_wconf 82' lang='lat' dir='ltr'><strong>senatum</strong></span> <span class='ocrx_word' id='word_1_516' title='bbox 1643 1424 1675 1476; x_wconf 90' lang='lat' dir='ltr'><strong>de</strong></span> <span class='ocrx_word' id='word_1_517' title='bbox 1698 1439 1726 1476; x_wconf 88' lang='lat' dir='ltr'><strong>ea</strong></span> 
     </span>
     <span class='ocr_line' id='line_1_67' title="bbox 946 1528 1726 1594; baseline -0.001 -12"><span class='ocrx_word' id='word_1_518' title='bbox 946 1531 1030 1582; x_wconf 87' lang='lat' dir='ltr'><strong>reterri</strong></span> <span class='ocrx_word' id='word_1_519' title='bbox 1054 1532 1167 1594; x_wconf 80' lang='lat' dir='ltr'><strong>oportere</strong></span> <span class='ocrx_word' id='word_1_520' title='bbox 1194 1528 1257 1587; x_wconf 81' lang='lat' dir='ltr'><strong>ruti,</strong></span> <span class='ocrx_word' id='word_1_521' title='bbox 1275 1529 1345 1579; x_wconf 90' lang='lat' dir='ltr'><strong>ocios</strong></span> <span class='ocrx_word' id='word_1_522' title='bbox 1373 1530 1455 1592; x_wconf 80' lang='lat' dir='ltr'><strong>potres</strong></span> <span class='ocrx_word' id='word_1_523' title='bbox 1471 1529 1547 1579; x_wconf 77' lang='lat' dir='ltr'><strong>veluti</strong></span> <span class='ocrx_word' id='word_1_524' title='bbox 1566 1529 1598 1579; x_wconf 92' lang='lat' dir='ltr'><strong>de</strong></span> <span class='ocrx_word' id='word_1_525' title='bbox 1611 1533 1726 1581; x_wconf 76' lang='lat' dir='ltr'><strong>extraneo</strong></span> 
     </span>
     <span class='ocr_line' id='line_1_68' title="bbox 945 1632 1727 1699; baseline 0.001 -15"><span class='ocrx_word' id='word_1_526' title='bbox 945 1634 1053 1699; x_wconf 90' lang='lat' dir='ltr'><strong>quodam</strong></span> <span class='ocrx_word' id='word_1_527' title='bbox 1065 1633 1130 1683; x_wconf 86' lang='lat' dir='ltr'><strong>bello</strong></span> <span class='ocrx_word' id='word_1_528' title='bbox 1144 1632 1279 1682; x_wconf 88' lang='lat' dir='ltr'><strong>consulturi</strong></span> <span class='ocrx_word' id='word_1_529' title='bbox 1296 1636 1471 1684; x_wconf 76' lang='lat' dir='ltr'><strong>convocarunt.</strong></span> <span class='ocrx_word' id='word_1_530' title='bbox 1504 1633 1554 1691; x_wconf 87' lang='lat' dir='ltr'><strong>Qui</strong></span> <span class='ocrx_word' id='word_1_531' title='bbox 1565 1646 1642 1696; x_wconf 85' lang='lat' dir='ltr'><strong>quum</strong></span> <span class='ocrx_word' id='word_1_532' title='bbox 1659 1634 1727 1685; x_wconf 88' lang='lat' dir='ltr'><strong>ocius</strong></span> 
     </span>
     <span class='ocr_line' id='line_1_69' title="bbox 947 1736 1727 1802; baseline 0.003 -13"><span class='ocrx_word' id='word_1_533' title='bbox 947 1739 1089 1802; x_wconf 87' lang='lat' dir='ltr'><strong>trequentes</strong></span> <span class='ocrx_word' id='word_1_534' title='bbox 1117 1736 1303 1795; x_wconf 84' lang='lat' dir='ltr'><strong>convenissent,</strong></span> <span class='ocrx_word' id='word_1_535' title='bbox 1332 1750 1475 1800; x_wconf 68' lang='lat' dir='ltr'><strong>reingressus</strong></span> <span class='ocrx_word' id='word_1_536' title='bbox 1509 1737 1573 1788; x_wconf 92' lang='lat' dir='ltr'><strong>altcr</strong></span> <span class='ocrx_word' id='word_1_537' title='bbox 1599 1740 1727 1792; x_wconf 83' lang='lat' dir='ltr'><strong>consulum</strong></span> 
     </span>
     <span class='ocr_line' id='line_1_70' title="bbox 946 1842 1728 1910; baseline -0.001 -14"><span class='ocrx_word' id='word_1_538' title='bbox 946 1847 1071 1910; x_wconf 83' lang='lat' dir='ltr'><strong>inceptum</strong></span> <span class='ocrx_word' id='word_1_539' title='bbox 1091 1843 1211 1893; x_wconf 83' lang='lat' dir='ltr'><strong>adversus</strong></span> <span class='ocrx_word' id='word_1_540' title='bbox 1237 1842 1414 1905; x_wconf 80' lang='lat' dir='ltr'><strong>rempublicam</strong></span> <span class='ocrx_word' id='word_1_541' title='bbox 1439 1842 1487 1892; x_wconf 88' lang='lat' dir='ltr'><strong>sibi</strong></span> <span class='ocrx_word' id='word_1_542' title='bbox 1506 1844 1656 1906; x_wconf 76' lang='lat' dir='ltr'><strong>patefactum</strong></span> <span class='ocrx_word' id='word_1_543' title='bbox 1674 1858 1728 1896; x_wconf 86' lang='lat' dir='ltr'><strong>ossa</strong></span> 
     </span>
     <span class='ocr_line' id='line_1_71' title="bbox 947 1946 1727 2013; baseline -0.001 -14"><span class='ocrx_word' id='word_1_544' title='bbox 947 1949 1017 2007; x_wconf 83' lang='lat' dir='ltr'><strong>dixit,</strong></span> <span class='ocrx_word' id='word_1_545' title='bbox 1043 1946 1111 2013; x_wconf 89' lang='lat' dir='ltr'><strong>quod</strong></span> <span class='ocrx_word' id='word_1_546' title='bbox 1136 1959 1233 1997; x_wconf 85' lang='lat' dir='ltr'><strong>surnma</strong></span> <span class='ocrx_word' id='word_1_547' title='bbox 1267 1949 1368 2010; x_wconf 91' lang='lat' dir='ltr'><strong>propter</strong></span> <span class='ocrx_word' id='word_1_548' title='bbox 1394 1946 1591 2009; x_wconf 75' lang='lat' dir='ltr'><strong>magnitudinem</strong></span> <span class='ocrx_word' id='word_1_549' title='bbox 1626 1948 1727 2011; x_wconf 90' lang='lat' dir='ltr'><strong>periculi</strong></span> 
     </span>
     <span class='ocr_line' id='line_1_72' title="bbox 947 2052 1727 2120; baseline -0.001 -14"><span class='ocrx_word' id='word_1_550' title='bbox 947 2067 1025 2120; x_wconf 88' lang='lat' dir='ltr'><strong>eaque</strong></span> <span class='ocrx_word' id='word_1_551' title='bbox 1040 2057 1153 2118; x_wconf 83' lang='lat' dir='ltr'><strong>prompta</strong></span> <span class='ocrx_word' id='word_1_552' title='bbox 1174 2052 1300 2116; x_wconf 81' lang='lat' dir='ltr'><strong>vigilantia</strong></span> <span class='ocrx_word' id='word_1_553' title='bbox 1314 2052 1441 2114; x_wconf 82' lang='lat' dir='ltr'><strong>indigeret.</strong></span> <span class='ocrx_word' id='word_1_554' title='bbox 1476 2052 1536 2115; x_wconf 79' lang='lat' dir='ltr'><strong>Eius</strong></span> <span class='ocrx_word' id='word_1_555' title='bbox 1560 2052 1651 2117; x_wconf 87' lang='lat' dir='ltr'><strong>incepti</strong></span> <span class='ocrx_word' id='word_1_556' title='bbox 1668 2054 1727 2105; x_wconf 92' lang='lat' dir='ltr'><strong>indi·</strong></span> 
     </span>
     <span class='ocr_line' id='line_1_73' title="bbox 948 2159 1728 2227; baseline -0.001 -13"><span class='ocrx_word' id='word_1_557' title='bbox 948 2176 1002 2214; x_wconf 87' lang='lat' dir='ltr'><strong>cem</strong></span> <span class='ocrx_word' id='word_1_558' title='bbox 1023 2176 1071 2213; x_wconf 92' lang='lat' dir='ltr'><strong>non</strong></span> <span class='ocrx_word' id='word_1_559' title='bbox 1091 2161 1122 2211; x_wconf 92' lang='lat' dir='ltr'><strong>de</strong></span> <span class='ocrx_word' id='word_1_560' title='bbox 1147 2161 1220 2223; x_wconf 82' lang='lat' dir='ltr'><strong>vulgo</strong></span> <span class='ocrx_word' id='word_1_561' title='bbox 1242 2159 1350 2221; x_wconf 78' lang='lat' dir='ltr'><strong>aliquem</strong></span> <span class='ocrx_word' id='word_1_562' title='bbox 1369 2160 1448 2209; x_wconf 84' lang='lat' dir='ltr'><strong>civem</strong></span> <span class='ocrx_word' id='word_1_563' title='bbox 1467 2173 1539 2223; x_wconf 78' lang='lat' dir='ltr'><strong>esse,</strong></span> <span class='ocrx_word' id='word_1_564' title='bbox 1563 2161 1607 2211; x_wconf 93' lang='lat' dir='ltr'><strong>sed</strong></span> <span class='ocrx_word' id='word_1_565' title='bbox 1621 2161 1728 2227; x_wconf 87' lang='lat' dir='ltr'><strong>isquem</strong></span> 
     </span>
     <span class='ocr_line' id='line_1_74' title="bbox 949 2265 1728 2333; baseline 0.001 -15"><span class='ocrx_word' id='word_1_566' title='bbox 949 2269 994 2333; x_wconf 90' lang='lat' dir='ltr'><strong>ipsi</strong></span> <span class='ocrx_word' id='word_1_567' title='bbox 1017 2267 1050 2318; x_wconf 84' lang='lat' dir='ltr'><strong>nd</strong></span> <span class='ocrx_word' id='word_1_568' title='bbox 1066 2268 1199 2317; x_wconf 76' lang='lat' dir='ltr'><strong>maximam</strong></span> <span class='ocrx_word' id='word_1_569' title='bbox 1220 2268 1244 2315; x_wconf 89' lang='lat' dir='ltr'><strong>et</strong></span> <span class='ocrx_word' id='word_1_570' title='bbox 1268 2265 1391 2328; x_wconf 85' lang='lat' dir='ltr'><strong>imprimis</strong></span> <span class='ocrx_word' id='word_1_571' title='bbox 1410 2266 1573 2317; x_wconf 83' lang='lat' dir='ltr'><strong>necessariam</strong></span> <span class='ocrx_word' id='word_1_572' title='bbox 1587 2266 1728 2331; x_wconf 78' lang='lat' dir='ltr'><strong>reipublice</strong></span> 
     </span>
     <span class='ocr_line' id='line_1_75' title="bbox 950 2369 1727 2437; baseline 0.004 -15"><span class='ocrx_word' id='word_1_573' title='bbox 950 2386 1050 2437; x_wconf 87' lang='lat' dir='ltr'><strong>operam</strong></span> <span class='ocrx_word' id='word_1_574' title='bbox 1072 2371 1273 2429; x_wconf 89' lang='lat' dir='ltr'><strong>constituissent,</strong></span> <span class='ocrx_word' id='word_1_575' title='bbox 1297 2371 1346 2420; x_wconf 90' lang='lat' dir='ltr'><strong>tide</strong></span> <span class='ocrx_word' id='word_1_576' title='bbox 1368 2369 1421 2432; x_wconf 84' lang='lat' dir='ltr'><strong>ejus</strong></span> <span class='ocrx_word' id='word_1_577' title='bbox 1435 2376 1461 2421; x_wconf 88' lang='lat' dir='ltr'><strong>et</strong></span> <span class='ocrx_word' id='word_1_578' title='bbox 1484 2372 1588 2436; x_wconf 73' lang='lat' dir='ltr'><strong>publicis</strong></span> <span class='ocrx_word' id='word_1_579' title='bbox 1611 2374 1727 2425; x_wconf 87' lang='lat' dir='ltr'><strong>utilitatis</strong></span> 
     </span>
     <span class='ocr_line' id='line_1_76' title="bbox 950 2477 1729 2544; baseline 0.004 -15"><span class='ocrx_word' id='word_1_580' title='bbox 950 2478 1034 2529; x_wconf 91' lang='lat' dir='ltr'><strong>studio</strong></span> <span class='ocrx_word' id='word_1_581' title='bbox 1051 2492 1079 2529; x_wconf 83' lang='lat' dir='ltr'><strong>er</strong></span> <span class='ocrx_word' id='word_1_582' title='bbox 1099 2478 1220 2528; x_wconf 77' lang='lat' dir='ltr'><strong>universas</strong></span> <span class='ocrx_word' id='word_1_583' title='bbox 1234 2477 1292 2527; x_wconf 77' lang='lat' dir='ltr'><strong>ritis</strong></span> <span class='ocrx_word' id='word_1_584' title='bbox 1312 2478 1406 2527; x_wconf 88' lang='lat' dir='ltr'><strong>ratione</strong></span> <span class='ocrx_word' id='word_1_585' title='bbox 1431 2478 1572 2541; x_wconf 80' lang='lat' dir='ltr'><strong>exploratis.</strong></span> <span class='ocrx_word' id='word_1_586' title='bbox 1605 2484 1729 2544; x_wconf 78' lang='lat' dir='ltr'><strong>Suspenso</strong></span> 
     </span>
    </p>
   </div>
   <div class='ocr_carea' id='block_1_9' title="bbox 950 2583 1729 2849">
    <p class='ocr_par' dir='ltr' id='par_1_9' title="bbox 950 2583 1729 2849">
     <span class='ocr_line' id='line_1_77' title="bbox 950 2583 1729 2648; baseline 0.001 -12"><span class='ocrx_word' id='word_1_587' title='bbox 950 2587 1032 2648; x_wconf 79' lang='lat' dir='ltr'><strong>resque</strong></span> <span class='ocrx_word' id='word_1_588' title='bbox 1042 2587 1128 2633; x_wconf 87' lang='lat' dir='ltr'><strong>senatu</strong></span> <span class='ocrx_word' id='word_1_589' title='bbox 1140 2583 1234 2645; x_wconf 89' lang='lat' dir='ltr'><strong>ejosrei</strong></span> <span class='ocrx_word' id='word_1_590' title='bbox 1241 2583 1422 2647; x_wconf 78' lang='lat' dir='ltr'><strong>exspectatione</strong></span> <span class='ocrx_word' id='word_1_591' title='bbox 1431 2620 1437 2643; x_wconf 82' lang='lat'><strong>,</strong></span> <span class='ocrx_word' id='word_1_592' title='bbox 1446 2583 1578 2647; x_wconf 82' lang='lat' dir='ltr'><strong>appellarit</strong></span> <span class='ocrx_word' id='word_1_593' title='bbox 1594 2586 1729 2637; x_wconf 84' lang='lat' dir='ltr'><strong>ttinucium</strong></span> 
     </span>
     <span class='ocr_line' id='line_1_78' title="bbox 951 2681 1726 2746; baseline 0 -11"><span class='ocrx_word' id='word_1_594' title='bbox 951 2685 1020 2746; x_wconf 87' lang='lat' dir='ltr'><strong>isque</strong></span> <span class='ocrx_word' id='word_1_595' title='bbox 1038 2682 1073 2732; x_wconf 89' lang='lat' dir='ltr'><strong>ita</strong></span> <span class='ocrx_word' id='word_1_596' title='bbox 1088 2681 1163 2732; x_wconf 86' lang='lat' dir='ltr'><strong>rerba</strong></span> <span class='ocrx_word' id='word_1_597' title='bbox 1185 2681 1242 2731; x_wconf 86' lang='lat' dir='ltr'><strong>tecit</strong></span> <span class='ocrx_word' id='word_1_598' title='bbox 1257 2683 1391 2745; x_wconf 75' lang='lat' dir='ltr'>(QUAERE</span> <span class='ocrx_word' id='word_1_599' title='bbox 1408 2685 1439 2733; x_wconf 78' lang='lat' dir='ltr'><strong>tn</strong></span> <span class='ocrx_word' id='word_1_600' title='bbox 1457 2683 1573 2734; x_wconf 78' lang='lat' dir='ltr'><strong>ctrtrn</strong></span> <span class='ocrx_word' id='word_1_601' title='bbox 1589 2686 1632 2734; x_wconf 80' lang='lat' dir='ltr'><strong>DE</strong></span> <span class='ocrx_word' id='word_1_602' title='bbox 1649 2686 1726 2735; x_wconf 78' lang='lat' dir='ltr'>CON-</span> 
     </span>
     <span class='ocr_line' id='line_1_79' title="bbox 952 2786 1196 2849; baseline -0.016 -10"><span class='ocrx_word' id='word_1_603' title='bbox 952 2786 1121 2849; x_wconf 77' lang='lat' dir='ltr'><strong>cronttstJS).</strong></span> <span class='ocrx_word' id='word_1_604' title='bbox 1139 2788 1196 2836; x_wconf 82' lang='lat' dir='ltr'><strong>Bac.</strong></span> 
     </span>
    </p>
   </div>
   <div class='ocr_carea' id='block_1_10' title="bbox 949 3038 1731 3585">
    <p class='ocr_par' dir='ltr' id='par_1_10' title="bbox 949 3038 1731 3585">
     <span class='ocr_line' id='line_1_80' title="bbox 982 3038 1729 3109; baseline 0.003 -15"><span class='ocrx_word' id='word_1_605' title='bbox 982 3046 1016 3094; x_wconf 90' lang='lat'><strong>11.</strong></span> <span class='ocrx_word' id='word_1_606' title='bbox 1031 3045 1117 3105; x_wconf 86' lang='lat' dir='ltr'><strong>ltaque</strong></span> <span class='ocrx_word' id='word_1_607' title='bbox 1137 3055 1164 3091; x_wconf 92' lang='lat' dir='ltr'><strong>re</strong></span> <span class='ocrx_word' id='word_1_608' title='bbox 1184 3039 1296 3103; x_wconf 87' lang='lat' dir='ltr'><strong>patribus</strong></span> <span class='ocrx_word' id='word_1_609' title='bbox 1317 3038 1440 3104; x_wconf 81' lang='lat' dir='ltr'><strong>patefacta</strong></span> <span class='ocrx_word' id='word_1_610' title='bbox 1455 3039 1606 3094; x_wconf 81' lang='lat' dir='ltr'><strong>dictatorem</strong></span> <span class='ocrx_word' id='word_1_611' title='bbox 1628 3049 1729 3109; x_wconf 84' lang='lat' dir='ltr'><strong>creant,</strong></span> 
     </span>
     <span class='ocr_line' id='line_1_81' title="bbox 951 3137 1730 3203; baseline 0.003 -12"><span class='ocrx_word' id='word_1_612' title='bbox 951 3140 1016 3191; x_wconf 89' lang='lat' dir='ltr'><strong>etis</strong></span> <span class='ocrx_word' id='word_1_613' title='bbox 1037 3138 1181 3203; x_wconf 84' lang='lat' dir='ltr'><strong>magistmm</strong></span> <span class='ocrx_word' id='word_1_614' title='bbox 1216 3137 1369 3202; x_wconf 84' lang='lat' dir='ltr'><strong>equitum...</strong></span> <span class='ocrx_word' id='word_1_615' title='bbox 1402 3137 1483 3188; x_wconf 84' lang='lat' dir='ltr'><strong>media</strong></span> <span class='ocrx_word' id='word_1_616' title='bbox 1517 3139 1548 3190; x_wconf 91' lang='lat' dir='ltr'><strong>de</strong></span> <span class='ocrx_word' id='word_1_617' title='bbox 1571 3144 1643 3191; x_wconf 88' lang='lat' dir='ltr'><strong>nocte</strong></span> <span class='ocrx_word' id='word_1_618' title='bbox 1673 3156 1730 3193; x_wconf 90' lang='lat' dir='ltr'><strong>curn</strong></span> 
     </span>
     <span class='ocr_line' id='line_1_82' title="bbox 951 3236 1731 3303; baseline 0.003 -16"><span class='ocrx_word' id='word_1_619' title='bbox 951 3238 1078 3303; x_wconf 84' lang='lat' dir='ltr'><strong>equitibus</strong></span> <span class='ocrx_word' id='word_1_620' title='bbox 1091 3237 1189 3295; x_wconf 77' lang='lat' dir='ltr'><strong>venire,</strong></span> <span class='ocrx_word' id='word_1_621' title='bbox 1218 3237 1300 3298; x_wconf 84' lang='lat' dir='ltr'><strong>patres</strong></span> <span class='ocrx_word' id='word_1_622' title='bbox 1321 3237 1421 3299; x_wconf 87' lang='lat' dir='ltr'><strong>postero</strong></span> <span class='ocrx_word' id='word_1_623' title='bbox 1450 3248 1523 3286; x_wconf 88' lang='lat' dir='ltr'><strong>mane</strong></span> <span class='ocrx_word' id='word_1_624' title='bbox 1541 3236 1566 3286; x_wconf 90' lang='lat' dir='ltr'><strong>in</strong></span> <span class='ocrx_word' id='word_1_625' title='bbox 1581 3237 1731 3300; x_wconf 83' lang='lat' dir='ltr'><strong>Capitolium</strong></span> 
     </span>
     <span class='ocr_line' id='line_1_83' title="bbox 951 3331 1729 3400; baseline 0 -14"><span class='ocrx_word' id='word_1_626' title='bbox 951 3334 1041 3400; x_wconf 78' lang='lat' dir='ltr'><strong>colligi,</strong></span> <span class='ocrx_word' id='word_1_627' title='bbox 1053 3334 1189 3384; x_wconf 82' lang='lat' dir='ltr'><strong>Minucium</strong></span> <span class='ocrx_word' id='word_1_628' title='bbox 1201 3346 1259 3381; x_wconf 92' lang='lat' dir='ltr'><strong>cum</strong></span> <span class='ocrx_word' id='word_1_629' title='bbox 1275 3331 1355 3381; x_wconf 87' lang='lat' dir='ltr'><strong>indice</strong></span> <span class='ocrx_word' id='word_1_630' title='bbox 1371 3331 1520 3396; x_wconf 84' lang='lat' dir='ltr'><strong>reliquisque</strong></span> <span class='ocrx_word' id='word_1_631' title='bbox 1532 3333 1687 3385; x_wconf 85' lang='lat' dir='ltr'><strong>documentis</strong></span> <span class='ocrx_word' id='word_1_632' title='bbox 1698 3336 1729 3386; x_wconf 89' lang='lat' dir='ltr'><strong>ad</strong></span> 
     </span>
     <span class='ocr_line' id='line_1_84' title="bbox 952 3429 1729 3492; baseline -0.001 -8"><span class='ocrx_word' id='word_1_633' title='bbox 952 3431 1058 3484; x_wconf 90' lang='lat' dir='ltr'><strong>tribuual</strong></span> <span class='ocrx_word' id='word_1_634' title='bbox 1071 3431 1118 3481; x_wconf 87' lang='lat' dir='ltr'><strong>sibi</strong></span> <span class='ocrx_word' id='word_1_635' title='bbox 1129 3429 1215 3480; x_wconf 85' lang='lat' dir='ltr'><strong>edesse</strong></span> <span class='ocrx_word' id='word_1_636' title='bbox 1229 3429 1317 3492; x_wconf 88' lang='lat' dir='ltr'><strong>jussit;</strong></span> <span class='ocrx_word' id='word_1_637' title='bbox 1328 3442 1414 3479; x_wconf 89' lang='lat' dir='ltr'><strong>omnes</strong></span> <span class='ocrx_word' id='word_1_638' title='bbox 1427 3442 1486 3478; x_wconf 83' lang='lat' dir='ltr'><strong>vero</strong></span> <span class='ocrx_word' id='word_1_639' title='bbox 1497 3443 1625 3480; x_wconf 76' lang='lat' dir='ltr'><strong>nemesus</strong></span> <span class='ocrx_word' id='word_1_640' title='bbox 1634 3435 1729 3484; x_wconf 80' lang='lat' dir='ltr'><strong>secreta</strong></span> 
     </span>
     <span class='ocr_line' id='line_1_85' title="bbox 949 3524 1729 3585; baseline 0.003 -5"><span class='ocrx_word' id='word_1_641' title='bbox 949 3529 1051 3580; x_wconf 89' lang='lat' dir='ltr'><strong>consilia</strong></span> <span class='ocrx_word' id='word_1_642' title='bbox 1071 3530 1136 3578; x_wconf 81' lang='lat' dir='ltr'><strong>toras</strong></span> <span class='ocrx_word' id='word_1_643' title='bbox 1159 3524 1278 3577; x_wconf 77' lang='lat' dir='ltr'><strong>elicerent</strong></span> <span class='ocrx_word' id='word_1_644' title='bbox 1307 3526 1413 3585; x_wconf 89' lang='lat' dir='ltr'><strong>rnonuit;</strong></span> <span class='ocrx_word' id='word_1_645' title='bbox 1443 3539 1515 3577; x_wconf 79' lang='lat' dir='ltr'><strong>unam</strong></span> <span class='ocrx_word' id='word_1_646' title='bbox 1537 3541 1592 3578; x_wconf 88' lang='lat' dir='ltr'><strong>esse</strong></span> <span class='ocrx_word' id='word_1_647' title='bbox 1623 3529 1729 3581; x_wconf 89' lang='lat' dir='ltr'><strong>salutem</strong></span> 
     </span>
    </p>
   </div>
   <div class='ocr_carea' id='block_1_11' title="bbox 948 3623 1730 5234">
    <p class='ocr_par' dir='ltr' id='par_1_11' title="bbox 948 3623 1730 5234">
     <span class='ocr_line' id='line_1_86' title="bbox 950 3623 1730 3690; baseline 0.001 -12"><span class='ocrx_word' id='word_1_648' title='bbox 950 3628 1087 3683; x_wconf 81' lang='lat' dir='ltr'><strong>affirmans,</strong></span> <span class='ocrx_word' id='word_1_649' title='bbox 1102 3625 1123 3674; x_wconf 89' lang='lat' dir='ltr'><strong>si</strong></span> <span class='ocrx_word' id='word_1_650' title='bbox 1138 3624 1198 3673; x_wconf 82' lang='lat' dir='ltr'><strong>nitri}</strong></span> <span class='ocrx_word' id='word_1_651' title='bbox 1208 3623 1305 3673; x_wconf 80' lang='lat' dir='ltr'><strong>tirellus</strong></span> <span class='ocrx_word' id='word_1_652' title='bbox 1317 3637 1348 3674; x_wconf 88' lang='lat' dir='ltr'><strong>cx</strong></span> <span class='ocrx_word' id='word_1_653' title='bbox 1360 3623 1397 3673; x_wconf 86' lang='lat' dir='ltr'><strong>eis</strong></span> <span class='ocrx_word' id='word_1_654' title='bbox 1412 3637 1469 3688; x_wconf 79' lang='lat' dir='ltr'><strong>qum</strong></span> <span class='ocrx_word' id='word_1_655' title='bbox 1485 3623 1516 3674; x_wconf 89' lang='lat' dir='ltr'><strong>de</strong></span> <span class='ocrx_word' id='word_1_656' title='bbox 1528 3625 1580 3690; x_wconf 87' lang='lat' dir='ltr'><strong>ipso</strong></span> <span class='ocrx_word' id='word_1_657' title='bbox 1588 3627 1730 3679; x_wconf 88' lang='lat' dir='ltr'><strong>dicerentur</strong></span> 
     </span>
     <span class='ocr_line' id='line_1_87' title="bbox 950 3720 1729 3789; baseline 0 -13"><span class='ocrx_word' id='word_1_658' title='bbox 950 3730 976 3778; x_wconf 91' lang='lat' dir='ltr'><strong>et</strong></span> <span class='ocrx_word' id='word_1_659' title='bbox 987 3725 1118 3789; x_wconf 89' lang='lat' dir='ltr'><strong>agerentur</strong></span> <span class='ocrx_word' id='word_1_660' title='bbox 1136 3720 1300 3783; x_wconf 81' lang='lat' dir='ltr'><strong>cognovisset.</strong></span> <span class='ocrx_word' id='word_1_661' title='bbox 1334 3723 1398 3771; x_wconf 86' lang='lat' dir='ltr'><strong>Tum</strong></span> <span class='ocrx_word' id='word_1_662' title='bbox 1420 3721 1521 3784; x_wconf 83' lang='lat' dir='ltr'><strong>reliquis</strong></span> <span class='ocrx_word' id='word_1_663' title='bbox 1538 3724 1654 3775; x_wconf 86' lang='lat' dir='ltr'><strong>omnibus</strong></span> <span class='ocrx_word' id='word_1_664' title='bbox 1670 3740 1729 3789; x_wconf 79' lang='lat' dir='ltr'><strong>quse</strong></span> 
     </span>
     <span class='ocr_line' id='line_1_88' title="bbox 950 3819 1729 3890; baseline 0.001 -15"><span class='ocrx_word' id='word_1_665' title='bbox 950 3837 1013 3890; x_wconf 90' lang='lat' dir='ltr'><strong>opus</strong></span> <span class='ocrx_word' id='word_1_666' title='bbox 1029 3823 1112 3872; x_wconf 89' lang='lat' dir='ltr'><strong>essent</strong></span> <span class='ocrx_word' id='word_1_667' title='bbox 1133 3819 1267 3880; x_wconf 85' lang='lat' dir='ltr'><strong>ordinatis,</strong></span> <span class='ocrx_word' id='word_1_668' title='bbox 1301 3823 1433 3884; x_wconf 80' lang='lat' dir='ltr'><strong>postquam</strong></span> <span class='ocrx_word' id='word_1_669' title='bbox 1459 3820 1490 3870; x_wconf 92' lang='lat' dir='ltr'><strong>ad</strong></span> <span class='ocrx_word' id='word_1_670' title='bbox 1514 3835 1629 3873; x_wconf 72' lang='lat' dir='ltr'><strong>oceasum</strong></span> <span class='ocrx_word' id='word_1_671' title='bbox 1650 3839 1729 3888; x_wconf 85' lang='lat' dir='ltr'><strong>usqne</strong></span> 
     </span>
     <span class='ocr_line' id='line_1_89' title="bbox 950 3916 1728 3985; baseline 0 -11"><span class='ocrx_word' id='word_1_672' title='bbox 950 3923 1008 3975; x_wconf 87' lang='lat' dir='ltr'><strong>solis</strong></span> <span class='ocrx_word' id='word_1_673' title='bbox 1024 3933 1110 3970; x_wconf 86' lang='lat' dir='ltr'><strong>omnes</strong></span> <span class='ocrx_word' id='word_1_674' title='bbox 1123 3917 1148 3968; x_wconf 93' lang='lat' dir='ltr'><strong>in</strong></span> <span class='ocrx_word' id='word_1_675' title='bbox 1165 3916 1233 3967; x_wconf 89' lang='lat' dir='ltr'><strong>curia</strong></span> <span class='ocrx_word' id='word_1_676' title='bbox 1259 3916 1413 3979; x_wconf 88' lang='lat' dir='ltr'><strong>detinuerat,</strong></span> <span class='ocrx_word' id='word_1_677' title='bbox 1435 3922 1581 3985; x_wconf 89' lang='lat' dir='ltr'><strong>crepusculo</strong></span> <span class='ocrx_word' id='word_1_678' title='bbox 1601 3921 1668 3973; x_wconf 85' lang='lat' dir='ltr'><strong>iacto</strong></span> <span class='ocrx_word' id='word_1_679' title='bbox 1686 3937 1728 3976; x_wconf 91' lang='lat' dir='ltr'><strong>se·</strong></span> 
     </span>
     <span class='ocr_line' id='line_1_90' title="bbox 950 4013 1728 4081; baseline 0.003 -11"><span class='ocrx_word' id='word_1_680' title='bbox 950 4024 1036 4072; x_wconf 85' lang='lat' dir='ltr'><strong>natum</strong></span> <span class='ocrx_word' id='word_1_681' title='bbox 1059 4015 1161 4066; x_wconf 87' lang='lat' dir='ltr'><strong>dimisit.</strong></span> <span class='ocrx_word' id='word_1_682' title='bbox 1195 4013 1277 4066; x_wconf 72' lang='lat' dir='ltr'><strong>armis</strong></span> <span class='ocrx_word' id='word_1_683' title='bbox 1291 4014 1322 4065; x_wconf 91' lang='lat' dir='ltr'><strong>de</strong></span> <span class='ocrx_word' id='word_1_684' title='bbox 1343 4019 1416 4065; x_wconf 88' lang='lat' dir='ltr'><strong>nocte</strong></span> <span class='ocrx_word' id='word_1_685' title='bbox 1434 4016 1509 4066; x_wconf 86' lang='lat' dir='ltr'><strong>domo</strong></span> <span class='ocrx_word' id='word_1_686' title='bbox 1524 4032 1668 4081; x_wconf 79' lang='lat' dir='ltr'><strong>egressus...</strong></span> <span class='ocrx_word' id='word_1_687' title='bbox 1681 4036 1728 4073; x_wconf 92' lang='lat' dir='ltr'><strong>an·</strong></span> 
     </span>
     <span class='ocr_line' id='line_1_91' title="bbox 950 4111 1729 4182; baseline -0.006 -10"><span class='ocrx_word' id='word_1_688' title='bbox 950 4122 1064 4172; x_wconf 83' lang='lat' dir='ltr'><strong>telucano</strong></span> <span class='ocrx_word' id='word_1_689' title='bbox 1075 4122 1186 4182; x_wconf 86' lang='lat' dir='ltr'><strong>tempore</strong></span> <span class='ocrx_word' id='word_1_690' title='bbox 1199 4115 1272 4172; x_wconf 77' lang='lat' dir='ltr'><strong>exiit,</strong></span> <span class='ocrx_word' id='word_1_691' title='bbox 1284 4113 1376 4165; x_wconf 90' lang='lat' dir='ltr'><strong>eiectos</strong></span> <span class='ocrx_word' id='word_1_692' title='bbox 1387 4111 1419 4162; x_wconf 84' lang='lat' dir='ltr'><strong>ab</strong></span> <span class='ocrx_word' id='word_1_693' title='bbox 1427 4115 1533 4175; x_wconf 86' lang='lat' dir='ltr'><strong>utroque</strong></span> <span class='ocrx_word' id='word_1_694' title='bbox 1543 4115 1643 4165; x_wconf 89' lang='lat' dir='ltr'><strong>consule</strong></span> <span class='ocrx_word' id='word_1_695' title='bbox 1653 4116 1729 4181; x_wconf 89' lang='lat' dir='ltr'><strong>ipsos·</strong></span> 
     </span>
     <span class='ocr_line' id='line_1_92' title="bbox 949 4213 1727 4284; baseline -0.008 -13"><span class='ocrx_word' id='word_1_696' title='bbox 949 4234 998 4284; x_wconf 87' lang='lat' dir='ltr'><strong>que</strong></span> <span class='ocrx_word' id='word_1_697' title='bbox 1017 4232 1101 4269; x_wconf 90' lang='lat' dir='ltr'><strong>secum</strong></span> <span class='ocrx_word' id='word_1_698' title='bbox 1125 4216 1218 4266; x_wconf 85' lang='lat' dir='ltr'><strong>ducens</strong></span> <span class='ocrx_word' id='word_1_699' title='bbox 1240 4214 1307 4278; x_wconf 82' lang='lat' dir='ltr'><strong>iique</strong></span> <span class='ocrx_word' id='word_1_700' title='bbox 1322 4227 1371 4264; x_wconf 90' lang='lat' dir='ltr'><strong>una</strong></span> <span class='ocrx_word' id='word_1_701' title='bbox 1386 4227 1443 4264; x_wconf 89' lang='lat' dir='ltr'><strong>cum</strong></span> <span class='ocrx_word' id='word_1_702' title='bbox 1455 4213 1571 4262; x_wconf 82' lang='lat' dir='ltr'><strong>Patribus</strong></span> <span class='ocrx_word' id='word_1_703' title='bbox 1582 4214 1727 4278; x_wconf 90' lang='lat' dir='ltr'><strong>capitolium</strong></span> 
     </span>
     <span class='ocr_line' id='line_1_93' title="bbox 950 4311 1727 4379; baseline -0.01 -10"><span class='ocrx_word' id='word_1_704' title='bbox 950 4331 1021 4369; x_wconf 88' lang='lat' dir='ltr'><strong>mane</strong></span> <span class='ocrx_word' id='word_1_705' title='bbox 1034 4319 1183 4379; x_wconf 83' lang='lat' dir='ltr'><strong>occupatum</strong></span> <span class='ocrx_word' id='word_1_706' title='bbox 1205 4313 1382 4364; x_wconf 88' lang='lat' dir='ltr'><strong>custodierunt.</strong></span> <span class='ocrx_word' id='word_1_707' title='bbox 1417 4316 1479 4362; x_wconf 83' lang='lat' dir='ltr'><strong>Orto</strong></span> <span class='ocrx_word' id='word_1_708' title='bbox 1496 4311 1537 4363; x_wconf 93' lang='lat' dir='ltr'><strong>die</strong></span> <span class='ocrx_word' id='word_1_709' title='bbox 1550 4313 1648 4363; x_wconf 82' lang='lat' dir='ltr'><strong>Msetius</strong></span> <span class='ocrx_word' id='word_1_710' title='bbox 1667 4312 1727 4362; x_wconf 83' lang='lat' dir='ltr'><strong>ninii</strong></span> 
     </span>
     <span class='ocr_line' id='line_1_94' title="bbox 950 4409 1728 4477; baseline -0.005 -14"><span class='ocrx_word' id='word_1_711' title='bbox 950 4414 1039 4464; x_wconf 91' lang='lat' dir='ltr'><strong>horum</strong></span> <span class='ocrx_word' id='word_1_712' title='bbox 1048 4412 1239 4477; x_wconf 86' lang='lat' dir='ltr'><strong>edoctus,quum</strong></span> <span class='ocrx_word' id='word_1_713' title='bbox 1250 4411 1275 4460; x_wconf 91' lang='lat' dir='ltr'><strong>in</strong></span> <span class='ocrx_word' id='word_1_714' title='bbox 1284 4410 1363 4460; x_wconf 88' lang='lat' dir='ltr'><strong>iomrn</strong></span> <span class='ocrx_word' id='word_1_715' title='bbox 1372 4411 1545 4474; x_wconf 80' lang='lat' dir='ltr'><strong>processisset,</strong></span> <span class='ocrx_word' id='word_1_716' title='bbox 1559 4424 1603 4474; x_wconf 89' lang='lat' dir='ltr'><strong>pro</strong></span> <span class='ocrx_word' id='word_1_717' title='bbox 1611 4409 1728 4459; x_wconf 88' lang='lat' dir='ltr'><strong>tribunali</strong></span> 
     </span>
     <span class='ocr_line' id='line_1_95' title="bbox 951 4509 1727 4575; baseline -0.004 -13"><span class='ocrx_word' id='word_1_718' title='bbox 951 4512 1039 4562; x_wconf 84' lang='lat' dir='ltr'><strong>sedens</strong></span> <span class='ocrx_word' id='word_1_719' title='bbox 1048 4511 1198 4575; x_wconf 86' lang='lat' dir='ltr'><strong>pauperibus</strong></span> <span class='ocrx_word' id='word_1_720' title='bbox 1208 4524 1308 4574; x_wconf 85' lang='lat' dir='ltr'><strong>operam</strong></span> <span class='ocrx_word' id='word_1_721' title='bbox 1318 4510 1409 4569; x_wconf 81' lang='lat' dir='ltr'><strong>ilabet;</strong></span> <span class='ocrx_word' id='word_1_722' title='bbox 1423 4524 1499 4573; x_wconf 88' lang='lat' dir='ltr'><strong>quum</strong></span> <span class='ocrx_word' id='word_1_723' title='bbox 1510 4510 1574 4560; x_wconf 85' lang='lat' dir='ltr'><strong>irnnd</strong></span> <span class='ocrx_word' id='word_1_724' title='bbox 1585 4509 1664 4559; x_wconf 89' lang='lat' dir='ltr'><strong>multo</strong></span> <span class='ocrx_word' id='word_1_725' title='bbox 1672 4514 1727 4572; x_wconf 91' lang='lat' dir='ltr'><strong>post</strong></span> 
     </span>
     <span class='ocr_line' id='line_1_96' title="bbox 950 4605 1725 4672; baseline -0.008 -12"><span class='ocrx_word' id='word_1_726' title='bbox 950 4614 1060 4672; x_wconf 87' lang='lat' dir='ltr'><strong>tempore</strong></span> <span class='ocrx_word' id='word_1_727' title='bbox 1087 4607 1204 4671; x_wconf 84' lang='lat' dir='ltr'><strong>magister</strong></span> <span class='ocrx_word' id='word_1_728' title='bbox 1234 4607 1344 4668; x_wconf 80' lang='lat' dir='ltr'><strong>equitum</strong></span> <span class='ocrx_word' id='word_1_729' title='bbox 1371 4605 1474 4655; x_wconf 85' lang='lat' dir='ltr'><strong>accessit</strong></span> <span class='ocrx_word' id='word_1_730' title='bbox 1494 4605 1619 4663; x_wconf 78' lang='lat' dir='ltr'><strong>ser-vitius,</strong></span> <span class='ocrx_word' id='word_1_731' title='bbox 1641 4619 1725 4656; x_wconf 88' lang='lat' dir='ltr'><strong>seeum</strong></span> 
     </span>
     <span class='ocr_line' id='line_1_97' title="bbox 948 4695 1726 4760; baseline -0.01 -8"><span class='ocrx_word' id='word_1_732' title='bbox 948 4702 1042 4753; x_wconf 86' lang='lat' dir='ltr'><strong>ducens</strong></span> <span class='ocrx_word' id='word_1_733' title='bbox 1056 4699 1222 4749; x_wconf 81' lang='lat' dir='ltr'><strong>validissimos</strong></span> <span class='ocrx_word' id='word_1_734' title='bbox 1238 4698 1335 4760; x_wconf 89' lang='lat' dir='ltr'><strong>equites</strong></span> <span class='ocrx_word' id='word_1_735' title='bbox 1356 4712 1412 4746; x_wconf 88' lang='lat' dir='ltr'><strong>cum</strong></span> <span class='ocrx_word' id='word_1_736' title='bbox 1430 4696 1518 4760; x_wconf 89' lang='lat' dir='ltr'><strong>gladiis</strong></span> <span class='ocrx_word' id='word_1_737' title='bbox 1532 4695 1579 4744; x_wconf 84' lang='lat' dir='ltr'><strong>snb</strong></span> <span class='ocrx_word' id='word_1_738' title='bbox 1597 4699 1682 4753; x_wconf 81' lang='lat' dir='ltr'><strong>reste;</strong></span> <span class='ocrx_word' id='word_1_739' title='bbox 1698 4717 1726 4754; x_wconf 71' lang='lat' dir='ltr'><strong>ac</strong></span> 
     </span>
     <span class='ocr_line' id='line_1_98' title="bbox 949 4797 1726 4871; baseline -0.006 -17"><span class='ocrx_word' id='word_1_740' title='bbox 949 4817 1026 4871; x_wconf 90' lang='lat' dir='ltr'><strong>prope</strong></span> <span class='ocrx_word' id='word_1_741' title='bbox 1036 4802 1136 4852; x_wconf 85' lang='lat' dir='ltr'><strong>adstans</strong></span> <span class='ocrx_word' id='word_1_742' title='bbox 1156 4819 1185 4845; x_wconf 77' lang='lat'><strong>:-</strong></span> <span class='ocrx_word' id='word_1_743' title='bbox 1197 4799 1316 4859; x_wconf 81' lang='lat' dir='ltr'><strong>Dictet0r‚</strong></span> <span class='ocrx_word' id='word_1_744' title='bbox 1333 4798 1426 4863; x_wconf 89' lang='lat' dir='ltr'><strong>inquit,</strong></span> <span class='ocrx_word' id='word_1_745' title='bbox 1437 4797 1588 4864; x_wconf 79' lang='lat' dir='ltr'><strong>te,ltlsuli,ad</strong></span> <span class='ocrx_word' id='word_1_746' title='bbox 1603 4811 1630 4845; x_wconf 89' lang='lat' dir='ltr'><strong>sc.</strong></span> <span class='ocrx_word' id='word_1_747' title='bbox 1644 4799 1726 4849; x_wconf 83' lang='lat' dir='ltr'><strong>venire</strong></span> 
     </span>
     <span class='ocr_line' id='line_1_99' title="bbox 952 4891 1725 4962; baseline -0.009 -13"><span class='ocrx_word' id='word_1_748' title='bbox 952 4923 963 4943; x_wconf 84' lang='lat'>«</span> <span class='ocrx_word' id='word_1_749' title='bbox 974 4900 1052 4962; x_wconf 88' lang='lat' dir='ltr'><strong>jubet.</strong></span> <span class='ocrx_word' id='word_1_750' title='bbox 1067 4921 1077 4939; x_wconf 79' lang='grc' dir='ltr'>ν</span> <span class='ocrx_word' id='word_1_751' title='bbox 1088 4897 1128 4947; x_wconf 90' lang='lat' dir='ltr'><strong>Ad</strong></span> <span class='ocrx_word' id='word_1_752' title='bbox 1141 4909 1197 4960; x_wconf 78' lang='grc' dir='ltr'>ηιιω</span> <span class='ocrx_word' id='word_1_753' title='bbox 1212 4894 1361 4957; x_wconf 87' lang='lat' dir='ltr'><strong>respondens</strong></span> <span class='ocrx_word' id='word_1_754' title='bbox 1375 4894 1431 4943; x_wconf 85' lang='lat' dir='ltr'><strong>ille:</strong></span> <span class='ocrx_word' id='word_1_755' title='bbox 1444 4913 1454 4934; x_wconf 73' lang='lat' dir='ltr'>a</span> <span class='ocrx_word' id='word_1_756' title='bbox 1469 4891 1553 4950; x_wconf 83' lang='lat' dir='ltr'><strong>Qualis</strong></span> <span class='ocrx_word' id='word_1_757' title='bbox 1567 4905 1615 4951; x_wconf 84' lang='lat' dir='ltr'><strong>inc,</strong></span> <span class='ocrx_word' id='word_1_758' title='bbox 1627 4893 1725 4953; x_wconf 86' lang='lat' dir='ltr'><strong>Servili,</strong></span> 
     </span>
     <span class='ocr_line' id='line_1_100' title="bbox 950 4985 1724 5048; baseline -0.01 -9"><span class='ocrx_word' id='word_1_759' title='bbox 950 5012 961 5034; x_wconf 73' lang='grc' dir='ltr'><strong>«ι</strong></span> <span class='ocrx_word' id='word_1_760' title='bbox 975 4991 1080 5041; x_wconf 85' lang='lat' dir='ltr'><strong>dictator</strong></span> <span class='ocrx_word' id='word_1_761' title='bbox 1092 4986 1124 5036; x_wconf 88' lang='lat' dir='ltr'><strong>nd</strong></span> <span class='ocrx_word' id='word_1_762' title='bbox 1135 5002 1160 5036; x_wconf 87' lang='lat' dir='ltr'><strong>se</strong></span> <span class='ocrx_word' id='word_1_763' title='bbox 1172 4986 1254 5036; x_wconf 77' lang='lat' dir='ltr'><strong>seruire</strong></span> <span class='ocrx_word' id='word_1_764' title='bbox 1271 4986 1351 5048; x_wconf 85' lang='lat' dir='ltr'><strong>jubet,</strong></span> <span class='ocrx_word' id='word_1_765' title='bbox 1372 4987 1412 5035; x_wconf 90' lang='lat' dir='ltr'><strong>ubi</strong></span> <span class='ocrx_word' id='word_1_766' title='bbox 1427 4989 1452 5035; x_wconf 87' lang='lat' dir='ltr'><strong>ct</strong></span> <span class='ocrx_word' id='word_1_767' title='bbox 1466 4985 1565 5046; x_wconf 83' lang='lat' dir='ltr'><strong>quondo</strong></span> <span class='ocrx_word' id='word_1_768' title='bbox 1587 4989 1700 5037; x_wconf 80' lang='lat' dir='ltr'><strong>creatus?</strong></span> <span class='ocrx_word' id='word_1_769' title='bbox 1713 5010 1724 5031; x_wconf 74' lang='grc' dir='ltr'>ν</span> 
     </span>
     <span class='ocr_line' id='line_1_101' title="bbox 950 5077 1724 5146; baseline -0.005 -12"><span class='ocrx_word' id='word_1_770' title='bbox 950 5086 1030 5146; x_wconf 77' lang='grc' dir='ltr'>Αθηιιυ</span> <span class='ocrx_word' id='word_1_771' title='bbox 1050 5081 1124 5130; x_wconf 88' lang='lat' dir='ltr'><strong>simoi</strong></span> <span class='ocrx_word' id='word_1_772' title='bbox 1139 5079 1297 5143; x_wconf 82' lang='lat' dir='ltr'><strong>perturbatus</strong></span> <span class='ocrx_word' id='word_1_773' title='bbox 1311 5093 1355 5128; x_wconf 90' lang='lat' dir='ltr'><strong>eos</strong></span> <span class='ocrx_word' id='word_1_774' title='bbox 1376 5078 1417 5140; x_wconf 87' lang='lat' dir='ltr'><strong>qui</strong></span> <span class='ocrx_word' id='word_1_775' title='bbox 1434 5077 1537 5126; x_wconf 84' lang='lat' dir='ltr'><strong>tribuunt</strong></span> <span class='ocrx_word' id='word_1_776' title='bbox 1551 5079 1724 5131; x_wconf 84' lang='lat' dir='ltr'><strong>circumstete-</strong></span> 
     </span>
     <span class='ocr_line' id='line_1_102' title="bbox 951 5170 1725 5234; baseline -0.005 -10"><span class='ocrx_word' id='word_1_777' title='bbox 951 5178 1006 5224; x_wconf 84' lang='lat' dir='ltr'><strong>runt</strong></span> <span class='ocrx_word' id='word_1_778' title='bbox 1028 5175 1146 5224; x_wconf 85' lang='lat' dir='ltr'><strong>intuetur.</strong></span> <span class='ocrx_word' id='word_1_779' title='bbox 1164 5170 1315 5233; x_wconf 78' lang='lat' dir='ltr'><strong>cunctisque</strong></span> <span class='ocrx_word' id='word_1_780' title='bbox 1338 5184 1388 5234; x_wconf 81' lang='grc' dir='ltr'>γιτω</span> <span class='ocrx_word' id='word_1_781' title='bbox 1406 5174 1506 5234; x_wconf 88' lang='lat' dir='ltr'><strong>stupore</strong></span> <span class='ocrx_word' id='word_1_782' title='bbox 1526 5171 1725 5230; x_wconf 83' lang='lat' dir='ltr'><strong>conticentibus,</strong></span> 
     </span>
    </p>
   </div>
   <div class='ocr_carea' id='block_1_12' title="bbox 0 0 1897 5828">
    <p class='ocr_par' dir='ltr' id='par_1_12' title="bbox 0 0 1897 5828">
     <span class='ocr_line' id='line_1_103' title="bbox 0 0 1897 5828; baseline 0 0"><span class='ocrx_word' id='word_1_783' title='bbox 0 0 1897 5828; x_wconf 95' lang='lat' dir='ltr'><strong> </strong></span> 
     </span>
    </p>
   </div>
  </div>
 </body>
</html>
