3772 5828
173 332 233 391 nst

172 460 280 540 γνώμην
296 463 429 518 ἐποιοῦντο
445 454 670 533 μεταπορεύεσθαι
682 453 729 524 vla
748 453 849 534 ἀρχὴν,
863 455 950 516 δεδιό-

173 575 215 618 τες
225 550 263 627 μὴ
277 546 442 628 ταραχώδεις
457 544 524 612 τινές
539 545 688 623 ἄνθρωποι,
702 544 864 618 τηλικαύτης
879 545 951 614 δξου·

175 641 234 706 σίας
248 637 405 713 λαθόμενοι,
419 633 500 695 κακόν
515 657 541 693 τι
558 632 627 711 μέγα
643 634 818 713 ἐργάσωνται.
874 631 952 712 Ἀγα-

174 730 263 800 πητῶς
276 726 303 784 δὲ
316 731 362 785 τοί]
378 725 463 802 δήμου
477 723 511 783 τὰ
526 720 636 790 δόξαντα
648 746 682 802 τη
698 723 780 802 βουλῇ
795 720 950 800 δεξαμένου,

135 828 148 866 ⁵
175 814 306 893 anineti
328 813 454 884 πλείστης
468 809 616 889 προθυμίας
636 809 861 891 έπιψηρίσαντυς,
879 811 951 871 aaut

175 905 222 981 pta
237 909 261 962 οί
285 901 349 963 δέκα
370 901 460 980 ἄνδρες
482 907 607 980 προεῖπον
629 898 674 958 τδν
696 902 748 957 τῶν
773 899 950 980 δρχαιρεσίων

175 993 281 1073 καιρὸν,
298 990 430 1070 μετῄεσαν
446 988 474 1047 δέ
488 989 536 1059 τὴν
552 986 637 1069 ἀρχὴν
649 989 673 1046 oi
688 987 852 1066 έντιμότατοί
862 1012 891 1048 τε
906 988 952 1049 καλ

173 1079 351 1162 πρεσόότατοι
376 1083 428 1138 τῶν
444 1077 601 1159 πετραίων.
645 1075 731 1137 Ἔνθα
755 1077 884 1151 δὴπολθς
898 1080 950 1141 θπδ

174 1171 281 1230 πόντων
309 1165 493 1241 ἐπαινούμενος
516 1158 548 1236 ἦν
578 1170 591 1225 θ
612 1167 658 1238 τῆς
690 1163 749 1225 τότε
776 1166 951 1247 δεκαδαρχίας

122 1278 146 1315 ru
172 1258 280 1337 ἡγεμὼν
294 1253 420 1333 Ἄππιος,
436 1254 483 1314 καὶ
499 1264 550 1322 πᾶς
571 1253 741 1331 θδημοτικδς
759 1252 838 1335 ὄχλος
851 1258 949 1315 έκεῖνον

173 1346 219 1406 ἰπὶ
245 1349 292 1417 τῆς
313 1348 396 1423 ἀρχῆς
415 1341 487 1415 ἠξίου
512 1341 651 1421 κατέχειν,
673 1346 708 1410 ὡς
723 1342 772 1401 οὐκ
786 1342 866 1401 ἄλλου
882 1344 950 1413 τινός

173 1434 279 1511 ἄμεινον
294 1430 471 1511 ἡγησαμένου.
516 1430 550 1488 Ὁ
573 1431 599 1489 δὲ
619 1433 771 1490 ἀναίνεσθαι
790 1429 838 1509 μὲν
852 1454 951 1513 προσε-

173 1530 273 1583 ποιεῖτο
298 1519 357 1578 κατ’
373 1516 477 1598 ἅρχδις,
496 1518 541 1576 καί
557 1519 680 1577 ἀπολύειν
698 1520 777 1579 αὑτὸν
796 1519 868 1590 ἠξίου
890 1522 950 1579 λει-

173 1610 295 1690 τουργίας
309 1608 354 1667 καί
367 1609 483 1687 ὀχληρᾶς
497 1607 543 1665 καί
562 1606 710 1687 ἐπιρθόνου.
752 1609 888 1669 Τελευτῶν
902 1608 948 1688 δὲ,

121 1716 145 1755 tn
172 1701 207 1765 ὡς
226 1698 365 1775 ἐλιπόρουν
386 1694 463 1754 αὐτὸν
484 1694 616 1767 ἅπαντες,
632 1695 709 1762 αὐτός
725 1719 754 1755 τε
773 1696 884 1774 ὑπέμενε
900 1721 948 1775 με·

170 1787 253 1845 τιέναι
266 1790 315 1857 τήν
331 1784 431 1865 ἀρχὴν,
450 1784 561 1844 καὶτῶν
585 1784 877 1865 σομπαραγγελλόντων
891 1785 950 1855 τοὺς

172 1874 292 1954 ἀρίστους
307 1873 512 1951 αἰτιασάμενος,
536 1874 585 1952 οὐχ
601 1873 683 1943 ἡδέως
696 1874 759 1951 πρὸς
774 1874 865 1933 ἑαυτὸν
880 1877 950 1955 ἔχειν

172 1962 216 2020 διὰ
231 1962 275 2021 τόν
290 1962 448 2041 φθόνον,τοῑς
464 1963 558 2020 ἑαυτοῦ
570 1960 654 2039 ρίλοις
666 1962 856 2038 συνηγωνίζετο
870 1985 950 2043 φανε-

172 2055 231 2130 ρῶς.
275 2049 471 2110 ’λποδείκνυταί
485 2073 514 2108 τε
533 2049 613 2110 πόλιν
636 2051 662 2107 ἐν
677 2050 858 2128 ἀρχαιρεσίαις
874 2052 950 2130 λοχί-

119 2156 145 2195 ao
171 2163 223 2198 τισι
236 2138 378 2216 νομοθέτης
392 2138 422 2197 τδ
435 2138 570 2217 δεύτερον·
584 2136 634 2197 σὺν
651 2137 677 2196 δὲ
690 2140 761 2218 αὐτῷ
780 2139 888 2207 Κόϊντος
902 2140 949 2218 μέν

172 2227 293 2304 Φόδιος,
305 2231 318 2285 ὁ
333 2227 491 2303 καλούμενος
503 2226 681 2299 Ούῖύολανδς,
692 2230 707 2285 θ
719 2226 775 2306 τρὶς
790 2227 949 2303 ὑπατεύσας,

171 2315 238 2395 ἀνὴρ
264 2316 440 2388 ἀνεπίληπτος
479 2318 515 2384 εἷς
540 2315 596 2376 τόδε
620 2315 715 2396 χρόνω
738 2316 876 2394 γενόμενος
890 2319 950 2397 περὶ

170 2414 261 2464 πᾶσαν
286 2405 400 2486 ἀρετήν·
426 2411 456 2467 ἐκ
473 2408 500 2466 δέ
524 2412 577 2466 τῶν
606 2409 694 2466 σίλλων
719 2408 881 2485 πατρικίων,
906 2408 950 2478 οθς

172 2496 269 2562 ἐκεῖνος
289 2497 439 2572 ἠσπάζετο,
463 2496 573 2574 Μάρκος
597 2495 756 2576 Κορνήλιος,
779 2498 825 2556 καὶ
839 2496 950 2579 Μόρκος

116 2598 143 2639 ²⁵
173 2585 300 2665 Σέργιος,
310 2586 357 2645 καί
369 2586 480 2652 Λεύκιος
491 2585 644 2658 Μηνύκιος,
657 2586 703 2644 καί
712 2587 791 2653 Τίτος
801 2585 949 2665 Ἀντώνιος,

172 2677 217 2735 καλ
232 2676 333 2743 Μαίνιος
356 2674 530 2750 Ῥαόολήιος,
551 2676 642 2754 ἄνδρες
657 2678 687 2735 ού
712 2676 782 2735 ποίνυ
801 2679 948 2756 ἐπιρανεῑς·

171 2767 201 2823 ἐκ
216 2765 243 2823 δὲ
259 2770 311 2823 τῶν
333 2765 482 2840 δημοτικῶν
506 2763 615 2831 Κόϊντος
632 2764 801 2836 Ποῑτελλιος,
813 2766 859 2825 καί
876 2768 947 2827 Καί-

171 2875 223 2911 σων
239 2853 393 2924 Δουέλλιος,
405 2852 451 2910 καί
463 2851 575 2930 Σπόριος
586 2849 714 2921 Ὄππιος·
725 2853 947 2933 προσελήφθησαν

169 2942 221 3022 γὰρ
245 2941 288 3000 καλ
314 2931 384 2997 ούτοι
417 2937 480 3016 πρὸς
506 2944 550 2996 τοῦ
574 2938 683 2998 Ἀππίου
709 2942 847 3007 κολακείας
871 2941 947 3000 ἕνεκα

115 3050 143 3090 so
169 3034 220 3088 τῶν
235 3030 401 3103 δημοτικῶν,
424 3026 589 3092 διδάσκοντος
612 3026 652 3085 ότι
670 3027 771 3087 δίκαιόν
795 3034 869 3100 ἐστι,
886 3040 948 3106 μιᾶς

170 3122 253 3197 ἀρχῆς
264 3115 332 3176 κατὰ
349 3115 456 3173 πόντων
472 3115 712 3191 ἀποδεικνυμένης,
729 3106 798 3174 εἷναί
810 3140 834 3172 τι
846 3117 890 3175 καὶ
903 3127 948 3178 τοῦ

169 3208 253 3284 δήμου
270 3205 347 3284 μέρος
360 3207 386 3263 ἐν
402 3205 478 3283 αὐτῇ.
521 3203 674 3277 Εδδοκιμῶν
690 3205 713 3261 δ’
730 3206 769 3285 ἐρ’
787 3203 870 3262 ἅπασι
885 3208 947 3264 τόύ-

167 3318 220 3360 τοις
238 3293 284 3353 καί
300 3296 382 3352 δοκῶν
405 3294 543 3372 κράτιστος
567 3282 633 3349 εἶναι
649 3290 779 3366 βασιλέων
793 3315 822 3350 τε
837 3293 881 3351 καί
896 3299 947 3353 τῶν

168 3384 229 3440 κατ’
242 3382 359 3441 ἐνιαυτὸν
373 3381 550 3458 ἡγησαμένων
563 3385 609 3452 τῆς
619 3380 728 3453 πόλεως,
739 3381 946 3460 παραλαμύόνει

168 3473 248 3530 πόλιν
265 3471 312 3540 τὴν
328 3472 411 3551 ἀρχὴν
435 3472 469 3535 είς
492 3469 534 3528 τὀν
550 3469 656 3529 ἐπιόντα
679 3473 808 3530 ἐνιαυτόν.
853 3473 945 3530 Ταῦτα

168 3561 229 3618 κατ’
241 3560 341 3631 ἐκείνην
354 3561 472 3637 ἐπράχθη
482 3557 529 3627 τὴν
540 3559 715 3638 δεκαδαρχίαν
726 3560 776 3617 nal
788 3559 943 3637 Ῥωμαίων,

169 3649 233 3706 ἄλλο
249 3649 272 3706 δ’
287 3647 359 3706 οὐδὲν
375 3646 427 3705 ὅτι
441 3649 486 3706 καί
501 3648 578 3722 λόγου
591 3647 671 3715 ἄξιον.

208 3741 281 3797 ΗΧ.
308 3737 355 3796 'En
371 3735 397 3793 δὲ
412 3739 449 3813 τῷ
469 3736 578 3792 κατόπιν
595 3738 663 3805 ἔτει,
686 3735 884 3814 παραλαύόντες
897 3738 945 3807 ελν

168 3827 298 3896 ὑπατικὴν
326 3825 444 3893 ἐξουσίαν
478 3826 501 3881 oi
526 3821 573 3880 σύν
594 3823 697 3903 ’alaniae
727 3826 853 3906 Κλαυδίῳ
883 3828 945 3884 δέκα

169 3916 257 3991 ἄνδρες
284 3916 359 3980 εἰδοῖς
379 3910 480 3990 μαίοις·
500 3903 563 3989 ἦγον
587 3912 612 3969 δὲ
638 3912 697 3978 τούς
718 3919 802 3988 μῆνας
817 3914 945 3975 aazias·

167 4001 263 4071 λήνην,
284 4004 328 4059 καὶ
348 4003 505 4060 συνέπιπτεν
521 4002 556 4065 εἷς
571 3999 616 4065 τδις
630 4000 711 4066 εἰδοὺς
731 4006 746 4069 ἡ
765 4002 943 4075 πανσέληνος·

168 4092 259 4165 πρῶτα
273 4091 319 4164 μὲν
335 4089 409 4166 όρκια
425 4089 546 4164 τεμόντες
561 4087 698 4166 ἀπόρρητα
712 4092 750 4166 τῷ
765 4092 867 4164 πλήθει,
883 4115 945 4151 συν-

167 4177 249 4248 θήκας
273 4177 360 4255 σφίσιν
389 4181 475 4244 αὐτοῖς
499 4177 664 4266 ἔθεντοκπερὶ
687 4178 796 4252 μηδενὸς
820 4181 943 4252 ἀλλήλοις

167 4268 362 4338 ἐναντιοῦσθαι,
385 4267 400 4320 ό
423 4290 445 4324 τι
472 4265 497 4322 δὲ
521 4264 552 4322 διν
579 4269 614 4330 είς
639 4264 664 4331 ἐξ
686 4270 770 4324 αὐτῶν
794 4269 941 4351 δικαιώσῃ,

126 4380 132 4411 .·
166 4360 241 4411 τοῦτο
258 4354 370 4418 ἅπαντες
384 4359 504 4428 Ιἡγεῖσθαι
526 4354 630 4432 κύριον,
646 4354 694 4422 τήν
715 4379 743 4412 τε
765 4356 848 4435 ἀρχὴν
865 4361 943 4419 καθέ-

167 4442 216 4510 ξειν
241 4444 281 4501 διὰ
305 4442 362 4521 βίου
382 4443 426 4499 καὶ
456 4445 555 4519 μηδένα
574 4444 701 4522 παρήσειν
731 4447 817 4522 ἕτερον
843 4451 886 4507 ἐπὶ
909 4450 941 4507 τδι

166 4533 325 4613 πράγματα,
342 4534 453 4606 ίσότιμοί
464 4557 492 4591 τε
508 4532 620 4600 ἅπαντες
634 4533 755 4604 ἔσεσθαι,
772 4539 817 4593 καὶ
834 4537 881 4607 τὴν
896 4541 942 4596 αὐ-

165 4623 210 4693 τὴν
222 4622 286 4689 ἕξειν
301 4624 469 4694 δυναστείαν,
488 4626 583 4697 βουλῆς
598 4625 644 4697 μὲν
660 4625 676 4692 ἦ
692 4624 774 4700 δήμου
788 4627 940 4705 ψηρίσμασι

165 4714 280 4779 σπανίως
301 4712 345 4770 καί
366 4714 399 4775 είς
422 4711 488 4768 αὐτὰ
513 4713 661 4789 τάναγκαῖα
685 4714 833 4792 χρεόμενοι,
857 4714 889 4770 τδι
913 4715 939 4772 δὲ

164 4805 275 4861 πλεῖστα
290 4804 330 4858 ἐπὶ
347 4806 393 4871 τῆς
413 4804 513 4858 ἑαυτῶν
532 4799 647 4867 ἐξουσίας
663 4810 804 4869 ποιοῦντες.
825 4802 938 4862 Ἐνστά-

164 4913 210 4961 σης
225 4893 250 4948 δὲ
266 4895 311 4960 τῆς
324 4893 438 4968 ἡμέρας,
453 4894 479 4948 ἐν
500 4895 513 4967 ᾗ
530 4893 694 4966 παραλαίεῐν
713 4894 806 4957 αὐτούς
822 4891 874 4948 ἔδει
890 4893 938 4961 τὴν

164 4980 264 5055 ἀρχὴν,
286 4983 338 5045 τοῖς
365 4981 428 5044 θεαῖς
454 4979 628 5056 προθύσαντες
653 4981 668 5035 ἃ
695 4980 786 5054 νόμος·
812 4981 883 5058 ίερδιν
911 4981 937 5040 δέ

162 5067 257 5135 ταύτην
274 5068 366 5143 ἄγουσι
379 5067 507 5142 Ῥωμαῖοι
523 5065 570 5134 τὴν
586 5066 697 5144 ἡμέραν,
711 5068 756 5122 καί
773 5069 868 5134 παντὸς
887 5071 938 5144 μοί·

161 5153 237 5208 λιστα
252 5152 401 5211 ὀττεύονται
418 5154 485 5228 μήτε
503 5156 613 5210 οἰκοῦσαι
634 5152 715 5228 μηδὲν
734 5154 810 5222 ἀηδὲς
826 5160 851 5212 ἐν
868 5161 934 5234 αὐτῇ

684 322 850 385 DIONYSll
871 324 1249 389 nnnlcnnnnssnnsls

1008 465 1047 517 lna
1056 466 1158 530 quidem
1171 468 1241 517 tuere
1253 465 1360 531 publicas
1374 465 1472 515 illorum
1490 460 1702 514 consultationes.
1741 463 1798 515 Pri·

1000 556 1077 608 ratim
1089 560 1173 606 autem
1185 555 1306 621 primores
1320 559 1420 605 senatus
1433 569 1491 605 enm
1502 556 1683 621 magistratum
1696 558 1797 610 ambire

1000 645 1169 701 decreverunt,
1183 643 1257 692 veriti
1269 656 1299 692 ne
1311 644 1331 692 si
1344 643 1458 693 homines
1469 644 1565 708 aliquid
1578 645 1726 697 turbulenti
1741 651 1798 699 tan·

1001 740 1051 785 mm
1065 736 1211 798 potestatem
1225 731 1309 795 adepti
1324 732 1436 789 luissent,
1451 746 1552 797 grauem
1566 734 1683 798 aliquam
1697 738 1798 791 cladem

1000 820 1143 885 reipublicae
1163 817 1289 868 ademerat.
1324 822 1407 876 Quum
1426 820 1510 868 autem
1529 819 1602 883 plebs
1623 828 1798 877 senatuscon-

1001 910 1094 961 suttum
1110 906 1182 957 tacite
1197 905 1389 970 comprobasset,
1403 909 1429 956 et
1441 906 1551 957 mxima
1566 909 1649 960 ammi
1663 912 1799 967 alacritate

1001 1000 1053 1051 suis
1070 996 1195 1060 suffragiis
1212 995 1239 1045 id
1262 994 1445 1055 confirmasset,
1465 995 1603 1048 decemviri
1623 998 1695 1052 diem
1715 1005 1798 1055 comi-

1002 1094 1092 1143 tiorum
1111 1086 1255 1137 indixerunt
1275 1102 1281 1134 ι
1300 1082 1484 1151 honoratissimi
1501 1098 1562 1135 vero
1578 1087 1679 1152 quique
1692 1095 1723 1142 et
1735 1098 1797 1145 mnu

1002 1178 1103 1233 maximi
1126 1192 1140 1226 e
1164 1173 1277 1239 patribus
1299 1185 1360 1222 enm
1383 1172 1555 1236 magistratum
1581 1177 1724 1239 petierunt.
1760 1183 1797 1233 lbi

1006 1261 1100 1326 magnis
1124 1262 1240 1314 laudibus
1260 1264 1292 1314 ab
1306 1263 1423 1315 omnibns
1444 1262 1598 1316 efferebatur
1621 1269 1738 1333 Appius,
1754 1272 1800 1337 qui

1007 1352 1067 1400 tnnc
1079 1351 1277 1402 decemvirorum
1291 1352 1405 1417 princeps
1422 1354 1503 1403 tuerat
1518 1357 1563 1404 :et
1578 1357 1636 1406 tota
1655 1357 1727 1421 plebs
1735 1373 1798 1411 eum

1007 1437 1071 1489 ineo
1085 1441 1230 1505 magistratu
1248 1442 1353 1493 retinere
1377 1440 1484 1498 volebat,
1501 1441 1569 1505 quod
1590 1444 1680 1497 nullus
1697 1447 1765 1499 alins
1784 1464 1799 1500 e

1007 1532 1062 1579 toto
1085 1531 1188 1594 collegio
1208 1532 1297 1583 melius
1319 1544 1347 1583 se
1368 1531 1394 1582 in
1409 1544 1440 1582 eo
1455 1533 1581 1597 gessisset.
1616 1535 1664 1586 llte
1683 1540 1798 1601 primum

1007 1617 1123 1670 simulate
1135 1620 1161 1671 ld
1181 1621 1322 1681 recusabat,
1341 1623 1395 1670 eta
1411 1620 1537 1684 negotiosa
1554 1626 1580 1672 et
1596 1622 1725 1677 invidiosa
1746 1631 1795 1680 rei·

1007 1706 1114 1770 publicu
1126 1707 1338 1759 administratione
1361 1721 1389 1758 sc
1401 1706 1501 1758 libcrari
1520 1709 1630 1772 patema.
1667 1715 1717 1765 Sed
1736 1720 1796 1768 tan.

1007 1794 1074 1857 dem,
1091 1811 1170 1860 quum
1188 1796 1298 1846 omnium
1316 1795 1432 1859 precibus
1453 1801 1593 1860 rogaretur,
1617 1801 1672 1863 ipse
1692 1818 1796 1869 qunque

1006 1897 1055 1933 non
1074 1885 1199 1935 dubitavit
1213 1899 1273 1937 eum
1290 1884 1464 1950 magistratum
1485 1890 1585 1950 petere,
1602 1893 1628 1939 ct
1643 1892 1796 1946 criminatus

1006 1975 1199 2037 competitorum
1225 1975 1332 2038 optimos
1349 1988 1471 2038 quosque,
1500 1975 1547 2026 sibi
1568 1991 1621 2041 prae
1635 1979 1733 2033 invidia
1749 1998 1794 2049 pa·

1006 2077 1062 2112 rum
1072 2076 1232 2127 nequoscsse,
1248 2065 1334 2114 amicis
1351 2065 1403 2114 suis
1416 2068 1502 2129 aperte
1519 2066 1588 2117 tacit.
1623 2071 1716 2135 ltaque
1737 2090 1794 2126 rur·

1006 2152 1210 2202 succenturiatis
1228 2152 1336 2203 cornitiis
1354 2153 1481 2219 legislator
1497 2157 1595 2205 creatus
1614 2160 1662 2215 est,
1686 2164 1790 2213 etcum

1005 2252 1036 2289 eo
1047 2240 1077 2297 Q.
1091 2238 1181 2289 Fabius
1197 2239 1350 2302 Vibulanus,
1373 2242 1468 2305 quitor
1481 2240 1635 2291 nnmutntrrm
1653 2253 1785 2309 gesserat,
1808 2296 1814 2307 ,

1006 2327 1120 2377 νίτοιιιιιί
1129 2327 1222 2378 virtute
1240 2328 1362 2390 praeditus
1373 2332 1399 2379 et
1412 2328 1445 2379 ad
1455 2340 1508 2379 anm
1520 2340 1599 2392 unqua
1612 2329 1680 2381 diem
1699 2333 1784 2386 incart-

1006 2421 1094 2482 patus:
1112 2430 1144 2467 cx
1156 2416 1258 2480 reliquis
1272 2430 1329 2467 vero
1349 2417 1470 2483 patriciis,
1484 2428 1547 2481 qnos
1557 2416 1599 2468 illa
1609 2430 1682 2471 caros
1700 2421 1798 2476 habe.

1006 2506 1058 2565 bat,
1077 2509 1114 2556 ar.
1138 2505 1283 2566 cornelius,
1305 2508 1338 2555 ll.
1351 2505 1486 2566 servilius,
1502 2506 1530 2555 L.
1542 2504 1674 2567 θίίαασίυε,
1683 2512 1714 2560 Τ.
1732 2516 1787 2563 An·

1005 2593 1096 2652 tonius,
1106 2597 1134 2643 et
1151 2593 1249 2643 Manius
1271 2591 1415 2655 Rabuleius,
1429 2593 1477 2644 viri
1490 2608 1541 2646 non
1555 2595 1692 2650 admodum
1707 2600 1788 2654 clari:

1005 2695 1035 2732 ex
1049 2681 1152 2747 plebeiis
1173 2696 1232 2733 vem
1248 2686 1280 2741 Q.
1297 2684 1433 2745 vastelius,
1452 2685 1525 2735 cuso
1541 2685 1672 2751 Duellius,
1698 2694 1725 2740 ct
1745 2694 1787 2756 Sp.

1004 2772 1107 2836 Oppius.
1120 2773 1172 2822 llos
1182 2771 1248 2821 enim
1258 2786 1358 2836 qnoque
1372 2772 1467 2837 Appius
1479 2780 1649 2839 assumserat,
1666 2782 1695 2831 ut
1710 2783 1785 2843 majo·

1005 2884 1057 2920 rem
1071 2870 1149 2934 plebis
1161 2871 1265 2934 gratiam
1285 2870 1331 2920 sibi
1344 2870 1494 2933 conciliaret,
1510 2871 1603 2925 docens
1620 2888 1721 2939 anuum
1734 2892 1787 2930 csse

1005 2963 1041 3022 ut,
1053 2975 1129 3022 quum
1142 2965 1203 3010 tunc
1211 2960 1370 3023 magistratus
1380 2963 1488 3021 creetur,
1504 2962 1546 3011 cui
1559 2962 1638 3015 totins
1648 2965 1786 3030 reipublicae

1004 3048 1185 3098 administratio
1200 3048 1379 3107 committatur,
1402 3048 1474 3113 plebs
1499 3049 1578 3099 etiam
1593 3064 1649 3113 eJns
1667 3055 1696 3103 tit
1708 3056 1786 3119 parti·

1004 3152 1073 3201 ceps.
1110 3137 1148 3185 Ob
1176 3138 1229 3187 lraec
1259 3138 1334 3202 igitur
1358 3138 1441 3187 omnia
1473 3136 1602 3201 laudatus,
1639 3141 1787 3210 liabitusqne

1003 3225 1113 3275 orraaium
1130 3239 1215 3289 regum
1229 3231 1252 3276 et
1274 3227 1404 3277 consulum
1419 3229 1542 3291 optimus,
1567 3230 1743 3293 magistratum
1762 3236 1786 3285 in

1003 3315 1142 3377 proximum
1156 3330 1248 3365 annum
1262 3317 1350 3366 iterum
1364 3317 1466 3381 acecpit.
1500 3321 1560 3370 llaec
1583 3320 1625 3371 illo
1649 3336 1726 3385 anno,
1741 3325 1788 3376 de-

1003 3405 1117 3455 cemviris
1139 3407 1318 3470 rempublicam
1337 3407 1541 3470 gubernantibus,
1563 3415 1634 3474 gesta
1659 3418 1724 3471 sunt,
1741 3429 1786 3466 nec

1002 3494 1068 3544 aliud
1082 3495 1219 3560 quidquam
1227 3499 1366 3547 memoratu
1381 3497 1484 3560 dignum
1495 3503 1581 3550 actum
1590 3505 1638 3551 est.

1033 3748 1094 3795 Llll.
1113 3749 1181 3796 anno
1193 3748 1307 3810 sequenti
1320 3749 1470 3809 decemviri,
1484 3753 1615 3802 inlinitum
1627 3759 1693 3819 ltpp.
1709 3757 1786 3807 Clau·

1001 3834 1069 3889 clius,
1082 3835 1184 3897 ejusque
1208 3836 1317 3898 collegae,
1331 3842 1432 3901 accepta
1451 3840 1574 3890 consulari
1591 3846 1725 3905 potestate,
1739 3846 1786 3895 ldi-

1000 3921 1047 3971 bus
1059 3924 1129 3972 llaiis
1144 3924 1251 3987 (incuses
1269 3929 1352 3975 autem
1367 3939 1412 3990 pru
1427 3941 1501 3977 cursu
1522 3929 1602 3979 lunari
1615 3934 1680 3983 tune
1702 3934 1788 3986 obser·

1001 4011 1098 4067 rabant,
1111 4016 1136 4060 et
1151 4013 1313 4075 plenilunium
1330 4014 1354 4062 in
1367 4015 1432 4077 ipsas
1444 4015 1503 4065 ldus
1517 4017 1662 4080 incidebat),
1678 4024 1786 4085 primum

1000 4100 1112 4165 quidem,
1127 4101 1218 4149 iuniore
1240 4102 1391 4152 clandestino
1411 4103 1476 4154 inter
1494 4119 1521 4153 sc.
1540 4105 1617 4156 inscia
1632 4108 1705 4171 plebe
1719 4111 1784 4174 icto,

1000 4188 1157 4251 conjurarunt
1171 4201 1201 4235 ne
1211 4186 1267 4249 quis
1282 4202 1311 4237 ea
1326 4188 1427 4252 collegio
1445 4191 1492 4239 ulta
1517 4191 1542 4239 in
1556 4205 1584 4241 re
1595 4191 1652 4242 aliis
1665 4194 1785 4246 adversa·

999 4280 1076 4335 retur,
1089 4276 1131 4325 sed
1146 4274 1211 4337 quod
1223 4278 1264 4323 uui
1279 4291 1365 4348 eornm
1380 4278 1523 4340 placuisset,
1544 4279 1568 4328 id
1583 4295 1668 4331 omnes
1680 4284 1783 4335 timium

999 4369 1130 4427 ratumque
1144 4364 1275 4418 initiarent,
1297 4370 1322 4412 ct
1344 4367 1473 4429 imperium
1490 4373 1609 4432 pcrpctuo
1625 4371 1781 4434 retinerent,

998 4467 1042 4501 ucc
1060 4453 1134 4500 alium
1158 4453 1297 4515 ‹pureiupiam
1320 4455 1350 4503 ad
1375 4456 1516 4519 reipublicae
1540 4458 1781 4514 administrationem

997 4542 1170 4600 admitterent,
1188 4556 1323 4605 carnalesque
1334 4546 1384 4607 pam
1396 4545 1488 4594 lionorc
1501 4552 1576 4609 atque
1590 4549 1639 4604 part
1652 4555 1782 4612 potestate

996 4633 1076 4678 esseut
1087 4668 1092 4684 ,
1104 4634 1129 4678 ct
1141 4644 1187 4678 non
1197 4631 1242 4679 nisi
1254 4645 1309 4680 raro
1329 4635 1548 4686 senatusconsultis
1561 4674 1566 4695 ,
1579 4645 1624 4688 aut
1633 4639 1779 4701 plebiscitis,

996 4716 1069 4777 idque
1081 4723 1183 4773 umente
1196 4720 1355 4786 necessitate,
1369 4725 1505 4781 atterentur,
1518 4726 1652 4774 rraaximam
1665 4742 1726 4778 sero
1740 4745 1777 4779 rc-

996 4820 1048 4854 rum
1063 4813 1155 4869 punctum
1169 4824 1212 4870 pru
1233 4811 1326 4873 irrrpcrli
1342 4813 1379 4860 sui
1402 4816 1525 4875 potestate
1547 4823 1656 4876 agerent.
1693 4824 1779 4877 Quum

994 4900 1075 4943 atatem
1094 4898 1200 4945 uertisset
1212 4899 1273 4952 dics,
1286 4915 1334 4961 ηιιο
1347 4901 1518 4964 ruminantur
1531 4903 1617 4953 inituri
1629 4912 1708 4962 orarit,
1721 4914 1777 4970 pust

994 4991 1093 5050 peracta
1114 5002 1183 5036 sacra
1197 4991 1313 5039 sulenaiia
1332 4992 1383 5052 (liic
1403 4999 1486 5043 autem
1503 4994 1556 5046 dies
1572 4998 1686 5047 Romanis
1697 4999 1779 5050 tesius

991 5079 1106 5132 sacerque
1116 5081 1162 5131 est,
1172 5083 1195 5124 ct
1209 5085 1321 5130 rriaaima·
1332 5084 1440 5147 religioni
1452 5085 1553 5139 lrabcrit.
1565 5084 1701 5148 quidquam
1708 5082 1737 5153 iu
1745 5098 1776 5132 ιιο

989 5153 1147 5218 injucundum
1161 5170 1204 5215 aaut
1219 5169 1316 5230 accidire,
1335 5175 1379 5220 aaut
1394 5173 1477 5223 viatere
1497 5186 1568 5222 titane
1588 5171 1672 5222 statim
1688 5186 1776 5222 omncs
