3772 5828
261 535 709 665 ΔΙΟΝΥΣΙΟΥ

366 767 620 827 ΑΛΕΞΑΝΔΡΟΥ

197 947 786 1045 ΑΛΙΚΑΡΝΑΣΕΩΣ

208 1149 432 1232 Ροοιλιιιιιο
458 1167 770 1232 aerumnosus

364 1350 468 1396 ΛΟΓΟΣ
488 1349 621 1398 ΟΓΔΟΟΣ.

144 1705 167 1765 l.
183 1704 218 1762 Οί
235 1703 262 1761 δὲ
278 1703 347 1778 μετδι
369 1702 475 1767 τούτους
490 1702 689 1784 ἀποδειχθέντες
702 1703 798 1763 ύπατοι
811 1703 880 1765 κατδι

102 1794 149 1865 τὴν
176 1789 373 1866 ἑύδομηκοστιλν
395 1791 440 1848 καὶ
463 1789 555 1869 τρίτην
579 1792 750 1868 ὀλυμπιάδα,
775 1790 880 1863 καθ’ἥν

104 1882 179 1940 ἐνίκα
195 1879 301 1937 στάδιον
315 1878 435 1944 Ἀστύλος
451 1879 649 1957 Κροτωνιάτης,
661 1878 787 1952 ἄρχοντος
804 1878 882 1951 Ἀθή-

100 1992 176 2047 νησιν
189 1966 329 2046 Ἀγχίσου,
353 1968 431 2033 Γάϊος
447 1966 557 2031 Ἰούλιος
574 1966 680 2033 Ἰούλιος
695 1967 746 2025 κού
761 1971 879 2036 Πόπλιος

60 2081 72 2115 a
102 2058 225 2139 Πινάριος
243 2055 369 2136 Ῥούρος,
387 2057 476 2136 ἄνδρες
488 2055 587 2128 ἥκιστα
601 2059 758 2133 πολεμικοὶ,
776 2058 822 2117 καὶ
837 2057 880 2116 διδ

100 2154 176 2207 τοῦτο
204 2146 321 2224 μάλιστα
338 2149 385 2217 τῆς
400 2148 484 2224 ἀρχῆς
510 2145 608 2217 ταύτης
628 2144 703 2227 παρύι
722 2152 766 2205 τοῦ
793 2147 878 2224 δήμου

100 2235 241 2316 τυχόντες,
259 2237 294 2301 εἰς
317 2233 430 2303 πολλοὺς
456 2235 501 2293 καὶ
529 2234 657 2313 μεγάλους
671 2237 879 2312 ἠναγκάσθησαν

99 2325 230 2393 κινδύνους
245 2329 411 2394 καταστῆναι
425 2324 544 2399 πολέμου
556 2323 766 2403 καταρραγέντος
778 2326 821 2385 ἐπὶ
833 2330 880 2397 τῆς

101 2415 205 2474 ἐκείνων
234 2416 334 2493 ἀρχῆς,
359 2414 392 2470 δι’
417 2402 453 2470 ὧν
475 2410 584 2482 ἡπόλις
608 2410 698 2488 θλίγου
729 2412 836 2483 ἐδέησεν
851 2415 881 2471 ἐκ

58 2525 63 2549 ι
104 2503 208 2580 βάθρων
235 2503 414 2578 ἀναιρεθῆναι.
460 2496 494 2558 Ὁ
515 2496 566 2576 γθιρ
596 2497 714 2577 Μάρκιος
744 2501 842 2567 ἐκεῖνος
866 2507 880 2561 ὁ

105 2588 262 2667 Κοριολάνος
279 2587 355 2658 δτὴν
367 2586 411 2646 ἐπὶ
428 2591 461 2667 τῇ
477 2586 610 2665 τυραννίδι
629 2587 715 2645 αἰτίαν
741 2586 821 2668 σχὼν,
835 2590 880 2649 καί

101 2766 147 2824 καὶ
163 2763 293 2843 τιμωρίαν
308 2762 382 2841 παρὰ
397 2767 449 2822 τῶν
471 2766 572 2844 ἐχθρῶν
590 2762 748 2841 βουλόμενος
769 2763 878 2842 λαθεῖν,

101 2856 135 2912 δι’
151 2845 180 2912 οὐ
197 2852 224 2912 δὲ
240 2853 271 2912 διν
293 2851 360 2924 αὐτη
378 2851 480 2927 γένοιτο
506 2851 604 2930 τρόπου
620 2842 672 2910 καῖ’
685 2853 718 2910 δι’
731 2851 787 2921 οἵας
803 2854 882 2913 δυνά-

102 2968 170 3019 μεως
187 2946 360 3014 ἀνασκοπῶν,
377 2941 440 3017 μίαν
456 2941 562 3020 εὐρισκι
575 2940 722 3018 Ῥωμαίοις
736 2942 795 3002 τότε
811 2943 881 3003 άντί-

102 3036 186 3091 παλον
202 3032 280 3112 ίσχύν
302 3031 350 3102 τὴν
374 3030 572 3100 Οὐολούσκων,
590 3032 613 3089 εἰ
628 3035 702 3111 κοινῇ
717 3030 882 3111 χρησάμενοι

101 3122 193 3203 γνώμη
209 3124 254 3180 καλ
276 3121 399 3201 τυχόντες
414 3117 543 3198 ἡγεμόνος
566 3117 692 3198 ἔμφρονος
712 3118 882 3191 ἐνστήσονται

102 3213 167 3292 πρὸς
189 3210 282 3278 αὐτούς
304 3209 348 3268 τὸν
370 3209 498 3286 πόλεμον.
543 3206 693 3283 Ἐλογίζετο
708 3199 770 3285 οὐν,
786 3210 838 3281 ὥς,
857 3210 881 3268 εἰ

103 3301 201 3359 πείσειε
216 3298 274 3364 τούς
289 3297 471 3364 Οὐολούσκους
490 3294 616 3364 δέξασθαί
630 3318 659 3354 τε
674 3295 755 3355 αὐτὸν
772 3296 818 3357 καί
835 3296 881 3371 riu

102 3385 396 3469 ἡγεμονίαιιὶπιτρέψαι
415 3391 461 3445 τοῦ
475 3384 610 3461 πολέμου,
626 3384 720 3465 ῥηιδίως
739 3385 810 3464 αὐτῷ
825 3386 883 3444 δια-

104 3477 267 3555 πεπράσεται
283 3475 313 3533 τδ
328 3472 411 3552 ἔργον.
455 3472 601 3552 Ἐτάραττε
623 3472 651 3531 δὲ
668 3472 746 3532 αὐτὸν
761 3477 778 3544 ἡ
795 3473 882 3532 συνεί-

104 3565 196 3633 δησις,
223 3562 264 3619 ότι
282 3562 395 3619 πλεῖστα
414 3559 483 3620 κατά
507 3559 554 3628 τὰς
577 3559 665 3640 μάχας
689 3560 760 3619 δεινθ
786 3562 881 3641 δεδρα-

104 3650 156 3715 κὼς
180 3642 211 3722 ἦν
228 3647 320 3715 αὐτούς
340 3648 385 3708 καί
404 3647 493 3714 πόλεις
514 3648 684 3727 συμμαχίδας
703 3648 880 3727 ἀφῃρημένος.

103 3741 144 3799 Οὐ
162 3736 213 3813 μὴν
235 3736 337 3809 ἀπέστη
360 3759 391 3816 γε
411 3741 459 3810 τῆς
479 3733 571 3816 πείρας
588 3736 630 3796 διὰ
645 3735 676 3795 τδ
695 3740 740 3795 τοῦ
762 3737 880 3798 κινδύνου

49 3868 75 3900 2,
103 3829 225 3906 μέγεθος,
240 3826 299 3885 ἀλλ’
313 3827 349 3893 είς
364 3822 431 3885 αὐτὰ
449 3821 483 3883 τά
497 3823 569 3883 δεινὰ
580 3833 675 3903 χωρεῖν
691 3822 879 3905 ὐδουλεύσατο,

103 3927 148 3984 καὶ
161 3924 275 4003 πάσχειν
291 3925 336 3982 ὐπ’
354 3924 441 3981 αὐτῶν
463 3923 559 3981 θτιούν.
603 3919 729 3990 dolata<
751 3918 778 3980 δὲ
799 3921 881 3983 νύκτα

103 4013 148 4072 καλ
164 4012 263 4082 ταύτην
279 4011 404 4071 σκοταίαν
421 4001 485 4083 ἧκεν
500 4011 536 4077 εἰς
547 4006 668 4081 Ἄντιον,
689 4009 737 4081 τὴν
753 4010 880 4090 έπιρανε-

103 4102 202 4172 στάτην
218 4104 269 4158 τῶν
280 4103 307 4160 ἐν
322 4097 499 4166 Οὐολούσκοις
511 4097 631 4169 πόλεων,
642 4098 720 4171 ἡνίκα
736 4100 798 4177 περὶ
811 4101 882 4160 δεῖπ-

102 4215 144 4250 νον
160 4182 228 4264 ἦσαν
240 4191 265 4248 ol
284 4188 354 4248 κατὰ
367 4188 417 4261 τὴν
427 4189 513 4248 πόλιν·
529 4189 575 4247 καὶ
591 4186 729 4271 παρελθὼν
745 4191 781 4256 εἰς
797 4189 881 4249 οἰκίαν

47 4312 59 4349 3
103 4283 195 4360 ἀνδρὸς
212 4282 325 4338 δυνατοῦ
339 4279 372 4338 δι’
390 4276 520 4356 εὐγένειάν
535 4300 564 4337 τε
581 4279 624 4336 καὶ
642 4279 757 4335 πλοῦτον
772 4278 820 4337 καὶ
835 4278 882 4345 τὰς

102 4372 128 4427 ἐν
142 4380 196 4436 τοῖς
208 4366 334 4445 πολέμοις
348 4367 453 4448 πράξεις
467 4367 537 4446 μέγα
551 4367 590 4446 ἐρ’
609 4369 696 4446 ἑαυτῷ
711 4372 878 4447 φρονοῦντος,

102 4457 147 4514 καὶ
168 4455 200 4515 τύ
223 4455 294 4523 ἔθνος
308 4454 368 4515 ὅλον
392 4455 499 4532 ἄγοντος
515 4458 550 4522 ὡς
568 4453 604 4513 τδι
618 4453 723 4529 πολλδι,
740 4444 762 4534 ᾧ
781 4454 882 4523 Τύλλος

102 4547 206 4611 Ἄττιος
220 4544 304 4621 ὄνομα
320 4534 369 4622 ἦν,
381 4544 469 4616 ίκέτης
483 4547 529 4602 τοῦ
547 4543 638 4622 ἀνδρὸς
655 4541 757 4620 γίνεται
774 4542 882 4612 καθεζό·

104 4654 180 4708 μενος
194 4631 237 4691 tut
258 4638 305 4704 τῆς
321 4631 423 4700 ἑστίας.
468 4630 670 4710 Διηγησάμενος
685 4629 713 4690 δὲ
741 4630 814 4713 αὐτῷ
832 4631 881 4698 τδς

47 4756 74 4791 -5
103 4720 289 4797 κατασχούσας
313 4722 391 4779 αὐτὸν
410 4719 543 4799 ἀνάγκας,
564 4719 597 4777 δι’
614 4716 645 4785 θς
667 4715 810 4795 ὐπέμεινεν
837 4721 882 4780 tut

102 4806 163 4874 τούς
176 4804 283 4888 ἐχθρούς
297 4817 476 4888 καταφυγεῖν,
495 4807 590 4889 μέτρια
605 4804 679 4878 ἠξίου
691 4811 823 4889 φρονῆσαι
835 4808 882 4868 καί

103 4895 257 4976 ἀνθρώπινα
272 4894 333 4973 περὶ
354 4896 445 4978 ἀνδρὸς
459 4896 567 4971 ἱκέτου,
584 4897 629 4955 καὶ
644 4896 741 4972 μηκέτι
753 4897 882 4974 πολέμιον

103 4991 227 5066 ἡγεῖσθαι
241 4983 284 5042 τὸν
297 4986 454 5065 ὐποχείριον,
459 4986 521 5062 μηδ’
537 4987 573 5053 τίς
584 4982 644 5051 τούς
658 4985 822 5063 ἇτυχοῦντας
835 4982 881 5043 καί

105 5070 345 5151 τεταπεινωμένους
363 5072 565 5134 ἀποδείκνυσθαι
580 5070 629 5145 τὴν
646 5074 741 5152 ίσχθν,
756 5070 882 5149 ένθυμού·

50 5174 79 5212 40
107 5187 183 5242 μενον
197 5167 235 5227 ὡς
255 5164 285 5225 οὐ
299 5161 421 5239 μένουσιν
437 5160 482 5222 rat
502 5170 555 5242 τοῖς
574 5164 661 5229 αὐτοῖς
676 5160 832 5243 πράγμασιν
846 5164 883 5241 ,αἱ

871 5272 932 5335 tlt

1189 776 1411 840 ALEXANDRI
1432 781 1466 841 F.

959 951 1714 1068 {tuttenttttnssttttsts

1009 1159 1289 1232 aournunnuu
1315 1161 1644 1248 lurreuuuruu

1191 1346 1284 1396 LIBER
1300 1347 1453 1397 OCTAVUS.

966 1698 1173 1762 sequentianno,
1194 1700 1340 1764 Olympiade
1358 1715 1444 1763 curru,
1460 1717 1509 1766 qua
1526 1705 1585 1755 uicit
1597 1705 1621 1754 in
1635 1706 1716 1757 stadio

936 1811 1036 1874 Astylus
1058 1811 1232 1872 Crotoniates,
1248 1813 1365 1863 archonte
1381 1814 1483 1864 Athenis
1504 1817 1618 1879 Anchise,
1639 1820 1716 1869 creati

938 1923 1092 1975 consulesc.
1109 1925 1264 1977 luliuslulus
1275 1929 1301 1977 et
1318 1928 1346 1975 P.
1364 1925 1478 1975 Pinarius
1496 1929 1588 1988 liuius,
1605 1929 1652 1978 riri
1668 1931 1714 1979 mi-

941 2037 1006 2087 nime
1019 2036 1141 2100 bellicosi,
1163 2041 1190 2088 et
1207 2038 1240 2087 ob
1253 2039 1300 2089 boe
1318 2038 1402 2101 ipsum
1416 2037 1572 2101 potissimum
1594 2041 1716 2103 apopulo

940 2149 1032 2208 creati,
1056 2151 1136 2200 multa
1149 2153 1176 2200 et
1197 2163 1285 2214 magna
1304 2149 1415 2214 pericula
1439 2149 1519 2200 macti
1541 2157 1598 2200 sunt
1614 2151 1714 2211 subire,

938 2262 1004 2314 bello
1019 2263 1078 2327 ipsis
1093 2262 1247 2314 consulatum
1269 2263 1411 2325 gerentibus
1433 2267 1533 2328 repente
1548 2268 1650 2326 exorto,
1665 2281 1715 2329 quo

937 2389 1024 2441 parum
1047 2374 1127 2426 abfuit
1140 2374 1200 2438 quin
1220 2376 1280 2425 urbs
1313 2372 1426 2423 funditus
1453 2376 1617 2426 everteretur.
1652 2379 1715 2427 Nam

936 2485 1044 2536 Marcius
1065 2486 1106 2536 ille
1121 2485 1281 2546 Coriolanus,
1298 2484 1341 2549 qui
1362 2483 1394 2534 ob
1409 2484 1574 2548 suspicionem
1591 2487 1716 2538 affectatae

938 2596 1074 2660 tyrannidis
1098 2598 1264 2647 accusatuset
1281 2596 1469 2659 inperpetuum
1490 2595 1605 2645 exsilium
1628 2597 1717 2660 pulsus

938 2708 1033 2769 lucrat,
1048 2707 1112 2758 hane
1126 2708 1249 2758 sedunam
1261 2721 1327 2770 agre
1343 2707 1424 2757 terens
1437 2720 1575 2772 poenasque
1591 2707 1622 2759 de
1633 2707 1714 2760 inimi·

938 2817 973 2867 eis
983 2832 1082 2869 sumere
1100 2818 1217 2882 cupiens,
1231 2822 1257 2870 et
1271 2833 1379 2883 quonam
1395 2820 1471 2872 modo
1483 2821 1605 2885 quibusve
1620 2822 1716 2875 tinibus

938 2931 963 2982 id
975 2935 1058 2996 posset
1069 2931 1123 2982 steri
1136 2931 1309 2993 considerans,
1328 2946 1406 2984 unam
1420 2934 1566 2985 uobcorum
1581 2937 1715 3000 potentiam

938 3043 1055 3094 Romanis
1066 3046 1126 3094 tunc
1136 3057 1220 3108 parem
1233 3042 1384 3108 reperiebat,
1401 3044 1464 3096 side
1482 3046 1605 3094 eonmmni
1615 3049 1714 3097 senten·

940 3156 974 3207 tia
988 3159 1014 3208 et
1032 3156 1178 3221 prudentem
1200 3155 1291 3207 ducem
1310 3157 1377 3207 nacti
1394 3156 1485 3207 bellum
1507 3157 1566 3220 ipsis
1588 3157 1713 3209 inferrent.

940 3263 1069 3328 cogitabat
1084 3262 1166 3325 igitur,
1186 3262 1207 3313 si
1228 3263 1325 3312 i'olseis
1346 3261 1496 3326 persuadere
1518 3265 1614 3325 posset,
1641 3266 1669 3314 ut
1689 3279 1716 3314 se

940 3368 1080 3431 reciperent
1093 3367 1188 3431 sibique
1198 3366 1255 3416 belli
1267 3379 1389 3416 summam
1406 3367 1594 3430 permitterent,
1608 3369 1678 3419 tacite
1689 3383 1716 3420 se
1761 3335 1764 3342 Ι

939 3488 992 3525 rem
1009 3474 1187 3524 coniecturum.
1220 3473 1338 3523 Terrebat
1361 3476 1444 3523 autem
1470 3474 1625 3534 conscientia,
1649 3478 1715 3539 quod

939 3575 1014 3625 toties
1023 3574 1048 3623 in
1057 3574 1156 3637 proeliis
1168 3586 1257 3638 graues
1272 3573 1355 3623 clades
1369 3573 1417 3624 illis
1433 3573 1572 3635 attulisset,
1593 3576 1717 3641 urbesque

939 3681 1020 3731 socias
1030 3680 1173 3731 ademisset.
1206 3683 1294 3743 Neque
1306 3682 1388 3730 tamen
1403 3680 1434 3729 ab
1450 3680 1497 3730 lroe
1509 3685 1601 3732 conatu
1614 3684 1717 3748 periculi

939 3786 1106 3853 magnitudine
1117 3787 1220 3838 territus
1234 3784 1344 3848 destitit,
1357 3786 1435 3836 sedin
1447 3785 1500 3851 ipsa
1514 3787 1622 3850 pericula
1636 3803 1715 3851 ruere,

938 3900 964 3948 et
982 3895 1083 3962 quidvis
1106 3896 1137 3948 ab
1160 3896 1209 3948 illis
1231 3893 1327 3960 perpeti
1351 3893 1444 3945 statuit.
1479 3897 1567 3959 ltaque
1587 3895 1718 3948 observata

939 4006 1024 4067 noete,
1051 4016 1129 4068 eaque
1157 4002 1271 4061 obscura,
1294 3999 1361 4051 venit
1395 3999 1514 4060 Antium,
1541 4000 1717 4053 nobilissimam

938 4109 1082 4160 volscorum
1103 4108 1202 4169 urbem,
1224 4119 1275 4171 quo
1294 4109 1404 4170 tempore
1432 4105 1500 4155 urbis
1522 4106 1609 4157 incola
1622 4121 1716 4165 crepam

938 4216 1071 4269 sumebant
1093 4232 1099 4265 ι
1119 4214 1294 4278 ingressusque
1317 4213 1341 4264 in
1362 4212 1430 4264 aedes
1446 4211 1493 4262 riri
1512 4214 1537 4263 et
1551 4213 1679 4265 nobilitate
1692 4219 1719 4265 et

938 4322 1025 4386 opibus
1036 4321 1155 4385 potentis,
1169 4322 1194 4369 et
1206 4320 1240 4368 ob
1252 4333 1292 4369 res
1307 4318 1409 4369 bellicas
1431 4317 1560 4380 magnifiee
1577 4320 1608 4369 de
1624 4334 1650 4370 se
1663 4334 1717 4370 sen-

938 4428 1035 4489 tientis,
1055 4432 1080 4479 et
1102 4441 1207 4478 summae
1228 4426 1252 4475 in
1267 4439 1297 4477 ea
1318 4429 1390 4490 gente
1406 4425 1574 4487 auctoritatis,
1589 4426 1629 4475 cui
1649 4427 1718 4477 Attio

937 4534 1009 4586 lullo
1033 4547 1122 4585 nomen
1136 4536 1204 4590 erat,
1218 4532 1249 4582 ad
1265 4544 1346 4596 genua
1365 4530 1442 4593 ipsius
1457 4529 1489 4580 ad
1510 4530 1594 4579 locum
1614 4532 1717 4595 supplex

938 4640 1037 4692 accidit.
1071 4643 1136 4691 Cum
1152 4642 1236 4690 autem
1250 4638 1272 4688 ei
1287 4637 1445 4687 necessitates
1460 4638 1598 4695 narrasset,
1611 4636 1643 4684 ad
1655 4651 1717 4696 quas

938 4747 1052 4798 redactus
1063 4748 1133 4807 erat,
1152 4748 1178 4795 et
1191 4744 1281 4808 quibus
1294 4744 1417 4807 impulsus
1432 4743 1463 4792 ad
1478 4742 1563 4791 hostes
1585 4742 1715 4800 confugere

938 4867 987 4904 nou
1002 4853 1140 4912 dubitarat,
1154 4851 1255 4912 orabat,
1270 4849 1437 4899 atmoderate
1455 4850 1481 4897 et
1495 4846 1600 4895 humane
1612 4842 1644 4891 tle
1655 4856 1715 4908 sup·

938 4961 1002 5027 plica
1017 4959 1138 5021 sentiret,
1151 4972 1213 5009 neue
1229 4958 1328 5008 hostem
1346 4954 1449 5003 duceret
1468 4964 1534 5011 eum,
1548 4961 1622 5012 quem
1633 4948 1658 4998 in
1671 4965 1715 5001 sua

937 5069 1062 5133 potestate
1073 5066 1195 5125 haberet,
1211 5078 1273 5117 nere
1291 5058 1484 5113 incalamitosos
1503 5059 1529 5107 et
1539 5055 1645 5107 albietos
1657 5071 1716 5107 sues

940 5170 1006 5223 sires
1016 5174 1157 5234 exsereret,
1172 5170 1289 5222 humana
1303 5166 1409 5218 tortunoe
1431 5160 1616 5213 vicissitudines
1636 5165 1663 5212 ct
1677 5163 1713 5211 in·
