3772 5828
172 374 229 445 232

173 499 256 566 τόνους
268 488 318 574 ήγε
329 493 377 566 τήν
388 484 509 571 δύναμιν,
526 491 551 552 οἳ
564 490 641 550 πόλιν
657 487 704 565 μέν
719 487 839 548 Σύεσσαν
851 484 948 568 ᾤκουν,

173 584 403 663 εὐδαιμονέστατοι
417 581 442 641 δ’
465 580 567 642 ἐδόκουν
581 577 703 639 ἁπάντων
719 567 786 635 εἶναι
808 578 860 633 τῶν
874 575 950 646 πλη-

173 676 320 756 σιοχώρων,
336 673 382 731 καί
395 671 437 732 dcl
448 669 495 742 τήν
514 667 614 739 πολλήν
626 665 751 745 εὐτυχίαν
767 663 851 723 ἀποισι
864 665 950 735 λυπη-

174 766 213 846 ροὶ
240 764 286 823 καὶ
303 765 407 842 βαρεῖς,
424 760 542 834 ἐγκαλῶν
566 758 652 820 αὐτοῖς
673 753 795 835 ἁρπαγάς
814 774 885 817 τινας
905 750 950 810 καί

133 877 146 916 t
172 852 305 934 λῃστείας,
318 848 382 927 ὑπέρ
399 839 435 907 ῶν
455 843 603 921 αἰτούμενοι
625 843 699 907 δίκας
717 841 835 906 αὐθάδεις
849 837 950 897 ἐδωκαν

174 940 338 1022 ἀποκρίσεις·
351 940 375 995 οἱ
388 938 411 994 δ’
427 927 495 1007 ἦσαν
512 933 611 1010 ἕτοιμοι
626 929 832 1010 προσδεχόμενοι
843 925 888 985 τόν
900 928 948 987 πό-

173 1037 252 1109 λεμον
271 1030 355 1089 καὶέν
369 1034 423 1093 τοῖς
440 1026 539 1090 ὅπλοις.
583 1021 709 1100 Συνάψας
725 1020 747 1076 δ’
762 1019 848 1084 αὐτοῖς
859 1017 949 1097 μάχην

172 1121 231 1198 περί
244 1120 278 1179 τδι
293 1118 414 1195 μεθόρια,
429 1114 476 1174 καί
497 1113 609 1181 πολλοὺς
634 1112 681 1190 μέν
702 1108 870 1181 ἀποκτείνας,
892 1108 950 1175 τοὺς

174 1209 201 1270 δὲ
213 1206 319 1274 λοιποὺς
331 1208 493 1286 τρεψάμενος
506 1203 552 1262 καί
568 1201 744 1268 κατακλείσας
757 1202 792 1266 είς
804 1198 833 1257 τὸ
847 1199 955 1278 τεῖχος,

121 1311 147 1352 ¹⁰
172 1302 207 1367 ύες
222 1298 309 1358 οὐκέτι
334 1296 467 1373 προήεσαν
483 1296 514 1353 ἐκ
531 1297 577 1363 τῆς
591 1292 712 1364 πολεως,
729 1310 950 1371 παραστρατοπε-

173 1389 266 1453 δεύσας
286 1387 372 1452 αὖτοῖς
390 1382 554 1463 ἀπετάρρευέ
576 1382 664 1441 τεκαὶ
687 1380 880 1460 περιεχαράκου
903 1377 950 1436 καί

173 1476 321 1558 προσόολάς
334 1478 447 1534 ἐποιεῖτο
456 1476 510 1539 τοῖς
517 1473 618 1552 τείχεσι
630 1471 757 1552 συνεχεῖς.
800 1470 864 1530 οίδ“
876 1467 948 1527 ἔνδον

172 1568 237 1635 τέως
247 1565 293 1643 μὲν
304 1564 475 1644 ἀπεμάχοντο
487 1562 532 1620 καὶ
543 1560 625 1620 πολὺν
637 1559 805 1638 ἀντέσχοντῆ
816 1562 952 1618 ταλαιπω·

175 1657 218 1740 ρία
240 1656 352 1736 χρόνον·
378 1655 413 1718 ὡς
437 1652 461 1710 δ’
486 1650 627 1710 θπίλειπεν
648 1647 743 1717 αὐτούς
772 1648 949 1723 τάπιτήδεια,

123 1772 148 1812 rs
174 1747 367 1817 ἐξασθενοῦντες
380 1739 414 1800 τά
429 1737 541 1817 σώματα
565 1737 612 1799 καί
629 1735 684 1798 οὔτ’
704 1735 853 1818 ἐπικουρίαν
875 1739 951 1797 οὐδε·

177 1836 238 1914 μίαν
262 1829 466 1913 προσλαόόντες,
482 1827 536 1887 οὔτ’
564 1826 736 1894 ἀναπαύσεως
761 1826 950 1907 τυγχάνοντες,

176 1921 305 1983 ἀλλὰκαὶ
321 1919 380 1998 μεθ’
395 1919 497 1998 ήιιίραν
522 1915 567 1977 καί
592 1915 695 1994 νύκτωρ
721 1915 795 1975 αὐτοὶ
817 1917 952 1974 ταλαιπω·

177 2021 288 2095 ροῧντες,
305 2010 459 2069 ἁλίσκονται
474 2004 544 2066 κατδι
559 2007 661 2087 κράτος.
708 2005 851 2076 Γενόμενος
866 2006 892 2066 δέ
907 2009 953 2077 τῆς

176 2103 279 2168 πόλεως
294 2098 433 2178 ἐγκρατής,
451 2096 512 2163 τοὺς
528 2093 576 2172 μέν
592 2099 618 2156 ἐν
632 2103 686 2162 τοῖς
703 2093 793 2160 ὅπλοις
809 2092 952 2173 διέφθειρε,

123 2207 151 2250 20
178 2191 303 2269 γυναῖκας
323 2191 346 2246 δ’
369 2189 454 2246 αὐτῶν
469 2183 514 2245 καί
527 2184 605 2242 τέκνα
623 2182 745 2249 καὶτοὺς
763 2181 954 2259 ὑπομείναντας

178 2278 365 2358 αἰχμαλώτους
374 2276 495 2354 γενέσθαι
505 2272 550 2332 καί
561 2272 592 2331 τδ
608 2275 659 2330 τῶν
674 2270 841 2353 θεραπόντων
855 2272 954 2344 πλῆθος

176 2371 230 2428 οὐδ’
247 2371 422 2445 ἀριθμηθῆναι
441 2365 528 2447 ῥᾴδιον
543 2371 597 2430 τοῖς
617 2363 790 2440 στρατιώταις
812 2360 953 2442 ἐπέτρεψεν

177 2456 335 2531 ἀπάγεσθαι,
343 2453 390 2523 τήν
403 2456 427 2512 τ’
443 2453 529 2523 ἀλλην
537 2455 632 2522 κτῆσιν
649 2453 696 2521 τῆς
709 2449 809 2517 πολεως
821 2448 894 2527 άγειν
906 2451 952 2510 καί

177 2544 273 2625 ρίρειν,
288 2542 313 2601 εί
325 2566 363 2609 τις
377 2540 518 2622 ἐπιτύχοι,
532 2540 581 2611 τήν
594 2537 619 2599 τ’
635 2539 707 2606 ἐντὸς
721 2539 824 2618 τείχους
841 2538 887 2597 καί
903 2537 952 2610 τήν

122 2665 148 2703 ος
176 2633 221 2694 ε’πλ
246 2638 297 2694 τῶν
318 2635 404 2712 ἀγρῶν
423 2633 518 2712 ἐρῆκεν
530 2653 538 2669 ·
552 2629 663 2708 ἀργυρον
679 2627 706 2686 δέ
720 2629 765 2687 καί
776 2627 874 2708 χρυσόν
894 2626 953 2692 ὅσας

176 2725 273 2802 εὑρέθη
289 2719 445 2799 συναγαγὼν
468 2722 504 2786 είς
528 2717 555 2778 ἓν
569 2718 681 2798 χωρίον,
700 2717 747 2775 καὶ
766 2718 814 2788 τήν
841 2716 953 2787 δεκάτην

177 2810 325 2881 ἐξελόαενος
340 2812 375 2878 είς
389 2808 555 2879 κατασκευήν
571 2812 660 2885 ἱεροῦ,
676 2805 709 2870 τά
731 2805 811 2864 λοιπὰ
825 2806 952 2884 χρήματα

177 2905 229 2965 τοῖς
236 2897 409 2977 στρατιώταις
421 2897 526 2957 διεῖλεν.
566 2894 646 2955 Οὕτω
661 2893 744 2972 δ’άρα
755 2893 835 2958 πολύς
848 2895 862 2950 θ
874 2914 955 2951 κατα-

178 2986 283 3066 ληφθείς
297 2985 409 3067 ἄργυρός
432 3008 461 3043 τε
487 2983 533 3043 καλ
553 2982 650 3064 χρυσὸς
671 2973 720 3056 ήν,
738 2978 806 3038 ὥστε
828 2984 880 3038 τῶν
906 2980 955 3057 μέν

124 3101 152 3141 no
179 3078 347 3155 στρατιωτῶν
363 3073 474 3133 ἕκαστον
488 3069 566 3130 πέντε
573 3077 649 3144 μινᾶς
659 3069 781 3149 ἀργυρίου
802 3068 906 3145 λαόιῐν,
924 3075 956 3127 τὸ

180 3164 207 3224 δὲ
233 3172 285 3231 τοῖς
318 3169 384 3229 θεοῖς
406 3160 557 3220 δεκατευθὲν
581 3157 702 3239 ἀργύριον
724 3157 900 3236 τετρακοσίων
926 3159 955 3217 οὗ

180 3260 252 3329 μεῖον
266 3252 386 3330 γενέσθαι
400 3249 546 3308 ταλάντων.

220 3342 266 3401 Li.
288 3338 352 3400 Ἔτι
375 3340 398 3397 δ’
421 3339 449 3397 ἐν
475 3343 508 3417 τῇ
532 3337 636 3414 Συέσσῃ
664 3334 842 3416 διατρίόοντος
868 3336 957 3409 αὐτοῦ,

181 3433 267 3508 παρῆν
279 3451 318 3494 τις
332 3425 481 3506 ἀγγέλλων,
495 3423 535 3484 ότι
551 3423 672 3484 Σαόίνων
687 3428 704 3496 ή
720 3422 852 3502 κρατίστη
867 3423 958 3496 νεότης

127 3543 154 3584 ns
180 3516 317 3588 ἐξελήλυθε
340 3515 386 3574 καί
409 3514 467 3574 δυσὶ
490 3515 615 3592 μεγάλοις
636 3512 829 3594 στρατεύμασιν
853 3512 889 3578 είς
911 3511 959 3582 τήν

181 3604 324 3682 Ῥωμαίων
348 3603 501 3682 ἐμόαλοῦσα
527 3604 651 3673 λεηλατεῖ
667 3599 726 3668 τοὺς
743 3598 849 3682 ἀγρούς,
871 3603 888 3672 ἡ
911 3598 959 3677 μέν

184 3685 298 3773 Ἠρήτου
328 3693 439 3765 πλησίον
462 3692 557 3768 θεμένη
584 3692 628 3750 τὀν
652 3692 770 3769 χάρακα,
803 3693 820 3761 ἡ
847 3689 875 3749 δέ
899 3690 960 3771 περὶ

183 3783 318 3855 Φιδήνην·
335 3787 380 3842 καί
388 3784 410 3840 εί
420 3780 458 3859 μή
469 3805 507 3848 τις
518 3782 606 3845 αὐτοῖς
616 3780 726 3856 δύναμις
740 3778 960 3850 ἐναντιωθήσεται

183 3871 268 3929 πάντα
293 3871 430 3952 οἰχήσεται
449 3875 536 3930 τάκεῖ.
580 3869 631 3935 Ὡς
647 3869 674 3927 δέ
701 3871 778 3926 ταῦτ’
794 3867 917 3944 ἤκουσεν,
933 3870 960 3927 ἐν

35 4044 38 4053 Ι
129 3988 157 4028 lo
184 3959 230 4036 μὲν
261 3965 295 4038 τῇ
315 3960 421 4039 Συέσσῃ
456 3958 542 4038 βραχύ
573 3981 598 4016 τι
625 3955 781 4017 καταλείπει
807 3955 885 4034 μέρος
913 3961 960 4028 τῆς

184 4055 320 4124 στρατιᾶς,
339 4048 372 4105 τά
387 4071 415 4105 τε
429 4048 534 4128 λάρυρα
557 4047 602 4106 καὶ
615 4045 664 4120 τῆν
689 4046 838 4116 ἀποσκευήν
859 4046 962 4126 ρυλάτ-

184 4160 236 4195 τειν
269 4137 548 4214 παρακελευσάμενος·
581 4137 629 4208 τήν
668 4134 691 4194 δ’
731 4133 816 4205 ἀλλην
851 4133 961 4210 δύναμιν

185 4221 294 4290 εὔζωνον
309 4222 449 4282 ἀναλαόὼν
464 4217 527 4305 ῆγεν
550 4224 594 4283 ἐπί
616 4221 675 4289 τοὺς
693 4223 758 4303 πρός
781 4221 889 4303 Ἠρήτῳ
914 4246 962 4281 κα-

185 4312 481 4392 τεστρατοπεδευκότας,
495 4317 541 4375 καὶ
561 4316 660 4373 τίθεται
674 4315 719 4373 τὀν
737 4313 845 4393 χάρακα
861 4311 961 4390 μετέω-

131 4423 157 4460 tn
187 4426 241 4482 ρον,
256 4401 342 4478 ὀλίγον
357 4401 387 4459 τὸ
402 4403 499 4476 μεταξὺ
514 4402 611 4482 χοιρίον
631 4401 798 4462 καταλιπών.
841 4400 924 4470 Δόξαν
935 4425 962 4460 τε

186 4497 239 4554 ταῖς
252 4488 363 4564 ἡγεμόσι
378 4493 429 4547 τῶν
449 4489 571 4548 Σαθίνων
589 4489 678 4570 μάχην
694 4491 772 4549 ἕωθεν
786 4489 902 4549 τίθεσθαι
916 4513 964 4567 με·

186 4577 404 4656 ταπεμψαμένοις
415 4577 445 4636 τό
458 4581 483 4636 έν
502 4579 610 4658 Φιδήνη
627 4579 792 4660 στράτευμα,
809 4576 900 4656 μαθὼν
917 4579 963 4649 τήν

189 4666 303 4725 διάνοιαν
325 4667 439 4725 αὐτῶνθ
461 4666 627 4745 Ταρκύνιος·
640 4670 711 4726 ἑάλω
727 4668 779 4745 γάρ
794 4671 808 4726 θ
823 4667 856 4727 τδι
876 4667 963 4748 γράμ-

189 4779 261 4831 ματα
281 4757 394 4832 κομίζων
410 4754 484 4837 παρά
496 4759 548 4814 τῶν
561 4757 667 4816 αὐτόθεν
681 4756 817 4833 ἡγεμόνων
829 4755 895 4837 πρός
905 4755 964 4823 τούς

134 4861 161 4900 ιιι
189 4843 259 4900 ἐκεῖ·
282 4846 360 4926 σορία
383 4845 446 4925 πρὸς
472 4843 502 4902 τό
522 4842 627 4919 συμόάν
650 4842 704 4902 ἀπὸ
724 4844 807 4922 τύχης
832 4843 965 4924 ἐχρήσατο

188 4934 286 5008 τοιήδε.
331 4935 432 5011 Νείμας
452 4932 499 5003 τήν
521 4930 631 5009 δύναμιν
647 4935 720 5012 διχῇ,
734 4933 781 5004 τήν
800 4930 848 5009 μέν
873 4931 965 5012 ίτίραν

190 5015 240 5073 ὑπὸ
261 5019 343 5078 νύκτα
366 5025 468 5100 πέμπει
490 5020 577 5082 λαθὼν
607 5021 665 5088 τοὺς
690 5019 831 5098 πολεμίους
851 5023 895 5083 ἐπὶ
917 5020 965 5093 τήν

190 5104 318 5186 φέρουσαν
334 5110 386 5165 ἀπὸ
401 5112 521 5184 Φιδήνης
535 5111 606 5190 θδόν,
629 5109 677 5182 τήν
699 5112 722 5169 δ’
745 5110 835 5189 ἑτέραν
857 5109 915 5187 ἅμα
929 5113 966 5190 τῷ

190 5193 317 5273 λαμπρὰν
339 5195 441 5274 ἡμέραν
464 5199 583 5275 γενέσθαι
596 5198 724 5267 συντάξας
738 5202 853 5279 προῆγεν
875 5201 906 5257 ἐκ
920 5203 966 5258 τοῦ

696 363 864 425 ΒΙΟΝΥΒΙΙ
889 356 1267 422 HALICARNASSENSIS

1005 492 1083 543 cilum
1092 491 1164 542 duxit
1178 490 1203 540 in
1216 486 1387 549 Pomentiuos,
1399 484 1443 550 qui
1458 483 1545 535 urbem
1561 485 1678 535 Suessam
1691 481 1785 534 incolc-

1004 588 1073 651 bant,
1099 589 1258 649 omniumque
1276 583 1414 635 vicinorum
1428 583 1575 649 populorum
1596 581 1784 641 tlorsntissimi,

1004 691 1030 738 et
1040 687 1072 737 ob
1081 686 1182 736 nimiam
1197 683 1338 735 tolioitntem
1346 681 1463 733 omuibus
1471 682 1569 734 molesti
1583 687 1609 733 et
1619 696 1705 748 graves
1720 684 1785 734 exis·

1004 784 1163 836 tlmabnntur.
1196 781 1257 832 tlelli
1280 792 1368 830 crussa
1389 779 1438 831 luit
1457 780 1539 846 quod,
1560 795 1618 831 cum
1640 781 1672 832 de
1695 795 1785 833 eornm

1006 882 1098 948 rapinis
1110 885 1135 932 et
1150 878 1285 931 latrociniis
1293 877 1445 943 quibusdam
1459 880 1623 942 quereretur,
1635 879 1723 944 legatis
1743 895 1786 931 res

1004 979 1174 1045 repetentibus
1185 981 1211 1029 et
1224 989 1310 1042 poeuas
1321 974 1508 1041 reposcentibus
1528 974 1633 1041 superbe
1647 973 1786 1040 responde·

1005 1081 1060 1129 rant
1071 1100 1077 1140 ;
1090 1081 1117 1128 et
1127 1078 1176 1128 iarn
1197 1075 1220 1125 in
1238 1074 1313 1126 nrmis
1329 1077 1410 1135 erant,
1430 1073 1524 1124 bellurn
1540 1077 1717 1138 exspectantes
1731 1073 1788 1124 bos·

1004 1181 1105 1242 temque
1120 1175 1232 1239 excipere
1253 1175 1341 1240 parati.
1374 1172 1463 1224 Proelio
1478 1177 1563 1225 nutem
1583 1173 1609 1222 in
1627 1174 1678 1238 egri
1697 1172 1789 1224 duibus

1004 1287 1061 1325 curn
1077 1272 1126 1322 illia
1136 1271 1277 1330 commisso,
1290 1273 1317 1321 ct
1339 1270 1423 1320 multis
1437 1269 1510 1321 cassis
1524 1268 1676 1333 reliquisque
1687 1269 1787 1334 togatis,

1004 1374 1031 1423 et
1050 1370 1115 1420 intra
1126 1382 1210 1420 muros
1231 1367 1381 1434 compulsis,
1398 1382 1456 1420 cnm
1480 1382 1512 1419 ex
1531 1367 1592 1419 urbe
1610 1368 1717 1430 emptius
1739 1381 1788 1418 non

1005 1469 1139 1535 prodirent,
1153 1466 1241 1518 rostris
1254 1466 1285 1516 ad
1297 1480 1352 1517 enm
1365 1466 1453 1531 positis
1467 1466 1533 1516 lossa
1546 1465 1661 1530 valloque
1673 1478 1728 1515 eam
1740 1465 1787 1516 oir-

1004 1561 1144 1621 oumdedit,
1165 1564 1193 1611 et
1221 1559 1315 1610 crebris
1338 1559 1520 1611 incursionibus
1553 1560 1642 1610 meniu
1669 1559 1784 1611 tentarit.

1005 1658 1127 1726 oppidani
1139 1671 1198 1710 rero
1210 1656 1318 1722 primum
1333 1653 1435 1720 quidem
1445 1654 1649 1720 oppugnationem
1661 1653 1786 1703 sustinue-

1005 1755 1065 1804 runt
1076 1755 1102 1803 ct
1113 1750 1157 1801 diu
1173 1748 1324 1813 gravissimis
1336 1748 1407 1799 malis
1421 1749 1562 1799 restiterunt
1578 1767 1585 1798 ε
1606 1746 1650 1799 sed
1664 1760 1722 1796 cum
1739 1759 1785 1796 cos

1005 1849 1157 1898 commentus
1172 1843 1332 1903 defecissent,
1345 1846 1371 1894 et
1390 1842 1501 1908 corporis
1518 1842 1585 1892 vires
1597 1841 1785 1900 destituissent,

1006 1953 1053 1992 uec
1063 1939 1113 1990 ulla
1128 1937 1219 1989 auxilia
1233 1936 1352 1998 venirent,
1369 1949 1415 1986 nec
1428 1935 1475 2000 ipsi
1488 1934 1563 1984 ullum
1583 1935 1695 1998 quietem
1709 1934 1787 1985 babe-

1006 2037 1076 2096 rent,
1097 2034 1140 2084 sel
1155 2032 1235 2084 eidem
1263 2035 1290 2082 et
1304 2030 1410 2080 interdiu
1423 2031 1449 2079 et
1459 2031 1533 2078 noctu
1550 2028 1720 2089 fatigarentur,
1746 2040 1790 2092 per

1008 2128 1059 2179 rim
1071 2126 1201 2192 expugnati
1218 2128 1283 2176 sunt.
1309 2123 1382 2174 'tlrbe
1399 2125 1481 2172 sutem
1496 2119 1599 2185 potitus,
1621 2126 1730 2171 omratos
1748 2121 1789 2169 in-

1009 2221 1115 2283 terfecit,
1127 2220 1243 2284 coniuges
1257 2232 1316 2269 vero
1330 2220 1357 2269 et
1370 2215 1461 2269 liberos
1471 2227 1567 2274 eorum,
1579 2217 1606 2265 et
1618 2214 1713 2278 eosqui
1726 2213 1787 2264 tros·

1009 2316 1076 2367 tibus
1089 2329 1116 2366 se
1126 2313 1219 2366 dedere
1233 2313 1379 2373 noluerunt,
1392 2312 1419 2361 et
1432 2321 1562 2360 serrorum
1573 2306 1705 2358 maximam
1715 2308 1785 2358 mul·

1007 2409 1138 2461 titudinem
1163 2410 1293 2458 numeratu
1318 2404 1450 2466 dltdcilem,
1472 2400 1593 2453 militibus
1621 2401 1646 2451 in
1678 2399 1789 2465 predam

1008 2504 1139 2554 concessit.
1172 2505 1203 2553 tit
1228 2515 1270 2552 res
1295 2499 1372 2561 olins,
1398 2510 1554 2563 quecunque
1575 2496 1616 2548 rel
1635 2497 1703 2547 lutra
1720 2496 1791 2550 urbis

1007 2597 1096 2647 moenln
1110 2595 1148 2647 ret
1157 2595 1182 2645 in
1195 2595 1260 2658 egris
1275 2598 1363 2654 erant,
1377 2605 1450 2658 agere
1460 2593 1487 2644 el
1507 2591 1571 2643 terre
1585 2590 1633 2641 illis
1653 2592 1787 2656 permistis
1834 2649 1839 2657 Ι

1007 2692 1034 2740 at
1044 2690 1174 2753 argentum
1184 2691 1211 2738 et
1229 2701 1335 2746 surum,
1348 2685 1416 2749 quod
1433 2683 1538 2737 inveniri
1556 2686 1648 2750 poluit,
1673 2685 1789 2736 inunum

1008 2784 1090 2834 locum
1101 2780 1245 2843 conterens,
1259 2780 1417 2844 decimusque
1429 2778 1541 2829 eximens
1551 2778 1584 2829 ad
1604 2777 1789 2828 aedificationem

1008 2875 1112 2941 templi,
1138 2875 1245 2938 reliques
1269 2873 1385 2939 pecunias
1412 2870 1533 2923 militibus
1560 2871 1653 2921 divisit.
1684 2872 1790 2922 Tantum

1009 2974 1093 3023 sutem
1105 2970 1199 3034 argenti
1218 2972 1243 3019 et
1264 2968 1318 3019 nuri
1335 2971 1460 3033 repertum
1473 2970 1522 3030 est,
1545 2971 1577 3020 ut
1592 2969 1684 3033 quinas
1691 2968 1791 3032 argenti

1011 3063 1091 3116 miuus
1099 3062 1189 3126 singuli
1203 3061 1295 3120 milites
1306 3060 1455 3122 occiperent,
1467 3063 1495 3111 et
1510 3059 1617 3110 decimus
1633 3061 1730 3124 argenti
1742 3059 1792 3113 diis

1011 3159 1115 3209 socrates
1126 3169 1175 3205 uon
1185 3155 1306 3204 minorem
1322 3165 1446 3203 summam
1462 3166 1537 3216 quum
1556 3153 1790 3218 quadringentorum

1012 3254 1159 3302 talentorum
1175 3247 1308 3301 etliccrent.
1389 3257 1394 3263 ·

1044 3344 1791 3410 Ll.DumnutcmadbucessetSuessrc,venitquidam,quiei

1016 3438 1140 3489 mundarit
1155 3436 1303 3489 Sabinorum
1318 3434 1475 3486 lectissimam
1493 3433 1648 3485 iuventutern
1665 3447 1695 3482 ex
1704 3432 1793 3483 tinibus

1015 3526 1068 3576 suis
1078 3538 1211 3590 egressam,
1228 3529 1317 3576 etcum
1331 3524 1430 3574 duobus
1440 3523 1536 3584 magnis
1546 3522 1698 3573 exercitibus
1708 3522 1733 3572 in
1744 3525 1793 3573 lto-

1015 3631 1144 3670 msuorum
1153 3631 1224 3682 agros
1235 3616 1369 3683 irruptione
1379 3616 1443 3664 lucto
1452 3627 1495 3665 eos
1503 3612 1628 3678 populari,
1643 3618 1670 3664 et
1686 3614 1794 3664 alterum

1015 3705 1141 3759 eorumed
1152 3708 1269 3767 Eretum,
1285 3705 1392 3755 ultorum
1406 3703 1439 3753 ad
1450 3701 1555 3752 Fidonss
1565 3706 1648 3751 castre
1666 3702 1792 3764 posuisser

1017 3797 1132 3848 nisirero
1143 3799 1241 3846 mature
1253 3794 1301 3845 illis
1321 3794 1411 3859 uliquis
1425 3792 1549 3843 exercitus
1564 3791 1666 3843 obviam
1682 3792 1747 3852 iret,
1758 3792 1793 3841 de

1015 3886 1129 3937 omnibus
1148 3885 1214 3934 illius
1233 3884 1340 3947 regionis
1353 3885 1427 3934 rebus
1446 3886 1529 3933 actum
1547 3894 1610 3933 esse.
1644 3881 1688 3931 llis
1701 3877 1794 3931 auditis

1019 3977 1117 4024 Suessae
1130 3973 1252 4022 modicam
1266 3971 1389 4034 quondam
1398 3972 1627 4036 exercituspartem
1641 3970 1753 4035 reliquit,
1768 3973 1795 4020 et

1018 4061 1127 4127 prmlam
1143 4073 1174 4110 ac
1185 4060 1280 4125 reliquo
1296 4059 1471 4124 impedimenta
1482 4060 1608 4111 custodire
1620 4059 1710 4111 iussit:
1724 4063 1794 4110 cete-

1018 4163 1058 4201 ras
1070 4163 1128 4201 vero
1150 4149 1233 4214 copias
1251 4148 1379 4213 expeditas
1394 4150 1467 4200 duxit
1488 4154 1574 4200 contra
1586 4150 1688 4208 trostes,
1706 4149 1749 4213 qni
1763 4149 1796 4198 ad

1018 4237 1119 4285 Eretum
1135 4237 1218 4284 cestra
1230 4237 1362 4297 posuerant
1380 4255 1386 4283 ι
1402 4236 1427 4284 et
1441 4233 1494 4298 ipse
1507 4247 1587 4299 paruo
1599 4234 1684 4284 relicto
1699 4234 1794 4298 spatio,

1018 4327 1100 4375 costra
1116 4323 1141 4374 in
1156 4323 1209 4372 loco
1228 4322 1295 4373 edito
1310 4323 1406 4374 muniit.
1441 4325 1504 4374 llum
1527 4327 1609 4373 autem
1630 4323 1727 4374 Sabinis
1746 4324 1792 4374 du·-

998 4452 1000 4456 »
1020 4413 1089 4464 cibus
1106 4410 1240 4476 placuisset
1263 4426 1335 4463 mane
1353 4413 1472 4464 accersito
1491 4413 1602 4463 exercitu
1619 4413 1664 4475 qui
1689 4417 1744 4463 eret
1758 4413 1796 4463 Fl-

1022 4493 1092 4553 denis
1116 4500 1261 4564 confligere,
1288 4502 1436 4566 Tarquinius
1458 4503 1556 4564 cognito
1582 4515 1667 4552 eororn
1693 4502 1796 4552 consitio

1020 4590 1138 4655 (quidam
1155 4589 1384 4650 cnimtsbetlsrius‚
1403 4592 1447 4656 qui
1464 4591 1521 4640 binc
1534 4590 1565 4640 ad
1579 4591 1635 4641 illos
1650 4591 1735 4641 literas
1761 4591 1797 4641 te·

1020 4681 1105 4740 rebat,
1119 4680 1270 4744 interceptus
1282 4681 1377 4743 tuerat)
1397 4682 1421 4731 in
1440 4681 1483 4730 lali
1498 4695 1557 4730 casu
1577 4680 1722 4731 huiusmodi
1739 4680 1798 4731 dolo

1020 4783 1082 4819 usus
1093 4772 1140 4819 est.
1175 4768 1290 4818 bilariam
1313 4768 1395 4818 diviso
1418 4770 1545 4828 exercitu,
1575 4769 1678 4820 alteram
1701 4772 1797 4832 partein

1022 4857 1068 4907 sub
1080 4861 1177 4907 noctem
1187 4857 1250 4907 ctam
1264 4856 1378 4908 hostibus
1388 4857 1454 4907 misit
1468 4859 1500 4906 ad
1511 4872 1566 4908 enm
1580 4859 1645 4908 riam
1659 4871 1716 4921 qum
1729 4870 1745 4907 α
1759 4859 1797 4907 Fi·

1021 4945 1166 4997 denisdurit
1175 4945 1293 5007 ,alteram
1303 4960 1371 5008 vero,
1384 4945 1531 5009 simulatque
1542 4946 1595 4997 dies
1602 4946 1685 4997 illuxit
1693 4945 1798 4996 instruc·

1022 5037 1073 5084 tarn
1088 5033 1174 5084 eduxit
1190 5047 1204 5083 e
1226 5035 1314 5084 cestris
1326 5039 1355 5084 ut
1370 5034 1402 5085 nd
1416 5034 1531 5099 proelium
1555 5054 1561 5084 :
1578 5040 1604 5087 et
1618 5034 1700 5088 subtni
1720 5034 1798 5086 contl-

1023 5120 1148 5171 donteret
1170 5118 1215 5182 ipsi
1236 5118 1328 5179 egressi
1352 5123 1430 5170 sunt:
1454 5121 1522 5184 quod
1544 5121 1655 5173 bostium
1668 5132 1798 5169 numerum

1023 5209 1798 5274 nonrnagnumessecernerent‚elmpisssuusnFidenismox
