3772 5828
583 402 874 478 ANTIQUITATUM
895 408 1043 470 tibilim.
1068 412 1141 473 LIB.
1165 416 1215 475 ΙΙΙ.

103 534 200 599 όντων,
220 531 254 594 ώς
279 529 331 586 ἀπὸ
362 531 457 596 παντὸς
481 536 526 590 τοῦ
553 533 688 610 βελτίστου
721 537 875 612 γενομένην,

104 614 262 686 ἐσκήπτετο,
277 615 322 674 καί
343 619 395 674 τῶν
407 617 510 677 ίππίων
527 621 620 698 μοῖροίν
644 646 701 680 τινα
720 625 827 704 πέμψας
841 628 875 690 ώς

103 704 178 764 αιίτδν
195 701 268 775 ἠξίου
298 704 399 764 τελείαν
428 707 613 773 ἀποδείξασθαι
635 710 682 781 τὴν
710 714 872 792 προθυμίαν,

101 790 159 860 τοὺς
173 792 212 869 μὴ
229 792 383 862 δυνηθέντας
403 795 438 860 είς
451 793 484 851 τθι
499 794 575 873 τείχη
595 801 647 855 τῶν
660 801 813 871 Φιδηναίων
827 825 874 859 κα·

60 891 74 927 ⁶
101 882 254 963 ταφεύγειν,
274 879 332 939 ἀλλ’
350 881 553 959 ἐσκεδασμένους
574 883 623 941 ἀνθ
636 885 685 957 τὴν
699 886 808 965 χώραν,
824 912 873 946 συ-

100 968 179 1048 χνούς
208 968 298 1041 ὄντας,
323 969 436 1027 κελεύων
473 971 673 1048 διερευνώμενον
704 977 874 1033 ἀποκτείνειν.

102 1058 240 1126 Κάκεῖνος,
256 1057 407 1137 δεινότερον
423 1047 459 1116 ών
473 1058 567 1128 ἤλπισε
583 1061 810 1140 διαπεπραγμένος
828 1064 873 1122 καί

102 1142 220 1215 λεληθὼς
232 1144 276 1202 τόν
299 1142 420 1217 Τύλλον,
445 1144 534 1225 ἔχαιρέ
558 1168 585 1204 τε
609 1147 653 1204 καὶ
675 1147 755 1230 μέχρι
775 1152 873 1210 πολλοῦ

102 1231 271 1292 καθιππεύων
286 1232 320 1292 τό
338 1233 417 1293 πεδία
436 1232 495 1300 τοὺς
514 1237 797 1313 καταλαμύανομένους
820 1237 872 1296 διέ-

49 1346 74 1383 ιιι
100 1327 216 1402 φθειρεν·
240 1322 289 1395 ἤδη
313 1322 341 1381 δὲ
362 1323 496 1389 δεδυκότος
519 1323 593 1394 ἡλίου
613 1322 672 1389 τοὺς
689 1324 786 1392 ίππέας
811 1318 872 1394 ἧκεν

101 1408 172 1486 ἄγων
187 1412 231 1469 ἐπὶ
246 1409 277 1468 τδ
291 1410 467 1490 στρατόπεδον
481 1409 512 1469 τό
521 1409 675 1486 Ῥωμαϊκὸν
689 1415 719 1470 ίκ
733 1418 778 1472 τοῦ
790 1415 871 1493 διωγ-

100 1501 159 1570 μοῦ,
173 1498 219 1555 καῖ
236 1495 283 1567 τὴν
320 1497 483 1556 ἐπελθοῦσαν
508 1497 580 1556 νύκτ’
600 1500 626 1556 iu
653 1499 799 1567 εὐπαθείαις
815 1501 872 1576 ἅμα

98 1584 152 1650 τοῖς
173 1584 284 1663 ἑταίροις
299 1576 342 1656 ἦ.
385 1582 419 1645 Ὁ
434 1583 461 1643 δέ
474 1585 576 1651 Τύλλος
600 1588 625 1644 ἐν
648 1591 686 1667 τῷ
708 1587 871 1647 otomatis

99 1671 199 1752 χόρακι
215 1672 304 1750 μείνας
319 1674 382 1752 ἄχρι
399 1673 505 1753 πρώτης
523 1676 650 1754 φυλακῆς,
671 1675 716 1732 καί
737 1674 796 1743 τοὺς
809 1678 869 1747 ἐπι-

48 1784 72 1822 ιε
98 1760 275 1841 φανεστοίτους
289 1765 341 1818 τῶν
368 1760 544 1839 αἰχμαλώτων
567 1760 706 1840 α’νακρίνοις
723 1764 789 1828 τίνες
804 1756 871 1833 ἦσαν

98 1851 122 1907 σί
142 1852 189 1919 τῆς
207 1849 375 1916 ἀποστάσεως
388 1850 530 1927 ἡγεμόνες,
545 1856 580 1918 ὡς
599 1851 680 1926 ἔμαθε
696 1852 798 1910 καὶτὸν
814 1853 870 1912 Ἀλ-

100 1935 181 1993 ὃανθν
210 1938 353 1996 διέτεινεν
378 1940 429 2004 τοῖς
455 1944 673 2015 συνομοσαμένοις
700 1939 869 2020 ὑπάρχοντα,

99 2023 173 2091 δόξας
194 2024 310 2106 συνᾴδειν
323 2028 357 2086 τίι
379 2027 532 2107 πραχθέντα
548 2031 591 2085 ὑπ’
607 2031 687 2086 αὐτοῦ
702 2037 755 2096 τοῖς
768 2054 869 2106 μηνυο-

100 2112 185 2188 μένοις
210 2114 261 2172 ὑπὸ
280 2116 333 2173 τῶν
345 2116 539 2196 αἰχμαλώτων,
551 2115 650 2181 drobi<
665 2116 707 2175 trrt
722 2116 765 2174 τόν
789 2114 869 2177 ἵππον

41 2225 73 2260 ·.·o
100 2205 145 2259 καὶ
159 2200 216 2268 τοὺς
234 2203 407 2271 πιστοτάτους
425 2208 476 2263 τῶν
492 2203 603 2281 ἑταίρων
620 2203 782 2282 παραλαόών
804 2207 868 2286 πρὸς

97 2287 145 2360 τὴν
159 2288 236 2349 πόλιν
253 2291 410 2370 ἀφιππεύει·
431 2292 473 2349 καί
487 2291 538 2370 πρὸ
553 2290 640 2365 μίσων
655 2295 754 2350 νυκτῶν
773 2295 868 2352 ἐκτῶν

95 2377 183 2435 οίκιῶν
204 2377 262 2444 τούς
278 2378 419 2456 βουλευτὰς
433 2377 607 2455 συγκαλέσας,
630 2377 677 2447 τήν
688 2400 716 2434 τε
729 2381 868 2455 προδοσίαν

96 2465 183 2528 αθτοῖς
197 2462 268 2540 λέγει
281 2463 329 2535 την
346 2469 393 2523 τοῦ
408 2463 545 2537 Ἀλόανοῦ,
559 2463 760 2543 μοίρτυραςτοθς
774 2469 869 2544 αἰχμα-

95 2549 194 2614 λώτους
219 2554 436 2630 παρασχόμενος,
461 2550 506 2608 καί
524 2549 552 2606 όν
567 2550 664 2630 τρόπον
692 2551 768 2617 αὐτὸς
786 2574 866 2612 κατε·

38 2649 70 2686 25
98 2637 265 2715 ατρατόγησε
289 2636 347 2703 τούς
360 2659 388 2694 τε
408 2637 547 2712 ιωλεμίους
563 2638 609 2695 καί
622 2637 680 2702 τούς
706 2639 866 2711 Φιδηναίους

97 2724 237 2794 διηγεῖται.
280 2722 363 2788 Τέλος
387 2723 419 2793 δὴ
443 2724 473 2781 τὸ
496 2722 634 2801 κροίτιστον
659 2725 793 2804 εἰληφότος
820 2731 867 2785 τοῦ

94 2810 226 2888 πολέμου,
240 2810 273 2874 τὰ
294 2809 367 2870 λοίπ’
392 2810 442 2882 ἤδη
467 2818 572 2869 σκοπεῖν
589 2811 680 2878 αὐτούς
697 2812 783 2885 ἠξίου,
808 2814 866 2872 τίνα

95 2898 150 2978 χρὴ
167 2900 265 2977 τρόπον
288 2898 490 2977 τιμωρήσασθαι
515 2900 561 2974 μὲν
580 2898 638 2967 τοὺς
657 2900 796 2981 προδότας,
810 2926 865 2962 σω-

92 2985 266 3067 φρονεστέραν
290 2987 318 3046 δί
336 2986 384 3058 τὴν
409 2985 541 3045 'tidelm
564 2989 705 3047 ἀποδοῦναι
729 2988 806 3050 πόλιν
831 2993 867 3058 είς

36 3082 65 3121 ³⁰
81 3078 120 3137 ἶτό
145 3077 248 3140 λοιπόν.
291 3076 331 3138 Τό
353 3076 401 3154 μὲν
422 3068 466 3135 σύν
486 3076 686 3156 τιμωρήσασθαι
710 3076 768 3144 τοὺς
781 3082 864 3159 προέ-

90 3165 294 3244 πιχειρήσαντας
313 3162 399 3243 ἔργοις
413 3164 524 3228 ἀνοσίοις
546 3164 647 3222 ἅπασιν
665 3163 750 3224 ἐδόκει
767 3165 865 3226 δίκαιόν

89 3276 117 3311 τε
131 3254 175 3312 καί
190 3255 335 3332 ἀναγκαῖον
362 3245 444 3320 εἶναι,
468 3250 495 3309 δν
516 3249 543 3308 δὲ
565 3252 660 3328 τρόπον
674 3257 752 3311 τοῦτο
771 3254 865 3330 γένοιτ’

91 3340 122 3398 δν
136 3344 220 3421 ῥᾷστα
236 3338 282 3398 καί
296 3338 494 3418 ἀσφαλέστατα,
517 3339 618 3411 πολλὴν
632 3343 720 3406 αὐτοῖς
736 3346 864 3421 παρεῖχεν

91 3429 216 3508 ἀπορίαν.
259 3427 361 3507 Ἀδήλῳ
376 3426 423 3505 μὲν
439 3425 491 3505 γθιρ
506 3426 553 3485 καί
573 3428 693 3498 λεληθότι
709 3428 782 3508 μόρῳ
800 3432 864 3489 πολ-

90 3516 149 3581 λοὺς
168 3516 214 3573 καὶ
241 3515 354 3595 ἀγαθοὺς
377 3515 511 3573 Ἀλόανῶν
536 3515 631 3595 ἄνδρας
657 3517 865 3595 διαχειρίσασθαι

94 3607 146 3661 τῶν
162 3603 294 3663 ἀδυνάτων
313 3603 399 3668 αὐτοῖς
419 3593 669 3681 aperuerimus
694 3604 721 3660 δὲ
748 3610 864 3686 φανερῶς

93 3688 282 3764 συλλαμόιίνειν
302 3688 349 3748 καί
364 3693 534 3766 τιμωρεῖσθαι
546 3686 606 3754 τοῖος
623 3687 729 3768 ίνόχους
749 3699 806 3755 ταῖς
822 3695 862 3750 ui·

88 3775 156 3844 τίαις
178 3777 391 3857 ἐπιχειρήσειαν,
421 3777 449 3834 οὐ
478 3774 647 3854 περιόψεσθαι
680 3773 739 3841 τοῖς
765 3774 861 3836 Ἀλθα-

88 3863 145 3930 νοθς
167 3865 367 3942 ὑπιλοίμόανον,
382 3864 440 3921 ἀλλ’
456 3863 499 3922 ἐπὶ
514 3861 547 3920 τὰ
561 3864 629 3922 όπλα
643 3872 748 3943 χωρεῖν.
791 3861 863 3939 Ἅμα

54 3991 58 4008 .
89 3953 114 4011 δὲ
135 3957 260 4030 πολεμεῖν
287 3951 442 4024 Φιδηναίοις
461 3974 489 4009 τε
515 3950 559 4010 καί
580 3953 723 4030 Τυρρηνοῖς
744 3953 789 4010 καί
810 3954 863 4021 τοῖς

89 4039 132 4099 ίπί
155 4042 203 4111 τὴν
230 4039 387 4120 συμμαχίαν
414 4044 485 4120 σφῶν
508 4040 707 4110 συνεληλυθόσιν
731 4040 862 4102 {aldovin

87 4130 134 4187 οὐκ
163 4127 314 4189 ίόσύλοντο.
358 4127 554 4206 Ἀπορουμένων
568 4127 592 4186 δ’
608 4129 693 4186 αὐτῶν
717 4129 863 4196 τελευταῖος

90 4218 275 4277 ἀποδείκνυται
290 4216 401 4296 γνώμην
421 4214 563 4289 δΤύλλος,
583 4215 611 4288 ἣν
638 4218 750 4281 ἅπαντες
765 4218 861 4295 ἐπῄνε-

87 4325 150 4381 σαν,
166 4308 233 4386 ὑπὲρ
246 4298 278 4378 ἧς
294 4307 360 4378 μετθι
376 4307 468 4384 μικρὸν
483 4306 543 4382 ἐρῶ.

43 4419 55 4453 ι’»
124 4396 240 4456 ΧΧλίΙΙ.
264 4392 467 4472 Τετταροίκοντα
482 4394 504 4450 δ’
520 4391 599 4451 όντων
619 4391 732 4450 σταδίοιν
747 4396 798 4451 τῶν
814 4415 862 4468 με·

85 4483 147 4551 casib
160 4485 280 4554 Φιδήνης
295 4506 324 4540 τε
339 4483 384 4540 καῖ
398 4480 507 4556 Ῥώμης
522 4480 617 4547 έλοίσας
640 4479 684 4539 τὸν
707 4478 788 4539 ίππον
807 4481 858 4539 avt

85 4574 177 4651 κρότος
189 4575 276 4649 παρῆν
293 4571 336 4629 ε’πῖ
351 4569 394 4628 τόν
411 4570 536 4649 χάρακα,
548 4567 594 4627 καῖ
605 4567 667 4648 πρίν
677 4568 780 4648 ἡμέραν
792 4569 860 4640 λαμ-

85 4660 151 4741 πρθιν
164 4660 284 4737 γενέσθαι
299 4659 411 4724 καλέσας
428 4659 539 4736 Μάρκον
554 4655 674 4734 Ὁράτιον
687 4657 730 4714 τὸν
744 4658 859 4737 περιλει·

75 4739 167 4829 νφθε’ντ’
185 4752 214 4806 ἐκ
231 4751 282 4804 τῶν
297 4745 436 4825 τριδύμων,
451 4745 495 4804 καί
517 4745 575 4813 aab<
594 4748 665 4823 αύτῷ
688 4750 740 4805 τῶν
754 4743 857 4805 ἱππίων

84 4835 192 4892 καὶτῶν
207 4837 291 4902 πεζῶν
313 4832 372 4898 τοὺς
384 4831 589 4905 ἀκμαιοτάτους,
605 4833 736 4892 ἓκελευσεν
749 4832 791 4892 ἐπί
810 4831 859 4903 τὴν

85 4920 217 4981 Ἀλόανιῗιν
235 4922 311 4980 πόλιν
337 4921 425 4997 ἄγειν·
445 4919 607 4997 παρελθόντα
622 4921 647 4978 δ’
661 4919 733 4986 ἔντδς
750 4920 853 4998 τείχους

83 5012 117 5075 όις
129 5011 203 5090 φίλον
228 5010 305 5084 όντα,
330 5008 392 5068 όταν
408 5007 571 5086 ὑποχειρίους
591 5008 661 5087 λοίθη
685 5006 744 5073 τοὺς
767 5005 855 5076 ἔνδον,

84 5101 201 5156 καθελεῖν
227 5096 277 5168 τὴν
303 5096 377 5155 πολιν
399 5095 465 5176 ἄχρι
492 5093 634 5171 θεμελίων,
658 5094 767 5171 μηδενὸς
793 5093 856 5171 μήτ’

84 5182 148 5243 ἰδίου
164 5184 231 5262 μήτε
255 5187 343 5244 κοινοῦ
367 5182 625 5260 κατασκευιίσματος
645 5180 794 5262 φειδόμενον
809 5179 858 5249 ἔξω

1640 429 1698 487 153

931 548 1030 599 laudare
1047 551 1170 603 simularit
1192 574 1200 604 ε
1220 559 1245 603 et
1269 557 1381 618 equiturn
1404 562 1472 620 parte
1489 560 1520 609 ad
1544 562 1610 612 illum
1626 567 1702 616 ulisse

930 648 1024 709 rogarit
1041 650 1070 698 ut
1082 662 1228 713 pmpcnsam
1240 649 1390 703 voluntatem
1417 667 1496 719 nsque
1511 655 1543 705 ad
1566 655 1637 708 tinem
1655 660 1700 712 de·

928 757 1090 816 monstmret,
1104 758 1233 820 oravitque
1246 761 1274 807 ut
1294 759 1337 821 qui
1360 759 1425 810 iutra
1442 762 1531 812 moenia
1547 762 1699 817 Fidenatium

928 860 1039 923 refugere
1062 875 1110 911 non
1130 865 1262 926 potuerant
1285 869 1311 914 et
1333 880 1377 929 per
1402 880 1474 930 agros
1495 869 1599 933 dispersi
1614 874 1701 933 erant,

928 970 1034 1019 quorum
1049 972 1151 1021 magnus
1169 963 1222 1010 erat
1235 975 1368 1023 numerus,
1380 968 1535 1026 conquireret
1546 969 1570 1016 et
1582 967 1701 1018 interiise

928 1061 974 1107 ret.
1007 1057 1050 1107 llle
1065 1071 1137 1121 vero,
1150 1061 1221 1122 quasi
1234 1059 1283 1110 iarn
1302 1061 1404 1112 alterum
1417 1076 1503 1114 eorum
1518 1080 1573 1128 qum
1592 1071 1702 1132 sperarat

926 1157 1057 1205 assecutus
1077 1160 1158 1218 esset,
1175 1160 1199 1209 et
1222 1157 1308 1208 Tullus
1330 1159 1473 1222 proditionis
1496 1168 1562 1213 esset
1583 1166 1701 1227 ignarus,

926 1257 1066 1321 gaudebat,
1098 1258 1191 1323 diuque
1210 1275 1254 1325 per
1269 1275 1368 1326 campos
1389 1263 1536 1328 obequitans
1557 1267 1701 1317 trucidabat

926 1358 1046 1421 quotquot
1070 1357 1204 1422 deprendit.
1237 1360 1338 1410 Etiam
1361 1363 1397 1412 sol
1413 1362 1538 1414 occiderat
1550 1378 1605 1416 cum
1626 1366 1698 1428 equi·

926 1460 965 1509 tes
974 1458 1005 1508 ab
1022 1459 1182 1522 insequendis
1195 1459 1308 1511 hostibus
1319 1461 1343 1510 in
1364 1464 1445 1511 castra
1458 1463 1567 1512 itomana
1582 1465 1698 1525 reduxit,

925 1558 951 1606 et
964 1556 1067 1608 ibicum
1080 1558 1169 1608 ceteris
1181 1571 1234 1607 eam
1251 1560 1348 1609 noctem
1370 1572 1465 1609 summa
1479 1559 1600 1611 hilaritate
1615 1563 1696 1613 buns-

925 1656 982 1719 egit.
1012 1659 1044 1706 rt
1062 1654 1156 1716 Tullus,
1184 1669 1239 1705 cum
1261 1656 1284 1705 in
1306 1655 1445 1706 Veientium
1468 1658 1555 1706 castris
1572 1659 1696 1720 usquead

925 1754 1028 1817 primam
1045 1753 1151 1814 vigiliam
1170 1753 1316 1813 mansisset,
1333 1757 1356 1803 et
1374 1767 1405 1804 en
1417 1755 1575 1804 nobilissimis
1593 1754 1699 1818 captivis

924 1849 1080 1913 quaesivisset
1114 1848 1213 1911 quinam
1247 1849 1392 1899 deiectionis
1429 1854 1543 1900 auctores
1577 1851 1697 1910 luissent,

923 1949 1056 2010 postquam
1068 1946 1181 2008 cognorit
1195 1952 1220 1997 et
1248 1948 1328 2009 ipsum
1351 1950 1456 1999 licitum
1474 1950 1537 1998 iutcr
1556 1951 1699 2000 coniuratos

924 2062 987 2108 esse,
1004 2051 1030 2097 et
1044 2046 1163 2097 intellexit
1174 2060 1214 2098 res
1232 2048 1264 2098 ab
1278 2048 1319 2098 illo
1339 2053 1421 2113 gestas
1439 2062 1572 2113 congmere
1585 2064 1642 2099 cum
1655 2055 1695 2100 irr-

923 2149 993 2199 diciis
1009 2148 1175 2213 captivorum,
1188 2163 1280 2212 cquum
1295 2150 1448 2209 conscendlt,
1458 2153 1483 2200 et
1497 2149 1621 2201 fidissimis
1631 2152 1698 2201 ami-

923 2247 959 2297 cis
969 2259 1053 2297 secum
1066 2246 1178 2298 abductis
1198 2248 1229 2298 ad
1249 2249 1336 2299 urbem
1353 2249 1486 2299 contendit.
1523 2253 1550 2300 El
1568 2258 1624 2301 aule
1642 2265 1695 2302 roc·

923 2345 988 2396 diam
1010 2349 1104 2395 noctem
1131 2345 1284 2396 senatoribus
1303 2346 1377 2396 domo
1396 2347 1513 2407 evocatis,
1529 2347 1616 2398 Albani
1636 2363 1693 2412 pro·

922 2441 1039 2493 ditionem
1066 2443 1176 2506 apernit,
1203 2443 1308 2492 testibus
1339 2457 1368 2493 ex
1404 2445 1558 2509 captivomm
1592 2459 1696 2496 numero

922 2538 1056 2603 productis,
1071 2542 1095 2589 et
1115 2540 1221 2589 namarit
1241 2554 1291 2603 quo
1305 2541 1362 2590 dolo
1379 2543 1431 2605 ipse
1444 2546 1469 2592 et
1483 2544 1566 2593 hostes
1583 2547 1608 2594 et
1623 2546 1694 2597 Fide-

920 2659 989 2705 nates
1001 2653 1146 2717 decepisset.
1179 2656 1315 2706 certamine
1331 2660 1413 2706 autem
1424 2657 1561 2708 felicissime
1573 2660 1695 2723 conlecto,

920 2768 963 2804 eos
975 2759 1002 2805 ut
1019 2757 1050 2805 do
1071 2757 1161 2806 ceteris
1174 2757 1249 2807 rebus
1272 2758 1376 2808 interae
1397 2761 1563 2812 consultarent
1580 2762 1694 2825 ropovit,

920 2863 945 2910 et
957 2873 1006 2921 quo
1020 2859 1138 2923 supplicio
1164 2861 1301 2925 proditores
1323 2866 1407 2912 esseut
1427 2864 1565 2923 atlrcicndl,
1589 2869 1614 2914 et
1627 2850 1689 2928 quu-

919 2963 992 3014 modo
1005 2962 1153 3015 abonorum
1173 2965 1263 3016 civitas
1275 2966 1299 3015 in
1315 2968 1440 3029 posterum
1462 2968 1596 3017 modestior
1608 2975 1691 3030 posset

919 3066 995 3118 reddi.
1030 3069 1112 3116 ineos
1133 3065 1208 3130 igitur
1229 3066 1431 3126 animadvertere,
1455 3068 1498 3130 qul
1520 3069 1626 3118 facinora
1639 3073 1692 3118 tom

919 3169 1021 3220 scelesta
1030 3171 1124 3233 priores
1131 3171 1280 3230 auslessent,
1291 3183 1376 3220 omnes
1383 3184 1480 3232 aequum
1491 3175 1516 3219 ot
1525 3173 1691 3222 necessarium

918 3274 1077 3324 iudicarunt:
1095 3275 1137 3324 sed
1156 3273 1280 3339 quomodo
1301 3276 1327 3323 et
1345 3272 1458 3322 facillime
1480 3275 1505 3322 ct
1524 3273 1645 3322 tutissima
1663 3276 1686 3326 id

922 3376 973 3425 lieri
989 3380 1085 3438 posset,
1099 3375 1141 3424 diu
1153 3375 1294 3424 dubitatum
1307 3378 1353 3424 est.
1388 3373 1491 3423 Occulta
1503 3372 1567 3423 enlm
1579 3376 1605 3422 et
1621 3372 1689 3421 clan-

918 3475 1014 3526 destina
1033 3478 1112 3523 morte
1127 3474 1220 3523 mullos
1234 3473 1339 3522 Albanos
1355 3486 1446 3535 eosque
1459 3472 1525 3521 viros
1536 3473 1612 3521 lortes
1622 3472 1692 3520 nullo

918 3577 990 3626 modo
998 3576 1131 3639 tolliposse
1144 3575 1269 3636 putabant.
1302 3573 1373 3632 Quod
1386 3574 1475 3623 sivero
1486 3573 1565 3637 palam
1578 3584 1689 3636 compre

917 3677 1023 3728 bendere
1049 3681 1076 3728 et
1090 3676 1176 3727 ulcisci
1198 3680 1281 3727 sontes
1298 3678 1452 3735 conarentur,
1472 3674 1577 3725 Albanos
1595 3673 1620 3724 id
1636 3687 1686 3724 nou

916 3795 1045 3845 passuros,
1060 3781 1105 3832 sed
1121 3781 1319 3831 adarmaitums
1340 3777 1529 3830 arbitrabantur.
1568 3778 1688 3829 Nolebant

916 3888 998 3937 autem
1025 3899 1075 3935 uno
1098 3884 1233 3948 codemque
1267 3886 1376 3946 temporo
1397 3895 1454 3932 cum
1478 3880 1635 3931 Fidenatibus
1661 3881 1688 3930 et

916 3990 1026 4041 Etruscis
1045 3992 1072 4039 ct
1091 3985 1191 4037 Albanis
1207 3986 1280 4036 sociis
1299 3998 1384 4035 eorum
1396 3983 1487 4034 bellum
1511 3996 1603 4047 gerere.
1637 3984 1691 4036 lllrs

915 4108 973 4145 vero
987 4089 1157 4143 dubitantibus
1171 4088 1229 4152 quid
1250 4085 1389 4137 faciendum
1406 4087 1485 4146 esset,
1508 4085 1595 4136 Tullus
1614 4100 1688 4138 snam

915 4197 1060 4250 sententiam
1071 4196 1210 4259 postremus
1220 4190 1332 4254 aperuit,
1345 4202 1420 4254 quam
1435 4201 1520 4240 omnes
1534 4188 1685 4250 laudarunt,

915 4302 946 4352 de
959 4314 1009 4364 qua
1028 4298 1109 4364 paullo
1119 4299 1176 4361 post
1187 4295 1276 4346 dicam.

946 4404 1046 4456 xxv11.
1065 4400 1127 4452 (lum
1137 4400 1219 4449 autem
1235 4397 1314 4460 spatio
1334 4394 1469 4445 stadiorum
1483 4407 1515 4443 ιιι.
1530 4396 1608 4444 lloma
1619 4389 1684 4441 aFi-

914 4501 985 4553 denis
1002 4500 1120 4557 distaret,
1140 4497 1215 4547 citato
1237 4507 1299 4557 equo
1322 4494 1442 4542 innostra
1461 4490 1533 4541 rediit
1554 4494 1591 4550 et,
1613 4492 1685 4537 ante-

914 4612 989 4663 quam
1003 4597 1056 4647 dics
1075 4596 1141 4646 clara
1161 4593 1260 4652 illuxit,
1277 4592 1390 4640 uocatum
1413 4589 1444 4639 ud
1463 4602 1490 4638 se
1508 4590 1618 4638 Marcum
1631 4586 1688 4633 llo·

913 4694 1018 4754 ratium,
1040 4691 1082 4754 qui
1097 4704 1127 4740 ex
1149 4685 1286 4751 trigeminis
1304 4685 1414 4746 reliquus
1434 4685 1500 4742 erat,
1518 4694 1574 4729 cum
1600 4677 1682 4728 lectis·

913 4797 983 4848 simis
1009 4793 1135 4859 equitibus
1158 4793 1183 4841 et
1209 4787 1331 4853 peditibus
1361 4783 1393 4834 ad
1421 4781 1570 4833 Albanorum
1598 4773 1686 4823 urbem

912 4897 960 4948 iter
969 4894 1073 4958 dirigere
1089 4890 1174 4950 iussit,
1195 4890 1221 4938 ct
1244 4886 1334 4935 moenia
1355 4885 1491 4945 ingressum
1515 4877 1544 4925 ut
1564 4869 1686 4932 amicum,

912 4993 997 5054 cisque
1017 4988 1060 5054 qui
1074 4989 1100 5038 in
1117 5000 1146 5038 ea
1169 4982 1366 5047 esseotpotitum
1384 4975 1436 5024 ⁵0¹0
1459 4969 1545 5021 urbem
1567 4977 1681 5029 wilm,

912 5087 986 5140 nullis
999 5086 1037 5136 vel
1052 5082 1153 5150 privatis
1166 5080 1205 5131 rel
1224 5074 1328 5143 publicis
1345 5068 1454 5122 aediliciis
1472 5066 1627 5131 parcentem,
1637 5075 1686 5114 cx·-

912 5184 990 5251 ceptis
1003 5182 1080 5236 sacris
1093 5184 1135 5231 :at
1148 5178 1179 5229 ab
1190 5175 1256 5227 omni
1266 5171 1392 5224 hominum
1399 5163 1467 5217 carde
1479 5167 1504 5216 ot
1515 5162 1605 5215 iniuria
1618 5161 1676 5213 aba·
