3772 5828
203 369 264 431 596

722 365 890 425 DlONYSll
911 363 1284 426 tintinabulssurtsls

202 523 261 567 νοος
277 501 358 568 αὐτῆς
379 497 474 561 τόπους
494 494 606 560 πολλοὺς
632 492 732 574 σρόδρα
748 494 841 571 ὄντας,
861 497 884 554 oi
902 496 924 553 δ’
943 497 979 563 εἰς
1031 504 1084 566 jam
1095 502 1220 566 decrepita
1233 505 1313 562 erant,
1333 504 1359 551 et
1373 513 1437 565 quos
1451 498 1639 566 rbsscorporis
1653 499 1826 564 deficiebant,

202 587 236 649 τὰ
251 587 434 668 παρακείμενα
452 584 543 645 πεδία.
567 581 651 644 Ὅσοι
665 582 688 640 δ’
710 582 815 654 ἡλικίας
829 585 855 642 έν
872 586 910 664 τῷ
925 607 978 642 πα·

204 678 353 757 ρηκμακότι
366 666 435 746 ἦσαν
449 674 495 733 καί
511 672 601 751 ῥώμης
616 670 740 745 σώματος
756 672 782 729 ἐν
795 672 834 750 τῷ
851 669 979 750 ἀδυνάτῳ,

202 767 237 826 τδι
254 767 318 843 τέγη
332 768 384 823 τῶν
402 765 490 822 οἰκιῶν
506 767 628 837 κατεῖχον
649 755 706 832 ἅμα
721 756 857 835 γυναιξίν,
878 763 914 824 ὡς
927 760 980 816 ἀπὸ

161 888 174 926 ς
202 856 300 915 τούτων
313 851 501 932 ἀγωνιούμενοι
512 848 575 926 πρὸς
583 848 641 912 τοὺς
653 847 863 917 είσιληλυθότας·
875 845 979 904 ίίπαντα

202 943 253 1025 γάρ
277 946 363 1008 αὐτοῖς
389 939 473 998 ἐδόκει
490 936 575 1014 μεστά
598 925 666 993 εἶναι
686 933 816 1010 πολέμου.
860 934 980 1016 Ἡμέρας

203 1034 231 1092 δὲ
245 1033 401 1109 γενομένης,
418 1033 452 1094 ὼς
468 1025 586 1104 ἐγνώσθη
610 1025 644 1084 τά
665 1025 852 1103 κεκρατημίνα
872 1028 919 1096 τῆς
932 1023 981 1083 πό·

202 1123 269 1190 λεως
288 1119 391 1200 χωρία,
406 1119 452 1177 καὶ
471 1117 542 1182 ὅστις
555 1105 587 1186 ἦν
607 1118 621 1173 θ
646 1114 767 1193 κατέχων
781 1112 848 1191 ἀνὴρ
860 1111 920 1181 τοὺς
937 1115 979 1173 τό·

202 1233 283 1282 παυς,
296 1212 320 1268 ot
336 1207 383 1285 μίν
400 1206 496 1265 θπατσι
511 1202 681 1282 προελθόντες
695 1204 731 1269 είς
746 1200 794 1273 τὴν
807 1199 905 1283 ἀγορὰν
920 1203 981 1262 ἱκά-

150 1320 176 1360 ιυ
202 1301 263 1357 λουν
278 1296 337 1364 τοὺς
350 1294 460 1361 πολίτας
471 1292 515 1353 ίπῖ
529 1291 563 1350 τά
584 1290 670 1364 ὅπλα,
684 1294 709 1350 οἱ
723 1291 751 1351 δί
764 1289 900 1371 δήμαρχοι
915 1313 979 1369 προ·

203 1384 397 1462 σκαλεσάμενσι
414 1381 458 1441 τδν
469 1382 553 1459 δῆμον
570 1379 607 1446 εἰς
619 1378 763 1451 ἐκκλησίαν
777 1377 876 1457 έλεγον,
887 1378 929 1439 ότι
942 1382 981 1458 τῷ

203 1472 252 1549 μίν
274 1470 433 1551 συμφέροντι
455 1474 502 1540 τῆς
523 1469 626 1532 πόλεως
648 1467 720 1527 οὐδὲν
738 1466 839 1536 ἀξιοῦσι
853 1465 979 1547 πράττειν

203 1559 329 1631 ίναντίον,
345 1557 445 1617 δίκαιον
460 1555 488 1615 di
504 1553 737 1633 θπολαμόιίνουσιν
749 1546 815 1615 εἶναι
825 1557 979 1627 τηλικοῦτον

205 1652 294 1728 όιγῶνα
307 1648 437 1726 μέλλοντα
452 1644 495 1704 τδν
507 1645 591 1722 δῆμον
608 1644 746 1721 ὑπομένειν
768 1644 812 1702 tet
827 1650 913 1724 ῥητοῖς
926 1668 980 1704 τισι

150 1742 176 1781 ¹⁶
204 1735 249 1795 καί
263 1735 443 1816 δωρουμένους
455 1733 499 1793 tut
509 1732 540 1793 τὸ
553 1733 714 1810 κινδύνευμα
729 1735 836 1815 χωρεῖν.
855 1761 868 1786 r
886 1736 918 1795 Ei
932 1733 980 1811 μίν

204 1852 216 1878 ο
233 1817 294 1899 ούν,
309 1824 423 1905 ἔφασαν,
440 1824 559 1901 λέγοντες
573 1822 802 1902 θπισχνοῦνταίτε
814 1826 877 1899 ἡμῖν
894 1826 918 1882 οἱ
931 1846 981 1882 πα·

203 1941 217 1967 α
231 1913 325 1992 τρίκιοι
346 1911 393 1972 καί
406 1913 507 1977 πίστεις
524 1911 663 1989 βούλονται
678 1911 768 1969 δοῦναι
789 1912 835 1976 τάς
852 1911 895 1969 tri
915 1914 979 1970 θεῶν

204 2031 217 2055 ιι
232 2003 287 2076 ὅτι,
305 2000 494 2066 καταλυθέντος
518 2000 594 2059 τοῦδε
620 2004 664 2058 τοῦ
688 1999 821 2076 πολέμου,
843 2000 980 2082 συγχωρή·

204 2119 217 2145 α
233 2114 321 2151 σουσιν
346 2091 409 2166 ἡμῖν
434 2087 570 2156 ἀποδεῖξαι
593 2087 733 2162 νομοθέτας
754 2091 800 2147 καί
824 2088 867 2147 τδν
888 2091 979 2148 λοιπόν

150 2193 177 2234 ao
205 2178 327 2258 «χρόνον
349 2180 376 2236 ίν
392 2174 514 2257 ἰσηγορίᾳ
530 2175 732 2247 πολιτεύεσθαι,
752 2176 979 2253 συνελευθερῶμεν

204 2297 216 2323 α
234 2272 320 2336 αὐτοῖς
334 2272 381 2343 τὴν
398 2272 531 2350 πατρίδα·
546 2272 570 2330 εί
584 2269 614 2330 δυ’
624 2269 698 2332 critis
711 2271 812 2342 ἀξιοῦσι
828 2284 912 2336 ποιεῖν
929 2275 983 2332 τῶν

204 2386 217 2412 ι
233 2359 355 2440 μετρίων,
365 2360 391 2417 τί
405 2361 587 2440 κινδυνεύομεν
599 2364 648 2424 καί
662 2363 709 2430 τάτ
723 2362 810 2445 ψυχὰς
822 2365 888 2446 ὑπὲρ
898 2365 987 2425 αὐτῶν

202 2475 216 2502 α
230 2446 374 2528 προϊέμεθα
403 2451 512 2522 μηθενὸς
535 2452 634 2528 ἀγαθοῦ
658 2451 795 2528 μέλλοντες
818 2454 984 2515 ἀπολαύσεσ-

204 2563 217 2589 ι
232 2540 275 2596 θαι
283 2560 292 2610 ;
307 2563 320 2589 υ
333 2571 372 2582 -
391 2538 417 2597 Τ
418 2542 486 2596 αὔτα
500 2536 629 2616 λεγόντων
652 2538 752 2607 αὐτῶν,
773 2533 877 2595 καὶτοῦ
892 2535 978 2615 δήμου

148 2633 177 2672 ²⁶
203 2624 358 2700 πειθομένου
374 2624 418 2683 καί
437 2624 504 2700 μηδὲ
521 2625 609 2705 φωνὴν
624 2624 796 2700 ὑπομένοντος
808 2621 911 2682 ἀκούειν
927 2626 979 2682 τῶν

204 2711 269 2771 ἀλλο
285 2736 310 2770 τι
325 2711 542 2791 παραινούντων,
560 2715 575 2771 θ
591 2711 639 2790 μίν
664 2709 793 2777 Κλαύδιος
812 2711 885 2769 οὐθὲν
905 2711 980 2782 ἠξίου

203 2800 304 2859 δεῖσθαι
321 2800 391 2879 [τῆς]
406 2799 530 2872 τοιαύτης
547 2798 717 2879 συμμαχίας,
734 2799 790 2871 ἥτις
801 2800 849 2879 οὐχ
863 2797 980 2867 ἑκούσιος

203 2891 262 2950 ἀλλ’
277 2890 320 2951 tui
336 2893 422 2971 μισθῷ
434 2893 480 2951 καὶ
499 2890 558 2950 otti
579 2889 665 2969 τούτῳ
680 2889 779 2970 μετρίῳ
793 2892 896 2967 βοηθεῖν
913 2888 980 2967 βοό-

202 2977 277 3037 λεται
302 2982 335 3059 τῇ
360 2976 483 3057 πατρίδι,
501 2979 560 3035 ἀλλ’
581 2976 676 3044 αὐτοὺς
690 2976 739 3057 ips,
755 2977 815 3042 τοὺς
829 2977 980 3056 πατρικίους

150 3087 177 3127 to
203 3069 303 3125 έαυτῶν
329 3067 435 3141 σώμασι
450 3065 496 3123 καὶ
515 3068 569 3123 τῶν
592 3062 720 3124 συνόντων
746 3063 833 3130 αὐτοῖς
859 3065 981 3122 πελατῶν

203 3152 415 3231 ὁπλισαμένους,
433 3153 477 3211 καί
492 3152 517 3212 εί
534 3175 560 3212 τι
577 3151 643 3212 οίλλο
657 3154 755 3223 πλῆθος
768 3150 914 3211 ἐθελούσιον
930 3154 981 3212 αύ-

203 3252 256 3307 τοῖς
272 3249 424 3319 συναρεῖται
446 3247 490 3300 τοῦ
515 3242 653 3317 πολέμου,
670 3240 738 3317 μετά
753 3239 851 3299 τούτων
870 3245 981 3321 πολιορ-

204 3335 258 3391 κεῖν
272 3328 305 3388 τδι
321 3330 446 3412 φρούρια·
461 3329 505 3391 έδιν
527 3330 554 3389 δὲ
568 3327 635 3408 μηδὲ
652 3327 735 3395 ούτως
756 3327 898 3410 ἀξιόχρεως
912 3335 928 3402 ἡ
942 3333 983 3391 δυ’·

203 3443 281 3498 ναμις
303 3420 388 3486 αὐτοῖς
408 3408 475 3478 εἶναι
494 3420 575 3498 δοκῇ,
599 3417 726 3485 Λατίνους
740 3442 767 3477 τε
782 3420 827 3477 καί
853 3416 982 3501 Ἕρνικας

150 3527 178 3567 ss
204 3510 385 3589 παρακαλεῖν,
404 3508 447 3567 tio
463 3507 491 3568 δὲ
506 3508 626 3586 ἀνάγκη,
649 3506 695 3565 καί
713 3507 813 3574 δούλοις
831 3509 981 3588 ἐλευθερίαν

205 3600 389 3677 ὑπισχνεῖσθαι
407 3597 452 3655 καί
467 3597 569 3664 πάντας
584 3593 713 3674 polluet
728 3595 786 3663 τοὺς
803 3597 846 3656 ieri
861 3601 984 3659 τοιούτων

206 3690 304 3765 καιρῶν
328 3684 553 3761 μνησικακοῦντάς
577 3707 650 3765 σρισι
675 3687 852 3764 παρακαλεῖν.
898 3685 932 3748 Ὁ
956 3688 983 3746 δί

210 3774 294 3853 ἕτερος
309 3778 361 3832 τῶν
376 3773 483 3832 ὑπάτων
497 3771 642 3852 Οὐαλέριος
662 3774 784 3851 ἀντίλεγε
800 3776 864 3856 πρὸς
885 3781 984 3849 ταῦτα,

210 3863 256 3921 oin
273 3862 388 3939 οἰόμενος
403 3864 455 3920 δεῖν
477 3864 647 3942 ἠρεθισμένον
666 3861 696 3920 τδ
717 3864 859 3939 δημοτικὸν
876 3865 986 3924 έκπολε·

156 3981 185 4020 to
212 3955 299 4025 μῶσαι
315 3951 411 4018 τελέαις
427 3962 480 4019 τοῖς
499 3950 667 4030 πατρικίοις,
685 3941 750 4019 εἶξαί
769 3974 798 4008 τε
814 3951 986 4011 consistitur

209 4041 248 4117 τῷ
261 4044 343 4118 καιρῷ
356 4041 401 4099 καί
414 4040 477 4118 πρὸς
493 4038 540 4115 μέν
558 4038 616 4104 τοὺς
631 4039 723 4104 ἔξωθεν
738 4039 868 4113 πολέμους
881 4041 914 4098 τά
932 4040 983 4124 [γε]

213 4125 287 4203 βίαια
302 4128 479 4200 ἀντιτάττειν,
505 4130 569 4207 πρὸς
592 4125 620 4185 δέ
635 4125 682 4194 τάς
703 4126 838 4193 πολιτικάς
853 4126 939 4206 ἔριδας
952 4129 987 4187 τά

211 4213 306 4291 μέτρια
332 4215 376 4271 καὶ
404 4215 567 4292 εὐγνώμονα.
620 4213 731 4286 Ἐπειδὴ
756 4213 785 4273 δὲ
807 4221 859 4280 τοῖς
883 4216 988 4277 πλείοσι

210 4305 261 4361 τῶν
274 4304 299 4359 ἐν
311 4307 348 4381 τῷ
363 4305 488 4384 συνεδρίῳ
498 4306 530 4364 τδι
546 4305 674 4386 κράτιστα
691 4305 773 4364 ἐδόκει
785 4304 880 4382 λέγειν,
893 4311 987 4385 προελ·

157 4417 185 4456 aa
212 4392 279 4466 θῶν,
295 4393 422 4451 τελευτῶν
444 4399 491 4465 τῆς
516 4395 681 4474 δημηγορίας
704 4392 891 4470 ὡμολόγησεν,
913 4396 987 4456 έόινθ

212 4480 294 4556 δῆμος
311 4479 456 4559 συνάρηται
475 4484 543 4558 μετὰ
566 4484 714 4564 προθυμίας
739 4487 783 4541 τοῦ
806 4483 922 4560 πολέμου
942 4485 986 4544 καί

211 4575 331 4648 καταστῇ
354 4569 388 4627 τὰ
412 4570 560 4650 πράγματα
589 4577 635 4643 τῆς
660 4571 779 4640 πόλεοις,
805 4571 986 4650 συγχωρήσειν

211 4667 263 4726 τοῖς
278 4658 423 4737 δημάρχοις
437 4660 570 4739 προθεῖναι
584 4664 622 4740 τῷ
637 4660 733 4732 πλήθει
749 4656 797 4729 τὴν
812 4659 930 4736 περὶτοῦ
944 4660 987 4718 νό·

213 4772 262 4824 μου
275 4746 432 4824 διάγνωσιν,
449 4747 476 4805 δν
493 4748 624 4827 είσέρερον
639 4747 763 4828 ύπὲρτῆς
779 4747 927 4821 ἰσονομίας,
943 4747 987 4807 καί

158 4870 185 4907 ω
212 4836 368 4896 σπουδάσειν
382 4836 451 4902 ὅπως
465 4836 508 4895 tri
520 4839 567 4909 τῆς
577 4840 672 4896 ἑαυτοῦ
685 4839 771 4915 ἀρχῆς
781 4835 824 4894 ἐπί
834 4835 906 4900 τέλος
917 4839 986 4916 ἀχθῇ

211 4924 245 4980 τδι
263 4923 374 4993 δόξαντα
388 4930 425 5006 τῷ
449 4926 535 5007 δήμῳ.
578 4915 632 4985 Ἦν
647 4925 675 4983 δὲ
690 4924 742 5000 οίρα
758 4921 828 4981 οὐθέν
845 4923 916 4999 αύτῷ
936 4946 986 4980 πε-

212 5013 349 5087 πρωμένον
373 5014 524 5074 ἐπιτελέσαι
547 5017 598 5073 τῶν
624 5011 858 5090 ὁμολογηθέντων,
875 5011 986 5080 πλησίον

212 5096 290 5169 Οὔσης
304 5104 351 5170 τῆς
364 5109 409 5161 τοῦ
425 5103 537 5163 θανάτου
553 5102 658 5181 μοίρας.

252 5184 332 5247 thl.
354 5189 483 5264 Λυθείσης
508 5189 536 5249 δὲ
558 5193 605 5264 τῆς
629 5187 786 5264 ἐκκλησίας,
815 5185 873 5266 περὶ
898 5186 986 5261 δείλην

1034 596 1125 647 aedium
1140 600 1208 646 tecta
1223 608 1337 645 unacum
1361 592 1506 644 mulieribus
1522 596 1689 658 occuparunt,
1710 599 1742 646 nt
1767 595 1828 649 inde

1035 694 1168 756 pugnarent
1181 703 1237 739 euru
1263 688 1389 749 hostibus,
1409 688 1451 752 qui
1467 691 1593 739 renerent.
1639 689 1737 739 omnia
1756 691 1826 741 enirn

1034 786 1088 836 loca
1099 784 1212 835 hostibus
1225 784 1325 848 oppleta
1344 782 1485 833 credebant.
1520 783 1602 834 Prima
1617 795 1679 834 vero
1691 783 1763 849 lnce,
1780 787 1825 839 ubi

1035 882 1158 947 cognitum
1179 883 1219 931 est
1243 879 1351 929 civitatis
1366 892 1436 929 arces
1457 881 1603 943 occupatas,
1628 883 1655 931 et
1681 882 1743 946 quis
1754 888 1826 936 esset

1034 979 1077 1043 qui
1087 991 1115 1027 ea
1128 977 1181 1027 loca
1188 980 1347 1041 occupasset,
1359 976 1473 1026 consules
1485 976 1509 1025 in
1520 976 1601 1029 torum
1614 979 1744 1044 progressi
1755 980 1825 1033 eires

1035 1077 1066 1126 ud
1086 1088 1155 1125 arma
1170 1074 1300 1125 vocabunt.
1329 1076 1360 1123 at
1381 1073 1491 1134 tribuci,
1513 1073 1606 1140 populo
1627 1076 1662 1127 ad
1675 1079 1825 1131 motionem

1035 1174 1182 1232 convocato,
1206 1170 1322 1221 dicebant
1350 1183 1378 1220 se
1410 1169 1553 1234 reipublice
1581 1172 1722 1225 commodis
1753 1176 1825 1227 nullo

1035 1267 1108 1319 modo
1127 1268 1254 1319 adversari
1277 1266 1339 1317 velle
1359 1286 1365 1316 τ
1389 1265 1433 1316 sed
1455 1279 1554 1329 roquum
1574 1280 1696 1331 censere,
1711 1273 1740 1319 ut
1753 1270 1825 1335 plebs

1036 1369 1131 1416 tantum
1144 1369 1268 1415 conamen
1286 1363 1414 1424 subitura,
1436 1362 1511 1413 certis
1533 1363 1660 1428 aliquibus
1678 1379 1710 1417 ac
1728 1366 1823 1418 diserte

1035 1467 1160 1530 expressis
1173 1464 1357 1518 conditionibus
1378 1461 1404 1513 id
1413 1462 1550 1527 periculum
1568 1460 1658 1513 adiret.
1677 1483 1690 1505 α
1708 1464 1735 1514 Si
1747 1463 1823 1528 igitur

1037 1586 1049 1608 ιι
1066 1564 1230 1628 (inquiebant)
1241 1561 1337 1628 patricii
1351 1561 1423 1612 robis
1437 1560 1607 1624 polliceantur,
1622 1567 1649 1613 et
1661 1562 1821 1625 iureiurando

1036 1682 1049 1706 α
1066 1675 1093 1712 se
1105 1661 1180 1713 velint
1194 1662 1348 1726 obstringere
1357 1674 1395 1721 se,
1417 1658 1488 1709 linito
1506 1659 1641 1722 bochello,
1658 1660 1820 1724 permissuros

1038 1782 1051 1806 ι
1066 1761 1139 1811 nobis
1154 1759 1305 1825 legislatores
1321 1771 1413 1819 creare,
1424 1760 1487 1808 etse
1498 1757 1524 1808 iu
1537 1762 1666 1822 posterum
1681 1770 1753 1821 aquo
1761 1755 1819 1819 iure

1038 1880 1050 1903 ι
1068 1860 1194 1911 nobiscum
1208 1859 1326 1920 victuros,
1336 1857 1483 1922 adjuvemus
1497 1870 1541 1907 scs
1552 1855 1578 1907 in
1588 1856 1716 1909 liberanda
1724 1858 1819 1922 patria:

1038 1978 1049 1999 ι
1066 1956 1132 2021 quod
1144 1957 1165 2007 si
1174 1957 1206 2006 od
1216 1955 1297 2006 nullas
1312 1968 1396 2018 anuas
1411 1953 1565 2005 conditiones
1574 1952 1651 2005 velint
1661 1953 1820 2013 descendeoe,

1039 2077 1051 2098 ι
1068 2067 1114 2105 cur
1142 2068 1187 2119 pro
1210 2054 1258 2104 illis
1283 2053 1359 2103 ritem
1391 2054 1501 2102 nostram
1523 2050 1639 2116 periculis
1660 2051 1821 2115 objiciemus,

1037 2174 1050 2197 «ι
1067 2152 1166 2218 quando
1189 2153 1273 2203 nullus
1287 2150 1382 2201 tructus
1400 2149 1433 2200 ad
1456 2163 1503 2200 ουτ
1516 2148 1572 2201 inde
1585 2151 1623 2199 est
1644 2147 1791 2198 roditurus?
1805 2168 1818 2193 ι

1037 2251 1097 2300 llcc
1110 2248 1317 2309 illisdirembus,
1329 2251 1356 2298 et
1378 2245 1448 2312 plebe
1466 2244 1526 2311 lpds
1533 2242 1731 2309 οίιῖειομετεαιε,
1746 2249 1772 2296 et
1784 2257 1817 2296 ue

1037 2361 1125 2399 vocem
1140 2347 1243 2413 quidem
1267 2345 1414 2410 cujusquam
1436 2340 1648 2395 circumdantis
1666 2341 1753 2391 audire
1770 2355 1817 2392 ro·

1037 2443 1116 2503 lente,
1131 2443 1250 2494 claudius
1269 2442 1333 2493 dixit
1346 2443 1393 2494 sibi
1411 2445 1502 2496 talibus
1515 2445 1590 2497 sociis
1601 2460 1664 2512 opus
1680 2462 1731 2500 uon
1744 2464 1816 2516 csse,

1036 2532 1140 2599 quinon
1152 2533 1227 2592 ultro,
1241 2533 1285 2584 sed
1297 2534 1420 2599 mercede,
1431 2548 1512 2601 eaque
1523 2551 1572 2589 non
1583 2540 1680 2591 modion
1689 2542 1820 2594 conductis

1036 2624 1122 2689 patriae
1132 2637 1206 2690 opem
1217 2625 1282 2676 terra
1292 2625 1383 2677 vellent
1396 2648 1402 2678 ι
1415 2641 1493 2693 quare
1503 2630 1614 2693 dicabat
1624 2634 1694 2697 ipsos
1702 2635 1821 2699 patricios

1038 2757 1095 2793 eum
1105 2743 1159 2794 suis
1171 2741 1301 2793 clientibus
1315 2745 1433 2803 armatos,
1452 2744 1479 2792 et
1494 2754 1553 2792 curn
1564 2739 1629 2802 dus,
1643 2740 1720 2806 siqui
1733 2741 1818 2792 volun·

1039 2840 1096 2891 larii
1117 2853 1144 2890 se
1166 2841 1197 2890 ed
1224 2838 1291 2889 illam
1305 2837 1363 2890 beili
1390 2840 1534 2891 societatem
1548 2838 1734 2904 adjunxissent,
1749 2854 1819 2893 eroes

1037 2937 1190 2989 obsessuros.
1231 2934 1304 2995 Quod
1326 2937 1348 2986 si
1362 2936 1426 2988 sorte
1440 2952 1471 2989 ne
1487 2937 1645 3004 sicquidem
1662 2937 1721 2988 satis
1736 2939 1819 2991 valida

1038 3050 1166 3088 sumanus
1179 3035 1312 3098 rideretur,
1333 3036 1433 3087 Latinos
1442 3039 1468 3084 ot
1486 3035 1606 3086 llernioos
1621 3036 1653 3087 ab
1666 3037 1723 3102 ipsis
1735 3050 1819 3088 accer-

1039 3139 1115 3189 situm
1130 3139 1160 3189 iri
1172 3137 1275 3189 dicebat
1287 3160 1295 3185 :
1309 3141 1344 3200 ct,
1358 3136 1379 3186 si
1399 3136 1532 3188 necessitas
1543 3137 1696 3200 postularet,
1705 3152 1749 3189 cos
1768 3153 1821 3190 ser-

1040 3235 1079 3285 vis
1102 3238 1176 3286 ctiam
1198 3236 1338 3287 libertatem
1354 3234 1530 3298 promissuros,
1550 3232 1659 3298 denique
1679 3236 1823 3299 quorumvis

1038 3350 1110 3402 opern
1125 3336 1207 3401 potius
1216 3335 1400 3399 imploraturos,
1413 3347 1489 3398 quam
1510 3343 1607 3392 eorum,
1618 3333 1661 3396 qui
1674 3337 1727 3384 tarn
1739 3334 1822 3399 iniquc

1039 3437 1125 3503 patrire
1136 3438 1246 3500 tempore
1269 3437 1380 3485 veterum
1393 3433 1544 3484 ostensarum
1563 3432 1711 3484 memorium
1720 3434 1821 3485 retrica-

1039 3542 1102 3589 rent.
1130 3540 1162 3587 tlt
1186 3535 1312 3596 valerius,
1333 3536 1387 3586 eius
1411 3534 1518 3600 collega,
1543 3538 1629 3585 contra
1651 3535 1707 3584 brec
1725 3535 1829 3589 dioelat.

1040 3639 1100 3704 quia
1111 3636 1225 3689 censebat
1244 3633 1340 3699 plebem
1360 3633 1411 3696 jam
1433 3629 1555 3681 irritatam
1583 3642 1632 3679 non
1654 3642 1711 3679 esse
1726 3631 1823 3693 penitus

1040 3737 1175 3803 apatriciis
1197 3733 1359 3792 alienandum,
1377 3735 1402 3782 et
1418 3730 1538 3782 suadebat
1556 3732 1586 3779 ut
1604 3728 1712 3794 tempori
1725 3727 1824 3778 cederet

1040 3832 1066 3880 ct
1084 3841 1141 3879 cum
1162 3831 1265 3877 externo
1287 3824 1357 3874 lrcste
1372 3822 1404 3872 de
1424 3822 1480 3887 jure
1495 3821 1634 3882 dimicaret,
1665 3819 1691 3870 in
1707 3820 1823 3871 civilibus

1043 3943 1100 3980 rero
1112 3928 1240 3978 discordiis
1252 3941 1283 3977 ex
1302 3939 1373 3989 aequo
1387 3929 1412 3976 et
1429 3925 1533 3987 benigne
1547 3923 1708 3988 disceptaret.
1740 3926 1824 3982 Quum

1041 4033 1124 4081 autern
1134 4029 1220 4092 majori
1236 4031 1334 4094 patrum
1348 4027 1412 4092 parti
1432 4026 1466 4077 illi
1484 4026 1607 4091 optimum
1620 4024 1750 4077 eonsilium
1763 4024 1823 4076 dare

1042 4133 1175 4193 videretur,
1187 4136 1246 4182 tune
1264 4142 1410 4195 progressus
1424 4128 1606 4189 incondium,
1622 4127 1757 4191 ίιοθῖιεηυε
1770 4126 1823 4177 ele·

1042 4230 1240 4293 gantioratione.
1253 4241 1325 4276 suam
1336 4227 1477 4276 concionem
1496 4225 1657 4291 jurejurando
1675 4224 1777 4283 οίεοείί,
1797 4223 1821 4273 si

1042 4328 1145 4391 populus
1160 4326 1185 4375 id
1205 4325 1297 4375 bellum
1318 4323 1432 4373 alacriter
1453 4323 1611 4387 suscepisset,
1622 4325 1648 4373 et
1664 4333 1702 4371 res
1715 4319 1822 4371 urbanae

1042 4423 1184 4487 compositae
1200 4422 1318 4482 luissent,
1333 4435 1360 4472 se
1379 4419 1484 4470 tribunis
1501 4421 1688 4484 permissurum,
1702 4422 1731 4467 ut
1748 4432 1823 4483 roga·

1042 4521 1135 4572 tionem
1148 4519 1178 4569 de
1187 4519 1251 4580 juris
1267 4520 1434 4583 aequcbilitato
1452 4520 1483 4570 ad
1497 4521 1616 4583 populum
1630 4518 1761 4577 referrent,
1773 4517 1825 4568 da·

1043 4623 1176 4682 [urumque
1190 4631 1290 4682 operam
1312 4622 1351 4677 ut,
1368 4617 1392 4667 in
1409 4631 1455 4667 suo
1477 4617 1623 4678 consulatu,
1636 4615 1704 4681 quod
1715 4616 1825 4680 populus

1039 4716 1167 4781 jussisset,
1186 4715 1252 4765 idad
1265 4715 1337 4765 finem
1357 4715 1542 4781 perduceretur.
1576 4714 1625 4767 Sed
1645 4715 1826 4766 tataleeratut

1043 4811 1104 4861 nilril
1116 4825 1210 4869 corum,
1230 4826 1287 4875 qum
1301 4814 1462 4876 promiserat,
1477 4814 1623 4877 prestaret,
1650 4812 1731 4861 morte
1756 4809 1826 4860 ialali

1043 4907 1111 4958 illurn
1122 4906 1174 4967 jaru
1187 4912 1297 4970 urgente.

1082 5198 1148 5247 xvl.
1161 5196 1269 5248 Dimissa
1286 5201 1370 5248 autem
1383 5199 1515 5260 concione,
1533 5197 1584 5249 snb
1595 5198 1770 5265 vespertinum
1778 5218 1827 5257 cra·
