3772 5828
204 302 265 364 ³58
720 304 890 367 DIONYSll
912 306 1294 373 HALICARNASSENSIS

209 457 222 483 ι
239 427 349 508 ἀτιμίας
368 428 411 490 διδι
437 430 487 504 τὴν
510 431 577 513 ύπὲρ
597 434 650 490 τῶν
671 436 775 493 πολλῶν
803 435 918 506 σπουδὴν
935 437 980 496 καὶ

210 545 223 574 ι
238 519 374 600 πρόνοιαν.
416 521 509 580 Ταῦτα
523 522 548 579 δ’
565 523 776 601 ἀπειργάσασθαι
798 524 982 606 συγκύψαντας

209 633 222 661 ιι
242 609 272 667 οὐ
286 606 344 674 τούς
361 608 549 688 χαριεστάτους
562 613 614 668 τῶν
635 611 790 690 πατρικίων,
815 612 939 691 ὐύριστδις
954 612 983 672 δέ

207 719 312 762 «τινας
330 695 377 753 καὶ
400 696 559 761 πλεονέκτας
590 697 651 778 περὶ
675 699 865 779 χρηματισμὸν
892 702 982 761 ἄδικον

161 801 175 841 n
204 812 216 836 ι
236 785 325 850 δεινῶς
346 784 557 855 ἐσπουδακότας,
578 784 603 844 oi
623 785 687 866 πρὸς
704 786 771 846 πολύ
791 788 914 870 διάφορον
936 792 981 851 καί

205 896 218 925 ι
235 869 279 930 tel
294 870 419 949 μιγαλοις
432 870 564 932 δανεισθὲν
577 873 663 940 τόκοις
678 876 764 935 πολλὰ
779 877 979 938 καταδουλωσά·

205 986 219 1014 ι
236 984 310 1038 μενοι
334 962 449 1019 πολιτῶν
469 959 592 1038 σώματα,
611 962 712 1031 τούτοις
724 988 752 1023 τι
767 963 843 1043 ὠμθς
857 966 903 1026 καί
917 974 981 1028 ὐπα-

205 1076 218 1102 e
235 1049 364 1129 ρηφάνους
377 1048 493 1125 ἀνάγκας
500 1050 699 1130 προσφέροντες,
712 1054 846 1134 ἀλλότριον
854 1055 980 1129 ἐποίησαν

201 1137 352 1215 ιγενίσθαι
381 1140 427 1209 τῆς
453 1139 655 1218 ἀριστοκρατίας
680 1140 751 1200 ἅπαν
770 1142 801 1201 τύ
822 1146 980 1220 δημοτικὸν,

148 1239 174 1279 ιο
204 1251 217 1279 ιι
234 1225 352 1306 ἑταιρίαν
370 1248 399 1285 τι
414 1226 608 1303 συστησάμινοι
620 1229 666 1287 καί
682 1227 781 1300 ταύτης
802 1231 980 1301 ἀναδείξαντες

203 1339 217 1366 ιι
232 1310 348 1374 Ἄππιον
371 1314 505 1374 Κλαύδιον
520 1316 653 1393 ἡγεμόνα,
669 1317 815 1392 μισόδημον
833 1318 916 1397 ἀνδρα
931 1322 977 1379 καὶ

203 1429 216 1454 ιι
235 1399 417 1482 ὀλιγαρχικόν,
429 1401 463 1461 δι’
474 1400 668 1462 έκείνουπάντα
677 1403 786 1485 φύρουσι
794 1403 978 1485 τθπράγματα

203 1492 280 1560 ιιι-ῆς
302 1490 413 1556 πόλεως.
454 1480 504 1556 Οἷς
519 1491 542 1549 εί
561 1489 599 1568 μὴ
615 1490 646 1550 ab
661 1496 808 1572 σωφρονοῦν
831 1491 910 1573 μέρος
931 1498 978 1567 τῆς

201 1606 213 1629 ι
230 1578 326 1657 βουλῆς
337 1572 459 1653 ἐμποδὼν
477 1577 613 1652 στήσεται,
623 1578 795 1640 κινδυνεύσειν
803 1581 868 1663 ὐπθρ
882 1584 978 1663 ἀνδρα·

148 1680 172 1720 tn
203 1668 363 1743 ιιποδισμοῦ
383 1669 428 1724 καὶ
445 1673 620 1749 κατασκαφῆς
635 1668 684 1740 τὴν
704 1667 791 1731 πόλιν.
841 1673 976 1732 Τελευτῶν

199 1781 212 1804 ιι
227 1753 255 1812 δέ
267 1751 421 1835 ἀπεφήνατο
438 1752 535 1835 [αὐτῷ]
549 1755 683 1814 συνδοκεῖν
702 1778 734 1834 τη
747 1757 879 1828 Μενηνίου
895 1763 977 1840 χρῆσ·

202 1869 215 1895 ι
233 1847 277 1902 θαι
289 1842 410 1922 ἷγνῶμῃ,
434 1842 478 1901 καὶ
500 1841 549 1915 τλν
564 1842 706 1921 πρισύιίαν
723 1845 839 1921 πέμπειν
862 1846 906 1905 διὰ
927 1871 977 1905 τα-

203 1960 215 1980 ιι
231 1930 313 2011 χέων,
328 1929 388 1998 τούς
399 1930 426 1989 δὲ
439 1931 534 2009 ἀνδρας
544 1931 714 2010 ἀφικομένους
725 1939 865 2013 πειρᾶσθαι
880 1933 928 2011 μίν
941 1938 976 2002 ύις

201 2044 216 2073 ιι
233 2018 370 2098 βούλονται
390 2019 589 2078 καταλύσασθαι
611 2018 658 2091 τὴν
674 2020 780 2080 στάσιν·
796 2024 818 2079 εί
832 2022 860 2081 ll
875 2021 913 2100 pil
935 2026 975 2083 δι-

145 2119 171 2156 κι
202 2107 290 2179 «δοίη
314 2130 352 2171 τις
368 2109 454 2171 αὐτοῖς
475 2104 493 2164 θ
520 2107 672 2185 βούλονται,
697 2106 820 2186 δέχεσθαι
841 2107 876 2166 τθι
901 2111 973 2170 διδύ-

201 2223 213 2246 (ῐ
231 2217 309 2269 imm·
324 2219 337 2246 D

237 2284 314 2342 le.
333 2278 412 2340 Μετθ
426 2283 516 2339 τοῦτον
535 2281 631 2352 ἀνέστη
642 2282 744 2352 κληθείς
755 2280 867 2352 Ἄππιος
882 2286 974 2346 Κλαύ-

197 2370 258 2441 διος,
273 2371 287 2426 ὁ
301 2371 347 2439 τῆς
368 2368 568 2442 ἐναντιουμένης
580 2373 618 2450 τῷ
634 2368 712 2450 δήμῳ
726 2370 843 2440 στάσεως
854 2371 972 2450 ἡγεμὼν,

198 2455 263 2538 ἀνὴρ
285 2455 355 2534 μέγα
376 2458 476 2536 φρονῶν
494 2456 535 2535 ἐφ’
554 2459 657 2537 ἑαυτῷ,
680 2457 726 2516 καί
748 2463 819 2519 τοῦτ’
842 2463 890 2521 οὐκ
912 2462 973 2522 ἀνιυ

143 2565 169 2604 ιο
196 2547 299 2612 δικαίας
312 2543 425 2624 πάσχων
447 2543 546 2612 αἰτίας·
565 2545 622 2604 ὅτε
642 2545 693 2624 γθρ
704 2547 766 2614 ἴδιος
781 2553 859 2608 αὐτοῦ
881 2549 936 2630 βίος
960 2554 974 2609 θ

195 2638 255 2692 καθ’
269 2632 372 2712 ἡμέραν
386 2633 498 2713 σώφρων
512 2633 558 2692 καί
579 2633 674 2712 σεμνὸς
692 2626 764 2708 M
779 2661 808 2698 τε
821 2639 972 2719 προαίρεσις

195 2727 248 2780 τῶν
269 2721 470 2798 πολιτευμάτων
492 2722 598 2801 εὐγενὴς
607 2724 652 2782 καὶ
670 2724 701 2783 τὸ
724 2724 828 2804 ἀξίωμα
853 2727 972 2796 σώζουσα

195 2817 242 2880 τῆς
269 2812 483 2890 ἀριστοκρατίας·
509 2812 534 2877 θς
555 2814 676 2893 ἀφορμὴν
703 2813 793 2873 λαύὼν
818 2815 865 2887 ris
892 2816 970 2895 [soil

195 2896 342 2975 Οὐαλερίου
363 2900 527 2976 δημηγορίαν
551 2898 676 2968 τοιούτοις
708 2902 841 2981 ἐχρήσατο
872 2904 972 2982 λύγοις·

142 2994 169 3034 ³⁰
195 2986 383 3047 «Ἐνάλάττονι
394 2984 441 3063 μὲν
453 2987 524 3067 αἰτίᾳ
535 2986 679 3067 Οὐαλέριος
689 2988 747 3071 [διν]
756 2983 881 3065 {intimis
892 2997 971 3052 αὐτοῦ

199 3101 210 3127 ι
227 3075 334 3154 γνώμην
350 3074 502 3153 ἀπεφήνατο
512 3073 604 3150 μόνην,
622 3078 674 3134 τῶν
687 3076 714 3135 δὲ
724 3077 848 3136 τάναντία
864 3081 973 3157 ἐγνωκό-

198 3188 211 3215 ι
227 3187 280 3222 των
304 3163 342 3240 μὴ
366 3162 519 3241 κατηγόρει·
548 3167 640 3244 περιῆν
661 3168 712 3243 γὰρ
734 3165 764 3224 διν
784 3168 856 3248 αὐτῷ
889 3170 971 3243 μηδὲν

198 3280 209 3305 ι
229 3255 341 3312 ἀκούσαι
356 3255 407 3310 τῶν
426 3250 575 3330 προσόντων
595 3256 668 3332 αὐτῷ
678 3257 777 3316 κακῶν.
792 3254 868 3316 Ἐπεί
884 3255 911 3316 δὲ
925 3261 972 3318 οὐκ

195 3370 208 3394 ,ι
228 3343 381 3422 ἀπέχρησεν
394 3342 466 3421 αὐτῷ
481 3346 591 3400 τοιαῦτα
612 3343 813 3417 συμύουλεύειν,
830 3344 857 3413 ἐξ
874 3337 909 3405 ῶν
927 3351 971 3408 οὐ·

139 3439 165 3478 aa
196 3459 207 3481 ι
230 3430 271 3489 dis
288 3430 347 3488 ἀλλ’
362 3429 379 3501 ἢ
395 3438 447 3496 τοῖς
470 3430 604 3496 κακίστοις
623 3435 676 3490 τῶν
692 3435 806 3494 πολιτῶν
833 3437 971 3497 δουλεύσο-

197 3547 208 3571 a
225 3543 283 3597 μεν,
306 3519 375 3577 ἀλλά
390 3519 434 3576 καὶ
454 3524 506 3578 τῶν
521 3521 724 3598 ἐναντιουμένων
740 3525 811 3605 αὐτῷ
833 3527 972 3607 καθήψατο

196 3635 208 3659 ιι
227 3607 315 3682 κάμοῦ
333 3606 474 3685 ἁψιμάχως
495 3607 623 3685 ἐμνήσθη,
650 3610 750 3682 πολλὴν
776 3614 894 3691 ἀνάγκην
918 3619 971 3693 δρῶ

197 3723 207 3746 ι
226 3695 307 3771 κάμοὶ
329 3695 390 3774 περὶ
407 3695 503 3753 τούτων
519 3699 600 3757 εἰπεῖν
621 3699 667 3757 καί
690 3705 794 3780 πρῶτον
821 3702 970 3763 ἀπολύσασ·

197 3812 208 3836 ι
225 3790 268 3842 θαι
278 3786 325 3852 τὰς
339 3788 398 3843 κατ’
411 3787 523 3859 ἐμαυτοῦ
536 3787 673 3856 διαύολάς·
688 3790 838 3851 ὠνείδισται
860 3792 911 3869 γάρ
925 3813 969 3866 μοι

196 3900 208 3925 ιι
226 3871 289 3951 πρὸς
303 3875 385 3932 αὐτοῦ
401 3874 563 3949 ἐπιτήδευμα
576 3873 635 3935 ούτι
649 3877 784 3937 πολιτικὸν
807 3876 861 3935 οὐτ’
876 3880 969 3957 εὐπρε·

196 3987 208 4010 ιι
225 3961 287 4029 πύς,
322 3965 356 4028 ὡς
390 3965 418 4020 ἐκ
451 3961 549 4029 παντὸς
571 3966 780 4043 χρηματίζεσθαι
815 3965 969 4046 προῄρημαι

195 4073 206 4096 ιι
224 4049 336 4124 τρόπου,
356 4050 400 4106 καὶ
422 4049 532 4116 πολλούς
549 4057 601 4110 τῶν
619 4057 738 4127 πενήτων
758 4053 898 4133 ἀφῄρημαι
920 4055 968 4126 τὴν

195 4162 207 4185 ιι
225 4134 381 4214 ἐλευθερίαν,
398 4140 442 4197 καί
457 4141 522 4211 ῶςὴ
543 4140 686 4207 ἀπόστασις
699 4147 744 4200 τοῦ
761 4141 845 4216 δήμου
862 4140 897 4199 δι’
921 4145 968 4220 ἐμὲ

195 4251 205 4274 ιι
225 4225 274 4302 οὐχ
293 4223 389 4295 ἥκιστα
410 4226 523 4305 γέγονεν.
569 4219 624 4288 Ὧν
640 4229 713 4288 οὐδὲν
731 4227 771 4288 δτι
783 4230 877 4301 ἀληθές
897 4235 967 4290 ἐστιν

124 4384 131 4394 .
152 4323 162 4356 ⁵
193 4340 204 4363 ιι
223 4312 278 4370 οὐδ’
299 4311 365 4389 ὑγιὲς
389 4313 475 4394 ῥᾴδιον
501 4316 562 4392 ὑμῖν
588 4323 691 4392 μαθεῖν,
717 4316 770 4378 Ἵθι
793 4311 967 4399 γάρ,εἰπέ,ῶ

194 4429 205 4453 ι
225 4400 365 4478 Οὐαλέριε,
379 4403 443 4468 τίνες
454 4403 518 4462 εἰσὶν
532 4404 575 4472 οὓς
585 4407 825 4484 κατεδουλωσάμην
838 4408 890 4488 ἐγὼ
904 4409 969 4487 πρὸς

194 4519 205 4540 ιι
224 4494 257 4547 ’.δι
278 4488 363 4567 χρέα;
383 4491 456 4557 τίνας
478 4494 504 4550 έν
525 4494 630 4570 δεσμοῖς
651 4495 760 4564 πολίτας
784 4497 860 4576 ἔσχον
880 4499 897 4568 ἢ
922 4504 966 4556 νῦν

194 4611 205 4633 ι
224 4580 298 4657 ἔχω;
315 4579 352 4645 τίς
366 4584 417 4639 τῶν
437 4584 624 4661 ἀφεστηκότων
644 4585 686 4644 διά
702 4587 748 4659 τὴν
759 4589 825 4664 ἐμὴν
840 4590 966 4664 ὠμότητα

193 4700 204 4723 l
224 4668 469 4748 Ιἲηφιλοχρηματίοιν
492 4672 612 4749 στέρεται
640 4678 688 4745 τῆς
712 4679 804 4736 ἑαυτοῦ
823 4676 964 4756 πατρίδοςς

136 4771 162 4806 bb
193 4781 204 4805 ιι
223 4759 282 4815 ἀλλ’
293 4759 340 4816 οὐκ
357 4757 389 4815 διν
400 4759 469 4835 ἔχοις
487 4760 580 4821 εἰπεῖν.
632 4765 765 4824 Τοσούτου
780 4766 831 4846 γὰρ
841 4766 892 4824 δέω
907 4765 966 4823 τιυδι

191 4867 204 4893 ι
220 4850 273 4904 τῶν
298 4849 414 4904 πολιτῶν
436 4848 683 4911 καταδεδουλῶσθαι
706 4855 770 4932 πρὸς
784 4855 872 4932 χρέος,
896 4852 965 4911 ὥστε

191 4956 204 4980 ιι
221 4934 326 4999 πολλοῖς
348 4933 418 4992 πάνυ
440 4932 474 4992 τά
496 4938 611 5011 ἐμαυτοῦ
631 4940 773 5020 προέμενος
798 4944 891 5001 οὐδένα
912 4945 964 5000 τῶν

192 5020 455 5098 «ἀποστερησάντων
482 5022 515 5099 μὲ
537 5024 678 5101 πρόσθετον
704 5030 875 5106 ἐποιησάμην
905 5031 963 5088 οὐδὲ

189 5123 207 5158 ιι
223 5099 333 5176 ἄτιμον,
354 5105 423 5164 ἀλλά
443 5109 539 5174 πάντες
557 5113 623 5173 είσλν
638 5116 776 5198 ἐλεύθεροι,
795 5117 840 5176 καὶ
869 5117 963 5183 πάντες

1038 467 1051 493 ι
1071 462 1126 499 esse
1140 464 1188 500 non
1207 451 1391 503 anobilissimls
1408 452 1502 504 ordinis
1514 455 1624 520 patricii,
1640 459 1685 511 sed
1698 462 1730 513 ab
1745 463 1813 517 lnso·

1039 570 1051 595 ι
1066 549 1174 602 lentibus
1187 565 1216 602 ae
1224 551 1306 602 araris
1320 552 1484 618 quibusdem,
1498 557 1524 606 et
1533 556 1678 610 iniustorum
1688 561 1814 618 lucrorum

1037 671 1049 695 ι
1066 651 1215 702 avidissimis
1236 651 1395 716 bominibus,
1415 654 1472 719 qui,
1491 657 1595 720 pecunia
1616 657 1707 724 ingenti
1724 669 1815 718 mutuo

1037 771 1050 796 ι
1064 752 1123 803 data
1139 753 1215 819 idque
1227 768 1316 819 magno
1327 755 1426 818 tenore,
1439 756 1532 808 multoe
1543 758 1612 809 eires
1629 759 1655 809 in
1665 763 1814 817 servitutem

1036 866 1049 892 ι
1065 848 1241 908 abduxissent,
1257 854 1333 914 atque
1352 850 1378 911 in
1401 865 1445 903 eos
1462 853 1561 904 omdele
1583 859 1609 905 et
1631 858 1765 920 superbum
1783 876 1813 913 ao

1038 965 1050 989 ι
1066 945 1203 998 dolentum
1215 953 1359 1000 exercentes
1373 949 1506 1016 imperium
1520 955 1598 1003 totam
1612 954 1710 1016 plebem
1724 959 1755 1009 ab
1767 974 1814 1026 op·

1036 1065 1049 1089 ι
1066 1045 1194 1097 timetibus
1205 1047 1366 1111 alienasseut,
1380 1054 1455 1114 atque
1466 1051 1597 1103 sodalitate
1612 1056 1732 1120 mndata,
1747 1060 1813 1112 eius·

1036 1164 1048 1189 ι
1064 1158 1114 1208 que
1125 1146 1188 1197 duee
1203 1151 1287 1197 creato
1296 1155 1358 1213 App.
1373 1149 1814 1218 cundi0‚virep1ebebsinlensoet

1036 1264 1049 1288 ι
1064 1258 1197 1308 paucorum
1209 1248 1327 1311 potentiae
1339 1249 1464 1312 studioso,
1482 1250 1551 1304 illius
1562 1266 1638 1319 opera
1651 1259 1728 1306 totam
1744 1272 1812 1310 rem·

1033 1364 1047 1389 ιι
1062 1345 1187 1410 publicam
1198 1347 1378 1401 subverterent.
1395 1351 1493 1410 Quibus
1505 1352 1553 1404 ulei
1566 1367 1626 1405 sana
1643 1360 1744 1409 mantus
1754 1371 1812 1422 pars

1033 1467 1046 1491 ι
1061 1448 1204 1511 obsisteret,
1217 1450 1352 1514 perieulum
1368 1465 1422 1503 esse
1434 1466 1465 1504 ne
1477 1455 1611 1519 reipublice
1624 1456 1648 1506 iu
1663 1458 1812 1512 servitutem

1034 1568 1046 1592 ι
1061 1549 1214 1614 redigeretur
1230 1554 1305 1614 etque
1321 1555 1484 1606 everteretur.
1530 1559 1659 1609 Postremo
1681 1560 1759 1622 dixit,
1784 1575 1812 1613 se

1033 1656 1045 1680 ι
1065 1651 1166 1703 quoque
1187 1653 1288 1691 censere
1308 1642 1414 1694 Meneuii
1435 1646 1584 1697 sententiam
1600 1649 1766 1713 serpuendem,
1784 1654 1812 1701 et

1031 1754 1044 1779 ι
1062 1735 1210 1800 legationem
1233 1720 1303 1788 oclus
1324 1738 1485 1802 mittendum,
1499 1740 1644 1807 legatosque
1661 1743 1693 1794 ad
1711 1744 1809 1808 plebem

1032 1849 1044 1873 ι
1060 1831 1182 1895 proiectos
1198 1834 1294 1883 tentare
1301 1871 1311 1898 ,
1322 1847 1354 1884 an
1368 1834 1491 1887 arbitratu
1502 1851 1549 1887 suo
1563 1838 1709 1890 seditionem
1721 1840 1809 1891 sedare

1032 1947 1044 1971 ι
1058 1933 1181 1993 possent:
1201 1930 1309 1993 quodsi
1329 1931 1399 1996 plebs
1421 1933 1470 1984 illis
1485 1947 1526 1993 ea,
1551 1949 1610 1999 quae
1630 1940 1743 2000 peterent
1762 1951 1810 1988 non

1030 2045 1043 2069 ι
1058 2025 1219 2087 concederet,
1234 2025 1385 2079 conditiones
1394 2028 1427 2078 ab
1436 2041 1465 2079 ea
1478 2029 1575 2080 oblatas
1586 2031 1742 2095 accipiendas
1753 2045 1811 2084 σεα-

1030 2141 1042 2164 ι
1055 2122 1138 2173 sebat.
1158 2141 1170 2165 ι

1059 2283 1122 2331 bill.
1142 2284 1200 2331 l‘ost
1212 2282 1279 2333 laune
1289 2286 1351 2348 App.
1368 2283 1490 2337 claudius
1505 2290 1609 2336 vocatus
1626 2288 1749 2349 surrexit,
1760 2287 1808 2338 ad·

1028 2383 1106 2421 unsre
1121 2369 1235 2421 iectionis
1247 2370 1298 2421 dux
1309 2373 1439 2436 magnifice
1449 2372 1481 2423 de
1493 2388 1521 2425 se
1538 2375 1656 2439 sentiens,
1667 2376 1741 2439 idque
1758 2390 1808 2427 non

1026 2457 1150 2510 immerito
1164 2481 1170 2510 ε
1187 2473 1243 2511 uam
1256 2465 1283 2511 et
1299 2461 1447 2525 quotidiana
1464 2464 1520 2514 eius
1532 2464 1584 2515 rite
1596 2464 1709 2516 modesta
1722 2470 1748 2516 et
1761 2479 1809 2516 re-

1027 2546 1137 2597 nerauda
1152 2552 1222 2610 erat,
1235 2549 1338 2612 eiusque
1356 2549 1455 2601 enimus
1476 2551 1502 2602 in
1522 2551 1719 2604 admiuistrauda
1734 2568 1809 2619 repu-

1027 2636 1090 2687 blica
1104 2650 1248 2701 geuerosus,
1274 2642 1300 2688 et
1319 2639 1449 2704 dignitatis
1462 2641 1611 2705 optimatum
1631 2644 1807 2694 conservanda

1026 2724 1169 2786 studiosus;
1191 2726 1249 2790 qui,
1266 2732 1363 2791 arrepta
1378 2729 1507 2781 occasione
1526 2744 1558 2781 ex
1578 2731 1670 2782 vulerii
1690 2732 1807 2783 concione

1027 2811 1137 2863 inhunc
1153 2813 1256 2863 modum
1280 2814 1357 2865 verba
1378 2815 1461 2866 lenit:
1486 2817 1593 2868 allinus
1617 2822 1684 2868 certe
1706 2818 1808 2881 culpan·

1026 2918 1039 2943 ι
1055 2900 1101 2950 dus
1129 2905 1197 2952 esset
1228 2900 1357 2963 valerius,
1378 2904 1399 2954 si
1422 2908 1518 2955 mutum
1550 2905 1698 2955 sententiam
1724 2907 1805 2955 'suam

1028 3008 1041 3033 ιι
1057 2989 1176 3062 dixisset,
1190 3003 1290 3040 neeeos
1303 2990 1348 3054 qrri
1364 2991 1492 3042 contrario
1507 2994 1565 3042 sunt
1586 2992 1714 3042 sententia
1730 3006 1804 3042 aecu-

1028 3083 1134 3129 nsassn
1159 3100 1165 3129 :
1189 3080 1224 3129 sie
1245 3079 1311 3129 enirn
1333 3080 1426 3130 nullum
1449 3093 1521 3129 suum
1543 3079 1631 3129 vitium
1650 3079 1804 3131 audiendum

1028 3188 1041 3211 ιι
1058 3171 1132 3218 esset.
1164 3170 1235 3218 Nune
1249 3182 1308 3219 vero
1327 3168 1442 3231 quomam
1454 3181 1503 3218 nou
1520 3167 1583 3218 satis
1602 3169 1626 3218 ei
1637 3168 1685 3218 iuit
1697 3183 1727 3219 ea
1745 3169 1805 3221 dare

1028 3278 1040 3300 ιι
1055 3256 1173 3318 consilia,
1186 3271 1219 3307 ex
1234 3258 1325 3320 quibus
1338 3255 1398 3306 nibil
1411 3255 1478 3307 aliud
1493 3259 1630 3320 sequetur,
1645 3257 1695 3307 nisi
1713 3262 1742 3309 ut
1761 3259 1804 3309 de·

1028 3367 1040 3390 ιι
1056 3346 1164 3397 terrimis
1179 3346 1277 3397 civibus
1298 3346 1450 3408 serviamus,
1465 3346 1510 3397 sed
1529 3346 1603 3397 etiam
1625 3361 1670 3396 eos
1692 3347 1736 3410 qui
1758 3349 1804 3411 ipsi

1028 3455 1040 3479 ιι
1056 3434 1220 3486 adversantur
1234 3435 1394 3500 perstrinxit,
1412 3437 1438 3486 et
1452 3434 1501 3486 mei
1512 3435 1592 3487 obiter
1601 3435 1728 3499 quandam
1737 3448 1804 3486 men·

1028 3544 1040 3568 ι
1056 3524 1148 3574 tionem
1166 3525 1236 3586 iecit,
1252 3524 1324 3574 video
1340 3523 1403 3574 rnibi
1416 3538 1517 3589 quoque
1537 3538 1650 3588 maguam
1668 3525 1804 3575 necessita·

1026 3634 1038 3655 ιι
1055 3617 1105 3663 tem
1117 3613 1257 3677 impositam
1269 3625 1323 3662 esse
1338 3612 1369 3661 ad
1382 3612 1437 3663 haee
1452 3612 1632 3677 respondendi,
1653 3626 1684 3662 ao
1696 3613 1803 3678 primum

1025 3724 1036 3745 ιι
1053 3703 1152 3767 quidem
1167 3701 1228 3751 salsa
1241 3700 1343 3750 oriruina
1357 3701 1382 3750 iu
1398 3714 1439 3751 me
1452 3702 1564 3752 coniecta
1574 3701 1693 3752 diluendi.
1707 3705 1803 3766 Expro-

1026 3811 1038 3834 ιι
1053 3791 1150 3840 braturn
1166 3794 1230 3838 enirn
1248 3789 1309 3839 mibi
1327 3790 1373 3841 init
1389 3790 1462 3840 abeo
1479 3804 1560 3855 neque
1572 3792 1658 3849 civile,
1681 3803 1761 3853 neque
1775 3790 1803 3840 li·

1025 3899 1036 3923 ιι
1052 3880 1134 3931 berale
1149 3879 1273 3940 studium,
1290 3893 1329 3928 me
1348 3880 1418 3929 luera
1431 3881 1562 3943 quibusvis
1581 3880 1677 3930 artibus
1698 3892 1799 3929 consec·

1025 3989 1037 4013 ι
1053 3969 1112 4029 tari,
1126 3968 1247 4018 simultis
1263 3968 1411 4031 pauperibus
1423 3968 1565 4019 libertatem
1575 3967 1707 4031 eripuisse,
1725 3970 1801 4018 elme

1025 4058 1091 4107 uvel
1112 4060 1264 4123 praecipuum
1286 4064 1414 4110 auctorem
1444 4073 1499 4110 esse
1524 4059 1668 4111 secessionis
1690 4072 1706 4108 a
1732 4057 1801 4122 plebe

1024 4164 1036 4187 ι
1051 4147 1131 4198 iactae.
1145 4152 1258 4206 Quorum
1278 4148 1338 4198 nibil
1352 4162 1439 4198 verum
1453 4161 1532 4211 neque
1554 4162 1642 4198 sanum
1659 4162 1715 4200 esse
1728 4147 1800 4199 iaeile

1024 4249 1196 4300 «cognoscere
1226 4237 1339 4301 potestis.
1373 4237 1416 4287 Eia
1438 4237 1519 4298 enim,
1547 4237 1587 4287 die
1607 4238 1681 4299 mibi,
1703 4238 1799 4297 Valeri,

1024 4344 1035 4367 ιι
1050 4326 1150 4388 quinam
1170 4331 1228 4375 surrl
1242 4327 1291 4386 illi,
1313 4326 1357 4388 orii
1377 4326 1409 4375 ob
1423 4339 1458 4375 ces
1476 4326 1583 4377 alienum
1601 4328 1627 4377 iu
1653 4330 1800 4378 servitutem

1024 4433 1035 4455 ιι
1052 4428 1066 4462 a
1085 4428 1124 4463 me
1144 4415 1206 4477 rapti
1223 4418 1296 4465 sunt?
1315 4428 1377 4477 quos
1391 4428 1500 4477 unquam
1516 4415 1583 4464 cives
1595 4415 1620 4464 in
1640 4417 1745 4467 vinculis
1757 4418 1800 4465 aut

1023 4508 1105 4553 sante
1122 4504 1214 4563 habui,
1233 4507 1276 4552 aut
1291 4503 1340 4552 iarn
1356 4501 1455 4554 babeo?
1475 4504 1531 4565 quis
1543 4517 1643 4565 eorum,
1660 4505 1703 4567 qui
1718 4518 1799 4555 seces·

1022 4597 1147 4653 «serunt,
1170 4595 1270 4656 propter
1293 4604 1373 4641 meam
1389 4592 1561 4642 crudelitatem
1589 4597 1633 4641 aut
1655 4593 1797 4653 avaritiam,

1022 4697 1033 4719 ι
1047 4680 1126 4742 patria
1147 4694 1192 4730 sna
1203 4684 1287 4730 caret?
1305 4680 1349 4730 sed
1363 4686 1430 4731 certe
1447 4662 1541 4730 utillum
1563 4681 1691 4731 nominare
1703 4695 1796 4745 posses.

1022 4790 1033 4812 ιι
1051 4773 1158 4818 Tantum
1172 4769 1236 4818 enirn
1251 4770 1336 4824 abest.
1353 4772 1381 4819 ut
1393 4769 1437 4818 ulli
1452 4769 1499 4818 ciri
1511 4769 1653 4818 libertatern
1675 4771 1706 4819 ob
1721 4770 1800 4833 ipsius

1022 4881 1034 4903 ι
1049 4873 1083 4908 ωε
1093 4859 1200 4909 alienum
1213 4861 1355 4923 eripuerim,
1369 4863 1398 4909 ul
1411 4860 1486 4909 ctiam
1499 4861 1629 4922 permultis
1636 4860 1738 4925 largitus
1750 4862 1797 4910 slrn

1021 4968 1033 4991 ι
1051 4947 1082 4996 cle
1099 4949 1160 4996 meis
1178 4949 1296 5008 fortunis,
1310 4950 1336 4997 et
1351 4947 1447 4996 nullum
1467 4961 1566 5006 corum,
1585 4949 1626 5010 qui
1645 4963 1685 4998 mo
1703 4949 1797 4999 credite

1021 5057 1032 5080 ι
1047 5037 1150 5098 pecunia
1172 5036 1328 5094 fraudarunt,
1351 5034 1413 5082 mihi
1440 5035 1579 5085 adrlixcrirn
1598 5041 1642 5087 aut
1664 5037 1798 5102 ignominia

1022 5145 1033 5168 ιι
1051 5126 1175 5186 nemrim,
1194 5123 1238 5174 sed
1253 5136 1338 5173 omues
1353 5128 1410 5174 sunt
1433 5122 1517 5184 liberi,
1538 5138 1671 5188 omnesque
1692 5126 1754 5176 nribi
1768 5131 1797 5176 ut
