3772 5828
672 346 964 420 ANTlQUlTATUM
986 347 1137 409 ROMAN.
1162 349 1234 409 Lln.
1260 351 1312 410 XI.

173 477 357 559 τηγορηθέντες
384 475 455 549 ἢτά
476 475 614 557 ἀπόρρητα
640 476 705 555 πρδς
728 476 787 545 τοὺς
809 479 950 554 πολεμίους

173 571 289 649 ἐκφέρειν
302 566 320 639 ἢ
335 565 407 635 τάξιν
422 564 461 641 μὴ
480 566 634 645 φυλάττειν,
655 568 681 625 ἐν
694 568 731 646 τῷ
747 569 851 646 φανερῷ
869 589 950 624 κατα-

170 655 288 726 πλήξεως
302 653 378 713 ένεκα
394 655 446 710 τῶν
463 651 550 709 ἀλλων
565 651 731 712 ἀπώλλυντο.
786 651 906 730 Ἐγίνετο
919 655 945 715 δέ

171 745 271 825 διχόθεν
292 747 350 802 τῶν,
364 744 532 820 στρατιωτῶν
553 741 675 819 όλιθρος,
696 746 749 800 τῶν
773 743 821 817 μὲν
844 744 946 803 οἰκείων

128 855 144 892 s
171 838 218 906 τῆς
234 831 393 911 ὀλιγαρχίας
404 832 431 889 ἐν
449 834 505 896 ταῖς
521 828 585 907 πρδς
601 831 660 897 τοὺς
672 830 814 907 πολεμίους
829 835 949 909 συμπλο·

172 923 229 987 καῖς
256 919 495 1000 διαφθειρομένων,
521 920 572 977 τῶν
599 918 627 976 δέ
650 920 699 992 τὴν
728 921 949 1000 ἀριστοκρατικὴν

172 1011 320 1069 ποθούντων
335 1007 497 1066 κατάστασιν
513 1005 564 1065 ὑπὸ
577 1009 630 1065 τῶν
651 1011 807 1089 στρατηγῶν
830 1011 949 1069 ἀπολλυ·

173 1098 270 1172 μένων.

214 1187 305 1247 XXV.
329 1182 422 1244 Πολλδι
449 1182 476 1240 δέ
506 1188 613 1241 τοιαῦτα
635 1182 680 1241 καί
704 1183 772 1243 κατδι
797 1182 844 1256 τλν
873 1184 949 1243 πόλιν

120 1301 146 1340 lo
173 1272 223 1331 ὑπὸ
236 1276 287 1330 τῶν
308 1274 366 1349 περι
384 1270 428 1329 τόν
442 1267 555 1328 Ἄππιον
570 1269 678 1346 ἐγένετο.
698 1273 759 1330 Τῶν
775 1271 822 1347 μέν
838 1261 881 1330 οθν
903 1273 949 1330 ἀλ-

172 1365 235 1432 λων,
249 1359 340 1418 καίτοι·
349 1360 451 1437 συχνῶν
462 1356 671 1435 ἀναιρουμένων,
684 1358 798 1417 ἐλάττων
812 1366 865 1425 τοῖς
879 1359 950 1430 πλή-

173 1456 228 1508 θεσι
248 1448 324 1527 λόγος
352 1439 400 1519 ἦν·
428 1445 483 1512 inb<
505 1446 533 1504 δὲ
557 1445 647 1526 ἀνδρὸς
665 1448 872 1526 ἐπιφανεστάτου
895 1451 948 1505 τῶν

173 1539 337 1613 δημοτικῶν,
352 1536 397 1595 καί
413 1535 538 1601 πλείστας
552 1535 647 1613 ἀρετάς
663 1536 755 1600 ἐντοῖς
775 1533 844 1594 κατὰ
864 1533 945 1594 πόλε-

173 1649 221 1700 μον
237 1627 320 1705 ἔργοις
334 1621 555 1698 ἀποδειξαμένου,
566 1621 674 1688 θάνατος
688 1623 758 1697 ὠμός
773 1623 818 1682 καὶ
831 1623 946 1691 ἀνόσιος,

119 1741 145 1779 te
173 1714 346 1777 ἔπιτελεσθεὶς
370 1715 397 1770 ίν
413 1711 515 1793 θατέρῳ
539 1713 590 1769 τῶν
609 1709 812 1789 στρατοπέδων,
837 1711 898 1769 ἐνθα
923 1713 947 1771 οί

172 1809 241 1880 τρεῖς
257 1799 384 1878 ἡγεμόνες
397 1790 482 1871 ἦσαν,
500 1797 616 1865 ἅπαντας
629 1802 746 1876 ἑτοίμους
763 1799 867 1871 ἐποίησε
883 1799 946 1879 πρὸς

173 1891 220 1961 τὴν
233 1889 378 1948 ἀπόστασιν
390 1887 449 1955 τοὺς
461 1892 525 1949 ἐκεῖ.
554 1877 608 1948 Ἦν
624 1886 651 1946 δέ
663 1892 677 1946 θ
687 1889 815 1968 φονευθείς
827 1889 943 1962 Σίκκιος,

173 1978 248 2045 θτάς
262 1978 354 2036 ἑκατόν
368 1975 449 2035 είκοσι
462 1975 551 2055 μάχας
566 1977 761 2054 ἀγωνισάμενος
776 1978 820 2035 καὶ
836 1976 861 2046 ἐξ
877 1977 945 2034 άπα-

174 2069 226 2124 σῶν
251 2068 386 2145 τάριστεῖα
409 2063 514 2135 λαθὼν,
540 2062 568 2123 δν
592 2063 657 2145 έφην
681 2066 874 2141 ἀπολελυμένον
893 2066 944 2137 ἠδη

118 2188 147 2226 ου
174 2154 311 2235 στρατείας
328 2153 371 2213 διά
387 2153 432 2213 τδν
453 2154 546 2234 χρόνον
566 2152 684 2214 ίκούσιον
709 2159 755 2213 τοῦ
771 2154 835 2233 πρός
860 2155 947 2215 Αἰκα-

172 2243 230 2312 νοὺς
246 2243 408 2324 συνάρασθαι
429 2243 564 2319 πολέμου,
584 2246 694 2323 σπεῖραν
714 2245 814 2325 ἀνδρῶν
835 2246 946 2303 ὀκτακο-

173 2337 236 2393 σίων
253 2333 496 2411 ἔκπεπληρωκότων
511 2331 563 2404 ἤδη
573 2331 625 2399 ’τδς
640 2331 709 2390 κατά
724 2332 801 2408 νόμον
812 2332 948 2411 στρατείας

173 2423 307 2504 εὔνοίορτῇ
325 2419 391 2500 πρός
407 2418 486 2477 αὐτὸν
505 2417 685 2498 ἐπαγόμενον·
698 2422 755 2496 μεθ’
771 2409 807 2477 ῶν
827 2421 947 2478 ἀποστα-

172 2509 225 2577 λεὶς
249 2510 299 2568 barb
321 2508 432 2589 θατέρου
445 2511 497 2566 τῶν
522 2508 629 2567 ὑπάτων
653 2507 697 2566 ἐπί
719 2508 749 2566 τό
770 2508 946 2588 στρατόπεδον

120 2627 146 2666 25
173 2601 226 2656 τῶν
240 2595 390 2672 πολεμίων,
405 2597 441 2660 εἷς
455 2595 585 2676 πρόδηλον
599 2596 715 2674 ὄλεθρον,
731 2601 766 2664 ὡς
786 2606 866 2656 πᾶσιν
887 2597 946 2656 ἐδό-

174 2709 228 2760 κει,
244 2689 288 2743 τοῦ
311 2707 340 2742 τε
363 2684 479 2763 χάρακος
499 2685 628 2761 ἐκράτησε
650 2685 696 2743 καὶ
719 2691 765 2758 τῆς
791 2688 947 2767 ὁλοσχεροῦς

174 2776 247 2846 νίκης
268 2770 350 2840 αἴτιος
376 2770 478 2851 ἐγένετο
498 2774 551 2840 τοῖς
571 2773 690 2840 ὑπάτοις.
743 2777 841 2835 Τοῦτον
857 2774 888 2845 δὴ
904 2775 948 2837 τδν

174 2864 271 2944 ἄνδρα,
287 2860 399 2928 πολλοὺς
414 2864 441 2920 ἐν
461 2867 495 2942 τῇ
518 2861 593 2921 πόλει
616 2862 742 2931 διεξιόντα
766 2862 857 2940 λόγους
879 2867 949 2924 κατὰ

173 2956 224 3012 τῶν
245 2952 289 3010 ε’πὶ
313 2951 489 3030 στρατοπέδω
513 2953 684 3032 στρατηγῶν,
707 2955 742 3018 ῶς
763 2952 895 3032 ἀνάνδρων
920 2977 949 3015 τι

118 3078 147 3118 30
175 3041 220 3099 καὶ
237 3039 352 3119 ἀπείρων
373 3039 507 3116 πολέμου,
529 3039 646 3098 έκποδὼν
660 3043 771 3112 ποιῆσαι
795 3041 949 3111 σπεύδοντες

173 3134 197 3190 οἱ
211 3130 271 3211 περί
283 3132 326 3190 τόν
337 3127 467 3201 Ἄππιον,
484 3131 519 3195 είς
533 3129 638 3205 ὁμιλίας
648 3131 842 3210 προύκαλοῦντο
856 3133 948 3213 φιλαν·

173 3220 289 3302 θρόνπους
314 3219 359 3278 καί
382 3219 563 3296 συνδιαπορεῖν
585 3240 673 3298 σφισιν
697 3217 784 3290 ἠξίουν
809 3217 874 3298 ὑπὲρ
893 3223 945 3279 τῶν

174 3311 217 3369 ἐπὶ
232 3306 425 3387 στρατοπέδου,
438 3305 483 3364 καὶ
499 3309 554 3371 πῶς
569 3305 624 3384 [ἀν]
642 3305 834 3384 ἐπανορθωθείη
844 3305 879 3365 τά
896 3311 948 3366 τῶν

174 3400 327 3478 στρατηγῶν
347 3393 528 3471 ἁμαρτήματα
545 3394 631 3472 λέγειν
645 3395 825 3474 παρεκάλουν,
846 3395 891 3454 καλ
906 3419 949 3455 τε·

118 3506 146 3545 as
173 3488 314 3550 λευτῶντες
332 3483 438 3541 ἔπεισαν
464 3480 571 3549 ἐξελθεῖν
589 3481 633 3542 ἐπί
655 3481 699 3541 τὸν
724 3484 750 3541 έν
776 3485 950 3564 Κρουστομε-

177 3573 233 3653 peip
250 3571 355 3649 χάρακα
379 3568 473 3643 αὐτὸν,
491 3568 609 3645 ἐξουσίαν
633 3571 729 3650 έχοντα
743 3571 946 3652 πρεσόευτικήν.

175 3661 256 3722 Ἔστι
269 3658 295 3717 δέ
306 3658 411 3716 πάντων
429 3657 568 3736 ἱερώτατόν
583 3659 668 3719 τεκαὶ
680 3663 837 3736 τιμιώτατον
857 3663 871 3719 θ
886 3683 948 3739 πρε·

175 3746 285 3816 σόευτὴς
299 3743 372 3824 παρδι
382 3744 536 3823 Ῥωμαίοις,
552 3745 670 3815 ἐξουσίαν
685 3748 733 3825 μέν
745 3750 869 3828 ἄρχοντος
879 3746 948 3829 έχων

175 3838 220 3895 καὶ
231 3833 355 3910 δύναμιν,
370 3835 480 3893 ἀσυλίαν
502 3834 588 3896 dixeri
605 3835 739 3914 σεόασμδν
754 3838 853 3919 ἱερέως.
898 3837 948 3907 Ὡς

116 3946 146 3990 so
175 3924 202 3984 δὲ
227 3924 348 4005 ἀφίκετο,
371 3925 611 4004 φιλοφρονουμένων
633 3926 712 3985 αὐτόν
727 3926 810 4009 [καὶ]
826 3930 883 3987 ἐκεῖ
896 3931 948 3989 τῶν

173 4014 331 4094 ἡγεμόνων,
348 4014 393 4071 καὶ
408 4013 537 4089 δεομένων
552 4020 742 4094 συστρατηγεῖν
756 4017 886 4096 μένοντα,
902 4022 950 4079 καί

173 4127 245 4171 τινας
260 4103 305 4161 καὶ
319 4101 417 4180 δωρείας
431 4102 478 4170 τδις
493 4102 541 4179 μέν
556 4103 678 4162 διδόντων
691 4105 752 4178 ἤδη,
764 4104 811 4173 τάς
828 4108 856 4166 δὲ
871 4111 949 4169 θπισ·

172 4191 343 4274 χνουμένων,
360 4188 533 4262 ἐξαπατηθεὶς
554 4191 598 4250 ὑπ’
608 4192 751 4272 ἀνθρώπων
764 4198 887 4273 πονηρῶν
902 4199 948 4256 καὶ

173 4282 220 4354 τλν
235 4279 356 4359 γοητείαν
370 4283 423 4338 τῶν
438 4277 522 4355 λόγων
543 4283 573 4341 οὐ
592 4281 701 4339 συνιδὼν
715 4284 750 4348 ῶς
762 4283 788 4350 ἐξ
806 4283 948 4357 ἐπιόουλῆς

119 4397 145 4433 ει
174 4369 287 4446 ἐγένετο,
308 4367 498 4448 στρατιωτικὸς
519 4368 586 4448 ἀνὴρ
602 4368 647 4427 καὶ
661 4368 706 4429 τδν
718 4372 815 4451 τρόπον
830 4372 947 4449 ἁπλοῦς,

174 4458 207 4515 τά
219 4482 248 4517 τε
263 4459 331 4518 ἄλλα
347 4459 457 4525 ὑπέθετο
479 4459 583 4530 αὐτοῖς,
599 4457 649 4516 ὅσα
665 4460 811 4541 συμφέρειν·
824 4462 947 4539 ὑπελάμ-

174 4543 252 4617 όανι,
276 4546 320 4606 καί
342 4549 446 4626 πρῶτον
470 4545 594 4606 ἀπάντων
617 4548 732 4627 παρῄνει
746 4549 869 4625 μετάγειν
898 4549 948 4621 τὴν

174 4632 342 4709 παριμόολήν
357 4637 393 4704 εἰς
406 4635 454 4707 τὴν
478 4634 607 4712 πολεμίαν
629 4638 660 4696 ἐκ
678 4641 726 4709 τῆς
745 4638 887 4715 σφετέρας·
901 4639 950 4706 τάς

173 4744 202 4778 τε
220 4719 318 4796 βλάόας
332 4722 430 4793 διεξιὼν
445 4725 491 4792 τδς
504 4726 564 4784 τότε
581 4723 732 4803 γινομένας,
748 4725 794 4785 καί
815 4725 862 4794 τάς
878 4728 948 4806 ὠφρ-

115 4847 146 4883 su
173 4806 243 4873 λείας
258 4809 476 4889 ἐπιλογιζόμενος,
489 4813 552 4883 δσας
575 4813 688 4893 ἐμελλον
710 4813 777 4885 έξειν
799 4838 949 4898 μεταστρα-

173 4894 402 4971 τοπεθευσάμινοι.

212 4984 318 5047 xxvi.
342 4985 377 5045 Οἱ
394 4985 422 5046 δέ
436 4989 557 5063 ἀσμένως
571 4993 696 5074 δέχεσθαι
716 4992 765 5062 τδς
777 4994 946 5073 παραινέσεις

172 5074 352 5156 σκηψάμενον
369 5073 433 5136 «Τί
449 5066 511 5155 οθν,
532 5080 647 5160 έφασαν,
671 5085 719 5142 οθκ
743 5082 821 5151 αὐτὸς
839 5083 948 5160 ἡγεμὼν

169 5191 185 5220 a
201 5162 259 5244 γίνῃ
282 5165 329 5234 τῆς
350 5159 529 5240 ἀναζεόξιως,
544 5167 624 5230 τόπον
638 5170 787 5244 ἐπιτήδειον
807 5193 947 5254 προκατα-

266 5275 382 5314 nrosssn.
561 5268 564 5272 ’
747 5273 749 5277 “
783 5270 792 5274 “
886 5271 889 5275 ’

1722 356 1783 415 657

1007 492 1073 538 sunt.
1116 491 1148 538 nt
1168 488 1259 538 infimae
1273 489 1419 540 conditionis
1444 489 1554 540 nomines
1593 491 1704 541 accusati
1717 493 1785 555 quod

1006 573 1071 640 luges
1087 576 1182 627 initium
1200 579 1323 639 lacerent,
1352 582 1396 630 eut
1413 593 1503 629 arcana
1526 579 1629 630 consilis
1645 581 1675 629 ad
1700 581 1785 634 lrostes

1006 662 1144 724 deterrent,
1167 668 1212 714 aut
1232 665 1330 716 ordines
1346 680 1395 715 non
1409 671 1545 726 servarent,
1559 666 1642 730 palam
1656 667 1688 715 ad
1704 672 1782 719 crete-

1006 764 1090 801 rorum
1115 754 1234 802 termrem
1258 751 1445 802 interficiebant.
1480 752 1585 802 Duobus
1610 751 1684 816 igilur
1706 756 1786 807 modis

1006 837 1096 888 milites
1107 839 1282 904 perdebantur,
1294 844 1347 889 tum
1361 841 1429 904 quia,
1442 841 1486 903 qui
1495 840 1637 891 dominatus
1650 856 1785 907 paueomm

1005 925 1114 975 fautores
1126 930 1203 985 erant,
1228 927 1286 975 dum
1305 941 1362 975 eum
1375 926 1491 978 hostibus
1515 929 1685 992 confligebant,
1699 931 1783 982 interi·

1005 1010 1079 1073 banl;
1094 1018 1146 1062 tum
1156 1013 1223 1075 quia,
1237 1013 1280 1076 qni
1292 1014 1441 1077 optimatum
1453 1013 1594 1066 dominatus
1607 1017 1689 1081 cupidi
1703 1023 1783 1083 erunt,

1004 1115 1020 1150 a
1035 1101 1141 1152 ducibus
1153 1102 1335 1153 occidebantur.

1036 1190 1112 1240 xxv.
1127 1189 1206 1239 llulta
1230 1193 1313 1240 autem
1339 1190 1480 1253 huiusmodi
1495 1194 1601 1245 laeinora
1618 1196 1650 1246 ab
1670 1200 1747 1265 Appio
1759 1204 1785 1250 et

1004 1277 1058 1340 ejus
1070 1281 1176 1331 laetiore
1190 1280 1214 1329 in
1227 1280 1288 1330 urbe
1304 1281 1472 1344 patrabantur.
1512 1285 1579 1337 Alios
1597 1287 1680 1350 igitur,
1695 1305 1784 1354 quam·

1006 1371 1042 1420 vis
1052 1373 1126 1422 mulli
1134 1372 1341 1433 interdicerentur,
1359 1374 1493 1426 multitudo
1508 1377 1589 1427 minus
1601 1381 1720 1431 curabat:
1740 1383 1784 1433 sed

1003 1463 1077 1514 unius
1088 1464 1144 1522 riri,
1160 1465 1204 1526 qui
1230 1463 1381 1528 plebeiorum
1399 1470 1453 1517 erat
1477 1466 1675 1529 illustrissimus,
1694 1476 1720 1522 et
1741 1474 1785 1536 qni

1003 1555 1110 1619 plurima
1119 1555 1237 1619 preclara
1252 1557 1357 1607 facinora
1378 1557 1486 1611 inbellis
1500 1559 1619 1620 ediderat,
1634 1562 1716 1612 cedes
1730 1578 1785 1612 cru·

1002 1645 1066 1696 detis
1080 1648 1106 1695 et
1120 1647 1214 1695 nelarie
1227 1648 1251 1695 in
1276 1647 1361 1699 alteris
1375 1651 1462 1701 cestrie
1486 1652 1564 1716 laeta,
1582 1655 1625 1706 ubi
1645 1658 1696 1706 tres
1709 1656 1785 1707 duces

1004 1739 1083 1796 erunt,
1103 1751 1204 1794 omnes,
1222 1740 1266 1802 qui
1288 1741 1321 1790 ibi
1343 1745 1424 1802 eruut,
1446 1751 1546 1808 paratos
1564 1747 1597 1797 ad
1621 1749 1784 1804 detectionem
1829 1767 1830 1770 ’

1003 1829 1119 1881 reddidit.
1159 1832 1206 1890 Qui
1220 1847 1277 1882 vero
1300 1847 1380 1884 caesus
1394 1836 1482 1897 luerat,
1495 1845 1549 1890 erat
1562 1841 1601 1891 ille
1624 1843 1727 1905 Siccius,
1742 1845 1784 1908 qui

1003 1923 1029 1973 in
1038 1937 1089 1974 cxx
1104 1924 1197 1988 proeliis
1215 1925 1358 1988 dimicaret,
1376 1929 1401 1977 et
1413 1929 1456 1991 qui
1470 1944 1502 1980 ex
1512 1933 1626 1982 omnibns
1634 1935 1785 1989 tortitudinis

1005 2032 1057 2068 sure
1070 2018 1172 2082 preemin
1197 2018 1314 2069 retulerat
1333 2037 1338 2068 :
1353 2034 1426 2084 quem
1443 2022 1509 2086 dixi,
1519 2038 1563 2088 per
1576 2028 1677 2076 oetatem
1689 2027 1784 2093 milities

1001 2108 1053 2172 jam
1079 2107 1228 2167 immunem,
1266 2107 1331 2158 ultro
1351 2121 1377 2158 se
1398 2109 1430 2158 ad
1449 2111 1589 2162 societatem
1617 2112 1674 2163 belli
1699 2120 1785 2166 contra

1006 2203 1100 2264 AEquos
1124 2200 1257 2262 addidisse,
1271 2205 1297 2251 et
1311 2202 1436 2252 cohortem
1451 2217 1513 2254 ucoc
1532 2204 1650 2263 virorum,
1664 2207 1705 2267 qui
1724 2207 1785 2271 legi-
1846 2188 1849 2197 Α

1005 2293 1066 2343 tima
1076 2290 1198 2356 stipendia
1215 2292 1266 2356 jam
1283 2293 1444 2353 coniecerant,
1461 2295 1493 2344 ob
1513 2294 1716 2358 benevolentiam,
1735 2311 1785 2362 qua

1004 2400 1062 2437 eum
1094 2384 1314 2451 prosequebantur,
1328 2400 1413 2436 secum
1436 2386 1552 2445 duxisse,
1569 2403 1626 2438 cum
1645 2390 1732 2454 quibus
1753 2393 1785 2442 ub

1006 2481 1084 2532 altero
1096 2481 1196 2530 consule
1209 2480 1299 2530 missus
1312 2479 1342 2529 ad
1356 2478 1464 2530 bostium
1478 2484 1568 2538 eastra,
1584 2481 1613 2530 ad
1626 2483 1785 2533 manilestum

1006 2572 1125 2631 exitium,
1138 2573 1168 2621 ut
1180 2571 1295 2620 omnibus
1316 2569 1472 2630 videbantur,
1489 2574 1515 2622 et
1528 2585 1581 2635 rpso
1595 2571 1711 2622 bostium
1720 2575 1785 2625 vallo

1005 2670 1043 2716 est
1063 2664 1165 2730 potitus,
1182 2668 1208 2714 et
1221 2664 1321 2728 integrm
1341 2664 1452 2716 victorie
1466 2664 1607 2714 consulibus
1622 2668 1710 2716 auctor
1729 2667 1784 2718 luit.

1006 2760 1077 2807 Hunc
1101 2733 1198 2817 tirum,
1220 2754 1299 2805 multa
1322 2755 1398 2806 rerba
1416 2754 1442 2804 in
1467 2755 1527 2805 urbe
1549 2755 1678 2806 lactentem
1700 2762 1786 2809 eontm

1006 2850 1091 2908 duces,
1100 2848 1143 2912 qui
1155 2845 1180 2896 iri
1191 2847 1280 2898 castris
1293 2849 1372 2907 crant,
1388 2850 1417 2895 ut
1428 2845 1529 2909 ignaros
1541 2850 1567 2898 el
1579 2847 1637 2898 belli
1650 2848 1784 2912 imperitos,

1005 2941 1099 3006 Appius
1114 2939 1217 3003 ejusque
1230 2940 1346 3001 lautores,
1357 2937 1388 2991 de
1401 2939 1481 2990 medio
1496 2953 1570 3004 quarn
1583 2941 1689 3005 primum
1702 2943 1786 2994 tollere

1005 3031 1141 3096 cupientes,
1157 3029 1189 3079 ad
1199 3030 1321 3093 colloquia
1333 3030 1441 3080 bumana
1452 3029 1590 3080 invitabant
1605 3049 1611 3080 ε
1627 3033 1701 3095 ablue
1714 3046 1785 3096 roga·

1006 3130 1066 3180 bant
1078 3131 1107 3179 ιιι
1124 3140 1210 3178 seeum
1220 3125 1252 3176 dc
1269 3125 1352 3184 rebus,
1365 3137 1422 3189 ηοω
1436 3124 1495 3174 loris
1506 3124 1620 3188 gerendas
1632 3129 1717 3188 erant,
1731 3140 1787 3176 eon·

1006 3223 1124 3282 sultaret;
1150 3232 1256 3283 eumque
1288 3217 1460 3278 hortabantur,
1493 3219 1521 3265 ut
1548 3217 1640 3268 diceret
1662 3218 1787 3280 quomodo

1008 3318 1099 3368 dueum
1113 3318 1214 3380 peccatu
1228 3314 1315 3377 corrigi
1330 3315 1447 3377 posseut;
1461 3315 1486 3362 et
1500 3312 1599 3363 tandem
1615 3315 1639 3364 ei
1657 3327 1785 3378 persuase-

1005 3415 1073 3470 runt,
1098 3415 1128 3460 ut
1142 3413 1193 3474 ipse
1214 3423 1270 3457 cum
1286 3407 1357 3471 legati
1370 3408 1492 3472 potestate
1512 3405 1545 3455 ad
1561 3410 1649 3466 castra,
1677 3423 1735 3472 qum
1755 3413 1786 3463 ad

1007 3503 1201 3555 crustumerium
1224 3503 1304 3561 erant,
1327 3497 1532 3561 proficisceretur.
1547 3500 1637 3548 blunus
1651 3503 1733 3551 autern
1748 3503 1785 3555 le·

1005 3599 1055 3663 gali
1071 3598 1136 3662 apud
1151 3599 1273 3646 Romanos
1284 3595 1323 3642 est
1337 3591 1445 3641 omnium
1469 3592 1688 3644 honoratissimum
1703 3600 1729 3646 et
1744 3611 1787 3646 sa·

1006 3692 1181 3749 eratissimum‚
1204 3687 1264 3750 quia
1279 3686 1373 3749 legatus
1394 3683 1568 3734 auctoritatem
1584 3698 1615 3735 ac
1637 3690 1787 3750 potestatem

1005 3795 1161 3864 imperatoris
1186 3794 1275 3854 babet,
1295 3795 1321 3843 et
1342 3793 1514 3841 sacrosanctus
1528 3794 1555 3841 et
1573 3792 1785 3853 venerandusest

1004 3895 1033 3942 ut
1044 3889 1167 3941 sacerdos.
1202 3888 1286 3944 Quum
1301 3883 1376 3934 illeiu
1395 3886 1478 3933 castra
1491 3885 1608 3944 venisset,
1623 3884 1728 3936 ducibus
1742 3889 1787 3951 qui

1003 3983 1143 4047 illicerent,
1169 3979 1247 4031 amice
1260 3991 1319 4029 eum
1338 3976 1530 4040 excipientibus,
1552 3978 1744 4042 rogantibusque
1758 3985 1788 4032 ut

1004 4089 1135 4131 remanens
1158 4087 1243 4125 secum
1267 4072 1411 4136 imperaret,
1432 4071 1458 4119 et
1474 4068 1588 4132 quedam
1612 4069 1677 4119 doua
1698 4069 1751 4132 iam
1764 4073 1788 4124 ei

1004 4170 1121 4221 dantibus
1139 4172 1216 4232 elque
1236 4165 1283 4216 alia
1298 4161 1486 4228 pollicentibus,
1504 4160 1536 4211 ab
1547 4162 1665 4226 improbis
1679 4163 1785 4215 bomini-

1004 4262 1061 4324 bus,
1075 4263 1206 4327 prestigiis
1222 4261 1357 4311 verborum
1376 4257 1510 4321 deceptus,
1536 4257 1650 4322 ignorans
1672 4257 1727 4308 haec
1744 4259 1786 4307 in-

1004 4352 1095 4403 sidiose
1108 4354 1174 4407 sieri.
1190 4352 1228 4402 sir
1244 4351 1358 4401 militaris
1378 4353 1405 4400 et
1419 4349 1529 4400 moribus
1547 4347 1701 4412 simplicibus
1719 4362 1785 4412 prae·

1004 4442 1152 4503 ditus,cum
1171 4443 1218 4492 alia
1244 4443 1304 4507 ipsis
1326 4442 1421 4500 suasit,
1442 4455 1499 4505 quae
1518 4442 1588 4491 utilio
1612 4440 1784 4500 existimabat3

1005 4534 1058 4581 turn
1070 4532 1176 4596 primum
1189 4536 1214 4581 el
1224 4538 1282 4582 aute
1301 4534 1384 4583 omnia
1397 4532 1541 4593 admonuit,
1556 4536 1585 4581 ul
1606 4538 1685 4580 eastra
1698 4545 1728 4578 en
1738 4545 1785 4578 suo

1004 4637 1064 4688 agro
1074 4623 1098 4673 in
1112 4623 1236 4674 hosticum
1248 4624 1426 4682 transferrent;
1451 4625 1558 4681 (launna,
1573 4637 1630 4686 qrrru
1646 4627 1705 4671 lunc
1715 4620 1784 4669 aeci-

1005 4720 1111 4783 piebant,
1139 4730 1280 4774 recensens,
1304 4720 1329 4765 et
1348 4716 1494 4775 commoda,
1509 4729 1566 4776 quae
1580 4713 1679 4762 mutatis
1693 4709 1783 4759 castris

1005 4809 1112 4861 habituri
1125 4811 1220 4869 essent,
1236 4821 1389 4857 enumerans.

1035 5011 1124 5060 XXVI.
1141 5007 1258 5069 lllirero‚
1272 5004 1416 5053 simulantes
1437 5016 1464 5052 se
1478 5000 1595 5052 lubenter
1605 5012 1659 5059 erus
1671 4999 1784 5049 admoni-

1004 5099 1083 5150 tiones
1100 5095 1219 5158 accipere,
1233 5092 1345 5156 inquiunt
1359 5110 1365 5140 :
1389 5090 1480 5148 «Quin
1494 5089 1569 5150 igitur
1592 5091 1619 5136 tu
1643 5087 1695 5150 ipse
1707 5085 1783 5150 liujus

1007 5208 1020 5233 ε
1034 5189 1174 5238 castrorum
1191 5181 1307 5235 motionis
1322 5179 1372 5232 dux
1391 5193 1434 5238 es,
1448 5178 1502 5230 loeo
1516 5181 1654 5243 opportuno
1665 5179 1721 5224 unte
1735 5174 1782 5224 de-

1345 5263 1349 5268 ’
1405 5263 1408 5270 ’
1441 5261 1447 5271 “
1483 5261 1486 5266 ’
1659 5264 1689 5310 42
