3772 5828
175 336 235 394 676

175 463 295 542 ἀγαθὴν,
309 468 399 525 τοῦτον
415 455 481 524 εἶναι
494 466 604 541 νομίσας
617 466 662 525 τὸν
677 468 769 549 καιρθν
784 466 949 546 ἐπιτήδειον,

175 554 249 632 τ’ξῆγε
276 553 480 632 κεκοσμημένην
497 555 545 626 τὴν
571 555 716 635 στρατιδν,
737 560 782 617 καί
805 556 951 639 παρέταξεν

174 643 209 704 ώς
223 642 259 706 τίς
276 641 376 720 μάχην.
420 642 533 709 Οὐδενός
553 664 580 701 τε
596 643 762 711 ἀντεπιάντος
784 645 886 719 ἐκείνην
903 645 952 724 μίν

173 728 222 800 τῆν
242 731 346 809 ἡμέραν
372 730 528 809 ἐπεῖχε,τῆ
548 731 571 789 δ’
596 730 655 802 ἐξῆς
670 731 714 789 ἐπὶ
736 730 784 802 τῆν
800 733 951 804 ἀποσκευὴν

134 834 147 872 ε
173 819 260 877 αὐτῶν
275 809 338 897 ῆγιν
352 821 381 877 αὖ
396 819 497 899 σφόδρα
512 820 611 898 ὀχυράν
630 811 722 879 οὖσαν.
766 820 902 889 Μαθόντις
923 820 950 880 δέ

85 906 91 915 ’
172 907 392 985 πολιορκούμενον
408 907 453 966 τὸν
469 908 580 986 χάρακα
614 910 637 967 ol
651 908 890 987 προεξεληλυθότες
905 909 950 971 ἐπὶ

173 993 220 1062 τὰς
243 995 377 1077 προνομάς
390 988 590 1079 ταχέως,ῆκον,
613 997 682 1068 πλὴν
704 1000 755 1078 οὐχ
776 995 833 1074 ἅμα
856 998 902 1058 καί
923 1000 950 1058 ἐν

173 1084 284 1164 κόσμῳ,
296 1084 425 1162 σποράδες
437 1084 465 1144 δέ
480 1085 526 1144 καί
542 1084 601 1144 κατ’
616 1085 720 1164 ὀλίγους
733 1088 769 1154 ὡς
787 1085 896 1146 ίκαστοι
910 1076 952 1145 el·

172 1194 221 1253 χον
236 1173 448 1254 ἐπιφαινόμενοι·
471 1172 498 1232 ol
519 1177 542 1231 τ’
566 1177 596 1234 ἐκ
610 1178 658 1233 τοῦ
673 1174 806 1254 χάρακος,
821 1175 878 1234 ἐπεί
892 1173 952 1244 τοὺς

122 1266 148 1308 ¹⁰
173 1261 312 1344 σφετέρους
327 1262 483 1342 προσιόντας
503 1263 664 1341 ἐθεάσαντο,
680 1262 836 1344 θρασύτεροι
847 1263 951 1341 γεγονό-

172 1374 215 1418 τες
231 1349 337 1424 ἐξῆλθον
359 1349 457 1430 ἀθρόοι.
504 1351 557 1411 Καί
580 1350 680 1429 γίνεται
703 1351 786 1429 μέγας
810 1350 881 1431 ἀγὼν
905 1354 951 1412 καί

172 1440 248 1522 φόνος
262 1440 288 1510 ἐξ
302 1440 458 1522 ἀμφοτέρων
475 1439 571 1511 πολθς,
594 1441 621 1499 ἐν
634 1430 657 1520 ᾧ
672 1438 825 1512 νικήσαντες
843 1445 867 1500 οἱ
882 1440 952 1502 Ῥω·

172 1532 263 1603 μαῖαι,
275 1529 333 1595 τοές
346 1551 375 1587 τε
395 1528 528 1599 συστάδην
543 1527 709 1608 μαχομένους
725 1528 886 1611 ἐτρέψαντο,
905 1532 950 1592 καί

171 1616 231 1684 τοθς
252 1616 394 1699 φεύγοντας
417 1616 671 1690 interdiceremus
697 1616 745 1694 μέν
770 1616 947 1693 ἀπέκτειναν,

119 1721 145 1761 ιε
171 1705 215 1773 οθς
231 1706 258 1764 δὲ
282 1705 468 1787 αἰχμαλώτους
492 1705 603 1776 έλαάον,
620 1709 666 1764 τοῦ
685 1704 712 1764 δὲ
728 1706 846 1787 χάρακος
861 1710 947 1768 αὐτῶν

171 1795 349 1873 κρατήσαντες
371 1791 500 1873 χρήματα
518 1790 667 1851 παλλακαὶ
685 1792 757 1851 λείαν
772 1793 882 1875 ἄφθονον
899 1817 947 1852 πε-

173 1881 335 1956 predatione.
378 1882 524 1960 Οὐαλέριος
545 1880 593 1959 μίν
608 1879 642 1952 δὴ
658 1885 742 1939 ταῦτα
765 1883 949 1963 διαπραξάμε-

171 1995 230 2044 νος,
247 1972 328 2038 ἀδεῶς
343 1972 394 2043 ῆδη
410 1970 459 2040 τῆν
474 1973 523 2048 γῆν
538 1972 590 2028 τῶν
605 1969 740 2045 πολεμίων
762 1968 842 2029 ίπιών
858 1972 947 2050 ἐδῄου.

210 2061 341 2121 lxviii.
366 2059 475 2140 Μάρκος
495 2057 523 2117 δέ
545 2056 670 2139 Ὁράτιος
684 2057 728 2117 ἐπὶ
742 2057 787 2116 τὸν
808 2057 876 2117 κατὰ
891 2062 949 2121 Σα-

117 2181 145 2224 ,0
173 2147 252 2208 έίνων
278 2147 393 2225 πολεμον
420 2145 599 2227 προαγαγὼν,
630 2145 720 2218 ἐπειδὴ
743 2146 778 2206 st
807 2147 877 2206 κατά
904 2149 949 2208 τὸν

172 2237 336 2317 συνάρχοντα
363 2236 445 2313 ἐγνω,
469 2236 514 2295 καί
535 2235 613 2303 αὐτὸς
632 2237 662 2294 ἐκ
690 2242 736 2296 τοῦ
760 2236 879 2318 χάρακος
902 2237 950 2306 τὰς

171 2324 293 2401 δυνάμεις
314 2327 461 2402 ἀντεπῆγε,
486 2330 582 2385 θάττον
606 2322 656 2403 ὅλη
677 2324 788 2400 δυνάμει
815 2325 880 2407 πρὸς
901 2329 948 2387 οὐκ

169 2413 294 2479 ἐλάττους
318 2414 428 2490 ἀριθμὸν
454 2411 514 2479 τοὺς
539 2412 671 2480 Σαάίνους
699 2411 745 2471 καί
771 2413 805 2470 τά
831 2412 948 2489 πολέμια

170 2499 405 2584 [ίμπειροτάτους
430 2502 589 2571 ἐνεδείξαντο
605 2500 675 2582 γάρ]
702 2500 825 2582 φρόνημά
849 2525 879 2562 τε
902 2505 947 2563 καί

116 2612 143 2650 τε
168 2592 269 2670 τάλμαν
282 2594 313 2651 ἐκ
327 2594 380 2649 τῶν
391 2590 526 2670 προτέρων
541 2590 754 2670 κατορθωμάτων
769 2591 870 2662 πολλὴν
883 2596 947 2672 πρὸς

168 2678 228 2745 τοθς
252 2678 496 2760 ἀντιμαχομένους,
509 2680 555 2737 καί
573 2682 665 2746 κοινῶς
680 2677 795 2747 ἅπαντες
812 2680 858 2738 καί
877 2681 948 2748 ἰδίως

169 2772 184 2829 ὁ
199 2768 298 2827 τούτων
321 2768 532 2847 προηγούμενος·
545 2757 578 2839 ῆν
592 2766 643 2846 γάρ
664 2769 693 2826 αὖ
708 2767 786 2843 μόνον
800 2770 947 2849 στρατηγὸς

169 2857 280 2938 ἀγαθὸς,
296 2857 365 2916 ἀλλά
385 2858 431 2916 καὶ
451 2856 614 2933 πολεμιστὴς
637 2854 706 2914 κατά
720 2865 798 2936 χεῖρα
813 2867 946 2935 γενναῖος·

168 2946 282 3006 καὶτῶν
299 2945 401 3004 ἱππέοιν
424 2945 543 3022 μεγάλην
558 2943 708 3024 προθυμίαν
731 2947 946 3026 παρασχομένων

114 3061 142 3102 so
168 3035 242 3106 νίκην
267 3034 414 3112 ἀναιρεῖται
436 3033 648 3110 λαμπροτάτην,
675 3031 788 3101 πολλοὺς
810 3036 858 3112 μὲν
880 3040 945 3096 ἀπο-

168 3125 271 3192 κτείνας
284 3128 336 3182 τῶν
348 3119 495 3196 πολεμίων,
508 3123 599 3200 πολλῷ
616 3121 639 3178 δ’
654 3120 694 3180 ἔτι
707 3123 835 3182 πλειόνων
846 3127 946 3204 αἰχμα·

169 3214 260 3273 λώτων
286 3209 450 3291 τετυχηκώς,
474 3218 519 3271 τοῦ
544 3235 572 3269 τε
599 3209 715 3289 χάρακος
735 3213 820 3272 αὐτῶν
846 3215 945 3294 ἐρήμου

101 3331 107 3343 ·
169 3305 318 3384 κρατήσας,
341 3303 368 3360 ἐν
389 3291 411 3381 ᾧ
435 3297 484 3371 τήν
507 3321 536 3357 τε
552 3298 702 3370 ἀποσκευὴν
727 3302 779 3358 τῶν
808 3303 944 3378 πολεμίων

167 3391 269 3463 πολλὴν
284 3383 341 3468 εὗρε
357 3390 403 3448 καί
418 3386 465 3459 τὴν
477 3385 551 3446 λείαν
573 3386 699 3461 ἅπασαν,
713 3386 745 3459 ῆν
761 3391 791 3448 ἐκ
805 3396 852 3461 τῆς
875 3389 945 3451 Ῥω-

114 3505 141 3545 ss
168 3480 254 3556 μαίων
273 3483 320 3557 γῆς
335 3479 493 3553 ἐληίσαντο,
511 3476 697 3556 αἰχμαλώτους
708 3500 736 3536 τε
751 3479 820 3537 πάνυ
834 3481 945 3551 πολλοὺς

167 3571 219 3626 τῶν
243 3565 374 3646 σφετέρων
400 3563 562 3625 ἀνεσώσατο.
605 3567 647 3625 (li
670 3564 721 3646 γάρ
748 3564 864 3647 ἔφθασαν
883 3573 945 3628 α’να·

168 3653 360 3722 σκευασάμενοι
372 3650 419 3716 τάς
441 3651 569 3729 ὠφελείας
584 3654 607 3711 οἱ
624 3650 734 3712 Σαῖῑνυι
757 3651 800 3712 δεδι
814 3656 945 3736 καταφρώ

168 3764 253 3813 νησιν.
297 3738 341 3799 'it
365 3738 412 3813 μὲν
432 3730 476 3798 οὖν
503 3743 555 3797 τῶν
579 3741 714 3817 πολεμίιυν
739 3743 867 3822 χρήματα
892 3753 945 3813 τοῖς

168 3828 340 3910 στρατιώταις
355 3828 484 3909 ώφελειαν
506 3832 586 3908 ἐφῆκε
601 3835 734 3888 ποιεῖσθαι
746 3875 756 3903 ,
770 3833 945 3909 προεξελάμε-

113 3941 141 3979 ιο
168 3941 208 3983 νος
222 3920 252 3975 ἐκ
262 3920 315 3974 τῶν
328 3918 452 3996 λαφύρων
470 3914 519 3974 ὅσα
534 3924 587 3982 τοῖς
601 3921 667 3983 θεοῖς
682 3917 851 3997 καθιερώσειν
866 3919 945 3998 ἔμελ-

166 4007 208 4063 λε·
226 4003 273 4072 τὴν
289 4005 316 4061 δὲ
336 4006 407 4062 λείαν
424 4014 477 4071 τοῖς
495 4008 671 4086 ἀφαιρεθεῖσιν
688 4004 821 4068 ἀπέδωκε.

208 4092 310 4151 iiiiii.
334 4094 427 4150 Ταῦτα
453 4092 678 4172 διαπραξάμενος,
701 4095 801 4171 ἀπῆγεν
821 4097 856 4161 είς
877 4093 944 4155 Ῥώ·

168 4206 221 4259 μην
235 4181 282 4247 τὰς
298 4181 431 4256 δυνάμεις,
442 4181 487 4240 καί
502 4182 571 4243 κατὰ
587 4181 631 4240 τὸν
647 4180 725 4241 αὐτὸν
737 4182 829 4262 χρόνον
842 4185 945 4244 Οὐαλέ-

169 4295 221 4349 ριος
233 4262 315 4345 ῆκεν,
331 4260 362 4339 ἦν
378 4292 406 4327 τε
427 4271 583 4351 ἀμφοτέροις
596 4271 665 4349 μέγα
678 4275 814 4350 φρονοῦσιν
831 4273 874 4332 ἐπὶ
888 4283 945 4343 ταῖς

112 4381 138 4419 ευ
166 4361 249 4424 νίκαις
278 4358 353 4437 [nol]
379 4359 452 4424 ἐλπὶς
477 4364 609 4437 ἐπιφανεῖς
635 4359 757 4427 κατάξειν
784 4361 939 4441 θριάμὸους.

167 4453 207 4511 Οὐ
234 4449 286 4523 μην
312 4445 432 4526 ἐχώρησέ
447 4471 475 4521 γε
503 4450 589 4516 αὐτοῖς
613 4448 671 4508 κατ’
695 4449 791 4508 ἐλπίδα
807 4451 836 4509 τὸ
858 4450 942 4531 ἔργον.

167 4543 332 4619 §cooptatos
348 4535 399 4613 γδρ
412 4536 470 4593 κατ’
486 4538 571 4596 αὐτῶν
586 4545 603 4612 ἡ
618 4537 716 4618 βουλὴ,
733 4562 944 4617 κατεστρατοπε-

166 4628 294 4687 tessiaco
309 4624 357 4692 ἔξω
376 4629 423 4695 τῆς
438 4624 551 4697 πολεως,
569 4629 604 4694 εἷς
622 4627 652 4685 τὸ
666 4627 827 4703 καλούμενον
842 4627 942 4708 Ἀρειον

165 4717 268 4787 πεδίον,
287 4715 330 4772 καί
345 4714 377 4772 τὰ
391 4712 544 4792 πραχθέντα
560 4719 604 4774 ὑπ’
627 4714 782 4797 ἀμφοτέροιν
809 4723 942 4793 μαθοῦσα,

112 4823 138 4857 oo
165 4804 212 4876 τὴν
230 4804 353 4864 ἐπινίκιον
376 4807 422 4862 οὒκ
439 4802 566 4885 ἐπέτρεψε
578 4805 740 4876 ποιήσασθαι
757 4806 861 4879 θυσίαν,
879 4812 942 4866 πολ-

165 4895 216 4951 λῶν
233 4897 280 4970 μέν
309 4895 353 4951 καί
379 4897 464 4952 τίλλων
488 4895 696 4952 ἐναντιωθέντων
727 4896 814 4961 αὐτοῖς
843 4897 872 4953 έκ
896 4900 942 4953 τοῦ

261 4986 276 4999 Ν

263 5007 267 5018 ε

165 5003 292 5057 mimi
321 4984 437 5057 {tetinero
461 4982 487 5040 δὲ
512 4983 645 5043 Κλαυδίου
666 4981 763 5042 Γαίου·
780 4987 845 5048 θεῖος
870 4981 894 5040 δ’
909 4974 940 5054 ῆν

165 5058 251 5137 οἶτος,
269 5067 357 5146 ὥσπερ
374 5071 455 5147 ἔφην,
472 5070 575 5151 Ἀππίῳ
587 5074 625 5148 τῷ
638 5073 871 5150 καταστησαμένῳ
893 5076 939 5142 τῆν

154 5156 317 5237 γὀλιγαρχίαν
336 5161 379 5213 καὶ
402 5160 494 5214 νεωστὶ
512 5160 562 5215 ὑπὸ
585 5162 638 5215 τῶν
664 5157 809 5237 δημάρχων
835 5162 940 5240 ἀναιρε·

692 334 863 398 lllONYSll
887 337 1274 402 HALlCARNASSENSlS

1006 480 1074 530 ratus
1097 480 1144 530 hoc
1161 495 1215 531 esse
1232 483 1331 545 ternpus
1349 479 1411 530 iliud
1440 482 1625 546 opportunum,
1654 483 1805 535 exercitum

1006 571 1058 620 acie
1070 569 1190 620 instructa
1199 569 1292 631 eduxit,
1311 582 1418 633 eumque
1434 571 1552 634 unquam
1567 569 1599 620 ad
1611 571 1738 634 proeiium
1763 574 1805 625 cd

1005 671 1094 709 eorum
1112 661 1202 709 costra
1217 657 1327 708 admovit
1340 671 1485 723 :quumque
1497 671 1570 708 nemo
1587 658 1715 723 prodiret,
1726 662 1802 714 iilum

1005 743 1070 793 diern
1081 743 1165 807 copias
1176 743 1299 793 continuit
1314 762 1320 792 ι
1338 742 1457 808 postridie
1475 757 1535 795 vero
1551 744 1583 795 ad
1597 759 1689 800 eorum
1712 754 1802 802 osstru

1005 845 1053 882 non
1063 831 1136 882 vaide
1151 832 1244 882 mnnita
1261 833 1344 896 copias
1364 830 1441 883 ducit.
1474 832 1523 890 Qui
1539 837 1624 885 sutem
1636 837 1725 901 paullo
1740 844 1800 891 anto

1006 919 1097 982 egressi
1111 919 1208 969 tuerent
1221 918 1251 968 ad
1263 918 1459 970 suburbanorum
1467 919 1578 971 iocorum
1595 924 1798 989 popoinuonern.

1006 999 1103 1063 cognitu
1132 1002 1270 1053 castrorum
1294 1012 1395 1050 suorum
1425 998 1561 1061 obsidione,
1588 1001 1681 1065 pedem
1704 1007 1800 1059 retule-

1005 1089 1077 1146 ποετις
1093 1084 1137 1136 sed
1158 1099 1207 1136 non
1224 1085 1298 1136 simul
1320 1099 1401 1151 neque
1421 1086 1506 1138 ordine
1527 1089 1570 1140 sed
1587 1091 1670 1155 sparsi
1687 1098 1717 1146 et
1735 1099 1797 1157 rari,

1006 1177 1078 1237 prout
1093 1172 1143 1223 tore
1156 1172 1267 1233 terebat,
1283 1173 1308 1223 io
1325 1178 1485 1238 conspectum
1501 1178 1644 1229 venerunt:
1662 1184 1691 1231 et
1705 1185 1754 1248 qni
1770 1186 1795 1235 in

1005 1261 1094 1312 metris
1103 1266 1181 1321 erant,
1195 1261 1237 1312 ubi
1250 1276 1310 1314 suos
1321 1263 1484 1316 adventantes
1498 1272 1701 1331 conspexerunt,
1717 1273 1798 1324 audr-

1005 1350 1084 1402 ciores
1096 1351 1167 1411 loeti,
1188 1351 1298 1402 contento
1312 1353 1407 1416 agruim
1425 1359 1484 1406 sunt
1501 1357 1603 1420 egressi.
1636 1361 1723 1424 Atque
1736 1375 1797 1414 curn

1004 1453 1091 1504 magns
1108 1443 1269 1504 utrorumque
1290 1442 1358 1492 caedo
1386 1442 1473 1505 ingens
1493 1444 1606 1509 proeliuro
1624 1451 1797 1502 commissum

1005 1527 1052 1586 est,
1067 1526 1093 1576 in
1103 1540 1153 1590 quo
1166 1525 1269 1576 Romani
1281 1525 1389 1576 victores
1405 1530 1431 1577 ot
1440 1539 1498 1591 eos,
1513 1528 1555 1592 qui
1574 1531 1692 1582 eominus
1701 1547 1797 1599 pergno-

1006 1612 1072 1673 bant,
1086 1613 1110 1664 in
1128 1613 1211 1678 iugum
1239 1616 1366 1664 verterunt
1385 1617 1411 1663 et
1431 1627 1484 1676 eos,
1505 1617 1549 1680 qui
1571 1617 1712 1682 fugiebant,
1724 1622 1794 1674 inse·

1004 1701 1063 1761 cuti,
1089 1701 1179 1766 partim
1198 1700 1381 1763 interfecerunt,
1399 1700 1488 1764 partim
1506 1702 1578 1755 rivos
1593 1711 1727 1770 oeperunt.
1744 1715 1796 1762 t's.

1005 1788 1081 1841 terius
1102 1791 1187 1856 igitur,
1202 1790 1241 1840 iris
1259 1789 1381 1854 peractis,
1393 1788 1443 1853 jum
1457 1789 1558 1856 impune
1574 1791 1693 1848 hostilem
1702 1811 1797 1862 agrum

1003 1878 1185 1930 incursionibus
1200 1881 1322 1932 restabat.

1036 2071 1146 2121 xlviii.
1167 2071 1200 2118 itt.
1218 2081 1278 2118 uero
1294 2067 1425 2128 Horatius,
1439 2066 1482 2134 qui
1507 2067 1541 2121 ud
1558 2069 1649 2123 belim
1664 2074 1789 2128 sabinum

1003 2168 1095 2220 missus
1114 2166 1202 2225 tuerat,
1223 2164 1265 2214 ubi
1286 2178 1326 2215 res
1348 2165 1472 2231 acoiiegu
1493 2168 1574 2232 gestus
1594 2170 1715 2232 cognorit,
1728 2172 1785 2235 ipse

1003 2279 1102 2332 qnoque
1122 2263 1200 2328 copiis
1222 2263 1276 2313 suis
1307 2278 1338 2313 ex
1355 2263 1420 2314 valio
1442 2264 1574 2329 produotls,
1596 2264 1781 2319 celeritercurn

1002 2369 1063 2420 totis
1073 2366 1170 2418 viribus
1183 2369 1269 2415 contre
1283 2364 1402 2426 sabinos,
1415 2379 1522 2418 numero
1532 2379 1579 2418 nou
1594 2365 1729 2427 interium,
1751 2375 1779 2422 et

1002 2466 1061 2516 artis
1072 2464 1186 2514 militaris
1197 2463 1359 2528 peritissimos
1380 2467 1419 2514 est
1436 2465 1569 2528 proiectus.
1591 2465 1695 2530 spiritns
1712 2469 1781 2520 eninr

1002 2563 1180 2626 audaciamque
1198 2574 1311 2625 magnam
1328 2559 1361 2610 ob
1374 2561 1515 2626 superiores
1530 2562 1644 2614 τῖείοείει
1661 2563 1783 2616 adversa·

1002 2661 1045 2711 riis
1061 2659 1236 2721 ostenderunt,
1260 2663 1285 2708 et
1299 2658 1409 2708 universi
1430 2661 1455 2710 et
1473 2659 1576 2724 singuli,
1596 2662 1640 2714 sed
1659 2665 1786 2731 precipue

1002 2757 1054 2808 dux
1063 2770 1164 2807 eorum:
1178 2769 1235 2806 nem
1253 2769 1300 2805 non
1311 2746 1482 2806 sotum'bouus
1495 2755 1638 2822 imperator,
1649 2761 1783 2815 sedetiam

1002 2869 1077 2906 manu
1096 2859 1214 2906 strenuus
1226 2854 1329 2905 bellator
1344 2858 1407 2905 erat.
1441 2855 1585 2921 caeterum,
1595 2871 1675 2923 quum
1687 2863 1788 2926 equites

1002 2954 1027 3005 in
1041 2967 1120 3018 pugna
1135 2951 1207 3002 valde
1219 2953 1326 3003 alacrem
1346 2966 1448 3017 operam
1459 2959 1609 3020 nannoni,
1620 2957 1788 3012 clarissimam

1002 3051 1131 3101 victoriam
1145 3049 1293 3113 reportavit,
1314 3050 1400 3101 multis
1420 3050 1534 3102 hostibus
1548 3054 1636 3117 caesis,
1650 3056 1696 3106 sed
1713 3057 1786 3122 longe

1003 3150 1112 3214 pluribus
1125 3149 1215 3212 captis3
1233 3153 1257 3198 et
1273 3149 1332 3212 ipsis
1344 3151 1431 3201 castris
1441 3152 1547 3204 desertis
1559 3155 1669 3218 potitus,
1685 3156 1709 3206 iu
1722 3159 1786 3220 qui·

1002 3248 1049 3297 bus
1066 3259 1182 3310 magnum
1203 3245 1311 3295 hostium
1334 3251 1478 3311 apparatum
1500 3249 1609 3312 inuenit,
1635 3255 1660 3302 et
1681 3265 1782 3304 onmem

1002 3338 1123 3402 preculam,
1138 3351 1213 3399 quam
1229 3352 1260 3387 ex
1275 3352 1332 3403 agro
1345 3341 1454 3389 ltomano
1474 3340 1608 3406 abegerunt
1625 3343 1781 3407 :permultos

1001 3436 1076 3486 eiiam
1089 3435 1199 3498 captivus
1213 3434 1244 3485 de
1257 3435 1309 3485 suis
1322 3435 1427 3498 reperit,
1443 3437 1519 3498 atque
1534 3435 1671 3488 incolumes
1678 3439 1780 3504 recepit.

1001 3536 1062 3583 itiam
1082 3532 1178 3593 Sabini,
1193 3532 1260 3596 quud
1276 3532 1374 3582 hostem
1392 3533 1588 3592 contemnerent,
1607 3533 1718 3599 praedam
1734 3535 1781 3586 do·

1001 3647 1070 3682 mum
1085 3631 1194 3681 nondum
1216 3631 1330 3680 tulerant.
1365 3631 1414 3679 ires
1430 3629 1504 3691 igitur
1529 3629 1641 3682 trostium
1660 3633 1785 3686 militibus

1000 3729 1024 3778 in
1035 3730 1144 3794 praedam
1164 3729 1299 3784 concessit,
1316 3731 1415 3778 exemto
1435 3727 1504 3792 prius
1516 3741 1545 3778 er
1559 3729 1692 3793 manubiis,
1705 3732 1783 3796 quid·

1000 3826 1061 3891 quid
1082 3826 1130 3874 diis
1147 3829 1336 3876 consecraturus
1354 3829 1430 3874 erat:
1450 3825 1571 3889 reliquam
1590 3839 1650 3877 νοω
1672 3828 1783 3891 predam

1001 3915 1107 3966 reddidit
1117 3915 1153 3975 iis,
1167 3913 1210 3976 qui
1225 3927 1254 3963 ea
1269 3906 1365 3976 spoliati
1375 3913 1482 3962 inerant.

1031 4105 1114 4154 XLIX.
1132 4103 1176 4153 iiis
1200 4103 1275 4153 rebus
1292 4104 1382 4166 gestis,
1405 4101 1430 4152 in
1451 4100 1537 4151 urbem
1562 4102 1646 4165 copias
1661 4102 1780 4153 reduxit:

999 4194 1024 4242 et
1035 4192 1120 4242 eodem
1132 4196 1242 4255 tempore
1263 4192 1376 4241 Valerius
1389 4190 1455 4240 venit
1472 4208 1478 4237 ι
1492 4192 1518 4240 et
1530 4192 1644 4252 uterquc,
1654 4189 1687 4239 ob
1695 4195 1779 4254 partas

1000 4282 1114 4331 victorias
1132 4281 1259 4345 magnifice
1274 4280 1306 4331 de
1325 4281 1487 4337 sesentiens,
1501 4279 1616 4343 sperabat
1631 4292 1657 4327 se
1670 4279 1780 4342 insignes

999 4371 1138 4435 triumphos
1152 4374 1273 4421 acturum.
1315 4373 1363 4419 Res
1376 4368 1526 4428 maisnillis,
1543 4371 1569 4416 ut
1582 4369 1714 4430 sperarant,
1730 4369 1777 4416 rni-

998 4461 1063 4510 nime
1074 4460 1202 4509 successit.
1235 4463 1296 4508 Nam
1309 4461 1409 4507 senatus
1426 4458 1534 4520 ipsorum
1544 4467 1638 4509 caussa,
1648 4454 1690 4516 qui
1704 4460 1781 4506 extra

999 4550 1085 4599 urbem
1100 4549 1124 4597 in
1139 4562 1226 4610 cumpo
1240 4547 1329 4596 Martio
1346 4551 1427 4596 eastra
1439 4545 1586 4609 posuerant.
1601 4544 1719 4605 coactus,
1735 4548 1780 4597 ubi

999 4652 1038 4688 res
1052 4637 1083 4685 ub
1097 4640 1200 4698 utroque
1213 4640 1295 4699 gestas
1310 4636 1433 4698 cognovit,
1453 4649 1495 4685 eos
1515 4630 1662 4684 sacrificium
1676 4633 1709 4683 ob
1720 4650 1778 4699 par·

999 4731 1048 4776 tam
1062 4723 1191 4773 uictoriam
1204 4725 1251 4774 diis
1270 4726 1351 4775 lacere
1368 4738 1416 4773 non
1430 4727 1466 4773 est
1480 4736 1579 4786 passus.
1612 4721 1781 4779 Quibuscum

997 4813 1068 4863 multi
1078 4812 1118 4862 aiii
1131 4812 1256 4863 adrersati
1270 4817 1327 4862 sunt
1340 4812 1436 4877 palam,
1453 4815 1507 4861 tum
1529 4825 1588 4861 reru
1611 4811 1735 4876 praecipue
1750 4815 1778 4862 C.

998 4901 1179 4962 Claudius,(hic
1189 4902 1263 4962 enim,
1275 4901 1371 4963 uldini,
1383 4904 1437 4951 erat
1448 4903 1551 4964 patruus
1564 4903 1637 4966 Appii
1647 4903 1722 4961 illius,
1736 4906 1779 4966 qui

997 4990 1189 5042 decemuiratum
1203 4991 1362 5040 constituerat
1374 5028 1380 5050 ,
1394 4991 1474 5053 etqui
1487 4992 1631 5054 nuperrime
1645 5006 1659 5041 a
1674 4991 1779 5041 tribunis

996 5081 1073 5144 plebis
1086 5080 1230 5130 interiectus
1242 5080 1320 5130 iuerat
1329 5081 1337 5143 )
1347 5080 1389 5141 qrri
1407 5079 1472 5142 leges
1483 5081 1514 5129 ab
1527 5081 1575 5130 iilis
1589 5081 1651 5131 latos
1667 5081 1777 5143 protere·

996 5168 1055 5231 bat,
1081 5168 1170 5231 quibus
1193 5173 1292 5218 seruatus
1310 5169 1442 5232 potentiam
1468 5170 1640 5220 imrninuerunt
1667 5173 1692 5219 et
1715 5169 1778 5231 aliu,
