3772 5828
620 351 911 447 aurrouuaruu
933 371 1080 432 aorrau.
1104 372 1176 433 cra.
1200 375 1221 432 r.
1679 380 1718 439 m

124 507 168 569 λος
181 498 310 578 ἀπάγεται
332 501 396 581 πρὸς
418 502 549 581 Ἀμόλιον.
591 505 719 570 Δεδοικὼς
733 503 784 582 γάρ
802 503 839 579 μὴ
863 505 892 562 ού

121 590 204 650 πιατθ
219 589 280 670 δόξῃ
295 593 334 670 τῷ
349 592 480 670 Νεμέτορι
490 590 574 669 λέγειν
587 594 601 650 θ
620 590 757 670 Ῥωμύλος
772 592 832 650 άνευ
843 614 892 661 αη-

121 677 201 754 μείων
226 680 349 757 ίμφανιῦν
371 678 488 756 μεγάλου
510 679 665 758 πράγματος
685 676 802 756 μηνυτὴς
821 681 893 757 γινό·

119 789 209 843 μενος,
229 765 260 824 τδ
285 761 423 844 γνώρισμα
444 769 490 837 τῆς
509 766 634 833 ίκθίσεως
656 770 708 827 τῶν
723 769 827 849 βρεφῶν
846 764 894 836 τὴν

118 855 223 934 σκάφην
248 849 399 923 ἀναλαύὼν,
428 851 515 931 ὀλίγον
537 854 643 934 ὕστερον
666 853 770 914 ίδίωκιν
789 857 825 922 είς
845 854 895 925 τὴν

120 939 213 1018 πόλιν.
256 941 430 1020 Διιρχόμενον
456 940 481 999 δ’
500 942 577 1000 αιίτδν
604 941 650 1008 τδς
669 942 754 1009 πύλας
769 963 894 1021 ταραχω·

120 1030 173 1094 δῶς
185 1026 253 1087 πάνυ
267 1028 311 1086 καὶ
324 1028 385 1107 περὶ
395 1031 494 1088 πολλοῦ
508 1028 661 1106 ποιούμενον
676 1030 769 1112 μηδενί
782 1033 892 1100 ποιῆσαι

119 1111 302 1194 καταφανίςτδ
310 1115 475 1193 στεγόμενον,
483 1119 534 1174 τῶν
542 1116 664 1196 φυλάκων
671 1117 710 1182 τίς
721 1115 896 1193 καταμαθών·

119 1192 152 1271 ἦν
168 1199 195 1259 δὲ
216 1201 349 1277 πολεμίοιν
373 1202 464 1282 ἀφόδου
484 1201 550 1279 δίας,
571 1204 617 1263 καὶ
637 1201 685 1270 τδς
698 1204 783 1269 πύλας
806 1206 829 1261 οἱ
845 1202 898 1276 μά-

117 1292 197 1349 λιστα
221 1288 403 1367 πιστευόμενοι
429 1287 496 1370 πρὸς
525 1297 570 1351 τοῦ
592 1292 720 1371 βασιλέως
743 1292 895 1372 ἐφρούρουν’

119 1376 303 1454 αυλλαμύάνει
330 1401 359 1436 τε
383 1377 428 1436 καί
453 1377 485 1436 τδ
507 1379 620 1457 κρυπτὸν
646 1378 662 1437 ὅ
688 1404 714 1439 τι
742 1378 835 1449 δήποτ’
863 1370 895 1450 ip

119 1468 284 1541 καταμαθεῖν
305 1463 383 1533 ἀξιῶν
402 1467 585 1525 ἀποκαλύπτει
605 1465 650 1546 βία
671 1467 718 1537 τὴν
738 1466 892 1546 περιόολήν.

119 1550 171 1620 Ὦς
185 1551 212 1610 δὲ
234 1552 281 1622 πλν
298 1552 401 1633 σκάφην
415 1553 544 1612 ίθεάσατο
559 1554 605 1613 καλ
617 1553 660 1611 τὸν
675 1555 808 1634 ἄνθρωπον
830 1553 896 1631 ίμα·

120 1644 163 1700 θεν
183 1637 371 1719 ἀπορούμενον,
392 1638 464 1711 ἠξίου
486 1641 570 1718 λίγειν
591 1641 628 1707 τίς
651 1646 667 1713 ἡ
689 1641 794 1722 ταραχὴ
809 1641 854 1701 καλ
868 1642 894 1699 τί

120 1727 152 1788 τδ
174 1728 297 1806 βούλημα
319 1732 364 1787 τοῦ
385 1728 423 1807 μὴ
446 1733 562 1809 φανερῶς
584 1729 712 1811 εἰσφόρειν
733 1735 823 1796 σκεῦος
846 1730 893 1788 οὒ-

120 1817 163 1875 dlv
205 1814 327 1892 δεόμενον
371 1819 521 1897 ἀπορρήτου
548 1827 637 1898 φορᾶς.
679 1820 725 1878 Ἐν
756 1817 782 1876 δί
811 1816 895 1896 τούτῳ

120 1902 224 1968 πλείους
238 1907 290 1962 τῶν
304 1904 425 1983 φυλάκων
440 1904 586 1984 συνέρρεον,
607 1904 653 1964 καί
671 1929 709 1972 τις
725 1908 808 1965 αὐτῶν
824 1928 893 1982 γνω·

121 1991 185 2070 ρίζει
198 1990 246 2061 τὴν
261 1991 376 2072 σκάφην,
403 1993 521 2058 adticis
539 1990 624 2070 ἐκείνῃ
646 1991 679 2049 τδι
701 1991 794 2052 παιδία
816 1991 895 2067 κομί·

121 2103 170 2146 σας
183 2079 227 2138 tal
240 2079 285 2139 τὸν
298 2080 432 2159 ποταμὸν,
445 2079 491 2139 καλ
503 2081 594 2160 φράζει
606 2081 670 2160 πρὸς
680 2079 740 2146 τοὺς
755 2079 895 2157 παρόντας.

119 2170 156 2228 Oi
172 2166 199 2226 δί
212 2165 386 2233 συλλαόόντες
401 2165 445 2226 πδν
465 2167 617 2226 Φαιστύλον
640 2168 746 2244 ἄγουσιν
761 2167 802 2226 ἀπ’
817 2167 895 2224 αὖτδν

119 2257 165 2317 τδν
180 2255 291 2337 βασιλία
310 2255 355 2314 καὶ
377 2257 527 2334 διηγοῦνται
539 2255 573 2314 τδι
596 2256 733 2333 γενόμενα.
776 2253 895 2330 Ἀμόλιος

121 2345 146 2404 δ’
160 2347 256 2422 ἀπειλῇ
285 2345 407 2421 βασάνων
426 2340 660 2417 καταπληξάμενος
679 2342 723 2399 τόν
744 2340 893 2421 ἄνθρωπον,

121 2434 147 2490 εί
162 2432 199 2507 μὴ
218 2428 286 2497 λόξει
307 2426 354 2494 cd<
367 2427 490 2498 ἀληθείας
504 2425 581 2497 ἑκὼν,
596 2429 697 2506 πρῶτον
715 2424 762 2503 μίν
782 2427 805 2483 εί
818 2430 895 2494 ζῶσιν

123 2520 148 2574 ol
173 2518 264 2581 παῖδες
283 2516 376 2594 ἤρετο,
390 2519 425 2579 ὡς
445 2513 473 2572 lt
493 2516 563 2572 τοῦτ’
587 2514 679 2588 ἔμαθε,
696 2519 743 2585 τῆς
768 2512 896 2593 σωτηρίας

57 2632 85 2648 ··
128 2604 217 2668 αὐτοῖς
243 2602 313 2668 ὅστις
338 2601 459 2680 ύτρόπος
473 2599 587 2677 deiecto·
606 2601 796 2678 διηγησαμένου
812 2601 835 2659 δ’
848 2603 895 2660 αύ-

123 2693 173 2747 τοῦ
187 2689 314 2756 πάνθίύις
328 2691 462 2768 ἐπράχθη,
482 2716 494 2739 ι
509 2684 569 2764 Ἄγε
583 2686 627 2761 δὴ,
643 2688 720 2767 φησὶν
735 2690 749 2745 θ
767 2687 898 2766 βασιλεὺς,

121 2803 135 2829 ι
154 2778 178 2834 εί
192 2776 225 2849 δὴ
244 2776 319 2836 ταῦτ’
333 2775 477 2848 ἀληθεύσας
495 2775 575 2854 ίχεις,
596 2775 695 2856 φράσον
717 2774 781 2834 όπον
803 2782 847 2836 νῦν
860 2776 892 2837 ἂν

119 2892 134 2916 ιι
152 2868 290 2944 εὑρεθεῖεν.
335 2866 375 2926 ot
390 2865 440 2946 γθρ
460 2865 498 2922 ίτι
521 2865 617 2922 δίκαιοί
638 2867 703 2923 είσιν
717 2867 743 2923 lv
762 2866 896 2945 βουκιθιοις

117 2978 132 3006 ι
150 2952 196 3011 καί
218 2950 303 3034 ἀδόξῳ
327 2953 378 3032 βίῳ
401 2956 463 3028 ζῆν,
484 2950 568 3030 ἔμοιγ’
592 2949 663 3019 όντες
679 2952 828 3030 συγγενεῖς,
844 2954 895 3012 άλ-

62 3068 90 3107 an
117 3067 132 3092 ι
150 3042 203 3106 λως
216 3041 301 3099 τεκαὶ
321 3042 386 3098 θεῶν
401 3037 508 3120 προνοίφ
522 3037 674 3114 σωζόμενοι.
690 3058 704 3094 ιι

158 3127 320 3191 LXXXIII.
344 3127 496 3194 Φαιστύλος
516 3124 543 3184 dl
565 3129 612 3197 τῆς
635 3126 730 3203 ἀλόγου
749 3126 897 3207 πραότητος

119 3215 219 3295 ὑποψία
239 3214 352 3286 κινηθεὶς
366 3212 404 3291 μὴ
419 3215 518 3296 φρονεῖν
541 3213 619 3273 αὐτὸν
639 3214 717 3291 ὅμοια
731 3224 783 3281 τοῖς
796 3216 897 3293 λόγοις,

121 3303 286 3380 ὑποκρίνεται
299 3293 349 3360 ὧδε
361 3324 369 3338 ·
382 3330 394 3353 ι
405 3303 441 3362 0t
456 3300 504 3380 μίν
522 3300 613 3368 παίδίς
633 3303 697 3359 εἰσιν
720 3304 747 3360 ἓν
760 3311 813 3370 τοῖς
828 3301 898 3381 ὄρεσι

122 3413 136 3439 ι
150 3390 349 3467 βουκολοῦντες,
363 3385 445 3469 ύσπερ
461 3387 566 3447 ἐκείνων
576 3388 645 3467 βίος·
665 3388 717 3465 ίγὼ
728 3390 750 3446 δ’
763 3390 897 3471 ἐπέμφθην

66 3495 94 3534 aa
124 3476 307 3558 «παράύτιίἰν
329 3477 459 3556 τῇμητρλ
474 3477 600 3546 δηλώσων
622 3479 648 3535 ίν
671 3469 711 3543 αἶς
729 3478 779 3534 τίσι
795 3477 899 3555 τύχαις·

126 3589 140 3617 ι
152 3563 247 3636 ταύτην
259 3564 287 3623 δὲ
301 3564 375 3644 παρὰ
388 3564 429 3622 σοί
448 3564 623 3643 φυλάττεσθαι
636 3563 748 3634 ἀκούων,
762 3563 899 3634 δεήσεσθαι

129 3676 143 3701 ι
156 3653 203 3720 τῆς
212 3653 256 3723 τῆς
267 3651 393 3728 θυγατρὸς
403 3649 522 3727 ἔμελλον,
532 3647 576 3708 ἵνα
585 3672 618 3724 με
628 3649 692 3728 πρὸς
702 3649 780 3720 αιἰτλν
792 3651 895 3729 ἀγάγοι.

126 3764 140 3789 ι
155 3734 249 3806 'frisii
264 3728 368 3819 σκάφην
382 3737 483 3817 ἔφερον,
497 3735 531 3794 ἵν’
541 3736 595 3816 ίχω
614 3736 746 3796 δεικνύναι
759 3738 897 3818 τεκμήριον

126 3854 140 3878 ι
150 3823 267 3905 ’ἐμφανὲς
281 3825 338 3904 ἅμα
356 3834 409 3892 τοῖς
422 3825 517 3904 λόγοις.
560 3828 615 3885 Νῦν
629 3816 686 3898 οῦν,
703 3824 760 3884 ἐπεὶ
780 3827 898 3886 δέδοκταί

68 3947 95 3986 40
126 3940 141 3965 ι
157 3935 200 3972 σοι
231 3911 289 3981 τούς
315 3914 463 3982 νεανίσκους
493 3916 567 3993 δεῦρο
595 3914 721 3987 κομίσαι,
745 3914 831 3994 χαίρω
850 3939 895 3989 τε,

123 4031 137 4057 ι
152 4000 200 4061 καί
210 4000 314 4082 πέμψον
335 4003 454 4067 οὕστινας
468 3999 556 4081 βούλει
571 4000 618 4059 σύν
631 4001 698 4078 ἐμοί.
744 4002 827 4069 Δείξω
850 4002 897 4081 μίν

124 4119 139 4144 ι
158 4080 204 4149 οῦν
226 4093 280 4156 τοῖς
301 4091 403 4148 ἐλθοῦσι
423 4087 481 4155 τοθς
497 4089 592 4155 παῖδας
612 4087 701 4169 [ἐγὼ],
722 4089 849 4169 φράσουσι
874 4093 896 4149 δ’

127 4205 141 4232 ιι
161 4178 252 4243 αὐτοῖς
274 4176 367 4236 ίκεῖνοι
382 4177 416 4236 cd
434 4178 507 4257 παρδι
524 4182 580 4237 σοῦ.
600 4203 613 4230 ν
656 4178 691 4238 ‘0
712 4179 759 4254 μίν
775 4179 807 4249 δὴ
824 4182 897 4238 ταῦτ’

124 4268 232 4344 ἀλεγεν,
249 4264 383 4338 ἀναόολὴν
401 4264 519 4343 εύρίσθαι
536 4264 690 4343 βουλόμενος
702 4273 755 4331 τοῖς
768 4266 844 4324 παισὶ
854 4272 898 4326 τοῦ

72 4386 96 4425 ls
123 4355 252 4427 θανάτου,
264 4357 310 4413 καί
328 4353 376 4431 ἀμ’
391 4354 466 4421 αύτδς
489 4353 683 4431 ἀποδράσεσθαι
696 4351 755 4420 τούς
770 4352 898 4431 ἄγοντας,

125 4443 233 4504 ἀπαιδίαν
254 4444 282 4501 is
300 4450 354 4509 τοὶς
372 4442 445 4522 όρεσι
463 4441 583 4518 γίνηται,
606 4440 723 4506 ἐλπίσας.
777 4440 902 4518 Ἀμόλιος

129 4533 159 4593 δὲ
177 4541 233 4599 τοῖς
249 4532 417 4598 πιστοτάτοις
437 4533 489 4588 τῶν
506 4527 658 4608 ὁπλοφόρων
672 4528 818 4596 ἐπιστείλας
839 4528 901 4609 κρύ·

125 4646 184 4703 φα,
206 4621 253 4686 οθς
276 4619 308 4678 δν
326 4623 340 4679 θ
355 4617 497 4698 συοφορόδς
522 4618 609 4684 αὐτοῖς
632 4615 701 4695 δείξῃ
725 4616 902 4682 συλλαόόντας

127 4714 165 4779 ὣς
179 4706 261 4767 αύτδν
286 4707 376 4784 ἀγειν,
391 4707 547 4764 ἀποστέλλει
559 4703 712 4784 διαταχέων.
756 4707 849 4764 Ταῦτα
874 4706 902 4764 δὲ

76 4832 100 4873 0
124 4795 340 4877 διαπραξάμενος
355 4794 448 4854 αὐτίκα
469 4793 576 4871 γνώμην
596 4793 709 4852 ἐποιεῖτο
729 4793 844 4860 καλέσας
857 4793 901 4852 τὸν

124 4885 241 4967 ἀδελφδν
258 4887 284 4944 όν
298 4885 403 4965 φυλακῇ
428 4880 536 4962 ἀδέσμῳ
550 4880 628 4961 ἔχειν,
648 4879 697 4947 ίως
719 4879 750 4939 ἀν
775 4872 803 4938 εδ
825 4885 902 4952 θῆται

124 4975 160 5034 τά
179 4972 318 5054 παρόντα·
343 4969 388 5031 καλ
412 4969 490 5029 αθτδν
506 4972 541 5036 ὡς
561 4969 603 5026 ἀπ’
630 4969 694 5027 ἄλλο
716 4968 788 5040 δήτι
803 4969 900 5029 ἐκάλει.

125 5062 160 5125 ‘0
176 5060 202 5122 δ’
217 5060 376 5127 ἀποσταλείς
397 5058 505 5138 ἄγγελος
530 5056 616 5137 εύνοίφ
631 5080 660 5116 τε
681 5061 726 5116 τοῦ
745 5057 901 5117 κινδυνεύον-

124 5172 178 5226 τες,
194 5148 241 5210 καί
265 5149 331 5231 ίλίιρ
351 5151 398 5220 τῆς
420 5144 503 5228 τύχης
524 5146 665 5226 ἐπιτρίψας
685 5146 828 5226 κατήγορος
855 5146 898 5212 γί-

948 509 1072 558 λιιιιιιίιιιιι
1082 508 1219 559 adducitur.
1253 508 1423 559 Verituseuim
1433 510 1617 562 nellomulusin
1624 528 1719 575 magnae

947 605 983 656 rel
992 606 1082 655 iudicio
1090 606 1163 655 isdem
1173 605 1292 655 Numitori
1301 605 1393 667 absque
1402 605 1539 654 manifestis
1547 607 1621 669 siguis
1628 623 1675 658 non
1686 612 1720 659 la-

948 706 1084 764 ceret,cum
1094 703 1163 753 alren
1172 702 1328 765 expositionis
1335 702 1463 752 infantium
1474 701 1629 763 documento,
1640 705 1720 767 paullo

949 799 1269 863 postodurbemcontemlit.
1286 800 1720 863 Eumaulemvuldetrepideporlam

949 896 1095 956 intrantem,
1110 901 1136 946 et
1147 896 1213 959 quod
1232 894 1325 946 terebat
1338 896 1523 960 diligentissime
1534 897 1715 956 occultantem,

949 1008 1004 1044 cum
1024 993 1124 1056 quidam
1137 1007 1167 1043 cx
1185 992 1329 1042 custodibus
1344 993 1555 1043 animadvertisset
1572 994 1720 1057 (eratenim

949 1095 1045 1147 hostilis
1066 1096 1210 1146 incursionis
1232 1101 1329 1166 metus,
1350 1101 1375 1146 et
1390 1100 1467 1159 ιιοτιω
1485 1110 1500 1146 a
1521 1097 1644 1147 tldlssimis
1658 1099 1722 1160 regis

950 1195 1068 1245 ministris
1088 1194 1305 1255 custodiebantur)
1323 1194 1464 1258 prehendit,
1479 1198 1505 1244 et
1523 1195 1639 1256 quidnam
1656 1197 1720 1245 cela·

950 1297 988 1344 ret
1000 1307 1146 1357 cognoscere
1163 1295 1280 1358 cupiens,
1300 1295 1419 1344 amictum
1435 1295 1458 1344 ei
1478 1297 1587 1358 pervim
1606 1297 1720 1347 detraxit.

950 1399 1013 1446 Cum
1039 1399 1122 1446 autem
1143 1397 1239 1446 atreum
1261 1395 1439 1460 conspexisset,
1452 1397 1624 1459 hominemque
1646 1397 1718 1447 bosr-

949 1499 1043 1547 tantem
1073 1494 1189 1555 vidisset,
1220 1495 1331 1559 quaesiuit
1356 1509 1386 1544 ex
1413 1509 1443 1544 eo
1464 1510 1509 1545 cur
1533 1497 1568 1546 ita
1589 1496 1722 1560 trepidaret

949 1610 1031 1662 quore
1043 1596 1145 1647 consilio
1157 1610 1201 1646 vas
1211 1595 1274 1645 illud
1286 1597 1388 1654 celaret,
1402 1597 1468 1660 quod
1481 1597 1504 1646 ci
1523 1598 1586 1647 lerre
1598 1598 1722 1661 propalam

950 1697 1043 1746 liceret.
1081 1698 1178 1746 intereo
1200 1710 1259 1746 vero
1282 1697 1365 1760 plures
1388 1698 1504 1748 custodes
1527 1699 1721 1752 concurrebant.

950 1802 1014 1850 inter
1025 1814 1087 1862 quos
1099 1812 1163 1848 unus
1175 1799 1272 1847 alrcum
1287 1796 1402 1860 agnovit,
1413 1797 1503 1861 quippe
1521 1799 1564 1860 qui
1580 1798 1684 1848 inientes
1698 1799 1722 1848 in

949 1914 978 1951 co
989 1901 1020 1950 ad
1032 1899 1133 1949 tlurium
1148 1899 1316 1962 deportasset,
1329 1901 1354 1946 et
1368 1898 1404 1947 eis
1419 1898 1462 1960 qui
1477 1902 1535 1947 tunc
1550 1899 1651 1948 aderant
1671 1912 1724 1949 rem

951 2001 1076 2051 indicarit.
1110 2000 1147 2049 llli
1158 2013 1218 2048 uero
1230 1999 1375 2048 Faustulum
1387 2000 1588 2061 comprehensum
1600 2000 1631 2048 ad
1641 2013 1721 2062 regem

950 2106 1106 2156 adduxerunt
1127 2109 1152 2154 et
1172 2118 1224 2153 rem
1250 2108 1416 2153 narraverunt,
1449 2103 1572 2164 Amulius,
1589 2107 1722 2153 tormento-

950 2217 1005 2254 rum
1025 2203 1099 2253 minis
1117 2202 1208 2252 lromiui
1227 2202 1352 2253 intentatis
1373 2201 1420 2251 nisi
1440 2206 1526 2267 sponte
1539 2216 1597 2253 uera
1616 2203 1722 2264 diceret,

950 2304 1057 2367 primum
1070 2302 1170 2366 quidem
1187 2315 1218 2351 an
1239 2301 1308 2365 pueri
1323 2302 1436 2352 viverent
1459 2302 1575 2364 quaesiuit
1601 2321 1606 2351 :
1628 2303 1723 2358 deinde

949 2419 1025 2465 vero,
1045 2419 1101 2455 cum
1123 2406 1170 2454 hoc
1189 2403 1358 2465 cognovisset,
1383 2405 1500 2467 quesivit
1524 2416 1630 2467 quonam
1649 2405 1722 2455 modo

950 2509 985 2559 illi
1007 2509 1142 2559 incolumes
1168 2508 1310 2558 evasissent.
1351 2509 1413 2558 Cum
1433 2511 1515 2558 autem
1534 2507 1574 2558 ille
1595 2509 1676 2558 omnia
1696 2513 1724 2558 ut

951 2615 1019 2673 gesta
1028 2612 1098 2659 erant
1111 2614 1235 2659 narrasset
1249 2627 1254 2656 :
1271 2612 1345 2672 aliga
1359 2608 1433 2672 igitur
1447 2609 1541 2671 (inquit
1564 2612 1623 2671 rex)
1644 2611 1723 2672 siqui·

953 2744 964 2764 ι
981 2722 1039 2771 dem
1052 2722 1171 2772 hactenus
1188 2735 1246 2772 vera
1261 2722 1360 2780 dixisti,
1379 2721 1419 2771 dic
1432 2721 1529 2770 ubinam
1542 2735 1607 2770 nunc
1620 2720 1723 2770 inveniri

953 2846 964 2866 a
980 2823 1086 2886 possint;
1105 2837 1152 2873 uon
1169 2823 1233 2874 enim
1244 2837 1342 2885 oequum
1354 2825 1407 2883 cst,
1420 2825 1447 2870 ut
1463 2822 1527 2872 inter
1545 2821 1663 2872 bubulcos
1683 2824 1723 2871 ri·

953 2928 1030 2973 «tam
1047 2924 1175 2986 ingloriam
1191 2923 1294 2986 degant,
1316 2936 1373 2972 cum
1394 2923 1443 2972 mei
1464 2923 1513 2973 sint
1533 2923 1643 2986 cognati,
1657 2937 1723 2986 prae-

953 3048 965 3071 ι
983 3028 1068 3079 sertim
1086 3042 1144 3079 cum
1163 3027 1246 3079 divina
1268 3029 1420 3092 providentia
1442 3029 1533 3078 serrati
1551 3028 1649 3079 tuerint.
1663 3049 1675 3072 »

984 3137 1113 3185 cxxxlll.
1128 3138 1160 3186 λι
1173 3137 1301 3185 Faustulus
1309 3136 1341 3184 ob
1350 3135 1413 3199 regis
1420 3134 1570 3186 clementiam
1580 3137 1723 3200 inopinatam
1821 3194 1824 3199 ‚

953 3227 1059 3274 mentem
1077 3225 1130 3273 eius
1141 3237 1155 3272 a
1166 3223 1248 3273 uerbis
1262 3223 1398 3286 discrepare
1413 3224 1558 3286 suspicatus,
1579 3225 1702 3286 respondit
1717 3243 1723 3272 ι

954 3336 966 3359 ι
979 3318 1086 3366 iuvenes
1106 3320 1164 3365 sunt
1186 3316 1211 3364 in
1229 3314 1353 3366 montibus
1373 3315 1414 3364 ubi
1431 3319 1541 3364 amuenta
1557 3320 1673 3378 pascunt,
1696 3321 1724 3365 ut

955 3427 966 3449 a
982 3420 1068 3456 eorum
1080 3408 1222 3468 viraegenus
1237 3409 1296 3465 l'ert;
1308 3420 1351 3468 ego
1362 3420 1420 3455 rero
1435 3406 1523 3455 missus
1538 3420 1592 3455 sum
1608 3406 1638 3455 ab
1649 3407 1723 3470 ipsis,

956 3518 968 3542 ι
984 3503 1025 3561 ol,
1037 3513 1086 3562 quo
1100 3500 1125 3548 in
1137 3501 1203 3546 statu
1213 3511 1255 3546 res
1267 3511 1350 3546 eorum
1366 3498 1429 3557 siut,
1449 3497 1521 3546 matri
1543 3498 1703 3558 significarem
1717 3519 1723 3550 :

954 3612 966 3633 ι
983 3604 1056 3652 qoam
1077 3603 1133 3638 cum
1155 3589 1221 3650 apud
1244 3590 1268 3636 te
1296 3588 1389 3637 serrari
1409 3588 1545 3646 audissem,
1563 3588 1638 3638 tiliam
1657 3593 1725 3639 tuam

956 3702 967 3724 «ι
984 3683 1113 3744 rogaturus
1126 3691 1192 3727 eram
1205 3680 1234 3727 ut
1246 3692 1285 3726 me
1305 3678 1336 3727 ad
1348 3692 1401 3728 eam
1421 3678 1529 3728 duceret.
1563 3680 1665 3729 Atreum
1679 3694 1725 3730 au-

955 3792 967 3815 a
982 3777 1033 3821 tcm
1044 3770 1166 3831 ferebam,
1181 3772 1209 3819 ut
1219 3773 1310 3832 preater
1329 3769 1404 3818 verba
1426 3769 1585 3820 manifestum
1605 3772 1679 3821 etiam
1689 3773 1725 3822 rei

956 3883 968 3905 «
986 3865 1155 3924 argumentum
1175 3873 1271 3924 possem
1295 3860 1432 3909 ostendere.
1465 3863 1533 3909 Nunc
1556 3863 1640 3923 igitur,
1661 3843 1724 3925 quod

956 3977 968 3999 a
986 3955 1031 4005 tibi
1043 3955 1123 4004 visum
1135 3955 1174 4004 est
1185 3953 1285 4002 iuvenes
1296 3952 1345 4001 buc
1364 3965 1501 4011 accersere,
1515 3954 1622 4015 gaudeo,
1644 3955 1725 4017 itaque

957 4067 968 4089 a
984 4047 1055 4096 mitte
1067 4059 1163 4095 mecum
1176 4058 1335 4109 quoscunque
1346 4045 1459 4094 volueris.
1493 4049 1542 4109 Ego
1555 4048 1619 4097 enim
1629 4048 1724 4099 comiti·

956 4157 968 4180 «ι
984 4136 1030 4186 bus
1043 4150 1131 4199 pueros
1149 4134 1275 4185 ostendam
1297 4155 1304 4184 ι
1324 4135 1360 4184 illi
1385 4149 1445 4186 uero
1469 4140 1510 4185 tua
1534 4137 1646 4188 mandata
1667 4139 1726 4202 ipsis

956 4250 968 4274 ι
985 4234 1114 4294 exponant.
1129 4250 1141 4273 ν
1174 4231 1233 4279 llaec
1253 4234 1336 4279 autem
1354 4229 1466 4291 dicebat,
1484 4245 1596 4294 quarens
1608 4233 1725 4283 rationem

954 4336 1003 4386 qua
1028 4322 1143 4372 iuvenum
1158 4334 1240 4370 necem
1257 4320 1382 4383 dillerret,
1404 4321 1527 4386 simulque
1549 4336 1662 4387 sperans,
1684 4337 1724 4380 sc,

954 4415 997 4465 ubi
1007 4415 1033 4465 iu
1042 4419 1136 4465 montes
1152 4419 1255 4465 reulum
1267 4419 1345 4476 essct,
1363 4414 1429 4476 illis,
1453 4428 1468 4464 a
1480 4415 1570 4477 quibus
1580 4416 1724 4474 ducebatur,

954 4518 1095 4557 erasurum.
1129 4505 1242 4556 Amulius
1259 4519 1318 4556 vero
1341 4505 1474 4556 satellitum
1494 4505 1647 4555 fidelissimos
1669 4518 1724 4553 eum

937 4594 1056 4648 'occultis
1081 4600 1215 4659 mandalis,
1238 4603 1266 4648 ut
1288 4612 1352 4662 quos
1380 4599 1497 4649 subulcus
1517 4598 1576 4661 ipsis
1596 4597 1726 4646 indicasset

955 4691 1141 4755 comprehensos
1171 4692 1202 4740 ad
1225 4705 1252 4742 se
1280 4693 1406 4752 ducerent,
1433 4692 1517 4741 statim
1540 4689 1640 4738 dimisit.
1673 4690 1726 4744 Quo

957 4788 1021 4837 lacto
1037 4788 1145 4838 decrerit
1159 4789 1262 4839 accitum
1285 4789 1357 4837 adse
1376 4790 1474 4837 tratrem
1490 4787 1513 4834 in
1531 4784 1605 4833 libera
1616 4780 1726 4832 custodia

955 4881 1093 4943 adservare,
1109 4880 1188 4930 donec
1208 4884 1355 4942 presentem
1375 4892 1457 4931 rerum
1471 4879 1561 4925 statum
1580 4873 1642 4922 bone
1658 4885 1726 4922 com·

955 4972 1097 5037 posuisset:
1114 4985 1190 5037 quare
1209 4970 1278 5021 illum
1289 4971 1361 5035 quasi
1377 4969 1424 5018 alia
1438 4968 1469 5018 de
1480 4977 1566 5014 caussa
1584 4964 1722 5016 arcessivit.

955 5069 986 5115 λι
1006 5064 1106 5114 nuntius
1124 5064 1166 5127 qni
1187 5063 1277 5113 missus
1294 5063 1386 5114 luerat.
1401 5071 1458 5108 cum
1477 5055 1644 5106 benevolentia
1669 5069 1727 5122 erga

956 5155 1143 5218 periclitantem,
1152 5152 1286 5204 tumeliam
1299 5147 1452 5200 miseratione
1464 5148 1568 5199 fortuna
1579 5151 1725 5213 mmmnlus,
