3772 5828
156 344 215 405 θθθ

158 504 170 527 ιι
184 486 238 543 τοῖς
252 474 390 556 ίλάχιστον
405 476 495 558 έχουσι
507 478 629 555 τίμημα,
643 478 695 538 είτι
710 480 781 545 ὁπως
794 478 825 538 διν
839 477 936 557 βούλη·
963 494 967 508 ·

159 592 171 614 ιι
186 570 247 637 σθε,
268 576 441 643 κατανεῖμαι·
455 565 514 633 τοθς
529 568 551 625 δ’
567 566 674 644 ὁριστάς
687 569 767 637 αὐτῆς
783 566 879 647 ἄνδρας
892 564 939 624 καλ

160 682 171 703 ιι
187 654 216 711 τ“ο
232 654 356 732 ὑμέτερον
370 655 511 735 ιίιήρισμοι,
529 654 544 714 δ
561 656 683 734 περὶτῆς
697 655 858 736 κληρουχίας
872 653 939 724 dioi-

161 766 172 787 ιι
187 762 261 809 σετε,
276 741 322 798 καὶ
335 740 420 799 τάλλα
433 736 482 799 όσα
499 740 538 800 δεῖ
552 740 690 819 γενέσθαι,
706 741 797 813 ίπειδη
813 738 939 819 βραχὺςὸ

120 854 134 891 ι,
161 853 173 877 ιι
187 827 340 903 λειπόμενός
353 830 409 887 ἀστι
421 831 468 898 τῆς
477 830 563 907 ἀρχῆς
577 836 629 893 τοῖς
641 828 749 897 ὑπάτοις
762 828 869 910 χρόνος,
880 826 940 894 τούς

161 942 174 965 ιι
188 916 314 981 εἰσιόντας
340 916 453 984 ὑπάτους
478 920 513 982 ώς
543 916 575 975 ἀν
605 916 693 983 αὑτοῖς
716 920 845 997 κράτιστα
875 919 938 996 δοκῇ

162 1032 174 1053 ιι
189 1002 255 1073 ί”ςειν
269 1005 429 1068 ἕπιτελέσαι.
443 1005 514 1067 Οὔτε
530 1006 579 1086 γδιρ
594 1006 683 1085 ὀλίγου
697 1008 844 1078 τηλικαῦτα
856 1006 940 1086 πράγ·

162 1120 175 1143 ιι
190 1116 263 1169 ματα
283 1097 366 1155 δεῖται
381 1094 488 1175 χρόνον,
508 1095 568 1154 οὑτε
584 1099 601 1166 ἡ
616 1102 661 1155 νῦν
672 1097 850 1165 στασιάζουσα
868 1094 939 1174 ἀρχὴ

161 1208 175 1235 ι
191 1184 385 1266 φρονιμώτερον
410 1185 443 1243 διν
467 1184 616 1260 καταμάθοι
638 1185 671 1245 τδι
700 1185 867 1266 συμρέρουτα
892 1190 939 1257 τῆς

109 1291 137 1333 lo
162 1297 175 1323 ιι
191 1276 249 1345 μετ’
286 1274 367 1342 αὐτὴν
382 1273 654 1350 ἀποδειχθησομένης,
675 1273 720 1332 ἐάν
735 1275 821 1346 έκείνη
841 1272 866 1350 γ’
880 1271 939 1331 ώσ-

162 1386 175 1413 ιι
190 1383 239 1439 περ
257 1364 396 1437 ἐλπίζομεν
418 1364 527 1441 ὁμονοῇ.
582 1364 720 1441 Χρήσιμον
741 1364 768 1423 δὲ
784 1374 896 1443 πρᾶγμα
912 1363 939 1420 ἐν

163 1451 296 1515 «πολλοῖς
314 1452 360 1509 καί
374 1452 471 1520 ήκιστα
491 1451 619 1529 σραλερὸν
637 1451 774 1527 ἀναθολῆ,
793 1452 839 1512 καὶ
852 1451 939 1511 πολλὰ

164 1566 176 1590 ιι
191 1538 308 1616 ὁχρόνσς
323 1543 349 1598 ἐν
363 1537 449 1619 ἡμέρα
465 1548 514 1620 μιᾷ
530 1542 702 1615 μετατίθησι·
719 1542 764 1601 καί
776 1542 806 1601 ’.θ
818 1542 856 1620 μὴ
871 1565 938 1601 στα-

163 1655 175 1675 ιι
191 1627 281 1694 σιάζον
303 1630 329 1685 ἐν
354 1630 407 1693 τοῖς
430 1628 606 1705 προεστηκόσι
625 1632 677 1686 τῶν
701 1633 793 1687 κοινῶν
815 1630 938 1689 ἀπάντων

112 1731 135 1769 ιι
162 1743 174 1766 ιι
191 1718 295 1791 ἀγαθῶν
310 1717 335 1773 έν
350 1721 407 1781 ταῖς
419 1715 525 1773 πόλεσιν
539 1717 631 1776 αἴτιον.
653 1717 725 1795 Ἐγὼ
736 1720 783 1794 μὲν
797 1718 829 1789 δὴ
840 1718 939 1788 ταύτην

163 1834 175 1855 ιι
190 1805 371 1884 ἀπαραίνομαι
391 1806 514 1883 γνώμην·
533 1804 600 1865 εἶδέ
622 1828 661 1874 τις
679 1805 745 1865 ἀλλο
759 1814 877 1885 κρεῖττον
898 1807 938 1863 εί-

164 1919 176 1941 ιι
192 1902 328 1970 σηγεῖται,
342 1893 478 1971 λεγέτω·

203 1982 331 2043 lxii-'l
358 1979 537 2059 [Ιαυσαμένου
557 1979 599 2053 δδ,
618 1980 697 2047 πσλὺς
714 1981 819 2048 ἔπαινος
834 1984 863 2039 ἐκ
887 1983 938 2039 τῶν

163 2069 299 2149 παρόντοιν
312 2071 434 2147 ἐγένετο,
460 2070 506 2128 καὶ
521 2069 602 2136 οὐδεὶς
617 2074 668 2128 τῶν
684 2072 742 2146 μετ’
756 2072 854 2129 ἐκεῖνον
874 2072 940 2150 έρω·

111 2178 138 2219 lo
164 2159 293 2227 τηθέντων
304 2161 393 2238 ἑτέραν
412 2158 520 2235 γνώμην
543 2158 734 2239 ἀποφαίνεται·
759 2157 885 2238 γράρεται
907 2157 939 2232 δὴ

165 2245 232 2319 μετδι
247 2253 331 2304 ταῦτα
346 2247 375 2305 τὸ
385 2251 431 2316 τῆς
444 2249 539 2325 βουλῆς
550 2247 635 2325 δόγμα
646 2245 752 2305 τοιόνδε·
768 2244 898 2328 ιιἌνδρας
910 2251 940 2307 ἐκ

164 2335 215 2389 τῶν
233 2336 368 2393 ὑπατικῶν
382 2337 571 2416 ἀποδειχθῆναι
583 2334 647 2393 δέκα
660 2336 720 2394 τοδε
734 2336 940 2416 πρεσὺυτάτους,

163 2420 254 2488 οίτινες
268 2422 401 2502 ὁρίσαντες
417 2424 464 2495 τήν
484 2423 615 2501 δημοσίαν
635 2423 728 2503 χώραν
742 2424 939 2501 ἀποδείξουσιν,

163 2504 227 2583 ὅσην
242 2511 325 2569 τιθεῖ
346 2516 501 2589 μισθοῦσθαι
519 2511 565 2569 καὶ
584 2511 648 2582 όσην
662 2516 701 2592 τῷ
715 2511 794 2594 δήμῳ
811 2515 941 2594 διαιρεθῇ·

110 2617 136 2655 αι
164 2622 221 2656 ναι·
243 2608 297 2666 τοῖς
316 2601 342 2658 δὲ
359 2601 519 2667 ἰσοπολίταις
537 2600 623 2659 τεκαὶ
636 2602 806 2682 συμμάχοις,
823 2605 868 2663 ἐάν
882 2626 940 2660 τινα

164 2686 270 2765 ὕστερον
287 2689 481 2761 ἐπικτήσωνται
499 2692 575 2766 κοινῇ
589 2692 830 2769 στρατευσάμενοι,
843 2692 872 2750 τὸ
882 2694 942 2749 irrr-

165 2774 263 2832 θάλλον
276 2779 395 2846 ἑκάστοις
408 2780 478 2838 κατά
496 2781 542 2845 τάς
555 2780 696 2859 ὁμολογίας
711 2782 839 2861 ὑπάρχειν
855 2780 940 2860 μέρος·

164 2863 212 2932 τήν
229 2864 256 2921 δὲ
279 2864 379 2946 αἵρεσιν
402 2870 453 2924 τῶν
472 2869 572 2945 ἀνδρῶν
598 2866 644 2925 καὶ
666 2868 714 2938 τήν
735 2867 862 2945 διανομὴν
889 2871 941 2926 τῶν

164 2953 269 3031 κλήροιν
284 2955 422 3013 καλτάλλα
434 2954 482 3011 ὅσα
495 2956 534 3011 δεῖ
544 2956 663 3028 γενέσθαι
675 2953 734 3022 τοὺς
746 2955 872 3023 εἰσιόντας
884 2957 942 3013 έπι-

111 3054 138 3093 θθ
166 3041 270 3100 τελέσαι
285 3044 409 3108 ὑπάτους.
427 3070 440 3093 ιι
483 3043 569 3099 Τοῦτο
589 3042 619 3099 τὸ
643 3040 728 3120 δόγμα
749 3046 785 3110 ιίς
797 3043 840 3101 τὸν
856 3045 940 3121 δῆμον

165 3132 308 3209 εἰσενεχθὲν
324 3132 366 3188 τόν
381 3152 408 3186 τε
428 3128 544 3189 Κάσσιον
562 3129 661 3186 ἔπαυσε
683 3133 729 3199 τῆς
751 3131 941 3209 δημαγωγίας,

164 3219 209 3275 καὶ
224 3220 271 3291 τὴν
288 3218 525 3296 ἀναρριπιζομένην
539 3220 569 3275 ἐκ
584 3220 635 3274 τῶν
650 3217 769 3288 πενήτων
784 3219 877 3277 στάσιν
894 3223 942 3280 οὐκ

165 3307 236 3366 εἴασε
258 3306 405 3385 περαιτέρω
422 3309 567 3386 προελθεῖν.

204 3398 346 3457 nilli'll.
368 3399 417 3474 Τῷ
433 3397 455 3452 δ’
467 3394 524 3465 ἑξῆς
548 3398 669 3471 ἐνιαυτῷ,
684 3399 729 3468 τῆς
744 3396 942 3474 ἑόδομηκοστῆς

115 3515 141 3555 35
165 3485 209 3543 καί
229 3486 355 3563 τετάρτης
379 3486 541 3560 ὀλυμπιάδος
558 3485 719 3558 ἐνεστώσης,
734 3487 767 3559 ἣν
788 3489 861 3546 ἐνίκα
876 3490 942 3546 στά-

166 3596 218 3649 διον
240 3585 366 3650 Ἄστυλος
394 3583 581 3660 Συρακούσιος,
598 3582 721 3652 Ἀθήνησι
753 3579 776 3637 δ’
802 3578 890 3659 ἄρχων
918 3570 946 3645 ἦν

166 3666 353 3741 λεώστρατος,
370 3664 481 3723 Κοίντου
500 3664 667 3722 Φειδίουκαί
687 3662 812 3745 Σερουίου
839 3669 944 3748 Κορνη-

165 3754 220 3811 λίου
247 3752 293 3823 τήν
313 3752 440 3810 ὑπατείαν
467 3753 689 3831 παρειληρότων,
713 3756 803 3832 ἀνδρες
838 3758 866 3812 ἐκ
889 3761 942 3816 τῶν

165 3842 310 3917 πατρικίων
326 3838 379 3897 νέοι
401 3839 448 3915 μέν
470 3838 509 3896 ἔτι
529 3839 576 3907 τὴν
591 3841 714 3909 ἡλικίαν,
740 3843 943 3920 ἐπιφανέστατοι

112 3955 140 3990 an
166 3927 192 3983 δὲ
208 3933 260 3984 τῶν
273 3929 361 3985 ἄλλοιν
377 3929 445 3987 κατά
462 3952 490 4006 γε
501 3927 617 3995 ἀξιώσεις
632 3928 767 4006 προγόνων
781 3930 826 3987 καί
840 3928 883 3987 διθ
896 3931 943 3999 τάς

167 4015 281 4090 έῑαιρίας
295 4020 378 4075 τεκαὶ
390 4018 516 4084 πλούτους
530 4016 598 4094 μέγα
614 4016 769 4089 δυνάμενοι,
782 4016 830 4073 καλ
844 4021 879 4084 ὡς
890 4020 943 4077 νέοι

165 4101 198 4159 τά
214 4103 337 4160 πολιτικὰ
353 4108 478 4182 πράττειν
493 4104 595 4171 οὐδενὸς
610 4107 661 4162 τῷν
682 4107 708 4162 ἐν
725 4107 797 4183 ἀκμῇ
819 4104 942 4185 χείρους,

166 4190 272 4251 Καίσων
299 4192 402 4260 datm
423 4195 532 4274 ἀδελρθς
553 4199 597 4254 τοῦ
623 4194 681 4252 τότε
697 4195 884 4268 ὑπατεύοντος,
897 4198 942 4256 καί

167 4279 275 4345 Αεύκιος
290 4282 433 4360 Οὐαλέριος
447 4284 623 4357 Ποπλικόλας,
640 4284 750 4364 ἀδελφὸς
768 4289 813 4343 τοῦ
829 4287 944 4344 καταλύ-

113 4390 139 4426 ει»
167 4393 258 4435 σαντος
277 4367 335 4434 τούς
351 4375 483 4445 βασιλεῖς,
502 4373 549 4444 τὴν
564 4373 737 4451 ταμιευτικὴν
754 4374 857 4454 ἔχοντες
873 4374 943 4445 ε’ξου·

167 4459 225 4515 σίαν
240 4458 309 4516 κατά
324 4460 367 4515 τὸν
383 4462 460 4519 αὐτὸν
471 4464 579 4539 χρόνον,
596 4463 641 4520 καὶ
654 4462 696 4520 διά
707 4468 783 4522 τοῦτο
798 4465 941 4537 ἐκκλησίαν

167 4548 286 4623 συνάγειν
301 4548 371 4612 όντες
386 4549 487 4627 κύριοι,
508 4552 551 4607 τὀν
569 4552 754 4610 ὑπατεύσαντα
774 4557 811 4634 τῷ
831 4553 942 4634 πρόσθεν

167 4641 276 4715 ἐνιαυτῷ
295 4637 408 4714 Σπόριον
428 4638 543 4697 Κάσσιον
557 4640 603 4697 καί
617 4643 788 4717 τολμήσαντα
804 4644 862 4708 τοὺς
882 4644 942 4720 περὶ

167 4731 211 4796 τῆς
235 4728 361 4799 διανομῆς
383 4726 573 4803 εἰσηγήσασθαι
600 4730 703 4806 νόμους,
720 4732 885 4808 εἰσήγγειλαν
907 4732 942 4796 εἷς

126 4814 208 4870 οιτον
236 4816 320 4892 δῆμον
346 4816 389 4873 ἐπὶ
413 4816 562 4893 τυραννίδος
596 4819 680 4898 αἰτία·
706 4821 750 4877 καὶ
776 4821 943 4897 προειπόντες

166 4902 267 4980 ἡμέραν
284 4902 364 4984 ῥητήν
388 4904 496 4963 ἐκάλουν
513 4907 602 4981 αὐτὸν,
623 4909 658 4972 ὡς
674 4906 718 4964 tal
734 4912 781 4965 τοῦ
796 4908 879 4982 δήμου
894 4907 942 4979 τήν

167 4990 240 5056 δίκην
257 4995 495 5071 ἀπολογησόμενον.
540 4991 643 5072 Ὀχλου
656 4994 682 5051 δλ
701 4994 825 5052 πλείστου
841 5018 939 5072 συναχ·

167 5075 251 5140 θέντος
265 5081 299 5141 εἷς
313 5081 361 5148 τὴν
379 5084 579 5161 ἀποδειχθεῖσαν
601 5081 719 5159 ἡμέραν,
733 5083 942 5158 συγκαλέσαντες

166 5168 201 5229 εἰς
222 5166 362 5235 ἐκκλησίαν
378 5169 407 5225 τὸ
427 5172 535 5246 πλῆθος,
550 5170 584 5228 τά
607 5169 631 5226 τ’
654 5170 758 5247 έμρανῆ
782 5175 828 5228 τοῦ
851 5173 942 5252 ἀνδρὸς

679 345 846 407 θΙΟλΎθΙΙ
869 344 1250 408 Hlnlcanltlssnnsls

993 507 1005 529 ι
1021 487 1072 551 agri
1095 487 1233 551 portionem
1251 486 1358 548 babent,
1378 487 1430 539 sive
1448 487 1494 549 iis,
1509 500 1620 551 quorum
1632 502 1729 541 census
1744 495 1784 543 est

992 590 1005 613 ιι
1018 571 1144 631 minimus,
1163 573 1217 622 sire
1230 570 1454 635 quomodocunque
1474 571 1548 622 robis
1561 572 1700 636 placuerit,
1721 590 1783 627 eum

992 666 1005 691 ιι
1021 648 1138 700 dividatis
1152 669 1159 699 ι
1171 650 1298 700 initorum
1314 664 1374 701 vero
1382 652 1543 711 creationem,
1564 655 1592 702 et
1606 657 1719 706 νοείτιιιιι
1734 670 1782 706 sc·

994 747 1007 771 ιι
1021 730 1249 792 natusconsultum,
1260 730 1328 795 quod
1337 731 1368 783 de
1377 733 1442 797 agris
1451 732 1593 784 dividendis
1601 734 1693 787 lacluri
1702 740 1778 800 estis,

994 830 1006 853 ι
1019 814 1045 861 et
1060 810 1108 861 alia
1128 825 1285 875 quaecunque
1303 815 1361 863 sunt
1379 812 1489 864 iacienda
1507 814 1643 878 (quoniam
1661 820 1779 883 tempus,

994 912 1006 935 ι
1023 892 1091 955 quod
1106 894 1196 944 horum
1217 894 1346 944 consulum
1370 895 1526 959 magistratui
1543 904 1679 962 superest,
1702 899 1780 954 brere

994 994 1006 1017 ιι
1021 980 1074 1036 cst)
1096 977 1257 1041 sequentibus
1274 978 1416 1030 consulibus
1431 982 1611 1033 committenda
1625 996 1736 1047 censeo,
1752 990 1782 1037 ut

994 1078 1006 1101 ι
1020 1060 1069 1119 isti,
1080 1062 1146 1125 quod
1156 1062 1260 1112 manime
1270 1075 1285 1112 e
1297 1061 1420 1126 republica
1429 1062 1562 1123 ridebitur,
1573 1064 1678 1116 iaciant.
1689 1069 1780 1132 Neque

994 1160 1007 1184 ι
1020 1142 1085 1191 enim
1105 1148 1174 1195 lanla
1194 1145 1290 1208 negotia
1314 1144 1384 1196 brcri
1402 1147 1521 1211 temporis
1543 1148 1625 1210 spatio
1649 1148 1779 1215 indigent,

995 1244 1007 1267 ι
1023 1238 1101 1289 neque
1123 1227 1237 1278 eonsules
1252 1228 1293 1277 isli
1317 1227 1383 1277 inter
1405 1242 1433 1277 se
1451 1228 1604 1279 dissidentes
1626 1230 1779 1294 prudentius

994 1326 1006 1351 ι
1019 1309 1181 1373 prospiciant,
1194 1310 1254 1373 qnid
1267 1310 1299 1360 sit
1315 1310 1384 1366 utile,
1401 1324 1477 1373 quam
1488 1310 1562 1374 eiqui
1575 1316 1635 1376 post
1649 1326 1696 1363 eos
1708 1328 1777 1364 erca-

994 1409 1007 1433 ιι
1020 1390 1121 1451 buntur,
1138 1391 1273 1442 dummodo
1290 1393 1340 1454 (uti
1351 1399 1494 1455 speramus)
1508 1392 1650 1445 concordes
1675 1394 1777 1447 luerint.

995 1494 1007 1514 ι
1023 1475 1108 1525 llullis
1123 1480 1206 1525 autem
1226 1476 1250 1524 in
1267 1475 1342 1525 rebus
1364 1473 1451 1524 dilatio
1472 1478 1513 1525 est
1538 1476 1609 1526 utilis
1635 1481 1661 1527 et
1675 1480 1778 1529 minime

995 1571 1007 1593 ι
1024 1554 1171 1618 periculosa,
1186 1559 1212 1606 ct
1224 1558 1322 1618 ternpus
1333 1555 1414 1604 multa
1428 1555 1502 1605 unius
1518 1555 1569 1606 diei
1584 1558 1666 1621 spatio
1679 1564 1774 1615 mulat;

995 1658 1008 1680 «
1022 1643 1046 1688 ct
1063 1638 1252 1702 magistratuum
1272 1637 1449 1702 rempublicam
1466 1636 1696 1691 administrantium
1715 1655 1775 1691 con-

996 1740 1007 1762 ιι
1021 1721 1105 1770 cordia
1123 1721 1233 1771 omnium
1254 1720 1374 1771 bonorum
1390 1720 1537 1771 civitatibus
1556 1736 1649 1773 caussa
1663 1738 1715 1775 esse
1731 1740 1772 1773 so·

995 1820 1007 1844 ι
1023 1801 1064 1852 iet.
1097 1804 1177 1865 Atque
1191 1802 1244 1852 lraeu
1260 1805 1299 1853 cst
1312 1815 1367 1852 mea
1380 1802 1501 1852 sententia
1515 1822 1522 1852 ι
1538 1803 1584 1854 scd
1599 1805 1690 1871 siquis
1701 1806 1774 1857 aliam

995 1904 1008 1928 ιι
1020 1884 1147 1935 meliorem
1163 1884 1252 1946 babet,
1268 1898 1323 1935 eam
1333 1885 1408 1936 dicat.
1423 1905 1435 1928 ν

1024 1989 1126 2037 lxxvi.
1144 1991 1226 2045 Quum
1236 1991 1319 2037 autem
1332 1986 1405 2038 lmem
1422 1986 1521 2039 dicendi
1529 1988 1641 2051 lecisset,
1655 1992 1689 2041 ab
1701 1995 1779 2044 omni·

994 2073 1053 2135 bus,
1064 2076 1106 2140 qul
1116 2074 1229 2137 aderaut,
1244 2076 1340 2138 maguis
1348 2075 1465 2126 laudibus
1474 2081 1513 2127 cst
1522 2082 1643 2141 exceptus
1654 2093 1660 2122 ε
1671 2094 1777 2133 ornnes-

994 2176 1055 2227 que,
1071 2163 1114 2226 qui
1131 2168 1188 2226 post
1200 2176 1258 2214 eum
1275 2164 1356 2226 rogati
1373 2163 1492 2225 luerunt,
1507 2165 1530 2215 in
1544 2164 1649 2216 eandem
1670 2174 1774 2219 senteu-

995 2254 1055 2303 tiam
1073 2252 1183 2303 iverunt.
1221 2254 1281 2304 Post
1299 2253 1354 2304 bue
1372 2253 1446 2317 igitur
1461 2254 1509 2305 lala
1526 2256 1773 2317 senatusconsultum

995 2341 1086 2391 lactmn
1105 2344 1143 2391 est
1160 2361 1166 2391 :
1185 2359 1197 2387 ιι
1212 2343 1244 2391 t't
1259 2341 1393 2391 decemviri
1405 2356 1438 2391 ex
1456 2340 1624 2393 consularibus
1644 2349 1705 2395 natu
1716 2359 1771 2395 ma·

996 2431 1056 2480 rimi
1073 2434 1226 2491 crearentur,
1240 2431 1284 2494 qui
1307 2444 1366 2494 agro
1384 2430 1485 2493 pubiloo
1510 2432 1641 2483 terminato
1661 2446 1773 2496 pronun·

996 2520 1100 2578 tiarcnt,
1114 2523 1235 2583 quantum
1259 2518 1389 2569 locandum
1414 2521 1496 2582 essct,
1522 2524 1549 2571 et
1566 2525 1690 2584 quantum
1710 2524 1778 2587 plebi

995 2607 1155 2657 dividendum
1172 2626 1177 2654 :
1195 2610 1307 2657 ceterum
1328 2611 1355 2656 ct
1376 2607 1422 2669 iis,
1436 2608 1480 2671 qui
1505 2607 1673 2660 lascivitatis
1694 2617 1778 2663 essent

994 2695 1089 2759 adepti,
1100 2699 1126 2745 ct
1142 2694 1230 2755 sociis,
1248 2694 1270 2744 si
1288 2695 1345 2756 quis
1362 2708 1420 2759 ager
1440 2694 1568 2745 communi
1588 2696 1678 2749 militia
1691 2708 1780 2763 postea

995 2788 1082 2847 partus
1096 2783 1196 2843 luisset,
1215 2783 1319 2847 singulis
1331 2783 1413 2847 portio
1428 2783 1494 2833 iusta
1508 2797 1539 2834 ex
1550 2784 1645 2836 ledere
1655 2786 1775 2838 daretur:

995 2873 1192 2923 decemvirorum
1210 2885 1268 2921 vcro
1277 2872 1384 2931 creatio,
1401 2876 1427 2921 ct
1435 2884 1553 2933 agrorum
1567 2873 1659 2925 urrato
1671 2878 1697 2926 et
1708 2874 1774 2935 alia,

995 2974 1151 3024 quecunque
1162 2965 1246 3011 essent
1258 2960 1368 3025 agenda,
1380 2959 1542 3023 acuentibus
1551 2963 1696 3015 consulibus
1708 2977 1777 3014 curae

995 3054 1086 3101 essent.
1097 3066 1108 3093 υ
1124 3051 1176 3099 Hoc
1182 3049 1425 3099 serratusoonsultum
1432 3048 1465 3098 ad
1471 3049 1593 3113 populum
1604 3053 1711 3102 relatum
1718 3055 1778 3103 Cas·

996 3138 1027 3188 sii
1039 3138 1169 3187 conciones
1185 3139 1296 3188 collibuit
1310 3143 1336 3189 ci
1350 3140 1449 3202 inopum
1469 3139 1615 3203 gliscentem
1631 3141 1779 3195 seditionem

995 3227 1099 3277 ulterius
1119 3227 1235 3291 progredi
1250 3240 1297 3275 non
1311 3227 1378 3277 sirit.

1027 3402 1146 3451 Lxxl'll.
1163 3404 1232 3449 Anno
1244 3399 1368 3462 sequenti,
1383 3401 1571 3465 septuagesima
1588 3408 1687 3467 quarte
1700 3406 1777 3469 olym·

996 3490 1073 3554 piadir
1085 3490 1177 3549 initio,
1194 3502 1245 3552 qua
1267 3489 1326 3539 ricil
1341 3489 1367 3539 in
1383 3489 1574 3555 stadiodslplus
1588 3494 1777 3556 Syracusanus.

997 3580 1115 3630 archonte
1136 3579 1239 3629 Athenis
1261 3580 1401 3639 Leostrato,
1429 3579 1521 3637 Quinto
1543 3580 1621 3631 Fabio
1643 3588 1669 3633 ct
1691 3585 1779 3635 Servio

997 3669 1109 3719 Cornelio
1126 3667 1285 3728 consulibus,
1301 3669 1354 3716 duc
1369 3667 1464 3731 patricii
1477 3669 1650 3721 adolescentes
1665 3675 1779 3723 onmium

997 3759 1155 3819 nobilissimi,
1178 3757 1221 3820 qui
1242 3761 1295 3807 tum
1318 3758 1409 3807 maiore
1427 3758 1560 3820 dignitate,
1576 3762 1631 3809 tum
1655 3762 1779 3814 sodalitiis

998 3862 1026 3897 aa
1050 3849 1137 3912 opibus
1161 3849 1212 3897 suis
1236 3846 1343 3897 mullum
1371 3850 1499 3911 poterant,
1516 3851 1542 3898 et
1562 3849 1605 3911 qui
1622 3853 1651 3902 ut
1675 3851 1778 3904 iuvenes

997 3936 1086 3986 nemini
1115 3936 1236 3985 iuniorum
1258 3936 1283 3984 iu
1309 3935 1413 3998 publicis
1430 3936 1534 3998 negotiis
1549 3938 1685 3989 tractandis
1708 3946 1779 3991 crant

997 4024 1113 4085 secundi,
1131 4025 1200 4075 Caeso
1217 4024 1315 4087 Fabius,
1328 4026 1402 4075 irater
1414 4025 1475 4087 cius,
1486 4025 1529 4090 qui
1545 4030 1605 4076 tunc
1615 4030 1702 4078 consul
1713 4034 1778 4091 erat,

996 4116 1022 4162 et
1045 4113 1136 4162 Lucius
1154 4113 1268 4163 t'alcrius
1297 4113 1432 4177 l’oplicola,
1452 4114 1528 4164 lrater
1549 4115 1617 4177 eina,
1637 4118 1681 4181 qui
1706 4131 1777 4181 reges

997 4200 1141 4264 expulerat,
1164 4200 1251 4250 eodem
1266 4209 1374 4266 ternpore
1388 4206 1539 4265 quesmres,
1555 4217 1586 4253 ac
1606 4204 1661 4255 ideo
1678 4218 1775 4255 couro-

997 4292 1081 4340 canda·
1097 4291 1220 4340 concionis
1237 4294 1275 4340 ins
1295 4293 1428 4354 lrabonlcS,
1446 4292 1528 4355 spurii
1543 4292 1620 4344 Cassii
1636 4293 1676 4357 qui
1696 4307 1775 4357 supe-

998 4379 1061 4428 riore
1075 4394 1138 4429 anim
1148 4382 1302 4430 consulatum
1318 4389 1441 4446 gesserat,
1457 4388 1482 4431 et
1500 4383 1562 4445 lepis
1572 4382 1670 4447 agrariae
1684 4386 1776 4433 auctor

997 4482 1050 4518 csse
1072 4484 1147 4518 ausus
1169 4475 1235 4529 crat,
1262 4473 1398 4531 tyrannidis
1421 4472 1545 4522 allectatau
1569 4470 1633 4536 apud
1655 4471 1775 4535 populum

997 4562 1160 4618 accusarunt,
1178 4558 1292 4623 diemque
1313 4563 1335 4611 ei
1357 4563 1485 4622 dixerunt,
1506 4576 1555 4623 (pua
1572 4560 1637 4625 apud
1657 4562 1776 4626 populum

997 4660 1111 4695 caussam
1123 4647 1205 4696 diccrc
1217 4649 1350 4702 iusserunt.
1365 4654 1449 4707 Quum
1465 4652 1586 4699 aulmnad
1602 4650 1668 4699 diem
1683 4650 1777 4701 dictam

998 4735 1103 4798 plurima
1128 4735 1201 4785 turba
1222 4737 1395 4797 conduxisset,
1421 4742 1556 4787 convocata
1583 4738 1615 4787 ad
1634 4741 1775 4789 concionem

997 4824 1154 4874 multitudine
1169 4825 1297 4874 manilesta
1313 4825 1420 4875 bominis
1433 4832 1488 4876 acta
1505 4827 1565 4876 nillil
1576 4827 1633 4877 boni
1647 4829 1671 4877 in
1688 4842 1714 4876 se
1730 4828 1775 4876 ha·

998 4913 1080 4962 buissc
1099 4914 1193 4977 prolixa
1219 4918 1332 4964 oratione
1354 4914 1565 4967 demonstrarunt.
1610 4922 1644 4967 λε
1671 4917 1776 4980 primurn

997 5002 1113 5065 quidem,
1127 5001 1192 5065 quiid
1207 5002 1312 5061 Latinis,
1332 5004 1413 5064 quise
1430 5005 1484 5056 iuro
1498 5006 1607 5055 cirilalis
1619 5006 1704 5056 donari
1715 5009 1778 5057 satis

997 5091 1119 5141 balrelmnl
1133 5130 1138 5151 ,
1154 5096 1177 5141 el
1193 5105 1236 5154 pro
1256 5105 1347 5154 inagna
1366 5093 1483 5143 lelicilale
1498 5096 1672 5153 aestimabant,
1693 5096 1713 5144 si
1731 5097 1778 5146 boe

998 5180 1077 5230 solum
1090 5180 1263 5244 irnpctrareut,
1279 5197 1325 5231 nou
1339 5183 1418 5232 solum
1436 5184 1474 5232 ius
1488 5184 1607 5244 cirilalis,
1625 5184 1691 5246 quod
1706 5189 1777 5247 pele-
