3772 5828
600 414 894 486 ANTIQUITATUM
917 418 1065 481 ROMAN.
1090 423 1160 482 LlB.
1184 425 1220 485 ll.

101 541 184 614 στίσς,
197 540 257 602 σύτε
269 545 307 621 τῷ
320 540 452 623 Ῥωμύλῳ
472 543 541 602 κατὰ
555 546 679 625 διαδοχὴν
697 546 784 624 γένους
798 548 870 606 οὐδὲν

101 629 263 708 οἰκειότερον,
286 629 420 710 προγόνων
446 630 493 707 μίν
514 635 657 712 ὑπάρχοντι
675 637 727 692 τῶν
747 634 772 701 ἐξ
792 633 872 696 Ἰλίου

100 718 132 777 τίι
149 722 197 789 τῆς
211 723 272 784 θεᾶς
291 717 349 797 ἱερὰ
362 719 608 797 μετενεγκαμένων,
623 721 721 801 μητρός
731 723 753 780 θ’
764 724 870 802 ἱερείας.

99 803 222 867 Ἐοίκασι
236 807 259 864 δ’
272 808 295 864 σί
311 806 353 864 διὰ
374 813 457 866 ταῦτα
471 807 519 878 τὴν
532 806 632 888 ίθρυσιν
650 817 695 869 τοῦ
714 813 784 888 ἱεροῦ
803 810 869 872 Ῥω-

59 916 71 951 s
99 896 174 975 μύλῳ
200 896 300 971 μᾶλλον
325 895 490 962 ἀνατιθέντες
513 895 531 966 ἣ
558 899 653 979 Νόμᾳ,
672 897 704 956 τό
720 898 768 974 μὲν
787 900 871 960 κοινὸν

96 984 182 1060 ύρθῶς
198 981 293 1061 λίγειν,
313 983 355 1042 ὅτι
367 982 469 1050 πόλεως
479 984 643 1060 οἰκιζομένης
662 984 749 1044 ίστίαν
769 990 871 1066 πρῶτον

99 1070 152 1128 ἔδει
177 1072 323 1150 ἱδρυθῆναι,
354 1071 399 1129 καὶ
428 1073 502 1128 ταῦθ’
515 1070 561 1128 ὑπ’
576 1072 668 1149 άνδρθς
695 1077 742 1132 οὐκ
762 1077 871 1154 ἀπείρου

98 1165 146 1228 τῆς
166 1158 226 1238 περὶ
239 1159 274 1218 τὰ
287 1163 344 1218 θεῖα
362 1158 466 1240 σοφίας·
495 1158 529 1218 ab
542 1159 567 1221 δί
588 1159 656 1220 κατὰ
672 1162 748 1243 μίρσς
766 1163 832 1241 θπίρ
842 1188 870 1223 τε

98 1252 144 1318 τῆς
168 1253 335 1321 κατασκευῆς
348 1253 393 1306 τοῦ
417 1252 461 1305 νῦν
484 1247 555 1316 ὄντος
575 1251 645 1329 ἱεροῦ
663 1250 709 1308 καί
727 1255 777 1310 τῶν
800 1257 872 1331 θερα·

49 1350 72 1389 ¹0
98 1341 231 1397 πευουσῶν
257 1335 307 1408 τὴν
333 1335 389 1395 θεὸν
412 1334 547 1414 παρθένων
577 1339 744 1416 ἠγνοηκέναι.
799 1339 869 1401 Ούτε

98 1428 148 1505 γὰρ
171 1426 203 1483 τὸ
217 1423 315 1505 χωρίον
330 1427 400 1483 τοῦτ’
424 1427 451 1483 ἐν
470 1415 535 1506 ᾧτὸ
559 1427 626 1504 ἱερὸν
645 1428 806 1507 φυλάττεται
817 1434 869 1510 πῦρ

97 1512 239 1590 Ῥωμύλος
251 1503 310 1585 bvi
328 1511 492 1592 καθιερώσας
508 1517 541 1591 τῇ
566 1516 631 1591 θεῷ·
647 1515 715 1593 μίγα
736 1514 763 1575 δὲ
778 1517 869 1576 τούτου

97 1602 254 1679 τεκμήριον,
264 1600 305 1660 ὅτι
322 1604 369 1671 τῆς
383 1598 547 1680 τετραγώνου
567 1601 731 1677 καλουμένης
750 1603 869 1680 Ῥώμης,

95 1692 128 1761 ἢν
145 1693 244 1758 ἐκεῖνος
265 1688 404 1769 ἐτείχισεν,
417 1687 491 1756 ίκτός
513 1691 598 1763 ἐστιν,
613 1689 722 1758 Ἑστίας
740 1693 768 1752 δί
785 1697 871 1766 κοινῆς

48 1789 69 1826 ¹5
96 1779 164 1857 ἱερὸν
188 1781 215 1838 ba
244 1779 282 1858 τῷ
312 1778 443 1857 κρατίστῳ
467 1779 583 1852 μάλιστα
612 1780 796 1859 καθιδρύονται
824 1785 871 1852 τῆς

96 1867 197 1932 πολεως
210 1863 334 1942 ἅπαντες,
352 1863 400 1933 ἔξω
413 1865 440 1922 δί
456 1872 502 1925 τοῦ
521 1866 624 1947 τείχους
638 1867 735 1934 οθδιίς·
758 1867 816 1928 οὔτε
827 1871 870 1928 διὰ

96 1952 231 2031 παρθένων
242 1949 289 2019 τάς
299 1951 436 2033 θεραπείας
451 1954 633 2026 κατεστήσατο
646 1959 679 2035 τῇ
694 1959 756 2036 θεῷ,
768 1980 870 2033 μεμνη-

98 2036 178 2147 μένος
193 2043 227 2106 ὡς
248 2041 305 2115 ίμοί
325 2040 396 2099 δοκεῖ
414 2046 460 2100 τοῦ
480 2041 539 2119 περὶ
561 2042 609 2114 τὴν
634 2043 737 2123 μητέρα
757 2045 870 2119 πάθους,

96 2147 112 2206 ῃ
133 2125 229 2201 συνίῦη
244 2127 423 2207 θεραπευούσῃ
442 2127 490 2201 τὴν
506 2129 561 2186 θεὸν
578 2129 627 2202 τὴν
644 2129 788 2209 παρθενίαν
805 2137 871 2191 ἀπο-

44 2243 69 2281 20
97 2214 203 2289 θάλεῖιι,
231 2219 266 2283 ῶς
291 2218 342 2296 οὐχ
363 2216 454 2282 ἱκανός
479 2216 618 2293 ἐσόμενος,
651 2217 699 2298 θάν·
719 2241 778 2276 τινα
819 2224 871 2279 τῶν

95 2304 232 2377 anamim
259 2303 322 2384 ιῦρῃ
346 2306 550 2383 διεφθαρμένην,
570 2303 641 2363 κατά
664 2304 723 2373 τοῦς
749 2308 872 2388 πατρίους

94 2396 297 2472 τιμωρήσασθαι
310 2391 407 2468 νόμους
424 2390 467 2450 bl
486 2391 532 2462 τὴν
552 2393 596 2450 ἐπὶ
613 2395 672 2460 ταῖς
686 2393 793 2461 οίκείαις
808 2418 873 2471 συμ·

95 2481 188 2561 φοραῖς
210 2480 366 2557 ἀνάμνησιν.
411 2478 462 2540 Διὰ
484 2484 569 2538 ταῦτα
591 2479 638 2558 μίν
657 2480 689 2552 δὴ
707 2482 791 2541 κοινόν
804 2484 872 2565 ἱερὸν

97 2570 127 2628 ού
149 2567 363 2627 κατεσκευάσατο
388 2571 435 2639 τῆς
459 2566 582 2641 Ἑστίας,
599 2568 652 2627 οὐδ’
666 2569 761 2649 ίεριίας
786 2571 873 2644 ἔταξεν

39 2671 68 2709 κα
99 2658 168 2734 αὐτῇ
191 2654 345 2734 παρθίνους,
367 2656 394 2715 όν
411 2655 512 2736 ἑκάστῃ
542 2655 570 2716 di
583 2660 636 2716 τῶν
652 2659 792 2738 τριάκοντα
807 2685 872 2740 φρα-

98 2747 178 2824 τριῶν
188 2742 360 2823 ίδρυσάμινος
375 2744 477 2816 ἑστίαν,
493 2743 532 2823 ἐφ’
546 2736 577 2818 ἧς
596 2744 669 2805 ἔθυον
688 2750 712 2806 οἱ
730 2757 871 2830 φρατριεῖς,

97 2832 246 2902 θυηπόλους
276 2833 361 2890 αὐτῶν
386 2830 492 2904 ἐποίησε
522 2830 581 2901 τοῦς
603 2836 655 2893 τῶν
681 2838 791 2916 κουριῶν
811 2841 872 2916 ἡγε-

95 2920 188 2996 μόνας,
212 2918 247 2978 τὰ
264 2918 329 2998 παρ’
342 2915 475 2993 Ἕλλησιν
487 2919 532 2991 ἔθη
548 2924 742 3001 μιμησάμενος,
759 2923 828 3005 άπιρ
845 2928 871 2984 ίν

95 3012 152 3075 ταῖς
177 3010 366 3088 ἀρχαιοτάταις
386 3013 438 3068 τῶν
464 3009 565 3069 πόλισιν
590 3012 627 3070 ἔτι
649 3011 774 3090 γίγνεται.
828 3015 872 3075 Τά

42 3108 67 3146 ³⁰
94 3097 124 3174 γε’
155 3118 195 3154 τοι
221 3095 371 3172 καλούμενα
399 3100 542 3176 πρυτανεία
570 3099 633 3179 παρ’
659 3103 748 3167 αὐτοῖς
763 3101 872 3170 Ἑστίας

95 3183 165 3244 ἐστίν
184 3184 253 3264 ίιρόι,
281 3183 327 3242 καί
350 3184 520 3263 θιραπιύεται
537 3187 602 3267 πρὸς
627 3192 678 3247 τῶν
703 3189 817 3268 ἐχόντων
843 3190 873 3249 τό
896 3209 901 3231 ¹

97 3272 217 3348 μέγιστον
235 3276 260 3331 ἰν
282 3281 339 3339 ταῖς
360 3272 452 3331 πόλεσι
466 3275 572 3353 κράτος.

135 3362 239 3423 Lxlll.
257 3359 352 3438 Νόμας
366 3360 393 3419 ii
410 3360 457 3432 τλν
470 3361 554 3441 ἀρχὴν
577 3362 740 3441 ποραλαῦὼν
755 3365 802 3432 τὰς
825 3366 872 3443 μὲν

95 3447 161 3514 ἰδίας
182 3450 228 3506 οὐκ
252 3447 358 3521 ἐκίνησε
384 3450 436 3507 τῶν
460 3452 591 3529 φρατριῶν
611 3450 698 3518 ἑστίας
706 3495 715 3524 ,
739 3449 828 3524 κοινὴν
845 3452 873 3510 δὲ

43 3546 68 3583 ²⁵
97 3538 279 3608 κατεστήσατο
309 3536 416 3598 πάντων
441 3537 505 3616 μίαν
529 3542 555 3597 ἐν
588 3541 625 3618 τῷ
652 3539 748 3614 μεταξύ
772 3545 819 3599 τοῦ
845 3565 872 3601 τι

97 3623 269 3685 Καπιτωλίου
287 3625 333 3684 καί
357 3629 402 3684 τοῦ
424 3626 562 3686 Παλατίου
581 3625 682 3706 χωρίῳ,
707 3631 874 3706 συμπεπολι-

98 3711 203 3786 σμένων
223 3706 274 3784 ἤδη
303 3717 356 3772 τῶν
386 3713 473 3791 λόφων
496 3714 534 3773 ἑνί
556 3714 689 3796 περιύάλῳ
714 3716 760 3774 καί
792 3717 873 3794 μίσης

97 3802 196 3880 ἀμφοῖν
213 3797 290 3877 οὔσης
309 3804 358 3872 τῆς
385 3804 491 3881 ἀγορᾶς,
518 3804 544 3860 ἕν
569 3791 588 3880 ᾖ
612 3801 821 3864 κατεσκεύασται
843 3808 873 3866 τὸ

96 3889 184 3967 ίερόν·
216 3889 264 3961 τήν
288 3912 318 3948 τε
341 3890 461 3970 φυλακὴν
485 3893 536 3948 τῶν
563 3893 641 3971 ίιρῶν
665 3889 734 3950 κατθι
753 3892 797 3951 τὸν
822 3894 874 3951 πά·

48 4004 71 4041 ιο
97 3999 168 4055 τριον
195 3979 246 4035 τῶν
265 3976 387 4037 Λατίνων
410 3979 489 4054 νόμον
513 3976 556 4035 διὰ
583 3977 720 4057 παρθίνων
750 3982 872 4058 ίνομοθί·

96 4086 161 4135 τησε
174 4063 302 4142 γίνεσθαι.
343 4062 423 4145 Ἔχει
444 4065 471 4124 δι’
490 4089 561 4132 τινος
576 4068 686 4148 ἀπορίας
710 4068 797 4127 καὶτὸ
820 4092 873 4150 φυ-

97 4152 257 4228 λαττόμενον
289 4156 315 4214 ίν
334 4157 372 4234 τῷ
393 4157 468 4235 ίιρῷ,
490 4154 516 4214 τί
531 4154 624 4228 δήποτ’
648 4156 704 4216 ἐστὶ
723 4156 769 4216 καί
791 4157 833 4216 διὰ
849 4158 876 4215 τί

98 4242 253 4322 πρόσκειται
275 4242 423 4321 παρθίνοις.
465 4241 540 4309 Tul<
557 4241 604 4322 μίν
619 4234 663 4303 οῦν
680 4243 753 4303 οὐδὲν
769 4244 818 4315 ίξω
830 4253 875 4306 τοῦ

98 4333 214 4410 φανεροῦ
240 4329 321 4409 πυρός
351 4319 417 4388 είναί
435 4351 499 4409 φασι
526 4329 555 4388 τὸ
582 4330 756 4411 τηρούμενον·
777 4331 824 4404 τὴν
848 4334 875 4393 δὲ

51 4443 75 4480 ιο
99 4417 219 4495 φυλακὴν
242 4421 321 4477 αὐτοῦ
344 4418 482 4497 παρθένοις
506 4419 660 4478 ἀνακεῖσθαι
675 4422 774 4495 μᾶλλον
796 4420 876 4492 ilda-

99 4507 177 4584 δράσι
196 4508 329 4565 ποιεῦνται
344 4503 415 4565 κατθ
433 4504 463 4564 τό
484 4505 563 4579 εἷκθς,
583 4505 623 4565 ότι
641 4512 694 4589 πῦρ
713 4508 760 4586 μὲν
782 4509 876 4589 ἀμίαν·

98 4617 154 4666 τον,
177 4598 302 4672 παρθίνος
326 4595 350 4654 δ’
370 4593 520 4676 ἄφθαρτον,
549 4600 586 4676 τῷ
614 4596 637 4654 δ’
664 4596 801 4677 ἁγνοτάτῳ
824 4602 877 4658 τῶν

98 4682 175 4740 θείων
196 4680 227 4740 τὸ
240 4682 428 4763 καθαρώτατον
447 4688 499 4743 τῶν
519 4688 618 4756 θνητῶν
642 4686 727 4765 φίλον.
779 4686 874 4770 Ἑστία

99 4771 122 4829 θ’
144 4770 297 4831 ἀνακεῖσθαι
311 4771 342 4831 τό
361 4776 416 4853 πῦρ
438 4772 598 4848 νομίζουσιν,
614 4772 654 4832 ότι
675 4778 709 4852 γῆ
729 4777 752 4833 τ’
768 4766 833 4835 σῦσα
856 4782 873 4848 ἠ

50 4878 74 4919 ιε
99 4859 155 4926 θεὸς
176 4857 223 4918 καί
249 4858 293 4918 τόν
320 4858 399 4938 μίσον
424 4861 573 4940 κατέχουσα
598 4865 643 4920 τοῦ
672 4867 770 4940 κόσμου
798 4863 876 4923 τόπον

98 4948 144 5019 τὰς
167 4947 276 5029 ἀνάψιις
295 4953 340 5008 τοῦ
354 4948 498 5030 μεταρσίου
520 4959 634 5009 ποιιῖται
656 4951 737 5029 πυρὸς
761 4954 806 5030 ἀφ’
819 4955 877 5012 iao·

99 5038 169 5107 τῆς..
200 5034 261 5096 Είσί
276 5035 304 5096 dl
319 5035 410 5119 [τινες]
425 5036 452 5096 σί
464 5060 543 5117 φασιν
568 5037 616 5107 ἔξω
631 5042 676 5098 τοῦ
692 5038 774 5118 πυρὸς
796 5038 878 5118 ιἰπόρ·

102 5146 169 5204 ρητα
188 5133 243 5193 τοῖς
265 5127 372 5194 πολλοῖς
393 5123 451 5206 ίερθ
480 5126 582 5185 κεῖσθαί
607 5128 656 5186 τιν’
672 5128 698 5184 ἐν
723 5130 761 5206 τῷ
776 5126 878 5203 τεμόντι

97 5215 148 5286 τῆς
172 5216 243 5288 θεᾶς,
253 5204 293 5272 ῶν
305 5214 333 5275 οί
345 5213 368 5274 θ’
381 5212 532 5296 ἱεροφάνται
550 5212 598 5273 τόν
618 5217 714 5292 γνῶσιν
729 5213 821 5294 ίχουσι
832 5216 878 5275 nal

1645 431 1702 490 lli

925 560 956 609 ob
970 563 1066 624 generis
1088 565 1269 614 successionem
1287 566 1420 628 quicquam
1444 565 1568 628 antiquius
1581 579 1636 618 essa
1653 567 1700 618 da-

926 656 1008 706 buisse
1029 675 1035 706 ι
1051 659 1142 722 quippe
1154 662 1197 722 qui
1216 665 1281 710 esset
1299 662 1460 712 amarioribus
1474 663 1601 723 oriundus,
1616 662 1659 724 qui
1670 675 1702 711 cx

928 751 972 801 llio
987 752 1053 803 illius
1072 755 1127 804 deca
1143 768 1212 805 saera
1227 757 1426 820 transtulissent,
1442 760 1506 808 etex
1526 760 1602 808 matre
1618 770 1698 808 sacer-

924 847 982 897 dote
996 848 1085 899 editus.
1118 854 1198 913 Atque
1209 852 1226 901 ii
1238 853 1280 915 qui
1291 857 1389 918 propter
1404 854 1460 904 haec
1473 869 1488 904 a
1502 854 1605 904 llomulo
1620 853 1702 917 potius

925 959 1026 1008 quama
1046 950 1124 997 tluma
1146 947 1193 999 hoc
1209 950 1327 1012 templum
1348 951 1474 1000 conditum
1491 951 1646 1011 existimant,
1662 949 1700 999 vl·

924 1040 1121 1107 danturquidern
1135 1046 1159 1095 in
1173 1047 1316 1096 universnm
1333 1051 1400 1097 recta
1413 1047 1505 1110 dicere,
1518 1049 1543 1098 in
1560 1050 1622 1099 urbo
1642 1062 1700 1098 con·

924 1139 1005 1189 denda
1022 1142 1101 1192 uadem
1126 1145 1207 1193 Vestae
1226 1143 1333 1206 primum
1359 1144 1418 1208 erigi
1436 1146 1588 1209 oportuisse,
1611 1145 1700 1209 praeci·

924 1247 973 1297 pue
990 1249 1048 1286 vero
1066 1251 1080 1284 a
1103 1237 1156 1288 viro
1167 1253 1248 1288 rerum
1263 1240 1402 1291 divinarum
1419 1241 1498 1304 perito
1520 1261 1527 1290 ι
1552 1241 1595 1291 sed
1613 1255 1699 1306 reapse

924 1335 950 1378 el
971 1333 1055 1396 templi
1078 1334 1152 1384 buius
1179 1334 1246 1397 quod
1274 1339 1357 1387 exstat
1382 1337 1567 1388 edificationem
1592 1341 1617 1387 at
1646 1336 1700 1386 rir-

924 1429 1017 1492 ginum‚
1028 1445 1083 1493 quae
1091 1431 1163 1481 deam
1171 1433 1449 1493 colunt‚inslitutiouaru
1459 1449 1506 1484 non
1516 1440 1582 1485 recte
1590 1432 1696 1485 novisse.

924 1530 1007 1592 Neque
1023 1530 1087 1579 euim
1102 1529 1272 1591 bonaiacum,
1290 1531 1334 1581 ubi
1354 1545 1422 1581 sacar
1433 1531 1495 1594 ignis
1509 1535 1632 1591 seruatur,
1647 1533 1697 1581 llo-

924 1625 1048 1675 mulusilli
1064 1626 1117 1676 dae
1135 1628 1317 1678 consecravisse
1333 1632 1430 1692 potest,
1445 1629 1515 1678 cuius
1530 1628 1566 1678 rel
1588 1627 1701 1678 certissi-

924 1735 991 1771 mum
1002 1728 1170 1786 argumentum
1178 1726 1224 1785 est,
1236 1725 1301 1786 quod
1311 1729 1349 1774 est
1358 1730 1429 1775 extra
1436 1729 1538 1776 Romam
1546 1725 1701 1789 quadratam.

924 1831 999 1880 quam
1024 1821 1076 1884 ipse
1096 1822 1208 1872 muniit:
1232 1824 1312 1873 Vestae
1332 1837 1390 1873 uero
1410 1824 1515 1888 publicae
1537 1823 1656 1887 templum
1678 1822 1703 1871 lu
1754 1829 1758 1837 “

925 1919 1128 1980 praestantissimo
1144 1920 1212 1969 urbis
1224 1919 1279 1968 loco
1290 1920 1367 1971 lerme
1379 1935 1465 1971 omues
1478 1921 1559 1970 locare
1570 1921 1659 1975 solent.
1676 1920 1703 1968 at

925 2025 998 2062 uerno
1011 2018 1081 2064 entra
1100 2015 1199 2064 moenia.
1232 2019 1316 2078 Neque
1338 2018 1411 2067 etiam
1432 2016 1539 2081 vlrgines
1560 2015 1702 2069 constituit.

925 2124 981 2173 quae
995 2111 1031 2162 illl
1049 2112 1102 2162 deu
1116 2125 1185 2162 sacra
1209 2112 1332 2176 lacerent,
1351 2127 1445 2164 memor
1458 2115 1501 2178 (ut
1517 2114 1616 2178 opinor)
1631 2125 1704 2164 castas

925 2209 1019 2269 matris,
1041 2210 1081 2260 cui
1112 2209 1202 2260 accidit
1226 2214 1255 2260 ut
1270 2210 1436 2274 uirginitatem
1455 2212 1581 2260 amitteret
1598 2210 1623 2259 in
1639 2208 1704 2260 illius

925 2297 979 2347 deae
996 2298 1147 2351 ministerio:
1163 2301 1295 2362 quoniam,
1311 2300 1418 2361 siquam
1429 2300 1584 2350 sacerdotum
1605 2303 1702 2364 stupra·

925 2392 977 2440 tam
989 2389 1203 2454 deprehendisset,
1215 2403 1250 2440 ex
1266 2389 1360 2454 legibus
1379 2390 1466 2452 patriis
1484 2392 1508 2440 in
1526 2404 1580 2440 cam
1591 2389 1702 2439 auianad·

927 2485 1022 2532 vertere
1033 2496 1080 2531 uon
1099 2483 1179 2546 potuit
1193 2481 1225 2530 ob
1240 2481 1383 2531 domesticae
1397 2482 1543 2532 calamitatis
1557 2480 1705 2532 recordatio·

925 2588 989 2625 nem.
1003 2576 1105 2638 Propter
1118 2573 1243 2636 {usigitur
1255 2587 1343 2622 causas
1353 2572 1478 2636 publicum
1491 2573 1610 2636 templum
1621 2576 1704 2622 vestae

926 2679 975 2715 uon
995 2664 1147 2723 oedilicaril,
1167 2677 1246 2726 neque
1268 2663 1374 2724 rirgirras
1398 2663 1537 2713 sacerdotes
1559 2662 1704 2721 coustituit,

926 2771 982 2822 quo
991 2756 1064 2807 deam
1072 2756 1139 2807 illam
1155 2756 1263 2806 colerent
1277 2756 1337 2805 :sed
1354 2756 1377 2804 in
1392 2767 1538 2819 unaquaque
1549 2754 1646 2818 triginta
1660 2767 1704 2803 cu·

927 2850 1019 2900 riarum
1040 2861 1124 2899 mensa
1146 2845 1188 2897 ubi
1211 2846 1315 2897 curiales
1338 2861 1390 2897 rem
1408 2845 1516 2896 divinam
1532 2846 1639 2895 lacerent
1657 2855 1703 2894 ex-

926 2943 1033 3000 structa,
1046 2939 1086 2989 bis
1104 2938 1180 2989 sacris
1201 2938 1319 2988 curiones
1339 2937 1479 3001 praeposuit,
1500 2939 1600 2985 secutus
1611 2948 1704 2986 morem

927 3031 970 3094 qui
982 3030 1065 3081 adbuc
1080 3030 1107 3080 in
1118 3028 1294 3091 antiquissimis
1308 3028 1448 3078 Graeeorum
1468 3025 1572 3075 urbibus
1583 3027 1703 3075 serualur.
1715 3095 1717 3099 ⁷

927 3122 989 3170 llam
1002 3135 1059 3184 quae
1072 3126 1201 3187 πρυτανεῖα
1213 3120 1244 3169 ab
1256 3119 1304 3169 illis
1317 3124 1442 3178 vocantur,
1454 3121 1536 3167 Vesta>
1550 3130 1621 3167 sacra
1634 3120 1702 3178 suut,

926 3211 952 3258 et
970 3222 1056 3259 eorum
1070 3223 1128 3259 cura
1142 3208 1248 3272 pertinet
1262 3208 1294 3257 ad
1305 3221 1362 3268 eos,
1375 3209 1419 3270 qui
1432 3220 1557 3256 summum
1574 3207 1704 3270 magistra·

894 3292 898 3303 “
927 3301 981 3348 tum
994 3297 1020 3347 in
1032 3297 1156 3361 republica
1177 3299 1274 3358 gerunt.

958 3392 1043 3442 LXVl.
1060 3395 1092 3441 at
1102 3394 1180 3441 Numa
1189 3402 1263 3451 reguo
1273 3390 1366 3451 politus
1375 3390 1473 3454 propria
1486 3390 1608 3439 curiarum
1619 3387 1706 3437 sacella

925 3479 1142 3531 loconoumorit:
1160 3481 1204 3530 sed
1221 3495 1296 3531 arnum
1306 3479 1425 3544 templum
1442 3478 1557 3528 omnihus
1573 3490 1703 3528 commuue

927 3571 1005 3620 crexit
1015 3569 1041 3618 iu
1052 3582 1082 3619 eo
1095 3569 1158 3629 loco,
1175 3568 1217 3631 qui
1230 3573 1269 3619 est
1280 3568 1376 3618 medius
1394 3568 1457 3618 inter
1466 3567 1613 3630 capitolium
1624 3571 1650 3618 cl
1662 3568 1706 3615 Pa·

927 3660 1022 3720 latium,
1032 3670 1090 3708 cum
1103 3657 1130 3707 hi
1146 3656 1220 3707 colles
1231 3658 1278 3707 lam
1294 3671 1344 3706 uno
1358 3671 1485 3706 murorum
1506 3657 1600 3708 ambitu
1619 3661 1700 3708 meant

927 3751 1018 3813 cincti,
1036 3753 1062 3802 et
1075 3752 1154 3800 lorum
1173 3749 1237 3800 inter
1248 3754 1382 3814 utrumque
1399 3749 1509 3799 medium
1522 3753 1601 3809 asset,
1619 3749 1706 3814 inquo

927 3844 1047 3908 templum
1060 3842 1209 3894 edificatum
1217 3844 1256 3893 est
1271 3861 1277 3891 ι
1291 3847 1316 3892 et
1330 3856 1455 3892 sacrorum
1469 3840 1608 3890 custodiam
1625 3841 1705 3905 patrio

927 3935 1069 3986 latinorum
1080 3935 1132 3984 ritu
1152 3933 1286 3997 virginibus
1296 3945 1326 3983 ex
1338 3933 1391 3997 lege
1402 3932 1544 3997 assignavit.
1578 3932 1703 3982 lacertum

928 4032 1011 4079 autem
1024 4032 1062 4079 esl
1070 4027 1189 4091 quidnam
1200 4027 1233 4076 sil
1242 4026 1268 4076 id
1278 4026 1343 4090 quod
1355 4026 1380 4075 iu
1390 4025 1432 4076 illo
1443 4025 1535 4090 templo
1549 4019 1670 4085 servatur,
1680 4026 1707 4074 et

928 4133 978 4184 qua
988 4118 1019 4170 de
1029 4130 1117 4170 caussa
1126 4116 1179 4167 eius
1189 4130 1249 4166 cura
1256 4116 1391 4179 virginibus
1400 4115 1432 4166 sit
1443 4115 1581 4165 commissa.
1591 4112 1705 4165 llonuulli

929 4213 993 4263 enim
1007 4213 1137 4271 asserunt,
1153 4209 1178 4260 id
1195 4207 1262 4272 quod
1278 4211 1392 4259 serretur
1405 4207 1465 4258 nihil
1483 4207 1619 4257 aliudesse
1632 4219 1707 4269 quam

928 4302 1008 4368 ignem
1020 4302 1134 4352 omnibus
1142 4299 1302 4364 conspicuum
1313 4317 1320 4347 ε
1331 4298 1476 4349 eiusautem
1485 4298 1624 4365 custodiam
1636 4297 1707 4358 virgi-

929 4395 1002 4447 nibus
1015 4395 1183 4460 potiusquam
1201 4392 1260 4442 airis
1273 4389 1430 4441 commissam
1443 4402 1498 4440 esse
1509 4389 1566 4440 iude
1578 4391 1706 4438 consanta-

929 4502 1003 4540 neum
1017 4501 1071 4539 esse
1090 4487 1170 4546 aiunt,
1197 4484 1264 4548 quod
1284 4487 1313 4534 ut
1333 4482 1394 4546 ignis
1418 4481 1451 4532 sit
1469 4480 1644 4540 intaminatus,
1671 4478 1707 4529 alc

929 4580 1002 4631 eliam
1015 4579 1068 4643 ipsa
1089 4577 1157 4641 virgo
1172 4575 1300 4640 impolluta
1324 4592 1329 4623 :
1353 4572 1491 4623 castissimo
1513 4573 1595 4621 autem
1614 4565 1707 4618 numini

929 4670 1071 4723 mortalium
1079 4681 1163 4720 rerum
1173 4666 1329 4731 purissimam
1345 4669 1439 4730 gratam
1454 4677 1516 4713 esse.
1532 4666 1613 4713 Vesta
1625 4665 1706 4710 autem

929 4766 1009 4831 iguem
1022 4766 1109 4828 putant
1122 4761 1176 4811 ideo
1194 4760 1317 4819 dicatum,
1328 4759 1395 4821 quod
1409 4771 1438 4807 aa
1451 4756 1507 4817 dea,
1522 4769 1578 4805 eum
1590 4754 1623 4802 sit
1632 4754 1707 4800 Tarra

930 4858 1071 4911 etmedium
1079 4845 1707 4918 mundilocumoecupel‚sublimislgnislullamma·

930 4953 1009 5002 tiones
1022 4963 1053 4998 ex
1066 4960 1093 4998 se
1104 4947 1191 5012 pariat.
1202 4947 1266 4996 sunt
1278 4942 1353 4994 etiam
1368 4943 1410 5006 qui
1426 4940 1526 4998 dicant,
1539 4938 1629 5000 praeler
1637 4933 1707 4985 iilum

931 5040 1012 5105 ignem
1041 5037 1089 5089 alia
1122 5035 1236 5098 quaedam
1264 5045 1335 5083 sacra
1360 5030 1433 5094 vulgo
1453 5026 1574 5096 incognita
1603 5024 1628 5074 iu
1655 5025 1709 5077 deu

933 5133 991 5182 lano
1001 5142 1065 5188 esse,
1081 5140 1137 5193 quae
1147 5125 1205 5176 solis
1218 5121 1373 5190 pontificibus
1383 5123 1408 5170 et
1422 5118 1556 5180 virginibus
1571 5120 1630 5168 uota
1641 5115 1689 5173 sint
1701 5134 1709 5165 ι

933 5226 1107 5289 argumentum
1127 5234 1176 5272 nou
1200 5219 1254 5271 lare
1269 5218 1343 5271 buius
1362 5216 1401 5268 rei
1423 5214 1582 5280 proterentes,
1598 5213 1626 5265 ld
1644 5209 1708 5278 quod

1593 5313 1616 5355 8.
