3772 5828
195 288 255 349 bit

196 418 296 479 τούτων
313 414 424 474 κατόπιν
443 414 468 472 σί
487 409 646 489 καλούμενοι
660 408 774 489 τριάριοι
788 406 974 474 πυκνώσαντες

196 506 256 574 τοὺς
270 505 376 585 λόχους·
392 494 462 562 οὑτοι
476 500 505 560 δέ
517 502 582 559 εἰσιν
597 501 622 557 oi
635 496 815 578 πρεσὺύτατοι
826 500 878 555 τῶν
893 518 974 576 στρα-

197 593 355 672 τευομένων,
366 583 404 657 οἷς
414 590 448 649 τὰ
463 589 629 670 στρατόπεδα
644 588 815 667 ἐπιτρέπουσι
825 587 976 668 ρυλάττειν,

198 684 260 743 ὅταν
275 681 376 750 ἐξίωσιν
390 683 426 747 είς
443 677 490 749 την
504 678 613 758 μάχην,
631 676 677 737 καί
689 679 730 757 ἐρ’
744 675 787 744 ob<
800 674 973 746 τελευταίους,

159 799 172 837 ο
198 774 261 832 όταν
276 771 357 851 ἀθρόα
374 763 485 846 γίνηται
499 773 552 826 τῶν
566 769 593 825 έν
606 768 681 845 άκμῇ
696 765 795 846 φθορά,
811 764 977 833 σπανίζοντες

199 862 288 940 έτίρας
301 856 452 937 ἐπικουρίας
464 856 659 937 καταφεύγουσι
673 855 716 914 διδ
730 854 779 925 τὴν
795 853 923 931 ἀνάγκην.
941 852 976 910 Οἱ

200 949 228 1010 δέ
242 953 406 1010 Οὐολοῦσκοι
421 948 481 1005 κατ’
502 944 586 1024 άρχθς
606 944 654 1021 μέν
673 943 793 1013 ἐδέξαντο
817 942 865 1016 τὴν
886 941 977 1022 ἔρσδον

200 1042 300 1112 αὑτῶν,
312 1037 358 1097 καί
373 1035 454 1116 μέχρι
470 1036 567 1094 πολλοῦ
580 1033 699 1109 διέμενον
714 1033 834 1109 ἐκθύμως
849 1028 978 1108 ἀγωνιζό·

202 1152 290 1206 μενοι·
305 1127 396 1187 ἔπειτα
408 1125 451 1184 διά
464 1122 513 1195 τὴν
528 1128 573 1182 τοῦ
587 1121 686 1202 χωρίου
703 1121 781 1199 φύσιν
793 1122 975 1198 μειονεκτοῦν·

149 1236 176 1279 lo
201 1241 242 1287 τες
261 1216 432 1297 ὑπεχώρουν,
453 1214 498 1272 καί
518 1211 592 1279 τέλος
612 1210 688 1289 ὀλίγα
703 1210 751 1288 μέν
766 1208 825 1276 τοὺς
839 1206 979 1283 πολεμίους

202 1308 248 1369 καί
270 1309 318 1367 οὐκ
344 1304 403 1372 ἄξια
426 1302 504 1379 λόγου
527 1299 722 1378 ἐργασάμενοι,
751 1298 835 1357 πλείω
862 1296 884 1355 δ’
904 1295 978 1354 αὐτοὶ

202 1396 327 1461 παθόντες
353 1391 423 1452 κακδι
444 1389 622 1469 ὑπεχώρησαν
644 1390 680 1455 είς
697 1388 728 1446 τδ
748 1387 848 1448 πεδίον.
893 1383 979 1446 Ἔνθα

201 1478 560 1562 καταστρατοπεδευσάμενοι
574 1485 632 1543 ταῖς
645 1476 703 1548 ἑξῆς
718 1475 832 1557 ἡμέραις
844 1472 979 1543 ίξίταττον

203 1573 251 1645 elp
271 1574 382 1647 δύναμιν
401 1566 448 1627 καὶ
468 1567 666 1646 προύκαλοῦντο
690 1565 748 1631 τοὺς
770 1563 921 1641 Ῥωμαίους
942 1563 979 1628 είς

152 1687 177 1724 ιο
204 1664 309 1742 μάχην·
324 1661 349 1717 σί
364 1660 387 1716 δ’
404 1658 452 1715 οὐκ
473 1654 644 1736 ἀντεξῄεσαν.
689 1653 741 1721 Ὣς
756 1652 784 1712 δέ
799 1656 877 1712 τοῦτο
893 1640 977 1723 εἶδον,

204 1746 448 1830 καταφρονήσαντες
477 1746 561 1802 αὐτῶν
584 1745 608 1802 σί
636 1744 799 1804 Οὐολοῦσκοι
820 1741 979 1801 συνεκάλουν

203 1840 234 1897 ix
255 1841 306 1896 τῶν
325 1833 428 1894 πόλεων
451 1833 498 1899 τὰς
524 1831 662 1907 δυνάμεις,
691 1832 737 1891 καὶ
753 1830 980 1911 παρεσκευάζοντο

204 1930 240 1995 ὣς
254 1926 398 1994 ἐξελοῦντες
410 1919 568 2000 πολυχειρίᾳ
590 1920 620 1979 τδ
639 1920 774 2002 φρούριον·
799 1918 895 2000 ῥαδίως
909 1920 933 1976 τ’
948 1917 980 1976 διν

204 2015 386 2096 ἐξειργάσαντο
409 2008 477 2087 μέγα
492 2008 567 2089 ἔργον
590 2012 692 2069 ὑπάτου
711 2032 741 2067 τε
764 2011 809 2068 καὶ
824 2008 981 2085 Ῥωμαῖκῆς

204 2100 369 2179 δυνάμεωςῆ
387 2100 431 2179 βίᾳ
452 2098 664 2179 κρατησαντεςῆ
688 2097 734 2157 καί
758 2095 925 2176 ὁμολογίαις·
950 2097 980 2154 οδ

204 2191 255 2272 γάρ
269 2194 321 2248 τῶν
337 2186 493 2259 ἐπιτηδείων
510 2186 549 2244 ἐτι
569 2186 674 2265 εὐπόρει
689 2185 719 2243 τθ
739 2190 853 2265 χοιρίον·
874 2183 941 2266 ἐρθη
953 2182 981 2242 δί

204 2281 330 2361 πρότερον
352 2274 489 2353 ἐπικουρία
502 2271 645 2350 Ῥωμαίοις
661 2274 789 2346 ἐλθοῦσα,
809 2274 850 2354 tp·
866 2264 897 2346 ἧς
911 2276 979 2332 ἐκω-

203 2368 320 2439 λύθησαν
344 2366 368 2422 οί
388 2363 553 2423 Οὐολοῦσκοι
575 2361 606 2419 τδ
629 2362 768 2420 κάλλιστον
796 2363 924 2419 ἐπιθεῖναι
942 2362 981 2438 τῷ

203 2457 314 2536 πολέμῳ
332 2451 416 2520 τέλος.
460 2450 495 2512 Ὁ
509 2450 561 2530 γάρ
576 2449 663 2530 ἕτερος
678 2452 729 2507 τῶν
745 2450 853 2508 ὑπάτων
872 2448 981 2510 Καίσων

150 2576 176 2609 ιτ.
205 2546 327 2617 Φάόιος,
352 2542 442 2618 μαθὼν
465 2542 491 2599 ἐν
507 2532 547 2606 αἷς
564 2531 596 2611 ἦν
616 2538 710 2618 τύχαις
732 2543 749 2611 i,
771 2537 980 2617 παραταξαμένη

205 2634 381 2698 Οὐολούσκοις
399 2630 524 2707 δύναμις,
547 2626 671 2687 ίόούλετο
693 2629 740 2704 μὲν
755 2630 791 2694 ὡς
806 2617 864 2708 εἶχε
881 2625 981 2705 τάχους

206 2726 311 2784 ἅπασαν
327 2722 398 2797 σίγοιν
412 2718 460 2792 τὴν
473 2717 584 2796 δύναμιν
600 2717 672 2783 εύθῦς
685 2717 786 2777 ἐπιέναι
801 2726 853 2783 τοῖς
875 2716 981 2793 πολιορ·

204 2817 279 2872 κοῦσι
289 2809 319 2868 τδ
329 2809 463 2891 φρούριον.
475 2806 526 2876 Ὣς
537 2808 560 2868 δ’
570 2809 617 2866 οὑκ
631 2806 729 2887 ἐγίνετο
739 2808 811 2884 αὐτῷ
821 2802 940 2884 θυομένῳ
951 2826 980 2862 τε

204 2899 250 2960 καί
266 2901 365 2963 οίυινοῑς
384 2895 515 2977 χρωμένῳ
529 2894 630 2974 τὰίερδι
645 2898 731 2967 καλὰ,
748 2893 816 2951 ἀλλὰ
827 2897 981 2965 ἠναντιοῦτο

152 3018 178 3057 :lu
205 2990 268 3069 πρὸς
281 2985 328 3054 τὺς
342 2987 442 3056 ἐξόδους
458 2986 539 3043 αὑτοῦ
553 2984 583 3042 τδ
599 2984 748 3059 δαιμόνιον,
764 2981 841 3048 αὐτὸς
856 2982 903 3045 μέν
920 2979 981 3040 ὑπί·

207 3102 295 3157 μεινε,
311 3077 357 3143 τὰς
377 3073 403 3134 δέ
419 3072 560 3154 κρατίστας
576 3071 760 3147 ἐπιλεξάμενος
775 3071 884 3148 σπείρας
899 3068 980 3127 ιἰπέσ·

204 3171 273 3229 τειλε
288 3193 327 3249 τῳ
343 3165 509 3243 συνάρχοντι.
525 3164 557 3222 Λί
571 3160 598 3219 δέ
613 3159 656 3229 διά
667 3183 695 3217 τε
722 3157 789 3235 ὀρῶε
815 3161 921 3238 ἀραιῶς
935 3158 980 3216 καὶ

205 3260 308 3336 νύκτωρ
319 3257 352 3314 τδι
368 3253 453 3312 πολλὰ
469 3251 643 3326 ποιησάμεναι
657 3246 703 3314 τδις
720 3246 794 3313 liobe
811 3248 930 3317 εἰσῆλθον
945 3251 980 3315 εἷς

206 3350 249 3408 obn
260 3347 369 3426 χάρακα
383 3342 440 3407 τοῦς
456 3339 597 3414 πολεμίους
610 3341 746 3397 λαθοῦσαι.
759 3334 792 3395 Ὁ
808 3335 855 3411 μέν
872 3325 916 3394 οῦν
931 3339 979 3396 Αἷ-

151 3495 157 3509 ,
206 3426 979 3516 μίλιοςθρασύτεροςέγεγόνειτῇπαρουσίρτῶνσυμμάχων·

205 3531 228 3586 οἱ
242 3527 268 3584 δὲ
281 3523 403 3599 πολέμιοι
417 3522 455 3599 τῷ
469 3541 497 3576 τε
512 3517 607 3589 πλήθει
619 3522 657 3599 τῷ
672 3515 790 3598 σρετέρῳ
804 3516 980 3588 strinientur

206 3609 379 3687 καὶδιὺτδμθ,
387 3607 515 3675 ἐπεξιέναι
524 3607 582 3674 τοὺς
591 3605 739 3683 Ῥωμαίους
749 3608 785 3673 είς
799 3606 889 3684 μάχην
900 3606 981 3684 έπαρ·

205 3703 291 3768 θέντες
304 3698 439 3759 άνέὺαινον
450 3695 493 3754 έπλ
504 3695 533 3754 τδ
545 3695 603 3777 ὄρος
613 3695 795 3763 πυκνώσαντες
807 3694 864 3763 τοῦς
875 3697 978 3777 λόχους·

205 3791 251 3850 καὶ
266 3794 290 3849 οἱ
303 3788 434 3864 Ῥωμαῖοι
449 3784 573 3864 παρέντες
590 3787 674 3850 αὑτοῖς
691 3784 823 3855 άναόῆναι
840 3789 900 3843 καθ’
915 3790 981 3857 ἡσυ·

205 3882 276 3959 χίαν,
286 3880 331 3937 καὶ
345 3876 429 3936 πολλδι
440 3875 527 3934 πονεῖν
538 3898 569 3932 πε
575 3875 597 3953 pi
608 3878 646 3953 τῷ
659 3873 832 3952 σταυρώματι
844 3873 977 3950 ἐάσαντες,

206 3968 295 4037 ἐπειδὴ
321 3968 354 4025 τὰ
376 3974 474 4042 σημεῖα
492 3963 560 4043 ἤρθη
582 3967 628 4032 τῆς
651 3962 755 4040 μάχης,
788 3961 981 4028 διασπάσαντες

206 4056 274 4114 κατα
293 4055 378 4113 πολλὰ
403 4055 471 4132 μέρη
497 4052 540 4110 τὸν
561 4051 668 4130 χάρακα
687 4050 863 4124 ἐμπίπτουσιν
886 4053 981 4117 αὑτοῖς·

205 4147 250 4201 καὶ
265 4146 288 4201 οί
302 4144 348 4218 μὲν
367 4146 401 4207 εἰς
415 4147 506 4221 χεῖρας
528 4139 704 4204 καταστάντες
719 4147 771 4201 τοῖς
796 4135 892 4216 ξίρεσιν
911 4138 979 4212 ἐμοί-

204 4256 298 4312 χοντο,
316 4234 339 4288 οί
350 4233 373 4287 δ’
388 4232 440 4287 ἀπὸ
454 4235 506 4288 τῶν
522 4228 659 4308 ἐρυμάτων
676 4226 755 4292 λίθοις
769 4224 852 4283 τεκαὶ
868 4225 981 4294 σαυνίοις

174 4348 184 4381 n
205 4322 249 4381 καὶ
263 4319 371 4396 λόγχαις
395 4318 453 4385 τοῦς
469 4320 589 4383 ἐπιόντας
611 4316 741 4386 italien,
769 4315 843 4390 βέλος
859 4318 882 4371 τ’
908 4315 980 4374 οὐδὲν

206 4410 321 4467 ἄσκοπον
335 4397 382 4478 ἦν,
395 4408 584 4482 πεπιλημένων
600 4411 625 4484 γ’
647 4407 674 4462 ἐν
697 4408 795 4483 βραχεῖ
810 4404 900 4483 χωρίῳ
914 4407 980 4463 πολ·

204 4501 266 4557 λῶν.
311 4495 518 4574 Ἀπαράττονται
544 4496 575 4566 δὴ
601 4500 645 4553 τοῦ
675 4496 754 4574 λόρου
772 4495 884 4559 πολλοὺς
909 4498 980 4574 σρῶν

205 4678 281 4755 μόγις
306 4676 340 4739 εἷς
357 4674 401 4731 τὸν
422 4672 486 4730 ἴδιον
507 4672 685 4741 ἀποσώζονται
707 4674 832 4753 χάρακα·
848 4672 978 4748 Ῥωμαῖοι

205 4765 230 4824 δὲ
257 4768 292 4830 ὡς
318 4765 343 4820 ἐν
366 4764 479 4841 ἀσραλεῖ
505 4764 574 4827 ὄντες
595 4763 646 4835 ἤδη
671 4762 826 4822 κατέύαινον
853 4759 897 4818 ἐπὶ
923 4760 981 4828 τοῦς

205 4854 297 4932 ἀγροὺς
317 4855 416 4923 αὐτῶν,
430 4848 456 4917 ἐξ
476 4841 511 4907 ών
531 4851 710 4927 έπισιτισμοδς
738 4849 783 4909 καὶ
807 4848 892 4907 τάλλα
912 4848 980 4907 όσων

204 4943 296 5007 σπάνις
310 4949 340 5014 ἠν
358 4946 383 5000 ἐν
398 4944 436 5020 τῷ
451 4939 551 5020 χάρακι
570 4940 728 5016 ἐλάμόανον.

243 5029 414 5092 Lxxlii'li.
428 5030 538 5100 Ἐπειδὴ
553 5027 579 5085 δὲ
592 5034 704 5099 καθῆκεν
717 5031 792 5085 ὁτῶν
804 5028 980 5105 ἀρχαιρεσιῶν

723 274 889 339 utoulsu
911 271 1288 336 unilcnbNtssENsls

1029 414 1199 477 egrediuntur,
1217 416 1242 464 el
1255 412 1288 463 ad
1300 424 1364 475 quos
1379 413 1535 477 postremos,
1557 410 1580 460 si
1600 408 1727 460 omnium
1747 408 1829 461 iunio·

1030 529 1086 565 rum
1104 518 1200 579 strages
1217 512 1293 563 luerit
1306 513 1371 562 iactu
1383 512 1474 563 ueteris
1491 511 1595 563 auxiliis
1611 509 1759 573 destituti,
1776 510 1829 577 ipsa

1030 615 1177 666 necessitato
1192 614 1273 664 concii
1291 612 1443 677 confugiunt.
1477 611 1565 662 volsci
1585 614 1679 663 autem
1703 612 1828 678 principio

1030 717 1132 782 quidem
1142 730 1228 768 eorum
1239 717 1427 775 sustinuerunt,
1440 718 1467 766 et
1480 714 1525 765 diu
1537 715 1643 766 sortiter
1655 715 1825 766 dimicarunt

1031 819 1125 871 Deinde
1136 831 1207 879 vero,
1218 831 1296 882 quum
1306 816 1340 868 ob
1350 816 1398 868 ioci
1408 820 1524 867 τιαιαειιιι
1534 815 1666 869 deteriore
1680 817 1826 869 conditione

1032 926 1183 986 pugnarent,
1197 921 1285 986 pedem
1297 917 1450 979 referebant,
1463 921 1489 970 et
1502 917 1626 981 tandem,
1640 934 1726 986 quum
1738 922 1825 987 paucis

1033 1023 1111 1088 iisque
1130 1022 1225 1074 levibus
1235 1021 1399 1073 incommodis
1414 1021 1500 1073 hostes
1519 1022 1684 1085 alleciseent,
1703 1024 1754 1091 ipsi
1765 1038 1824 1077 τετυ

1033 1126 1145 1192 pluribus
1156 1125 1239 1176 allecti
1251 1128 1350 1188 essent,
1367 1123 1393 1174 iu
1415 1123 1543 1189 planitiem
1556 1138 1585 1175 se
1600 1131 1767 1191 receperunt.
1786 1126 1823 1179 lbi

1033 1230 1107 1296 positi
1119 1229 1206 1280 diebus
1228 1228 1415 1294 insequentibus
1436 1228 1515 1280 aciem
1535 1227 1717 1287 instruebant.
1733 1234 1760 1281 et
1776 1232 1822 1281 ilo·

1033 1346 1120 1383 manos
1135 1331 1166 1381 ad
1180 1330 1294 1395 proelium
1304 1330 1473 1395 provocabant
1486 1350 1493 1381 ι
1511 1333 1540 1383 ai
1559 1330 1663 1382 illinon
1678 1333 1819 1396 prodibant

1034 1433 1106 1492 Quod
1113 1447 1191 1499 quum
1200 1432 1433 1484 animadvertissent
1442 1432 1527 1485 Volsci
1537 1433 1588 1485 iltis
1596 1436 1819 1502 contemtisoopits

1035 1550 1067 1588 ex
1085 1534 1182 1600 oppidis
1204 1535 1385 1596 convocabant,
1409 1538 1435 1586 et
1451 1547 1479 1586 se
1501 1534 1643 1599 parabant,
1666 1540 1696 1590 ut
1712 1538 1817 1589 militum

1035 1637 1193 1689 multitudine
1207 1651 1293 1688 oorum
1310 1638 1469 1688 munitionem
1482 1643 1668 1703 expugnarent,
1678 1644 1702 1690 et
1711 1642 1813 1704 picria-

1035 1754 1093 1790 rum
1114 1739 1210 1789 iacinns
1224 1738 1291 1790 nullo
1308 1739 1407 1803 nogotio
1431 1738 1581 1801 edidissent,
1604 1740 1706 1791 consule
1724 1746 1749 1792 et
1762 1743 1813 1791 lio·

1037 1856 1111 1892 mano
1123 1841 1248 1899 exercitu,
1269 1843 1314 1889 out
1327 1840 1367 1902 ri,
1388 1844 1432 1891 aut
1447 1839 1590 1903 deditione,
1606 1841 1633 1891 in
1644 1856 1717 1893 suam
1734 1846 1815 1907 potes·

1037 1946 1113 1993 tutem
1140 1942 1251 1993 redactoi
1273 1941 1337 2001 (iam
1370 1942 1437 1991 enim
1460 1941 1544 1992 rictus
1575 1941 1660 2006 iuopia
1687 1942 1759 1992 lorus
1779 1942 1819 1992 ille

1037 2039 1178 2102 laborabat)
1192 2040 1236 2090 sed
1247 2039 1367 2104 suppetia
1387 2040 1505 2090 Romanis
1517 2040 1632 2091 celeriter
1646 2041 1707 2091 latae
1719 2056 1763 2091 eos
1774 2055 1819 2091 an·

1037 2143 1203 2204 tenuitenui,
1226 2142 1316 2205 quibus
1338 2141 1419 2192 Volsci
1443 2141 1635 2206 pulcherrimum
1658 2141 1727 2191 bello
1741 2144 1818 2194 tinem

1036 2241 1160 2305 imponere
1169 2246 1227 2292 sunt
1237 2241 1362 2306 prohibili
1375 2245 1438 2293 tiam
1450 2243 1513 2294 aiter
1524 2240 1615 2303 σοοεαΙ,
1627 2241 1699 2293 caeso
1708 2242 1812 2302 Fabius,

1037 2358 1114 2409 quum
1128 2345 1300 2407 cognovisset,
1317 2345 1342 2394 in
1355 2359 1406 2409 qua
1424 2345 1526 2397 fortuna
1537 2344 1613 2410 anta
1632 2350 1732 2408 essent,
1752 2360 1815 2412 que)

1037 2460 1095 2497 cum
1120 2446 1217 2497 Volscis
1238 2446 1403 2506 dimicarent,
1422 2445 1501 2498 voluit
1519 2448 1573 2512 ipse
1584 2445 1702 2510 quiden.
1721 2452 1817 2512 συειιίε

1036 2550 1143 2601 maxima
1156 2551 1281 2602 celeritate
1294 2554 1392 2614 posset,
1405 2562 1463 2600 cum
1475 2553 1530 2602 toto
1544 2551 1670 2615 exercitu,
1684 2552 1818 2605 ooniestim

1037 2649 1134 2713 bosles,
1145 2651 1188 2715 qui
1200 2649 1347 2701 munitiones
1363 2650 1527 2713 obsidebant,
1547 2656 1645 2717 petere.
1679 2653 1730 2706 sed
1742 2668 1818 2718 quum

1037 2754 1059 2804 ei
1070 2754 1185 2805 ricbmaa
1202 2755 1336 2818 mactanti,
1355 2753 1510 2820 auguriaque
1528 2756 1658 2820 captanti,
1674 2770 1746 2807 sacra
1759 2757 1817 2808 nibil

1038 2854 1113 2907 inusti
1132 2856 1322 2920 portenderent,
1338 2855 1452 2920 deusque
1474 2856 1554 2921 ipsius
1567 2858 1715 2923 profectioni
1726 2858 1814 2909 adrer-

1037 2959 1142 3018 sareiur‚
1156 2957 1208 3021 ipse
1217 2956 1319 3020 quidem
1332 2958 1466 3016 remansit,
1478 2957 1692 3011 sollertissimas
1703 2959 1816 3011 cobortes

1039 3059 1139 3125 college
1152 3059 1228 3109 misit.
1262 3058 1315 3109 lituu
1330 3072 1390 3109 νειο
1405 3072 1449 3123 per
1462 3060 1585 3111 montium
1607 3060 1679 3126 iuga,
1695 3066 1817 3127 noctuque

1037 3165 1100 3214 clam
1112 3164 1177 3215 bono
1191 3164 1284 3215 itineris
1303 3166 1374 3228 parte
1384 3166 1511 3224 coniecta,
1526 3164 1646 3215 incastre
1661 3166 1726 3216 clam
1741 3166 1818 3218 bosti-

1037 3265 1084 3315 bus
1097 3266 1155 3315 suni
1176 3265 1300 3327 ingressae.
1335 3265 1450 3315 AEmilius
1472 3264 1547 3325 igitur
1568 3265 1694 3315 sociorum
1713 3266 1817 3318 adventu

1037 3369 1154 3418 audacior
1165 3370 1202 3418 esi
1216 3365 1305 3417 lacius.
1341 3371 1373 3417 Αῑ
1386 3365 1472 3417 hostes
1489 3380 1591 3416 suorum
1604 3367 1764 3419 multitudine
1778 3374 1816 3419 te-

1038 3480 1105 3517 mere
1125 3467 1181 3518 ireii
1196 3469 1231 3529 ei,
1252 3466 1320 3530 quod
1340 3468 1444 3517 Romani
1466 3466 1491 3515 in
1505 3466 1585 3516 aciem
1605 3480 1655 3516 nou
1683 3468 1816 3531 prodirent,

1038 3571 1111 3633 elati,
1125 3576 1234 3623 montem
1245 3570 1354 3621 densatis
1362 3567 1490 3619 ordinibus
1500 3566 1692 3620 adscenderunt..
1727 3573 1757 3620 Et
1768 3572 1815 3619 llo·

1037 3673 1102 3722 mani
1123 3673 1189 3738 passi
1209 3685 1252 3722 eos
1266 3684 1309 3734 pur
1322 3669 1399 3720 otium
1416 3667 1580 3728 adscendere,
1599 3671 1667 3733 passi
1688 3670 1764 3721 etiarn
1776 3683 1816 3721 σοι

1037 3773 1145 3822 mullum
1158 3771 1248 3820 laboris
1257 3771 1322 3818 cirrn
1337 3768 1430 3817 ratium
1443 3769 1559 3830 perferre,
1573 3781 1651 3831 quum
1665 3782 1754 3833 pugnae
1767 3769 1815 3833 sig·

1036 3885 1097 3920 nuru
1110 3872 1177 3920 osset
1185 3869 1281 3930 datum,
1294 3867 1358 3918 uallo
1368 3866 1441 3917 rariis
1452 3866 1476 3916 in
1488 3866 1602 3930 partibus
1611 3866 1727 3932 disjecto,
1742 3869 1767 3919 in
1775 3880 1817 3919 cos

1036 3964 1222 4029 impressionem
1236 3965 1349 4014 iecerunt
1363 3978 1369 4007 ι
1381 3966 1457 4027 atquo
1468 3964 1509 4014 alii
1527 3962 1615 4028 gladiis
1627 3963 1742 4015 cominus
1755 3978 1816 4029 pug-

1037 4059 1143 4121 nabant,
1155 4061 1197 4110 alii
1212 4076 1226 4109 e
1240 4061 1418 4111 munitionibus
1430 4061 1526 4111 bostem
1541 4060 1666 4125 lapidibus
1680 4064 1707 4112 ei
1717 4059 1816 4112 missili·

1036 4155 1084 4207 bus
1105 4161 1130 4208 et
1142 4158 1233 4207 lanceis
1247 4158 1381 4220 feriebant,
1402 4158 1547 4221 nullumque
1567 4157 1646 4208 telum
1667 4157 1760 4209 irusiro
1774 4171 1816 4209 co·

1036 4254 1124 4316 debui,
1146 4256 1232 4306 multis
1253 4256 1278 4304 in
1297 4257 1385 4319 origum
1405 4256 1460 4305 lomi
1482 4255 1586 4319 stipulis.
1620 4254 1705 4305 Volsci
1724 4253 1818 4317 igitur,

1036 4353 1127 4402 amisso
1146 4368 1235 4417 magno
1257 4368 1357 4402 suorum
1382 4368 1498 4415 intulero,
1522 4354 1606 4405 reiecti
1622 4355 1677 4404 suni
1695 4364 1710 4400 a
1731 4352 1816 4418 colle,

1037 4455 1059 4501 el
1076 4453 1098 4501 in
1113 4454 1192 4515 iungam
1207 4453 1271 4501 uersi
1285 4466 1349 4513 ινμιυ
1363 4452 1387 4500 iu
1404 4467 1450 4501 sna
1469 4456 1551 4501 ruslru
1565 4467 1592 4502 se
1609 4450 1753 4514 receperunt
1767 4462 1776 4497 τ
1790 4453 1818 4503 εί

1036 4549 1154 4607 nummi,
1169 4551 1196 4597 ul
1207 4548 1248 4610 qui
1265 4553 1324 4597 lune
1339 4549 1439 4599 laudum
1456 4549 1589 4610 aliquando
1605 4548 1628 4598 in
1642 4549 1698 4598 iulo
1715 4551 1815 4610 esseni,

1037 4650 1061 4698 in
1074 4661 1160 4696 eorum
1172 4660 1243 4709 agros
1257 4647 1452 4706 ‹lesronderuni3
1477 4647 1541 4697 unde
1562 4647 1588 4697 in
1608 4646 1701 4697 cibaria
1722 4649 1750 4700 cl
1770 4646 1816 4699 alie

1036 4759 1140 4810 uirorum
1154 4746 1255 4809 penuria
1274 4751 1327 4795 erut
1340 4746 1364 4794 in
1378 4746 1466 4795 castris
1480 4750 1610 4809 ceperunt.

1067 5034 1206 5085 lxxxiii.
1224 5035 1305 5089 Quum
1319 5032 1401 5080 cirtem
1417 5027 1572 5078 comitiorum
1591 5032 1691 5093 tempus
1709 5025 1825 5091 uouisset,

203 5117 304 5197 καιρὸς,
321 5122 334 5175 ὑ
356 5119 403 5194 μὲν
421 5120 541 5196 Αἰμίλιος
557 5116 657 5193 ἔμεινεν
680 5117 724 5174 ἐπὶ
741 5115 919 5194 στρατοπέδου
935 5114 979 5172 διὰ
1006 5098 1010 5173 ί
1035 5124 1147 5174 .Emilins
1161 5123 1184 5172 iu
1200 5120 1286 5171 rosiris
1306 5119 1437 5182 retransit,
1449 5132 1499 5183 pree
1511 5117 1606 5182 pudore
1624 5117 1733 5167 cladium
1747 5116 1817 5182 igno·
