3772 5828
189 368 246 425 lab

188 493 256 553 ἀλλά
275 496 327 551 τῶν
348 493 389 550 ἀεί
405 494 533 570 βασιλτων
554 489 658 567 κλῆρος.
701 489 808 559 Ταύτην
825 495 838 548 θ
858 490 959 554 Τύλλος

188 583 314 662 ἐπέτρεψε
328 590 380 647 τοῖς
402 579 504 656 μηδένα
518 580 614 657 κλῆρον
636 577 725 656 ἔχουσι
739 577 878 654 Ῥωμαίων
900 581 959 637 κατ’

189 672 270 750 ἀνδρα
284 671 483 744 διανείμασθαι,
500 665 547 734 τὴν
567 664 692 742 πατρῴαν
715 666 787 742 αὑτῷ
807 668 898 732 κτῆσιν
912 667 960 742 ἀρ-

188 765 283 818 κοῦσαν
309 754 459 835 ἀποφαίνων
475 753 512 818 είς
533 774 561 810 τε
576 752 609 809 τά
631 751 689 831 ἱερὰ
713 749 818 817 καὶτὰς
836 755 881 807 τοῦ
903 751 960 827 βίου

148 868 161 905 s
188 846 314 910 δαπάνας.
357 842 450 918 Ταύτῃ
472 840 499 897 δὲ
515 844 547 916 τῇ
565 839 750 918 φιλανθρωπίη
768 837 828 904 τοὺς
852 837 961 916 ἀπόρους

187 937 239 992 τῶν
251 935 364 992 πολιτῶν
378 926 505 997 ἀνέλαόε,
518 927 620 991 παύσας
631 926 802 1004 λατρεύοντας
813 927 838 982 ἐν
849 932 902 990 τοῖς
915 927 961 983 ἀλ-

187 1021 307 1099 λοτρίοις.
348 1016 408 1076 Ἵνα
424 1017 450 1072 δὲ
466 1015 529 1090 μηδ’
548 1014 631 1080 οίκίας
643 1017 749 1094 ἀαοιρος
763 1011 803 1084 εἴη
816 1036 865 1087 τις,
880 1035 961 1092 προσ·

188 1108 298 1185 ετείχισε
325 1110 358 1185 τῇ
383 1103 458 1162 πόλιι
478 1103 521 1160 τδν
547 1099 707 1175 καλούμενον
731 1102 839 1159 Καίλιον
866 1099 961 1179 λόφον·

187 1193 238 1253 ἐνθ’
252 1193 307 1252 όσοι
323 1190 467 1266 Ῥωμαίων
481 1181 550 1261 ἦσαν
564 1186 678 1247 ἀνέστιοι
697 1186 821 1266 λαχόντες
834 1192 878 1246 τοῦ
898 1209 956 1266 χω-

135 1308 159 1346 to
187 1282 241 1360 ρίου
265 1283 295 1340 τὸ
318 1283 413 1360 ἀρκοῦν
436 1276 633 1336 κατεσκεύασαν
651 1275 751 1347 οἰκίας,
766 1275 811 1333 καὶ
837 1274 912 1340 αὐτὸς
935 1276 961 1331 ἐν

186 1369 269 1448 τούτῳ
284 1371 321 1448 τῷ
336 1368 407 1446 τόπερ
419 1365 467 1436 τὴν
480 1365 581 1434 οίκησιν
596 1355 663 1441 εἶχε.
708 1361 838 1423 Πολιτικὰ
856 1361 902 1436 μέν
926 1362 958 1432 δὴ

191 1461 272 1514 ταῦτα
288 1460 333 1513 τοῦ
348 1454 438 1531 ἀνδρὸς
454 1453 516 1529 ἔργα
531 1452 707 1530 παραδίδοται
720 1449 798 1527 λόγου
810 1449 879 1518 ἀξια.

228 1546 266 1603 ΙΙ.
284 1539 434 1616 Πολεμικαλ
452 1538 480 1596 δὲ
501 1536 606 1614 πράξεις
628 1534 724 1594 πολλαί
747 1536 796 1611 μέν
819 1537 863 1594 καὶ
883 1536 962 1593 ἄλλαι

187 1628 400 1708 μνημονεύονται,
411 1625 532 1702 μέγισται
540 1623 567 1681 δέ
575 1627 634 1702 περὶ
643 1612 680 1680 ὧν
690 1621 802 1701 ἔρχομαι
810 1621 890 1691 λέξων
898 1667 906 1698 ,
914 1623 961 1693 τὴν

135 1753 159 1789 ,ς
187 1718 272 1798 ἀρχὴν
286 1713 460 1790 ποιησάμενος
474 1711 527 1770 ἀπδ
540 1715 584 1768 τοῦ
600 1710 663 1787 πρὸς
680 1709 817 1777 ’λλόανοθς
832 1709 960 1785 πολέμου.

187 1802 307 1871 discocti
316 1809 358 1863 τοῦ
365 1797 552 1870 διαστῆναιτάς
562 1797 650 1863 πολεις
659 1797 703 1855 καί
716 1800 793 1856 λῦσαι
803 1799 833 1856 τὸ
842 1797 962 1876 συγγενίς

189 1893 253 1971 ἀνὴρ
265 1889 388 1955 Ἀλύανδς
396 1889 507 1964 ἐγένετο,
522 1885 657 1951 Κλουίλιος
670 1884 765 1961 ὄνομα,
775 1889 822 1956 τῆς
834 1887 960 1963 μεγίστης

188 1986 271 2061 ἀρχῆς
284 1978 413 2047 ἀξιωθείς·
426 1976 453 2043 θς
465 1974 607 2054 ἀχθόμενος
621 1974 664 2034 ἐπὶ
676 1975 729 2038 τοῖς
742 1970 884 2048 Ῥωμαίων
895 1976 960 2052 ἀγα-

90 2066 92 2071 ⁴
187 2075 238 2135 θοῑς
258 2068 304 2126 καὶ
318 2066 440 2144 κατέχειν
455 2064 499 2122 τὸν
515 2062 606 2140 φθόνον
629 2063 658 2120 ού
676 2059 832 2136 δυνάμενος,
848 2061 924 2140 φύσει
937 2061 960 2120 τ’

134 2187 161 2225 ω
187 2157 301 2228 αὐθάδης
314 2156 359 2214 καί
373 2151 583 2230 ὑπομαργότερος
596 2148 647 2219 ὧν,
660 2150 843 2224 ἐκπολεμῶσαι
854 2147 901 2214 τάς
911 2148 961 2206 τιό·

187 2249 240 2314 λεις
254 2246 321 2322 ἔγνον
334 2243 400 2321 πρὸς
412 2241 540 2310 ἀλλήλας.
583 2240 645 2316 Οὐχ
662 2239 729 2316 ὁρῶν
742 2237 765 2294 δ’
777 2233 847 2302 ὅπως
859 2235 891 2294 ἀν
902 2237 961 2295 πεί-

189 2357 242 2393 σειε
264 2330 324 2398 τοῦς
344 2327 485 2394 Ἀλόανοθς
509 2325 621 2405 στρατδν
641 2327 713 2402 αὑτῷ
728 2321 798 2382 κατδ
818 2323 960 2400 Ῥωμαίων

188 2422 261 2498 ἄγειν
284 2416 421 2497 ἐπιτρέψαι
436 2414 503 2493 μήτε
518 2415 620 2478 δικαίας
641 2412 727 2490 ἔχοντι
740 2410 884 2490 προφάσεις
899 2411 960 2486 μήτ’

189 2504 347 2583 ἀναγκαίας,
362 2511 518 2583 μηχανᾶται
536 2503 567 2573 δι’,
583 2524 608 2558 τι
627 2499 738 2558 τοιόνδε·
754 2499 806 2564 τοῖς
822 2499 961 2578 ἀπορωτά-

135 2621 161 2658 aa
189 2618 243 2662 τοις
263 2592 397 2655 blicam
410 2591 456 2649 καί
476 2590 647 2670 θρασυτάτοις
661 2589 741 2667 ἐφῆκε
756 2586 891 2665 λῃστεύειν
903 2587 961 2654 τοὺς

189 2681 332 2759 Ῥωμαίων
353 2678 447 2758 ἀγροὺς
462 2677 550 2735 ἄδειαν
576 2674 797 2754 ὑπισχνούμενος,
810 2674 856 2733 καὶ
877 2697 961 2752 παρε-

188 2768 297 2828 σκεύασε
313 2765 424 2833 πολλοὺς
439 2763 561 2822 ἀκίνδυνα
583 2762 661 2842 κέρδη
676 2760 833 2831 διώκοντας,
847 2751 883 2818 ιῖον
902 2756 960 2820 aiii

190 2856 351 2933 κωλυόμενοι
365 2852 416 2913 θπδ
427 2857 472 2911 τοῦ
485 2851 555 2918 δέους
567 2848 763 2919 ἀποστήσεσθαι
773 2848 896 2925 έμελλον,
907 2849 959 2927 ἐμ-

189 2948 288 3015 πλῆσαι
312 2941 427 3019 πολέμου
452 2943 594 3019 λῃστρικοῦ
617 2936 665 3008 τὴν
686 2935 790 3016 ὅμορον.
832 2938 917 2996 Τοῦτο
936 2938 958 2994 δ’

137 3062 164 3101 nn
189 3033 301 3112 έπραττε
322 3029 391 3089 κατά
405 3026 531 3106 λογισμὸν
554 3028 601 3084 οῦκ
625 3022 766 3095 ἀπεικότα,
780 3026 815 3089 ὡς
832 3025 863 3082 τδ
886 3024 960 3102 ἔργον

190 3121 369 3200 ἐμαρτύρησε·
388 3117 538 3191 Ῥωμαίους
563 3111 610 3187 μέν
628 3111 679 3189 γάρ
696 3113 742 3169 οθκ
761 3108 892 3175 ἀνέξεσθαι
914 3110 960 3176 τάς

190 3208 311 3287 ἁρπαγάς
326 3203 528 3281 θπελάμθανεν,
547 3201 605 3259 ἀλλ’
623 3199 666 3257 tet
680 3200 713 3258 τθ
729 3197 797 3256 ὅπλα
813 3196 959 3275 χαιρήσειν,

191 3298 263 3376 αύτῷ
277 3296 299 3355 δ’
314 3294 430 3363 ἐξουσίαν
446 3291 550 3349 ἔσεσθαι
569 3294 723 3365 κατηγορεῖν
739 3286 825 3345 αὐτῶν
842 3285 906 3362 πρὸς
919 3286 961 3343 τὸν

191 3387 273 3462 δῆμον
286 3387 320 3449 ὡς
335 3383 467 3462 ἀρχόντων
478 3378 606 3453 πολέμου,
622 3373 754 3436 ’didesia
769 3372 797 3432 δὲ
809 3372 869 3439 τοὺς
881 3372 961 3431 πλεί-

138 3500 164 3537 aa
191 3495 266 3538 στους
287 3475 441 3552 φθονοῦντας
454 3473 507 3530 τοῖς
517 3464 635 3530 ἀποίκοις
652 3468 698 3535 τῆς
710 3461 829 3540 εὐτυχίας
846 3460 963 3528 δέξεσθαι

190 3558 237 3626 τάς
255 3558 378 3624 διαόολδς
393 3555 521 3634 ἀσμένους
545 3551 590 3611 καλ
606 3552 649 3611 τὸν
666 3552 725 3609 κατ’
741 3552 826 3608 αὐτῶν
849 3549 961 3626 πόλεμον

194 3647 314 3715 ἐξοίσειν·
327 3644 391 3725 ὅπερ
402 3644 447 3703 καλ
459 3641 567 3714 acates,
611 3639 737 3717 Ἀγόντων
748 3638 800 3716 γάρ
815 3636 860 3697 καί
873 3637 961 3716 φερόν-

192 3759 242 3793 των
256 3732 383 3804 ἀλλήλους
390 3735 442 3791 τῶν
453 3729 669 3809 κακουργοτάτων
681 3727 708 3795 ἐξ
725 3727 836 3798 έκοίστης
850 3726 960 3790 πόλεως.

193 3822 237 3880 καί
263 3832 385 3899 στρατιᾶς
407 3842 470 3876 ποτε
494 3817 649 3894 Ῥωμαϊκῆς
668 3813 833 3891 ἐμόαλούσης
857 3814 892 3878 είς
913 3812 960 3884 τὴν

141 3929 167 3964 0⁰
193 3908 337 3980 Ἀλύανὴν,
353 3911 396 3987 ὑφ’
412 3900 442 3980 ἧς
457 3905 550 3964 πολλοί
569 3909 621 3963 τῶν
636 3904 739 3981 λῃστῶν
754 3902 778 3958 οἱ
800 3899 846 3975 μέν
868 3900 963 3980 ἀνῃρέ·

193 4008 292 4068 θησαν,
302 3997 326 4054 οἱ
337 3993 364 4053 δέ
377 3996 588 4074 συνελήφθησαν,
602 3986 766 4067 συγκαλέσας
777 3985 807 4044 τθ
818 3986 915 4055 πλῆθος
926 3987 962 4052 εἰς

193 4084 334 4156 ἐκκλησίαν
349 4088 362 4141 ό
388 4084 541 4154 Κλουίλιος,
563 4085 590 4140 ἐν
605 4071 623 4156 ᾖ
642 4075 742 4146 πολλὴν
756 4073 899 4144 ἐποιήσατο
911 4076 962 4130 τῶν

195 4169 336 4247 Ῥωμαίων
359 4169 534 4249 κατηγορίαν,
555 4167 719 4248 τραυματίας
734 4187 763 4221 τε
776 4157 886 4240 συχνοθς
905 4162 963 4218 ἐπι-

193 4260 373 4335 δεικνύμενος,
387 4257 503 4323 καὶτοὺς
518 4257 698 4336 προσήκοντας
715 4252 766 4316 τοῖς
786 4246 964 4327 ἡρπασμένοις

141 4375 167 4412 ts
194 4349 211 4422 ἢ
223 4346 360 4419 τεθνηκόσι
373 4346 518 4423 παράγων,
534 4345 579 4403 καὶ
594 4341 675 4401 πλείω
687 4344 738 4398 τῶν
750 4335 893 4415 γεγονότων
908 4339 965 4396 ἐπι-

194 4432 436 4513 καταψευδόμενος,
451 4431 592 4509 πρεσόείαν
617 4428 733 4497 πέμπειν
746 4428 850 4503 πρῶτον
870 4423 966 4505 ἐψηφί-

195 4546 258 4582 σατο
272 4520 344 4586 δίκας
359 4518 516 4589 αἰτήσουσαν
539 4522 590 4577 τῶν
607 4513 761 4596 γεγονότων·
781 4512 826 4570 ἐδιν
842 4509 864 4569 δ’
879 4515 965 4589 ἀγνω-

195 4612 294 4688 μονῶσι
309 4607 455 4683 Ῥωμαῖοι,
470 4605 528 4662 τότε
547 4606 591 4664 τὸν
614 4600 727 4679 πόλεμον
750 4600 792 4657 ἐπ’
808 4599 900 4666 αὐτοὺς
919 4604 964 4660 έκ-

193 4697 290 4779 φέρειν.

143 4814 169 4850 so
235 4788 281 4846 lli.
300 4782 474 4862 Ἀφικομένων
489 4778 517 4837 δὲ
531 4783 582 4836 τῶν
605 4777 771 4855 πρεσθευτῶν
788 4777 823 4841 εἷς
838 4773 965 4851 Ῥώμην,

197 4875 359 4940 ῦποπτεύσας
366 4878 379 4932 b
387 4871 489 4934 Τάλλος
497 4864 536 4926 ὅτι
547 4866 618 4930 δίκας
628 4864 775 4934 αἰτήσοντες
784 4862 882 4934 ἥκοιεν,
892 4861 966 4927 aava<

197 4969 272 5021 τοῦτο
285 4967 393 5033 ποιῆσαι
407 4960 529 5041 πρότιρος
544 4955 628 5032 ἔγνω,
643 4954 798 5033 περιστῆσαι
816 4950 967 5028 βουλόμενος

198 5051 233 5113 εἷς
245 5051 357 5117 ἐκείνως
378 5049 425 5119 τὴν
440 5047 526 5107 αἰτίαν
540 5049 587 5102 τοῦ
605 5042 674 5101 λύειν
688 5040 723 5098 τά
740 5038 803 5118 πρὸς
822 5036 870 5107 τὴν
884 5038 966 5094 ἀποι-

197 5136 255 5193 κίαν
274 5136 442 5211 συγκείμενα.
486 5137 618 5204 Συνθῆκαι
636 5129 686 5207 γδιρ
702 5119 769 5200 ἦσαν
784 5131 842 5191 ταῖς
859 5123 964 5182 πολισιν

709 356 875 418 DIONi'Sii
896 359 1268 424 HdLlCARNASSENSIS

1014 501 1139 564 publicus,
1158 503 1202 553 sed
1220 503 1316 567 propria
1336 516 1420 567 regum
1442 517 1495 555 sors
1520 506 1582 557 erat.
1615 508 1704 559 rullus
1726 525 1786 564 vero

1015 589 1134 651 permisit,
1149 594 1177 641 nt
1191 591 1243 640 baec
1256 591 1377 654 possessio
1390 593 1519 653 Romanis,
1532 592 1623 655 quibus
1634 596 1716 647 nulius
1727 613 1786 660 ager

1014 681 1093 737 esset,
1109 678 1199 726 viritim
1211 677 1375 739 divideretur,
1390 692 1500 729 asserens
1514 681 1684 744 patrimonium
1697 685 1781 738 sibiet

1014 765 1045 814 ad
1056 779 1125 815 sacra
1137 769 1163 816 et
1173 766 1280 829 reliquos
1291 766 1437 817 domesticos
1449 772 1562 833 sumptus
1574 771 1696 825 sufficere.
1727 777 1780 825 Hac

1015 858 1097 905 autem
1111 854 1256 908 iiberalitate
1271 856 1338 908 cives
1358 855 1442 919 inopes
1456 860 1592 920 recreavit,
1608 860 1737 925 effecitque
1750 877 1782 913 ne

1014 941 1040 991 in
1058 942 1142 993 alienis
1156 944 1219 1007 agris
1233 943 1337 1007 amplius
1354 945 1479 994 servirent.
1512 946 1604 1008 Neqnis
1617 962 1677 998 vero
1694 964 1782 1014 expers

1014 1028 1129 1078 domicilii
1144 1033 1224 1091 esset,
1236 1030 1322 1079 coliem
1334 1029 1436 1079 cutiam
1450 1034 1617 1094 nuncupatum
1625 1034 1704 1083 maria
1715 1034 1784 1085 urbis

1014 1115 1125 1166 adiunxit
1141 1135 1148 1165 ι
1162 1115 1204 1166 nbi
1220 1129 1304 1166 omnes
1325 1116 1425 1167 Romani
1446 1120 1567 1181 quotquot
1579 1118 1632 1169 sine
1647 1119 1699 1170 lare
1712 1125 1784 1172 erant

1014 1202 1098 1266 adepti
1115 1207 1235 1265 quantam
1248 1203 1296 1254 loci
1310 1207 1348 1253 sat
1369 1208 1421 1254 erat
1432 1203 1519 1255 domos
1531 1205 1682 1256 edificarunt
1695 1209 1784 1272 etipse

1014 1290 1050 1341 ibi
1063 1289 1197 1341 habitabat.
1230 1293 1309 1353 Atque
1330 1290 1370 1340 bae
1391 1290 1489 1353 quidem
1514 1295 1572 1342 sunt
1589 1306 1630 1343 rea
1644 1298 1781 1345 memoratu

1015 1375 1108 1440 dignm,
1120 1389 1176 1439 quse
1194 1376 1224 1426 ab
1242 1376 1283 1425 ilio
1295 1375 1349 1424 viro
1368 1375 1393 1425 in
1409 1376 1550 1438 reipublicae
1570 1376 1782 1430 administratione

1015 1468 1092 1528 gestae
1104 1465 1216 1514 tenantur

1046 1554 1077 1602 ll.
1103 1554 1150 1601 iles
1170 1565 1230 1601 vero
1251 1550 1343 1601 bellicas
1362 1551 1445 1601 multn
1465 1531 1494 1601 et
1512 1552 1587 1602 varin
1607 1557 1782 1613 memorantur,

1014 1649 1115 1698 maximi
1129 1662 1187 1697 vero
1203 1648 1321 1698 momenti
1333 1662 1376 1710 ea,
1388 1648 1520 1711 dequibus
1533 1663 1593 1700 mox
1609 1651 1705 1714 dicam,
1719 1653 1783 1703 iacto

1015 1734 1084 1785 initio
1105 1749 1120 1784 a
1133 1734 1267 1784 bellacum
1280 1734 1379 1784 Albanis
1394 1738 1471 1798 gesto.
1496 1736 1597 1787 Discidii
1608 1742 1691 1787 autem
1703 1741 1729 1788 et
1740 1753 1783 1789 co—

1015 1830 1134 1893 gnationis
1146 1829 1271 1881 dissoluta
1284 1829 1347 1879 inter
1361 1829 1406 1879 bas
1421 1829 1533 1881 civitates
1546 1835 1632 1882 auctor
1649 1833 1696 1883 init
1709 1834 1783 1884 Alba·

1015 1939 1062 1975 nus
1072 1924 1171 1989 quidam
1184 1925 1281 1976 nomine
1294 1924 1413 1982 Gladius,
1425 1927 1468 1988 qni
1476 1938 1601 1978 summum
1612 1929 1782 1994 magistratum

1016 2022 1089 2086 opud
1113 2023 1223 2072 Albanos
1235 2021 1342 2085 gerebat.
1376 2021 1421 2071 llic
1440 2034 1504 2085 egre
1520 2023 1601 2073 terens
1619 2027 1787 2075 Romanorum

1016 2118 1155 2170 teiicitatem
1172 2121 1198 2168 et
1210 2118 1306 2167 invidias
1318 2119 1456 2182 impotens,
1473 2121 1499 2169 et
1513 2118 1608 2183 ingenio
1622 2121 1745 2182 arroganti
1757 2126 1783 2173 et

1015 2218 1121 2279 maligno
1134 2216 1265 2280 preditus.
1274 2214 1365 2266 beilum
1380 2216 1443 2265 inter
1455 2227 1498 2267 eoe
1509 2213 1724 2279 populosercitare
1735 2216 1782 2266 de-

1016 2312 1102 2363 crerit.
1134 2311 1181 2363 Sed
1192 2324 1249 2361 cam
1259 2310 1352 2360 nnllam
1366 2311 1486 2361 rationem
1498 2309 1606 2371 rideret,
1620 2324 1668 2374 qna
1685 2312 1787 2363 Albanis

1017 2409 1163 2473 persuadere
1180 2410 1276 2471 posset,
1299 2412 1326 2457 nt
1346 2407 1394 2457 sibi
1407 2408 1543 2457 exercitam
1558 2410 1643 2457 contra
1662 2409 1786 2458 Romanos

1015 2506 1103 2556 ducere
1122 2504 1303 2570 permitterent,
1314 2506 1339 2554 et
1354 2516 1434 2566 neque
1447 2502 1526 2553 iustas
1539 2515 1619 2567 neque
1633 2503 1784 2554 necessarias

1015 2601 1075 2654 belli
1099 2614 1200 2652 caussas
1223 2600 1339 2661 baberet,
1368 2600 1415 2650 tals
1435 2600 1552 2662 quiddam
1577 2600 1782 2652 comminiscitur.

1015 2698 1114 2751 Albanis
1129 2696 1291 2762 pauperrimis
1303 2700 1329 2746 et
1345 2695 1514 2746 audacissimis
1525 2695 1696 2760 impunitatem
1708 2697 1782 2759 polli-

1015 2795 1095 2856 citus,
1114 2791 1224 2858 permisit
1244 2794 1271 2841 ut
1288 2794 1451 2841 aomanorum
1470 2802 1541 2853 agros
1557 2789 1739 2853 popularentur,
1761 2792 1788 2839 et

1015 2890 1097 2941 effecit
1117 2892 1145 2937 nt
1165 2887 1236 2938 multi
1251 2900 1313 2938 euna
1335 2891 1458 2951 questum
1481 2888 1546 2938 omni
1566 2887 1674 2952 periculo
1691 2899 1783 2937 racan-

1015 2992 1065 3038 tem
1084 2986 1174 3045 secuti,
1191 2998 1264 3047 quem
1282 2997 1312 3034 ne
1326 2983 1373 3034 sub
1385 2997 1463 3047 poenn
1475 2983 1576 3047 quidem
1589 2987 1656 3033 metu
1668 2983 1789 3034 omissuri

1016 3088 1102 3146 erant,
1119 3084 1196 3133 totam
1215 3082 1343 3132 finitimam
1360 3081 1482 3145 regionem
1503 3081 1636 3131 latrociniis
1654 3080 1783 3145 replerent.

1017 3186 1067 3232 tloc
1076 3183 1158 3230 autem
1169 3194 1217 3229 non
1230 3185 1322 3230 temere
1333 3179 1399 3239 tecit,
1409 3183 1438 3228 ut
1455 3180 1507 3244 ipsa
1517 3193 1558 3229 ras
1566 3178 1659 3229 docuit.
1691 3177 1783 3228 Existi·

1016 3276 1100 3325 mabat
1117 3275 1181 3324 enim
1196 3275 1317 3322 Romanos
1330 3271 1427 3336 rapinas
1441 3286 1489 3321 non
1499 3272 1604 3329 laturos,
1616 3271 1659 3321 sed
1672 3271 1704 3320 ad
1716 3284 1785 3319 arma

1015 3373 1109 3430 ituros,
1122 3369 1194 3419 etsie
1206 3369 1252 3419 sibi
1268 3369 1377 3418 oblatum
1393 3367 1424 3417 iri
1437 3367 1591 3417 occasionem
1603 3381 1646 3417 eos
1657 3367 1723 3428 apud
1739 3379 1784 3429 po·

1016 3464 1101 3530 pulum
1111 3463 1268 3526 criminandi,
1278 3461 1348 3527 quasi
1359 3461 1453 3524 priores
1463 3458 1555 3509 beilum
1568 3458 1700 3508 inferrent:
1715 3457 1790 3507 diba-

1015 3570 1103 3606 nornm
1113 3569 1170 3606 aero
1184 3555 1303 3619 plurimos
1310 3551 1450 3603 telicitatem
1458 3561 1558 3599 suorum
1570 3548 1711 3597 colonorum
1722 3559 1790 3611 segre

1017 3649 1127 3699 terentes
1136 3648 1241 3699 libenter
1249 3645 1428 3696 criminationes
1435 3641 1560 3692 audituros
1570 3643 1596 3689 et
1605 3638 1695 3690 bedam
1702 3638 1751 3689 illis
1760 3639 1790 3689 il·

1015 3741 1122 3799 laturosf.
1130 3737 1196 3800 qnod
1207 3737 1281 3787 etiam
1291 3733 1388 3785 accidit.
1403 3735 1465 3782 itam
1475 3742 1533 3780 cum
1544 3728 1670 3790 utriusque
1681 3728 1790 3779 civitatis

1016 3830 1121 3880 maletioi
1133 3828 1243 3878 homines
1257 3824 1352 3890 praedas
1367 3822 1466 3885 agerent
1479 3822 1505 3869 et
1515 3818 1584 3868 alteri
1595 3817 1728 3868 altemmm
1749 3830 1791 3867 res

1016 3923 1161 3987 diriperent,
1171 3925 1196 3970 et
1206 3922 1329 3969 Romanus
1339 3913 1463 3967 exercitus
1472 3910 1568 3961 tandem
1582 3908 1607 3959 in
1616 3922 1702 3972 agrum
1713 3908 1788 3959 alba·

1016 4030 1076 4066 num
1090 4015 1186 4064 iecisset
1198 4013 1369 4075 irruptionem,
1387 4007 1411 4056 in
1429 4018 1478 4067 qua
1495 4001 1565 4053 multi
1576 4001 1683 4050 latrones
1698 3999 1787 4064 partim

1017 4111 1074 4159 oaesi
1085 4108 1173 4173 partim
1187 4105 1250 4168 capti
1262 4106 1335 4162 sunt,
1346 4098 1447 4151 cluilius
1459 4097 1593 4146 convocna
1601 4090 1633 4142 ad
1645 4089 1786 4142 concionem

1018 4199 1176 4253 multitudine
1189 4197 1259 4257 longa
1270 4194 1380 4244 oratione
1396 4189 1486 4240 acriter
1496 4187 1522 4236 in
1535 4187 1658 4235 Romanoa
1674 4182 1788 4232 invectos

1017 4297 1067 4354 est,
1080 4295 1105 4343 et
1118 4290 1208 4341 rarultos
1220 4285 1351 4338 ostendens
1362 4282 1471 4340 saucios,
1483 4278 1668 4345 producensque
1677 4273 1786 4336 captivo·

1018 4397 1074 4435 rum
1091 4387 1116 4433 et
1129 4392 1249 4431 caesorum
1268 4375 1432 4441 propinquos.
1452 4373 1478 4421 et
1494 4371 1613 4433 praterea
1632 4363 1703 4423 longa
1717 4360 1788 4424 plura

1020 4489 1096 4542 qaam
1106 4486 1192 4525 revera
1206 4469 1351 4521 accidissent
1364 4465 1496 4522 mentitus,
1511 4457 1623 4510 decrevIt
1634 4455 1741 4519 primum
1749 4449 1789 4500 le-

1019 4575 1088 4638 gatos
1101 4568 1214 4639 mittere,
1224 4567 1265 4630 qni
1278 4565 1317 4614 ius
1328 4557 1481 4624 repeterent,
1491 4554 1512 4603 si
1525 4565 1584 4602 sero
1597 4546 1700 4601 ltomani
1710 4543 1790 4608 asqui-

1020 4672 1095 4720 tatem
1112 4665 1268 4732 spemereat,
1278 4660 1337 4708 tunc
1349 4665 1417 4703 arma
1427 4648 1474 4698 iliis
1488 4647 1586 4696 inferre.

1051 4776 1096 4825 ill.
1110 4772 1171 4822 Gnm
1180 4766 1254 4831 igitur
1264 4758 1338 4824 legati
1354 4758 1453 4805 Romam
1463 4747 1601 4804 venissent,
1612 4741 1697 4792 'l’ulins
1707 4734 1788 4799 suspi-

1020 4865 1089 4912 catus
1101 4868 1144 4907 eos
1155 4853 1237 4905 venire
1247 4852 1275 4899 ut
1283 4859 1324 4897 res
1336 4845 1418 4906 raptas
1430 4847 1560 4903 poenasque
1572 4844 1617 4895 pro
1630 4825 1725 4877 iniuriis
1735 4820 1786 4870 iila»

1020 4951 1052 5002 tis
1063 4944 1230 5010 reposcerent,
1243 4939 1296 5001 ipsc
1315 4946 1357 4982 eos
1367 4930 1414 4979 hac
1431 4928 1496 4978 inre
1512 4919 1665 4972 antevertere
1686 4906 1786 4965 statuit,

1020 5049 1132 5091 caussam
1161 5029 1245 5081 violati
1268 5022 1367 5076 ioederis
1392 5032 1447 5067 cnm
1478 5009 1572 5064 colonia
1598 5003 1656 5055 tacti
1684 5001 1708 5049 in
1734 4995 1788 5044 illos

1021 5128 1162 5188 retorquere
1176 5120 1267 5168 rolens.
1299 5112 1388 5163 Fmdus
1400 5107 1465 5158 enim
1479 5098 1582 5152 llomnlo
1598 5091 1713 5157 regnante
1724 5084 1789 5134 inter
