<?xml version="1.0" encoding="UTF-8"?>
<!DOCTYPE html PUBLIC "-//W3C//DTD XHTML 1.0 Transitional//EN"
    "http://www.w3.org/TR/xhtml1/DTD/xhtml1-transitional.dtd">
<html xmlns="http://www.w3.org/1999/xhtml" xml:lang="en" lang="en">
 <head>
  <title>
</title>
<meta http-equiv="Content-Type" content="text/html;charset=utf-8" />
  <meta name='ocr-system' content='tesseract 3.04.00' />
  <meta name='ocr-capabilities' content='ocr_page ocr_carea ocr_par ocr_line ocrx_word'/>
</head>
<body>
  <div class='ocr_page' id='page_1' title='image "./dionysiihalicar00prougoog/dionysiihalicar00prougoog_0230.png"; bbox 0 0 3772 5828; ppageno 0'>
   <div class='ocr_carea' id='block_1_1' title="bbox 181 335 242 395">
    <p class='ocr_par' dir='ltr' id='par_1_1' title="bbox 181 335 242 395">
     <span class='ocr_line' id='line_1_1' title="bbox 181 335 242 395; baseline 0.033 -2"><span class='ocrx_word' id='word_1_1' title='bbox 181 335 242 395; x_wconf 70' lang='lat'><strong>208</strong></span> 
     </span>
    </p>
   </div>
   <div class='ocr_carea' id='block_1_2' title="bbox 120 461 967 5254">
    <p class='ocr_par' dir='ltr' id='par_1_2' title="bbox 181 461 966 808">
     <span class='ocr_line' id='line_1_2' title="bbox 181 461 965 545; baseline -0.001 -20"><span class='ocrx_word' id='word_1_2' title='bbox 181 463 308 545; x_wconf 80' lang='grc' dir='ltr'>τετάρτου</span> <span class='ocrx_word' id='word_1_3' title='bbox 342 461 504 540; x_wconf 76' lang='grc' dir='ltr'>τιμήματος·</span> <span class='ocrx_word' id='word_1_4' title='bbox 534 461 580 522; x_wconf 79' lang='grc' dir='ltr'><strong>καί</strong></span> <span class='ocrx_word' id='word_1_5' title='bbox 603 469 680 522; x_wconf 75' lang='grc' dir='ltr'>τοῦτο</span> <span class='ocrx_word' id='word_1_6' title='bbox 703 464 785 523; x_wconf 80' lang='grc' dir='ltr'><strong>ἐποίει</strong></span> <span class='ocrx_word' id='word_1_7' title='bbox 814 464 894 544; x_wconf 82' lang='grc' dir='ltr'>μέχρι</span> <span class='ocrx_word' id='word_1_8' title='bbox 918 472 965 525; x_wconf 70' lang='grc' dir='ltr'><strong>τοῦ</strong></span> 
     </span>
     <span class='ocr_line' id='line_1_3' title="bbox 181 550 966 633; baseline -0.005 -18"><span class='ocrx_word' id='word_1_9' title='bbox 181 554 301 632; x_wconf 88' lang='grc' dir='ltr'>γενέσθαι</span> <span class='ocrx_word' id='word_1_10' title='bbox 315 552 409 631; x_wconf 94' lang='grc' dir='ltr'>λόχους</span> <span class='ocrx_word' id='word_1_11' title='bbox 422 552 490 610; x_wconf 79' lang='grc' dir='ltr'>ἑπτὰ</span> <span class='ocrx_word' id='word_1_12' title='bbox 504 551 549 609; x_wconf 80' lang='grc' dir='ltr'><strong>καὶ</strong></span> <span class='ocrx_word' id='word_1_13' title='bbox 564 550 719 620; x_wconf 73' lang='grc' dir='ltr'>ἐνενήκοντα</span> <span class='ocrx_word' id='word_1_14' title='bbox 738 553 890 633; x_wconf 55' lang='grc' dir='ltr'>ἰσοψήφους.</span> <span class='ocrx_word' id='word_1_15' title='bbox 932 553 966 611; x_wconf 81' lang='grc' dir='ltr'><strong>Εἰ</strong></span> 
     </span>
     <span class='ocr_line' id='line_1_4' title="bbox 184 637 965 721; baseline -0.005 -19"><span class='ocrx_word' id='word_1_16' title='bbox 184 643 211 702; x_wconf 78' lang='grc' dir='ltr'>δέ</span> <span class='ocrx_word' id='word_1_17' title='bbox 231 642 310 721; x_wconf 87' lang='grc' dir='ltr'>μέχρι</span> <span class='ocrx_word' id='word_1_18' title='bbox 323 645 370 709; x_wconf 76' lang='grc' dir='ltr'><strong>τῆς</strong></span> <span class='ocrx_word' id='word_1_19' title='bbox 384 639 508 717; x_wconf 88' lang='grc' dir='ltr'>πέμπτης</span> <span class='ocrx_word' id='word_1_20' title='bbox 519 640 637 710; x_wconf 86' lang='grc' dir='ltr'>κλήσεως</span> <span class='ocrx_word' id='word_1_21' title='bbox 651 639 689 715; x_wconf 80' lang='grc' dir='ltr'>μή</span> <span class='ocrx_word' id='word_1_22' title='bbox 702 637 777 719; x_wconf 92' lang='grc' dir='ltr'>τύχοι</span> <span class='ocrx_word' id='word_1_23' title='bbox 796 644 874 699; x_wconf 80' lang='grc' dir='ltr'>τοῦτο</span> <span class='ocrx_word' id='word_1_24' title='bbox 891 641 965 718; x_wconf 88' lang='grc' dir='ltr'>γενό·</span> 
     </span>
     <span class='ocr_line' id='line_1_5' title="bbox 184 727 965 808; baseline -0.006 -18"><span class='ocrx_word' id='word_1_25' title='bbox 184 754 280 808; x_wconf 86' lang='grc' dir='ltr'>μενον,</span> <span class='ocrx_word' id='word_1_26' title='bbox 294 727 354 788; x_wconf 81' lang='grc' dir='ltr'>ἀλλ’</span> <span class='ocrx_word' id='word_1_27' title='bbox 370 729 405 795; x_wconf 88' lang='grc' dir='ltr'><strong>εἰς</strong></span> <span class='ocrx_word' id='word_1_28' title='bbox 431 727 478 786; x_wconf 84' lang='grc' dir='ltr'><strong>ίσα</strong></span> <span class='ocrx_word' id='word_1_29' title='bbox 504 728 572 806; x_wconf 85' lang='grc' dir='ltr'>μέρη</span> <span class='ocrx_word' id='word_1_30' title='bbox 596 732 727 806; x_wconf 77' lang='grc' dir='ltr'>σχισθεῖεν</span> <span class='ocrx_word' id='word_1_31' title='bbox 753 731 781 787; x_wconf 84' lang='grc' dir='ltr'>αἱ</span> <span class='ocrx_word' id='word_1_32' title='bbox 795 733 848 788; x_wconf 81' lang='grc' dir='ltr'><strong>τῶν</strong></span> <span class='ocrx_word' id='word_1_33' title='bbox 871 730 965 788; x_wconf 84' lang='grc' dir='ltr'>έκατὸν</span> 
     </span>
    </p>

    <p class='ocr_par' dir='ltr' id='par_1_3' title="bbox 142 815 966 1250">
     <span class='ocr_line' id='line_1_6' title="bbox 142 815 966 896; baseline 0.001 -23"><span class='ocrx_word' id='word_1_34' title='bbox 142 835 155 873; x_wconf 79' lang='lat' dir='ltr'><strong>a</strong></span> <span class='ocrx_word' id='word_1_35' title='bbox 184 819 338 890; x_wconf 79' lang='grc' dir='ltr'>ἐνενήκοντα</span> <span class='ocrx_word' id='word_1_36' title='bbox 353 816 397 875; x_wconf 86' lang='grc' dir='ltr'><strong>δύο</strong></span> <span class='ocrx_word' id='word_1_37' title='bbox 407 815 495 895; x_wconf 89' lang='grc' dir='ltr'>λόχων</span> <span class='ocrx_word' id='word_1_38' title='bbox 510 821 633 893; x_wconf 82' lang='grc' dir='ltr'>γνῶμαι,</span> <span class='ocrx_word' id='word_1_39' title='bbox 645 816 704 875; x_wconf 87' lang='grc' dir='ltr'>τότε</span> <span class='ocrx_word' id='word_1_40' title='bbox 718 817 762 877; x_wconf 81' lang='grc' dir='ltr'><strong>τὸν</strong></span> <span class='ocrx_word' id='word_1_41' title='bbox 777 815 891 896; x_wconf 85' lang='grc' dir='ltr'>ἔσχατον</span> <span class='ocrx_word' id='word_1_42' title='bbox 905 817 966 875; x_wconf 82' lang='grc' dir='ltr'>ἰκοί·</span> 
     </span>
     <span class='ocr_line' id='line_1_7' title="bbox 182 895 965 986; baseline -0.001 -23"><span class='ocrx_word' id='word_1_43' title='bbox 182 909 222 967; x_wconf 86' lang='grc' dir='ltr'><strong>λιι</strong></span> <span class='ocrx_word' id='word_1_44' title='bbox 246 907 342 986; x_wconf 87' lang='grc' dir='ltr'>λόχον,</span> <span class='ocrx_word' id='word_1_45' title='bbox 355 909 382 965; x_wconf 79' lang='grc' dir='ltr'><strong>ἐν</strong></span> <span class='ocrx_word' id='word_1_46' title='bbox 399 895 466 984; x_wconf 58' lang='lat' dir='ltr'><strong>&lt;issi</strong></span> <span class='ocrx_word' id='word_1_47' title='bbox 486 908 539 962; x_wconf 82' lang='grc' dir='ltr'><strong>τῶν</strong></span> <span class='ocrx_word' id='word_1_48' title='bbox 561 905 666 986; x_wconf 82' lang='grc' dir='ltr'>ἀπόρων</span> <span class='ocrx_word' id='word_1_49' title='bbox 682 905 728 963; x_wconf 79' lang='grc' dir='ltr'><strong>καὶ</strong></span> <span class='ocrx_word' id='word_1_50' title='bbox 746 904 789 963; x_wconf 82' lang='grc' dir='ltr'><strong>διὰ</strong></span> <span class='ocrx_word' id='word_1_51' title='bbox 802 910 879 964; x_wconf 83' lang='grc' dir='ltr'>τοῦτο</span> <span class='ocrx_word' id='word_1_52' title='bbox 893 906 965 984; x_wconf 85' lang='grc' dir='ltr'>άρει-</span> 
     </span>
     <span class='ocr_line' id='line_1_8' title="bbox 184 992 964 1073; baseline -0.006 -20"><span class='ocrx_word' id='word_1_53' title='bbox 184 994 270 1072; x_wconf 89' lang='grc' dir='ltr'>μένων</span> <span class='ocrx_word' id='word_1_54' title='bbox 298 992 404 1063; x_wconf 79' lang='grc' dir='ltr'>ἁπάσης</span> <span class='ocrx_word' id='word_1_55' title='bbox 426 992 565 1072; x_wconf 83' lang='grc' dir='ltr'>στρατείας</span> <span class='ocrx_word' id='word_1_56' title='bbox 586 993 678 1052; x_wconf 82' lang='grc' dir='ltr'>τεκαὶ</span> <span class='ocrx_word' id='word_1_57' title='bbox 699 994 822 1073; x_wconf 82' lang='grc' dir='ltr'>εἰσφορᾶς</span> <span class='ocrx_word' id='word_1_58' title='bbox 848 993 964 1051; x_wconf 78' lang='grc' dir='ltr'>πολιτῶν</span> 
     </span>
     <span class='ocr_line' id='line_1_9' title="bbox 183 1070 966 1162; baseline -0.006 -19"><span class='ocrx_word' id='word_1_59' title='bbox 183 1086 279 1154; x_wconf 79' lang='grc' dir='ltr'>πλῆθος</span> <span class='ocrx_word' id='word_1_60' title='bbox 293 1073 339 1153; x_wconf 76' lang='grc' dir='ltr'><strong>ἦν·</strong></span> <span class='ocrx_word' id='word_1_61' title='bbox 362 1080 476 1162; x_wconf 79' lang='grc' dir='ltr'>θποτέρφ</span> <span class='ocrx_word' id='word_1_62' title='bbox 492 1082 520 1140; x_wconf 87' lang='grc' dir='ltr'><strong>δὲ</strong></span> <span class='ocrx_word' id='word_1_63' title='bbox 542 1082 685 1162; x_wconf 84' lang='grc' dir='ltr'>προσθοῖτο</span> <span class='ocrx_word' id='word_1_64' title='bbox 699 1085 752 1140; x_wconf 86' lang='grc' dir='ltr'><strong>τῶν</strong></span> <span class='ocrx_word' id='word_1_65' title='bbox 763 1080 876 1162; x_wconf 79' lang='grc' dir='ltr'>μερίδων</span> <span class='ocrx_word' id='word_1_66' title='bbox 891 1070 966 1146; x_wconf 71' lang='grc' dir='ltr'>οὗτος</span> 
     </span>
     <span class='ocr_line' id='line_1_10' title="bbox 184 1163 964 1250; baseline -0.004 -20"><span class='ocrx_word' id='word_1_67' title='bbox 184 1171 309 1250; x_wconf 84' lang='grc' dir='ltr'>ὁλόχος,</span> <span class='ocrx_word' id='word_1_68' title='bbox 326 1167 393 1242; x_wconf 72' lang='grc' dir='ltr'>αὕτη</span> <span class='ocrx_word' id='word_1_69' title='bbox 420 1170 452 1229; x_wconf 83' lang='grc' dir='ltr'><strong>τδ</strong></span> <span class='ocrx_word' id='word_1_70' title='bbox 474 1168 568 1248; x_wconf 87' lang='grc' dir='ltr'>κράτος</span> <span class='ocrx_word' id='word_1_71' title='bbox 584 1170 731 1248; x_wconf 78' lang='grc' dir='ltr'>έλάμίανε.</span> <span class='ocrx_word' id='word_1_72' title='bbox 774 1173 863 1231; x_wconf 79' lang='grc' dir='ltr'>Τοῦτο</span> <span class='ocrx_word' id='word_1_73' title='bbox 881 1172 905 1229; x_wconf 83' lang='grc' dir='ltr'><strong>δ’</strong></span> <span class='ocrx_word' id='word_1_74' title='bbox 931 1163 964 1243; x_wconf 81' lang='grc' dir='ltr'><strong>ήν</strong></span> 
     </span>
    </p>

    <p class='ocr_par' dir='ltr' id='par_1_4' title="bbox 129 1257 966 1606">
     <span class='ocr_line' id='line_1_11' title="bbox 129 1257 966 1340; baseline 0.007 -27"><span class='ocrx_word' id='word_1_75' title='bbox 129 1271 155 1313; x_wconf 82' lang='grc' dir='ltr'><strong>ιο</strong></span> <span class='ocrx_word' id='word_1_76' title='bbox 182 1260 292 1318; x_wconf 87' lang='grc' dir='ltr'>σπάνιον</span> <span class='ocrx_word' id='word_1_77' title='bbox 308 1260 352 1318; x_wconf 84' lang='grc' dir='ltr'><strong>καὶ</strong></span> <span class='ocrx_word' id='word_1_78' title='bbox 362 1260 392 1319; x_wconf 81' lang='grc' dir='ltr'><strong>οὗ</strong></span> <span class='ocrx_word' id='word_1_79' title='bbox 407 1257 513 1340; x_wconf 74' lang='grc' dir='ltr'>μακράν</span> <span class='ocrx_word' id='word_1_80' title='bbox 528 1260 629 1339; x_wconf 84' lang='grc' dir='ltr'>α’πὲχον</span> <span class='ocrx_word' id='word_1_81' title='bbox 640 1260 780 1323; x_wconf 78' lang='grc' dir='ltr'>ἀδυνάτου.</span> <span class='ocrx_word' id='word_1_82' title='bbox 822 1261 865 1321; x_wconf 79' lang='lat' dir='ltr'><strong>&#39;l&#39;t</strong></span> <span class='ocrx_word' id='word_1_83' title='bbox 878 1260 966 1320; x_wconf 78' lang='grc' dir='ltr'>πολλὰ</span> 
     </span>
     <span class='ocr_line' id='line_1_12' title="bbox 182 1346 964 1427; baseline 0 -19"><span class='ocrx_word' id='word_1_84' title='bbox 182 1347 298 1427; x_wconf 76' lang='grc' dir='ltr'>μὲνγὰρ</span> <span class='ocrx_word' id='word_1_85' title='bbox 321 1346 365 1406; x_wconf 77' lang='grc' dir='ltr'>ἐπὶ</span> <span class='ocrx_word' id='word_1_86' title='bbox 380 1351 426 1419; x_wconf 73' lang='grc' dir='ltr'><strong>τῆς</strong></span> <span class='ocrx_word' id='word_1_87' title='bbox 440 1348 548 1426; x_wconf 90' lang='grc' dir='ltr'>πρώτης</span> <span class='ocrx_word' id='word_1_88' title='bbox 561 1348 682 1420; x_wconf 75' lang='grc' dir='ltr'>κλήσεως</span> <span class='ocrx_word' id='word_1_89' title='bbox 699 1348 773 1416; x_wconf 90' lang='grc' dir='ltr'>τέλος</span> <span class='ocrx_word' id='word_1_90' title='bbox 796 1348 964 1427; x_wconf 81' lang='grc' dir='ltr'>έλάμόανιν,</span> 
     </span>
     <span class='ocr_line' id='line_1_13' title="bbox 180 1435 962 1517; baseline 0.001 -21"><span class='ocrx_word' id='word_1_91' title='bbox 180 1437 257 1515; x_wconf 88' lang='grc' dir='ltr'>ὀλίγα</span> <span class='ocrx_word' id='word_1_92' title='bbox 271 1437 298 1495; x_wconf 83' lang='grc' dir='ltr'><strong>δὲ</strong></span> <span class='ocrx_word' id='word_1_93' title='bbox 309 1435 388 1516; x_wconf 90' lang='grc' dir='ltr'>μέχρι</span> <span class='ocrx_word' id='word_1_94' title='bbox 399 1440 447 1507; x_wconf 74' lang='grc' dir='ltr'><strong>τῆς</strong></span> <span class='ocrx_word' id='word_1_95' title='bbox 456 1436 585 1516; x_wconf 88' lang='grc' dir='ltr'>τετάρτης</span> <span class='ocrx_word' id='word_1_96' title='bbox 596 1435 768 1517; x_wconf 74' lang='grc' dir='ltr'>προῦόαινεν,</span> <span class='ocrx_word' id='word_1_97' title='bbox 783 1442 800 1510; x_wconf 81' lang='grc' dir='ltr'>ἡ</span> <span class='ocrx_word' id='word_1_98' title='bbox 813 1436 840 1496; x_wconf 81' lang='grc' dir='ltr'><strong>δὲ</strong></span> <span class='ocrx_word' id='word_1_99' title='bbox 852 1436 962 1516; x_wconf 79' lang='grc' dir='ltr'>πέμπτη</span> 
     </span>
     <span class='ocr_line' id='line_1_14' title="bbox 181 1525 690 1606; baseline 0.002 -21"><span class='ocrx_word' id='word_1_100' title='bbox 181 1527 274 1595; x_wconf 74' lang='grc' dir='ltr'>κλῆσις</span> <span class='ocrx_word' id='word_1_101' title='bbox 287 1525 333 1586; x_wconf 82' lang='grc' dir='ltr'><strong>καὶ</strong></span> <span class='ocrx_word' id='word_1_102' title='bbox 347 1529 365 1596; x_wconf 85' lang='grc' dir='ltr'>ἡ</span> <span class='ocrx_word' id='word_1_103' title='bbox 381 1525 521 1586; x_wconf 85' lang='grc' dir='ltr'>τελευταία</span> <span class='ocrx_word' id='word_1_104' title='bbox 535 1527 690 1606; x_wconf 91' lang='grc' dir='ltr'>παρεῖλκον.</span> 
     </span>
    </p>

    <p class='ocr_par' dir='ltr' id='par_1_5' title="bbox 222 1613 966 1690">
     <span class='ocr_line' id='line_1_15' title="bbox 222 1613 966 1690; baseline 0 -16"><span class='ocrx_word' id='word_1_105' title='bbox 222 1616 298 1675; x_wconf 71' lang='lat' dir='ltr'><strong>xiil.</strong></span> <span class='ocrx_word' id='word_1_106' title='bbox 329 1615 415 1673; x_wconf 80' lang='grc' dir='ltr'>Τοῦτο</span> <span class='ocrx_word' id='word_1_107' title='bbox 435 1613 465 1673; x_wconf 87' lang='grc' dir='ltr'><strong>τδ</strong></span> <span class='ocrx_word' id='word_1_108' title='bbox 490 1614 637 1690; x_wconf 89' lang='grc' dir='ltr'>πολίτευμα</span> <span class='ocrx_word' id='word_1_109' title='bbox 662 1615 895 1688; x_wconf 85' lang='grc' dir='ltr'>καταστησάμενος</span> <span class='ocrx_word' id='word_1_110' title='bbox 919 1614 966 1674; x_wconf 80' lang='grc' dir='ltr'><strong>καὶ</strong></span> 
     </span>
    </p>

    <p class='ocr_par' dir='ltr' id='par_1_6' title="bbox 120 1701 967 4452">
     <span class='ocr_line' id='line_1_16' title="bbox 128 1701 965 1778; baseline 0 -18"><span class='ocrx_word' id='word_1_111' title='bbox 128 1724 154 1764; x_wconf 85' lang='lat' dir='ltr'><strong>la</strong></span> <span class='ocrx_word' id='word_1_112' title='bbox 181 1701 367 1778; x_wconf 80' lang='grc' dir='ltr'>πλεονέκτημα</span> <span class='ocrx_word' id='word_1_113' title='bbox 385 1709 438 1769; x_wconf 89' lang='grc' dir='ltr'>τοῖς</span> <span class='ocrx_word' id='word_1_114' title='bbox 450 1701 585 1772; x_wconf 89' lang='grc' dir='ltr'>πλουσίοις</span> <span class='ocrx_word' id='word_1_115' title='bbox 602 1704 744 1776; x_wconf 73' lang='grc' dir='ltr'>τηλικοῦτο</span> <span class='ocrx_word' id='word_1_116' title='bbox 760 1705 818 1770; x_wconf 86' lang='grc' dir='ltr'>δοὺς</span> <span class='ocrx_word' id='word_1_117' title='bbox 828 1701 905 1764; x_wconf 85' lang='grc' dir='ltr'>έλαθι</span> <span class='ocrx_word' id='word_1_118' title='bbox 921 1705 965 1762; x_wconf 82' lang='grc' dir='ltr'><strong>τὸν</strong></span> 
     </span>
     <span class='ocr_line' id='line_1_17' title="bbox 181 1787 966 1871; baseline 0.006 -23"><span class='ocrx_word' id='word_1_119' title='bbox 181 1792 275 1864; x_wconf 71' lang='grc' dir='ltr'>δῆμον,</span> <span class='ocrx_word' id='word_1_120' title='bbox 282 1787 373 1871; x_wconf 82' lang='grc' dir='ltr'>ὥσπερ</span> <span class='ocrx_word' id='word_1_121' title='bbox 381 1788 456 1870; x_wconf 75' lang='grc' dir='ltr'>ἔφην,</span> <span class='ocrx_word' id='word_1_122' title='bbox 467 1792 724 1869; x_wconf 75' lang='grc' dir='ltr'>καταστρατηγήσας</span> <span class='ocrx_word' id='word_1_123' title='bbox 735 1791 844 1858; x_wconf 83' lang='grc' dir='ltr'>καὶτοὺς</span> <span class='ocrx_word' id='word_1_124' title='bbox 853 1793 966 1865; x_wconf 78' lang='grc' dir='ltr'>πίνηται</span> 
     </span>
     <span class='ocr_line' id='line_1_18' title="bbox 180 1877 967 1959; baseline 0.004 -23"><span class='ocrx_word' id='word_1_125' title='bbox 180 1878 483 1945; x_wconf 81' lang='grc' dir='ltr'>σἰπελάσαςτῶνκοινῶν.</span> <span class='ocrx_word' id='word_1_126' title='bbox 526 1877 733 1957; x_wconf 81' lang='grc' dir='ltr'>Ὑπελάμόανον</span> <span class='ocrx_word' id='word_1_127' title='bbox 741 1878 844 1959; x_wconf 73' lang='grc' dir='ltr'>μὲνγδρ</span> <span class='ocrx_word' id='word_1_128' title='bbox 854 1880 967 1948; x_wconf 76' lang='grc' dir='ltr'>ἅπαντες</span> 
     </span>
     <span class='ocr_line' id='line_1_19' title="bbox 180 1966 966 2049; baseline 0.003 -23"><span class='ocrx_word' id='word_1_129' title='bbox 180 1972 237 2027; x_wconf 82' lang='grc' dir='ltr'>ἴσον</span> <span class='ocrx_word' id='word_1_130' title='bbox 247 1966 317 2047; x_wconf 84' lang='grc' dir='ltr'>ίχειν</span> <span class='ocrx_word' id='word_1_131' title='bbox 325 1971 372 2040; x_wconf 75' lang='grc' dir='ltr'><strong>τῆς</strong></span> <span class='ocrx_word' id='word_1_132' title='bbox 380 1967 513 2035; x_wconf 85' lang='grc' dir='ltr'>πολιτείας</span> <span class='ocrx_word' id='word_1_133' title='bbox 522 1970 610 2048; x_wconf 89' lang='grc' dir='ltr'>μέρος,</span> <span class='ocrx_word' id='word_1_134' title='bbox 617 1974 675 2028; x_wconf 87' lang='grc' dir='ltr'>κατ’</span> <span class='ocrx_word' id='word_1_135' title='bbox 687 1968 966 2049; x_wconf 85' lang='grc' dir='ltr'>άνδραδιερωτώμενσι</span> 
     </span>
     <span class='ocr_line' id='line_1_20' title="bbox 180 2055 964 2137; baseline 0.004 -24"><span class='ocrx_word' id='word_1_136' title='bbox 180 2056 227 2123; x_wconf 79' lang='grc' dir='ltr'><strong>τδς</strong></span> <span class='ocrx_word' id='word_1_137' title='bbox 253 2056 362 2134; x_wconf 81' lang='grc' dir='ltr'>γνώμας</span> <span class='ocrx_word' id='word_1_138' title='bbox 383 2058 410 2115; x_wconf 84' lang='grc' dir='ltr'>έν</span> <span class='ocrx_word' id='word_1_139' title='bbox 439 2056 492 2125; x_wconf 82' lang='grc' dir='ltr'>τοῖς</span> <span class='ocrx_word' id='word_1_140' title='bbox 521 2058 593 2123; x_wconf 81' lang='grc' dir='ltr'>ἰδίοις</span> <span class='ocrx_word' id='word_1_141' title='bbox 614 2055 720 2117; x_wconf 75' lang='grc' dir='ltr'>ἔκαστοι</span> <span class='ocrx_word' id='word_1_142' title='bbox 739 2057 844 2137; x_wconf 86' lang='grc' dir='ltr'>λόχοις·</span> <span class='ocrx_word' id='word_1_143' title='bbox 868 2056 964 2129; x_wconf 80' lang='grc' dir='ltr'>ἑξηπα·</span> 
     </span>
     <span class='ocr_line' id='line_1_21' title="bbox 126 2137 963 2228; baseline 0.001 -24"><span class='ocrx_word' id='word_1_144' title='bbox 126 2173 155 2215; x_wconf 67' lang='lat'><strong>20</strong></span> <span class='ocrx_word' id='word_1_145' title='bbox 181 2149 265 2205; x_wconf 83' lang='grc' dir='ltr'>τῶντο</span> <span class='ocrx_word' id='word_1_146' title='bbox 284 2146 312 2206; x_wconf 81' lang='grc' dir='ltr'><strong>δὲ</strong></span> <span class='ocrx_word' id='word_1_147' title='bbox 327 2149 366 2226; x_wconf 77' lang='grc' dir='ltr'><strong>τῷ</strong></span> <span class='ocrx_word' id='word_1_148' title='bbox 381 2145 446 2223; x_wconf 91' lang='grc' dir='ltr'>μίαν</span> <span class='ocrx_word' id='word_1_149' title='bbox 457 2137 526 2204; x_wconf 78' lang='grc' dir='ltr'>εἰναι</span> <span class='ocrx_word' id='word_1_150' title='bbox 540 2150 626 2228; x_wconf 74' lang='grc' dir='ltr'>ψῆφον</span> <span class='ocrx_word' id='word_1_151' title='bbox 638 2145 700 2207; x_wconf 80' lang='grc' dir='ltr'>όλου</span> <span class='ocrx_word' id='word_1_152' title='bbox 714 2151 759 2206; x_wconf 82' lang='grc' dir='ltr'><strong>τοῦ</strong></span> <span class='ocrx_word' id='word_1_153' title='bbox 770 2146 859 2226; x_wconf 89' lang='grc' dir='ltr'>λόχου,</span> <span class='ocrx_word' id='word_1_154' title='bbox 872 2152 919 2206; x_wconf 80' lang='grc' dir='ltr'><strong>τοῦ</strong></span> <span class='ocrx_word' id='word_1_155' title='bbox 936 2171 963 2205; x_wconf 90' lang='grc' dir='ltr'><strong>τε</strong></span> 
     </span>
     <span class='ocr_line' id='line_1_22' title="bbox 182 2234 965 2316; baseline 0 -22"><span class='ocrx_word' id='word_1_156' title='bbox 182 2235 285 2314; x_wconf 84' lang='grc' dir='ltr'>ὀλίγους</span> <span class='ocrx_word' id='word_1_157' title='bbox 307 2235 413 2313; x_wconf 83' lang='grc' dir='ltr'>ἔχοντος</span> <span class='ocrx_word' id='word_1_158' title='bbox 426 2238 453 2294; x_wconf 81' lang='lat' dir='ltr'><strong>iv</strong></span> <span class='ocrx_word' id='word_1_159' title='bbox 470 2236 543 2316; x_wconf 77' lang='grc' dir='ltr'>αὐτῷ</span> <span class='ocrx_word' id='word_1_160' title='bbox 558 2236 667 2303; x_wconf 89' lang='grc' dir='ltr'>πολίτας</span> <span class='ocrx_word' id='word_1_161' title='bbox 681 2235 727 2295; x_wconf 84' lang='grc' dir='ltr'><strong>καὶ</strong></span> <span class='ocrx_word' id='word_1_162' title='bbox 741 2240 787 2294; x_wconf 80' lang='grc' dir='ltr'><strong>τοῦ</strong></span> <span class='ocrx_word' id='word_1_163' title='bbox 807 2234 878 2295; x_wconf 89' lang='grc' dir='ltr'>πάνυ</span> <span class='ocrx_word' id='word_1_164' title='bbox 895 2235 965 2295; x_wconf 87' lang='grc' dir='ltr'>πολ-</span> 
     </span>
     <span class='ocr_line' id='line_1_23' title="bbox 182 2320 964 2406; baseline 0 -23"><span class='ocrx_word' id='word_1_165' title='bbox 182 2322 261 2389; x_wconf 90' lang='grc' dir='ltr'>λούς·</span> <span class='ocrx_word' id='word_1_166' title='bbox 276 2321 371 2402; x_wconf 78' lang='grc' dir='ltr'>καὶτῷ</span> <span class='ocrx_word' id='word_1_167' title='bbox 389 2320 508 2402; x_wconf 76' lang='grc' dir='ltr'>πρώτους</span> <span class='ocrx_word' id='word_1_168' title='bbox 529 2323 664 2406; x_wconf 85' lang='grc' dir='ltr'>ίπιφέρειν</span> <span class='ocrx_word' id='word_1_169' title='bbox 682 2326 769 2404; x_wconf 77' lang='grc' dir='ltr'>ψῆφον</span> <span class='ocrx_word' id='word_1_170' title='bbox 788 2321 849 2390; x_wconf 75' lang='grc' dir='ltr'>τοὺς</span> <span class='ocrx_word' id='word_1_171' title='bbox 871 2321 902 2383; x_wconf 88' lang='grc' dir='ltr'><strong>τδ</strong></span> <span class='ocrx_word' id='word_1_172' title='bbox 914 2321 964 2401; x_wconf 88' lang='grc' dir='ltr'><strong>μέ-</strong></span> 
     </span>
     <span class='ocr_line' id='line_1_24' title="bbox 183 2409 964 2491; baseline 0.001 -23"><span class='ocrx_word' id='word_1_173' title='bbox 183 2432 273 2489; x_wconf 90' lang='grc' dir='ltr'>γιστον</span> <span class='ocrx_word' id='word_1_174' title='bbox 286 2410 396 2490; x_wconf 82' lang='grc' dir='ltr'>ἔχοντας</span> <span class='ocrx_word' id='word_1_175' title='bbox 409 2409 514 2488; x_wconf 86' lang='grc' dir='ltr'>τίμημα</span> <span class='ocrx_word' id='word_1_176' title='bbox 528 2410 632 2491; x_wconf 90' lang='grc' dir='ltr'>λόχους,</span> <span class='ocrx_word' id='word_1_177' title='bbox 644 2412 748 2478; x_wconf 88' lang='grc' dir='ltr'>πλείους</span> <span class='ocrx_word' id='word_1_178' title='bbox 763 2410 810 2488; x_wconf 75' lang='grc' dir='ltr'>μὲν</span> <span class='ocrx_word' id='word_1_179' title='bbox 821 2410 898 2478; x_wconf 79' lang='grc' dir='ltr'>ὄντας</span> <span class='ocrx_word' id='word_1_180' title='bbox 911 2414 964 2471; x_wconf 85' lang='grc' dir='ltr'><strong>τῶν</strong></span> 
     </span>
     <span class='ocr_line' id='line_1_25' title="bbox 181 2497 964 2581; baseline -0.001 -21"><span class='ocrx_word' id='word_1_181' title='bbox 181 2497 407 2576; x_wconf 76' lang='grc' dir='ltr'>ἀπολειπομένων,</span> <span class='ocrx_word' id='word_1_182' title='bbox 430 2500 557 2559; x_wconf 86' lang='grc' dir='ltr'>έλάττονα</span> <span class='ocrx_word' id='word_1_183' title='bbox 569 2501 592 2558; x_wconf 84' lang='grc' dir='ltr'><strong>δ’</strong></span> <span class='ocrx_word' id='word_1_184' title='bbox 604 2500 713 2581; x_wconf 79' lang='grc' dir='ltr'>ἀριθμόν</span> <span class='ocrx_word' id='word_1_185' title='bbox 727 2497 869 2580; x_wconf 78' lang='grc' dir='ltr'>ἀνθρώπων</span> <span class='ocrx_word' id='word_1_186' title='bbox 890 2498 964 2580; x_wconf 80' lang='grc' dir='ltr'>ίχον·</span> 
     </span>
     <span class='ocr_line' id='line_1_26' title="bbox 126 2585 962 2671; baseline 0 -25"><span class='ocrx_word' id='word_1_187' title='bbox 126 2625 155 2665; x_wconf 68' lang='lat'><strong>2,</strong></span> <span class='ocrx_word' id='word_1_188' title='bbox 179 2608 245 2664; x_wconf 88' lang='grc' dir='ltr'>τας,</span> <span class='ocrx_word' id='word_1_189' title='bbox 266 2586 383 2663; x_wconf 89' lang='grc' dir='ltr'>μάλιστα</span> <span class='ocrx_word' id='word_1_190' title='bbox 404 2585 432 2646; x_wconf 79' lang='grc' dir='ltr'><strong>δὲ</strong></span> <span class='ocrx_word' id='word_1_191' title='bbox 447 2589 485 2668; x_wconf 78' lang='grc' dir='ltr'><strong>τῷ</strong></span> <span class='ocrx_word' id='word_1_192' title='bbox 500 2588 559 2656; x_wconf 80' lang='grc' dir='ltr'>τοὺς</span> <span class='ocrx_word' id='word_1_193' title='bbox 575 2588 688 2668; x_wconf 80' lang='grc' dir='ltr'>ἀπόρους</span> <span class='ocrx_word' id='word_1_194' title='bbox 706 2589 770 2665; x_wconf 90' lang='grc' dir='ltr'>μίαν</span> <span class='ocrx_word' id='word_1_195' title='bbox 788 2592 874 2671; x_wconf 81' lang='grc' dir='ltr'>ψῆφον</span> <span class='ocrx_word' id='word_1_196' title='bbox 892 2588 962 2669; x_wconf 84' lang='grc' dir='ltr'>ἔχειν</span> 
     </span>
     <span class='ocr_line' id='line_1_27' title="bbox 180 2675 962 2756; baseline 0 -20"><span class='ocrx_word' id='word_1_197' title='bbox 180 2675 292 2743; x_wconf 81' lang='grc' dir='ltr'>πολλοὺς</span> <span class='ocrx_word' id='word_1_198' title='bbox 302 2676 380 2742; x_wconf 82' lang='grc' dir='ltr'>ὄντας</span> <span class='ocrx_word' id='word_1_199' title='bbox 393 2677 440 2736; x_wconf 83' lang='grc' dir='ltr'><strong>καὶ</strong></span> <span class='ocrx_word' id='word_1_200' title='bbox 448 2679 614 2744; x_wconf 83' lang='grc' dir='ltr'>τελευταίους</span> <span class='ocrx_word' id='word_1_201' title='bbox 624 2681 773 2739; x_wconf 83' lang='grc' dir='ltr'>καλεῖσθαι.</span> <span class='ocrx_word' id='word_1_202' title='bbox 815 2678 962 2756; x_wconf 83' lang='grc' dir='ltr'>Γενομένου</span> 
     </span>
     <span class='ocr_line' id='line_1_28' title="bbox 180 2765 961 2844; baseline 0.001 -19"><span class='ocrx_word' id='word_1_203' title='bbox 180 2767 208 2826; x_wconf 85' lang='grc' dir='ltr'>δί</span> <span class='ocrx_word' id='word_1_204' title='bbox 222 2766 326 2842; x_wconf 85' lang='grc' dir='ltr'>τούτου,</span> <span class='ocrx_word' id='word_1_205' title='bbox 340 2774 393 2833; x_wconf 89' lang='grc' dir='ltr'>τοῖς</span> <span class='ocrx_word' id='word_1_206' title='bbox 410 2765 459 2843; x_wconf 78' lang='grc' dir='ltr'>μὲν</span> <span class='ocrx_word' id='word_1_207' title='bbox 473 2766 608 2834; x_wconf 89' lang='grc' dir='ltr'>πλουσίοις</span> <span class='ocrx_word' id='word_1_208' title='bbox 622 2776 675 2836; x_wconf 84' lang='grc' dir='ltr'>τοῖς</span> <span class='ocrx_word' id='word_1_209' title='bbox 690 2769 778 2827; x_wconf 76' lang='grc' dir='ltr'>πολλὰ</span> <span class='ocrx_word' id='word_1_210' title='bbox 800 2766 961 2844; x_wconf 86' lang='grc' dir='ltr'>δαπανωμέ-</span> 
     </span>
     <span class='ocr_line' id='line_1_29' title="bbox 179 2853 961 2932; baseline 0.003 -19"><span class='ocrx_word' id='word_1_211' title='bbox 179 2879 233 2923; x_wconf 95' lang='grc' dir='ltr'>νοις</span> <span class='ocrx_word' id='word_1_212' title='bbox 243 2855 289 2914; x_wconf 82' lang='grc' dir='ltr'><strong>καί</strong></span> <span class='ocrx_word' id='word_1_213' title='bbox 302 2853 435 2931; x_wconf 86' lang='grc' dir='ltr'>μηδεμίαν</span> <span class='ocrx_word' id='word_1_214' title='bbox 448 2855 596 2916; x_wconf 78' lang='grc' dir='ltr'>ἀνάπαυσιν</span> <span class='ocrx_word' id='word_1_215' title='bbox 608 2860 660 2916; x_wconf 80' lang='grc' dir='ltr'><strong>τῶν</strong></span> <span class='ocrx_word' id='word_1_216' title='bbox 671 2858 822 2932; x_wconf 86' lang='grc' dir='ltr'>πολεμικῶν</span> <span class='ocrx_word' id='word_1_217' title='bbox 836 2856 961 2915; x_wconf 84' lang='grc' dir='ltr'>κινδύνων</span> 
     </span>
     <span class='ocr_line' id='line_1_30' title="bbox 179 2937 961 3026; baseline 0.003 -22"><span class='ocrx_word' id='word_1_218' title='bbox 179 2945 363 3023; x_wconf 73' lang='grc' dir='ltr'>λαμθάνουσιν</span> <span class='ocrx_word' id='word_1_219' title='bbox 375 2937 455 3018; x_wconf 68' lang='grc' dir='ltr'>ἧττον</span> <span class='ocrx_word' id='word_1_220' title='bbox 471 2945 554 3025; x_wconf 85' lang='grc' dir='ltr'>εἰτήει</span> <span class='ocrx_word' id='word_1_221' title='bbox 569 2948 743 3026; x_wconf 82' lang='grc' dir='ltr'>βαρύνεσθαι,</span> <span class='ocrx_word' id='word_1_222' title='bbox 758 2947 857 3026; x_wconf 86' lang='grc' dir='ltr'>κυρίοις</span> <span class='ocrx_word' id='word_1_223' title='bbox 871 2971 899 3006; x_wconf 90' lang='grc' dir='ltr'><strong>τε</strong></span> <span class='ocrx_word' id='word_1_224' title='bbox 912 2969 961 3024; x_wconf 89' lang='grc' dir='ltr'><strong>γε-</strong></span> 
     </span>
     <span class='ocr_line' id='line_1_31' title="bbox 124 3034 961 3116; baseline -0.002 -22"><span class='ocrx_word' id='word_1_225' title='bbox 124 3069 153 3110; x_wconf 70' lang='lat'><strong>30</strong></span> <span class='ocrx_word' id='word_1_226' title='bbox 180 3035 270 3114; x_wconf 90' lang='grc' dir='ltr'>γονόσι</span> <span class='ocrx_word' id='word_1_227' title='bbox 282 3040 335 3095; x_wconf 86' lang='grc' dir='ltr'><strong>τῶν</strong></span> <span class='ocrx_word' id='word_1_228' title='bbox 356 3035 488 3114; x_wconf 88' lang='grc' dir='ltr'>μεγίστων</span> <span class='ocrx_word' id='word_1_229' title='bbox 503 3035 548 3093; x_wconf 87' lang='grc' dir='ltr'><strong>καί</strong></span> <span class='ocrx_word' id='word_1_230' title='bbox 563 3043 617 3092; x_wconf 76' lang='grc' dir='ltr'>πᾶν</span> <span class='ocrx_word' id='word_1_231' title='bbox 628 3035 659 3094; x_wconf 79' lang='grc' dir='ltr'><strong>τὸ</strong></span> <span class='ocrx_word' id='word_1_232' title='bbox 675 3034 771 3114; x_wconf 85' lang='grc' dir='ltr'>κράτος</span> <span class='ocrx_word' id='word_1_233' title='bbox 785 3035 961 3116; x_wconf 77' lang='grc' dir='ltr'>ἀφῃρημένοις</span> 
     </span>
     <span class='ocr_line' id='line_1_32' title="bbox 180 3120 960 3199; baseline -0.004 -15"><span class='ocrx_word' id='word_1_234' title='bbox 180 3127 233 3184; x_wconf 80' lang='grc' dir='ltr'><strong>τῶν</strong></span> <span class='ocrx_word' id='word_1_235' title='bbox 252 3122 290 3199; x_wconf 80' lang='grc' dir='ltr'>μή</span> <span class='ocrx_word' id='word_1_236' title='bbox 300 3124 333 3183; x_wconf 80' lang='grc' dir='ltr'><strong>τά</strong></span> <span class='ocrx_word' id='word_1_237' title='bbox 347 3123 413 3182; x_wconf 77' lang='grc' dir='ltr'>αὐτὰ</span> <span class='ocrx_word' id='word_1_238' title='bbox 435 3120 578 3182; x_wconf 82' lang='grc' dir='ltr'>ποιούντων</span> <span class='ocrx_word' id='word_1_239' title='bbox 590 3147 596 3159; x_wconf 93' lang='grc'>·</span> <span class='ocrx_word' id='word_1_240' title='bbox 609 3131 663 3190; x_wconf 89' lang='grc' dir='ltr'>τοῖς</span> <span class='ocrx_word' id='word_1_241' title='bbox 675 3121 703 3182; x_wconf 78' lang='grc' dir='ltr'>δέ</span> <span class='ocrx_word' id='word_1_242' title='bbox 721 3122 818 3193; x_wconf 90' lang='grc' dir='ltr'>πένησι</span> <span class='ocrx_word' id='word_1_243' title='bbox 826 3125 878 3189; x_wconf 86' lang='grc' dir='ltr'>τοῖς</span> <span class='ocrx_word' id='word_1_244' title='bbox 893 3125 960 3182; x_wconf 89' lang='grc' dir='ltr'>πολ·</span> 
     </span>
     <span class='ocr_line' id='line_1_33' title="bbox 180 3212 960 3293; baseline -0.001 -21"><span class='ocrx_word' id='word_1_245' title='bbox 180 3212 277 3284; x_wconf 78' lang='grc' dir='ltr'>ληστήν</span> <span class='ocrx_word' id='word_1_246' title='bbox 292 3213 382 3293; x_wconf 84' lang='grc' dir='ltr'>έχουσι</span> <span class='ocrx_word' id='word_1_247' title='bbox 395 3215 447 3271; x_wconf 83' lang='grc' dir='ltr'><strong>τῶν</strong></span> <span class='ocrx_word' id='word_1_248' title='bbox 470 3215 613 3272; x_wconf 80' lang='grc' dir='ltr'>πολιτικῶν</span> <span class='ocrx_word' id='word_1_249' title='bbox 632 3221 727 3292; x_wconf 90' lang='grc' dir='ltr'>μοῖραν</span> <span class='ocrx_word' id='word_1_250' title='bbox 743 3213 901 3292; x_wconf 86' lang='grc' dir='ltr'>εὐλογίστως</span> <span class='ocrx_word' id='word_1_251' title='bbox 914 3212 960 3273; x_wconf 84' lang='grc' dir='ltr'><strong>καὶ</strong></span> 
     </span>
     <span class='ocr_line' id='line_1_34' title="bbox 183 3301 960 3386; baseline -0.001 -25"><span class='ocrx_word' id='word_1_252' title='bbox 183 3301 276 3386; x_wconf 80' lang='grc' dir='ltr'>πρφίως</span> <span class='ocrx_word' id='word_1_253' title='bbox 297 3303 385 3384; x_wconf 87' lang='grc' dir='ltr'>φέρειν</span> <span class='ocrx_word' id='word_1_254' title='bbox 401 3301 448 3376; x_wconf 76' lang='grc' dir='ltr'><strong>τήν</strong></span> <span class='ocrx_word' id='word_1_255' title='bbox 466 3305 493 3362; x_wconf 77' lang='grc' dir='ltr'><strong>ἐν</strong></span> <span class='ocrx_word' id='word_1_256' title='bbox 509 3301 611 3370; x_wconf 84' lang='grc' dir='ltr'>τούτοις</span> <span class='ocrx_word' id='word_1_257' title='bbox 632 3302 797 3381; x_wconf 80' lang='grc' dir='ltr'>ἐλάττωσιν,</span> <span class='ocrx_word' id='word_1_258' title='bbox 813 3302 960 3383; x_wconf 80' lang='grc' dir='ltr'>ἀφειμένοις</span> 
     </span>
     <span class='ocr_line' id='line_1_35' title="bbox 178 3391 960 3473; baseline 0.001 -22"><span class='ocrx_word' id='word_1_259' title='bbox 178 3397 231 3452; x_wconf 80' lang='grc' dir='ltr'>τιῖιν</span> <span class='ocrx_word' id='word_1_260' title='bbox 252 3395 380 3473; x_wconf 82' lang='grc' dir='ltr'>εἰσφορῶν</span> <span class='ocrx_word' id='word_1_261' title='bbox 400 3391 445 3453; x_wconf 82' lang='grc' dir='ltr'><strong>καὶ</strong></span> <span class='ocrx_word' id='word_1_262' title='bbox 464 3394 516 3451; x_wconf 81' lang='grc' dir='ltr'><strong>τῶν</strong></span> <span class='ocrx_word' id='word_1_263' title='bbox 534 3396 695 3472; x_wconf 80' lang='grc' dir='ltr'>στρατειῶν·</span> <span class='ocrx_word' id='word_1_264' title='bbox 710 3397 743 3472; x_wconf 84' lang='grc' dir='ltr'><strong>τῇ</strong></span> <span class='ocrx_word' id='word_1_265' title='bbox 760 3391 788 3450; x_wconf 76' lang='grc' dir='ltr'><strong>δὲ</strong></span> <span class='ocrx_word' id='word_1_266' title='bbox 811 3392 886 3451; x_wconf 88' lang='grc' dir='ltr'>πόλει</span> <span class='ocrx_word' id='word_1_267' title='bbox 900 3391 960 3462; x_wconf 78' lang='grc' dir='ltr'>τοὺς</span> 
     </span>
     <span class='ocr_line' id='line_1_36' title="bbox 122 3480 958 3561; baseline 0.001 -20"><span class='ocrx_word' id='word_1_268' title='bbox 122 3512 151 3551; x_wconf 67' lang='lat' dir='ltr'><strong>nn</strong></span> <span class='ocrx_word' id='word_1_269' title='bbox 179 3481 272 3549; x_wconf 79' lang='grc' dir='ltr'>αὐτοὺς</span> <span class='ocrx_word' id='word_1_270' title='bbox 286 3483 355 3561; x_wconf 88' lang='grc' dir='ltr'>ἔχειν</span> <span class='ocrx_word' id='word_1_271' title='bbox 367 3480 427 3548; x_wconf 89' lang='grc' dir='ltr'>τούς</span> <span class='ocrx_word' id='word_1_272' title='bbox 445 3505 474 3540; x_wconf 90' lang='grc' dir='ltr'><strong>τε</strong></span> <span class='ocrx_word' id='word_1_273' title='bbox 486 3481 705 3561; x_wconf 88' lang='grc' dir='ltr'>βουλευσομένους</span> <span class='ocrx_word' id='word_1_274' title='bbox 717 3481 783 3561; x_wconf 75' lang='grc' dir='ltr'>ὑπὲρ</span> <span class='ocrx_word' id='word_1_275' title='bbox 798 3483 877 3554; x_wconf 71' lang='grc' dir='ltr'>αἰτῇς</span> <span class='ocrx_word' id='word_1_276' title='bbox 892 3483 908 3541; x_wconf 83' lang='grc' dir='ltr'>δ</span> <span class='ocrx_word' id='word_1_277' title='bbox 921 3484 958 3543; x_wconf 91' lang='grc' dir='ltr'>δεῖ</span> 
     </span>
     <span class='ocr_line' id='line_1_37' title="bbox 178 3570 958 3648; baseline -0.003 -16"><span class='ocrx_word' id='word_1_278' title='bbox 178 3573 223 3632; x_wconf 87' lang='grc' dir='ltr'>καί</span> <span class='ocrx_word' id='word_1_279' title='bbox 237 3572 297 3638; x_wconf 75' lang='grc' dir='ltr'>τοὺς</span> <span class='ocrx_word' id='word_1_280' title='bbox 308 3575 361 3630; x_wconf 84' lang='grc' dir='ltr'><strong>τῶν</strong></span> <span class='ocrx_word' id='word_1_281' title='bbox 379 3570 504 3630; x_wconf 80' lang='grc' dir='ltr'>κινδύνοιν</span> <span class='ocrx_word' id='word_1_282' title='bbox 520 3574 642 3632; x_wconf 86' lang='grc' dir='ltr'>πλεῖστον</span> <span class='ocrx_word' id='word_1_283' title='bbox 666 3574 718 3630; x_wconf 83' lang='grc' dir='ltr'><strong>τῶν</strong></span> <span class='ocrx_word' id='word_1_284' title='bbox 739 3571 826 3630; x_wconf 78' lang='grc' dir='ltr'>ἄλλοιν</span> <span class='ocrx_word' id='word_1_285' title='bbox 841 3573 958 3648; x_wconf 87' lang='grc' dir='ltr'>μιταλα-</span> 
     </span>
     <span class='ocr_line' id='line_1_38' title="bbox 177 3650 957 3740; baseline 0 -22"><span class='ocrx_word' id='word_1_286' title='bbox 177 3661 273 3740; x_wconf 89' lang='grc' dir='ltr'>χόντας</span> <span class='ocrx_word' id='word_1_287' title='bbox 284 3657 330 3717; x_wconf 81' lang='grc' dir='ltr'><strong>καὶ</strong></span> <span class='ocrx_word' id='word_1_288' title='bbox 349 3657 494 3737; x_wconf 73' lang='grc' dir='ltr'>πράξοντας</span> <span class='ocrx_word' id='word_1_289' title='bbox 507 3657 556 3718; x_wconf 81' lang='grc' dir='ltr'>ὅσα</span> <span class='ocrx_word' id='word_1_290' title='bbox 571 3661 621 3720; x_wconf 90' lang='grc' dir='ltr'>δεῖ.</span> <span class='ocrx_word' id='word_1_291' title='bbox 667 3650 752 3726; x_wconf 77' lang='grc' dir='ltr'>Οθτος</span> <span class='ocrx_word' id='word_1_292' title='bbox 770 3662 784 3718; x_wconf 89' lang='grc' dir='ltr'>θ</span> <span class='ocrx_word' id='word_1_293' title='bbox 803 3659 901 3736; x_wconf 89' lang='grc' dir='ltr'>κόσμος</span> <span class='ocrx_word' id='word_1_294' title='bbox 912 3663 957 3719; x_wconf 82' lang='grc' dir='ltr'><strong>τοῦ</strong></span> 
     </span>
     <span class='ocr_line' id='line_1_39' title="bbox 178 3745 958 3827; baseline 0 -22"><span class='ocrx_word' id='word_1_295' title='bbox 178 3746 369 3823; x_wconf 84' lang='grc' dir='ltr'>πολιτεύματος</span> <span class='ocrx_word' id='word_1_296' title='bbox 380 3745 422 3804; x_wconf 80' lang='grc' dir='ltr'>ἰπὶ</span> <span class='ocrx_word' id='word_1_297' title='bbox 433 3746 531 3814; x_wconf 78' lang='grc' dir='ltr'>πολλὰς</span> <span class='ocrx_word' id='word_1_298' title='bbox 542 3749 653 3823; x_wconf 83' lang='grc' dir='ltr'>διέμεινε</span> <span class='ocrx_word' id='word_1_299' title='bbox 662 3747 753 3826; x_wconf 88' lang='grc' dir='ltr'>γενεδις</span> <span class='ocrx_word' id='word_1_300' title='bbox 765 3747 958 3827; x_wconf 74' lang='grc' dir='ltr'>φυλαττόμενος</span> 
     </span>
     <span class='ocr_line' id='line_1_40' title="bbox 178 3834 956 3914; baseline 0.003 -22"><span class='ocrx_word' id='word_1_301' title='bbox 178 3835 230 3893; x_wconf 86' lang='grc' dir='ltr'>θπδ</span> <span class='ocrx_word' id='word_1_302' title='bbox 243 3834 402 3909; x_wconf 82' lang='grc' dir='ltr'>Ῥωμαίων·</span> <span class='ocrx_word' id='word_1_303' title='bbox 413 3837 439 3893; x_wconf 80' lang='grc' dir='ltr'><strong>ἐν</strong></span> <span class='ocrx_word' id='word_1_304' title='bbox 450 3834 477 3893; x_wconf 80' lang='grc' dir='ltr'><strong>δὲ</strong></span> <span class='ocrx_word' id='word_1_305' title='bbox 488 3843 541 3902; x_wconf 87' lang='grc' dir='ltr'>τοῖς</span> <span class='ocrx_word' id='word_1_306' title='bbox 550 3838 609 3895; x_wconf 84' lang='grc' dir='ltr'>καθ’</span> <span class='ocrx_word' id='word_1_307' title='bbox 623 3841 695 3912; x_wconf 73' lang='grc' dir='ltr'>ἡμᾶς</span> <span class='ocrx_word' id='word_1_308' title='bbox 705 3836 843 3906; x_wconf 86' lang='grc' dir='ltr'>κεκίνηται</span> <span class='ocrx_word' id='word_1_309' title='bbox 854 3834 956 3914; x_wconf 86' lang='grc' dir='ltr'>χρόνοις</span> 
     </span>
     <span class='ocr_line' id='line_1_41' title="bbox 122 3922 956 4005; baseline 0.001 -24"><span class='ocrx_word' id='word_1_310' title='bbox 122 3961 150 4001; x_wconf 82' lang='lat' dir='ltr'><strong>tu</strong></span> <span class='ocrx_word' id='word_1_311' title='bbox 178 3923 224 3982; x_wconf 82' lang='grc' dir='ltr'><strong>καί</strong></span> <span class='ocrx_word' id='word_1_312' title='bbox 232 3922 431 3999; x_wconf 81' lang='grc' dir='ltr'>μεταόέόληκεν</span> <span class='ocrx_word' id='word_1_313' title='bbox 441 3925 477 3991; x_wconf 91' lang='grc' dir='ltr'><strong>εἰς</strong></span> <span class='ocrx_word' id='word_1_314' title='bbox 492 3923 523 3983; x_wconf 86' lang='grc' dir='ltr'><strong>τδ</strong></span> <span class='ocrx_word' id='word_1_315' title='bbox 534 3922 745 4005; x_wconf 86' lang='grc' dir='ltr'>δημοτικώτερον</span> <span class='ocrx_word' id='word_1_316' title='bbox 763 3922 891 3999; x_wconf 78' lang='grc' dir='ltr'>ἀνάγκαις</span> <span class='ocrx_word' id='word_1_317' title='bbox 902 3924 956 3982; x_wconf 85' lang='grc' dir='ltr'>τισὶ</span> 
     </span>
     <span class='ocr_line' id='line_1_42' title="bbox 180 4009 956 4092; baseline 0.001 -23"><span class='ocrx_word' id='word_1_318' title='bbox 180 4009 296 4090; x_wconf 77' lang='grc' dir='ltr'>βιασθεὶς</span> <span class='ocrx_word' id='word_1_319' title='bbox 308 4015 437 4089; x_wconf 84' lang='grc' dir='ltr'>ἰσχυραῖς,</span> <span class='ocrx_word' id='word_1_320' title='bbox 450 4015 541 4071; x_wconf 85' lang='grc' dir='ltr'>αὐτῶν</span> <span class='ocrx_word' id='word_1_321' title='bbox 554 4012 642 4092; x_wconf 93' lang='grc' dir='ltr'>λόχων</span> <span class='ocrx_word' id='word_1_322' title='bbox 661 4010 874 4079; x_wconf 81' lang='grc' dir='ltr'>καταλυθέντων,</span> <span class='ocrx_word' id='word_1_323' title='bbox 886 4011 956 4070; x_wconf 77' lang='grc' dir='ltr'>ἀλλὰ</span> 
     </span>
     <span class='ocr_line' id='line_1_43' title="bbox 176 4096 955 4181; baseline 0 -26"><span class='ocrx_word' id='word_1_324' title='bbox 176 4103 224 4171; x_wconf 75' lang='grc' dir='ltr'><strong>τῆς</strong></span> <span class='ocrx_word' id='word_1_325' title='bbox 247 4096 365 4169; x_wconf 81' lang='grc' dir='ltr'>κλήσεως</span> <span class='ocrx_word' id='word_1_326' title='bbox 391 4101 477 4158; x_wconf 81' lang='grc' dir='ltr'>αὐτῶν</span> <span class='ocrx_word' id='word_1_327' title='bbox 499 4099 587 4161; x_wconf 81' lang='grc' dir='ltr'>οὐκέτι</span> <span class='ocrx_word' id='word_1_328' title='bbox 604 4099 652 4173; x_wconf 80' lang='grc' dir='ltr'><strong>τήν</strong></span> <span class='ocrx_word' id='word_1_329' title='bbox 678 4097 792 4181; x_wconf 76' lang='grc' dir='ltr'>ἀρχαίαν</span> <span class='ocrx_word' id='word_1_330' title='bbox 819 4097 955 4177; x_wconf 79' lang='grc' dir='ltr'>ἀκρίὸεισν</span> 
     </span>
     <span class='ocr_line' id='line_1_44' title="bbox 178 4186 955 4270; baseline 0.003 -25"><span class='ocrx_word' id='word_1_331' title='bbox 178 4186 375 4267; x_wconf 84' lang='grc' dir='ltr'>φυλαττούσης,</span> <span class='ocrx_word' id='word_1_332' title='bbox 392 4190 428 4254; x_wconf 85' lang='grc' dir='ltr'>ὡς</span> <span class='ocrx_word' id='word_1_333' title='bbox 438 4186 520 4265; x_wconf 77' lang='grc' dir='ltr'>ἔγνων</span> <span class='ocrx_word' id='word_1_334' title='bbox 530 4198 588 4256; x_wconf 86' lang='grc' dir='ltr'>ταῖς</span> <span class='ocrx_word' id='word_1_335' title='bbox 601 4188 782 4270; x_wconf 81' lang='grc' dir='ltr'>ἀρχαιρεσίαις</span> <span class='ocrx_word' id='word_1_336' title='bbox 792 4188 878 4246; x_wconf 80' lang='grc' dir='ltr'>αὐτῶν</span> <span class='ocrx_word' id='word_1_337' title='bbox 890 4190 955 4247; x_wconf 88' lang='grc' dir='ltr'>πυλ-</span> 
     </span>
     <span class='ocr_line' id='line_1_45' title="bbox 178 4273 955 4356; baseline 0.001 -21"><span class='ocrx_word' id='word_1_338' title='bbox 178 4274 254 4341; x_wconf 89' lang='grc' dir='ltr'>λάκις</span> <span class='ocrx_word' id='word_1_339' title='bbox 268 4274 371 4355; x_wconf 78' lang='grc' dir='ltr'>παρών.</span> <span class='ocrx_word' id='word_1_340' title='bbox 414 4274 484 4336; x_wconf 84' lang='grc' dir='ltr'>Ἀλλ’</span> <span class='ocrx_word' id='word_1_341' title='bbox 499 4277 565 4356; x_wconf 79' lang='grc' dir='ltr'>ὑπὲρ</span> <span class='ocrx_word' id='word_1_342' title='bbox 581 4278 629 4354; x_wconf 80' lang='grc' dir='ltr'><strong>μέν</strong></span> <span class='ocrx_word' id='word_1_343' title='bbox 648 4277 745 4338; x_wconf 86' lang='grc' dir='ltr'>τούτων</span> <span class='ocrx_word' id='word_1_344' title='bbox 771 4278 847 4356; x_wconf 87' lang='grc' dir='ltr'>οὐχθ</span> <span class='ocrx_word' id='word_1_345' title='bbox 863 4273 955 4356; x_wconf 86' lang='grc' dir='ltr'>παρών</span> 
     </span>
     <span class='ocr_line' id='line_1_46' title="bbox 120 4370 593 4452; baseline 0.011 -23"><span class='ocrx_word' id='word_1_346' title='bbox 120 4389 148 4429; x_wconf 80' lang='lat' dir='ltr'><strong>ta</strong></span> <span class='ocrx_word' id='word_1_347' title='bbox 176 4370 265 4450; x_wconf 79' lang='grc' dir='ltr'>καιρὸς</span> <span class='ocrx_word' id='word_1_348' title='bbox 278 4371 415 4447; x_wconf 60' lang='grc' dir='ltr'>ἁρμόττων</span> <span class='ocrx_word' id='word_1_349' title='bbox 431 4380 484 4439; x_wconf 89' lang='grc' dir='ltr'>τοῖς</span> <span class='ocrx_word' id='word_1_350' title='bbox 496 4374 593 4452; x_wconf 89' lang='grc' dir='ltr'>λόγοις.</span> 
     </span>
    </p>

    <p class='ocr_par' dir='ltr' id='par_1_7' title="bbox 175 4452 955 4810">
     <span class='ocr_line' id='line_1_47' title="bbox 217 4452 955 4535; baseline 0.001 -13"><span class='ocrx_word' id='word_1_351' title='bbox 217 4463 308 4523; x_wconf 85' lang='lat' dir='ltr'><strong>XXll.</strong></span> <span class='ocrx_word' id='word_1_352' title='bbox 329 4459 397 4520; x_wconf 88' lang='grc' dir='ltr'>Τότε</span> <span class='ocrx_word' id='word_1_353' title='bbox 422 4452 502 4520; x_wconf 77' lang='grc' dir='ltr'>δὀθν</span> <span class='ocrx_word' id='word_1_354' title='bbox 520 4462 782 4535; x_wconf 74' lang='grc' dir='ltr'><strong>θ’1’ύλλιος,ἔπειδι“ιΙ</strong></span> <span class='ocrx_word' id='word_1_355' title='bbox 802 4462 901 4533; x_wconf 80' lang='grc' dir='ltr'>διέταξε</span> <span class='ocrx_word' id='word_1_356' title='bbox 924 4463 955 4523; x_wconf 82' lang='grc' dir='ltr'><strong>τὸ</strong></span> 
     </span>
     <span class='ocr_line' id='line_1_48' title="bbox 176 4548 955 4631; baseline -0.001 -20"><span class='ocrx_word' id='word_1_357' title='bbox 176 4550 238 4631; x_wconf 88' lang='grc' dir='ltr'><strong>πιρί</strong></span> <span class='ocrx_word' id='word_1_358' title='bbox 255 4551 301 4618; x_wconf 72' lang='grc' dir='ltr'><strong>τὰς</strong></span> <span class='ocrx_word' id='word_1_359' title='bbox 323 4548 455 4626; x_wconf 85' lang='grc' dir='ltr'>τιμήσεις,</span> <span class='ocrx_word' id='word_1_360' title='bbox 479 4551 605 4618; x_wconf 86' lang='grc' dir='ltr'>κελεύσας</span> <span class='ocrx_word' id='word_1_361' title='bbox 632 4550 691 4619; x_wconf 77' lang='grc' dir='ltr'>τοὺς</span> <span class='ocrx_word' id='word_1_362' title='bbox 713 4553 823 4620; x_wconf 89' lang='grc' dir='ltr'>πολίτας</span> <span class='ocrx_word' id='word_1_363' title='bbox 838 4551 955 4618; x_wconf 83' lang='grc' dir='ltr'>ἅπαντας</span> 
     </span>
     <span class='ocr_line' id='line_1_49' title="bbox 176 4637 953 4720; baseline -0.004 -20"><span class='ocrx_word' id='word_1_364' title='bbox 176 4642 309 4702; x_wconf 87' lang='grc' dir='ltr'>συνελθεῖν</span> <span class='ocrx_word' id='word_1_365' title='bbox 324 4641 359 4705; x_wconf 86' lang='grc' dir='ltr'><strong>εἷς</strong></span> <span class='ocrx_word' id='word_1_366' title='bbox 374 4637 404 4696; x_wconf 86' lang='grc' dir='ltr'><strong>τὸ</strong></span> <span class='ocrx_word' id='word_1_367' title='bbox 416 4637 539 4715; x_wconf 88' lang='grc' dir='ltr'>μέγιστον</span> <span class='ocrx_word' id='word_1_368' title='bbox 552 4643 603 4698; x_wconf 78' lang='grc' dir='ltr'><strong>τῶν</strong></span> <span class='ocrx_word' id='word_1_369' title='bbox 616 4641 667 4720; x_wconf 85' lang='grc' dir='ltr'><strong>πρὸ</strong></span> <span class='ocrx_word' id='word_1_370' title='bbox 685 4645 732 4713; x_wconf 76' lang='grc' dir='ltr'><strong>τῆς</strong></span> <span class='ocrx_word' id='word_1_371' title='bbox 744 4641 845 4708; x_wconf 89' lang='grc' dir='ltr'>πόλεως</span> <span class='ocrx_word' id='word_1_372' title='bbox 857 4641 953 4701; x_wconf 88' lang='grc' dir='ltr'>πεδίων</span> 
     </span>
     <span class='ocr_line' id='line_1_50' title="bbox 175 4727 952 4810; baseline -0.001 -20"><span class='ocrx_word' id='word_1_373' title='bbox 175 4729 283 4810; x_wconf 76' lang='grc' dir='ltr'>ἔχοντας</span> <span class='ocrx_word' id='word_1_374' title='bbox 294 4728 327 4788; x_wconf 74' lang='lat' dir='ltr'><strong>ad</strong></span> <span class='ocrx_word' id='word_1_375' title='bbox 339 4727 424 4799; x_wconf 80' lang='grc' dir='ltr'>ὅπλα,</span> <span class='ocrx_word' id='word_1_376' title='bbox 440 4729 485 4786; x_wconf 85' lang='grc' dir='ltr'><strong>καὶ</strong></span> <span class='ocrx_word' id='word_1_377' title='bbox 500 4727 581 4797; x_wconf 79' lang='grc' dir='ltr'>τάξας</span> <span class='ocrx_word' id='word_1_378' title='bbox 594 4728 653 4797; x_wconf 83' lang='grc' dir='ltr'>τούς</span> <span class='ocrx_word' id='word_1_379' title='bbox 664 4752 693 4788; x_wconf 92' lang='grc' dir='ltr'><strong>τε</strong></span> <span class='ocrx_word' id='word_1_380' title='bbox 702 4730 791 4798; x_wconf 81' lang='grc' dir='ltr'>ἱππεῖς</span> <span class='ocrx_word' id='word_1_381' title='bbox 805 4730 874 4791; x_wconf 84' lang='grc' dir='ltr'>κατδι</span> <span class='ocrx_word' id='word_1_382' title='bbox 889 4730 952 4801; x_wconf 89' lang='grc' dir='ltr'>τέλη</span> 
     </span>
    </p>

    <p class='ocr_par' dir='ltr' id='par_1_8' title="bbox 121 4816 954 5254">
     <span class='ocr_line' id='line_1_51' title="bbox 121 4816 953 4900; baseline -0.004 -22"><span class='ocrx_word' id='word_1_383' title='bbox 121 4846 150 4884; x_wconf 76' lang='grc' dir='ltr'><strong>ιο</strong></span> <span class='ocrx_word' id='word_1_384' title='bbox 174 4821 220 4878; x_wconf 84' lang='grc' dir='ltr'><strong>καὶ</strong></span> <span class='ocrx_word' id='word_1_385' title='bbox 238 4819 297 4886; x_wconf 80' lang='grc' dir='ltr'>τοὺς</span> <span class='ocrx_word' id='word_1_386' title='bbox 309 4816 402 4887; x_wconf 80' lang='grc' dir='ltr'>πεζοὺς</span> <span class='ocrx_word' id='word_1_387' title='bbox 415 4821 441 4877; x_wconf 79' lang='grc' dir='ltr'><strong>ἐν</strong></span> <span class='ocrx_word' id='word_1_388' title='bbox 455 4817 572 4900; x_wconf 89' lang='grc' dir='ltr'>φάλαγγι</span> <span class='ocrx_word' id='word_1_389' title='bbox 588 4818 633 4878; x_wconf 86' lang='grc' dir='ltr'>καί</span> <span class='ocrx_word' id='word_1_390' title='bbox 647 4816 707 4885; x_wconf 76' lang='grc' dir='ltr'>τοὺς</span> <span class='ocrx_word' id='word_1_391' title='bbox 722 4818 897 4894; x_wconf 76' lang='grc' dir='ltr'>ἐσταλμένους</span> <span class='ocrx_word' id='word_1_392' title='bbox 908 4818 953 4877; x_wconf 84' lang='grc' dir='ltr'><strong>τὸν</strong></span> 
     </span>
     <span class='ocr_line' id='line_1_52' title="bbox 175 4908 954 4990; baseline 0.001 -27"><span class='ocrx_word' id='word_1_393' title='bbox 175 4908 279 4984; x_wconf 79' lang='grc' dir='ltr'>ψιλικόν</span> <span class='ocrx_word' id='word_1_394' title='bbox 290 4910 421 4986; x_wconf 83' lang='grc' dir='ltr'>ὁπλισμὸν</span> <span class='ocrx_word' id='word_1_395' title='bbox 440 4911 534 4974; x_wconf 82' lang='grc' dir='ltr'>ἐντοῖς</span> <span class='ocrx_word' id='word_1_396' title='bbox 549 4908 622 4976; x_wconf 89' lang='grc' dir='ltr'>ἰδίοις</span> <span class='ocrx_word' id='word_1_397' title='bbox 641 4909 768 4975; x_wconf 77' lang='grc' dir='ltr'>ἑκάστους</span> <span class='ocrx_word' id='word_1_398' title='bbox 782 4908 888 4990; x_wconf 89' lang='grc' dir='ltr'>λόχοις,</span> <span class='ocrx_word' id='word_1_399' title='bbox 904 4930 954 4966; x_wconf 91' lang='grc' dir='ltr'><strong>κα-</strong></span> 
     </span>
     <span class='ocr_line' id='line_1_53' title="bbox 175 4995 952 5079; baseline 0.005 -27"><span class='ocrx_word' id='word_1_400' title='bbox 175 4997 274 5072; x_wconf 82' lang='grc' dir='ltr'>θαρμὸν</span> <span class='ocrx_word' id='word_1_401' title='bbox 290 5000 375 5056; x_wconf 79' lang='grc' dir='ltr'>αὐτῶν</span> <span class='ocrx_word' id='word_1_402' title='bbox 392 4998 536 5069; x_wconf 80' lang='grc' dir='ltr'>ἐποιήσατο</span> <span class='ocrx_word' id='word_1_403' title='bbox 551 4998 641 5077; x_wconf 84' lang='grc' dir='ltr'>ταύρῳ</span> <span class='ocrx_word' id='word_1_404' title='bbox 656 4997 702 5057; x_wconf 87' lang='grc' dir='ltr'><strong>καὶ</strong></span> <span class='ocrx_word' id='word_1_405' title='bbox 714 5001 780 5078; x_wconf 81' lang='grc' dir='ltr'>κριῷ</span> <span class='ocrx_word' id='word_1_406' title='bbox 794 4998 839 5056; x_wconf 87' lang='grc' dir='ltr'>καί</span> <span class='ocrx_word' id='word_1_407' title='bbox 853 4995 952 5079; x_wconf 86' lang='grc' dir='ltr'>τράγῳ.</span> 
     </span>
     <span class='ocr_line' id='line_1_54' title="bbox 174 5080 953 5165; baseline -0.001 -23"><span class='ocrx_word' id='word_1_408' title='bbox 174 5080 217 5142; x_wconf 76' lang='lat' dir='ltr'><strong>Ti</strong></span> <span class='ocrx_word' id='word_1_409' title='bbox 230 5080 250 5137; x_wconf 88' lang='grc' dir='ltr'><strong>δ’</strong></span> <span class='ocrx_word' id='word_1_410' title='bbox 269 5085 351 5159; x_wconf 82' lang='grc' dir='ltr'>ἱερεῖα</span> <span class='ocrx_word' id='word_1_411' title='bbox 364 5092 449 5144; x_wconf 77' lang='grc' dir='ltr'>ταῦτα</span> <span class='ocrx_word' id='word_1_412' title='bbox 462 5088 517 5165; x_wconf 85' lang='grc' dir='ltr'>τρὶς</span> <span class='ocrx_word' id='word_1_413' title='bbox 537 5088 712 5165; x_wconf 81' lang='grc' dir='ltr'>περιαχθῆναι</span> <span class='ocrx_word' id='word_1_414' title='bbox 724 5083 786 5164; x_wconf 84' lang='grc' dir='ltr'>περλ</span> <span class='ocrx_word' id='word_1_415' title='bbox 798 5083 828 5143; x_wconf 87' lang='grc' dir='ltr'><strong>τδ</strong></span> <span class='ocrx_word' id='word_1_416' title='bbox 842 5080 953 5163; x_wconf 86' lang='grc' dir='ltr'>στρατό·</span> 
     </span>
     <span class='ocr_line' id='line_1_55' title="bbox 175 5169 950 5254; baseline -0.003 -24"><span class='ocrx_word' id='word_1_417' title='bbox 175 5169 255 5230; x_wconf 89' lang='grc' dir='ltr'>πεδον</span> <span class='ocrx_word' id='word_1_418' title='bbox 269 5171 410 5245; x_wconf 86' lang='grc' dir='ltr'>κελεύσας,</span> <span class='ocrx_word' id='word_1_419' title='bbox 420 5173 497 5232; x_wconf 78' lang='grc' dir='ltr'>ἔθυσε</span> <span class='ocrx_word' id='word_1_420' title='bbox 511 5179 546 5253; x_wconf 82' lang='grc' dir='ltr'><strong>τῷ</strong></span> <span class='ocrx_word' id='word_1_421' title='bbox 564 5173 703 5254; x_wconf 87' lang='grc' dir='ltr'>κατέχοντι</span> <span class='ocrx_word' id='word_1_422' title='bbox 718 5174 748 5233; x_wconf 79' lang='grc' dir='ltr'><strong>τό</strong></span> <span class='ocrx_word' id='word_1_423' title='bbox 759 5172 848 5232; x_wconf 88' lang='grc' dir='ltr'>πεδίον</span> <span class='ocrx_word' id='word_1_424' title='bbox 869 5169 950 5252; x_wconf 77' lang='grc' dir='ltr'>Ἄρει.</span> 
     </span>
    </p>
   </div>
   <div class='ocr_carea' id='block_1_3' title="bbox 709 333 1279 396">
    <p class='ocr_par' dir='ltr' id='par_1_9' title="bbox 709 333 1279 396">
     <span class='ocr_line' id='line_1_56' title="bbox 709 333 1279 396; baseline 0.004 -3"><span class='ocrx_word' id='word_1_425' title='bbox 709 333 881 395; x_wconf 86' lang='lat' dir='ltr'>DIONYSH</span> <span class='ocrx_word' id='word_1_426' title='bbox 903 333 1279 396; x_wconf 66' lang='lat' dir='ltr'><strong>flmicnuxnssuusts</strong></span> 
     </span>
    </p>
   </div>
   <div class='ocr_carea' id='block_1_4' title="bbox 1009 475 1863 4429">
    <p class='ocr_par' dir='ltr' id='par_1_10' title="bbox 1018 475 1803 1596">
     <span class='ocr_line' id='line_1_57' title="bbox 1021 475 1802 538; baseline 0.017 -15"><span class='ocrx_word' id='word_1_427' title='bbox 1021 478 1109 538; x_wconf 87' lang='lat' dir='ltr'><strong>quarto</strong></span> <span class='ocrx_word' id='word_1_428' title='bbox 1121 475 1175 525; x_wconf 91' lang='lat' dir='ltr'><strong>loco</strong></span> <span class='ocrx_word' id='word_1_429' title='bbox 1189 479 1286 538; x_wconf 67' lang='lat' dir='ltr'><strong>quarm</strong></span> <span class='ocrx_word' id='word_1_430' title='bbox 1295 476 1382 526; x_wconf 78' lang='lat' dir='ltr'><strong>classis</strong></span> <span class='ocrx_word' id='word_1_431' title='bbox 1396 478 1530 529; x_wconf 90' lang='lat' dir='ltr'><strong>centurias.</strong></span> <span class='ocrx_word' id='word_1_432' title='bbox 1564 481 1709 533; x_wconf 73' lang='lat' dir='ltr'><strong>nocentem</strong></span> <span class='ocrx_word' id='word_1_433' title='bbox 1724 482 1802 536; x_wconf 87' lang='lat' dir='ltr'><strong>tacie-</strong></span> 
     </span>
     <span class='ocr_line' id='line_1_58' title="bbox 1020 564 1801 634; baseline 0.015 -20"><span class='ocrx_word' id='word_1_434' title='bbox 1020 564 1078 625; x_wconf 88' lang='lat' dir='ltr'><strong>bat,</strong></span> <span class='ocrx_word' id='word_1_435' title='bbox 1088 565 1168 617; x_wconf 86' lang='lat' dir='ltr'><strong>donec</strong></span> <span class='ocrx_word' id='word_1_436' title='bbox 1181 567 1298 617; x_wconf 79' lang='lat' dir='ltr'><strong>centurias</strong></span> <span class='ocrx_word' id='word_1_437' title='bbox 1315 567 1445 631; x_wconf 75' lang='lat' dir='ltr'><strong>nonaginta</strong></span> <span class='ocrx_word' id='word_1_438' title='bbox 1460 573 1486 620; x_wconf 91' lang='lat' dir='ltr'><strong>et</strong></span> <span class='ocrx_word' id='word_1_439' title='bbox 1506 571 1602 634; x_wconf 86' lang='lat' dir='ltr'><strong>septem</strong></span> <span class='ocrx_word' id='word_1_440' title='bbox 1611 574 1801 627; x_wconf 87' lang='lat' dir='ltr'><strong>consensissent.</strong></span> 
     </span>
     <span class='ocr_line' id='line_1_59' title="bbox 1020 653 1801 725; baseline 0.014 -23"><span class='ocrx_word' id='word_1_441' title='bbox 1020 653 1094 711; x_wconf 84' lang='lat' dir='ltr'><strong>Quod</strong></span> <span class='ocrx_word' id='word_1_442' title='bbox 1108 655 1130 704; x_wconf 88' lang='lat' dir='ltr'><strong>ai</strong></span> <span class='ocrx_word' id='word_1_443' title='bbox 1145 668 1177 705; x_wconf 89' lang='lat' dir='ltr'><strong>ne</strong></span> <span class='ocrx_word' id='word_1_444' title='bbox 1195 658 1255 705; x_wconf 92' lang='lat' dir='ltr'><strong>tunc</strong></span> <span class='ocrx_word' id='word_1_445' title='bbox 1265 654 1382 718; x_wconf 88' lang='lat' dir='ltr'><strong>quidem,</strong></span> <span class='ocrx_word' id='word_1_446' title='bbox 1400 669 1458 706; x_wconf 88' lang='lat' dir='ltr'><strong>cnm</strong></span> <span class='ocrx_word' id='word_1_447' title='bbox 1472 657 1558 721; x_wconf 84' lang='lat' dir='ltr'><strong>quinta</strong></span> <span class='ocrx_word' id='word_1_448' title='bbox 1574 658 1660 711; x_wconf 88' lang='lat' dir='ltr'><strong>classis</strong></span> <span class='ocrx_word' id='word_1_449' title='bbox 1679 662 1801 725; x_wconf 79' lang='lat' dir='ltr'><strong>sutfragia</strong></span> 
     </span>
     <span class='ocr_line' id='line_1_60' title="bbox 1020 741 1801 815; baseline 0.014 -24"><span class='ocrx_word' id='word_1_450' title='bbox 1020 741 1120 793; x_wconf 86' lang='lat' dir='ltr'><strong>terenda</strong></span> <span class='ocrx_word' id='word_1_451' title='bbox 1135 746 1222 793; x_wconf 86' lang='lat' dir='ltr'><strong>vocata</strong></span> <span class='ocrx_word' id='word_1_452' title='bbox 1241 743 1477 803; x_wconf 79' lang='lat' dir='ltr'><strong>fuisset,etlectu1n</strong></span> <span class='ocrx_word' id='word_1_453' title='bbox 1501 752 1588 808; x_wconf 84' lang='lat' dir='ltr'><strong>esset,</strong></span> <span class='ocrx_word' id='word_1_454' title='bbox 1610 749 1654 800; x_wconf 89' lang='lat' dir='ltr'><strong>sed</strong></span> <span class='ocrx_word' id='word_1_455' title='bbox 1677 750 1801 815; x_wconf 79' lang='lat' dir='ltr'><strong>sutfragia</strong></span> 
     </span>
     <span class='ocr_line' id='line_1_61' title="bbox 1019 835 1801 905; baseline 0.014 -21"><span class='ocrx_word' id='word_1_456' title='bbox 1019 838 1117 884; x_wconf 89' lang='lat' dir='ltr'><strong>centum</strong></span> <span class='ocrx_word' id='word_1_457' title='bbox 1138 838 1163 885; x_wconf 88' lang='lat' dir='ltr'><strong>et</strong></span> <span class='ocrx_word' id='word_1_458' title='bbox 1180 835 1310 899; x_wconf 81' lang='lat' dir='ltr'><strong>nonaginta</strong></span> <span class='ocrx_word' id='word_1_459' title='bbox 1325 835 1432 887; x_wconf 88' lang='lat' dir='ltr'><strong>duarum</strong></span> <span class='ocrx_word' id='word_1_460' title='bbox 1444 839 1613 892; x_wconf 87' lang='lat' dir='ltr'><strong>centuriarum</strong></span> <span class='ocrx_word' id='word_1_461' title='bbox 1631 841 1682 905; x_wconf 89' lang='lat' dir='ltr'><strong>pari</strong></span> <span class='ocrx_word' id='word_1_462' title='bbox 1696 857 1801 894; x_wconf 91' lang='lat' dir='ltr'><strong>numero</strong></span> 
     </span>
     <span class='ocr_line' id='line_1_62' title="bbox 1019 924 1802 993; baseline 0.011 -20"><span class='ocrx_word' id='word_1_463' title='bbox 1019 924 1202 986; x_wconf 67' lang='lat' dir='ltr'><strong>dividerentur,</strong></span> <span class='ocrx_word' id='word_1_464' title='bbox 1214 927 1276 975; x_wconf 92' lang='lat' dir='ltr'><strong>tunc</strong></span> <span class='ocrx_word' id='word_1_465' title='bbox 1295 930 1447 989; x_wconf 86' lang='lat' dir='ltr'><strong>postremam</strong></span> <span class='ocrx_word' id='word_1_466' title='bbox 1464 928 1600 978; x_wconf 89' lang='lat' dir='ltr'><strong>centuriam</strong></span> <span class='ocrx_word' id='word_1_467' title='bbox 1613 929 1732 991; x_wconf 86' lang='lat' dir='ltr'><strong>vocabat,</strong></span> <span class='ocrx_word' id='word_1_468' title='bbox 1743 944 1802 993; x_wconf 71' lang='lat' dir='ltr'><strong>quas</strong></span> 
     </span>
     <span class='ocr_line' id='line_1_63' title="bbox 1019 1014 1800 1086; baseline 0.012 -23"><span class='ocrx_word' id='word_1_469' title='bbox 1019 1014 1159 1064; x_wconf 72' lang='lat' dir='ltr'><strong>coniuebat</strong></span> <span class='ocrx_word' id='word_1_470' title='bbox 1184 1014 1366 1067; x_wconf 88' lang='lat' dir='ltr'><strong>multitudinem</strong></span> <span class='ocrx_word' id='word_1_471' title='bbox 1388 1016 1481 1068; x_wconf 86' lang='lat' dir='ltr'><strong>civium</strong></span> <span class='ocrx_word' id='word_1_472' title='bbox 1497 1032 1643 1082; x_wconf 80' lang='lat' dir='ltr'><strong>egenorum,</strong></span> <span class='ocrx_word' id='word_1_473' title='bbox 1666 1021 1709 1084; x_wconf 86' lang='lat' dir='ltr'><strong>qui</strong></span> <span class='ocrx_word' id='word_1_474' title='bbox 1724 1034 1800 1086; x_wconf 92' lang='lat' dir='ltr'><strong>prop·</strong></span> 
     </span>
     <span class='ocr_line' id='line_1_64' title="bbox 1019 1102 1803 1160; baseline 0.009 -7"><span class='ocrx_word' id='word_1_475' title='bbox 1019 1102 1176 1153; x_wconf 85' lang='lat' dir='ltr'><strong>tereaomnis</strong></span> <span class='ocrx_word' id='word_1_476' title='bbox 1188 1103 1285 1154; x_wconf 79' lang='lat' dir='ltr'><strong>militie</strong></span> <span class='ocrx_word' id='word_1_477' title='bbox 1295 1107 1321 1156; x_wconf 90' lang='lat' dir='ltr'><strong>et</strong></span> <span class='ocrx_word' id='word_1_478' title='bbox 1338 1105 1423 1156; x_wconf 90' lang='lat' dir='ltr'><strong>tributi</strong></span> <span class='ocrx_word' id='word_1_479' title='bbox 1437 1105 1558 1157; x_wconf 89' lang='lat' dir='ltr'><strong>immunes</strong></span> <span class='ocrx_word' id='word_1_480' title='bbox 1573 1112 1643 1158; x_wconf 87' lang='lat' dir='ltr'><strong>eraut</strong></span> <span class='ocrx_word' id='word_1_481' title='bbox 1657 1126 1664 1157; x_wconf 76' lang='grc' dir='ltr'><strong>ι</strong></span> <span class='ocrx_word' id='word_1_482' title='bbox 1677 1109 1728 1159; x_wconf 75' lang='grc' dir='ltr'>τιθεῖ</span> <span class='ocrx_word' id='word_1_483' title='bbox 1743 1123 1803 1160; x_wconf 78' lang='grc' dir='ltr'>τετυ</span> 
     </span>
     <span class='ocr_line' id='line_1_65' title="bbox 1019 1192 1801 1259; baseline 0.013 -17"><span class='ocrx_word' id='word_1_484' title='bbox 1019 1192 1083 1258; x_wconf 81' lang='lat' dir='ltr'><strong>perti</strong></span> <span class='ocrx_word' id='word_1_485' title='bbox 1099 1194 1153 1243; x_wconf 75' lang='lat' dir='ltr'><strong>brac</strong></span> <span class='ocrx_word' id='word_1_486' title='bbox 1167 1195 1317 1245; x_wconf 88' lang='lat' dir='ltr'><strong>centuriase</strong></span> <span class='ocrx_word' id='word_1_487' title='bbox 1338 1194 1509 1259; x_wconf 76' lang='lat' dir='ltr'><strong>adiunxisset,</strong></span> <span class='ocrx_word' id='word_1_488' title='bbox 1535 1210 1565 1248; x_wconf 94' lang='lat' dir='ltr'><strong>ea</strong></span> <span class='ocrx_word' id='word_1_489' title='bbox 1590 1197 1713 1250; x_wconf 86' lang='lat' dir='ltr'><strong>vincebat.</strong></span> <span class='ocrx_word' id='word_1_490' title='bbox 1747 1202 1801 1252; x_wconf 84' lang='lat' dir='ltr'><strong>linc</strong></span> 
     </span>
     <span class='ocr_line' id='line_1_66' title="bbox 1018 1280 1800 1351; baseline 0.013 -21"><span class='ocrx_word' id='word_1_491' title='bbox 1018 1293 1079 1331; x_wconf 88' lang='lat' dir='ltr'><strong>vero</strong></span> <span class='ocrx_word' id='word_1_492' title='bbox 1096 1294 1153 1331; x_wconf 85' lang='lat' dir='ltr'><strong>raro</strong></span> <span class='ocrx_word' id='word_1_493' title='bbox 1168 1280 1257 1332; x_wconf 86' lang='lat' dir='ltr'><strong>accidit</strong></span> <span class='ocrx_word' id='word_1_494' title='bbox 1268 1287 1293 1333; x_wconf 93' lang='lat' dir='ltr'><strong>et</strong></span> <span class='ocrx_word' id='word_1_495' title='bbox 1304 1283 1344 1333; x_wconf 80' lang='lat' dir='ltr'><strong>vix</strong></span> <span class='ocrx_word' id='word_1_496' title='bbox 1363 1282 1415 1333; x_wconf 87' lang='lat' dir='ltr'><strong>lieri</strong></span> <span class='ocrx_word' id='word_1_497' title='bbox 1433 1287 1529 1348; x_wconf 89' lang='lat' dir='ltr'><strong>poterat</strong></span> <span class='ocrx_word' id='word_1_498' title='bbox 1548 1305 1555 1336; x_wconf 78' lang='grc' dir='ltr'><strong>ι</strong></span> <span class='ocrx_word' id='word_1_499' title='bbox 1575 1286 1721 1351; x_wconf 86' lang='lat' dir='ltr'><strong>plerumque</strong></span> <span class='ocrx_word' id='word_1_500' title='bbox 1735 1289 1800 1341; x_wconf 87' lang='lat' dir='ltr'><strong>euim</strong></span> 
     </span>
     <span class='ocr_line' id='line_1_67' title="bbox 1019 1371 1801 1442; baseline 0.014 -23"><span class='ocrx_word' id='word_1_501' title='bbox 1019 1371 1127 1436; x_wconf 86' lang='lat' dir='ltr'><strong>aprima</strong></span> <span class='ocrx_word' id='word_1_502' title='bbox 1143 1371 1223 1422; x_wconf 85' lang='lat' dir='ltr'><strong>classe</strong></span> <span class='ocrx_word' id='word_1_503' title='bbox 1242 1385 1282 1422; x_wconf 82' lang='lat' dir='ltr'><strong>rea</strong></span> <span class='ocrx_word' id='word_1_504' title='bbox 1303 1371 1486 1434; x_wconf 75' lang='lat' dir='ltr'><strong>absolvebatur,</strong></span> <span class='ocrx_word' id='word_1_505' title='bbox 1501 1387 1559 1425; x_wconf 89' lang='lat' dir='ltr'><strong>raro</strong></span> <span class='ocrx_word' id='word_1_506' title='bbox 1570 1378 1655 1427; x_wconf 88' lang='lat' dir='ltr'><strong>autern</strong></span> <span class='ocrx_word' id='word_1_507' title='bbox 1673 1391 1754 1442; x_wconf 84' lang='lat' dir='ltr'><strong>nsque</strong></span> <span class='ocrx_word' id='word_1_508' title='bbox 1768 1380 1801 1430; x_wconf 85' lang='lat' dir='ltr'><strong>ad</strong></span> 
     </span>
     <span class='ocr_line' id='line_1_68' title="bbox 1019 1458 1799 1531; baseline 0.013 -24"><span class='ocrx_word' id='word_1_509' title='bbox 1019 1461 1138 1521; x_wconf 84' lang='lat' dir='ltr'><strong>quartam</strong></span> <span class='ocrx_word' id='word_1_510' title='bbox 1147 1458 1293 1510; x_wconf 76' lang='lat' dir='ltr'><strong>veniebatur</strong></span> <span class='ocrx_word' id='word_1_511' title='bbox 1305 1480 1311 1509; x_wconf 78' lang='grc' dir='ltr'><strong>ι</strong></span> <span class='ocrx_word' id='word_1_512' title='bbox 1324 1459 1410 1523; x_wconf 84' lang='lat' dir='ltr'><strong>quinta</strong></span> <span class='ocrx_word' id='word_1_513' title='bbox 1423 1474 1484 1511; x_wconf 90' lang='lat' dir='ltr'><strong>vero</strong></span> <span class='ocrx_word' id='word_1_514' title='bbox 1502 1465 1528 1512; x_wconf 91' lang='lat' dir='ltr'><strong>et</strong></span> <span class='ocrx_word' id='word_1_515' title='bbox 1546 1465 1617 1514; x_wconf 81' lang='lat' dir='ltr'><strong>scats</strong></span> <span class='ocrx_word' id='word_1_516' title='bbox 1627 1462 1699 1516; x_wconf 77' lang='lat' dir='ltr'><strong>erent</strong></span> <span class='ocrx_word' id='word_1_517' title='bbox 1712 1479 1799 1531; x_wconf 91' lang='lat' dir='ltr'><strong>super·</strong></span> 
     </span>
     <span class='ocr_line' id='line_1_69' title="bbox 1020 1545 1086 1596; baseline 0 0"><span class='ocrx_word' id='word_1_518' title='bbox 1020 1545 1086 1596; x_wconf 76' lang='lat' dir='ltr'><strong>duas.</strong></span> 
     </span>
    </p>

    <p class='ocr_par' dir='ltr' id='par_1_11' title="bbox 1009 1640 1863 4429">
     <span class='ocr_line' id='line_1_70' title="bbox 1050 1640 1800 1712; baseline 0.016 -24"><span class='ocrx_word' id='word_1_519' title='bbox 1050 1641 1114 1689; x_wconf 84' lang='lat' dir='ltr'><strong>xxi.</strong></span> <span class='ocrx_word' id='word_1_520' title='bbox 1130 1642 1184 1691; x_wconf 87' lang='lat' dir='ltr'><strong>lloc</strong></span> <span class='ocrx_word' id='word_1_521' title='bbox 1194 1643 1280 1691; x_wconf 64' lang='lat' dir='ltr'><strong>auum</strong></span> <span class='ocrx_word' id='word_1_522' title='bbox 1292 1640 1416 1705; x_wconf 87' lang='lat' dir='ltr'><strong>instituto,</strong></span> <span class='ocrx_word' id='word_1_523' title='bbox 1431 1646 1458 1694; x_wconf 89' lang='lat' dir='ltr'><strong>et</strong></span> <span class='ocrx_word' id='word_1_524' title='bbox 1474 1645 1544 1695; x_wconf 90' lang='lat' dir='ltr'><strong>tanta</strong></span> <span class='ocrx_word' id='word_1_525' title='bbox 1555 1647 1718 1711; x_wconf 80' lang='lat' dir='ltr'><strong>praerogativa</strong></span> <span class='ocrx_word' id='word_1_526' title='bbox 1729 1650 1800 1712; x_wconf 91' lang='lat' dir='ltr'><strong>pote·</strong></span> 
     </span>
     <span class='ocr_line' id='line_1_71' title="bbox 1019 1732 1798 1812; baseline 0.01 -28"><span class='ocrx_word' id='word_1_527' title='bbox 1019 1733 1113 1784; x_wconf 65' lang='lat' dir='ltr'><strong>nasein</strong></span> <span class='ocrx_word' id='word_1_528' title='bbox 1122 1732 1228 1784; x_wconf 89' lang='lat' dir='ltr'><strong>divitum</strong></span> <span class='ocrx_word' id='word_1_529' title='bbox 1239 1734 1343 1798; x_wconf 79' lang='lat' dir='ltr'><strong>gratiam</strong></span> <span class='ocrx_word' id='word_1_530' title='bbox 1353 1738 1487 1789; x_wconf 80' lang='lat' dir='ltr'><strong>constituta</strong></span> <span class='ocrx_word' id='word_1_531' title='bbox 1495 1741 1538 1801; x_wconf 86' lang='lat' dir='ltr'><strong>&lt;ut</strong></span> <span class='ocrx_word' id='word_1_532' title='bbox 1549 1738 1617 1812; x_wconf 83' lang='lat' dir='ltr'><strong>dixi)</strong></span> <span class='ocrx_word' id='word_1_533' title='bbox 1625 1741 1729 1805; x_wconf 87' lang='lat' dir='ltr'><strong>plebem,</strong></span> <span class='ocrx_word' id='word_1_534' title='bbox 1742 1755 1798 1804; x_wconf 74' lang='lat' dir='ltr'><strong>quc</strong></span> 
     </span>
     <span class='ocr_line' id='line_1_72' title="bbox 1019 1828 1797 1899; baseline 0.01 -22"><span class='ocrx_word' id='word_1_535' title='bbox 1019 1828 1225 1892; x_wconf 80' lang='lat' dir='ltr'><strong>nonagnoscebat</strong></span> <span class='ocrx_word' id='word_1_536' title='bbox 1242 1829 1364 1891; x_wconf 86' lang='lat' dir='ltr'><strong>traudem,</strong></span> <span class='ocrx_word' id='word_1_537' title='bbox 1375 1830 1451 1882; x_wconf 77' lang='lat' dir='ltr'><strong>elndt</strong></span> <span class='ocrx_word' id='word_1_538' title='bbox 1459 1836 1485 1883; x_wconf 88' lang='lat' dir='ltr'><strong>et</strong></span> <span class='ocrx_word' id='word_1_539' title='bbox 1498 1844 1621 1897; x_wconf 80' lang='lat' dir='ltr'><strong>properea</strong></span> <span class='ocrx_word' id='word_1_540' title='bbox 1631 1846 1647 1883; x_wconf 88' lang='grc' dir='ltr'><strong>ιι</strong></span> <span class='ocrx_word' id='word_1_541' title='bbox 1658 1833 1797 1899; x_wconf 75' lang='lat' dir='ltr'><strong>reipublicae</strong></span> 
     </span>
     <span class='ocr_line' id='line_1_73' title="bbox 1019 1921 1800 1979; baseline 0.012 -8"><span class='ocrx_word' id='word_1_542' title='bbox 1019 1921 1231 1972; x_wconf 82' lang='lat' dir='ltr'><strong>administratione</strong></span> <span class='ocrx_word' id='word_1_543' title='bbox 1247 1923 1361 1973; x_wconf 89' lang='lat' dir='ltr'><strong>removit.</strong></span> <span class='ocrx_word' id='word_1_544' title='bbox 1395 1927 1489 1976; x_wconf 80' lang='lat' dir='ltr'><strong>omnen</strong></span> <span class='ocrx_word' id='word_1_545' title='bbox 1499 1925 1566 1976; x_wconf 91' lang='lat' dir='ltr'><strong>enim</strong></span> <span class='ocrx_word' id='word_1_546' title='bbox 1581 1927 1754 1979; x_wconf 79' lang='lat' dir='ltr'><strong>existimabant</strong></span> <span class='ocrx_word' id='word_1_547' title='bbox 1774 1941 1800 1979; x_wconf 87' lang='lat' dir='ltr'><strong>se</strong></span> 
     </span>
     <span class='ocr_line' id='line_1_74' title="bbox 1019 2013 1800 2088; baseline 0.013 -25"><span class='ocrx_word' id='word_1_548' title='bbox 1019 2013 1044 2064; x_wconf 91' lang='lat' dir='ltr'><strong>in</strong></span> <span class='ocrx_word' id='word_1_549' title='bbox 1056 2014 1181 2078; x_wconf 85' lang='lat' dir='ltr'><strong>republica</strong></span> <span class='ocrx_word' id='word_1_550' title='bbox 1202 2015 1255 2079; x_wconf 88' lang='lat' dir='ltr'><strong>pari</strong></span> <span class='ocrx_word' id='word_1_551' title='bbox 1266 2028 1321 2066; x_wconf 85' lang='lat' dir='ltr'><strong>esse</strong></span> <span class='ocrx_word' id='word_1_552' title='bbox 1335 2016 1398 2078; x_wconf 83' lang='lat' dir='ltr'><strong>irue,</strong></span> <span class='ocrx_word' id='word_1_553' title='bbox 1410 2018 1469 2083; x_wconf 87' lang='lat' dir='ltr'><strong>quia</strong></span> <span class='ocrx_word' id='word_1_554' title='bbox 1483 2018 1577 2069; x_wconf 87' lang='lat' dir='ltr'><strong>viritim</strong></span> <span class='ocrx_word' id='word_1_555' title='bbox 1594 2021 1620 2071; x_wconf 92' lang='lat' dir='ltr'><strong>in</strong></span> <span class='ocrx_word' id='word_1_556' title='bbox 1641 2022 1694 2071; x_wconf 91' lang='lat' dir='ltr'><strong>suis</strong></span> <span class='ocrx_word' id='word_1_557' title='bbox 1707 2023 1800 2088; x_wconf 85' lang='lat' dir='ltr'><strong>quique</strong></span> 
     </span>
     <span class='ocr_line' id='line_1_75' title="bbox 1017 2107 1799 2176; baseline 0.013 -20"><span class='ocrx_word' id='word_1_558' title='bbox 1017 2107 1137 2157; x_wconf 87' lang='lat' dir='ltr'><strong>centuriis</strong></span> <span class='ocrx_word' id='word_1_559' title='bbox 1150 2108 1285 2159; x_wconf 87' lang='lat' dir='ltr'><strong>sententiaa</strong></span> <span class='ocrx_word' id='word_1_560' title='bbox 1293 2109 1442 2173; x_wconf 75' lang='lat' dir='ltr'><strong>rogabantur</strong></span> <span class='ocrx_word' id='word_1_561' title='bbox 1460 2129 1466 2160; x_wconf 80' lang='grc' dir='ltr'><strong>ι</strong></span> <span class='ocrx_word' id='word_1_562' title='bbox 1481 2110 1526 2161; x_wconf 89' lang='lat' dir='ltr'><strong>sed</strong></span> <span class='ocrx_word' id='word_1_563' title='bbox 1536 2111 1730 2176; x_wconf 83' lang='lat' dir='ltr'><strong>decipiebantur,</strong></span> <span class='ocrx_word' id='word_1_564' title='bbox 1745 2120 1799 2166; x_wconf 87' lang='lat' dir='ltr'><strong>turn</strong></span> 
     </span>
     <span class='ocr_line' id='line_1_76' title="bbox 1017 2200 1783 2271; baseline 0.009 -20"><span class='ocrx_word' id='word_1_565' title='bbox 1017 2200 1084 2264; x_wconf 89' lang='lat' dir='ltr'><strong>quod</strong></span> <span class='ocrx_word' id='word_1_566' title='bbox 1095 2214 1171 2252; x_wconf 93' lang='lat' dir='ltr'><strong>unum</strong></span> <span class='ocrx_word' id='word_1_567' title='bbox 1184 2205 1280 2253; x_wconf 89' lang='lat' dir='ltr'><strong>tantum</strong></span> <span class='ocrx_word' id='word_1_568' title='bbox 1296 2203 1417 2255; x_wconf 73' lang='lat' dir='ltr'><strong>univerae</strong></span> <span class='ocrx_word' id='word_1_569' title='bbox 1432 2205 1549 2255; x_wconf 78' lang='lat' dir='ltr'><strong>centurio</strong></span> <span class='ocrx_word' id='word_1_570' title='bbox 1562 2205 1705 2271; x_wconf 74' lang='lat' dir='ltr'><strong>sutlrsgium</strong></span> <span class='ocrx_word' id='word_1_571' title='bbox 1715 2212 1783 2258; x_wconf 87' lang='lat' dir='ltr'><strong>esset</strong></span> 
     </span>
     <span class='ocr_line' id='line_1_77' title="bbox 1017 2297 1796 2364; baseline 0.008 -18"><span class='ocrx_word' id='word_1_572' title='bbox 1017 2297 1070 2348; x_wconf 89' lang='lat' dir='ltr'><strong>sive</strong></span> <span class='ocrx_word' id='word_1_573' title='bbox 1084 2298 1253 2362; x_wconf 89' lang='lat' dir='ltr'><strong>pancoscives</strong></span> <span class='ocrx_word' id='word_1_574' title='bbox 1269 2299 1322 2349; x_wconf 88' lang='lat' dir='ltr'><strong>sive</strong></span> <span class='ocrx_word' id='word_1_575' title='bbox 1340 2298 1457 2364; x_wconf 84' lang='lat' dir='ltr'><strong>plurimos</strong></span> <span class='ocrx_word' id='word_1_576' title='bbox 1473 2299 1632 2351; x_wconf 88' lang='lat' dir='ltr'><strong>oontinebst:</strong></span> <span class='ocrx_word' id='word_1_577' title='bbox 1648 2304 1702 2352; x_wconf 89' lang='lat' dir='ltr'><strong>turn</strong></span> <span class='ocrx_word' id='word_1_578' title='bbox 1719 2303 1796 2352; x_wconf 87' lang='lat' dir='ltr'><strong>etiarn</strong></span> 
     </span>
     <span class='ocr_line' id='line_1_78' title="bbox 1016 2391 1795 2460; baseline 0.008 -19"><span class='ocrx_word' id='word_1_579' title='bbox 1016 2391 1083 2454; x_wconf 86' lang='lat' dir='ltr'><strong>quod</strong></span> <span class='ocrx_word' id='word_1_580' title='bbox 1094 2392 1263 2457; x_wconf 76' lang='lat' dir='ltr'><strong>encenturiaa,</strong></span> <span class='ocrx_word' id='word_1_581' title='bbox 1276 2406 1381 2456; x_wconf 78' lang='lat' dir='ltr'><strong>qnmum</strong></span> <span class='ocrx_word' id='word_1_582' title='bbox 1391 2393 1514 2445; x_wconf 78' lang='lat' dir='ltr'><strong>maximus</strong></span> <span class='ocrx_word' id='word_1_583' title='bbox 1522 2399 1575 2445; x_wconf 88' lang='lat' dir='ltr'><strong>erat</strong></span> <span class='ocrx_word' id='word_1_584' title='bbox 1587 2407 1686 2456; x_wconf 88' lang='lat' dir='ltr'><strong>census,</strong></span> <span class='ocrx_word' id='word_1_585' title='bbox 1699 2397 1726 2447; x_wconf 92' lang='lat' dir='ltr'><strong>et</strong></span> <span class='ocrx_word' id='word_1_586' title='bbox 1738 2410 1795 2460; x_wconf 78' lang='lat' dir='ltr'><strong>qua</strong></span> 
     </span>
     <span class='ocr_line' id='line_1_79' title="bbox 1017 2485 1798 2552; baseline 0.009 -17"><span class='ocrx_word' id='word_1_587' title='bbox 1017 2485 1100 2550; x_wconf 88' lang='lat' dir='ltr'><strong>piures</strong></span> <span class='ocrx_word' id='word_1_588' title='bbox 1128 2485 1228 2550; x_wconf 85' lang='lat' dir='ltr'><strong>quidem</strong></span> <span class='ocrx_word' id='word_1_589' title='bbox 1253 2490 1322 2539; x_wconf 80' lang='lat' dir='ltr'><strong>eram</strong></span> <span class='ocrx_word' id='word_1_590' title='bbox 1355 2500 1430 2552; x_wconf 87' lang='lat' dir='ltr'><strong>quarn</strong></span> <span class='ocrx_word' id='word_1_591' title='bbox 1453 2489 1560 2548; x_wconf 72' lang='lat' dir='ltr'><strong>cebro,</strong></span> <span class='ocrx_word' id='word_1_592' title='bbox 1583 2488 1681 2540; x_wconf 87' lang='lat' dir='ltr'><strong>etiamsi</strong></span> <span class='ocrx_word' id='word_1_593' title='bbox 1704 2490 1798 2541; x_wconf 79' lang='lat' dir='ltr'><strong>cisium</strong></span> 
     </span>
     <span class='ocr_line' id='line_1_80' title="bbox 1017 2579 1797 2648; baseline 0.01 -20"><span class='ocrx_word' id='word_1_594' title='bbox 1017 2593 1147 2629; x_wconf 90' lang='lat' dir='ltr'><strong>numerum</strong></span> <span class='ocrx_word' id='word_1_595' title='bbox 1160 2579 1280 2630; x_wconf 87' lang='lat' dir='ltr'><strong>minorem</strong></span> <span class='ocrx_word' id='word_1_596' title='bbox 1297 2579 1440 2642; x_wconf 85' lang='lat' dir='ltr'><strong>habebant,</strong></span> <span class='ocrx_word' id='word_1_597' title='bbox 1460 2581 1545 2647; x_wconf 78' lang='lat' dir='ltr'><strong>primae</strong></span> <span class='ocrx_word' id='word_1_598' title='bbox 1563 2581 1680 2648; x_wconf 76' lang='lat' dir='ltr'><strong>surrragn</strong></span> <span class='ocrx_word' id='word_1_599' title='bbox 1696 2584 1797 2636; x_wconf 86' lang='lat' dir='ltr'><strong>terrent.</strong></span> 
     </span>
     <span class='ocr_line' id='line_1_81' title="bbox 1019 2671 1797 2740; baseline 0.009 -19"><span class='ocrx_word' id='word_1_600' title='bbox 1019 2672 1144 2736; x_wconf 69' lang='lat' dir='ltr'><strong>Praecipue</strong></span> <span class='ocrx_word' id='word_1_601' title='bbox 1160 2685 1228 2734; x_wconf 89' lang='lat' dir='ltr'><strong>vero,</strong></span> <span class='ocrx_word' id='word_1_602' title='bbox 1244 2671 1312 2735; x_wconf 89' lang='lat' dir='ltr'><strong>quod</strong></span> <span class='ocrx_word' id='word_1_603' title='bbox 1325 2687 1411 2724; x_wconf 89' lang='lat' dir='ltr'><strong>omnes</strong></span> <span class='ocrx_word' id='word_1_604' title='bbox 1426 2686 1559 2740; x_wconf 80' lang='lat' dir='ltr'><strong>pauperes,</strong></span> <span class='ocrx_word' id='word_1_605' title='bbox 1574 2675 1619 2739; x_wconf 85' lang='lat' dir='ltr'><strong>qui</strong></span> <span class='ocrx_word' id='word_1_606' title='bbox 1630 2675 1702 2726; x_wconf 90' lang='lat' dir='ltr'><strong>multi</strong></span> <span class='ocrx_word' id='word_1_607' title='bbox 1716 2681 1797 2740; x_wconf 88' lang='lat' dir='ltr'><strong>erant,</strong></span> 
     </span>
     <span class='ocr_line' id='line_1_82' title="bbox 1017 2765 1796 2832; baseline 0.006 -17"><span class='ocrx_word' id='word_1_608' title='bbox 1017 2778 1093 2816; x_wconf 89' lang='lat' dir='ltr'><strong>unum</strong></span> <span class='ocrx_word' id='word_1_609' title='bbox 1101 2765 1796 2832; x_wconf 72' lang='lat' dir='ltr'><strong>tantumsuttragiumhaberentetpostremirocarentnr.</strong></span> 
     </span>
     <span class='ocr_line' id='line_1_83' title="bbox 1016 2859 1796 2928; baseline 0.009 -20"><span class='ocrx_word' id='word_1_610' title='bbox 1016 2860 1054 2909; x_wconf 90' lang='lat' dir='ltr'><strong>lta</strong></span> <span class='ocrx_word' id='word_1_611' title='bbox 1069 2860 1162 2909; x_wconf 86' lang='lat' dir='ltr'><strong>tactum</strong></span> <span class='ocrx_word' id='word_1_612' title='bbox 1179 2861 1219 2910; x_wconf 89' lang='lat' dir='ltr'><strong>est</strong></span> <span class='ocrx_word' id='word_1_613' title='bbox 1230 2862 1258 2909; x_wconf 93' lang='lat' dir='ltr'><strong>nt</strong></span> <span class='ocrx_word' id='word_1_614' title='bbox 1269 2859 1367 2921; x_wconf 86' lang='lat' dir='ltr'><strong>divites,</strong></span> <span class='ocrx_word' id='word_1_615' title='bbox 1376 2862 1420 2924; x_wconf 86' lang='lat' dir='ltr'><strong>qui</strong></span> <span class='ocrx_word' id='word_1_616' title='bbox 1434 2875 1536 2926; x_wconf 77' lang='lat' dir='ltr'><strong>magnas</strong></span> <span class='ocrx_word' id='word_1_617' title='bbox 1546 2862 1667 2915; x_wconf 86' lang='lat' dir='ltr'><strong>iaciebant</strong></span> <span class='ocrx_word' id='word_1_618' title='bbox 1673 2863 1796 2928; x_wconf 83' lang='lat' dir='ltr'><strong>impensas</strong></span> 
     </span>
     <span class='ocr_line' id='line_1_84' title="bbox 1015 2949 1798 3015; baseline 0 -15"><span class='ocrx_word' id='word_1_619' title='bbox 1015 2953 1041 3000; x_wconf 90' lang='lat' dir='ltr'><strong>ct</strong></span> <span class='ocrx_word' id='word_1_620' title='bbox 1049 2949 1075 3001; x_wconf 91' lang='lat' dir='ltr'><strong>in</strong></span> <span class='ocrx_word' id='word_1_621' title='bbox 1086 2950 1208 3000; x_wconf 87' lang='lat' dir='ltr'><strong>continuis</strong></span> <span class='ocrx_word' id='word_1_622' title='bbox 1221 2949 1342 3002; x_wconf 90' lang='lat' dir='ltr'><strong>bellorum</strong></span> <span class='ocrx_word' id='word_1_623' title='bbox 1351 2952 1467 3015; x_wconf 87' lang='lat' dir='ltr'><strong>periculis</strong></span> <span class='ocrx_word' id='word_1_624' title='bbox 1484 2952 1654 3015; x_wconf 84' lang='lat' dir='ltr'><strong>versabantur,</strong></span> <span class='ocrx_word' id='word_1_625' title='bbox 1674 2951 1698 3003; x_wconf 92' lang='lat' dir='ltr'><strong>id</strong></span> <span class='ocrx_word' id='word_1_626' title='bbox 1711 2952 1798 3004; x_wconf 83' lang='lat' dir='ltr'><strong>miuus</strong></span> 
     </span>
     <span class='ocr_line' id='line_1_85' title="bbox 1014 3042 1795 3109; baseline 0.006 -17"><span class='ocrx_word' id='word_1_627' title='bbox 1014 3055 1087 3108; x_wconf 66' lang='grc' dir='ltr'>ωριτε</span> <span class='ocrx_word' id='word_1_628' title='bbox 1104 3043 1205 3103; x_wconf 84' lang='lat' dir='ltr'><strong>terrem,</strong></span> <span class='ocrx_word' id='word_1_629' title='bbox 1217 3042 1285 3106; x_wconf 86' lang='lat' dir='ltr'><strong>quod</strong></span> <span class='ocrx_word' id='word_1_630' title='bbox 1296 3056 1401 3093; x_wconf 79' lang='lat' dir='ltr'><strong>summae</strong></span> <span class='ocrx_word' id='word_1_631' title='bbox 1417 3057 1500 3095; x_wconf 90' lang='lat' dir='ltr'><strong>rerum</strong></span> <span class='ocrx_word' id='word_1_632' title='bbox 1513 3049 1644 3109; x_wconf 87' lang='lat' dir='ltr'><strong>praeerant,</strong></span> <span class='ocrx_word' id='word_1_633' title='bbox 1658 3048 1684 3096; x_wconf 87' lang='lat' dir='ltr'><strong>et</strong></span> <span class='ocrx_word' id='word_1_634' title='bbox 1696 3059 1795 3097; x_wconf 89' lang='lat' dir='ltr'><strong>omnem</strong></span> 
     </span>
     <span class='ocr_line' id='line_1_86' title="bbox 1014 3130 1798 3199; baseline 0.005 -17"><span class='ocrx_word' id='word_1_635' title='bbox 1014 3135 1160 3196; x_wconf 83' lang='lat' dir='ltr'><strong>potestatem</strong></span> <span class='ocrx_word' id='word_1_636' title='bbox 1173 3130 1220 3192; x_wconf 89' lang='lat' dir='ltr'><strong>eis,</strong></span> <span class='ocrx_word' id='word_1_637' title='bbox 1228 3132 1272 3196; x_wconf 88' lang='lat' dir='ltr'><strong>qui</strong></span> <span class='ocrx_word' id='word_1_638' title='bbox 1281 3130 1439 3182; x_wconf 88' lang='lat' dir='ltr'><strong>dissentirent</strong></span> <span class='ocrx_word' id='word_1_639' title='bbox 1444 3132 1597 3196; x_wconf 88' lang='lat' dir='ltr'><strong>eripiebant;</strong></span> <span class='ocrx_word' id='word_1_640' title='bbox 1607 3147 1728 3199; x_wconf 86' lang='lat' dir='ltr'><strong>pauperes</strong></span> <span class='ocrx_word' id='word_1_641' title='bbox 1737 3148 1798 3186; x_wconf 88' lang='lat' dir='ltr'><strong>vero</strong></span> 
     </span>
     <span class='ocr_line' id='line_1_87' title="bbox 1013 3219 1798 3288; baseline 0.005 -18"><span class='ocrx_word' id='word_1_642' title='bbox 1013 3220 1057 3284; x_wconf 85' lang='lat' dir='ltr'><strong>qui</strong></span> <span class='ocrx_word' id='word_1_643' title='bbox 1067 3219 1194 3270; x_wconf 87' lang='lat' dir='ltr'><strong>minimam</strong></span> <span class='ocrx_word' id='word_1_644' title='bbox 1203 3219 1312 3270; x_wconf 90' lang='lat' dir='ltr'><strong>civilium</strong></span> <span class='ocrx_word' id='word_1_645' title='bbox 1326 3233 1457 3271; x_wconf 88' lang='lat' dir='ltr'><strong>munerum</strong></span> <span class='ocrx_word' id='word_1_646' title='bbox 1470 3225 1567 3284; x_wconf 90' lang='lat' dir='ltr'><strong>partem</strong></span> <span class='ocrx_word' id='word_1_647' title='bbox 1585 3222 1714 3282; x_wconf 80' lang='lat' dir='ltr'><strong>baberent,</strong></span> <span class='ocrx_word' id='word_1_648' title='bbox 1725 3236 1798 3288; x_wconf 80' lang='lat' dir='ltr'><strong>reque</strong></span> 
     </span>
     <span class='ocr_line' id='line_1_88' title="bbox 1013 3307 1796 3362; baseline 0.004 -3"><span class='ocrx_word' id='word_1_649' title='bbox 1013 3322 1043 3359; x_wconf 91' lang='lat' dir='ltr'><strong>ac</strong></span> <span class='ocrx_word' id='word_1_650' title='bbox 1053 3308 1182 3358; x_wconf 84' lang='lat' dir='ltr'><strong>moderato</strong></span> <span class='ocrx_word' id='word_1_651' title='bbox 1192 3307 1273 3358; x_wconf 85' lang='lat' dir='ltr'><strong>animo</strong></span> <span class='ocrx_word' id='word_1_652' title='bbox 1283 3307 1375 3358; x_wconf 90' lang='lat' dir='ltr'><strong>terrent</strong></span> <span class='ocrx_word' id='word_1_653' title='bbox 1388 3320 1415 3358; x_wconf 89' lang='lat' dir='ltr'><strong>sn</strong></span> <span class='ocrx_word' id='word_1_654' title='bbox 1429 3307 1454 3357; x_wconf 92' lang='lat' dir='ltr'><strong>in</strong></span> <span class='ocrx_word' id='word_1_655' title='bbox 1465 3309 1505 3360; x_wconf 87' lang='lat' dir='ltr'><strong>lais</strong></span> <span class='ocrx_word' id='word_1_656' title='bbox 1515 3323 1571 3360; x_wconf 84' lang='lat' dir='ltr'><strong>esse</strong></span> <span class='ocrx_word' id='word_1_657' title='bbox 1585 3309 1714 3362; x_wconf 88' lang='lat' dir='ltr'><strong>interiores</strong></span> <span class='ocrx_word' id='word_1_658' title='bbox 1728 3311 1796 3362; x_wconf 88' lang='lat' dir='ltr'><strong>divi-</strong></span> 
     </span>
     <span class='ocr_line' id='line_1_89' title="bbox 1014 3395 1794 3460; baseline 0.004 -12"><span class='ocrx_word' id='word_1_659' title='bbox 1014 3398 1089 3451; x_wconf 84' lang='lat' dir='ltr'><strong>tibus.</strong></span> <span class='ocrx_word' id='word_1_660' title='bbox 1099 3395 1217 3460; x_wconf 87' lang='lat' dir='ltr'><strong>quoniam</strong></span> <span class='ocrx_word' id='word_1_661' title='bbox 1231 3400 1256 3447; x_wconf 92' lang='lat' dir='ltr'><strong>et</strong></span> <span class='ocrx_word' id='word_1_662' title='bbox 1268 3396 1417 3446; x_wconf 88' lang='lat' dir='ltr'><strong>tributorum</strong></span> <span class='ocrx_word' id='word_1_663' title='bbox 1428 3400 1453 3446; x_wconf 89' lang='lat' dir='ltr'><strong>et</strong></span> <span class='ocrx_word' id='word_1_664' title='bbox 1464 3397 1794 3451; x_wconf 82' lang='lat' dir='ltr'><strong>militlaeimmunesessent:</strong></span> 
     </span>
     <span class='ocr_line' id='line_1_90' title="bbox 1013 3483 1796 3551; baseline 0.005 -17"><span class='ocrx_word' id='word_1_665' title='bbox 1013 3485 1067 3551; x_wconf 89' lang='lat' dir='ltr'><strong>ipsa</strong></span> <span class='ocrx_word' id='word_1_666' title='bbox 1078 3498 1139 3535; x_wconf 89' lang='lat' dir='ltr'><strong>vero</strong></span> <span class='ocrx_word' id='word_1_667' title='bbox 1152 3484 1289 3549; x_wconf 80' lang='lat' dir='ltr'><strong>respublica</strong></span> <span class='ocrx_word' id='word_1_668' title='bbox 1298 3483 1399 3535; x_wconf 88' lang='lat' dir='ltr'><strong>eosdem</strong></span> <span class='ocrx_word' id='word_1_669' title='bbox 1415 3483 1525 3548; x_wconf 85' lang='lat' dir='ltr'><strong>baberet,</strong></span> <span class='ocrx_word' id='word_1_670' title='bbox 1539 3486 1582 3548; x_wconf 89' lang='lat' dir='ltr'><strong>qui</strong></span> <span class='ocrx_word' id='word_1_671' title='bbox 1598 3485 1667 3537; x_wconf 87' lang='lat' dir='ltr'><strong>etde</strong></span> <span class='ocrx_word' id='word_1_672' title='bbox 1688 3485 1719 3537; x_wconf 83' lang='lat' dir='ltr'><strong>iis</strong></span> <span class='ocrx_word' id='word_1_673' title='bbox 1738 3500 1796 3550; x_wconf 77' lang='lat' dir='ltr'><strong>quaa</strong></span> 
     </span>
     <span class='ocr_line' id='line_1_91' title="bbox 1012 3572 1795 3638; baseline 0.003 -14"><span class='ocrx_word' id='word_1_674' title='bbox 1012 3573 1084 3625; x_wconf 91' lang='lat' dir='ltr'><strong>dere</strong></span> <span class='ocrx_word' id='word_1_675' title='bbox 1098 3573 1176 3638; x_wconf 89' lang='lat' dir='ltr'><strong>ipsius</strong></span> <span class='ocrx_word' id='word_1_676' title='bbox 1189 3576 1272 3624; x_wconf 88' lang='lat' dir='ltr'><strong>essent</strong></span> <span class='ocrx_word' id='word_1_677' title='bbox 1294 3572 1460 3624; x_wconf 83' lang='lat' dir='ltr'><strong>consultarent</strong></span> <span class='ocrx_word' id='word_1_678' title='bbox 1474 3576 1500 3624; x_wconf 87' lang='lat' dir='ltr'><strong>ct</strong></span> <span class='ocrx_word' id='word_1_679' title='bbox 1514 3572 1623 3636; x_wconf 84' lang='lat' dir='ltr'><strong>pericula</strong></span> <span class='ocrx_word' id='word_1_680' title='bbox 1635 3574 1706 3637; x_wconf 89' lang='lat' dir='ltr'><strong>plura</strong></span> <span class='ocrx_word' id='word_1_681' title='bbox 1720 3588 1795 3638; x_wconf 80' lang='lat' dir='ltr'><strong>quam</strong></span> 
     </span>
     <span class='ocr_line' id='line_1_92' title="bbox 1012 3661 1797 3729; baseline 0.005 -16"><span class='ocrx_word' id='word_1_682' title='bbox 1012 3664 1053 3714; x_wconf 87' lang='lat' dir='ltr'><strong>atti</strong></span> <span class='ocrx_word' id='word_1_683' title='bbox 1067 3662 1186 3723; x_wconf 87' lang='lat' dir='ltr'><strong>subirent,</strong></span> <span class='ocrx_word' id='word_1_684' title='bbox 1208 3667 1234 3713; x_wconf 88' lang='lat' dir='ltr'><strong>et</strong></span> <span class='ocrx_word' id='word_1_685' title='bbox 1254 3663 1364 3714; x_wconf 87' lang='lat' dir='ltr'><strong>tacerent</strong></span> <span class='ocrx_word' id='word_1_686' title='bbox 1375 3675 1405 3712; x_wconf 85' lang='lat' dir='ltr'><strong>ea</strong></span> <span class='ocrx_word' id='word_1_687' title='bbox 1417 3675 1475 3726; x_wconf 72' lang='lat' dir='ltr'><strong>quse</strong></span> <span class='ocrx_word' id='word_1_688' title='bbox 1487 3661 1580 3725; x_wconf 83' lang='lat' dir='ltr'><strong>agenda</strong></span> <span class='ocrx_word' id='word_1_689' title='bbox 1591 3665 1681 3714; x_wconf 86' lang='lat' dir='ltr'><strong>essent.</strong></span> <span class='ocrx_word' id='word_1_690' title='bbox 1716 3666 1797 3729; x_wconf 79' lang='lat' dir='ltr'><strong>Atque</strong></span> 
     </span>
     <span class='ocr_line' id='line_1_93' title="bbox 1013 3734 1844 3811; baseline -0.001 -8"><span class='ocrx_word' id='word_1_691' title='bbox 1013 3753 1054 3806; x_wconf 85' lang='lat' dir='ltr'><strong>tric</strong></span> <span class='ocrx_word' id='word_1_692' title='bbox 1076 3754 1184 3806; x_wconf 90' lang='lat' dir='ltr'><strong>civitatis</strong></span> <span class='ocrx_word' id='word_1_693' title='bbox 1208 3751 1278 3811; x_wconf 78' lang='lat' dir='ltr'><strong>ordo,</strong></span> <span class='ocrx_word' id='word_1_694' title='bbox 1300 3750 1333 3802; x_wconf 95' lang='lat' dir='ltr'><strong>ad</strong></span> <span class='ocrx_word' id='word_1_695' title='bbox 1353 3750 1443 3800; x_wconf 87' lang='lat' dir='ltr'><strong>multas</strong></span> <span class='ocrx_word' id='word_1_696' title='bbox 1461 3751 1577 3800; x_wconf 69' lang='lat' dir='ltr'><strong>[etatesa</strong></span> <span class='ocrx_word' id='word_1_697' title='bbox 1598 3750 1714 3801; x_wconf 82' lang='lat' dir='ltr'><strong>Romanis</strong></span> <span class='ocrx_word' id='word_1_698' title='bbox 1734 3765 1796 3801; x_wconf 90' lang='lat' dir='ltr'><strong>con·</strong></span> <span class='ocrx_word' id='word_1_699' title='bbox 1828 3734 1844 3777; x_wconf 55' lang='grc' dir='ltr'>λ</span> 
     </span>
     <span class='ocr_line' id='line_1_94' title="bbox 1011 3782 1863 3923; baseline -0.002 -31"><span class='ocrx_word' id='word_1_700' title='bbox 1011 3845 1105 3893; x_wconf 78' lang='grc' dir='ltr'>εθιιιῑοι</span> <span class='ocrx_word' id='word_1_701' title='bbox 1123 3845 1237 3893; x_wconf 88' lang='lat' dir='ltr'><strong>servatus</strong></span> <span class='ocrx_word' id='word_1_702' title='bbox 1250 3843 1308 3891; x_wconf 89' lang='lat' dir='ltr'><strong>est:</strong></span> <span class='ocrx_word' id='word_1_703' title='bbox 1324 3837 1369 3888; x_wconf 89' lang='lat' dir='ltr'><strong>sed</strong></span> <span class='ocrx_word' id='word_1_704' title='bbox 1381 3840 1465 3888; x_wconf 89' lang='lat' dir='ltr'><strong>nostra</strong></span> <span class='ocrx_word' id='word_1_705' title='bbox 1480 3841 1563 3898; x_wconf 71' lang='lat' dir='ltr'><strong>aetate,</strong></span> <span class='ocrx_word' id='word_1_706' title='bbox 1580 3839 1724 3903; x_wconf 81' lang='lat' dir='ltr'><strong>urgentibus</strong></span> <span class='ocrx_word' id='word_1_707' title='bbox 1738 3840 1794 3903; x_wconf 88' lang='lat' dir='ltr'><strong>qui·</strong></span> <span class='ocrx_word' id='word_1_708' title='bbox 1844 3782 1863 3923; x_wconf 62' lang='grc' dir='ltr'>λ</span> 
     </span>
     <span class='ocr_line' id='line_1_95' title="bbox 1009 3926 1861 3997; baseline 0 -17"><span class='ocrx_word' id='word_1_709' title='bbox 1009 3929 1115 3980; x_wconf 87' lang='lat' dir='ltr'><strong>busdam</strong></span> <span class='ocrx_word' id='word_1_710' title='bbox 1125 3929 1248 3993; x_wconf 80' lang='lat' dir='ltr'><strong>‘gravibus</strong></span> <span class='ocrx_word' id='word_1_711' title='bbox 1260 3928 1456 3988; x_wconf 87' lang='lat' dir='ltr'><strong>necessitatibus,</strong></span> <span class='ocrx_word' id='word_1_712' title='bbox 1467 3930 1578 3977; x_wconf 89' lang='lat' dir='ltr'><strong>mutatus</strong></span> <span class='ocrx_word' id='word_1_713' title='bbox 1592 3931 1630 3977; x_wconf 90' lang='lat' dir='ltr'><strong>est</strong></span> <span class='ocrx_word' id='word_1_714' title='bbox 1639 3927 1794 3980; x_wconf 86' lang='lat' dir='ltr'><strong>iurationem</strong></span> <span class='ocrx_word' id='word_1_715' title='bbox 1852 3926 1861 3997; x_wconf 71' lang='grc' dir='ltr'>Ι</span> 
     </span>
     <span class='ocr_line' id='line_1_96' title="bbox 1010 4004 1858 4085; baseline -0.004 -15"><span class='ocrx_word' id='word_1_716' title='bbox 1010 4021 1088 4085; x_wconf 77' lang='lat' dir='ltr'><strong>magis</strong></span> <span class='ocrx_word' id='word_1_717' title='bbox 1104 4019 1256 4084; x_wconf 86' lang='lat' dir='ltr'><strong>popularem,</strong></span> <span class='ocrx_word' id='word_1_718' title='bbox 1278 4030 1326 4066; x_wconf 90' lang='lat' dir='ltr'><strong>non</strong></span> <span class='ocrx_word' id='word_1_719' title='bbox 1345 4018 1416 4080; x_wconf 87' lang='lat' dir='ltr'><strong>quasi</strong></span> <span class='ocrx_word' id='word_1_720' title='bbox 1428 4016 1546 4067; x_wconf 82' lang='lat' dir='ltr'><strong>centurius</strong></span> <span class='ocrx_word' id='word_1_721' title='bbox 1566 4015 1671 4066; x_wconf 75' lang='lat' dir='ltr'><strong>sublate</strong></span> <span class='ocrx_word' id='word_1_722' title='bbox 1691 4016 1793 4075; x_wconf 85' lang='lat' dir='ltr'><strong>tuerint,</strong></span> <span class='ocrx_word' id='word_1_723' title='bbox 1847 4004 1858 4061; x_wconf 65' lang='grc' dir='ltr'>ί</span> 
     </span>
     <span class='ocr_line' id='line_1_97' title="bbox 1009 4088 1848 4174; baseline -0.004 -12"><span class='ocrx_word' id='word_1_724' title='bbox 1009 4112 1051 4163; x_wconf 89' lang='lat' dir='ltr'><strong>sed</strong></span> <span class='ocrx_word' id='word_1_725' title='bbox 1062 4111 1120 4174; x_wconf 86' lang='lat' dir='ltr'><strong>quia</strong></span> <span class='ocrx_word' id='word_1_726' title='bbox 1135 4123 1221 4161; x_wconf 87' lang='lat' dir='ltr'><strong>eurum</strong></span> <span class='ocrx_word' id='word_1_727' title='bbox 1235 4108 1333 4158; x_wconf 86' lang='lat' dir='ltr'><strong>vocatio</strong></span> <span class='ocrx_word' id='word_1_728' title='bbox 1345 4109 1449 4172; x_wconf 84' lang='lat' dir='ltr'><strong>priscam</strong></span> <span class='ocrx_word' id='word_1_729' title='bbox 1468 4109 1534 4158; x_wconf 87' lang='lat' dir='ltr'><strong>illam</strong></span> <span class='ocrx_word' id='word_1_730' title='bbox 1548 4107 1668 4158; x_wconf 89' lang='lat' dir='ltr'><strong>rationem</strong></span> <span class='ocrx_word' id='word_1_731' title='bbox 1687 4108 1794 4172; x_wconf 84' lang='lat' dir='ltr'><strong>amptius</strong></span> <span class='ocrx_word' id='word_1_732' title='bbox 1841 4088 1848 4123; x_wconf 62' lang='lat'><em>³</em></span> 
     </span>
     <span class='ocr_line' id='line_1_98' title="bbox 1010 4195 1796 4263; baseline -0.008 -11"><span class='ocrx_word' id='word_1_733' title='bbox 1010 4215 1060 4252; x_wconf 92' lang='lat' dir='ltr'><strong>non</strong></span> <span class='ocrx_word' id='word_1_734' title='bbox 1069 4203 1159 4261; x_wconf 87' lang='lat' dir='ltr'><strong>servat,</strong></span> <span class='ocrx_word' id='word_1_735' title='bbox 1173 4202 1200 4249; x_wconf 93' lang='lat' dir='ltr'><strong>ut</strong></span> <span class='ocrx_word' id='word_1_736' title='bbox 1214 4211 1258 4263; x_wconf 82' lang='lat' dir='ltr'><strong>ege</strong></span> <span class='ocrx_word' id='word_1_737' title='bbox 1270 4197 1322 4261; x_wconf 88' lang='lat' dir='ltr'><strong>ipse</strong></span> <span class='ocrx_word' id='word_1_738' title='bbox 1336 4211 1401 4262; x_wconf 84' lang='lat' dir='ltr'><strong>soepe</strong></span> <span class='ocrx_word' id='word_1_739' title='bbox 1419 4196 1597 4258; x_wconf 87' lang='lat' dir='ltr'><strong>animadverti,</strong></span> <span class='ocrx_word' id='word_1_740' title='bbox 1611 4196 1671 4246; x_wconf 92' lang='lat' dir='ltr'><strong>dum</strong></span> <span class='ocrx_word' id='word_1_741' title='bbox 1686 4195 1796 4248; x_wconf 83' lang='lat' dir='ltr'><strong>comitiis</strong></span> 
     </span>
     <span class='ocr_line' id='line_1_99' title="bbox 1009 4283 1793 4353; baseline -0.009 -12"><span class='ocrx_word' id='word_1_742' title='bbox 1009 4291 1162 4341; x_wconf 84' lang='lat' dir='ltr'><strong>interessem.</strong></span> <span class='ocrx_word' id='word_1_743' title='bbox 1195 4286 1244 4339; x_wconf 89' lang='lat' dir='ltr'><strong>Sed</strong></span> <span class='ocrx_word' id='word_1_744' title='bbox 1263 4287 1416 4353; x_wconf 75' lang='lat' dir='ltr'><strong>inpresenti</strong></span> <span class='ocrx_word' id='word_1_745' title='bbox 1427 4289 1538 4351; x_wconf 87' lang='lat' dir='ltr'><strong>tempore</strong></span> <span class='ocrx_word' id='word_1_746' title='bbox 1549 4285 1580 4335; x_wconf 91' lang='lat' dir='ltr'><strong>de</strong></span> <span class='ocrx_word' id='word_1_747' title='bbox 1598 4283 1639 4335; x_wconf 88' lang='lat' dir='ltr'><strong>bis</strong></span> <span class='ocrx_word' id='word_1_748' title='bbox 1652 4297 1725 4349; x_wconf 81' lang='lat' dir='ltr'><strong>agere</strong></span> <span class='ocrx_word' id='word_1_749' title='bbox 1743 4299 1793 4335; x_wconf 88' lang='lat' dir='ltr'><strong>non</strong></span> 
     </span>
     <span class='ocr_line' id='line_1_100' title="bbox 1009 4378 1078 4429; baseline -0.029 0"><span class='ocrx_word' id='word_1_750' title='bbox 1009 4378 1078 4429; x_wconf 90' lang='lat' dir='ltr'><strong>libet.</strong></span> 
     </span>
    </p>
   </div>
   <div class='ocr_carea' id='block_1_5' title="bbox 1007 4472 1791 5242">
    <p class='ocr_par' dir='ltr' id='par_1_12' title="bbox 1007 4472 1791 5242">
     <span class='ocr_line' id='line_1_101' title="bbox 1041 4472 1791 4538; baseline -0.004 -12"><span class='ocrx_word' id='word_1_751' title='bbox 1041 4478 1116 4526; x_wconf 81' lang='lat' dir='ltr'><strong>Xxll.</strong></span> <span class='ocrx_word' id='word_1_752' title='bbox 1133 4476 1203 4524; x_wconf 83' lang='lat' dir='ltr'><strong>&#39;runc</strong></span> <span class='ocrx_word' id='word_1_753' title='bbox 1215 4473 1290 4538; x_wconf 84' lang='lat' dir='ltr'><strong>igitur</strong></span> <span class='ocrx_word' id='word_1_754' title='bbox 1303 4474 1413 4532; x_wconf 88' lang='lat' dir='ltr'><strong>Tullius,</strong></span> <span class='ocrx_word' id='word_1_755' title='bbox 1433 4486 1510 4523; x_wconf 90' lang='lat' dir='ltr'><strong>censu</strong></span> <span class='ocrx_word' id='word_1_756' title='bbox 1521 4472 1643 4536; x_wconf 84' lang='lat' dir='ltr'><strong>perlecto,</strong></span> <span class='ocrx_word' id='word_1_757' title='bbox 1657 4477 1791 4536; x_wconf 86' lang='lat' dir='ltr'><strong>postquam</strong></span> 
     </span>
     <span class='ocr_line' id='line_1_102' title="bbox 1010 4575 1791 4638; baseline -0.005 -9"><span class='ocrx_word' id='word_1_758' title='bbox 1010 4579 1081 4629; x_wconf 88' lang='lat' dir='ltr'><strong>iussit</strong></span> <span class='ocrx_word' id='word_1_759' title='bbox 1097 4592 1183 4629; x_wconf 87' lang='lat' dir='ltr'><strong>omnes</strong></span> <span class='ocrx_word' id='word_1_760' title='bbox 1195 4578 1262 4628; x_wconf 88' lang='lat' dir='ltr'><strong>cives</strong></span> <span class='ocrx_word' id='word_1_761' title='bbox 1282 4591 1340 4627; x_wconf 91' lang='lat' dir='ltr'><strong>cum</strong></span> <span class='ocrx_word' id='word_1_762' title='bbox 1354 4576 1430 4627; x_wconf 90' lang='lat' dir='ltr'><strong>armis</strong></span> <span class='ocrx_word' id='word_1_763' title='bbox 1442 4575 1528 4626; x_wconf 89' lang='lat' dir='ltr'><strong>adesse</strong></span> <span class='ocrx_word' id='word_1_764' title='bbox 1543 4575 1567 4625; x_wconf 93' lang='lat' dir='ltr'><strong>in</strong></span> <span class='ocrx_word' id='word_1_765' title='bbox 1585 4587 1686 4638; x_wconf 84' lang='lat' dir='ltr'><strong>campo,</strong></span> <span class='ocrx_word' id='word_1_766' title='bbox 1705 4587 1791 4625; x_wconf 85' lang='lat' dir='ltr'><strong>eorum</strong></span> 
     </span>
     <span class='ocr_line' id='line_1_103' title="bbox 1008 4676 1791 4744; baseline -0.009 -13"><span class='ocrx_word' id='word_1_767' title='bbox 1008 4681 1051 4744; x_wconf 86' lang='lat' dir='ltr'><strong>qui</strong></span> <span class='ocrx_word' id='word_1_768' title='bbox 1073 4685 1132 4731; x_wconf 90' lang='lat' dir='ltr'><strong>sunt</strong></span> <span class='ocrx_word' id='word_1_769' title='bbox 1154 4684 1211 4730; x_wconf 93' lang='lat' dir='ltr'><strong>ante</strong></span> <span class='ocrx_word' id='word_1_770' title='bbox 1233 4680 1320 4730; x_wconf 89' lang='lat' dir='ltr'><strong>urbem</strong></span> <span class='ocrx_word' id='word_1_771' title='bbox 1343 4679 1464 4740; x_wconf 82' lang='lat' dir='ltr'><strong>marimo,</strong></span> <span class='ocrx_word' id='word_1_772' title='bbox 1490 4679 1515 4728; x_wconf 90' lang='lat' dir='ltr'><strong>et</strong></span> <span class='ocrx_word' id='word_1_773' title='bbox 1535 4677 1631 4741; x_wconf 83' lang='lat' dir='ltr'><strong>equites</strong></span> <span class='ocrx_word' id='word_1_774' title='bbox 1653 4676 1678 4726; x_wconf 92' lang='lat' dir='ltr'><strong>in</strong></span> <span class='ocrx_word' id='word_1_775' title='bbox 1695 4678 1791 4725; x_wconf 84' lang='lat' dir='ltr'><strong>turmas</strong></span> 
     </span>
     <span class='ocr_line' id='line_1_104' title="bbox 1008 4776 1791 4848; baseline -0.011 -14"><span class='ocrx_word' id='word_1_776' title='bbox 1008 4783 1105 4848; x_wconf 81' lang='lat' dir='ltr'><strong>scripsit</strong></span> <span class='ocrx_word' id='word_1_777' title='bbox 1115 4786 1141 4833; x_wconf 90' lang='lat' dir='ltr'><strong>et</strong></span> <span class='ocrx_word' id='word_1_778' title='bbox 1151 4782 1247 4848; x_wconf 84' lang='lat' dir='ltr'><strong>pedites</strong></span> <span class='ocrx_word' id='word_1_779' title='bbox 1263 4784 1288 4832; x_wconf 93' lang='lat' dir='ltr'><strong>in</strong></span> <span class='ocrx_word' id='word_1_780' title='bbox 1298 4783 1350 4833; x_wconf 87' lang='lat' dir='ltr'><strong>acie</strong></span> <span class='ocrx_word' id='word_1_781' title='bbox 1364 4781 1506 4842; x_wconf 86' lang='lat' dir='ltr'><strong>collocarit,</strong></span> <span class='ocrx_word' id='word_1_782' title='bbox 1528 4784 1554 4829; x_wconf 88' lang='lat' dir='ltr'><strong>et</strong></span> <span class='ocrx_word' id='word_1_783' title='bbox 1565 4778 1657 4829; x_wconf 89' lang='lat' dir='ltr'><strong>milites</strong></span> <span class='ocrx_word' id='word_1_784' title='bbox 1673 4776 1737 4828; x_wconf 90' lang='lat' dir='ltr'><strong>levis</strong></span> <span class='ocrx_word' id='word_1_785' title='bbox 1749 4788 1791 4824; x_wconf 88' lang='lat' dir='ltr'><strong>ar·</strong></span> 
     </span>
     <span class='ocr_line' id='line_1_105' title="bbox 1008 4879 1787 4949; baseline -0.013 -11"><span class='ocrx_word' id='word_1_786' title='bbox 1008 4888 1111 4938; x_wconf 74' lang='lat' dir='ltr'><strong>maturae</strong></span> <span class='ocrx_word' id='word_1_787' title='bbox 1133 4887 1158 4936; x_wconf 90' lang='lat' dir='ltr'><strong>iu</strong></span> <span class='ocrx_word' id='word_1_788' title='bbox 1178 4887 1230 4937; x_wconf 89' lang='lat' dir='ltr'><strong>suis</strong></span> <span class='ocrx_word' id='word_1_789' title='bbox 1253 4899 1366 4949; x_wconf 85' lang='lat' dir='ltr'><strong>quosque</strong></span> <span class='ocrx_word' id='word_1_790' title='bbox 1379 4883 1509 4944; x_wconf 84' lang='lat' dir='ltr'><strong>centuriis,</strong></span> <span class='ocrx_word' id='word_1_791' title='bbox 1525 4883 1694 4935; x_wconf 89' lang='lat' dir='ltr'><strong>lustrationem</strong></span> <span class='ocrx_word' id='word_1_792' title='bbox 1715 4879 1787 4930; x_wconf 90' lang='lat' dir='ltr'><strong>insti·</strong></span> 
     </span>
     <span class='ocr_line' id='line_1_106' title="bbox 1008 4979 1789 5047; baseline -0.009 -12"><span class='ocrx_word' id='word_1_793' title='bbox 1008 4987 1057 5037; x_wconf 89' lang='lat' dir='ltr'><strong>tuit</strong></span> <span class='ocrx_word' id='word_1_794' title='bbox 1070 4990 1158 5045; x_wconf 86' lang='lat' dir='ltr'><strong>tauro,</strong></span> <span class='ocrx_word' id='word_1_795' title='bbox 1171 4984 1263 5046; x_wconf 88' lang='lat' dir='ltr'><strong>ariete,</strong></span> <span class='ocrx_word' id='word_1_796' title='bbox 1284 4987 1310 5034; x_wconf 90' lang='lat' dir='ltr'><strong>et</strong></span> <span class='ocrx_word' id='word_1_797' title='bbox 1322 4983 1400 5033; x_wconf 87' lang='lat' dir='ltr'><strong>biron.</strong></span> <span class='ocrx_word' id='word_1_798' title='bbox 1433 4985 1484 5032; x_wconf 87' lang='lat' dir='ltr'><strong>ilas</strong></span> <span class='ocrx_word' id='word_1_799' title='bbox 1497 4983 1592 5033; x_wconf 84' lang='lat' dir='ltr'><strong>hostias</strong></span> <span class='ocrx_word' id='word_1_800' title='bbox 1605 4986 1736 5047; x_wconf 85' lang='lat' dir='ltr'><strong>postquam</strong></span> <span class='ocrx_word' id='word_1_801' title='bbox 1748 4979 1789 5029; x_wconf 88' lang='lat' dir='ltr'><strong>ter</strong></span> 
     </span>
     <span class='ocr_line' id='line_1_107' title="bbox 1008 5076 1788 5144; baseline -0.006 -12"><span class='ocrx_word' id='word_1_802' title='bbox 1008 5083 1073 5134; x_wconf 91' lang='lat' dir='ltr'><strong>circa</strong></span> <span class='ocrx_word' id='word_1_803' title='bbox 1088 5082 1225 5134; x_wconf 79' lang='lat' dir='ltr'><strong>exercitum</strong></span> <span class='ocrx_word' id='word_1_804' title='bbox 1247 5080 1378 5144; x_wconf 78' lang='lat' dir='ltr'><strong>circumagi</strong></span> <span class='ocrx_word' id='word_1_805' title='bbox 1397 5078 1471 5130; x_wconf 90' lang='lat' dir='ltr'><strong>iussit</strong></span> <span class='ocrx_word' id='word_1_806' title='bbox 1490 5080 1572 5140; x_wconf 84' lang='lat' dir='ltr'><strong>Marti,</strong></span> <span class='ocrx_word' id='word_1_807' title='bbox 1592 5081 1632 5129; x_wconf 91' lang='lat' dir='ltr'><strong>cui</strong></span> <span class='ocrx_word' id='word_1_808' title='bbox 1648 5076 1788 5142; x_wconf 86' lang='lat' dir='ltr'><strong>campusis</strong></span> 
     </span>
     <span class='ocr_line' id='line_1_108' title="bbox 1007 5177 1789 5242; baseline -0.004 -11"><span class='ocrx_word' id='word_1_809' title='bbox 1007 5191 1077 5231; x_wconf 88' lang='lat' dir='ltr'><strong>sacer</strong></span> <span class='ocrx_word' id='word_1_810' title='bbox 1096 5184 1142 5239; x_wconf 86' lang='lat' dir='ltr'><strong>est.</strong></span> <span class='ocrx_word' id='word_1_811' title='bbox 1158 5178 1301 5231; x_wconf 88' lang='lat' dir='ltr'><strong>immolavit.</strong></span> <span class='ocrx_word' id='word_1_812' title='bbox 1336 5181 1416 5242; x_wconf 77' lang='lat' dir='ltr'><strong>Atque</strong></span> <span class='ocrx_word' id='word_1_813' title='bbox 1436 5177 1537 5231; x_wconf 84' lang='lat' dir='ltr'><strong>Romani</strong></span> <span class='ocrx_word' id='word_1_814' title='bbox 1556 5177 1588 5229; x_wconf 88' lang='lat' dir='ltr'><strong>ad</strong></span> <span class='ocrx_word' id='word_1_815' title='bbox 1601 5190 1683 5228; x_wconf 89' lang='lat' dir='ltr'><strong>meam</strong></span> <span class='ocrx_word' id='word_1_816' title='bbox 1706 5189 1789 5241; x_wconf 80' lang='lat' dir='ltr'><strong>usque</strong></span> 
     </span>
    </p>
   </div>
   <div class='ocr_carea' id='block_1_6' title="bbox 0 0 1890 5828">
    <p class='ocr_par' dir='ltr' id='par_1_13' title="bbox 0 0 1890 5828">
     <span class='ocr_line' id='line_1_109' title="bbox 0 0 1890 5828; baseline 0 4"><span class='ocrx_word' id='word_1_817' title='bbox 0 0 1890 5828; x_wconf 95' lang='lat' dir='ltr'><strong> </strong></span> 
     </span>
    </p>
   </div>
  </div>
 </body>
</html>
