3772 5828
172 292 233 351 aff

174 443 188 477 ιι
205 444 279 480 σεται
293 418 356 478 τάδε
369 416 511 495 λέγεσθαι,
526 417 657 495 συγχωρῶ
672 417 745 495 αὐτῷ
756 414 870 491 νομίζειν
880 412 951 480 ὅπως

176 536 188 561 ι
207 509 345 587 βούλεται,
368 505 448 585 μέχρι
463 504 491 563 δέ
510 503 610 571 παντὸς
629 503 824 579 ἐναντιώσομαι
844 507 898 571 τοῖς
915 502 950 561 τά

176 624 189 649 ιι
205 594 243 673 μὴ
257 594 358 673 πάτρια
373 591 556 669 πολιτεύματα
571 591 793 671 εἰσηγησομένοις.
837 591 950 663 Ἐπειδὴ

177 685 233 745 «δέ
253 686 282 744 οῦ
303 683 338 743 τά
357 682 425 764 χρέα
444 685 600 741 ἀπαιτοῦσιν
614 685 639 742 οἱ
659 684 765 761 καιροὶ,
787 685 906 762 μεγάλην
921 682 950 742 δέ

130 785 143 821 ⁸
177 802 190 828 ιι
208 774 349 853 βοήθειαν,
363 771 467 849 δμόνον
481 771 555 831 έσται
568 777 616 843 τῆς
631 772 800 850 διχοστασίας
809 773 950 854 φάρμακον

177 864 234 920 ιάν
263 864 300 941 τῷ
323 863 433 941 παρόντι
464 860 572 940 ρράσω·
599 859 740 939 δικτάτορα
766 862 857 921 ἕλεσθε
881 864 951 922 κατά

176 981 187 1003 ι
204 949 286 1029 τάχος
297 995 305 1025 ,
318 948 345 1016 ὃς
359 950 488 1025 ἀνευθύνῳ
502 946 638 1029 χρώμενος
662 948 766 1031 ἐξουσία
788 951 833 1010 καί
855 951 950 1028 βουλὴν

176 1066 188 1091 ιι
214 1040 259 1097 καὶ
275 1040 356 1113 δῆμον
382 1039 525 1114 ἀναγκάσει
539 1037 572 1096 τά
588 1037 720 1118 κράτιστα
739 1043 778 1119 τῷ
792 1040 870 1114 κοενῗί
886 1063 950 1120 ρρο·

176 1154 189 1179 ι
206 1131 271 1186 νεῖν·
288 1126 356 1199 άλλη
378 1125 429 1208 γάρ
450 1127 496 1185 οὐκ
517 1126 591 1185 ἔσται
613 1126 768 1198 τηλικούτου
795 1133 877 1188 κακοῦ
899 1127 949 1187 λύ-

119 1223 145 1261 ¹⁰
174 1243 186 1266 ·
201 1239 253 1282 σις.
271 1242 283 1266 s

215 1305 354 1367 XXXIX.
377 1305 462 1363 Ταῦτ’
480 1303 598 1371 εἰπόντος
617 1303 747 1381 Ἀππίου,
767 1305 812 1364 καί
822 1309 875 1365 τῶν
885 1306 951 1366 νέων

173 1391 423 1472 έπιθορυύησάντων
432 1394 468 1459 ῶς
480 1391 513 1449 τά
525 1391 618 1451 δέοντα
628 1393 830 1470 εἰσηγουμένου,
841 1390 951 1473 Σερουί·

173 1480 228 1550 λιός
238 1503 265 1539 τε
276 1479 416 1548 ἀντιλέξειν
436 1480 532 1553 ἀνέστη
552 1480 597 1540 καλ
616 1481 692 1540 ἀλλοι
705 1481 774 1551 τινίς
800 1486 853 1541 τῶν
867 1507 952 1565 πρεσ-

175 1568 306 1649 όυτίρων·
331 1572 450 1640 ἡττῶντο
473 1569 500 1630 δὲ
533 1573 586 1629 τῶν
609 1571 760 1649 νεωτέρων,
788 1576 818 1632 ἐκ
845 1596 953 1654 παρασ-

120 1675 144 1714 ts
175 1661 254 1729 κενῆς
271 1680 300 1715 τε
323 1657 519 1735 ἀφικνουμένων
540 1659 585 1717 καὶ
609 1662 658 1738 βοῇ
682 1662 769 1738 πολλῆ
793 1660 953 1739 χρωμένων·

174 1746 219 1804 καὶ
236 1745 319 1823 πέρας
343 1745 462 1816 ἐνίκησεν
486 1750 503 1816 ἡ
529 1746 640 1806 Ἀππίου
659 1749 761 1825 γνώμη.
805 1747 860 1809 Καί
885 1747 951 1824 μετὰ

174 1839 256 1893 ταῦτα
269 1837 292 1893 oi
308 1833 402 1893 ύπατοι
417 1838 493 1914 κοινῇ
502 1833 595 1916 γνώμη
607 1836 786 1915 χρησάμενοι,
796 1840 848 1896 τῶν
859 1839 951 1898 πλείσ-

174 1946 225 1980 των
245 1921 371 1999 οἰομένων
389 1921 433 1980 τδν
455 1920 568 1983 Ἄππιον
593 1926 831 2005 ἀποδειχθήσεσθαι
858 1928 950 1988 δικτά-

174 2033 253 2091 τορα,
267 2014 304 2077 ῶς
328 2009 406 2085 μόνον
424 2013 603 2091 ε’πικρατῆσαι
615 2017 663 2084 τῆς
680 2014 849 2093 διχοστασίας
873 2016 954 2088 δυνη-

117 2120 145 2161 au
174 2099 300 2172 σύμενον,
346 2102 442 2158 ἐκεῖνον
487 2102 535 2177 μίν
568 2101 734 2176 ἀπήλασαν,
777 2103 880 2164 Μάνιον
925 2108 954 2166 δὲ

173 2187 318 2267 Οὐαλέριον
335 2189 443 2269 ἀδελρδν
467 2191 587 2251 Ποπλίου
612 2192 759 2270 Οὐαλερίου
781 2197 828 2250 τοῦ
850 2193 955 2271 πρώτου

174 2277 385 2352 ὑπατεύσαντος,
408 2277 454 2337 καί
470 2278 685 2353 δημοτικώτατον
708 2282 833 2338 δοκοῦντα
848 2280 954 2340 ἔσεσθαι

173 2365 220 2423 καί
243 2366 326 2445 ἀνδρα
348 2366 459 2444 γηραιδν
474 2367 629 2441 ἀπέδειξαν,
646 2369 710 2428 αῦτδ
729 2369 881 2449 τὀρούερδν
903 2371 955 2430 οἷό-

173 2475 246 2525 μενοι
260 2456 307 2523 τῆς
322 2452 440 2521 ἐξουσίας
455 2456 622 2534 ἀποχρῆναι,
646 2456 737 2538 ἀνδρὸς
759 2457 787 2516 δὲ
809 2458 844 2516 τά
866 2459 954 2520 πάντα

119 2549 145 2587 2⁵
174 2541 303 2608 ἐπιεικοῦς
312 2543 366 2609 τοῖς
381 2542 522 2622 πράγμασι
535 2545 606 2622 δεῖν,
622 2543 665 2603 ίνα
684 2546 766 2622 μηδὲν
782 2546 953 2628 ἐξεργάσηται

172 2630 310 2712 νεώτερον.

213 2722 273 2780 XL.
299 2719 468 2797 Παραλαύών
496 2720 523 2780 δέ
549 2720 596 2793 τῆν
624 2723 709 2803 ἀρχὴν
735 2725 881 2807 Οθαλίρεος
907 2728 953 2787 καί

174 2807 365 2883 προσελόμενος
384 2808 522 2890 ἱππάρχην
540 2813 650 2870 Κόϊντον
672 2812 823 2891 Σερουίλιον
840 2816 952 2897 ἀδελρδν

174 2900 219 2952 τοῦ
231 2896 475 2965 συνυπατεύσαντος
485 2899 590 2980 Ἀππίῳ
602 2902 755 2981 Σερουϊλίου
765 2948 773 2975 ,
788 2904 952 2984 παρήγγειλε

119 2994 147 3035 ³⁰
174 2985 218 3042 τὸν
240 2985 323 3060 δῆμον
339 2989 377 3053 είς
390 2986 534 3059 ἐκκλησίαν
555 2997 690 3067 παρεῖναι.
735 2992 909 3062 Συνελθόντος
923 2993 951 3053 δδ

174 3074 254 3153 ὄχλου
268 3081 364 3154 συχνοῦ
376 3076 435 3134 τότε
448 3079 551 3152 πρῶτον
561 3075 587 3143 ἐξ
602 3068 631 3134 ού
648 3077 696 3148 τὴν
711 3079 797 3158 ἀρχὴν
811 3084 825 3137 θ
844 3081 952 3161 Σιρουΐ·

173 3164 229 3228 λιος
243 3162 369 3235 ἀπέθετο,
384 3163 453 3221 καίθ
468 3163 549 3239 δῆμος
564 3163 689 3240 ἀγόμενος
702 3166 745 3224 an
756 3168 802 3234 τὰς
813 3170 952 3247 στρατείας

175 3249 338 3331 είςρανεράν
363 3251 487 3311 ἀπόνοιαν
513 3252 657 3332 ἐτράπετο,
687 3257 821 3332 προελθὼν
845 3256 889 3316 ἐπὶ
923 3261 953 3319 τὸ

176 3343 251 3416 βῆμα
267 3339 366 3407 ἔλεξενι
384 3368 395 3391 ιι
412 3330 450 3400 Ὦ
471 3342 595 3412 πολῖται,
618 3332 647 3400 τῦ
670 3341 747 3418 ἴσμεν
768 3346 808 3405 ότι
824 3348 952 3425 βουλομέ-

120 3439 147 3479 ae
179 3451 263 3494 ινοις
288 3433 351 3504 ὑμῖν
375 3432 444 3487 ἐστιν
467 3430 510 3487 ἀεί
529 3454 601 3494 τινας
627 3434 656 3490 ἐκ
675 3438 720 3492 τοῦ
742 3435 894 3513 Οὐαλερίων
913 3436 957 3514 γε’·

180 3540 267 3583 ινους
290 3518 381 3596 ἄρχειν
406 3521 497 3592 ὑμῶν,
523 3521 564 3598 ὑφ’
586 3511 622 3578 ῶν
652 3520 781 3601 ἐλεύθεροι
808 3526 957 3604 τυραννίδος
1009 3542 1021 3564 ι
1036 3522 1134 3573 Valeria
1157 3523 1283 3582 habeatis,
1305 3524 1376 3572 euius
1394 3537 1470 3587 opem
1492 3523 1623 3586 tyrannide
1646 3522 1789 3587 pravissima

179 3631 190 3656 ιι
208 3609 329 3685 χαλεπῆς
344 3606 468 3684 γεγόνατε
489 3606 534 3665 καὶ
555 3609 656 3675 οὐδενὸς
676 3614 729 3669 τῶν
755 3613 867 3691 μετρίων
892 3620 954 3676 ἀτυ-

178 3720 191 3744 ιι
209 3693 315 3772 χήσειν,
336 3693 354 3765 ῆ
373 3695 443 3775 τάχα
465 3694 528 3770 μίαν
545 3695 607 3772 ἀτε,
632 3702 702 3775 ὑμᾶς
726 3700 819 3768 αὐτούς
850 3707 954 3783 ἐπιτρέ-

180 3807 192 3832 ι
209 3784 304 3861 ψαντες
320 3793 374 3849 τοῖς
388 3784 511 3843 ἁπάντων
536 3786 759 3860 δημοτικωτάτοις
783 3791 886 3850 δοκοῦσι
908 3793 951 3850 καί

178 3895 190 3920 ι
207 3861 289 3932 οὖσιν.
331 3870 419 3931 Ὥστε
435 3875 462 3931 οὗ
479 3875 588 3952 διδαχῆς
607 3876 671 3950 ἡμῖν
690 3876 822 3952 δεόμενοι,
838 3878 877 3935 ότι
903 3884 954 3958 βε·

177 3957 354 4033 ιύαιώσομεν
377 3964 414 4041 τῷ
434 3962 511 4042 δάμῳ
530 3963 560 4020 τὸ
584 3961 733 4044 έλεύθερον,
760 3963 834 4044 οίπερ
857 3968 902 4026 καὶ
927 3968 953 4037 ἐξ

177 4070 187 4092 ι
204 4045 286 4120 ἀρχῆς
300 4048 364 4104 αὐτὸ
383 4049 535 4127 ἐδιώκομεν,
552 4053 575 4110 oi
598 4050 670 4129 λόγοι
685 4052 803 4126 ἔσονται,
820 4054 888 4111 ἀλλά
901 4079 952 4113 πα-

179 4157 190 4181 ιι
210 4131 362 4210 ρακλῆσεως
383 4139 509 4217 μετρίας,
535 4137 577 4198 ίνα
591 4139 731 4212 πιστεύητε
761 4146 824 4216 ἡμῖν
845 4142 861 4202 ό
878 4167 903 4201 τι
921 4145 952 4203 διν

125 4303 128 4307 .
178 4246 191 4270 ιι
209 4219 386 4298 ὑποσχώμεθα
407 4226 580 4299 ἐμπεδώσειν,
603 4226 725 4295 Ἡλικίας
740 4229 801 4307 γδιρ,
818 4230 835 4301 ἣ
851 4231 881 4289 τδ
901 4256 949 4313 φε-

120 4312 147 4354 ⁴⁶
176 4333 188 4356 ιι
204 4309 316 4376 νακίζειν
338 4308 435 4379 ἥκιστα
461 4312 627 4394 ἐπιδέχεται,
647 4316 691 4374 ε’πί
719 4317 748 4375 τδ
767 4317 866 4378 τέλειον
889 4321 952 4394 iiico-

179 4418 275 4469 «μεν,
300 4397 344 4455 καί
360 4397 537 4473 ἀξιώσεως,ῆ
559 4408 605 4462 τοῦ
630 4408 790 4485 ῥᾳδιουργεῖν
814 4409 951 4490 ἐλάχιστον

178 4509 190 4532 ιι
209 4483 314 4561 φέρεται
337 4485 428 4566 μέρος,
450 4490 595 4566 ἀρκούντως
620 4494 730 4573 ἔχομεν,
748 4496 841 4575 χρόνον
857 4521 885 4556 τε
903 4502 949 4579 οὐχ

179 4598 190 4623 ιι
208 4570 316 4649 ἑτέρωθί
334 4596 383 4631 που
405 4573 449 4631 τδν
472 4577 624 4651 λειπόμενον
651 4581 776 4656 βιοτεύειν
801 4566 953 4663 μέλλομεν,

177 4686 188 4708 ιι
210 4660 269 4716 ἀλλ’
295 4662 320 4718 έν
339 4665 418 4737 ύμῖν,
441 4661 515 4730 δίκας
533 4657 570 4723 ῶν
593 4666 624 4725 διν
647 4669 810 4743 ἐξαπατῆσαι
834 4675 952 4752 δοκῶμεν

122 4761 148 4799 ⁶⁰
182 4772 193 4794 ι
212 4749 355 4828 ὑφέξοντες.
399 4753 493 4809 Ταῦτα
514 4752 560 4827 μὲν
576 4747 636 4828 οῦν,
653 4759 743 4839 ὥσπερ
764 4760 844 4841 ἔρην,
867 4766 901 4829 ῶς
925 4769 954 4823 ού

182 4857 194 4881 ιι
213 4842 320 4914 μακρῶν
334 4838 454 4917 δεόμενος
468 4838 552 4917 λόγων
568 4844 631 4922 πρὸς
646 4847 760 4920 εἰδότας,
778 4849 858 4907 ἐάσω.
876 4850 913 4911 Ὃ
926 4852 954 4911 δέ

185 4945 195 4969 ι
215 4943 260 4992 μοι
278 4924 375 4986 δοκεῖτε
392 4927 518 4996 παθόντες
534 4932 575 5011 ῦρ’
593 4931 687 5009 ἑτέροιο
704 4935 808 5002 είκότως
822 4937 866 4995 ἐπὶ
882 4940 951 4999 παίν-

181 5029 260 5064 ιτων
280 5014 453 5090 ὑποπτεύειν,
473 5021 582 5097 δρῶντες
602 5022 654 5079 αἰεί
675 5046 733 5080 τινα
754 5028 806 5083 τῶν
827 5050 953 5108 παρακα-

182 5122 195 5146 s
213 5090 328 5155 λυόντων
343 5104 410 5178 ὑμᾶς
422 5102 465 5162 tet
482 5105 540 5174 τοῦς
551 5106 680 5186 πολέμους
693 5111 799 5171 ὑπάτων
812 5117 952 5199 ὑπισχνοῦ·

687 281 856 343 ΒΙΟΝΥΒΙΙ
878 278 1268 343 ΗΑΙιΙΟλΗΝΑδὸΕΝὸΙὸ.

1004 440 1016 464 ι
1031 422 1104 472 tist:
1134 423 1218 471 umen
1244 432 1342 482 semper
1364 416 1514 468 adversabor
1537 417 1583 476 iis,
1602 416 1646 481 qui
1668 417 1782 470 instituta

1005 522 1098 558 ιιιεονε
1117 511 1204 557 eontra
1220 508 1328 570 patrium
1348 518 1443 556 morem
1462 505 1488 555 in
1507 505 1687 569 rempublicam
1708 506 1782 558 indu·

1004 616 1017 641 ιι
1031 599 1096 649 cent.
1129 595 1252 654 Quoniam
1271 598 1355 644 autem
1376 596 1498 659 temporis
1519 596 1629 646 rationes
1643 610 1716 648 ειυιεε
1735 612 1785 651 uon

1005 704 1017 730 ιι
1033 699 1069 736 aes
1081 685 1201 744 alienum,
1215 683 1257 734 sed
1272 697 1389 747 maganum
1401 683 1503 748 aliquod
1518 684 1639 736 auxilium
1656 689 1783 751 postubt,

1005 794 1017 818 ι
1035 774 1129 831 διὀαιιι,
1144 773 1211 837 quod
1231 772 1292 822 mihi
1308 772 1411 822 unicum
1427 772 1452 822 in
1474 785 1585 837 praeseus
1599 774 1730 827 seditionis
1743 779 1783 828 ri·

1005 884 1018 907 ιι
1032 861 1280 922 θεείοετειυοιλὶυιυς
1294 860 1440 912 dictatorem
1450 864 1634 926 quamprimum
1651 865 1783 916 creandum

1005 974 1018 997 ι
1035 967 1137 1014 causeo,
1153 952 1212 1018 qui,
1233 951 1353 1016 proeditus
1366 954 1487 1016 potestate
1506 953 1580 1002 nullis
1595 954 1729 1005 reddendis
1744 970 1781 1007 ra·

1005 1064 1019 1090 ιι
1032 1043 1141 1094 tionibus
1154 1042 1273 1103 obnoxia,
1295 1045 1320 1092 et
1334 1045 1448 1091 senatum
1462 1044 1489 1092 at
1501 1043 1623 1106 populum
1640 1045 1735 1108 optime
1754 1046 1785 1097 de

1006 1152 1018 1176 ι
1034 1131 1157 1196 περιιοῦσα
1168 1131 1260 1180 sentire
1277 1133 1357 1191 cogat.
1389 1130 1463 1180 Nulla
1477 1131 1543 1180 enirn
1554 1130 1603 1181 alia
1618 1133 1713 1183 ratione
1734 1136 1786 1184 tan-

1006 1242 1018 1266 ιι
1034 1225 1088 1271 tum
1101 1219 1194 1268 malum
1205 1218 1258 1268 tolli
1272 1219 1371 1281 poterit.
1385 1239 1397 1262 ιι

1036 1313 1145 1362 xxxix.
1163 1314 1233 1361 liano
1254 1311 1325 1375 Appii
1347 1312 1509 1372 senteutiam,
1522 1313 1694 1377 utoptimam,
1707 1315 1785 1367 iunio·

1007 1400 1075 1451 ribus
1096 1400 1184 1464 plausu
1201 1399 1433 1463 comprobantibus,
1455 1401 1573 1452 Serviliam
1586 1404 1786 1456 contradicturus

1007 1488 1127 1549 surrexit,
1142 1488 1219 1539 etalii
1232 1487 1333 1551 quidam
1344 1488 1377 1538 de
1395 1487 1548 1538 senioribus:
1563 1491 1606 1540 sed
1627 1491 1687 1541 victi
1701 1494 1785 1542 sunta

1012 1577 1161 1635 iunioribus,
1171 1577 1214 1641 qui
1228 1579 1253 1626 et
1263 1576 1296 1626 ad
1308 1576 1355 1626 hoc
1365 1576 1445 1640 ipsum
1460 1578 1539 1640 parati
1549 1583 1681 1641 venerant,
1693 1582 1719 1630 et
1731 1594 1784 1629 ma·

1007 1682 1067 1733 gnos
1078 1667 1197 1717 clamores
1210 1666 1356 1715 excitamnt.
1392 1669 1471 1729 Atque
1481 1668 1522 1716 tta
1536 1665 1634 1718 undem
1647 1669 1717 1731 appii
1731 1682 1783 1719 san·

1007 1756 1086 1807 tentis
1103 1755 1171 1806 sicit.
1205 1756 1294 1804 Postea
1313 1755 1427 1804 consules
1445 1753 1477 1804 de
1503 1755 1629 1806 communi
1650 1769 1784 1819 conseruo,

1008 1847 1131 1911 plerisque
1147 1844 1345 1897 existimantibus
1370 1845 1477 1911 appium
1501 1845 1649 1899 dictatorem
1674 1853 1786 1900 creatum

1007 1935 1054 1997 iri,
1068 1935 1139 1998 quasi
1152 1935 1227 1985 -solus
1239 1935 1278 1986 ille
1290 1934 1441 1999 reipublicae
1459 1933 1622 1997 patrocinium
1641 1934 1739 1986 fortiter
1752 1949 1788 1985 re

1004 2024 1082 2074 tiuare
1098 2028 1194 2088 posset,
1207 2023 1278 2074 illum
1297 2024 1455 2087 repulemnt,
1473 2024 1500 2073 et
1518 2021 1629 2073 lisoium
1641 2023 1787 2083 Valerium,

1009 2114 1110 2164 fratrem
1152 2116 1181 2163 P.
1211 2115 1314 2171 Valerii,
1348 2113 1393 2178 qui
1422 2112 1513 2177 primus
1542 2114 1628 2163 Romae
1669 2112 1785 2162 consula-

1008 2207 1062 2253 tum
1073 2203 1162 2266 gessit,
1180 2215 1238 2252 eum
1259 2207 1285 2252 et
1308 2201 1508 2265 popularissimus
1533 2201 1585 2252 fora
1607 2199 1745 2262 rideretur,
1759 2203 1785 2249 et

1008 2300 1083 2338 saner
1096 2287 1146 2338 iam
1158 2291 1238 2348 asset,
1252 2288 1400 2337 ‹liciatoram
1412 2290 1541 2348 crearunt,
1556 2286 1604 2336 rati
1616 2286 1676 2335 satis
1687 2285 1720 2335 ad
1733 2287 1785 2336 ter·

1009 2390 1090 2429 rorem
1103 2377 1181 2442 ipsam
1192 2379 1338 2440 potestatam
1357 2376 1491 2427 sufficeres
1504 2378 1652 2441 pausantem
1670 2389 1731 2425 vero
1749 2387 1788 2425 re·

1008 2479 1063 2515 rum
1090 2468 1183 2516 statum
1207 2478 1279 2527 egere
1300 2465 1354 2514 viro
1381 2465 1481 2529 penitus
1495 2462 1622 2527 clamanti,
1648 2477 1679 2514 ne
1704 2477 1788 2527 quem,

1008 2569 1102 2606 novum
1116 2556 1252 2606 tumultum
1268 2556 1395 2605 excitarat.

1039 2746 1088 2795 xo.
1104 2743 1227 2802 valerius,
1248 2745 1349 2807 accepto
1366 2756 1396 2793 eo
1407 2743 1568 2807 magistmtu,
1585 2746 1611 2794 et
1628 2743 1696 2794 dicto
1715 2744 1787 2806 aquai-

1013 2843 1069 2891 tum
1082 2840 1202 2904 magistro
1216 2842 1249 2897 Q.
1264 2839 1384 2901 Seruilio,
1397 2841 1477 2892 fratre
1488 2840 1585 2892 sardii
1601 2840 1701 2903 collegae
1717 2838 1786 2902 Appii

1007 2939 1126 3003 populum
1142 2939 1174 2989 ud
1185 2939 1328 2989 concionem
1350 2938 1490 2990 advocarit.
1523 2940 1586 2989 cum
1600 2941 1683 2987 autam
1702 2937 1787 3000 iugens
1808 2975 1811 2979 .

1008 3038 1081 3088 turba
1095 3051 1125 3087 eo
1142 3036 1315 3097 conduxisset,
1330 3038 1391 3088 tuuc
1414 3035 1535 3102 primum,
1558 3048 1654 3099 exque
1669 3033 1788 3084 Servilius

1008 3136 1180 3197 magistratum
1193 3132 1342 3196 deposuerat
1353 3138 1380 3185 et
1393 3134 1464 3199 plebs
1476 3132 1567 3184 educta
1583 3132 1608 3182 iu
1620 3131 1791 3196 expeditiones

1001 3229 1039 3279 ad
1054 3230 1208 3280 manifestam
1223 3231 1421 3294 desperationem
1433 3245 1460 3282 se
1471 3232 1595 3292 verterat,
1609 3242 1755 3295 progressus
1764 3229 1789 3278 in

1008 3327 1116 3378 tribunal
1129 3328 1165 3377 sic
1186 3328 1285 3378 locutus
1303 3332 1360 3379 est:
1378 3350 1390 3373 ι
1403 3329 1485 3379 Probe
1502 3328 1610 3390 seimus,
1626 3327 1749 3387 Quirites,
1762 3325 1788 3375 id

1008 3445 1021 3471 ιι
1037 3426 1107 3476 vohis
1120 3427 1231 3490 placere,
1246 3433 1275 3475 ut
1286 3439 1383 3490 semper
1395 3428 1491 3490 aliquos
1500 3428 1658 3491 rnagfstratus
1669 3426 1700 3476 da
1717 3429 1789 3489 geute

1009 3643 1021 3665 ι
1039 3623 1134 3673 liberati
1148 3623 1221 3682 estis,
1236 3625 1262 3672 at
1284 3621 1376 3671 nullius
1396 3622 1432 3671 rai
1453 3635 1534 3685 {aqum
1550 3622 1675 3686 repulsam
1687 3620 1788 3679 tulistis,

1009 3739 1021 3761 ιι
1036 3735 1115 3784 noque
1130 3720 1243 3770 iniuriam
1256 3720 1351 3782 passuri
1362 3720 1534 3783 permittentes
1544 3723 1643 3770 vosmet
1649 3719 1680 3769 iis
1689 3719 1731 3781 qui
1746 3732 1788 3781 po

1009 3832 1020 3854 ι
1037 3812 1184 3875 putarissimi
1195 3814 1221 3861 et
1234 3825 1289 3862 assa
1305 3811 1420 3861 videntur
1431 3815 1457 3861 at
1467 3814 1533 3862 sunt.
1548 3815 1643 3870 Quare,
1660 3810 1724 3874 apud
1743 3821 1787 3857 ros

1009 3926 1022 3949 ιι
1036 3906 1113 3954 uerba
1125 3904 1233 3955 facienda
1246 3908 1303 3953 sunt
1324 3919 1371 3954 non
1391 3909 1419 3955 ut
1433 3919 1478 3955 ros
1486 3905 1588 3956 doceam
1607 3917 1651 3954 nos
1664 3902 1741 3967 piebis
1758 3901 1789 3951 li·

1009 4020 1021 4042 ι
1033 4000 1154 4050 bartatem
1169 4000 1369 4060 confirmaturos,
1382 4001 1425 4064 qui
1438 4014 1494 4051 eam
1505 4001 1536 4050 ab
1548 3999 1616 4050 initio
1625 3997 1649 4048 ei
1659 3995 1784 4056 dedimus,

1009 4115 1021 4137 ιι
1037 4094 1081 4144 sed
1094 4096 1121 4143 ut
1132 4107 1175 4142 vos
1186 4094 1268 4157 paucis
1279 4107 1400 4155 moneam,
1416 4108 1487 4158 possa
1499 4108 1544 4144 vos
1555 4097 1610 4143 tuto
1621 4091 1691 4142 nobis
1701 4090 1784 4146 fidere,

1009 4207 1020 4229 ιι
1037 4201 1081 4236 rios
1091 4187 1211 4252 quidquid
1222 4187 1322 4251 polliciti
1339 4187 1459 4237 fuerimus
1474 4187 1500 4237 id
1511 4190 1631 4251 praestara
1642 4185 1714 4236 ralla.
1748 4181 1786 4235 Ad

1009 4298 1020 4321 ι
1038 4295 1093 4331 earn
1106 4282 1170 4330 enim
1185 4283 1266 4332 aetatis
1277 4283 1450 4347 perlectionem
1462 4282 1584 4344 venimus,
1599 4296 1654 4346 quas
1673 4280 1736 4332 dolis
1749 4281 1787 4332 uti

1008 4391 1022 4418 ιι
1039 4387 1087 4422 ιιοιι
1108 4374 1182 4434 τοίως
1204 4388 1232 4423 ac
1244 4373 1361 4437 dignitate
1382 4375 1441 4424 satis
1468 4374 1549 4437 arripla
1571 4374 1670 4438 praediti
1685 4387 1789 4432 sumus,

1009 4487 1021 4509 ι
1035 4482 1091 4530 quta
1109 4468 1209 4518 minime
1221 4469 1314 4532 patitur
1329 4475 1357 4518 nt
1371 4469 1539 4519 fraudulenter
1558 4482 1675 4532 agamus,
1690 4471 1716 4518 et
1728 4467 1787 4518 reli·

1009 4579 1020 4601 ι
1037 4576 1112 4623 quum
1134 4561 1192 4612 vitan
1214 4563 1319 4625 spatium
1342 4576 1389 4611 non
1413 4562 1495 4623 alibi„
1509 4560 1553 4612 sed
1574 4563 1638 4612 inter
1660 4576 1705 4612 ros
1722 4561 1789 4625 ipsos

1009 4674 1020 4697 ιι
1037 4655 1211 4718 transigemus,
1225 4670 1323 4719 puras,
1336 4657 1356 4705 si
1372 4671 1421 4720 qua
1439 4657 1464 4706 in
1476 4670 1504 4706 re
1517 4670 1561 4706 vos
1573 4656 1698 4721 decepisse
1715 4655 1788 4707 ride-

1009 4769 1020 4791 «
1039 4750 1128 4810 bimur,
1154 4751 1269 4801 subituri.
1303 4754 1362 4802 llaec
1383 4752 1471 4816 igitur,
1484 4756 1513 4801 ut
1534 4751 1601 4809 dixi,
1618 4763 1677 4800 cum
1692 4749 1787 4815 profixa

1008 4864 1020 4887 ιι
1035 4844 1144 4893 oratione
1164 4858 1211 4894 non
1240 4846 1364 4907 indigeant
1391 4848 1456 4911 apud
1481 4846 1516 4896 rei
1543 4858 1645 4909 gnaros,
1662 4842 1783 4895 omittam.

1009 4957 1021 4980 ιι
1037 4938 1109 4995 Quod
1127 4942 1211 4988 autem
1230 4940 1290 4989 milri
1306 4941 1421 4991 videmini
1443 4942 1475 4991 ab
1495 4941 1550 4990 aliis
1570 4940 1680 5005 perpessi
1697 4935 1785 4987 merito

1009 5048 1020 5071 ιι
1039 5031 1070 5081 de
1081 5032 1194 5083 omnibus
1214 5034 1349 5098 suspicari,
1367 5035 1433 5098 quod
1446 5036 1550 5086 videatis
1562 5048 1660 5100 semper
1677 5030 1785 5093 aliquem

1008 5138 1021 5165 ι
1038 5127 1162 5178 consulem
1178 5128 1270 5178 hortari
1283 5142 1327 5178 vos
1345 5129 1377 5178 ad
1398 5129 1476 5191 balla,
1498 5129 1654 5193 pollicentem
1671 5138 1697 5177 sa
1713 5125 1786 5190 quid·
