3772 5828
620 387 917 462 nurroumnruu
938 385 1087 446 uounu.
1110 386 1187 446 nra.
1210 385 1260 446 ιν.

120 522 223 600 ἀρείλιν
245 519 272 586 ἐξ
294 518 417 576 ἁπάντων
442 531 553 598 μοῖραν,
573 510 605 589 ἧς
620 519 651 577 τὸ
670 520 792 596 μέγιστον
806 511 839 591 ἦν
861 519 898 577 τί·

118 631 195 684 μημα
208 607 255 677 τῆς
265 606 355 674 οὐσίας
368 607 416 665 οὑκ
426 603 535 665 ἔλαττον
548 606 641 666 ἑκατόν
658 611 741 682 μνῶν.
784 606 900 674 Τούτους

119 697 146 755 δὲ
161 694 290 763 συντάξας
304 696 341 761 εἰς
351 695 512 773 ὀγδοήκοντα
526 693 636 774 λόχους,
649 694 719 753 ὅπλα
733 695 818 775 φέρειν
834 695 897 755 ἐπέ-

118 783 194 853 ταξεν
207 783 321 850 άσπίδας
332 781 493 864 Ἀργολικὰς,
503 783 549 841 καῖ
566 783 663 864 δόρατα
676 786 720 844 καὶ
733 784 817 863 κράνη
831 785 899 865 χάλ·

75 907 89 944 ς
119 896 167 932 κτα
182 872 228 931 καῖ
240 871 360 952 θώρακας
374 871 420 930 καί
433 872 564 947 κνημῖδας
576 871 621 930 καί
640 870 711 953 ἱίρη.
753 871 852 933 Διελὼν
873 871 900 930 δέ

121 959 216 1027 αὐτοὺς
239 961 319 1042 διχῇ,
342 960 537 1039 τετταράκοντα
565 959 612 1037 μὲν
637 961 743 1032 ίποίησε
769 960 901 1042 νεωτέρων

120 1049 232 1130 λόχους,
257 1040 293 1115 οἶς
307 1048 353 1117 τὰς
367 1047 520 1128 ὑπαιθρίους
535 1048 656 1109 ἀπέδωκε
671 1049 822 1128 στρατείας,
842 1073 901 1108 τιτ-

119 1137 268 1218 ταράκοντα
285 1137 313 1198 δέ
331 1135 518 1218 πρεσόυτίρων
531 1136 576 1205 οὑς
589 1137 656 1210 ἔδει,
670 1142 717 1210 τῆς
732 1137 853 1210 νεότητος
866 1140 902 1204 εἰς

119 1230 234 1304 πόλεμον
251 1225 367 1301 ἐξιούσης
387 1228 564 1302 ὑπομένοντας
583 1229 609 1285 tv
630 1249 663 1304 τη
679 1227 755 1286 πόλει
774 1227 807 1287 τά
831 1227 901 1294 ίντὸς

66 1347 93 1386 to
119 1316 223 1396 τείχους
233 1314 383 1396 φυλάττειν.
420 1313 494 1387 Αὑτη
509 1312 603 1396 πρώτη
621 1312 738 1384 σύνταξις
750 1307 797 1387 ἦν·
810 1316 901 1395 χώραν

120 1499 169 1566 τῆς
187 1493 324 1573 φάλαγγος
337 1492 411 1565 ὅλης.
454 1489 560 1552 'Emere'
573 1495 603 1551 έκ
623 1495 674 1550 τῶν
687 1492 901 1568 ὑπολειπομένων

121 1583 211 1664 ἑτέραν
227 1584 324 1664 άρῄρει
337 1591 446 1663 μοῖραν,
463 1573 541 1653 οἷςῆν
557 1581 627 1646 twa
636 1579 684 1657 μὲν
698 1582 798 1660 μυρίων
814 1583 899 1661 δραχ-

123 1673 197 1748 μῶν,
212 1672 242 1729 οὑ
268 1679 341 1747 μεῖον
355 1669 383 1728 δέ
415 1669 493 1728 πέντε
514 1668 560 1728 καὶ
583 1667 765 1745 έόδσμήκοντα
787 1673 858 1745 μνῶν
873 1667 904 1728 τὸ

53 1786 93 1825 Χις
123 1759 241 1837 τίμημα.
285 1756 421 1826 Συντάξας
444 1759 472 1817 rt
495 1758 602 1824 τούτους
625 1761 661 1824 είς
685 1756 767 1817 εἴκοσι
790 1757 901 1836 λόχους,

122 1850 157 1909 τὰ
172 1852 220 1926 μὲν
235 1850 305 1908 ἄλλα
327 1851 415 1929 φορεῖν
429 1846 499 1906 ὅπλα
511 1847 669 1926 προσέταξεν
693 1847 744 1907 ὅσα
759 1845 818 1914 τοὺς
837 1869 902 1926 προ·

123 1937 229 2018 τίρους,
243 1936 304 2004 τοῖς
320 1937 347 1996 δλ
366 1937 485 2019 θώρακας
500 1939 585 1996 αὐτῶν
601 1937 707 2018 ἀρεῑλε,
720 1934 767 1993 καί
777 1935 836 1995 ἀντὶ
849 1937 902 1994 τῶν

126 2027 243 2085 ἀσπίδων
262 2025 375 2086 ἀνέδωκε
394 2027 508 2108 θυρεούς.
569 2024 668 2085 Διελὼν
689 2025 783 2084 δὲκαὶ
804 2024 901 2084 τούτων

124 2112 184 2181 τοὺς
196 2113 261 2194 ὑπὲρ
275 2114 468 2194 τετταράκοντα
480 2115 526 2173 καὶ
540 2113 618 2172 πέντε
633 2111 680 2186 ῖιη
695 2113 834 2193 γεγονότας
849 2112 902 2172 άπὸ

67 2227 95 2266 no
123 2207 176 2262 τῶν
196 2207 309 2284 ἐχόντων
332 2206 381 2276 τὴν
404 2204 595 2281 στρατεύσιμον
622 2202 741 2277 ἡλικίαν,
765 2202 830 2261 δέκα
855 2202 903 2280 μὲν

125 2293 235 2363 ἐποίησε
255 2294 349 2375 λόχους
362 2296 516 2373 νεωτέρων,
533 2290 576 2358 οὑς
592 2292 644 2350 ἔδει
660 2294 836 2370 προπολεμεῖν
856 2296 904 2365 τῆς

122 2380 239 2454 πόλεως,
267 2381 330 2440 δέκα
345 2381 372 2439 δὲ
396 2379 600 2460 πρεσύυτέρων,
615 2371 653 2446 οἷς
678 2379 799 2438 ἀπέδωκε
817 2401 903 2458 τειχο·

123 2472 260 2549 ρυλακεῖν.
302 2468 376 2540 dim
396 2469 503 2548 δευτέρα
517 2466 636 2536 σύνταξις
658 2458 709 2539 ἦν,
726 2469 863 2545 ἐκοσμεῖτο
876 2466 904 2527 δὲ

127 2560 154 2613 δν
169 2559 221 2624 τοῖς
236 2559 321 2635 ἀγῶσι
335 2554 404 2633 μετὰ
415 2553 475 2621 τοὺς
495 2557 660 2635 προμάχους.
703 2559 728 2616 Τ
729 2554 761 2626 ὴν
775 2553 803 2614 δέ
816 2555 904 2636 τρίτην

68 2669 97 2707 aa
127 2645 210 2704 ἐποίει
234 2644 354 2712 σύνταξιν
370 2645 400 2703 ἐκ
415 2648 467 2702 τῶν
482 2643 712 2720 ὑπολειπομένων,
728 2643 784 2704 ὅσοι
797 2645 904 2722 τίμησιν

125 2724 199 2812 εἶχον
215 2731 343 2792 ἐλάττονα
358 2732 405 2806 μὲν
428 2736 481 2791 τῶν
496 2732 705 2812 ἑπτακισχιλίων
718 2734 764 2792 καί
777 2756 905 2792 πεντακο·

124 2822 188 2880 σίων
200 2822 337 2901 δραχμῶν,
349 2821 379 2878 οὐ
390 2820 480 2897 μείονα
494 2820 521 2880 δέ
534 2823 606 2898 μνῶν
619 2822 791 2893 πεντήκοντα.
835 2820 862 2879 Τ
861 2821 904 2880 ού·

124 2933 177 2969 των
197 2912 221 2969 δ’
240 2907 353 2984 ἐμείωσε
365 2908 409 2966 τὸν
425 2908 555 2984 ὁπλισμὸν
569 2910 599 2967 ού
614 2908 692 2986 μόνον
711 2917 763 2976 τοῖς
776 2908 901 2989 θώραξιν,

124 2996 215 3075 ῶσπιρ
237 3000 290 3054 τῶν
312 2995 454 3075 δευτέρων,
478 2997 545 3056 ἀλλὰ
570 2997 614 3057 καὶ
638 3008 694 3067 ταῖς
722 3007 902 3079 περικνημῖσι.

71 3113 99 3154 su
126 3083 257 3153 Συνίταξι
269 3084 297 3145 δὲ
311 3084 357 3143 καλ
371 3083 478 3152 τούτους
492 3087 528 3151 είς
545 3085 627 3145 εἴκοσι
641 3085 751 3168 λόχους,
765 3086 811 3146 καῖ
825 3088 905 3147 διεῖλε

125 3176 169 3235 τὀν
191 3172 378 3252 αὐτὸντρόπον
401 3180 455 3241 τοῖς
474 3173 609 3256 προτέροις
622 3179 681 3234 καθ’
703 3175 822 3250 ἡλικίας,
840 3175 904 3234 δίκα

125 3264 219 3344 λόχους
234 3260 346 3328 ἀποδοὺς
359 3271 413 3329 τοῖς
434 3262 568 3341 νεωτέροις
583 3267 629 3321 καῖ
640 3263 705 3324 δέκα
715 3267 769 3331 τοῖς
787 3263 904 3346 πρισόυ-

124 3352 215 3432 τέροις.
257 3350 341 3432 Χώρα
363 3348 455 3410 δὲκαὶ
476 3352 567 3418 στάσις
581 3343 613 3424 ἧν
629 3352 728 3411 τούτων
744 3355 796 3411 τῶν
818 3351 904 3430 λόχων

126 3442 153 3499 έν
165 3449 223 3508 ταῖς
242 3439 357 3519 μάχαις,
375 3442 393 3510 ἡ
411 3438 479 3514 μετὰ
493 3437 552 3506 τοὺς
566 3441 714 3522 ἐφεστῶτας
727 3447 781 3508 τοῖς
796 3440 904 3521 προμά-

73 3556 100 3599 ςς
128 3551 196 3607 χοις.

168 3617 257 3677 xvii.
280 3614 393 3698 Ἀφιλὺν
414 3616 443 3677 δέ
463 3618 542 3678 πάλιν
568 3620 664 3677 ἐκτῶν
688 3617 901 3690 ὑπολειπομένων

127 3702 188 3771 τοὺς
197 3703 299 3763 ελάττω
312 3706 533 3786 πεντακισχιλίων
543 3708 670 3787 δραχμῶν
683 3706 791 3786 ἔχοντας
805 3705 905 3779 sisino,

128 3793 193 3877 ἄχρι
207 3792 285 3851 πέντε
306 3791 353 3853 καῖ
369 3793 451 3854 είκοσι
466 3800 555 3872 μνῶν,
575 3795 704 3874 τετάρτην
729 3793 836 3866 ἐποίησι
852 3803 906 3872 μοῖ·

126 3907 186 3964 ραν.
229 3880 337 3950 Διέταίι
351 3882 379 3942 δὲ
393 3884 439 3943 καί
452 3883 557 3951 τούτους
575 3885 612 3952 είς
632 3882 714 3943 εἴκοσι
734 3883 840 3964 λόχους·
860 3884 906 3943 καλ

71 3999 99 4039 to
125 3973 190 4030 δέκα
203 3971 250 4048 μὲν
266 3970 372 4045 ίποίησε
387 3974 439 4030 τῶν
460 3975 486 4031 ίν
501 3976 591 4053 ἀκμῇ,
610 3971 672 4033 δέκα
692 3972 719 4032 δὲ
732 3976 785 4033 τῶν
799 3979 901 4054 buten·

124 4059 223 4132 λίκων,
239 4060 309 4119 κατὰ
328 4061 412 4121 ταύτὰ
433 4061 485 4128 τοῖς
508 4061 654 4142 προτέροις·
677 4059 746 4121 ὅπλα
770 4060 798 4123 δὲ
819 4063 906 4143 φέρειν

126 4147 215 4217 έταξιν
227 4149 320 4216 αὐτοὺς
337 4148 442 4231 θυρεούς
456 4150 502 4210 καὶ
517 4151 577 4231 ξίφη
591 4151 637 4210 καὶ
652 4150 766 4230 δόρατα,
784 4151 830 4211 καί
844 4154 907 4211 στά-

126 4260 167 4298 σιν
184 4242 254 4318 ἔχειν
269 4240 296 4296 έν
310 4241 364 4306 τοῖς
379 4241 464 4317 ἀγῶσι
478 4239 526 4311 τὴν
539 4239 665 4313 ὑστάτην.
708 4240 767 4312 Τὴν
779 4240 806 4300 δί
815 4243 905 4320 πέμπ·

127 4349 175 4399 την
195 4329 304 4406 μοῖραν,
324 4317 362 4394 οἷς
383 4327 454 4395 ἐντδς
477 4328 561 4388 εἴκοσι
576 4329 622 4388 καὶ
644 4330 723 4390 πέντε
747 4332 819 4406 μνῶν
844 4331 907 4411 ἄχρι

72 4439 101 4479 ετ
129 4414 236 4491 δυἰδεκαζ
251 4417 297 4474 καί
315 4415 425 4493 ἡμίσους
444 4421 516 4494 μνῶν
535 4423 550 4478 ὑ
567 4420 621 4497 βίος
634 4409 686 4495 ἦν,
708 4423 745 4486 εἰς
766 4421 905 4500 τριάκοντα

128 4503 249 4573 συνέταξε
261 4503 366 4585 λόχους.
409 4499 905 4585 Διῄρηντοδὲκαῖοὺτοικαὺἠλικίαν·

127 4593 314 4653 πεντεκαίδεκα
328 4594 379 4675 γάρ
396 4594 422 4661 ἐξ
438 4596 524 4655 αὐτῶν
544 4595 618 4677 λόχοι
632 4597 691 4666 τοὺς
714 4597 907 4679 πρεσόυτίρους

128 4671 663 4766 εἷχον,πεντεκαίδεκαδὲτοὺςνιωτέρους.
706 4686 907 4758 Τούτουςέταξι

128 4773 223 4830 σαυνία
234 4773 280 4830 καὶ
294 4773 434 4854 σρινδόνας
443 4773 554 4855 έχοντας
564 4773 614 4843 (ξω
624 4775 721 4844 τάξεως
734 4780 906 4858 συστρατεύε-

72 4887 104 4926 w
130 4863 199 4922 αὑιιι.
239 4860 375 4941 Τίτταρας
390 4862 418 4921 δί
436 4862 530 4942 λόχους
544 4863 618 4923 notio
633 4863 741 4946 ίχοντας
750 4863 830 4926 ὅπλον
843 4870 906 4926 iao·

129 4947 227 5007 λουθεῖν
247 4948 368 5010 ίκέλιυσι
381 4960 433 5020 τοῖς
451 4952 582 5021 ἐνόπλοις·
606 4943 674 5025 ἦσαν
698 4952 726 5013 δδ
746 4957 798 5013 τῶν
813 4955 907 5015 τεττά-

131 5057 180 5111 ρων
194 5035 294 5096 τούτων
311 5037 359 5097 δύο
370 5039 418 5115 μίν
429 5041 578 5100 ὑπλοποιῶν
594 5063 623 5098 τε
637 5041 683 5101 καῖ
700 5041 844 5112 τεκτόνων,
860 5043 907 5102 καῖ

129 5126 180 5183 τῶν
198 5125 287 5185 ἄλλοιν
302 5129 355 5185 τῶν
368 5128 617 5198 κατασκευαζόντων
630 5131 665 5189 τά
683 5133 719 5199 τίς
732 5130 777 5190 τὸν
791 5130 906 5207 πολεμον

128 5211 277 5294 εὔχρηστα·
302 5214 349 5274 δύο
372 5215 399 5277 bl
426 5219 578 5279 σαλπιστῶν
608 5241 637 5276 τε
665 5219 711 5278 καὶ
738 5223 902 5298 βυκανιστῶν

1674 390 1734 449 205

956 529 984 574 ut
1000 538 1040 575 res
1055 524 1108 588 ipsa
1129 523 1226 574 docuit.
1263 524 1315 572 lloe
1331 525 1413 573 eutem
1435 522 1483 572 lale
1505 523 1550 573 luit
1570 523 1734 577 institutum

955 633 1028 670 unam
1039 633 1070 670 ex
1080 619 1197 670 universo
1210 630 1313 668 numeru
1322 620 1418 681 partem
1429 617 1553 679 detraxit,
1564 619 1635 668 euius
1649 635 1737 673 census

954 724 1008 771 erat
1026 720 1149 768 martinus
1172 732 1219 767 nou
1236 715 1316 765 minor
1333 719 1434 764 ceolum
1447 715 1528 765 minis.
1564 718 1615 765 lios
1628 717 1653 766 in
1668 722 1736 770 octo·

955 817 1021 880 ginta
1037 815 1158 866 centurias
1172 814 1280 876 digestos
1297 813 1368 862 iussit
1383 825 1453 863 arma
1467 813 1521 863 lrrac
1539 814 1603 863 serre
1621 834 1627 864 :
1644 815 1737 879 clipeos

955 913 1058 978 Argivos
1070 917 1096 963 et
1109 912 1192 961 hastas
1204 914 1230 960 et
1242 911 1324 974 galeas
1339 923 1420 960 aeucas
1436 914 1462 961 et
1474 910 1562 961 loricas
1576 915 1602 961 ei
1614 926 1699 962 ocreas
1713 919 1738 964 et

956 1024 1035 1063 enses.
1070 1007 1738 1073 llosautembilariampartitusquadragintaceniurias

957 1110 1080 1160 iuniorum
1099 1107 1171 1165 iecit,
1185 1120 1249 1171 quos
1267 1106 1326 1155 ioris
1344 1105 1409 1156 bella
1427 1119 1510 1171 gerere
1530 1106 1617 1167 iussit,
1632 1108 1739 1172 reliquas

957 1217 1015 1255 rero
1029 1202 1189 1267 quadraginta
1202 1201 1328 1270 seniorum
1343 1216 1421 1264 quos,
1444 1203 1581 1255 iunioribus
1600 1205 1632 1255 ad
1647 1205 1738 1257 bellurn

957 1301 1072 1366 proiectis
1091 1300 1115 1351 in
1136 1299 1197 1350 urbe
1218 1312 1344 1350 remanere
1358 1304 1384 1350 ei
1400 1314 1440 1351 res
1453 1301 1559 1352 urbanas
1574 1304 1637 1354 tueri
1652 1307 1737 1355 trusit.

956 1403 1037 1466 Atque
1048 1398 1103 1450 baec
1116 1403 1170 1449 eret
1183 1398 1295 1449 universa
1310 1398 1396 1449 classis
1415 1419 1420 1449 ε
1435 1400 1515 1450 iunior
1527 1405 1611 1453 autem
1626 1403 1651 1453 in
1668 1403 1739 1456 bellis

957 1511 1053 1562 semper
1065 1496 1174 1562 primurn
1187 1496 1270 1547 locum
1281 1496 1307 1546 in
1320 1496 1399 1561 prima
1415 1497 1467 1549 acie
1479 1498 1588 1549 tenebat.
1605 1499 1699 1552 Deinde
1708 1517 1739 1554 ex

957 1594 987 1645 iis
999 1595 1043 1659 qui
1056 1594 1142 1657 reliqui
1156 1597 1226 1644 erant
1240 1594 1313 1645 aliam
1325 1598 1421 1657 partem
1436 1595 1554 1657 delrarit,
1565 1596 1637 1646 cuius
1649 1611 1739 1649 census

957 1695 1011 1742 erat
1023 1691 1085 1741 inira
1099 1691 1186 1741 decem
1199 1692 1273 1742 millia
1291 1692 1481 1754 drachmarum,
1499 1709 1547 1744 non
1564 1695 1643 1746 minor
1657 1700 1738 1748 lernen

957 1790 1109 1852 septuaginta
1130 1788 1239 1852 quinque
1259 1790 1333 1840 minis
1352 1812 1358 1840 ι
1374 1804 1437 1854 quos
1459 1792 1483 1841 in
1508 1793 1594 1857 viginti
1615 1796 1740 1846 centurias

957 1885 1095 1949 discriptos,
1104 1889 1187 1936 cetera
1197 1886 1298 1950 quidem
1307 1900 1374 1937 arma
1382 1888 1446 1939 ierre
1458 1890 1528 1940 iussit
1535 1905 1591 1954 quae
1599 1893 1739 1956 superiores

957 1986 1088 2051 gerebant,
1107 1985 1151 2036 sed
1171 1985 1260 2036 loricas
1280 1985 1328 2037 iilis
1343 1987 1446 2048 ademit,
1466 1991 1492 2038 et
1505 2003 1550 2052 pro
1567 1989 1652 2054 clipeis
1668 1994 1739 2043 scuta

957 2083 1033 2134 dedii.
1046 2085 1109 2133 cum
1118 2083 1595 2149 autemexlrisquoqueeos,quiaunum
1601 2089 1682 2140 etatis
1692 2104 1740 2140 ιιι

958 2179 1111 2232 excedebant
1124 2180 1228 2242 abillis,
1243 2182 1286 2245 qui
1297 2186 1368 2233 erant
1378 2186 1451 2233 oetate
1468 2184 1576 2245 rnilitum,
1590 2190 1737 2249 separasset,

958 2276 1044 2330 decent
1056 2280 1179 2332 centurias
1190 2280 1313 2331 iuniorum
1328 2280 1394 2341 iecit,
1405 2282 1448 2345 qui
1461 2280 1524 2332 bella
1537 2278 1650 2348 l'orlspro
1662 2285 1741 2348 patria

958 2380 1082 2441 gererent,
1106 2382 1131 2429 et
1154 2377 1242 2428 decem
1263 2378 1388 2429 seniorum
1404 2378 1495 2442 quibus
1512 2379 1581 2430 urbis
1601 2379 1740 2433 custodiam

958 2476 1092 2527 mandarit.
1125 2479 1207 2540 Atque
1228 2477 1284 2527 hec
1307 2481 1360 2527 erat
1378 2478 1486 2528 secunda
1503 2477 1588 2528 classis
1610 2497 1616 2529 :
1635 2479 1742 2545 eiquein

960 2573 1051 2638 puellis
1065 2574 1170 2625 dabatur
1188 2574 1314 2626 sccundus
1331 2574 1403 2626 locus
1418 2580 1474 2639 post
1488 2591 1546 2638 eos,
1559 2577 1601 2641 qui
1618 2578 1643 2627 in
1662 2579 1740 2642 prima

959 2675 1011 2725 acie
1024 2675 1173 2740 pugnabant.
1206 2676 1315 2726 Tertiam
1328 2689 1388 2727 vero
1401 2677 1505 2727 classem
1526 2677 1633 2728 coniecit
1648 2691 1680 2728 ex
1697 2692 1739 2729 re-

960 2770 1045 2834 liquis,
1059 2784 1165 2833 quorum
1178 2784 1267 2823 census
1281 2775 1335 2822 erat
1354 2774 1435 2823 minor
1449 2775 1540 2838 septies
1552 2775 1620 2826 mille
1632 2775 1739 2838 eiqrriu·

959 2867 1038 2932 geutis
1051 2865 1189 2928 drachmis,
1204 2882 1252 2918 non
1271 2869 1352 2919 minor
1367 2874 1449 2921 iernen
1469 2871 1541 2921 minis
1555 2871 1740 2936 quinquaginta.

960 2968 1055 3016 Horum
1068 2970 1150 3016 aulem
1172 2970 1322 3017 annaluram
1337 2967 1460 3017 imminuit
1476 2982 1523 3018 nou
1542 2970 1622 3019 solum
1642 2969 1739 3032 loricis,

959 3067 988 3113 ul
1000 3063 1117 3114 secunde
1134 3063 1207 3113 classi
1225 3065 1296 3127 iecit,
1313 3064 1357 3115 sed
1376 3066 1451 3116 eliam
1465 3065 1542 3115 ocreis
1559 3065 1682 3131 ademptis
1696 3088 1703 3118 :
1716 3073 1741 3120 et

959 3158 1006 3210 bos
1018 3173 1117 3224 quoque
1126 3159 1150 3209 in
1159 3159 1246 3223 viginti
1258 3160 1379 3210 centurias
1388 3160 1520 3224 discripsit,
1533 3165 1559 3211 ei
1570 3160 1656 3212 eodem
1668 3161 1742 3215 modo

959 3266 1010 3317 quo
1035 3254 1173 3316 superiores
1198 3252 1333 3305 mundum
1350 3257 1449 3305 etatem
1466 3255 1566 3318 divisit,
1577 3255 1665 3306 decern
1681 3270 1739 3307 cen·

961 3349 1038 3398 turias
1053 3347 1203 3407 iunioribus,
1217 3350 1243 3398 et
1254 3348 1358 3399 totidem
1375 3348 1513 3399 senioribus
1523 3350 1657 3414 assignans.
1689 3352 1740 3400 iia·

960 3455 1015 3491 rum
1044 3444 1127 3491 autem
1151 3441 1320 3492 centuriarum
1345 3440 1415 3492 iocus
1434 3446 1459 3493 et
1478 3442 1551 3493 elatio
1574 3443 1598 3491 iu
1619 3443 1672 3494 acie
1688 3446 1741 3494 erat

961 3542 1016 3603 post
1024 3537 1160 3589 secundam
1173 3538 1277 3589 classem
1288 3539 1409 3603 proxima.

992 3635 1740 3702 lel.dumquerursosdelraxissetenrcliquiseosquorum

961 3744 1052 3782 census
1062 3733 1116 3780 erat
1127 3729 1208 3779 minor
1223 3729 1333 3794 quinque
1349 3730 1457 3781 millibus
1470 3728 1644 3781 drachmarum
1663 3745 1742 3797 usque

961 3823 1302 3887 adrigintiminas,quartam
1314 3824 1493 3876 lecitclasseru.
1520 3825 1654 3890 Descripsit
1661 3831 1741 3878 aulem

961 3918 1134 3983 huncquoque
1149 3917 1175 3967 in
1192 3917 1277 3982 riginti
1293 3918 1430 3980 centurias,
1444 3923 1470 3969 et
1481 3919 1565 3969 decem
1584 3919 1642 3971 iecit
1655 3934 1742 3972 eorum

960 4013 1003 4076 qui
1016 4015 1090 4064 aetate
1104 4015 1174 4062 crant
1197 4009 1310 4069 militari,
1326 4013 1351 4062 et
1364 4011 1467 4062 totidem
1486 4014 1685 4076 provectiorum,
1698 4029 1741 4066 eo·

961 4105 1018 4157 dem
1030 4105 1104 4157 modo
1113 4118 1164 4168 quo
1173 4106 1199 4155 et
1209 4105 1347 4168 superiores
1356 4104 1477 4156 distinxit.
1512 4110 1586 4157 Arma
1597 4111 1681 4160 autem
1695 4109 1743 4162 illis

962 4200 1092 4265 imperarit
1104 4203 1176 4251 scuta
1186 4203 1291 4250 cieuses
1303 4202 1329 4249 et
1340 4200 1435 4261 basias,
1456 4203 1482 4251 et
1498 4200 1579 4252 iocum
1592 4201 1617 4252 in
1632 4205 1683 4255 acie
1696 4218 1741 4269 po·

961 4299 1082 4347 stremum
1093 4314 1137 4352 eos
1154 4300 1246 4352 babere
1256 4300 1336 4351 iussit.
1373 4298 1401 4345 ln
1411 4296 1525 4360 quintam
1539 4298 1643 4348 classem
1657 4300 1741 4350 reiecti

961 4397 1031 4452 sunt,
1061 4407 1165 4457 quorum
1192 4394 1321 4444 facultates
1342 4391 1506 4443 censebantur
1530 4391 1594 4443 intra
1614 4392 1699 4457 viginti
1716 4396 1743 4444 ei

960 4487 1071 4551 quinque
1087 4488 1167 4538 minas
1187 4486 1312 4551 usquead
1334 4485 1464 4537 duodecim
1483 4499 1540 4536 cum
1555 4485 1667 4545 dimidia,
1682 4484 1742 4535 etin

961 4581 1061 4647 triginta
1082 4582 1206 4633 centurias
1226 4581 1273 4633 bos
1293 4580 1385 4632 divisit.
1419 4584 1498 4645 Atque
1516 4581 1554 4630 tre
1575 4593 1675 4644 quoque
1697 4593 1742 4643 pro

961 4676 1080 4741 cuiusque
1100 4679 1174 4728 etate
1195 4677 1282 4728 divisas
1297 4675 1397 4727 luerunt
1415 4676 1440 4726 in
1459 4673 1600 4738 quindecim
1618 4672 1742 4724 centurias

962 4775 1097 4833 seniorum,
1112 4778 1138 4827 et
1152 4774 1255 4825 totidem
1268 4773 1398 4824 iuniorum.
1446 4772 1491 4821 llis
1502 4770 1633 4834 imperavit
1645 4772 1741 4818 uicum

960 4867 1099 4919 missilibus
1118 4872 1144 4919 ei
1163 4867 1246 4919 lundis
1257 4871 1326 4918 extra
1342 4866 1440 4917 ordines
1454 4864 1594 4916 militarent.
1629 4865 1742 4921 Quatuor

961 4966 1042 5014 autem
1060 4963 1184 5014 centurias
1193 4964 1245 5014 sinc
1257 4963 1332 5014 armis
1347 4966 1455 5013 armatos
1469 4960 1558 5010 milites
1577 4959 1648 5022 sequi
1657 4957 1740 5011 iussit.

961 5056 997 5103 Ex
1011 5052 1051 5103 bis
1069 5055 1152 5103 autem
1176 5056 1283 5116 quatuor
1304 5050 1423 5102 centuriis
1441 5047 1498 5099 due
1522 5051 1592 5097 erant
1614 5046 1741 5099 labrorum

961 5143 1116 5194 terrariorum
1137 5155 1167 5191 ac
1180 5142 1353 5205 tignariorum,
1375 5137 1466 5201 quibus
1478 5134 1623 5188 mandatum
1646 5140 1699 5188 erat
1712 5141 1740 5188 ut

960 5245 1030 5281 arma
1045 5233 1070 5280 et
1082 5229 1209 5280 maclines
1223 5234 1248 5279 et
1269 5243 1308 5279 res
1319 5227 1379 5278 alias
1393 5226 1425 5278 ad
1437 5241 1498 5278 usus
1512 5227 1612 5280 bellicus
1626 5239 1740 5280 necessa·
