3772 5828
676 387 974 462 ANTIQUITATUM
997 391 1148 453 uentu.
1174 397 1245 455 tiu.
1272 400 1320 460 tx.

178 517 313 594 γινόμενον
335 522 388 583 τοῖς
403 514 519 593 δόγμασι
543 518 590 587 τῆς
615 518 712 595 βουλῆς
734 519 803 597 ἰερδν
827 520 891 580 όντα
914 520 960 580 καί

179 609 252 688 νόμῳ
266 609 313 678 τὴν
329 605 449 674 ἐξουσίαν
465 603 562 686 ἔχοντα
586 604 687 678 ταύτην
712 608 798 676 ἄλλως
826 612 873 668 ούκ
900 611 959 669 ἔστι

177 701 278 752 παῦσαι
298 698 345 763 τῆς
360 692 530 764 δυναστείας,
547 692 592 750 tta
608 692 646 769 μή
671 717 710 760 τις
725 693 812 775 ἕτερος
825 699 878 754 τῶν
900 697 955 757 άπδ

176 786 223 852 τῆς
239 781 299 853 ἴσης
315 786 393 857 τιμῆς
407 781 452 839 καί
469 784 516 852 την
531 780 614 853 αὑτὴν
631 780 750 848 ἐξουσίαν
765 785 880 862 ἰχόντων
896 785 959 843 τάν-

138 891 150 926 s
178 870 255 928 αντία
269 869 393 948 πράττῃ,
410 868 454 927 καί
469 859 507 936 οἷς
521 867 552 927 διν
572 869 670 941 ἐκεῖνος
688 868 813 946 ἐμποδὼν
826 872 954 951 γένηται,

178 962 263 1013 ταῦτα
278 955 316 1034 μὴ
331 957 433 1037 κωλύῃ.
477 956 656 1017 Συνεόούλευί
672 980 701 1016 τε
716 968 771 1026 τοῖς
785 949 859 1027 αόθις
871 982 959 1038 παρα-

179 1045 339 1125 ληψομένοις
355 1045 402 1117 salu
422 1045 509 1124 ἀρχὴν
527 1047 637 1114 ὑπάτοις
660 1052 738 1105 ταῦτα
762 1048 888 1126 πράττειν
913 1049 958 1107 καί

180 1143 297 1206 σκοπεῖν,
305 1132 467 1203 όπωςίξουσί
482 1157 554 1200 τινας
565 1133 606 1193 άεί
620 1139 672 1194 τῶν
685 1135 833 1216 δημάρχυιν
847 1136 958 1205 οἰκείους

180 1225 252 1301 πρίει
268 1223 312 1279 καὶ
327 1223 429 1302 φίλους·
445 1221 508 1298 μίαν
529 1212 596 1280 εἶναι
610 1223 696 1301 λέγων
711 1228 758 1296 τῆς
774 1225 892 1294 ἐξουσίας
911 1231 957 1286 τοὺ

127 1338 152 1373 ra
179 1311 284 1389 ἀρχείου
300 1311 466 1390 κατάλυσιν,
491 1311 536 1372 ίθιν
557 1315 721 1382 στασιάζωσι
743 1312 809 1393 πρὸς
825 1315 956 1386 ἀλλήλους

177 1402 200 1457 οἰ
218 1401 316 1479 ἄνδρες.

218 1491 256 1548 lt.
278 1489 388 1563 Ταύτην
406 1487 619 1568 εἰσηγησαμένου
636 1487 683 1560 τὴν
703 1490 813 1568 γνώμην
829 1491 956 1566 Ἀππίου,

177 1576 297 1646 δόξαντες
311 1579 390 1636 αὐτὸν
402 1580 485 1658 ὀρθῶς
496 1585 633 1656 παραινεῖν
648 1577 676 1638 cl
689 1601 717 1636 τε
732 1577 829 1639 ὑπατοι
843 1584 889 1640 καί
904 1584 957 1640 τῶν

178 1665 266 1725 ἄλλων
279 1669 303 1726 οἰ
319 1667 515 1739 δυνατώτατοι,
536 1667 622 1747 πολλῇ
640 1667 767 1748 θεραπεία
782 1670 957 1749 διεπράξαντο

125 1771 149 1809 tu
176 1755 235 1822 τοὺς
249 1756 379 1837 τέτταρας
399 1758 429 1814 ἰκ
451 1758 503 1814 τῶν
520 1755 665 1836 δημάρχων
686 1757 796 1827 οἰκείους
816 1763 850 1838 τῇ
874 1761 957 1840 βουλῇ

177 1845 309 1921 γενέσθαι.
353 1845 389 1904 Oi
411 1845 438 1903 δὲ
459 1843 526 1910 τέως
552 1843 600 1921 μὲν
623 1844 694 1926 λόγῳ
719 1848 886 1923 μεταπείθειν
913 1850 957 1910 τὸν

177 1932 287 1992 Ἰκίλιον
303 1932 454 2013 ἐπεχείρουν
468 1935 617 2004 ἀποστῆναι
632 1937 684 1993 τῶν
699 1936 821 2014 περὶτῆς
839 1938 956 2017 κληρου·

177 2019 239 2098 χίας
249 2022 448 2096 πολιτευμάτων
459 2066 468 2097 ,
479 2019 527 2087 ἕως
539 2022 563 2079 οἰ
578 2023 689 2098 πόλεμοι
699 2021 804 2082 λάθωσι
816 2022 906 2092 τίλος·
919 2027 955 2092 ιὺς

177 2109 200 2166 δ’
214 2112 369 2181 ἠναντιοῦτο
381 2110 426 2168 καί
439 2109 581 2187 διώμνυτο,
598 2111 674 2190 λόγον
690 2133 719 2170 τε
732 2110 776 2172 τόν
793 2111 957 2172 αὐθαδέστα-

123 2221 150 2260 υο
177 2221 220 2256 τον
235 2200 317 2258 εἰπεῖν
326 2199 457 2275 έτόλμησε
468 2245 476 2272 ,
489 2203 535 2259 τοῦ
547 2197 633 2277 δήμου
646 2200 787 2279 παρόντος,
801 2199 841 2260 ότι
854 2203 956 2278 μᾶλλον

177 2286 208 2346 διν
224 2288 344 2365 βούλοιτο
351 2285 504 2366 Τυρρηνούς
514 2288 560 2345 καί
570 2286 629 2355 τοὺς
640 2287 735 2357 άλλους
742 2291 883 2367 πολεμίους
892 2313 956 2372 κρα-

176 2375 308 2447 τήσαντας
318 2379 365 2447 τῆς
381 2377 483 2441 πόλεως
498 2376 614 2447 ἰπιδεῖν,
629 2375 648 2447 ἢ
661 2375 720 2445 τοὺς
732 2378 893 2458 κατέχοντας
908 2381 956 2451 τὴν

175 2464 267 2545 χώραν
286 2465 334 2537 τὴν
354 2463 485 2539 δημοσίαν
499 2466 623 2542 σίρεῖναι,
640 2464 761 2533 δόξαντες
782 2468 904 2548 ἀφορμὴν
916 2471 957 2527 εἰ·

176 2554 287 2632 ληρέναι
312 2552 397 2624 καλὴν
417 2552 482 2632 πρὸς
507 2553 647 2611 αὐθάδειαν
672 2555 803 2629 τοσαύτην
828 2556 956 2617 τάναντία

123 2664 150 2700 aa
176 2642 262 2718 λέγειν
282 2634 310 2699 τε
335 2642 381 2700 καὶ
394 2642 537 2718 πράττειν,
555 2640 613 2699 οὐδέ
637 2647 682 2702 τοῦ
703 2644 788 2721 δήμου
812 2645 857 2704 τδν
880 2647 956 2724 λόγον

176 2728 261 2799 ἡδέως
276 2728 433 2806 δεξαμένου,
448 2730 574 2788 κωλύσειν
588 2729 664 2789 αὑτὸν
681 2732 800 2813 έρησαν·
816 2733 861 2792 καὶ
876 2756 956 2816 ρανετ

179 2821 229 2893 ρῶς
244 2814 376 2896 ἔπραττον
398 2816 448 2876 όσα
472 2820 504 2896 τῇ
521 2821 602 2898 βουλῇ
617 2842 647 2878 τε
662 2821 707 2880 καί
723 2831 778 2889 τοῖς
792 2822 900 2891 ὑπάτοις
914 2824 956 2882 δο-

177 2906 247 2976 κοίη,
294 2906 428 2974 Μονωθείς
450 2905 477 2966 δέ
493 2905 601 2974 Ἰκίλιος
620 2908 724 2977 οθδενὸς
744 2908 784 2969 ίτι
802 2909 889 2990 κύριος
909 2903 953 2986 ἧν.

178 2995 254 3054 Merit
266 3001 342 3054 τοῦτο
356 2995 497 3076 ἠστρατιδι
506 2996 699 3079 κατεγράφετο,
713 2999 759 3059 καί
769 2996 838 3060 όσων
851 2999 903 3060 ἔδει
917 3005 955 3082 τῷ

123 3105 149 3143 ιο
176 3084 297 3165 πολέμῳ,
313 3084 402 3144 πάντα
415 3090 583 3164 ὑπηρετεῖτο,
595 3087 628 3145 τά
643 3086 692 3165 μίν
704 3089 733 3147 br
744 3092 797 3149 τῶν
807 3089 953 3166 δημοσίων,

176 3173 208 3231 τά
232 3173 254 3231 δ’
270 3175 300 3230 ἐκ
316 3175 369 3231 τῶν
390 3172 479 3246 ἰδίων,
496 3166 589 3255 ὑπάτη
605 3177 754 3259 προθυμία·
775 3180 823 3239 καί
838 3182 882 3240 διδ
904 3182 956 3243 τά·

176 3284 238 3338 χαυς
264 3265 288 3320 οἰ
313 3260 407 3322 ὑπατοι
434 3263 682 3343 διακληρωσάμενοι
705 3264 739 3323 τδι
767 3271 955 3347 στρατεύματα

176 3347 299 3427 ἐξῄεσαν·
329 3349 444 3427 Σπόριος
470 3349 517 3427 μὲν
539 3350 658 3430 ΙΦούριος
686 3354 730 3412 ίπί
757 3354 804 3422 τός
831 3359 954 3418 Αἰκανῶν

176 3438 281 3509 πολεις,
298 3436 407 3498 Καίσων
422 3438 451 3497 δί
465 3437 570 3506 (Ιλάὺιος
586 3440 630 3498 ἐπὶ
641 3443 806 3521 Τυρρηνούς.
846 3447 955 3526 Σπορίω

122 3546 149 3585 aa
177 3526 225 3601 μὲν
239 3516 283 3582 ούν
297 3525 402 3584 ἅπαντα
418 3524 488 3585 κατδι
498 3533 558 3586 νοῦν
573 3529 721 3610 ἐχώρησεν,
737 3534 785 3604 οὑχ
796 3508 955 3608 ὑπομεινάνί·

177 3638 229 3671 τυιν
245 3616 281 3679 εἰς
301 3623 391 3693 χεῖρας
418 3617 500 3675 ἐλθεῖν
521 3620 574 3675 τῶν
591 3618 741 3696 πολεμίων,
762 3621 910 3684 καὶπολλὰ
925 3627 954 3685 ἰκ

176 3707 224 3774 τῆς
250 3704 389 3781 στρατείας
418 3702 548 3780 ἐξεγένετο
562 3705 692 3784 χρήματά
716 3730 745 3766 τε
768 3709 814 3767 καί
840 3709 954 3789 σώματα

176 3791 280 3851 λαθεῖν.
335 3791 454 3863 Ἐπῆλθε
475 3791 528 3870 γδιρ
547 3795 637 3871 ὀλίγου
655 3795 708 3853 δεῖν
729 3805 818 3856 πᾶσαν
840 3797 905 3874 όοην
931 3805 955 3862 οἰ

176 3882 300 3957 πολέμιοι
311 3879 402 3962 χώραν
421 3889 562 3961 κατεῖχον,
580 3883 651 3960 ἄγων
675 3885 720 3943 καὶ
734 3886 837 3967 φόρων,
852 3889 899 3949 καί
921 3891 955 3951 τά

122 3990 148 4028 ιο
177 3971 281 4052 λάφυρα
298 3979 351 4038 τοῖς
367 3970 540 4050 στρατιώταις
555 3970 661 4031 ἅπαντα
677 3974 831 4054 ἐχαρίσατο.
863 3983 954 4040 Δοκῶν

176 4060 204 4118 δὲ
219 4060 264 4117 καί
279 4059 322 4118 τὸν
338 4059 389 4139 πρὸ
404 4063 450 4120 τοὺ
469 4060 563 4142 χρόνον
580 4050 646 4121 εἶναι
661 4064 816 4143 φιλόδημος,
835 4064 874 4125 ίτι
886 4071 956 4146 μάλ-

175 4155 221 4210 λον
235 4153 264 4208 ἐκ
284 4148 381 4221 ταύτης
397 4153 445 4222 τῆς
464 4151 626 4231 στρατηγίας
648 4154 808 4235 ἐθεράπευσε
830 4155 861 4214 τὸ
880 4161 955 4230 πλῆ-

175 4247 227 4307 θος.
269 4239 324 4301 Καί
340 4238 430 4312 ἐπειδὴ
443 4241 577 4321 παρῆλθεν
591 4245 605 4300 ὑ
618 4243 713 4322 χρόνος
731 4247 779 4316 τῆς
799 4246 953 4327 στρατείας,

176 4331 247 4408 άγων
259 4328 307 4400 τὴν
322 4328 434 4405 δύναμιν
449 4329 593 4411 ὁλόκληρόν
608 4354 638 4391 τε
653 4332 698 4392 καὶ
720 4335 830 4408 άπαθῆ,
846 4335 955 4416 χρήμα-

120 4442 147 4479 aa
176 4442 216 4476 σιν
228 4418 336 4497 εὑπορον
357 4419 519 4493 κατέστησεν
539 4422 576 4488 εἰς
593 4418 641 4493 τὴν
653 4420 780 4500 πατρίδα.

216 4510 267 4569 lll.
293 4507 401 4568 Καίσων
423 4510 452 4568 δέ
466 4508 572 4578 «badia
586 4509 696 4587 ὑέτερος
705 4514 758 4569 τῶν
773 4510 897 4586 ὑπάτων,
908 4515 953 4574 οὑ-

178 4595 247 4662 δενδς
265 4605 352 4676 χεῖρον
378 4599 566 4680 στρατηγήσας
591 4601 710 4682 άρηρέθη
729 4599 773 4659 τδν
787 4602 818 4660 is
834 4605 887 4662 τῶν
906 4605 954 4687 έρ-

178 4705 232 4759 γων
246 4685 367 4757 ἔπαινον,
380 4687 443 4767 παρ’
459 4689 532 4748 οὐδέν
545 4687 694 4768 ἁμάρτημα
704 4689 780 4766 ίδιον,
794 4691 854 4749 ἀλλ’
869 4691 909 4752 ότι
923 4695 953 4756 εδ

177 4771 318 4848 δημοτικόν
335 4775 382 4833 οὑκ
397 4766 466 4855 εἶχεν
486 4775 594 4852 εὑνουν,
611 4775 637 4845 ἐξ
651 4771 681 4838 οὑ
692 4774 736 4834 τὸν
750 4777 851 4839 ὑπατον
876 4783 951 4843 Κάσ·

119 4896 147 4935 50
176 4885 231 4921 σιον
247 4864 292 4920 ἐπὶ
306 4865 339 4940 τῇ
353 4867 485 4942 τυραννίδι
505 4865 595 4947 κρίνας
610 4867 771 4927 ἀπέκτεινεν.
815 4868 886 4931 Ούτε
902 4872 953 4955 γάρ

174 4951 223 5010 ὅσα
244 4949 298 5010 δέοι
313 4950 360 5010 οὑν
379 4952 457 5034 τάχει
476 4957 617 5036 στρατηγῷ
635 4956 790 5017 κελεύσαντι
811 4957 871 5028 τοὺς
885 4964 953 5035 ὑπη·

174 5039 249 5107 κόους
263 5040 432 5119 πειθαρχεῖν,
447 5041 506 5102 σύτε
519 5042 569 5102 όσα
593 5045 632 5125 τῷ
646 5044 771 5125 προθύμῳ
791 5044 836 5104 καί
850 5048 878 5104 ἐν
891 5048 954 5127 πρέ·

174 5151 248 5189 ποντι
263 5127 450 5212 χρησαμένους
472 5130 517 5213 βίᾳ
537 5135 699 5213 κατασχεῖν,
717 5130 777 5191 οὗτε
799 5131 848 5191 όσα
868 5134 953 5213 λάθρα

174 5219 226 5278 τῶν
246 5217 439 5300 ἀντιπολεμίων
457 5218 544 5303 χωρία
559 5225 595 5290 εἰς
610 5219 763 5291 πλεονεξίαν
776 5219 868 5281 εὑθετα
884 5244 951 5304 σμε-

1733 424 1788 484 etl

1015 532 1063 581 bus
1077 533 1140 583 banc
1157 534 1325 587 intercedendi
1344 544 1493 602 potestatem
1516 541 1648 596 habentem
1659 552 1731 604 aliter
1744 571 1791 608 non

1015 643 1087 693 posse
1102 628 1230 692 cobiberi,
1254 634 1300 682 nisi
1318 634 1349 683 ab
1369 638 1448 687 altero
1471 641 1581 692 eiusdem
1599 647 1732 705 potestatis
1750 651 1792 702 itte

1015 727 1134 790 temporis
1146 728 1320 791 magistratus,
1336 732 1379 793 qui
1392 733 1415 783 ei
1434 736 1559 787 resisteret
1572 741 1597 787 et
1613 752 1643 788 ea
1654 741 1745 803 quibus
1760 759 1791 793 ne

1015 821 1259 886 intercessio-selden
1274 827 1374 878 sineret.
1407 832 1494 897 ltaque
1504 833 1625 884 suadebat
1641 838 1792 898 consulibus,

1014 918 1058 982 qni
1082 919 1107 969 in
1133 925 1258 984 posterum
1281 924 1454 986 magistratum
1473 935 1556 980 essent
1581 932 1724 994 accepturi,
1748 932 1794 983 boc

1014 1020 1116 1077 agerent
1128 1017 1265 1082 darentque
1277 1033 1392 1084 operam,
1406 1027 1434 1073 ut
1453 1040 1550 1091 semper
1561 1029 1659 1092 aliquos
1668 1029 1699 1079 de
1714 1029 1793 1079 tribu·

1015 1116 1054 1165 nis
1070 1116 1118 1166 sibi
1130 1118 1305 1178 conciliarent,
1325 1121 1468 1187 amicosque
1480 1126 1599 1178 habereut
1619 1143 1625 1170 ι
1647 1129 1795 1192 dicebatque

1015 1213 1079 1263 bunc
1095 1228 1169 1264 unam
1181 1228 1236 1265 esse
1250 1217 1371 1266 rationem
1388 1217 1465 1269 buius
1479 1223 1642 1284 magistratus
1662 1225 1793 1288 potestatis

1014 1313 1166 1371 evertendae.
1189 1313 1210 1364 si
1223 1315 1316 1365 tribuni
1329 1316 1395 1367 inter
1410 1332 1438 1369 se
1451 1318 1608 1371 dissiderent.

1044 1513 1076 1562 ll.
1094 1513 1129 1561 lia
1147 1512 1314 1563 sententiaeb
1329 1513 1407 1578 Appio
1419 1513 1502 1573 dicta,
1516 1514 1631 1564 consules
1649 1518 1673 1564 rt
1693 1515 1734 1564 atii
1746 1516 1796 1577 pri·

1013 1622 1111 1668 mores,
1130 1609 1177 1658 rati
1206 1624 1263 1659 eum
1286 1613 1355 1661 recte
1380 1624 1494 1670 manere,
1517 1624 1613 1660 summa
1638 1609 1794 1661 contentione

1016 1705 1168 1765 ellecerunt,
1185 1709 1214 1756 ut
1226 1711 1335 1771 quatuor
1348 1722 1362 1757 e
1377 1708 1484 1758 tribunis
1500 1708 1596 1759 senatui
1611 1707 1733 1769 laverunt,
1749 1707 1794 1771 qui

1017 1802 1169 1867 aliquamdiu
1183 1803 1259 1852 variis
1268 1803 1405 1853 rationibus
1421 1806 1518 1855 lcilium
1528 1806 1559 1855 ab
1569 1805 1707 1856 actionibus
1720 1817 1793 1868 agra-

1017 1900 1060 1950 riis
1082 1903 1194 1950 avertere
1217 1900 1298 1950 conati
1311 1903 1382 1962 sunt,
1405 1900 1484 1951 denec
1503 1902 1558 1951 linis
1576 1902 1647 1952 bellis
1660 1901 1793 1964 impositus

1013 2004 1086 2047 esset.
1102 1996 1151 2048 Sed
1162 2010 1241 2061 quum
1253 1997 1293 2046 illc
1309 1996 1370 2060 ipsis
1385 1997 1568 2057 adversaretur,
1581 2002 1605 2047 et
1618 1997 1739 2047 deieraret
1750 2034 1755 2055 ,
1768 2001 1794 2047 et

1016 2101 1136 2163 praesente
1155 2097 1247 2162 populo
1273 2097 1476 2160 superbissimam
1501 2110 1587 2146 vocem
1617 2097 1690 2146 edere
1717 2109 1794 2147 ausus

1013 2196 1114 2254 luisset,
1126 2196 1189 2245 male
1199 2209 1225 2245 se
1235 2196 1355 2244 Etruscos
1364 2197 1511 2258 ceterosque
1525 2194 1611 2244 hostes
1626 2193 1689 2244 urbe
1700 2192 1793 2256 potitos

1013 2293 1112 2354 videm,
1134 2306 1208 2356 quam
1230 2307 1288 2351 cus,
1310 2293 1355 2356 qui
1372 2307 1458 2356 agrum
1478 2293 1605 2357 publicum
1625 2295 1791 2357 oocuparart,

1012 2392 1153 2451 dimittere3
1170 2391 1361 2449 existimarunt,
1383 2405 1409 2440 se
1427 2392 1570 2455 praeclaram
1584 2397 1670 2442 nactos
1684 2389 1791 2441 occasio·

1014 2506 1069 2542 nem
1084 2494 1160 2542 tantae
1179 2491 1325 2554 arrogantiae
1339 2491 1425 2548 dictis,
1448 2489 1570 2554 lactisque
1582 2491 1747 2549 adversandi3
1765 2494 1791 2541 ct

1012 2606 1090 2656 quum
1104 2593 1143 2643 rel
1162 2593 1215 2656 ipsa
1228 2591 1298 2656 plebs
1310 2606 1340 2641 eu
1352 2589 1449 2642 oflensa
1466 2593 1541 2649 esset,
1557 2604 1584 2639 se
1596 2590 1619 2640 ei
1638 2589 1791 2640 intercedere

1012 2690 1126 2742 dixerunt
1148 2712 1152 2737 ε
1173 2697 1198 2741 et
1219 2695 1320 2755 aperte,
1345 2691 1467 2756 quidquid
1488 2691 1586 2742 senatui
1607 2693 1633 2740 ct
1650 2689 1792 2740 consulibus

1013 2789 1093 2838 risum
1105 2792 1172 2849 erat,
1189 2788 1323 2838 iaciebant.
1340 2789 1423 2838 icilius
1437 2802 1505 2850 rere,
1516 2789 1549 2839 ab
1560 2788 1675 2839 omnibus
1684 2786 1791 2839 destitu-

1013 2888 1071 2945 tas,
1089 2885 1182 2935 nullam
1203 2884 1309 2949 amplius
1335 2886 1482 2947 potestatem
1507 2884 1622 2934 babebat.
1655 2886 1715 2934 Post
1737 2883 1790 2934 lroec

1012 2983 1136 3035 exercitus
1157 2982 1343 3046 conscripturus
1363 2983 1402 3043 et,
1416 2980 1536 3045 quidquid
1555 2981 1588 3031 ad
1601 2980 1703 3030 bellicos
1725 2994 1787 3030 risus

1013 3084 1068 3132 erat
1088 3081 1268 3141 necessarium,
1285 3080 1377 3145 partini
1399 3093 1430 3129 ex
1449 3079 1551 3138 aerario,
1568 3077 1658 3143 partim
1674 3076 1790 3140 priuatim

1012 3181 1080 3231 omni
1101 3180 1230 3231 alacritate
1248 3178 1475 3243 suppeditabatur:
1495 3181 1521 3228 et
1542 3176 1657 3228 consules
1675 3174 1790 3226 celeriter

1011 3278 1075 3330 inter
1091 3291 1119 3329 se
1134 3277 1216 3328 sortiti
1228 3278 1366 3336 exercitus,
1382 3276 1414 3326 ad
1430 3275 1493 3326 bella
1513 3276 1659 3336 exiverunt,
1676 3275 1720 3337 Sp.
1740 3274 1788 3322 Fu-

1011 3375 1064 3425 rius
1082 3376 1106 3424 in
1127 3377 1233 3437 AEquos,
1246 3374 1317 3426 caesa
1336 3372 1426 3422 Fabius
1441 3373 1465 3421 in
1480 3375 1607 3423 etruscos.
1625 3371 1715 3436 Spurio
1728 3367 1788 3434 qui·

1010 3473 1067 3523 dem
1081 3471 1163 3522 omnia
1176 3485 1207 3519 ex
1229 3469 1305 3519 animi
1329 3469 1451 3520 sententia
1468 3471 1655 3528 successerunt,
1677 3466 1791 3518 hostibus

1010 3582 1066 3619 cum
1084 3580 1114 3617 eo
1127 3565 1239 3629 congredi
1258 3578 1305 3614 non
1326 3565 1408 3624 ausis;
1425 3566 1497 3630 eique
1514 3566 1631 3631 contigit,
1654 3568 1683 3614 ut
1700 3563 1726 3613 in
1741 3561 1791 3612 bac

1011 3664 1165 3730 expeditione
1179 3663 1270 3713 multas
1287 3662 1403 3727 pecunias
1418 3663 1590 3728 mancipiaque
1605 3665 1711 3726 caperet.
1727 3663 1790 3711 Nam

1012 3761 1063 3813 lere
1083 3762 1163 3809 tutum
1184 3758 1293 3808 bostium
1307 3771 1395 3823 agrum
1410 3763 1557 3822 pervagatus
1571 3762 1626 3818 est,
1655 3770 1695 3807 res
1715 3767 1790 3818 agene

1009 3859 1152 3922 terensque,
1171 3870 1318 3920 omnemque
1336 3855 1446 3921 praedam
1457 3856 1579 3906 militibus
1594 3855 1725 3906 concessit.
1760 3856 1790 3906 El

1008 3970 1087 4022 quum
1104 3959 1162 4006 ante
1181 3954 1259 4020 plebis
1273 3953 1401 4004 studiosus
1418 3952 1564 4015 baberetur,
1585 3954 1664 4004 multo
1677 3953 1789 4019 magisiu

1008 4055 1056 4107 bac
1074 4053 1231 4120 expeditione
1254 4050 1423 4102 multitudinis
1434 4052 1543 4101 levorem
1565 4050 1612 4101 sibi
1631 4051 1787 4115 conciliarit,

1008 4157 1146 4218 exactoque
1165 4151 1261 4203 militiae
1282 4154 1408 4214 tempore,
1429 4150 1513 4214 copias
1538 4150 1646 4216 integras
1672 4154 1699 4201 et
1719 4152 1789 4202 nulla

1008 4251 1079 4301 clade
1099 4251 1221 4312 attentas,
1245 4252 1271 4298 et
1290 4247 1402 4312 pecuniis
1415 4245 1507 4298 ditatas
1518 4249 1544 4299 in
1560 4248 1666 4315 patriam
1681 4250 1786 4302 reduxit.

1040 4512 1084 4562 lll.
1102 4513 1133 4561 lt
1145 4510 1215 4562 Caeso
1229 4511 1335 4573 Fabius,
1346 4510 1408 4561 aller
1419 4515 1520 4576 consul,
1531 4515 1588 4568 licet
1599 4515 1697 4580 egregie
1712 4514 1790 4565 omni-

1009 4600 1057 4650 bus
1070 4600 1215 4650 muneribus
1238 4600 1402 4663 imperatoriis
1423 4601 1509 4655 luisset
1527 4606 1683 4669 perfunctus,
1707 4606 1790 4653 tamen

1009 4703 1091 4740 rerum
1107 4693 1232 4753 gestarum
1247 4688 1320 4738 laude
1339 4688 1468 4742 fraudatus
1480 4697 1533 4754 est,
1545 4695 1578 4746 ob
1600 4694 1697 4745 nullum
1713 4704 1788 4740 suum

1008 4782 1151 4844 peccatum,
1170 4777 1215 4827 sed
1235 4775 1304 4841 quod
1322 4777 1442 4829 exercitui
1466 4793 1557 4834 exesus
1577 4785 1661 4841 essct,
1684 4793 1715 4828 ex
1739 4791 1789 4840 quo

1009 4870 1121 4923 Cassium
1143 4868 1285 4927 consulem,
1314 4868 1452 4929 tyrannidis
1476 4872 1600 4926 enecata
1625 4872 1786 4933 damnatum,

1009 4959 1128 5025 supplicio
1142 4961 1254 5008 extremo
1267 4955 1393 5008 affecerat.
1427 4961 1489 5011 Nam
1499 4977 1579 5027 neque
1592 4961 1624 5010 ad
1635 4958 1789 5023 imperatoris

1007 5052 1076 5102 iussa
1092 5048 1207 5100 celeriter
1219 5048 1388 5111 exsequenda,
1411 5063 1492 5114 neque
1503 5051 1536 5100 ad
1547 5065 1576 5101 ea
1591 5047 1749 5112 occupanda,
1762 5047 1788 5099 in

1008 5139 1097 5203 quibus
1108 5137 1226 5190 nellitum
1243 5136 1359 5188 alacritas
1375 5142 1400 5189 et
1421 5120 1473 5199 ris,
1490 5139 1533 5189 ubi
1555 5152 1618 5203 opus
1638 5137 1726 5198 luerit,
1742 5151 1784 5189 re-

1009 5227 1126 5291 quiritur,
1142 5239 1222 5293 neque
1233 5225 1266 5277 ad
1275 5239 1305 5279 ea
1319 5226 1386 5290 loca,
1396 5241 1456 5294 qua
1466 5227 1498 5280 ad
1508 5227 1639 5291 uictoriam
1649 5230 1788 5292 opportuna
