3772 5828
651 360 941 437 nN'tthtTnTtltt
963 362 1110 424 ROMAN.
1134 362 1204 422 LlB.
1230 363 1309 424 Vlll.

156 498 284 579 αἰσχύνης
298 497 366 577 ἔχων
381 495 424 555 ert
439 503 586 578 συμφοραῖς
596 498 643 555 οὑκ
656 495 822 575 εὐσχήμοσιν
834 499 871 563 είς
885 495 933 567 τήν

155 587 231 646 πόλιν
242 587 383 660 εἰσελθεῖν,
398 584 429 645 τὸ
444 584 586 664 κράτιστον
601 582 778 651 ἀπολωλεκὼς
791 588 837 655 τῆς
852 607 934 663 στρα-

155 687 221 744 τιᾶς.
265 675 300 733 ‘0
325 674 352 733 δὲ
369 675 515 740 συνύπατος
531 675 611 732 αὑτοῦ
626 672 688 739 τοὺς
709 671 752 754 ὑφ’
769 672 862 731 ἑαυτὸν
887 672 934 753 ἄρ·

155 789 249 845 χοντας
268 764 312 823 ἐπὶ
327 763 508 841 στρατοπέδου
526 761 683 822 καταλιπών
701 766 736 830 είς
758 763 806 848 τήν
822 761 932 839 Ῥώμην

113 883 127 921 ς
155 855 255 933 ᾤχετο·
270 853 317 912 καὶ
336 851 500 929 συγκαλέσας
514 851 557 911 τὸν
577 850 656 932 ὄχλον
673 850 717 910 lat
740 850 787 918 τάς
804 853 933 931 ἀρχαιρε-

155 944 232 1016 σίοις,
246 934 284 1008 οἷς
297 941 344 1019 μὲν
361 943 375 998 ὑ
389 941 470 1015 δῆμος
483 937 605 999 ίόούλετο
620 941 728 1011 δοθῆναι
741 937 789 1011 τήν
806 941 933 999 ὑπατείαν

156 1029 281 1109 ἀνδράσιν
293 1033 322 1088 ἐκ
336 1032 387 1088 τῶν
402 1025 585 1087 ὑπατευκότων
598 1028 626 1087 ού
638 1025 771 1108 προύθηκε
783 1026 830 1098 τήν
845 1031 932 1109 ψηρο·

156 1120 266 1199 φορίαν,
282 1115 372 1189 ἐπειδὴ
391 1115 443 1176 οὐδ’
458 1115 532 1175 αὑτοὶ
548 1115 680 1195 μετῄεσαν
695 1117 744 1187 τήν
758 1116 844 1196 ἀρχὴν
857 1117 931 1175 έκόν-

155 1230 214 1282 τες,
228 1206 294 1286 ὑπὲρ
310 1208 337 1266 δί
355 1210 408 1266 τῶν
428 1205 570 1282 μετιόντων
586 1204 645 1272 τούς
660 1228 688 1263 τε
711 1203 805 1283 λόχους
823 1205 932 1265 ἐκάλεσε

104 1315 127 1352 ιο
155 1295 261 1362 καὶτὰς
280 1296 382 1378 ψήφους
415 1293 555 1353 ἀνέδωκεν.
600 1285 682 1353 Οὑτοι
704 1294 728 1351 δ’
749 1283 817 1365 ήσαν
843 1292 886 1360 οὑς
914 1299 931 1365 ἡ

156 1383 237 1461 βουλή
258 1385 410 1464 προείλετο,
425 1382 472 1442 καί
498 1373 536 1448 οἷς
559 1381 752 1462 παραγγέλλειν
774 1380 823 1453 τήν
845 1381 932 1462 ἀρχὴν

155 1473 304 1545 ἐκέλευσεν,
318 1473 348 1531 οὑ
362 1471 463 1550 σφόδρα
480 1471 605 1552 τῷδήμῳ
624 1471 832 1550 κεχαρισμένοις.
878 1469 932 1530 Καί

155 1561 349 1640 ἀπεδείχθησαν
369 1562 405 1627 είς
421 1561 465 1620 τόν
486 1559 592 1620 ἐπιόντα
615 1559 731 1619 ἐνιαυτὸν
752 1560 848 1619 ὑπατοι
866 1559 883 1618 ό
902 1582 931 1620 τε

155 1651 278 1727 νεώτερος
291 1655 336 1709 τοῦ
349 1648 486 1728 προθέντος
498 1645 544 1714 τάς
556 1648 728 1729 ἀρχαιρεσίας
739 1649 840 1708 ὑπάτου
856 1648 932 1727 Μάρ-

102 1749 127 1787 ¹⁵
154 1761 198 1805 νιος
220 1738 326 1804 dulim
347 1737 484 1804 Καίσωνος
504 1733 572 1808 υίδς,
591 1737 637 1795 καί
654 1738 764 1804 Λεύκιος
786 1737 931 1817 Οὐαλέριος

154 1829 268 1907 Μάρκου
283 1831 353 1901 υἱός,
365 1830 379 1884 ὑ
393 1826 438 1885 τδν
449 1827 502 1906 τρίς
513 1824 700 1886 ὑπατεύσαντα
712 1826 831 1886 Κάσσιον
841 1826 931 1906 κρίνας

154 1915 198 1974 ἐπὶ
213 1919 246 1993 τῇ
260 1915 392 1994 τυραννίδι
403 1913 446 1973 καί
464 1913 629 1982 ἀποκτείνας.
684 1907 766 1976 Οὑτοι
781 1914 829 1987 τήν
844 1911 929 1994 ἀρχήν

153 2002 353 2082 παραλαόόντες
363 2001 430 2082 ὑπὲρ
443 2007 495 2063 τῶν
507 2004 689 2063 ἀποθανόντοιν
706 2007 731 2063 ἐν
746 2007 784 2084 τῷ
798 2002 862 2083 πρός
874 2003 930 2062 Ἄν-

153 2091 244 2157 τιάτας
254 2091 363 2173 πολέμῳ
377 2095 544 2172 στρατιωτῶν
558 2091 645 2163 ἠξίουν
666 2091 770 2170 ἑτέρους
792 2090 930 2171 καταγρά·

102 2197 127 2236 νο
154 2201 226 2260 ρειν,
239 2177 282 2239 ’ίνα
297 2180 327 2240 τὸ
343 2178 447 2248 ἐλλιπές
465 2181 644 2260 ἀναπληρωθῇ
660 2183 711 2239 τῶν
724 2178 822 2260 λόχων.
875 2178 929 2240 Καί

153 2268 241 2346 δόγμα
255 2268 436 2345 ποιησαμένης
449 2272 496 2340 τῆς
515 2271 612 2348 βουλῆς
627 2269 800 2349 προέγραψεν
813 2269 928 2349 ἡμέραν,

152 2356 179 2413 έν
204 2348 223 2436 ᾗ
246 2361 369 2436 παρεῖναι
389 2361 450 2423 τοὺς
473 2355 582 2436 ἔχοντας
604 2355 713 2426 ἡλικίαν
738 2356 929 2436 στρατεύσιμον

152 2443 214 2506 ἔδει.
257 2449 333 2506 Μετὰ
350 2451 428 2504 τοῦτο
444 2443 552 2525 θόρυὺος
568 2436 600 2517 {iu
616 2443 697 2511 πολὺς
712 2445 779 2504 κατδ
792 2444 841 2516 τήν
853 2444 929 2504 πόλιν

153 2529 216 2604 ὅλην
242 2532 287 2590 καί
317 2533 390 2611 λόγοι
415 2534 467 2591 τῶν
495 2532 659 2592 πενεστάτων
689 2533 858 2606 στασιώδεις,
882 2536 930 2592 οὑκ

103 2632 126 2670 to
154 2618 291 2688 ἀξιούντων
306 2621 365 2679 οὑτε
381 2623 475 2699 βουλῆς
487 2621 614 2699 δόγμασιν
629 2621 774 2702 ὑπηρετεῖν,
792 2621 850 2681 οὔτε
861 2622 929 2681 ὑπά-

152 2730 205 2765 των
231 2707 334 2790 ἐξουσία
356 2713 518 2788 πειθαρχεῖν,
535 2707 575 2768 ότι
590 2706 636 2775 τίις
657 2708 717 2789 περὶ
738 2713 785 2780 τῆς
811 2712 930 2790 κληρου-

152 2795 214 2874 χίας
232 2800 388 2877 ὑποσχέσεις
401 2800 546 2878 ἐψεύσαντο
561 2797 625 2878 πρδς
640 2799 746 2865 αὐτούς·
759 2798 887 2867 συνιόντες
902 2823 929 2860 τι

152 2885 222 2945 κατὰ
238 2890 337 2958 πλῆθος
351 2886 395 2946 ἀπὶ
415 2886 474 2953 τοὺς
499 2886 662 2967 δημάρχους,
689 2886 820 2957 ὠνείδιζον
843 2889 930 2957 αὐτοῖς

151 2975 315 3055 προδοσίαν,
331 2977 376 3035 καί
391 2975 527 3035 κατεόόων
542 2977 743 3053 ἀπικαλούμενοι
759 2978 807 3047 τήν
823 2974 849 3045 ἐξ
861 2976 930 3036 ἐκεί·

103 3085 127 3124 ab
152 3085 202 3121 νων
225 3065 395 3147 συμμαχίαν.
439 3066 501 3133 Τοῖς
528 3064 575 3143 μίν
590 3055 635 3124 οὑν
657 3066 745 3133 ἄλλοις
772 3068 820 3125 οὑκ
846 3064 931 3126 ἐδόκει

154 3152 241 3233 καιρδς
252 3155 390 3235 ἁρμόττων
404 3145 471 3213 εἶναι
481 3153 598 3230 πολέμου
609 3159 770 3222 συνεστῶτος
783 3155 931 3235 ὑπερορίου,

154 3241 200 3309 τὰς
214 3243 351 3310 πολιτικὰς
373 3243 469 3324 ἔχθρας
484 3244 678 3324 ἀναζωπυρεῖν·
699 3234 735 3311 εἷς
745 3244 773 3302 δί
787 3268 826 3311 τις
838 3244 865 3313 θξ
879 3246 929 3303 αύ-

153 3333 205 3389 τῶν
219 3331 299 3399 Γάῖος
317 3331 428 3398 Μαίνιος
443 3333 489 3391 οὑκ
507 3330 557 3411 ipa,
579 3330 724 3411 προδώσειν
747 3331 806 3399 τοὺς
821 3334 932 3408 δημοτι-

154 3418 214 3487 κοὺς
229 3421 281 3479 οὐδ’
298 3422 447 3502 ἐπιτρέψειν
463 3424 517 3487 τοῖς
528 3419 636 3487 ὑπάτοις
649 3419 773 3500 στρατιδιν
796 3420 934 3499 καταγρά-

103 3526 128 3565 ts
155 3531 229 3586 φειν,
244 3508 288 3566 ἐὰν
305 3508 342 3585 μὴ
358 3508 482 3588 πρότερον
505 3507 662 3577 ἀποδείξωσι
685 3507 745 3575 τοὺς
768 3509 872 3588 ὑριστάς
886 3514 934 3580 τῆς

156 3596 284 3670 δημοσίας
302 3601 368 3675 γῆς,
383 3597 429 3654 καλ
448 3597 479 3656 τδ
494 3594 554 3675 περὶ
569 3599 617 3666 τῆς
632 3594 793 3675 κληρουχίας
808 3595 933 3676 ψήφισμα

156 3682 304 3762 γράψαντες
320 3685 355 3748 είς
368 3681 413 3741 τόν
430 3684 512 3760 δῆμον
527 3683 706 3763 ἐξενέγκωσιν.
734 3683 933 3764 Ἀντιλεγόντων

158 3773 185 3830 δὲ
202 3770 266 3850 πρὸς
280 3775 364 3828 ταῦτα
380 3774 431 3830 τῶν
449 3773 555 3830 ὑπάτων
571 3775 617 3832 καὶ
627 3771 759 3854 πρόρασιν
774 3772 934 3848 ποιουμένων

159 3868 205 3921 τοὺ
230 3861 311 3938 μηδὲν
326 3863 396 3942 αὑτῷ
417 3867 562 3942 συγχωρεῖν
581 3854 617 3922 ὧν
642 3862 714 3934 ἠξίου
728 3862 772 3921 τδν
796 3864 821 3920 ἀν
844 3865 934 3946 χερσὶν

105 3959 134 3998 ⁴⁰
160 3949 223 4009 όντα
249 3949 382 4026 πόλεμον,
397 3953 444 4010 οὑκ
468 3951 518 4033 ίρη
540 3950 676 4032 προσέξειν
700 3952 788 4019 αὑτοῖς
801 3952 845 4010 τὸν
862 3960 934 4028 νοῦν,

161 4038 230 4098 ἀλλὰ
245 4039 371 4100 κωλύσειν
382 4040 472 4121 ἁπάσῃ
488 4041 597 4119 δυνάμει
615 4041 663 4113 τήν
681 4040 863 4122 καταγραρήν.
882 4044 936 4103 Καὶ

160 4127 254 4188 ἐποίει,
271 4133 370 4187 ταῦτα·
382 4131 412 4188 ού
424 4130 477 4205 μήν
489 4129 584 4209 ἴσχυσέ
594 4154 622 4206 γε
634 4130 713 4211 μέχρι
725 4129 824 4196 τέλους.
837 4130 873 4189 Οἱ
886 4130 936 4212 γὰρ

160 4217 256 4277 ὑπατοι
270 4216 437 4296 προελθόντες
460 4216 509 4287 ίξω
524 4222 571 4289 τῆς
585 4218 685 4286 πόλεως
709 4220 735 4276 ἐν
754 4221 792 4301 τδρ
806 4242 935 4299 παρακει-

160 4305 230 4386 μένῳ
238 4306 321 4388 πεδίῳ
332 4303 587 4385 τοὺςστρατηγικοὺς
595 4303 815 4383 δίρρουςέθηκαν·
827 4307 937 4367 ἀνταὺθα

103 4417 131 4456 ιο
160 4396 206 4454 καί
223 4398 266 4453 τὀν
288 4393 475 4472 στρατιωτικὸν
491 4395 625 4453 ἐποιοῦντο
645 4394 801 4469 κατάλογον,
816 4396 862 4455 καί
880 4397 938 4467 τοὺς

161 4488 210 4565 οὑχ
225 4484 405 4555 ὑπακούοντας
430 4497 482 4556 τοῖς
507 4488 615 4567 νόμοις,
632 4489 723 4562 έπειδὴ
745 4490 838 4556 αύτούς
865 4491 937 4570 ἀγειν

162 4575 211 4650 οὑχ
225 4565 274 4632 οἷοί
297 4574 322 4631 τ’
338 4567 423 4651 ήσαν,
441 4579 477 4646 εἰς
501 4579 628 4659 χρήματα
644 4577 783 4655 ἐζημίουν·
806 4578 876 4648 όσοις
891 4581 938 4658 μέν

161 4662 248 4741 χοιρία
268 4667 401 4745 ὑπῆρχεν,
427 4669 597 4736 ἐκκόπτοντες
620 4674 703 4729 ταῦτα
725 4667 770 4727 καί
789 4667 836 4737 τδς
858 4669 939 4739 αὑλάς

161 4755 360 4830 καθαιροῦντες·
376 4755 444 4816 όσων
459 4758 486 4816 δὲ
503 4758 644 4837 γεωργικὸς
662 4766 676 4820 δ
698 4756 753 4837 βίος
764 4749 797 4831 ἦν
815 4761 842 4818 έν
859 4761 938 4818 ἀλλο·

106 4871 135 4908 ω
162 4842 243 4922 τρίοις
257 4842 393 4919 κτήμασι,
413 4847 513 4905 τούτων
530 4847 635 4925 ἄγοντές
659 4869 687 4905 τε
710 4847 755 4906 καί
771 4848 889 4930 ιρέροντες
906 4850 940 4908 τδι

162 4933 400 5012 παρεσκευασμένα
421 4936 485 5017 πρὸς
500 4934 546 5008 τὴν
570 4936 696 5017 ἐργασίαν
711 4936 790 5016 ζεύγη
811 4961 840 4997 τε
863 4939 940 5020 βοῖκδι

163 5022 209 5081 καί
232 5021 393 5101 βοσκήματα
415 5025 460 5083 καλ
481 5026 610 5104 ὑποζύγια
634 5024 769 5105 ἀχθορόρα
790 5025 836 5086 καί
860 5027 940 5099 σκεύη

163 5121 291 5191 παντοῖα,
309 5103 347 5180 οἷς
361 5116 396 5191 γῆ
410 5116 434 5173 τ’
451 5114 606 5193 ἀργάζεται,
627 5114 674 5174 καί
687 5115 786 5196 καρποί
807 5116 941 5195 συγκομί-

163 5204 262 5271 ζονται.
307 5200 340 5265 Ὁ
364 5202 392 5263 δὲ
415 5203 524 5262 κωλύων
541 5204 589 5277 τήν
614 5203 788 5285 καταγραφήν
804 5204 941 5288 δήμαρχος

1708 371 1767 431 515

987 505 1148 556 miniosarum
1163 505 1186 554 in
1199 507 1287 556 urbem
1306 505 1386 555 redire
1399 509 1454 557 'non
1472 519 1567 565 ausus,
1578 508 1645 571 quod
1659 508 1767 560 lectissi-

988 606 1054 643 mam
1068 593 1193 644 exereitus
1204 599 1299 657 μετίοιεν
1312 596 1446 645 amisisset.
1481 600 1512 646 nt
1525 596 1579 645 eius
1594 595 1694 657 collega,
1712 610 1766 648 cas·

988 694 1081 742 trorum
1096 704 1156 740 cura
1169 690 1275 742 tribunis
1293 692 1440 752 combusso,
1455 695 1559 742 Romam
1571 694 1610 740 eut
1622 689 1767 754 prolectusr

988 790 1170 851 conroutoque
1188 788 1220 837 ad
1238 789 1339 839 comitia
1357 788 1466 853 populo,
1491 787 1523 837 de
1542 787 1578 838 eis
1598 787 1770 838 consularibus

988 884 1064 944 viris,
1077 885 1167 950 quibus
1187 887 1343 936 consulatum
1358 887 1411 936 dari
1434 886 1504 951 plebs
1524 886 1657 950 cupiebat,
1677 885 1769 936 nullam

988 980 1101 1046 sutiragii
1117 981 1210 1034 terendi
1230 983 1290 1034 lecit
1305 985 1470 1046 mentionem,
1488 985 1546 1048 quia
1568 998 1598 1035 ue
1611 982 1657 1049 ipsi
1669 982 1770 1048 quidem

987 1083 1075 1145 sponte
1086 1096 1132 1133 sua
1146 1085 1320 1147 magistratum
1331 1097 1389 1133 eum
1402 1083 1519 1148 petebant
1531 1104 1538 1144 ς
1554 1083 1599 1134 sed
1609 1097 1654 1147 pro
1674 1082 1714 1144 iis,
1727 1080 1770 1146 qui

988 1179 1115 1243 petebant,
1127 1181 1254 1231 centurias
1269 1181 1388 1243 vocarit,
1402 1194 1494 1244 easque
1511 1181 1536 1231 in
1553 1181 1671 1247 sutfragia
1689 1181 1768 1233 misit.

987 1279 1063 1328 Erant
1072 1280 1156 1328 autern
1166 1278 1205 1335 hi.
1218 1292 1281 1342 quoa
1295 1280 1395 1329 senatus
1407 1277 1547 1342 designarat
1559 1281 1585 1330 ot
1597 1281 1769 1344 magistratum

988 1377 1071 1438 petere
1083 1374 1204 1437 iusserat,
1218 1374 1282 1440 plebi
1296 1389 1344 1426 non
1357 1375 1492 1426 admodum
1505 1376 1577 1440 grati.
1592 1376 1769 1439 Designatique

989 1472 1169 1522 suntoonsulcs
1178 1472 1202 1521 in
1212 1477 1357 1536 sequentem
1369 1487 1460 1523 annum
1471 1473 1553 1523 iunior
1566 1471 1642 1522 irater
1651 1472 1767 1534 consulis,

987 1571 1031 1635 qni
1043 1576 1150 1636 praeerat
1163 1573 1284 1633 comitiis,
1303 1574 1337 1622 ld.
1353 1572 1461 1635 Fabius,
1476 1571 1587 1623 cresonis
1597 1574 1625 1621 F.
1639 1575 1665 1621 et
1675 1573 1702 1620 L.
1716 1572 1767 1619 t'a·

988 1668 1079 1728 lorias,
1093 1672 1125 1719 lt.
1146 1672 1184 1730 F..
1199 1671 1244 1733 qui
1264 1670 1378 1721 cassium
1396 1671 1497 1721 tertium
1508 1669 1634 1721 consulem
1649 1669 1681 1719 ob
1693 1668 1770 1718 allec·

987 1770 1064 1818 talam
1080 1767 1236 1831 tyrannidem
1248 1768 1376 1818 damnarit
1390 1772 1416 1819 ct
1426 1770 1525 1834 capitali
1538 1770 1658 1835 supplicio
1673 1769 1766 1818 aliocit.

986 1869 1018 1920 lli
1032 1867 1176 1932 magistratu
1190 1866 1251 1915 inito
1266 1865 1403 1929 petierunt,
1415 1865 1477 1915 utin
1491 1880 1578 1916 eorum
1592 1866 1711 1923 militum,
1726 1865 1769 1928 qni

987 1969 1013 2019 in
1025 1967 1089 2018 bello
1108 1970 1194 2016 contra
1210 1965 1321 2014 Antiates
1331 1964 1480 2023 ceciderant,
1491 1965 1531 2013 aiii
1542 1964 1767 2027 conscriberentur,

987 2068 1015 2115 ul
1026 2066 1094 2128 quod
1105 2064 1189 2116 deerat
1200 2063 1345 2115 cohortibus
1357 2064 1524 2128 suppleretur.
1558 2066 1684 2127 Factoque
1695 2078 1767 2115 senn-

986 2161 1151 2222 tuaeonsulto,
1166 2163 1232 2213 diem
1255 2162 1370 2212 dicerunt
1381 2169 1392 2220 ,·
1406 2161 1437 2211 ad
1458 2175 1534 2226 quam
1557 2161 1670 2231 militaris
1686 2164 1768 2214 utatis

986 2258 1097 2311 bomines
1107 2269 1198 2324 praesto
1207 2262 1295 2310 adesse
1306 2263 1441 2323 oporteret.
1482 2259 1769 2324 lndeingenstumultus

986 2357 1010 2406 in
1025 2357 1086 2408 urbe
1101 2362 1155 2408 tota
1168 2361 1207 2408 est
1219 2374 1234 2407 a
1245 2361 1330 2418 ortus,
1346 2362 1372 2407 et
1384 2357 1535 2421 pauperrimi
1549 2358 1641 2422 quique
1651 2358 1769 2409 seditiose

985 2454 1159 2517 loquebantur,
1175 2467 1220 2503 uec
1232 2454 1446 2504 serratusconsullo
1463 2466 1565 2516 parere,
1580 2467 1625 2502 nec
1637 2456 1768 2504 consulum

987 2549 1104 2615 potestati
1123 2549 1293 2614 obtemperare
1314 2550 1443 2610 uolebant,
1464 2548 1532 2612 quod
1549 2549 1582 2599 illi
1598 2551 1719 2612 promissa
1737 2550 1768 2600 dc

986 2648 1052 2713 agris
1068 2646 1208 2697 dividendis
1228 2648 1371 2698 lolcltisscnt
1387 2667 1394 2697 :
1411 2652 1636 2711 concursantesque
1653 2650 1766 2697 caterva·

987 2747 1033 2798 tim
1057 2743 1087 2795 ad
1114 2744 1239 2806 tribunos,
1258 2745 1423 2810 proditionem
1447 2745 1506 2808 ipsis
1525 2743 1721 2808 exprobrabant,
1743 2747 1770 2794 et

991 2856 1087 2920 magnis
1104 2852 1253 2904 clamoribus
1273 2853 1369 2902 illorum
1386 2853 1559 2916 implorabant.
1594 2853 1654 2903 attis
1667 2853 1768 2918 quidem
1788 2868 1792 2877 ·

987 2950 1196 3002 concidebantur
1221 2950 1394 3014 tempestivum
1416 2962 1485 3010 esse,
1510 2954 1613 3000 externo
1635 2949 1769 2999 bellocen-

983 3057 1055 3115 llato,
1077 3054 1226 3106 domesticas
1248 3051 1390 3103 inimicitias
1412 3052 1533 3101 suscitare
1557 3070 1562 3101 :
1586 3050 1687 3114 quidam
1708 3065 1766 3103 vero

982 3149 1098 3211 exiliis,
1121 3149 1148 3199 c.
1171 3146 1280 3203 Menios,
1304 3145 1415 3203 dicebat,
1437 3159 1463 3196 oe
1485 3145 1586 3194 minime
1609 3144 1765 3208 proditurum

987 3245 1101 3310 plebem,
1114 3259 1159 3295 nec
1171 3245 1308 3295 exercitum
1323 3244 1477 3294 conscribere
1500 3243 1643 3293 consulibus
1664 3241 1767 3304 pcrrms·

988 3358 1094 3405 aurum,
1116 3344 1164 3394 nisi
1177 3315 1245 3406 prius
1267 3343 1320 3408 agri
1337 3343 1426 3407 publici
1448 3343 1557 3392 linitores
1578 3328 1719 3402 creassent,
1744 3345 1771 3392 et

990 3446 1233 3498 senatusconsultum
1254 3445 1286 3497 de
1304 3444 1370 3508 agris
1388 3443 1527 3494 diuidendis
1548 3441 1643 3493 factum
1661 3443 1771 3506 promul-

989 3552 1095 3615 gassent.
1111 3547 1260 3600 Consulibus
1274 3560 1333 3596 roro
1343 3552 1429 3595 contra
1443 3545 1495 3594 lucc
1509 3544 1657 3599 dicentibus,
1669 3548 1694 3594 et
1707 3557 1772 3607 prae·

990 3663 1048 3700 sens
1059 3647 1152 3697 bellum
1171 3642 1361 3704 caussantlbua,
1379 3655 1423 3707 per
1434 3641 1501 3706 quod
1515 3645 1606 3701 staret,
1622 3656 1672 3705 quo
1689 3643 1772 3691 miuus

991 3741 1090 3792 hrocci
1113 3739 1288 3794 concederent,
1310 3739 1430 3801 negabat,
1458 3750 1484 3787 ae
1506 3741 1661 3787 moraturum
1686 3751 1772 3788 eorum

991 3839 1084 3902 rerba,
1105 3837 1151 3887 sod
1169 3836 1229 3887 totis
1240 3835 1336 3886 uiribus
1349 3836 1474 3885 delectum
1486 3835 1669 3900 prohibiturum
1679 3873 1685 3895 ,
1696 3839 1773 3898 atque

992 3939 1047 3989 boec
1065 3937 1146 3988 lacere
1158 3935 1308 3994 conabatur;
1327 3933 1388 3985 nibil
1402 3937 1485 3984 brnen
1498 3932 1598 3984 eilicerc
1608 3932 1697 3995 potuit.
1709 3933 1772 3983 Con·

992 4032 1060 4083 sulec
1068 4033 1134 4082 enim
1146 4036 1216 4083 extra
1227 4030 1313 4081 urbem
1324 4032 1349 4079 in
1361 4031 1500 4094 proximum
1514 4043 1627 4092 campum
1638 4030 1769 4093 progressi,

994 4131 1028 4182 ibi
1041 4133 1117 4183 sollae
1126 4133 1297 4197 imperatorias
1312 4133 1462 4195 posuerunt,
1482 4133 1507 4180 et
1522 4128 1612 4178 milites
1630 4130 1770 4181 conscribe·

995 4232 1066 4289 bant,
1078 4235 1105 4282 et
1118 4232 1160 4295 qui
1171 4231 1264 4294 legibus
1276 4244 1324 4279 non
1345 4229 1481 4293 parebant,
1503 4227 1561 4291 quia
1573 4241 1616 4276 cos
1632 4227 1657 4277 in
1674 4228 1772 4278 vincula

994 4328 1118 4392 conjicere
1139 4342 1187 4378 non
1203 4331 1331 4393 poteraut,
1346 4326 1460 4390 pecuniis
1476 4324 1630 4376 mulctabant
1650 4345 1657 4375 τ
1676 4338 1771 4389 eorum,

995 4428 1037 4492 qui
1060 4441 1131 4491 agros
1149 4427 1288 4488 habebant,
1312 4439 1383 4489 agros
1401 4423 1519 4474 cudendo
1543 4423 1662 4487 uillaeque
1686 4423 1773 4474 demo·

995 4525 1090 4584 liendo;
1109 4524 1152 4588 qui
1177 4538 1237 4573 vcro
1254 4524 1346 4574 alienos
1370 4523 1460 4573 fundos
1480 4521 1616 4589 conductos
1642 4520 1772 4582 colebant,

995 4626 1085 4676 horum
1100 4623 1196 4686 agendo
1211 4626 1235 4674 et
1259 4622 1359 4673 lercrrdc
1380 4624 1543 4673 instrumenta
1562 4621 1656 4672 rustica
1672 4623 1698 4671 et
1717 4620 1774 4683 iuga

995 4723 1071 4773 bourn
1083 4724 1109 4772 et
1128 4734 1204 4784 pecus
1220 4724 1246 4769 et
1261 4721 1370 4770 inruenta
1390 4720 1524 4770 sarcinaria
1542 4721 1568 4771 et
1579 4720 1660 4770 omnis
1679 4720 1775 4782 generis

996 4819 1172 4877 instrumenta,
1188 4816 1278 4880 quibus
1293 4815 1332 4866 ccl
1347 4819 1414 4868 terra
1429 4816 1520 4867 oolitur
1536 4817 1574 4868 vel
1590 4816 1689 4866 fructus
1710 4828 1776 4864 com-

995 4921 1133 4984 portantur.
1166 4917 1289 4968 Tribunus
1309 4932 1381 4979 vero,
1400 4919 1444 4982 qui
1469 4919 1576 4970 militurn
1601 4914 1776 4977 conscriptioni

996 5017 1163 5080 delectatque
1179 5016 1363 5079 intercedebat,
1377 5018 1437 5069 nibil
1455 5018 1560 5083 amplius
1570 5018 1656 5065 contra
1670 5015 1724 5064 lraec
1737 5015 1773 5064 ia-

996 5130 1052 5168 cere
1066 5119 1169 5180 potcrat.
1182 5118 1244 5166 liam
1258 5115 1350 5167 tribuni
1362 5116 1386 5166 in
1399 5131 1443 5178 ea,
1457 5129 1514 5180 ηοω
1526 5117 1583 5164 sunt
1596 5115 1666 5162 cntra
1678 5112 1772 5162 urbem.

996 5215 1087 5266 nullam
1097 5213 1190 5266 babent
1199 5217 1346 5281 potestatem
1361 5228 1367 5259 τ
1382 5214 1426 5268 sed
1435 5228 1522 5266 eorum
1529 5209 1775 5325 potenti3o³moenibus
