3772 5828
200 367 260 425 tlt

198 498 334 574 ίσόμενοι,
351 502 429 579 τριῶν
445 501 461 568 ἢ
483 504 613 579 τεττάρων
628 501 741 560 σταδίων
757 503 786 561 τὸ
802 504 900 580 μεταξὺ
912 528 971 584 χω-

130 589 134 604 ’
198 584 251 666 ρίου
269 595 323 653 τοῖς
346 587 543 664 ἀγωνιζομένοις
569 589 766 655 καταλιπόντες·
787 591 833 648 καί
861 596 919 668 μετ’
943 596 972 653 οὔ

195 674 262 734 πολὺ
272 679 360 753 παρῆν
370 676 427 741 τούς
438 699 466 733 τε
481 676 636 755 Κοριατίους
650 680 664 734 θ
678 680 729 734 τῶν
745 677 880 739 Ἀλθανῶν
896 705 973 760 στρα-

195 764 274 840 τηγὸς
289 764 374 842 ἄγων,
388 765 432 823 καὶ
448 763 506 830 τοὺς
519 763 661 842 Ὁρατίους
677 768 751 823 ὁτῶν
765 766 908 843 Ῥοιμαίων
922 775 972 850 βα-

154 871 166 906 ι
195 855 295 925 σιλεὺς,
312 853 491 928 ὡπλισμένους
504 876 531 911 τε
541 853 671 912 κάλλιστα
685 855 731 913 καί
745 855 788 914 τὸν
805 858 883 917 ἀλλον
898 857 973 938 έχον·

194 965 242 1007 τας
262 941 360 1019 κόσμον
376 933 428 1000 οἷον
451 943 583 1022 ἀνθρωττοι
596 942 781 1019 λαμάάνουσιν
796 946 839 1003 ἀπὶ
854 950 970 1030 θανάτῳ.

194 1031 217 1088 Γ
218 1030 333 1105 ενόμενοι
358 1030 385 1089 δέ
409 1030 533 1109 σύνεγγυς
558 1033 680 1103 ἀλλήλοιν
702 1031 735 1090 τὰ
761 1032 896 1115 μέν·ξίρη
919 1044 972 1103 τοῖς

194 1123 373 1187 ὑπασπισταῖς
400 1124 571 1198 παρέδωκαν,
597 1122 809 1201 προσδραμόντες
831 1125 863 1184 ὑὲ
887 1124 972 1206 περιέ·

196 1206 294 1267 dailo
311 1208 441 1279 ἀλλήλους
453 1209 586 1276 κλαίοντες
601 1209 646 1267 καὶ
659 1218 711 1277 τοῖς
721 1211 836 1281 ἡδίστοις
845 1212 970 1290 ὀνόμασιν

141 1319 164 1356 ιο
195 1300 401 1369 ἀνακαλοῦντες,
418 1295 483 1354 ὥστ’
505 1299 541 1364 εἷς
568 1297 668 1378 δάκρυα
695 1307 837 1378 προπεσεῖν
853 1299 971 1368 ἅπαντας

193 1385 238 1443 καὶ
252 1386 352 1455 πολλὴν
369 1385 509 1464 ἀστοργίαν
525 1395 683 1467 κατηγορεῖν
700 1390 772 1468 σφῶν
786 1392 810 1448 τ’
822 1393 910 1452 αὑτῶν
925 1393 970 1450 καὶ

191 1477 243 1531 τῶν
257 1474 409 1552 ἡγεμόνων,
424 1473 464 1532 ὅτι
479 1477 563 1557 παρὸν
585 1477 674 1544 ἄλλοις
688 1476 742 1535 τισὶ
756 1477 863 1556 σώμασι
882 1484 971 1561 κρῖναι

191 1563 239 1636 τὴν
252 1566 353 1645 μάχην,
362 1567 397 1631 τίς
409 1563 534 1646 ἐμφύλιον
548 1556 618 1643 αἷμα
628 1567 674 1625 καὶ
685 1570 837 1645 συγγενικὸν
847 1575 910 1647 ἀγος
926 1570 970 1629 τὸν

191 1652 258 1732 ὑπὲρ
270 1657 321 1711 τῶν
336 1655 437 1713 πόλεων
454 1657 541 1732 ἀγῶνα
551 1654 735 1717 κατέκλεισαν.
793 1658 968 1736 Παυσάμενοι

139 1758 163 1797 1⁶
191 1740 219 1801 δέ
233 1745 285 1801 τῶν
301 1745 450 1820 ἀσπασμῶν
465 1745 488 1802 οἱ
500 1744 632 1802 νεανίσκοι
646 1743 691 1803 καὶ
705 1746 738 1805 τά
759 1747 820 1829 ξίρη
836 1746 907 1829 παρθι
918 1752 970 1806 τιῖιν

189 1832 364 1891 ὑπασπιστῶν
385 1830 524 1902 redime,
555 1833 786 1911 ἀναχωρησάντων
810 1837 862 1893 τῶν
888 1833 970 1903 πέλας

189 1917 314 1987 ἀτάξαντό
327 1944 354 1980 τε
371 1919 430 1979 καθ’
448 1919 553 1987 ἡλικίαν
565 1922 611 1978 καὶ
626 1921 755 2002 συνῄεσαν
776 1923 867 1999 eptas.

228 2004 305 2069 XIX.
324 2009 397 2075 Τέως
413 2008 459 2085 μέν
475 2000 521 2068 οὑν
535 2009 635 2089 ἡσυχία
658 2034 687 2069 τε
706 2013 750 2070 καί
765 2011 826 2087 σιγή
845 2013 966 2092 κατεῖχεν

189 2098 338 2177 ἀμφοτέρας
350 2099 396 2164 τάς
410 2098 541 2174 δυνάμεις·
564 2097 645 2156 ἔπειτ’
661 2098 817 2171 ἀναθοήσεις
833 2103 855 2159 τ’
873 2100 965 2180 ἀθρόαι

136 2197 163 2238 ao
188 2183 638 2264 παρ’ἀμροτέρωναὑτῶνέγίνοντο,
649 2185 968 2264 καλπαρακελεὺσειςτοῖς

190 2272 350 2349 μαχομένοις
364 2272 484 2342 ἐναλλάξ,
498 2274 575 2354 εὐχαί
585 2297 613 2331 τε
623 2273 668 2332 καὶ
679 2276 793 2353 οἰμωγαὶ
805 2275 850 2335 καί
868 2277 967 2345 παντὸς

189 2360 271 2418 ἄλλον
284 2361 525 2439 πάθουςέναγωνίου
535 2362 619 2442 φωναί
628 2372 755 2443 συνεχεῖς,
764 2367 791 2422 αἱ
801 2363 848 2440 μέν
861 2364 925 2446 πρθς
933 2365 966 2424 τθι

189 2446 310 2526 δρώμενά
325 2448 413 2509 τεκαὶ
430 2449 540 2530 δρώμεν’
556 2454 598 2530 ὑφ’
614 2453 755 2531 ἑκατέρων,
771 2455 798 2510 ci
814 2451 841 2511 δέ
856 2453 920 2532 πρὸς
934 2453 968 2512 τά

189 2535 320 2615 μέλλοντά
330 2560 358 2595 τε
366 2537 412 2596 καί
420 2538 629 2614 ὑποπτευόμενα·
640 2539 685 2598 καί
694 2533 724 2611 ήν
732 2540 815 2599 πλείω
824 2542 856 2600 τά
866 2542 965 2611 εἷκοιζό·

134 2639 161 2681 2⁶
190 2626 257 2703 μενά
269 2627 363 2705 [τεκαὶ
371 2625 511 2711 δρώμενα]
526 2631 578 2686 τῶν
591 2628 745 2707 γινομένων.
757 2628 800 2691 Ἤ
809 2632 897 2709 τεγθρ
910 2631 967 2714 ὄψις

186 2716 216 2773 ἐκ
228 2718 325 2776 πολλοῦ
341 2716 521 2794 διαστήματος
530 2716 653 2795 γινομένη
662 2717 728 2777 πολὺ
740 2716 771 2777 τὸ
785 2718 885 2796 sinapi<
897 2711 965 2800 εἶχε,

187 2802 233 2862 καὶ
247 2805 277 2863 τὸ
289 2805 354 2884 πρὸς
365 2804 425 2873 τοὺς
440 2805 549 2872 οἰκείους
564 2804 712 2881 ἀγωνιστάς
724 2807 844 2872 ἑκάστοις
859 2831 966 2885 συμπα·

187 2892 228 2961 θὲς
239 2895 317 2954 irriso
325 2894 519 2973 βεὸουλημένον
530 2893 664 2972 ἐλάμόανε
672 2893 705 2952 τά
713 2896 895 2974 πρασσόμενα·
905 2895 967 2955 αἵτε

187 2981 967 3064 συνεχεῖςτῶνμαχομένωνέπεμόάσειςκαὶὑπαναχωρήσεις

133 3079 159 3119 ³⁰
187 3072 231 3129 καὶ
242 3073 276 3137 εἰς
287 3071 464 3132 τὸάντίπαλον
477 3061 550 3138 αὑθις
557 3070 801 3145 ἀντιμεταστάσεις,
810 3071 906 3129 πολλαὶ
918 3072 964 3130 καὶ

187 3158 358 3241 ἀγχίστροροι
374 3160 529 3239 γινόμεναι,
546 3159 577 3216 τὸ
597 3157 703 3237 ἀκριὺές
714 3162 761 3227 τῆς
772 3159 878 3236 γνώμης
899 3161 967 3240 ἀρη-

187 3253 286 3329 ροῧντσ·
300 3251 344 3308 καί
356 3249 430 3309 ταῦτ’
443 3248 487 3307 ἐπὶ
497 3248 579 3306 πσλὺν
590 3247 689 3325 ἐγίνετο
700 3246 803 3326 χρόνον.
818 3246 930 3322 Ῥώμην
938 3272 966 3306 τε

186 3337 237 3417 γάρ
253 3337 376 3415 σώματος
394 3336 486 3418 ἔτυχον
499 3336 593 3412 ὁμοίαν
607 3333 712 3414 ἔχοντες
727 3335 864 3415 ἑκάτεροι,
879 3335 925 3394 καλ
937 3336 966 3394 ab

187 3438 304 3502 γενναῖον
322 3432 367 3499 τῆς
382 3431 470 3508 ψυχῆς
491 3425 647 3505 ἰσόρροπον,
661 3423 751 3492 ὅπλοις
769 3447 799 3483 τε
814 3424 967 3494 καλλίστοις

132 3533 159 3572 aa
189 3516 384 3591 ἐσκεπασμένοι
407 3516 440 3573 τθι
457 3513 561 3590 σώμαθ’
573 3514 621 3572 ὁλα
637 3513 682 3570 καί
696 3521 795 3592 γυμνὸν
815 3512 889 3574 οὐδὲν
905 3514 966 3571 ἀπο·

187 3603 304 3668 λιπόντες
320 3603 408 3683 μέρος,
422 3601 438 3662 ὑ
450 3628 476 3663 τι
490 3603 536 3662 καὶ
548 3601 644 3681 τρωθὲν
660 3601 745 3668 ὀξεῖαν
757 3602 865 3678 ἔμελλεν
880 3600 961 3661 οίσειν

187 3689 235 3762 τὴν
247 3691 390 3769 τελευτὴν,
401 3691 469 3752 ὥστε
489 3690 583 3751 πολλοὶ
600 3690 743 3768 Ῥωμαίων
763 3692 851 3750 τεκαὶ
866 3690 961 3751 'alda-

187 3783 238 3837 νῶν
254 3782 284 3837 ἐκ
298 3786 343 3839 τοῦ
367 3783 522 3861 φιλονεικεῖν
537 3779 625 3838 τεκαὶ
646 3778 793 3854 συμπαθεῖν
807 3783 859 3845 τοῖς
874 3779 964 3860 σρετέ·

188 3890 240 3946 ροις
260 3869 351 3928 ἔλαθον
378 3868 469 3937 αὑτοὺς
493 3868 523 3928 τὸ
545 3873 597 3927 τῶν
623 3866 823 3925 κινδυνευόντων
846 3870 964 3941 μεταλα-

133 3980 160 4018 to
188 3954 275 4023 θέντες
287 3958 380 4032 πάθος,
392 3959 536 4036 ἀγωνισταί
548 3980 576 4016 τε
589 3958 689 4033 μᾶλλον
699 3953 859 4024 {dedecori
874 3957 964 4014 θεαταὶ

187 4047 239 4102 τῶν
255 4046 394 4124 δρωμένων
409 4047 552 4124 γεγονέναι.
596 4043 665 4125 Ὀψὲ
681 4043 704 4102 δ’
736 4031 779 4100 οὑν
795 4040 880 4100 ποθθ
899 4066 963 4125 πρε·

188 4131 317 4202 σθιίτατος
327 4139 378 4193 sin
389 4136 522 4196 Ἆλόανῶν
530 4139 567 4216 τῷ
583 4136 646 4214 πρὸς
660 4134 737 4192 αὑτὸν
752 4133 964 4214 ἀντιτεταγμένῳ

188 4221 366 4299 συμπλέκεται
385 4224 471 4283 παίων
487 4249 515 4284 τε
532 4224 578 4282 καὶ
597 4224 740 4298 παιόμενος
755 4221 837 4287 ἀλλας
852 4221 894 4278 ἀπ’
915 4222 963 4279 ἀλ-

187 4315 245 4380 'aare
260 4311 378 4386 πληγάς,
404 4314 449 4370 καί
471 4336 526 4379 πως
549 4311 673 4390 τυγχάνει
691 4314 738 4367 τοῦ
760 4308 898 4385 Ῥωμαίου
922 4309 964 4367 διά

132 4416 158 4454 li
188 4407 232 4461 τοῦ
248 4400 376 4480 βουὺῶνος
390 4401 495 4477 ἐνέγκας
508 4402 538 4460 τὸ
552 4400 632 4480 ξίφος.
677 4398 711 4458 ‘0
726 4396 754 4456 δέ
771 4406 824 4464 τοῖς
839 4396 862 4455 τ’
876 4399 964 4466 ἀλλοις

187 4492 318 4568 τραύμασι
331 4487 512 4570 κεκαρωμένος
522 4490 573 4562 ἤδη
587 4491 631 4548 καὶ
642 4488 847 4560 τήντελευταίαν
860 4487 963 4564 πληγὴν

187 4577 363 4658 θανατηφόρον
379 4579 462 4657 ἔχων,
486 4578 663 4637 ὑπολυθέντων
684 4579 735 4634 τῶν
759 4577 845 4650 μελῶν
860 4598 964 4654 καταρ-

187 4667 254 4746 ρυεὶς
268 4667 437 4738 ἀποθνήσκει.
492 4665 538 4731 Ὡς
553 4665 579 4723 δέ
596 4665 666 4724 τοῦτ’
687 4652 755 4721 είδον
778 4666 800 4720 οἱ
817 4663 905 4721 θεαταὶ
917 4666 964 4734 τῆς

187 4756 291 4835 μάχης,
309 4756 366 4831 ἅμα
379 4755 473 4821 πάντες
494 4754 657 4826 ἀνεόόησαν,
673 4750 794 4812 ’nitent
809 4748 856 4825 μέν
879 4753 913 4815 ὡς
928 4773 964 4805 νι·

132 4860 160 4899 so
187 4848 281 4912 κῶντες
304 4846 373 4920 ἤδη,
388 4842 520 4920 Ῥωμαῖοι
537 4843 558 4899 δ’
583 4846 618 4907 ὡς
631 4840 822 4918 κρατούμενοι·
839 4836 898 4905 τοὺς
912 4836 963 4916 γθρ

189 4929 219 4999 δὴ
241 4933 378 5012 σρετέρους
401 4931 446 4990 δύο
467 4935 519 4997 τοῖς
537 4931 620 5008 τρισὶν
647 4929 782 4993 Ἀλόανοῑς
803 4926 962 5003 εὐκατεργά-

188 5038 262 5082 orout
278 5020 464 5090 ὑπελάμθανον
485 5019 651 5097 γενήσεσθαι.
701 5017 748 5076 ’Er
774 5006 796 5094 ᾧ
821 5015 843 5073 δ’
866 5013 963 5090 ἐγένετο

188 5110 287 5179 ταῦτα,
302 5111 315 5163 ὁ
333 5108 506 5183 παρασπίζειν
529 5110 566 5184 τῷ
587 5107 696 5164 πεσόντι
719 5104 872 5181 Ῥωμαῖος,
896 5104 962 5178 ὁρῶν

188 5192 231 5250 tal
245 5195 281 5272 τῷ
295 5193 478 5269 κατορθώματι
494 5198 626 5270 περιχαρῆ
645 5193 689 5252 τὸν
708 5190 845 5263 Ἀλθανὸν,
857 5191 962 5248 ώθεῑται

718 369 887 432 DlONYSll
913 367 1291 443 HALICARNASSENSlS

1027 526 1069 577 dio
1081 530 1160 591 spatio
1175 530 1250 582 trium
1266 539 1404 596 quatuorve
1422 537 1578 590 stadiorum:
1594 553 1640 590 nec
1655 546 1735 595 murlo
1751 551 1807 608 poot

1027 624 1078 674 dux
1092 627 1241 680 Albanorum
1253 630 1369 694 produxit
1386 634 1524 691 Curiatios.
1539 640 1565 686 et
1583 639 1748 690 aomanorum
1762 655 1803 692 rei

1026 723 1156 787 Horatios,
1172 725 1335 788 pulcherrime
1350 735 1473 792 armatos,
1492 736 1517 783 et
1530 734 1631 800 reliquis
1649 742 1750 788 ornatos
1762 752 1804 787 or·

1027 829 1148 879 namentis
1169 843 1226 892 quas
1246 830 1360 884 homines
1382 837 1456 884 rnortl
1469 833 1585 884 destinati
1600 837 1681 887 solent
1694 841 1802 901 κατίετο.

1028 924 1089 975 Gom
1126 930 1210 978 autem
1245 932 1346 995 propius
1377 931 1476 995 utrique
1505 933 1681 995 accessissent,
1713 934 1805 999 pallios

1026 1014 1154 1078 armigeris
1171 1017 1336 1084 tradiderunt,
1355 1026 1380 1072 et
1397 1026 1553 1075 accurrentes
1569 1038 1597 1076 se
1614 1026 1720 1076 soricem
1739 1039 1804 1077 corn·

1026 1104 1092 1167 plexi
1103 1111 1162 1157 sunt
1173 1110 1259 1161 tientes
1279 1116 1305 1162 et
1317 1114 1471 1166 suavissimIs
1490 1116 1593 1168 uocibus
1612 1131 1640 1167 se
1658 1119 1804 1180 salutantes,

1025 1196 1095 1249 itaut
1104 1213 1191 1252 omnes
1204 1204 1230 1254 in
1245 1204 1359 1257 lacrimas
1368 1212 1563 1273 prorumperent.
1577 1213 1677 1261 etsuam
1695 1211 1804 1275 ipsorum

1026 1286 1167 1355 ducatuque
1179 1293 1280 1346 nimiarn
1297 1297 1475 1351 immanitatem
1487 1301 1645 1358 incusareute
1665 1303 1733 1366 qnod
1747 1318 1804 1356 curn

1026 1384 1165 1446 potuomm
1175 1403 1219 1453 per
1228 1388 1289 1440 alios
1301 1392 1413 1442 homines
1422 1406 1529 1458 pugnam
1543 1394 1610 1445 illam
1622 1396 1764 1457 claremaus,
1775 1411 1805 1447 eo

1026 1486 1078 1523 rem
1089 1476 1255 1541 redepssent,
1269 1483 1296 1530 ut
1311 1481 1484 1544 consanguinei
1509 1486 1534 1533 et
1553 1485 1652 1547 cognati
1677 1499 1725 1535 non
1751 1486 1803 1538 sine

1025 1564 1122 1626 piaculo
1152 1568 1184 1619 de
1209 1570 1335 1634 republica
1366 1572 1430 1622 inter
1455 1585 1482 1623 se
1499 1573 1618 1624 dimicare
1641 1581 1799 1638 cogerentur.

1026 1659 1088 1710 Gom
1104 1666 1189 1714 autem
1206 1664 1307 1715 iuvenes
1325 1665 1446 1716 salutandi
1466 1666 1539 1717 tinem
1559 1668 1687 1730 iecissent,
1707 1674 1733 1720 et
1747 1669 1801 1732 gla-

1024 1749 1079 1799 dios
1096 1752 1129 1802 alr
1145 1754 1271 1819 armigeris
1291 1758 1454 1820 accepissent,
1475 1771 1609 1822 omnesque
1629 1761 1672 1822 qui
1693 1775 1735 1811 eos
1751 1761 1801 1812 cir-

1024 1845 1182 1896 cumstabant
1202 1853 1267 1897 retro
1282 1849 1427 1914 mersissent,
1440 1851 1576 1902 secundum
1588 1856 1688 1904 sautem
1708 1855 1801 1905 consti-

1024 1937 1116 1996 terunt,
1128 1941 1203 2002 atque
1212 1938 1246 1988 ita
1255 1940 1354 1990 demum
1369 1946 1554 1993 mrrcurrerunt.

1056 2037 1120 2086 llllt.
1138 2039 1263 2089 Hactenus
1283 2039 1358 2104 igitur
1378 2043 1449 2106 quies
1466 2046 1493 2093 et
1513 2043 1637 2093 silentium
1654 2045 1679 2093 in
1698 2049 1802 2109 utroque

1025 2137 1135 2188 exercitu
1161 2141 1269 2192 iuerat:
1296 2143 1353 2194 inde
1379 2158 1436 2196 raro
1456 2144 1595 2208 trequentes
1613 2146 1801 2198 acclamationes

1025 2235 1149 2302 utrimque
1164 2243 1257 2289 exona
1277 2244 1349 2303 suut,
1364 2242 1513 2305 altemaequs
1534 2241 1694 2305 pugnantium
1708 2242 1798 2293 exhor·

1024 2337 1138 2399 tatioms,
1153 2341 1208 2390 tum
1224 2344 1281 2391 rota
1293 2344 1320 2393 et
1336 2327 1442 2393 eiulatus
1454 2345 1641 2406 οοιοιυτιιιειηυε
1653 2342 1798 2405 attactuunr,

1024 2453 1088 2503 quos
1109 2442 1173 2492 rarii
1195 2443 1342 2495 certantium
1354 2458 1427 2494 casus
1446 2444 1512 2496 clere
1523 2445 1619 2503 solent,
1639 2446 1735 2496 crebrae
1754 2461 1799 2496 ro-

1024 2557 1078 2605 ces,
1091 2543 1146 2593 aliae
1157 2543 1258 2606 quidem
1271 2543 1303 2592 ad
1313 2556 1342 2592 ea
1353 2557 1409 2606 quae
1419 2543 1543 2606 utrimque
1554 2548 1609 2594 acta
1619 2543 1722 2607 visaque
1733 2550 1799 2609 sunt,

1023 2647 1142 2697 aliaerero
1153 2645 1183 2694 ad
1194 2645 1278 2695 tutnra
1285 2649 1311 2695 et
1317 2649 1459 2709 exspectata
1464 2648 1668 2700 accommodata
1672 2667 1682 2714 ;
1691 2663 1721 2700 ac
1731 2649 1801 2716 longe

1023 2745 1094 2808 plura
1107 2745 1158 2794 lieri
1166 2744 1346 2804 coniectabaut,
1360 2756 1434 2808 quam
1447 2759 1533 2797 revera
1544 2745 1645 2799 fiebant.
1679 2754 1800 2812 aspectus

1023 2845 1087 2895 enim
1104 2858 1136 2894 ex
1154 2843 1282 2894 remotiore
1302 2845 1356 2894 loro
1368 2844 1533 2907 spectantium
1546 2846 1631 2896 oculos
1648 2846 1761 2909 fallebam
1776 2852 1800 2898 et

1022 2955 1083 2991 suus
1095 2941 1183 3005 cuique
1193 2955 1250 3006 erga
1263 2955 1322 2992 suns
1335 2944 1529 3006 propugnatores
1545 2943 1650 2993 allectus
1662 2957 1675 2994 e
1687 2957 1733 2993 suo
1742 2957 1799 2994 con·

1022 3043 1077 3094 silio
1093 3044 1209 3109 ramgeri
1224 3043 1431 3108 interpretabatur
1445 3061 1451 3091 ι
1465 3047 1520 3094 tum
1533 3044 1616 3096 crelrri
1631 3044 1797 3096 diuricantium

1021 3144 1129 3195 insultus
1142 3150 1168 3195 et
1185 3159 1305 3204 recessus,
1319 3150 1345 3196 et
1355 3148 1517 3207 reciprocatas
1530 3147 1661 3210 aliquoties
1673 3147 1698 3195 in
1709 3146 1796 3197 adrer-

1022 3248 1114 3297 sarium
1136 3248 1288 3298 incursiones
1300 3251 1478 3312 spectatorum
1498 3250 1593 3299 animos
1605 3250 1695 3299 dubins
1708 3248 1797 3299 redde-

1021 3340 1093 3400 bant;
1103 3346 1177 3407 atque
1186 3343 1220 3393 ita
1229 3343 1457 3394 dturerlntumest.
1471 3344 1575 3406 Utrique
1586 3343 1651 3393 enim
1661 3347 1731 3392 erant
1742 3345 1796 3405 pari

1021 3440 1129 3502 corporis
1136 3441 1223 3491 robore
1234 3445 1260 3492 et
1269 3442 1321 3505 pari
1331 3440 1404 3490 animi
1414 3441 1586 3503 generositate,
1597 3445 1624 3492 ct
1631 3453 1733 3503 corpora
1745 3442 1800 3490 tota

1020 3536 1144 3588 habebant
1155 3538 1325 3602 pulcherrimis
1335 3537 1410 3586 armis
1419 3537 1523 3596 muritta,
1530 3537 1671 3600 nullamque
1679 3537 1799 3599 corporis

1020 3638 1117 3697 partem
1131 3635 1222 3683 nudam
1244 3633 1405 3695 reliquerant,
1424 3646 1479 3696 que
1493 3632 1620 3682 vulnerata
1634 3638 1741 3685 mortem
1755 3648 1798 3685 oe-

1018 3730 1096 3783 ierem
1107 3732 1195 3782 slierre
1208 3734 1299 3796 posset.
1333 3734 1415 3789 Quare
1429 3730 1502 3780 multi
1512 3743 1544 3780 ex
1559 3730 1674 3781 nomenis
1685 3734 1710 3781 et
1721 3731 1797 3782 Alba·

1018 3831 1058 3880 uis
1067 3829 1101 3880 ob
1114 3830 1173 3880 illud
1189 3830 1299 3879 victoriae
1314 3829 1424 3879 studium
1433 3832 1458 3879 et
1472 3830 1591 3888 iasonem,
1602 3842 1652 3891 quo
1662 3843 1721 3879 snos
1734 3843 1795 3895 pro·

1018 3927 1194 3992 sequebantur,
1210 3942 1258 3978 non
1274 3926 1500 3977 animadvertebant
1512 3925 1614 3976 sebaud
1630 3926 1702 3977 aliter
1713 3927 1794 3977 anino

1018 4026 1085 4076 allici
1106 4039 1181 4089 quam
1193 4026 1261 4089 ipsos
1279 4025 1322 4087 qui
1339 4023 1549 4087 periclitarentur,
1562 4025 1588 4072 et
1606 4029 1704 4075 certare
1718 4038 1795 4087 quarn

1018 4137 1075 4188 quae
1086 4124 1236 4188 gerebantur
1244 4126 1356 4186 spectare
1367 4120 1496 4171 malebant.
1509 4121 1619 4171 Tandem
1627 4124 1713 4172 umen
1723 4122 1794 4172 Alba·

1019 4235 1106 4273 norum
1118 4219 1304 4271 natumarimus
1316 4217 1575 4271 cumadrersariosibi
1584 4220 1697 4283 opposito
1706 4234 1795 4270 manns

1018 4317 1152 4376 conseruit,
1169 4316 1271 4365 vulnera
1282 4317 1329 4366 alia
1346 4329 1419 4379 super
1435 4316 1484 4367 alia
1499 4315 1608 4366 intercus
1622 4320 1647 4365 et
1657 4315 1793 4379 accipitrum

1018 4428 1126 4478 casuque
1149 4416 1285 4463 Romanurn
1316 4413 1398 4477 gladio
1424 4426 1467 4476 per
1488 4411 1577 4474 inguen
1599 4412 1704 4462 traiecit.
1751 4412 1796 4462 llle

1018 4526 1084 4572 vero,
1104 4512 1224 4561 cumiani
1242 4511 1296 4561 aliis
1307 4509 1449 4561 vulneribus
1467 4512 1621 4571 gravaretur,
1645 4514 1670 4559 et
1689 4509 1735 4559 troc
1752 4523 1796 4574 po·

1018 4616 1110 4664 strenuo
1121 4610 1222 4659 vulnere
1236 4610 1300 4659 letali
1312 4610 1376 4658 ictus
1386 4609 1460 4667 esset,
1475 4605 1594 4655 membris
1609 4606 1736 4656 dissolutis
1745 4606 1794 4656 col·

1017 4707 1794 4776 lapsusobiit.Quodcurnvidissentpuqnaespectatores,ornnes

1018 4808 1092 4858 simul
1102 4806 1236 4856 clamorem
1252 4805 1413 4861 sustulerunt,
1428 4801 1513 4851 allieni
1524 4801 1624 4865 quidem
1637 4804 1664 4853 ut
1677 4803 1726 4851 ianr
1740 4800 1792 4849 vic·

1016 4908 1092 4958 tores.
1105 4899 1208 4951 Romani
1221 4911 1279 4946 rero
1299 4900 1328 4947 ut
1343 4895 1411 4945 victi.
1453 4894 1634 4944 Existimabant
1648 4893 1712 4944 enim
1727 4890 1792 4941 diros

1017 5001 1080 5060 illos,
1090 4997 1133 5061 qui
1149 5009 1178 5047 ex
1189 4993 1241 5044 suis
1251 4991 1399 5056 superstites
1415 4992 1494 5048 erant,
1511 4989 1581 5039 laeile
1594 5003 1607 5038 a
1620 4988 1698 5038 tribus
1716 4984 1793 5035 Alba-

1017 5097 1157 5148 niscaesum
1179 5091 1218 5142 iri.
1265 5092 1430 5141 luterearero
1444 5086 1467 5136 is
1483 5086 1525 5149 qui
1544 5089 1654 5136 Romano
1676 5083 1794 5146 prolapso

1016 5194 1130 5243 deleusor
1152 5185 1277 5247 adstabat,
1292 5185 1412 5236 Albanum
1426 5180 1528 5231 uictoria
1552 5178 1716 5229 exsultantem
1737 5193 1790 5230 cer-
