3772 5828
327 460 769 721 arorrr'uor
807 444 813 455 ⁵
847 672 852 685 ,
891 686 896 696 ,

428 777 680 839 anastaseos

265 956 849 1051 ΑΛΙΚΑΡΝΑΣΕΩΣ

278 1163 500 1232 perminus
521 1166 832 1242 armenorum

422 1339 524 1386 ΛΟΓΟΣ
541 1338 677 1386 ΠΡΩΤΟΣ.

206 1661 227 1720 ἱ.
250 1659 318 1727 Τοὺς
341 1659 462 1725 εἰωθότας
485 1660 652 1718 ἀποδίδοσθαι
673 1663 699 1718 ἓν
724 1671 776 1726 τοῑς
795 1660 939 1739 προοιμίοις

159 1754 217 1809 τῶν
232 1752 353 1830 ἱστοριῶν
368 1747 458 1827 λόγους
473 1748 569 1819 ἥκιστα
584 1748 738 1827 βουλόμενος
759 1751 940 1827 ἀναγκάζομαι

160 1840 226 1917 περὶ
243 1843 356 1914 ἐμαυτοῦ
379 1846 527 1917 προειπεῖν,
552 1836 605 1894 οὔτ’
621 1840 647 1895 έν
670 1838 724 1904 τοῖς
745 1838 816 1904 ἰδίοις
835 1838 938 1915 μέλλων

162 1928 319 1994 πλεονάζειν
336 1924 466 1997 ἐπαίνοις,
487 1924 530 1991 οὓς
551 1928 673 2004 ἐπαχθεῖς
695 1918 753 1985 οἱδα
769 1925 938 2007 φαινομένους

115 2042 131 2079 ε
159 2016 217 2081 τοῖς
237 2014 391 2085 ἀκούουσιν,
409 2013 468 2073 οὗτε
489 2014 613 2080 διαύολάς
635 2015 692 2073 καθ’
707 2015 802 2093 έτέρων
822 2014 941 2093 ἐγνωκὼς

163 2104 298 2163 ποιεῖσθαι
319 2104 505 2182 συγγραφέων,
522 2102 611 2182 ὥσπερ
628 2102 795 2177 Ἀναξιμένης
810 2105 854 2164 καί
871 2105 939 2167 θεό-

161 2213 269 2265 πομπος
295 2196 321 2250 ἐν
346 2193 398 2258 τοῖς
416 2192 561 2268 προοιμίοις
585 2196 636 2249 τῶν
660 2197 779 2272 ἱστοριῶν
795 2194 941 2266 ἐποίησαν,

163 2278 237 2338 ἀλλά
261 2278 320 2343 τοὺς
344 2281 458 2353 ἐμαυτοῦ
480 2278 622 2355 λσγεσμοὺς
645 2279 874 2356 ἀποδεικνύμενος,
901 2271 938 2346 οἷς

162 2368 323 2445 ἀχρησοίμην
338 2365 375 2424 ὅτ’
392 2366 434 2423 irai
446 2364 543 2433 ταύτην
554 2366 668 2444 ὥρμησα
684 2367 732 2437 τὴν
746 2370 939 2446 πραγματείαν,

107 2466 135 2506 ¹⁰
162 2455 288 2533 καὶπερὶ
307 2457 358 2511 τῶν
375 2456 500 2531 ἀφορμῶν
516 2453 654 2520 ἀποδιδοὺς
676 2454 773 2530 λόγον,
790 2455 817 2522 ἐξ
839 2446 876 2512 ῶν
893 2455 940 2526 τὴν

163 2543 309 2620 ἐμπειρίαν
338 2539 433 2597 ἔλαθον
460 2542 511 2596 τῶν
537 2540 753 2619 γραφησομένων.
797 2541 939 2613 Ἐπείσθην

160 2630 222 2708 γὰρ
241 2628 280 2685 δτι
296 2629 335 2684 θεῖ
348 2626 407 2692 τοὺς
420 2626 640 2707 προαιρουμένους
654 2636 769 2704 μνημεῖα
782 2634 827 2699 τῆς
845 2634 942 2688 ἑαυτῶν

161 2720 258 2799 ψυχῆς
272 2716 324 2781 τοῖς
339 2714 543 2791 ἐπιγιγνομένοις
553 2717 723 2788 καταλιπεῖν,
742 2715 809 2793 ὑμὴ
825 2741 939 2798 συναρα·

162 2806 320 2875 νισθήσεται
343 2804 396 2868 τοῖς
419 2802 539 2881 σώμασιν
566 2805 650 2862 αὑτῶν
679 2806 730 2863 ὑπὸ
760 2812 804 2865 τοῦ
828 2807 941 2886 χρόνον,

111 2916 138 2955 ει
163 2895 210 2952 καί
223 2893 329 2952 πάντων
349 2893 467 2969 μάλιστα
486 2893 545 2959 τοὺς
559 2896 753 2975 ἀναγράφοντας
769 2896 894 2973 ἱστορίας,
914 2902 940 2956 ἐν

164 2972 208 3048 αἱς
219 2984 390 3060 καθιδρῦσθαι
405 2981 453 3053 τὴν
468 2982 591 3052 ἀλήθειαν
604 2978 728 3067 [inerret
756 2985 941 3061 ὑπολαμθάνο·

168 3092 217 3145 μεν
233 3070 317 3148 ἀρχὴν
336 3069 483 3149 φρονήσεώς
498 3095 526 3129 τε
550 3072 594 3128 καὶ
616 3070 707 3150 σοφίας
721 3095 799 3131 ουσαν
813 3118 822 3151 ,
838 3077 941 3152 πρῶτον

167 3158 216 3232 μέν
231 3160 365 3224 ὑποθέσεις
381 3165 563 3236 προαιρεῖσθαι
576 3160 657 3228 καλάς
677 3160 722 3218 καί
736 3163 943 3241 μεγαλοπρεπεῖς

165 3246 212 3303 καὶ
231 3245 328 3316 πολλὴν
343 3247 471 3326 ὠφέλειαν
489 3255 542 3314 τοῖς
562 3247 784 3327 ἀναγνωσομένοις
798 3249 942 3330 φερούσας·

114 3360 141 3400 20
168 3332 260 3390 ἔπειτα
275 3336 519 3411 παρασκευάζεσθαι
533 3335 578 3401 τθις
593 3336 753 3408 ἐπιτηδείους
766 3340 801 3403 είς
817 3339 864 3408 τήν
880 3340 943 3397 ἀνα-

167 3423 270 3501 γραφὴν
296 3426 342 3493 τῆς
358 3423 502 3489 ὑποθέσεως
528 3424 647 3505 ἀφορμάς
671 3424 738 3500 μετδι
761 3428 861 3494 πολλῆς
884 3427 943 3484 έπι-

169 3509 276 3585 μελείας
291 3535 319 3570 τε
346 3512 390 3569 καὶ
413 3512 575 3592 φιλοπονίας.
619 3515 654 3572 Οἱ
672 3513 719 3588 μέν
732 3514 781 3592 γδιρ
798 3512 863 3592 ὑπέρ
884 3514 944 3572 ἀδό·

168 3598 220 3665 ξων
248 3598 409 3676 πραγμάτων
436 3599 453 3670 ἢ
484 3604 604 3675 πονηρῶν
630 3600 647 3671 ἢ
673 3602 804 3676 μηδεμιᾶς
833 3602 946 3671 σπουδῆς

168 3683 249 3753 ἀξίων
275 3686 406 3766 ἱστορικὰς
433 3686 646 3763 καταὺσλόμενοι
673 3687 870 3767 πραγματείας,
895 3687 946 3747 εἴτε

114 3802 141 3841 25
169 3779 217 3835 τοῦ
246 3777 379 3853 προελθεῖν
412 3777 447 3841 εἱς
475 3778 570 3852 γνῶσιν
603 3775 752 3857 ὀρεγόμενοι
781 3776 826 3833 καὶ
857 3784 946 3856 τυχεῖν

168 3863 352 3933 ὑπσιουδῆποτ’
364 3863 504 3940 ὀνόματος,
524 3864 577 3922 εἴτε
596 3864 746 3944 περιουσίαν
761 3861 946 3931 ἀποδείξασθαι

170 3954 217 4020 τῖς
233 3951 292 4027 περὶ
306 3949 398 4029 λόγους
412 3953 547 4028 δυνάμεως
559 3952 725 4031 βουλόμενοι,
747 3951 805 4011 ούτε
817 3956 864 4024 τῆς
880 3951 945 4031 γνῶ-

169 4060 236 4098 sem:
260 4041 397 4109 ζηλοῶνται
422 4039 495 4118 παρὺ
519 4043 570 4097 τῶν
597 4042 786 4117 ἐπιγενομένων
813 4039 872 4100 οὗτε
899 4045 946 4112 τῆς

170 4124 306 4198 δυνάμεως
331 4128 514 4197 ἐπαινοῦνται,
542 4125 616 4195 δόξαν
644 4127 862 4206 ἐγκαταλιπόντες
894 4128 946 4194 τοῖς

116 4242 142 4283 ³0
170 4209 400 4288 ἀναλαμόάνουσιν
423 4215 510 4272 αὐτῶν
534 4212 579 4279 τάς
599 4214 736 4291 ἱστορίας,
752 4213 791 4272 ὅτι
813 4214 946 4280 τοιούτους

171 4300 306 4369 ἐζήλωσαν
322 4299 396 4358 αὐτοὶ
418 4300 505 4378 βίους,
533 4300 588 4366 σίας
610 4299 738 4368 ἐξέδωκαν
761 4301 807 4369 τὰς
832 4303 946 4382 γραφάς·

171 4389 292 4453 έπιεικῶς
316 4386 367 4466 γάρ
394 4387 507 4455 ἅπαντες
524 4388 671 4465 νομίζουσιν
695 4388 795 4456 είκόνας
820 4380 886 4449 εἶναι
900 4394 947 4461 τῆς

172 4474 286 4534 έκάστου
306 4477 393 4555 ψυχῆς
414 4475 472 4541 τοὺς
486 4476 587 4554 λόγους.
630 4479 666 4535 Οἱ
693 4478 720 4535 δέ
744 4476 946 4557 προαιρούμενοι

173 4563 222 4635 μὲν
248 4563 295 4629 τάς
307 4564 449 4643 κρατίστας
464 4564 618 4641 ὑποθέσεις,
641 4567 698 4634 εἰκῆ
712 4567 739 4622 δὲ
759 4566 803 4623 καὶ
826 4566 947 4645 ῥαθύμοις

113 4672 141 4711 σε
173 4651 256 4716 αθτθς
278 4650 438 4717 συντιθέντες
454 4653 484 4710 ίκ
498 4655 550 4710 τῶν
562 4654 738 4731 ἀπιτυχόντων
753 4654 944 4729 ἀκουσμάτων,

170 4739 265 4799 οθδένα
288 4739 353 4818 ὑπέρ
380 4744 426 4812 τῆς
455 4741 630 4822 προαιρέσεως
653 4741 757 4799 ἔπαινον
780 4742 947 4817 κομίζονται·

168 4834 199 4887 οὗ
220 4825 272 4905 γὰρ
295 4827 416 4905 ἀξιοῦμεν
436 4829 617 4909 αὐτοσχεδίους
641 4830 699 4888 οὐδὲ
721 4827 849 4910 ῥᾳθύμους
879 4820 945 4890 εἶναι

166 4916 216 4981 τὰς
232 4917 294 4993 περί
306 4939 334 4973 τε
347 4917 448 4976 πόλεων
465 4916 573 4986 ἐνδόξων
587 4916 632 4975 καί
652 4919 751 4998 ἀνδρῶν
766 4921 792 4977 έν
807 4917 946 5001 δυναστεία

167 5005 317 5083 γεγονότοιν
333 5005 549 5087 ἀναγραφομένας
564 5006 690 5086 ἱστορίας.
732 5008 758 5067 Τ
759 5009 827 5063 αὑτα
850 5003 882 5076 δὴ
899 5028 945 5065 νο-

114 5108 141 5145 ⁴⁰
169 5094 252 5171 μίσας
273 5096 404 5169 ἀναγκαῖα
424 5095 470 5153 καί
487 5097 579 5174 πρῶτα
596 5093 757 5175 θεωρήματα
771 5100 823 5161 τοῖς
843 5095 944 5173 ἱστορι-

248 5209 369 5250 bronium.

1179 542 1566 685 lllllNYSll

1248 786 1468 850 Albinnum
1487 790 1522 851 F.

1014 910 1759 1128 uanrcnnunssaums

1072 1164 1347 1238 llOllANAIlUM
1371 1164 1697 1251 ANTIQUlTATUll
1828 1168 1831 1177 '

1266 1342 1357 1391 LIBER
1373 1336 1500 1390 PRllst'S.

1028 1673 1047 1721 i.
1065 1671 1180 1721 Rationes
1193 1685 1253 1735 qua
1263 1672 1289 1721 ln
1300 1670 1461 1723 ilistoriarum
1471 1674 1598 1737 prommiis
1611 1674 1680 1725 reddi
1693 1677 1777 1727 solent

999 1772 1061 1823 licei
1071 1772 1172 1823 minime
1182 1773 1273 1833 relim,
1288 1774 1381 1823 tomen
1399 1772 1434 1824 do
1449 1787 1491 1825 me
1504 1787 1604 1839 quoque
1620 1775 1720 1839 profari
1735 1790 1775 1826 ne

1002 1886 1070 1924 resae
1092 1873 1193 1923 babeo:
1216 1886 1303 1922 rerum
1327 1887 1373 1923 nen
1391 1873 1538 1938 inpropriis
1559 1874 1692 1927 laudibus.
1713 1890 1776 1939 quas

1001 1973 1125 2023 audituris
1140 1973 1256 2023 molestas
1279 1973 1358 2022 rideri
1376 1973 1442 2026 scio.
1460 1974 1555 2025 diutius
1569 1973 1709 2035 immorari,
1730 1989 1776 2025 uec

1001 2074 1063 2123 alios
1072 2074 1204 2138 scriptores
1219 2072 1349 2123 calumniis
1367 2074 1492 2135 exagitare
1505 2073 1597 2134 statui,
1614 2075 1774 2136 qrremadmo·

1000 2173 1062 2224 dum
1074 2174 1238 2223 Anaximenes
1260 2178 1285 2224 et
1298 2174 1471 2237 Theopompus
1487 2173 1511 2222 in
1527 2172 1685 2223 historiarum
1694 2188 1774 2237 proca-

999 2274 1056 2324 miis
1071 2276 1198 2335 iecerunt;
1211 2274 1255 2323 secl
1267 2286 1323 2323 rnen
1336 2273 1438 2323 consilia
1450 2272 1546 2336 aperire
1557 2272 1668 2328 decrevi.
1682 2272 1774 2336 quibus

1001 2373 1122 2437 impulsus
1135 2374 1245 2422 animum
1261 2373 1293 2422 ad
1311 2373 1359 2422 lroc
1376 2386 1439 2436 opus
1457 2372 1654 2435 componendum
1673 2372 1779 2437 appule-

999 2474 1060 2536 rim,
1080 2476 1105 2524 et
1122 2475 1244 2523 rationem
1258 2472 1363 2524 reddere
1379 2473 1535 2535 insudatum,
1552 2488 1595 2539 per
1613 2488 1676 2536 ‹puas
1691 2487 1774 2524 rerum

998 2574 1185 2625 scribendarum
1209 2574 1371 2638 cognitionem
1392 2575 1496 2639 adeptus
1523 2588 1587 2625 sum.
1621 2576 1773 2625 Persuasum

999 2676 1064 2725 enim
1083 2673 1143 2724 mibi
1163 2678 1216 2734 est,
1235 2675 1264 2723 iis
1283 2675 1325 2737 qui
1345 2676 1430 2725 rolunt
1448 2674 1486 2723 sui
1503 2674 1592 2738 ingenii
1613 2679 1769 2724 monumenta

998 2776 1103 2837 posteris
1123 2776 1275 2838 relinquare,
1288 2788 1345 2838 qua
1365 2774 1466 2825 minime
1482 2788 1530 2824 una
1552 2788 1608 2825 cum
1630 2774 1772 2837 corporibus

999 2878 1123 2925 velustate
1137 2874 1272 2936 deleantur,
1282 2888 1311 2923 ac
1325 2874 1448 2939 praecipue
1463 2873 1495 2923 iis
1508 2873 1552 2936 qni
1570 2873 1681 2923 scribunt
1696 2872 1773 2922 bisto-

1000 2980 1064 3039 rias.
1079 2981 1207 3043 inquibus
1224 2981 1367 3042 veritatem,
1388 2979 1524 3045 prudentiae
1539 2979 1700 3042 elsapientirn
1722 2979 1774 3028 sun·

999 3079 1159 3145 damonum,
1184 3082 1308 3132 conditam
1321 3095 1416 3134 ,omncs
1445 3081 1633 3141 existimamus,
1666 3080 1772 3144 primurn

998 3183 1108 3247 eligenda
1132 3197 1186 3233 csse
1203 3187 1347 3246 argumenta
1364 3182 1481 3247 praeclara
1507 3186 1531 3232 et
1550 3182 1692 3245 magnilica,
1706 3195 1773 3244 quaa·

999 3294 1048 3344 (poe
1069 3295 1182 3345 inagnum
1212 3281 1343 3331 utilitatem
1362 3280 1496 3332 lectoribus
1522 3282 1627 3330 atterant
1652 3299 1658 3327 :
1683 3277 1773 3327 deinde

998 3394 1056 3430 curn
1068 3394 1155 3443 magna
1167 3380 1292 3444 diligentia
1304 3384 1329 3429 et
1339 3379 1458 3430 industria
1475 3378 1586 3429 subsidia
1599 3378 1631 3427 ad
1643 3390 1773 3440 argumen-

999 3487 1053 3533 tum
1065 3481 1267 3546 pertractandum
1276 3481 1363 3531 idonea
1375 3481 1490 3545 paranda.
1522 3480 1570 3537 Qui
1580 3479 1645 3529 eninr
1655 3479 1687 3530 de
1699 3479 1774 3531 rebus

1002 3582 1115 3633 obscuris
1133 3586 1177 3632 aut
1201 3581 1283 3645 praris
1307 3585 1351 3631 aui
1368 3580 1435 3631 nollo
1457 3580 1540 3629 studio
1558 3579 1640 3643 dignis
1659 3581 1774 3632 historias

1000 3683 1215 3746 conscripserunt,
1229 3682 1281 3731 sire
1299 3679 1494 3746 concupiverunt
1515 3679 1666 3730 innotescere
1678 3686 1703 3731 et
1714 3695 1773 3745 qun·

1000 3784 1121 3849 lccunque
1135 3797 1224 3833 nomen
1245 3782 1361 3846 adipisci,
1385 3782 1438 3834 sire
1462 3783 1556 3845 copiam
1579 3786 1603 3832 et
1622 3783 1672 3832 rim
1694 3782 1771 3832 indr-

1000 3887 1079 3938 cendo
1091 3887 1215 3935 ostentare
1233 3884 1378 3945 voluerunt,
1390 3896 1433 3933 eos
1449 3882 1481 3932 ob
1494 3882 1557 3932 bane
1572 3882 1661 3931 tamam
1680 3882 1773 3945 posteri

1001 3999 1080 4046 neque
1105 3985 1260 4034 aemulantur
1289 3996 1368 4047 neque
1397 3982 1428 4032 ob
1453 3982 1617 4045 eloquentiam
1640 3982 1742 4032 laudant
1765 4001 1772 4031 ι

1000 4087 1058 4151 quia
1087 4086 1111 4135 in
1136 4086 1224 4135 animis
1257 4098 1343 4135 corum
1369 4084 1411 4147 qui
1434 4084 1549 4133 historias
1571 4083 1679 4147 ipsorum
1703 4083 1772 4132 erol-

1000 4192 1062 4239 νυοί
1074 4188 1211 4251 opmionern
1220 4186 1386 4249 reliquerunt,
1403 4186 1451 4235 tole
1463 4198 1490 4236 se
1509 4185 1573 4233 ritae
1587 4196 1663 4246 genus
1674 4186 1773 4233 secutos

1001 4288 1157 4351 esse,qoa1c
1177 4287 1275 4351 scriptis
1297 4288 1478 4349 expresserunt.
1512 4284 1584 4335 llaurl
1603 4284 1684 4347 inepte
1707 4282 1772 4332 eninr

1001 4402 1086 4439 omnes
1110 4389 1303 4451 uniuscuiusque
1320 4387 1394 4436 arrirni
1418 4386 1547 4450 inrugincm
1563 4398 1616 4434 orso
1631 4382 1772 4432 existimant

1000 4491 1144 4541 orationem.
1178 4493 1210 4538 At
1225 4489 1259 4537 illi
1275 4489 1318 4550 qui
1338 4486 1541 4551 praestantissima
1567 4488 1711 4547 argumenta
1727 4483 1770 4532 eli-

1000 4596 1074 4656 gunt,
1087 4591 1130 4641 sed
1145 4595 1236 4640 temero
1255 4603 1285 4639 ae
1304 4588 1455 4653 negligenter
1472 4600 1502 4637 ca
1519 4600 1550 4635 ex
1564 4584 1704 4649 quibuslibe
1721 4591 1771 4633 tru-

1001 4693 1111 4743 moribus
1124 4693 1288 4754 componunt,
1311 4703 1342 4739 ex
1358 4688 1403 4737 tali
1419 4686 1543 4751 proposito
1558 4685 1651 4733 nullum
1672 4678 1768 4730 laudem

1000 4795 1118 4845 relerunt.
1153 4792 1274 4844 Historias
1286 4790 1365 4849 enim,
1379 4801 1442 4851 quae
1455 4788 1487 4837 de
1507 4784 1580 4834 claris
1592 4780 1734 4833 civitatibus
1747 4784 1772 4829 et

999 4894 1059 4945 riris
1070 4907 1167 4943 summa
1184 4891 1293 4955 potentia
1311 4888 1422 4954 praeditis
1440 4887 1590 4943 scribuntur,
1605 4895 1650 4930 nco
1662 4894 1693 4930 σε
1707 4884 1768 4930 tenr-

999 5011 1059 5063 poro
1081 5010 1126 5047 nec
1149 5001 1242 5047 temere
1263 4990 1452 5045 conscribendas
1468 4998 1606 5038 censemus.
1642 4985 1705 5033 Cum
1730 4983 1771 5046 igi·

1001 5103 1041 5151 tur
1056 5113 1137 5150 rerum
1148 5098 1308 5162 scriptoribus
1320 5096 1374 5144 lraec
1384 5088 1520 5142 necessaria
1534 5090 1560 5137 et
1578 5085 1689 5150 inprimis
1699 5098 1771 5149 speo-
