3772 5828
616 305 909 382 numomnarmt
931 303 1078 369 collau.
1105 308 1176 369 cra.
1201 310 1279 371 vm.

1662 311 1723 374 513

110 440 325 522 καταλειφθέντες
338 443 364 500 ἐν
378 441 418 521 τῷ
432 439 604 520 στρατοπέδῳ
623 438 672 501 τάς
691 438 776 504 πύλας
790 438 889 496 ἀναπε-
945 445 1038 509 portis,
1060 447 1171 498 contecto
1188 449 1285 512 agmine
1303 448 1379 498 uariis
1393 462 1424 498 ex
1446 448 1558 512 partibus
1570 451 1723 514 eruptionem

110 534 236 599 τάσαντες
249 528 391 607 ἐξέδραμον
407 528 497 608 ἀθρόοι
511 527 580 586 κατά
596 526 683 586 πολλὰ
697 526 776 606 μέρη,
790 524 890 603 γίνεταί

110 646 139 680 τε
157 622 241 680 αὐτῶν
255 617 432 697 παλίντροπος
447 620 465 689 ἡ
478 618 570 696 μάχῃ·
584 618 608 675 ot
624 617 672 692 μὲν
688 616 740 697 γάρ
754 613 890 682 διώκοντες

112 709 235 788 ἔφευγον,
247 709 271 766 οἱ
285 706 313 765 δὲ
327 705 466 787 φεύγοντες
480 704 598 765 ἐδίωκον.
640 701 726 764 Ἔνθα
736 703 829 764 πολλοὶ
844 703 889 763 καὶ

69 812 82 845 ὑ
112 801 206 875 ἀγαθοὶ
220 795 365 871 Ῥωμαίων
388 794 562 868 θνήσκουσιν,
585 782 627 852 οἷα
643 793 729 864 εἰκός,
746 790 890 870 ώθούμενοι

111 887 181 945 κατὰ
195 890 312 966 πρανοῦς
324 883 423 963 χωρίου
438 882 483 942 καλ
496 882 548 942 ὑπὸ
561 883 667 942 πολλῶν
680 883 763 960 ὀλίγοι
777 884 889 941 κυκλω-

112 975 207 1040 θέντες.
234 972 347 1053 Ἀδελφά
362 970 390 1031 δέ
401 971 502 1038 τούτοις
517 972 636 1051 ἐπασχον
650 970 706 1030 ὅσοι
722 971 786 1046 πρὸς
801 971 888 1031 σκῦλά

113 1086 141 1121 τε
154 1064 199 1121 καὶ
215 1061 337 1139 ἀρπαγάς
349 1061 510 1139 τραπόμενοι
520 1060 551 1119 τό
564 1061 591 1119 ἐν
604 1059 697 1140 κόσμῳ
711 1082 739 1119 τε
754 1059 801 1119 καί
819 1058 889 1128 τάξει

113 1153 259 1231 ὑποχωρεῖν
275 1150 457 1231 ἀφῃρέθησαν·
469 1148 515 1208 καί
525 1147 576 1225 γάρ
590 1139 661 1207 οὗτοι
676 1149 889 1230 καταληφθέντες

60 1249 85 1287 ¹⁰
113 1241 164 1298 ὑπὸ
176 1243 228 1297 τῶν
245 1239 395 1316 πολεμίοιν,
410 1239 434 1297 ot
455 1237 503 1315 μέν
520 1237 692 1318 ἐσφάγησαν,
709 1240 733 1296 οἱ
748 1237 773 1297 δ’
786 1238 889 1317 αἰχμά-

112 1330 190 1387 λωτοι
207 1329 372 1406 ἐλήφθησαν.
414 1323 498 1388 Ὅσοι
510 1326 539 1385 δέ
555 1326 655 1385 τούτων
670 1349 699 1385 τε
713 1325 759 1385 καλ
770 1329 823 1386 τῶν
835 1326 890 1386 ἀπὸ

112 1425 157 1476 τοῦΙ
177 1417 250 1497 ὅρους
271 1414 479 1497 ἀπαραχθέντων
495 1415 676 1487 διεσώθησαν,
697 1416 744 1495 ὀψέ
759 1417 808 1485 τῆς
819 1412 889 1495 ώρας

112 1510 164 1564 τῶν
175 1507 278 1565 ἱππέων
294 1509 381 1570 αὐτοῖς
399 1502 632 1576 ἐπιύοηθησάντων
650 1505 769 1574 ἀπῆλθον
785 1502 830 1562 ε’πλ
843 1502 888 1563 τὸν

112 1595 232 1674 χάρακα.
254 1593 359 1655 Ἐδόκει
368 1593 393 1651 τ’
408 1594 495 1661 αὐτοῖς
509 1591 688 1651 συλλαύέσθαι
702 1599 747 1652 τοῦ
762 1590 801 1670 μὴ
814 1614 889 1651 πασ-

59 1698 85 1739 is
115 1686 173 1743 συδί
184 1685 362 1763 διαφθαρῆναι
375 1679 476 1763 χειμὼν
495 1677 576 1747 πολὺς
586 1679 612 1748 ἐξ
627 1683 735 1760 οὐρανοῦ
755 1705 888 1762 καταρρα-

112 1771 167 1849 γεὶς
176 1770 221 1830 καλ
231 1773 334 1842 σκότος,
345 1761 398 1829 οἷον
411 1771 438 1828 ἐν
449 1776 504 1835 ταῖς
516 1767 632 1848 βαθείαις
642 1767 766 1849 ὁμίχλαις
780 1770 888 1847 γίνεται·

113 1862 127 1920 δ
140 1870 192 1928 τοῖς
207 1861 342 1936 πολεμίοις
357 1857 432 1920 ὄκνον
446 1861 494 1930 τῆς
509 1856 553 1918 ἐπί
566 1855 645 1916 πλέον
660 1855 772 1924 διώξεως
787 1858 888 1940 παρέσ-

113 1973 160 2028 χεν
172 1952 201 2009 ού
218 1948 368 2027 δυναμένοις
381 1945 415 2008 τά
428 1947 518 2029 πόρρω
529 1952 657 2026 καθορᾶν.
685 1949 729 2026 Τῇ
742 1947 765 2005 δ’
780 1948 888 2027 ἐπιούσῃ

114 2038 188 2096 νυκτὶ
202 2036 354 2110 ἀναστήσας
374 2034 423 2108 τήν
438 2036 566 2117 στρατιάν
581 2039 596 2094 θ
609 2033 708 2103 ὕπατος
725 2037 812 2115 ἀπῆγε
826 2041 889 2118 σιγῇ

58 2156 86 2194 ep
114 2129 159 2187 καὶ
180 2128 206 2185 ἐν
222 2126 329 2208 κόσμῳ,
342 2128 432 2185 λαθεῖν
453 2125 512 2192 τοὺς
531 2123 673 2200 πολεμίους
689 2124 887 2205 προνοούμενος,

112 2216 158 2275 καί
169 2215 440 2295 κατεστρατοπέδευσε
450 2213 524 2294 παρά
534 2212 610 2273 πόλει
621 2212 751 2295 λεγομένῃ
767 2214 888 2296 Λογγόλῃ

110 2305 172 2386 περί
186 2304 275 2375 δείλην
285 2305 371 2385 ἀρίαν,
381 2303 496 2382 γήλοφον
510 2301 601 2361 ἱκανδν
617 2302 716 2383 ἐρύκειν
727 2303 787 2370 τοὺς
801 2305 888 2363 ἐπιόν·

111 2416 159 2460 τας
173 2392 356 2470 ἐκλεξάμενος.
383 2389 467 2449 ’evea
479 2388 617 2466 ὑπομένων
632 2390 689 2455 τούς
702 2412 731 2446 τε
745 2390 795 2447 ὑπὸ
808 2414 888 2469 τραυ-

114 2483 204 2559 μάτων
218 2483 367 2557 κάμνοντας
379 2475 506 2537 ἀνεκτᾶτο
516 2477 676 2556 θεραπείαις,
690 2477 735 2560 καὶ
749 2477 808 2544 τοὺς
822 2481 889 2554 ἀδη-

58 2596 84 2633 ne
114 2576 257 2644 μενοῦντος
283 2568 327 2626 ἐπὶ
353 2572 388 2648 τῇ
415 2565 556 2647 παραδόξῳ
581 2572 627 2627 τοῦ
653 2566 751 2633 πάθους
775 2567 887 2651 αἰσχύνη

113 2654 348 2733 παραμυθούμενος
364 2651 544 2729 ἀνελάμύανε.

155 2743 313 2803 lxxxvi.
345 2740 477 2817 Ῥωμαῖοι
500 2739 548 2816 μὲν
568 2729 612 2799 σύν
639 2741 666 2798 ἐν
692 2739 791 2808 τούτοις
812 2734 888 2815 ἦσαν·

114 2833 278 2893 Οὐολοῦσκοι
296 2829 341 2905 δέ,
353 2828 444 2901 ἐπειδὴ
467 2831 555 2909 ἡμέρα
570 2832 594 2887 τ’
613 2829 733 2906 ἐγένετο,
749 2830 794 2888 καὶ
808 2830 889 2912 ἐγνω-

114 2945 163 2980 σαν
178 2920 238 2986 τοὺς
252 2918 394 2996 πολεμίους
410 2917 595 2985 ἐκλελοιπότας
618 2918 662 2977 τδν
681 2917 806 2998 χάρακα,
822 2943 890 3002 προ·

59 3037 87 3078 :30
114 3009 248 3074 σιλθόντες
276 3006 584 3087 κατεστρατοπέδευσαν.
639 3008 834 3076 Σκυλεύσαντες
861 3010 887 3069 δέ

113 3098 171 3166 τοὺς
188 3100 240 3157 τῶν
263 3095 398 3173 πολεμίων
418 3095 523 3175 νεκρούς
545 3096 590 3154 καλ
606 3094 666 3162 τοὺς
679 3099 837 3173 ἡμιθνῆτας,
851 3088 888 3166 οἷς

114 3187 280 3258 σωθήσεσθαι
296 3186 369 3253 ἐλπὶς
385 3176 432 3258 ήν,
449 3185 601 3262 ἀνελόμενοι
618 3184 703 3265 ταφάς
718 3207 747 3244 τε
768 3187 890 3257 ποιησά-

115 3299 188 3353 μενοι
202 3280 254 3335 τῶν
268 3274 401 3355 σφετέρων
424 3277 522 3354 νεκρῶν
537 3274 574 3340 εἰς
598 3273 647 3346 τήν
664 3273 801 3354 ἐγγυτάτω
815 3274 891 3335 πολιν

113 3366 216 3428 Ἄντιον
232 3363 383 3433 ἀνέζευξαν·
399 3362 460 3422 ἔνθα
475 3364 657 3432 παιανίζοντες
670 3364 715 3423 ἐπὶ
728 3369 761 3443 τῇ
774 3364 833 3444 νίκη
845 3367 891 3424 καί

60 3480 87 3520 ee
115 3457 218 3519 θύοντες
232 3455 258 3511 ἐν
272 3452 371 3511 ἅπασιν
382 3453 461 3531 ίεροῐς
472 3453 508 3518 εἰς
518 3450 657 3516 εὐπαθείας
671 3451 717 3510 καί
727 3453 822 3523 ἡδονάς
833 3463 891 3522 ταῖς

115 3542 172 3613 ἑξῆς
192 3542 304 3620 ἡμέραις
324 3540 477 3621 ἐτράποντο.
521 3542 554 3600 lit
572 3541 620 3617 μὲν
640 3530 684 3598 οὖν
700 3541 743 3599 ἐπὶ
763 3547 810 3614 τῆς
831 3542 891 3604 τότε

115 3632 190 3701 νίκης
205 3631 337 3705 διέμειναν
353 3629 398 3688 καλ
416 3629 498 3706 μηδὲν
510 3628 744 3708 ἐπεξειργάσαντο,
762 3629 842 3690 καλὸν
858 3631 891 3691 ἀν

115 3722 203 3784 αὐτοῖς
216 3716 315 3799 εἰλήφει
331 3717 403 3785 τέλος
417 3720 431 3774 ὁ
450 3714 532 3795 ἀγών.
577 3715 707 3795 Ῥωμαῖοι
723 3719 774 3801 γάρ
796 3723 843 3780 οὐκ
859 3722 890 3782 ἀν

115 3806 259 3884 ὑπέμειναν
273 3806 312 3864 ἐτι
327 3807 462 3886 προελθεῖν
477 3809 506 3865 ἐκ
520 3811 567 3867 τοῦ
581 3807 697 3888 χάρακος
712 3809 756 3869 ἐπί
773 3813 889 3896 πολέμῳ,

60 3917 88 3956 ευ
115 3899 260 3977 ἀγαπητῶς
280 3896 303 3953 δ’
320 3893 351 3954 ἀν
366 3897 483 3966 ἀπῆλθον
498 3897 528 3953 ἐκ
544 3899 592 3966 τῆς
606 3898 735 3973 πολεμίας
753 3900 889 3978 κρείττονα

114 3991 162 4045 τοῦ
176 3984 309 4065 προδήλου
323 3983 436 4043 θανάτου
450 3983 499 4054 τήν
511 3982 601 4052 ἄδοξον
613 3984 776 4064 ἡγησάμενοι
791 3990 887 4070 φυγήν.

116 4079 172 4138 Νῦν
187 4074 215 4133 δὲ
230 4078 277 4132 τοῦ
296 4073 413 4141 πλείονος
434 4071 585 4154 ὀρεγόμενοι
599 4074 645 4132 καί
660 4072 708 4146 τήν
720 4076 751 4134 ἐκ
766 4080 812 4149 τῆς
822 4103 844 4138 π
860 4103 889 4140 0.

114 4164 192 4246 τέρας
209 4163 282 4233 νίκης
297 4162 374 4231 δόξαν
390 4161 524 4222 ἀπέύαλον
581 4161 727 4232 Ἀκούοντες
744 4165 795 4246 γάρ
816 4168 890 4248 παρά

113 4277 142 4314 τε
157 4251 335 4312 κατασκόπων
357 4250 468 4310 καὶτῶν
484 4253 514 4309 ἐκ
535 4258 580 4311 τοῦ
601 4251 720 4330 χάρακος
741 4255 890 4334 ἀποδεδρα-

60 4367 87 4406 εε
114 4345 217 4420 κότων,
242 4343 282 4401 ὅτι
305 4341 404 4416 κομιδῆ
425 4344 451 4399 τ’
472 4338 537 4399 eicis
556 4342 580 4399 οί
596 4340 722 4409 σωθέντες
746 4341 890 4419 Ῥωμαίων

114 4433 211 4510 ὀλίγοι,
229 4430 274 4490 καὶ
296 4427 396 4489 τούτοιν
416 4429 440 4487 ot
454 4429 559 4496 πλείους
586 4429 763 4508 τραυματίαι,
789 4433 889 4505 πολλήν

114 4523 198 4579 αὐτῶν
215 4520 373 4592 ἐποιήσαντο
392 4518 604 4602 καταφρόνησιν,
631 4519 676 4578 καί
702 4519 796 4579 αὐτίκα
820 4519 890 4580 ὅπλα

114 4608 280 4686 ἀρπάσαντες
292 4608 363 4667 ἔθεον
379 4609 421 4669 ἐπ’
435 4608 540 4674 αὐτούς.
585 4604 659 4668 Πολύ
681 4607 708 4666 δέ
725 4609 770 4666 καὶ
785 4608 815 4666 τὸ
829 4607 888 4668 ἀνο-

114 4697 180 4754 πλον
198 4699 281 4763 αὐτοῖς
305 4701 335 4755 ἐκ
360 4702 408 4768 τῆς
430 4697 532 4764 πόλεως
554 4694 644 4754 εἵπετο
667 4695 737 4755 κατδι
755 4694 814 4755 θέαν
842 4701 889 4756 τοῦ

55 4797 82 4852 'ee
114 4787 231 4863 ἀγῶνος,
253 4786 297 4842 καλ
309 4785 356 4861 ἀμ’
367 4786 408 4866 ἐφ’
424 4787 547 4866 ἁρπαγήν
559 4808 588 4844 τε
603 4787 648 4844 καὶ
660 4785 799 4864 ὠφέλειαν.
811 4785 889 4848 Ἐπεί

112 4873 140 4933 δὲ
155 4872 346 4950 προσύαλόντες
357 4878 396 4954 τῷ
406 4875 479 4956 λόφῳ
492 4877 537 4935 τόν
547 4896 576 4933 τε
587 4873 695 4956 χάρακα
711 4876 887 4957 περιέσιηταν

112 4962 157 5021 καὶ
178 4961 211 5019 τά
227 4961 470 5039 περισταυρώματα
492 4965 607 5023 διασπᾶν
628 4964 798 5043 ἐπεχείρουν,
813 4966 888 5041 πρῶ-

110 5073 150 5110 τοι
166 5051 213 5128 μὲν
226 5052 249 5108 oi
266 5052 317 5106 τῶν
332 5048 475 5124 Ῥωμαίων
490 5054 579 5119 ἱππεῖς
593 5052 667 5120 πεζοὶ
682 5053 830 5132 μαχόμενοι
845 5051 888 5110 dcl

109 5139 158 5212 τήν
172 5145 219 5199 τοῦ
236 5139 336 5217 χοιρίον
351 5136 429 5219 φύσιν
453 5140 595 5221 ἐξέδραμον
611 5139 653 5199 ἐπ’
668 5140 775 5208 αὐτούς·
792 5138 887 5200 ἔπειτα

219 5247 333 5287 ενιοιειεεε.

944 543 1072 596 iecerunt:
1087 546 1215 611 prceliique
1231 550 1330 599 tortum
1340 546 1543 610 mutataest,qui
1559 547 1624 598 enim
1638 563 1724 613 perse·

945 642 1083 705 quebantur
1096 643 1237 708 fugiebant,
1256 647 1281 695 et
1299 645 1342 708 qui
1358 644 1484 709 fugiebant
1501 645 1722 709 persequebantur.

945 738 983 788 lbi
1000 739 1072 789 multi
1087 743 1114 790 et
1133 740 1211 791 tortos
1223 742 1326 792 Romani
1343 746 1388 803 (ut
1399 742 1588 815 uerisimileqest
1598 742 1606 805 )
1617 756 1661 807 per
1671 742 1724 794 loca

945 835 1051 888 declivia
1060 836 1141 902 pulsi,
1154 843 1179 890 et
1190 839 1263 904 pauci
1273 855 1286 890 a
1296 840 1382 891 multis
1394 841 1559 891 circumventi
1571 841 1723 893 ceciderunt.

944 936 1036 987 Eodem
1053 936 1127 987 modo
1143 938 1243 988 tractati
1256 941 1313 988 sunt
1331 937 1348 986 ii
1366 937 1472 1002 quibus,
1494 938 1525 987 ad
1540 939 1617 1003 spolia
1638 944 1663 990 et
1684 953 1725 989 ra·

945 1034 1015 1098 pines
1028 1035 1169 1097 conuersis,
1185 1035 1289 1085 facultas
1301 1048 1355 1085 sese
1369 1036 1476 1086 servatis
1488 1036 1618 1087 ordinibus
1634 1040 1660 1087 et
1672 1036 1725 1088 acie

944 1133 1065 1185 instructa
1088 1132 1221 1199 recipiendi
1247 1136 1331 1198 erepta
1354 1137 1401 1185 est.
1442 1137 1504 1186 Nam
1530 1137 1557 1186 bi
1574 1150 1674 1202 quoque
1691 1136 1725 1187 ab

944 1231 1058 1283 hostibus
1070 1232 1194 1296 oppressi,
1207 1232 1296 1296 partirn
1305 1233 1372 1291 cresi,
1385 1233 1476 1297 parlim
1488 1234 1552 1298 capti
1561 1238 1627 1286 sunt.
1642 1239 1724 1296 Quot·

945 1333 1007 1394 quot
1021 1333 1122 1392 autem,
1136 1331 1174 1379 sel
1189 1330 1291 1391 borum,
1310 1329 1349 1380 vel
1363 1330 1472 1392 illorum,
1483 1331 1526 1394 qui
1540 1331 1572 1383 de
1586 1336 1669 1385 monte
1678 1333 1723 1386 de·
1828 1376 1831 1381 .

945 1426 1011 1492 pulsi
1024 1430 1103 1486 eraut,
1118 1425 1255 1477 incolumes
1264 1431 1406 1488 eraserunt,
1421 1441 1501 1491 quum
1511 1442 1566 1479 sero
1599 1432 1724 1494 suppetias
1830 1472 1833 1479 .

945 1525 1071 1588 equitatus
1084 1523 1132 1574 illis
1143 1523 1255 1588 tulisset,
1276 1524 1301 1574 in
1315 1527 1397 1575 castra
1415 1524 1553 1576 redieruut.
1587 1529 1622 1576 lte
1638 1530 1723 1579 autem

945 1620 1109 1672 internecione
1128 1620 1279 1680 delerentur,
1295 1621 1381 1685 ingens
1398 1622 1479 1673 imber·
1498 1623 1596 1673 coelitus
1609 1622 1723 1688 dsistas,

944 1720 970 1767 et
982 1715 1076 1780 caligo,
1092 1716 1173 1782 qualis
1184 1730 1240 1767 esse
1252 1718 1316 1768 solet
1335 1719 1360 1768 in
1377 1717 1532 1769 densissimis
1550 1719 1662 1783 nebulis,
1680 1734 1725 1773 eos

945 1813 1070 1865 adiuvisse
1082 1813 1212 1864 videbatur
1230 1827 1237 1857 ε
1253 1828 1309 1878 quse
1321 1828 1361 1865 res
1373 1814 1484 1866 reddidit
1503 1817 1589 1868 hostes
1600 1795 1725 1883 segniores

945 1910 1097 1963 adulterius
1118 1909 1332 1975 persequendum,
1357 1913 1417 1977 quia
1435 1914 1568 1964 remotiora
1587 1917 1724 1981 prospicere

945 2022 994 2058 nou
1010 2010 1131 2071 poterant.
1149 2007 1289 2070 insequenti
1298 2012 1370 2058 nocte
1380 2009 1465 2059 consul
1475 2010 1549 2060 motis
1562 2013 1652 2063 castris
1666 2026 1723 2064 cum

946 2105 1044 2157 silentio
1052 2091 1084 2156 'et
1096 2105 1148 2156 acie
1166 2107 1288 2155 instructa
1307 2104 1384 2166 abiit,
1397 2119 1427 2156 co
1448 2107 1562 2166 consilio,
1582 2113 1611 2160 ut
1625 2110 1723 2162 hostem

945 2203 1042 2264 lateret,
1058 2205 1085 2253 et
1096 2202 1143 2252 sub
1159 2203 1329 2268 uespertinum
1344 2205 1517 2267 crepusculum
1537 2208 1621 2257 castra
1634 2207 1665 2257 ad
1676 2222 1722 2274 op·

946 2296 1031 2361 pidum
1045 2297 1179 2360 Longulam
1194 2299 1285 2362 posuit,
1298 2297 1393 2348 tumulo
1405 2297 1493 2350 idoneo
1504 2299 1535 2348 ad
1552 2300 1603 2351 vim
1615 2301 1723 2354 bostium

944 2389 1078 2440 arcendam
1095 2388 1199 2440 delecto.
1234 2390 1272 2440 lbi
1299 2389 1450 2454 subsistens,
1474 2395 1500 2442 et
1527 2393 1667 2446 laborantes
1691 2410 1724 2448 ex

944 2481 1088 2532 vulneribus
1107 2480 1217 2530 curando
1239 2480 1379 2542 reficiebat,
1397 2485 1423 2533 et
1441 2488 1542 2534 mustos
1553 2485 1586 2535 ob
1598 2492 1723 2552 acceptam

945 2575 1077 2642 inopinata
1097 2575 1174 2626 cladis
1184 2575 1341 2640 ignominiam
1353 2576 1500 2628 consolando
1516 2579 1652 2631 recreabat.

977 2752 1104 2800 llllllllll.
1124 2751 1183 2799 llaec
1204 2749 1278 2814 igitur
1302 2751 1357 2801 erat
1372 2751 1540 2801 Romanorum
1563 2753 1678 2815 tortuna;
1697 2760 1724 2807 at

946 2838 1043 2899 Volsci,
1062 2852 1140 2901 quum
1159 2837 1213 2888 dies
1224 2838 1362 2897 illuxisset,
1383 2842 1410 2889 et
1420 2842 1502 2890 castra
1512 2841 1543 2890 ad
1553 2841 1667 2894 hostibus
1676 2844 1723 2897 de-

947 2930 1015 2978 serta
1025 2927 1206 2991 cognovissent,
1224 2928 1305 2977 castre
1315 2933 1498 2992 promoverunt.
1508 2931 1624 2994 spoliatis
1639 2938 1724 2986 autem

947 3018 1057 3069 bostium
1069 3017 1244 3077 cauareribus,
1260 3017 1416 3081 sublatisque
1430 3019 1602 3082 seminecibus,
1613 3021 1645 3071 cle
1657 3036 1724 3087 quo-

947 3122 1001 3158 rum
1017 3107 1097 3158 salute
1113 3120 1169 3171 spes
1181 3108 1248 3167 erat,
1272 3106 1374 3170 suisque
1391 3107 1525 3171 sepultura
1547 3108 1682 3170 rnandatis,
1697 3126 1724 3164 ss

946 3198 971 3247 in
989 3195 1127 3261 proximam
1143 3194 1230 3246 urbem
1253 3194 1354 3245 Antium
1375 3200 1534 3259 receperunt,
1552 3197 1595 3246 ubi
1609 3203 1725 3251 canentes

946 3298 1032 3349 paeana
1046 3284 1079 3341 ob
1092 3287 1190 3348 partam
1205 3284 1344 3344 uictoriam,
1358 3288 1384 3334 et
1407 3283 1431 3334 in
1447 3285 1562 3336 omnibus
1575 3287 1671 3351 templis
1680 3303 1723 3340 sa·

947 3373 1038 3423 crificia
1055 3373 1189 3431 iacientes,
1204 3386 1249 3436 per
1262 3372 1356 3437 aliquot
1373 3373 1428 3424 dies
1443 3375 1623 3439 epulationibus
1636 3382 1661 3427 et
1677 3393 1723 3430 vo·

946 3461 1084 3526 luptatibus
1096 3474 1123 3511 se
1141 3460 1270 3510 dederuut.
1303 3461 1328 3511 Si
1345 3461 1421 3524 igitur
1432 3461 1479 3512 hac
1495 3463 1596 3513 uictoria
1614 3469 1724 3521 contenti

947 3551 1064 3606 tuissent,
1079 3553 1105 3600 et
1118 3548 1180 3599 nibil
1194 3551 1314 3612 praeterea
1330 3552 1483 3610 tentassent,
1499 3551 1649 3614 praeclarum
1665 3555 1724 3608 lruic

945 3638 1010 3689 bello
1023 3637 1097 3688 finem
1110 3636 1292 3700 imposuissent.
1342 3638 1445 3688 Romani
1459 3640 1524 3690 enim
1537 3642 1602 3692 haud
1617 3646 1723 3710 amplius

944 3727 998 3778 ausi
1013 3728 1095 3776 essent
1106 3739 1137 3775 er
1146 3725 1234 3775 castris
1246 3725 1279 3777 ad
1289 3725 1403 3791 proelium
1417 3728 1515 3791 prodire
1529 3748 1536 3778 :
1548 3733 1592 3783 sed
1599 3735 1722 3798 preclare

944 3830 1031 3867 secum
1043 3816 1081 3880 agi
1095 3817 1240 3879 putassent,
1260 3814 1282 3865 si
1293 3815 1338 3866 sibi
1351 3829 1383 3866 ex
1398 3815 1481 3867 lrostili
1494 3832 1553 3883 agro
1562 3820 1681 3875 decedere
1693 3825 1724 3876 ll·

945 3905 1050 3968 cuisset,
1067 3904 1253 3969 ignominiosam
1267 3902 1350 3969 fugam
1365 3905 1497 3957 manifesta
1513 3913 1593 3961 morte
1603 3914 1723 3975 potiorem

944 3993 1098 4045 ducentibus.
1117 3996 1187 4042 Nunc
1205 4006 1263 4042 vero
1276 3992 1345 4056 plura
1357 3996 1519 4058 appetentes,
1533 3997 1635 4059 gloriam
1647 4000 1723 4052 etiem

944 4098 976 4134 ex
997 4083 1124 4157 superiore
1143 4081 1248 4131 victoria
1266 4085 1361 4145 partam
1380 4083 1524 4153 amiserunt.
1556 4086 1620 4136 Num
1637 4102 1718 4153 quum

944 4171 1071 4223 audissent
1081 4185 1112 4222 ex
1126 4170 1325 4235 exploratoribus
1335 4176 1360 4222 et
1369 4173 1517 4237 transfugis,
1528 4176 1663 4240 Romanos,
1677 4180 1722 4244 qui

944 4261 1006 4311 salui
1015 4261 1161 4323 evasissent,
1172 4273 1309 4324 perpaucos
1317 4272 1380 4319 esse,
1394 4263 1420 4309 et
1428 4259 1517 4310 borum
1524 4261 1655 4327 plerosque
1665 4265 1722 4314 vul·

944 4355 1053 4408 aeratos,
1080 4350 1152 4400 ratde
1173 4364 1216 4401 eos
1237 4348 1437 4410 contemserunt,
1455 4353 1480 4400 et
1497 4350 1580 4400 subito
1599 4353 1721 4416 correptis

943 4439 1289 4502 armisineosprocurrerunt.
1323 4438 1722 4502 Multiquoquetnermeserurbe

944 4526 977 4577 ad
990 4528 1130 4578 certaudnis
1144 4527 1314 4591 spectaculum
1325 4565 1331 4585 ,
1342 4530 1368 4577 ct
1380 4527 1453 4577 simul
1466 4527 1499 4577 ad
1509 4529 1605 4592 rapinas
1619 4534 1645 4579 et
1658 4544 1724 4594 prae·

944 4616 1002 4668 dam
1015 4631 1058 4668 eos
1068 4618 1146 4667 secuti
1157 4620 1223 4666 sunt.
1240 4620 1323 4675 Quum
1334 4621 1418 4667 autem
1434 4617 1466 4666 ad
1476 4618 1599 4668 tumulum
1608 4620 1722 4669 accessis·

943 4709 1012 4761 seut.
1026 4710 1051 4756 et
1061 4706 1116 4769 ipsa
1129 4710 1211 4755 castra
1226 4719 1318 4755 corona
1330 4704 1478 4761 cinxissent.
1496 4709 1521 4756 ct
1537 4707 1630 4756 vallum
1639 4705 1720 4755 ‹livel-

943 4795 993 4847 lere
1015 4796 1158 4858 cepissent,
1181 4794 1289 4858 primum
1311 4795 1415 4844 Rotnani
1436 4796 1548 4858 equites,
1569 4793 1720 4857 pedibusob

943 4884 991 4936 loci
1011 4888 1125 4935 usturam
1141 4888 1292 4947 pugnantes,
1313 4885 1338 4933 in
1352 4897 1395 4933 cos
1412 4884 1565 4946 eruptionem
1585 4882 1719 4931 lecerunt:

942 4973 1030 5024 deinde
1044 4977 1100 5036 post
1116 4972 1162 5022 hos
1175 4973 1208 5028 ii,
1222 4972 1265 5035 qui
1278 4977 1397 5022 uocantur
1413 4972 1504 5028 triarii,
1521 4968 1630 5018 densatis
1650 4970 1719 5020 ordi-

943 5063 1023 5112 nibus,
1058 5063 1121 5112 Sunt
1139 5062 1223 5111 autem
1236 5060 1345 5111 ueterani
1360 5061 1478 5122 spectatae
1498 5056 1613 5119 virtutis,
1629 5056 1720 5120 quibus

943 5153 1084 5202 castrorum
1102 5148 1238 5202 custodiam
1253 5147 1427 5207 committunt,
1444 5145 1541 5209 quotics
1554 5145 1719 5261 ³33¹''oe'ium
