3772 5828
161 399 201 457 810
676 394 843 455 DIONYSII
864 397 1238 464 HALtCAtiNASSENSlS

162 552 204 596 εος
222 528 298 606 ὄχλος
320 522 363 581 ἐπὶ
384 518 418 578 τά
439 520 520 599 χείρω
540 522 684 598 λαμόάνειν
703 528 771 604 φιλεῖ
788 525 846 592 τοὺς
866 528 926 607 περὶ

163 618 246 676 αὐτῶν
258 612 361 687 λόγους,
376 609 421 667 καὶ
436 611 503 667 δὐεῐν
517 609 615 688 πάσχει
629 613 753 690 θάτερον,
768 610 928 695 ἢκαταφρο·

161 706 200 761 νεῖ
211 703 262 758 τῶν
282 701 345 756 θεῶν
360 698 395 761 ὡς
409 698 435 753 ἐν
447 699 532 776 πολλῇ
552 700 741 777 κακοδαιμονίᾳ
756 699 925 777 κυλινδουμέ-

161 811 224 856 νων,
237 783 254 854 ἢ
269 787 319 842 τῶν
333 782 474 861 αἰσχίστων
485 806 514 840 τε
528 784 573 841 καὶ
585 787 816 862 παρανομωτάτων
827 790 928 856 οὐδενὸς

125 890 138 927 s
162 873 304 949 ἀπέχεται,
318 871 381 936 θεοῖς
396 871 462 929 αὐτὰ
472 871 646 948 προσκείμενα
659 876 737 951 δρῶν.

200 959 279 1021 XXI.
297 957 365 1018 Ἀλλ’
385 959 451 1037 ὑπὲρ
473 958 520 1033 μίν
537 957 633 1016 τούτων
657 971 709 1026 τοῖς
724 961 785 1020 αύτδ
800 962 877 1038 μόνον
899 963 929 1022 τὸ

159 1046 316 1128 θεωρητικὸν
326 1051 372 1117 τῆς
379 1045 528 1126 φιλοσοφίας
538 1046 615 1121 μέρος
625 1048 847 1125 ἀποτετμημένοις
856 1050 929 1132 ἀφεί-

160 1141 214 1195 σθω
226 1138 344 1196 σκοπεῖν.
387 1136 442 1202 Τῆς
461 1133 482 1188 δ’
504 1132 554 1188 ὑπὸ
568 1131 708 1209 Ῥωμύλου
723 1138 930 1209 κατασταθείσης

161 1224 292 1289 πολιτείας
303 1221 347 1281 καὶ
356 1220 414 1278 τάδ’
425 1218 567 1294 ἡγησάμην
576 1220 693 1299 ἱστορίας
707 1222 777 1291 ἀξια.
820 1227 928 1304 Πρῶτον

111 1328 135 1368 ιο
162 1307 209 1384 μέν
223 1306 263 1366 ὀτι
274 1310 378 1371 πολλοῖς
389 1303 493 1381 σώμασι
504 1304 654 1384 θεραπεύειν
666 1309 784 1369 ἀπέδωκε
793 1311 823 1370 τὸ
836 1313 930 1388 δαιμό·

161 1418 224 1456 νιον.
241 1394 286 1452 Ἐν
297 1398 359 1472 γοῖιν
374 1393 442 1471 άλλη
461 1394 535 1451 πόλει
546 1396 687 1474 νεοκτίστῳ
705 1397 840 1466 τοσούτους
855 1400 930 1477 ἱερεῖς

160 1480 243 1539 τεκαὶ
254 1478 413 1558 θεραπευτάς
427 1482 491 1537 θεῶν
504 1480 575 1547 εὐθὺς
593 1482 793 1561 ἀποδειχθέντας
803 1485 886 1552 οὐδεὶς
897 1484 929 1544 ἀν

161 1573 242 1630 εἰπεῖν
258 1569 323 1649 ἔχοι.
366 1569 452 1649 Χωρίς
465 1571 516 1650 γάρ
530 1574 581 1628 τῶν
593 1570 705 1651 ἐχόντων
720 1573 765 1641 τάς
780 1576 930 1654 συγγενικὰς

161 1658 320 1736 ἱερωσύνας,
338 1661 362 1717 οἱ
375 1659 408 1717 cd
423 1658 495 1717 κοινά
514 1659 574 1738 περί
593 1665 637 1730 τῆς
651 1663 750 1729 πόλεως
764 1665 821 1743 ispi
839 1688 929 1724 συντε-

111 1768 136 1806 ιο
160 1749 265 1814 λοῦντες
283 1747 352 1806 κετδι
367 1747 448 1827 φυλάς
462 1770 488 1806 τε
510 1749 554 1807 καὶ
575 1749 689 1830 φράτρας
704 1751 827 1821 ἑξήκοντα
850 1775 929 1810 κατε-

162 1836 295 1908 στάθησαν
308 1836 351 1894 ἐπί
363 1839 409 1906 τῆς
424 1836 522 1895 ἐκείνου
537 1838 633 1916 ἀρχῆς·
646 1838 716 1917 λέγω
726 1841 749 1898 δ’
764 1840 781 1897 ἀ
794 1839 931 1919 Τερέντιος

162 1923 292 2006 Οὐάρρων
309 1927 335 1982 έν
350 1924 543 2002 ἀρχαιολογίαις
556 1925 684 2007 γέγραφεν
697 1971 704 1996 ,
718 1926 784 2006 ἀνὴρ
798 1930 849 1983 τῶν
862 1927 930 1984 κατὰ

162 2011 211 2084 τὴν
242 2011 323 2085 αὐτὴν
350 2010 453 2082 ἡλικίαν
494 2012 669 2087 ἀκμασάντων
699 2013 928 2092 πολυπειρότατος.

161 2096 279 2163 Ἔπειτα
299 2104 350 2160 τῶν
369 2097 455 2157 ἀλλων
478 2098 582 2180 φαύλως
601 2122 657 2166 πως
671 2097 717 2159 καί
736 2100 931 2178 ἀπερισκέπτως

110 2207 137 2246 εει
163 2192 198 2256 ὣς
211 2189 254 2248 ὀπί
265 2189 295 2247 τὸ
311 2186 377 2247 πολὺ
392 2186 552 2263 ποιουμένων
564 2185 611 2252 τάς
630 2186 741 2265 αἱρέσεις
753 2189 804 2244 τῶν
821 2190 930 2257 ε’πιστη·

163 2278 280 2353 σομένων
293 2276 346 2341 τοῖς
359 2274 453 2351 ἱεροῖς,
468 2273 513 2332 καὶ
526 2274 577 2331 τῶν
599 2272 646 2350 μέν
661 2272 784 2353 ἀργυρίου
798 2275 826 2331 τὸ
845 2273 930 2349 τίμιον

164 2361 301 2431 ἀξιούντων
325 2360 531 2438 ἀποκηρύττειν,
546 2361 597 2417 τῶν
613 2359 640 2418 ὀί
659 2359 748 2438 κλήρῳ
766 2360 931 2438 διαιρούντων

164 2448 242 2528 [τοίις
262 2450 372 2528 ἱερεῖς],
383 2451 478 2513 ἐκεῖνος
492 2445 545 2506 οὔτ’
556 2448 658 2520 ὠνητάς
668 2447 814 2528 χρημάτων
825 2447 930 2520 έποὶησε

163 2537 210 2604 τίις
223 2534 365 2614 ἱερωσύνας
380 2532 438 2593 ούτε
456 2535 546 2614 κλήρῳ
561 2535 696 2614 μεριστάς,
709 2536 766 2593 ἀλλ’
781 2535 807 2602 ἐξ
822 2533 932 2605 ἑκάστης

109 2624 137 2664 ²⁶
164 2625 278 2704 φράτρας
302 2622 486 2695 ἐνομοθέτησεν
509 2623 710 2682 ἀποδείκνυσθαι
730 2622 776 2680 δύο
789 2621 847 2688 τοὺς
868 2621 931 2701 ὑπὲρ

163 2711 315 2783 πεντήκοντ’
331 2710 377 2780 ἔτη
393 2708 529 2788 γεγονότας
542 2708 554 2788 [
565 2705 641 2788 τοὺς]
652 2710 720 2789 γένει
730 2732 759 2767 τε
771 2707 932 2788 προῦχοντας

163 2804 214 2859 τῶν
233 2800 319 2858 ἄλλων
337 2799 381 2856 καί
397 2802 476 2878 ἀρετῇ
496 2798 631 2877 διαφόρους
648 2797 694 2854 καί
713 2797 858 2876 χρημάτων
882 2818 930 2854 πε-

164 2886 279 2966 ριουσίαν
296 2886 404 2965 ἔχοντας
426 2886 554 2964 ἀρκοῦσαν
575 2884 620 2942 καὶ
635 2886 716 2959 μηδὲν
733 2884 932 2958 ἠλαττωμένους

163 2978 215 3035 τῶν
230 2975 290 3053 περὶ
302 2975 332 3032 τὸ
346 2976 440 3050 σῶμα·
454 2971 558 3038 τούτους
573 2973 596 3029 δ’
610 2972 656 3028 ούκ
671 2974 706 3039 είς
718 2971 861 3048 ὡρισμένον
875 2969 932 3028 τινά

111 3070 138 3111 ³⁰
163 3061 256 3144 χρόνον
274 3061 321 3128 τάς
338 3058 417 3136 τιμδις
431 3057 518 3124 ἔταξεν
532 3058 617 3136 ἔχειν,
631 3060 699 3117 ἀλλὰ
715 3058 756 3115 διδι
779 3056 874 3120 παντὸς
887 3063 931 3116 τοῦ

165 3149 237 3231 βίου,
250 3151 392 3227 στρατειῶν
409 3146 455 3222 μὲν
471 3144 678 3222 ἀπολελυμένους
694 3145 738 3203 διὰ
752 3144 799 3214 τὴν
818 3143 932 3215 ἡλικίαν,

163 3239 215 3295 τῶν
238 3234 265 3294 δὲ
288 3235 356 3295 κατίι
387 3233 435 3304 τλν
461 3231 535 3290 πολιν
559 3233 679 3310 ὀχληρῶν
703 3229 746 3288 tal
770 3230 814 3288 τὸν
840 3229 930 3306 νόμον.

204 3326 299 3385 xxti.
318 3321 396 3380 Ἐπεί
410 3319 436 3378 δὲ
453 3320 497 3379 καὶ
518 3318 561 3378 διά
579 3322 708 3399 γυναικῶν
725 3317 777 3377 ἔδει
797 3318 855 3377 τινάι
872 3317 931 3398 ἱιρά

164 3412 355 3482 συντελεῖσθαι,
366 3408 411 3467 καί
428 3409 471 3467 διὰ
489 3408 588 3465 παίδων
602 3408 756 3486 ἀμφιθαλῶν
777 3405 869 3485 έτερα,
889 3405 933 3464 ἱνα

111 3508 138 3549 ³⁵
163 3500 210 3559 καὶ
221 3504 303 3558 ταῦτα
313 3499 419 3575 γένηται
431 3496 498 3554 κατὰ
507 3497 538 3555 τὸ
547 3495 684 3573 κράτιστον
694 3540 702 3572 ,
714 3493 760 3562 τάς
770 3516 798 3551 τε
810 3503 934 3571 γυναῖκας

165 3586 240 3655 ἔταξε
260 3589 311 3643 τῶν
329 3586 419 3663 ἱερέων
433 3587 487 3651 τοῖς
502 3585 601 3641 ἑαυτῶν
624 3582 731 3662 ἀνδράσι
750 3587 931 3660 συνιερᾶσθαι,

164 3673 210 3734 καί
227 3672 253 3732 ιὶ
269 3696 294 3730 τι
310 3671 347 3749 μὴ
365 3672 436 3748 θέμις
452 3663 484 3743 ἦν
506 3669 550 3728 ὑπ’
565 3670 663 3748 ἀνδρῶν
686 3670 850 3749 ὀργιάζεσθαι
866 3670 933 3728 κατά

164 3761 242 3832 νόμον
265 3760 309 3818 τὸν
333 3760 489 3838 ἐπιχώριον,
509 3756 607 3825 ταύτας
633 3759 775 3828 ἐπιτελεῖν,
803 3759 847 3814 καὶ
876 3756 934 3822 τοθς

165 3850 262 3914 παῖδας
286 3848 369 3905 αὐτῶν
393 3847 426 3905 τά
452 3843 600 3916 καθήκοντα
626 3845 798 3923 λειτουργεῖν·
830 3847 883 3908 τοῖς
911 3844 933 3900 δ’

112 3955 140 3997 ευ
167 3935 275 3995 ἀπαισιν
288 3939 316 3994 ἐκ
329 3939 380 3992 τῶν
403 3934 490 3992 ἀλλων
505 3933 582 3992 οίκων
601 3929 660 3996 τοὶις
673 3931 861 4010 χαριεστάτους
881 3953 932 3988 κα-

165 4020 321 4097 ταλεγέντας
331 4020 357 4088 ἐξ
370 4021 481 4091 ἑκάστης
492 4020 607 4100 φράτρας
621 4025 711 4097 κοῦρον
724 4016 769 4074 καί
783 4016 877 4093 κόρην,
889 4017 933 4073 τὸν

167 4113 215 4186 μέν
228 4109 276 4174 ἱως
285 4108 352 4180 ἥόης
360 4111 497 4186 ὑπηρετεῖν
510 4114 562 4174 τοῖς
575 4108 667 4186 ἱεροῖς,
679 4103 726 4175 τὴν
738 4101 765 4160 δέ
783 4103 861 4180 κόρην
874 4101 933 4160 ὀσον

166 4194 198 4258 dt
212 4187 230 4276 ᾗ
243 4195 336 4275 χρόνον
352 4197 418 4275 άγνὴ
434 4195 537 4272 γάμων·
558 4198 587 4253 έκ
604 4197 655 4252 τῶν
670 4191 832 4264 Ἑλληνικῶν
849 4189 935 4267 νόμων

167 4286 303 4345 καὶταῦτα
314 4285 540 4360 μετενεγκάμενος,
550 4284 585 4348 όις
598 4278 649 4358 ἐγὼ
657 4280 791 4356 πείθομαι.
802 4278 875 4337 Ὀσα
884 4276 931 4355 μάν

115 4398 141 4436 ts
168 4373 218 4451 γάρ
233 4373 260 4428 αἱ
276 4369 417 4448 κανηφόροι
437 4369 482 4425 καί
502 4368 643 4448 ἀρρηφόροι
658 4367 796 4446 λεγόμεναι
814 4368 932 4447 λειτουρ-

167 4465 258 4539 γοῦσιν
274 4458 318 4514 ἐπὶ
334 4462 384 4515 τῶν
397 4455 561 4527 Ἑλληνικῶν
573 4459 664 4534 ἱερῶν,
676 4460 759 4513 ταῦτα
778 4454 851 4533 παρθι
863 4454 933 4513 Ῥω-

169 4547 254 4626 μαίοις
266 4548 294 4605 αἱ
301 4544 556 4624 προσαγορευόμεναι
564 4544 695 4604 Τούτολαι
705 4545 865 4615 συντελοῦσι,
872 4565 932 4601 στε-

169 4638 261 4716 φάναις
280 4632 457 4710 κοσμούμεναι
469 4633 515 4698 τθις
528 4629 661 4715 κεφαλάς,
674 4629 739 4697 οἵαις
752 4631 890 4707 κοσμεῖται
901 4628 935 4691 τά

169 4726 215 4794 τῆς
233 4718 357 4802 Ἐφεσίας
374 4718 519 4796 Ἀρτέμιδος
532 4719 700 4801 ἀφιδρύματα
719 4721 781 4800 παρ’
794 4717 933 4791 Ἕλλησιν.

118 4827 144 4867 ευ
168 4808 241 4871 Ὅσα
261 4811 288 4869 δὲ
311 4807 383 4889 παρά
406 4809 550 4886 Τυρρηνοῖς
578 4808 623 4866 καί
647 4808 685 4866 ἔτι
708 4806 832 4888 πρότερον
862 4809 934 4887 παρά

169 4901 316 4977 Πελασγοῖς
335 4896 471 4956 ἀπετέλουν
486 4896 529 4954 ἐπί
548 4916 577 4954 τε
592 4894 733 4976 Κουρήτων
748 4894 793 4952 καὶ
814 4896 934 4974 μεγάλων

169 4986 232 5040 θεῶν
247 4988 399 5064 ὀργιασμοῖς
412 4986 437 5043 οἱ
453 4982 609 5060 καλούμενοι
618 4982 681 5063 πρὸς
696 4985 780 5043 αὐτῶν
794 4983 933 5059 κάδμιλοι,

167 5072 251 5126 ταῦτα
263 5071 331 5128 κατὰ
345 5073 388 5131 τδν
401 5074 478 5133 αὐτὸν
491 5070 585 5153 τρόπον
597 5071 743 5152 ὑπηρέτουν
756 5077 809 5137 τοῖς
824 5073 935 5150 ἱεριδσιν

167 5157 199 5231 οἱ
214 5154 348 5233 λεγόμενοι
372 5165 418 5218 νῦν
441 5159 491 5219 ὑπὸ
515 5159 657 5238 Ῥωμαίων
686 5159 819 5238 κάμιλλοι.
874 5154 934 5218 Ἔτι

981 539 1006 588 in
1023 539 1168 601 deteriorem
1192 547 1285 606 partem
1304 546 1415 610 occipere
1428 561 1484 611 qum
1497 548 1529 599 de
1547 549 1596 599 illis
1615 550 1752 604 dicuntur.-

981 626 1066 690 cisque
1076 629 1222 681 alterutrum
1232 633 1344 685 accidere
1356 634 1428 695 solet,
1440 638 1468 684 nt
1478 636 1517 685 vel
1526 637 1587 687 deos
1597 640 1753 691 contemnant

982 719 1011 764 ut
1027 728 1114 780 magna
1126 717 1268 769 infelicitate
1285 720 1431 784 implicitos,
1441 722 1481 773 vet
1495 737 1511 773 a
1524 725 1598 773 nullis
1612 725 1750 777 tardissimis

982 806 1007 853 et
1026 804 1132 855 maxime
1150 806 1261 857 scelestis
1280 808 1429 859 facinoribus
1441 810 1593 873 abstineant,
1607 825 1665 862 cum
1687 814 1748 870 deus

982 891 1049 954 ipsos
1068 892 1108 943 bis
1126 892 1245 944 obnoxios
1265 909 1320 946 esse
1335 897 1442 949 rideant..

1014 984 1141 1036 xl1.sed
1159 984 1213 1035 haec
1231 987 1329 1048 quidem
1354 988 1461 1052 illisqui
1479 989 1542 1040 hanc
1558 992 1637 1042 solam
1658 996 1751 1057 partam

983 1079 1191 1144 contemplationis
1214 1097 1229 1131 a
1248 1082 1400 1147 philosophia
1424 1089 1551 1150 soporant,
1574 1086 1751 1139 consideranda

982 1175 1162 1239 relinquantur.
1195 1179 1267 1237 Quod
1288 1192 1346 1229 aero
1371 1180 1402 1229 ad
1418 1180 1591 1245 rempublicam
1612 1184 1750 1235 alienanto

982 1273 1139 1323 mnstitutam
1153 1275 1254 1335 attinet,
1266 1275 1322 1325 huo
1335 1290 1433 1339 quoque
1450 1281 1587 1329 memoratu
1607 1279 1680 1343 digna
1696 1279 1750 1330 exi-

982 1367 1091 1418 edmari.
1123 1370 1248 1431 Primum,
1272 1370 1340 1434 quod
1361 1372 1451 1422 multos
1465 1372 1576 1423 homines
1595 1374 1679 1424 divino
1695 1375 1751 1425 cul·

983 1463 1020 1512 tui
1033 1464 1135 1516 addixit.
1168 1470 1196 1515 tn
1211 1466 1258 1515 alia
1272 1472 1338 1517 certe
1354 1481 1439 1519 recens
1459 1469 1558 1520 condita
1579 1471 1641 1521 urba
1655 1475 1693 1522 tot
1708 1485 1750 1522 sa-

984 1559 1096 1613 cerdotes
1116 1565 1142 1613 et
1163 1561 1265 1614 deorum
1287 1566 1411 1616 ministros
1436 1568 1518 1616 statim
1538 1568 1663 1619 institutos
1680 1582 1752 1620 nemo

983 1656 1151 1708 demonstrare
1173 1663 1263 1723 posset.
1296 1663 1359 1710 itam
1378 1665 1468 1724 praeter
1488 1676 1532 1713 cos
1553 1664 1597 1726 qui
1616 1663 1752 1714 mcerdotia

984 1754 1105 1818 gentilicia
1112 1754 1246 1816 habebant,
1257 1756 1299 1806 atii
1311 1759 1449 1822 sexaginta,
1461 1759 1504 1821 qui
1516 1758 1613 1822 publiea
1624 1771 1694 1809 sacra
1709 1773 1753 1823 pro

984 1845 1083 1895 civitate
1096 1851 1122 1897 et
1142 1847 1252 1897 tributim
1266 1852 1291 1898 et
1308 1850 1420 1898 curiatim
1440 1851 1564 1912 tacerent,
1579 1851 1621 1901 illo
1640 1855 1754 1913 regnante

984 1941 1111 1991 constituti
1129 1947 1195 1992 sunt.
1228 1942 1289 1994 Dico
1309 1948 1389 1994 autem
1410 1957 1468 2007 quse
1485 1946 1613 1996 terentius
1630 1950 1708 1996 varro
1728 1945 1754 1995 in

983 2032 1170 2095 antiquitatibus
1189 2035 1302 2098 scripsit,
1324 2035 1360 2084 vir
1372 2035 1497 2094 omniurn,
1513 2036 1557 2099 qui
1570 2049 1600 2086 ea
1617 2040 1691 2086 oetatc
1706 2036 1752 2087 bo-

983 2125 1089 2185 ruerint‚
1111 2125 1282 2188 peritissimus.
1316 2127 1408 2178 Deinde
1427 2127 1508 2191 quod,
1535 2141 1592 2178 cum
1621 2129 1663 2178 alii
1690 2131 1753 2180 mala

984 2216 1166 2280 quodammodo
1180 2219 1206 2268 et
1218 2217 1395 2268 inconsiderate
1408 2218 1553 2281 plerumque
1564 2218 1654 2283 eligant
1667 2233 1751 2270 saeer-

984 2308 1063 2370 dotes,
1073 2311 1097 2359 et
1109 2308 1152 2359 alii
1162 2315 1275 2360 ocmeant
1284 2309 1348 2359 hunc
1356 2310 1471 2359 honoram
1481 2309 1551 2374 quasi
1560 2323 1605 2373 per
1616 2322 1753 2373 prunonem

984 2413 1075 2449 vonum
1097 2399 1208 2451 mudum
1228 2415 1298 2461 esse,
1312 2401 1354 2450 alii
1373 2415 1432 2451 vero
1451 2401 1589 2451 sacerdotia
1606 2402 1669 2452 torte
1687 2401 1752 2451 divi-

984 2488 1044 2538 dant
1058 2508 1065 2537 ι
1080 2490 1132 2553 ipse
1147 2491 1283 2541 sacerdotia
1301 2505 1380 2554 nsque
1397 2491 1491 2542 venalia
1504 2504 1578 2554 essa,
1594 2505 1673 2554 nequa
1688 2496 1754 2544 sorte

984 2581 1062 2632 dividi
1078 2582 1169 2645 voluit;
1190 2583 1234 2632 sed
1253 2584 1331 2647 legem
1350 2583 1423 2645 tulit,
1443 2596 1492 2646 qua
1510 2582 1583 2634 iussit
1601 2595 1630 2633 cr
1650 2584 1754 2646 singuiis

985 2674 1060 2724 curiis
1078 2675 1254 2735 escambium,
1273 2675 1316 2738 qui
1330 2689 1420 2724 annum
1432 2674 1513 2726 mistis
1531 2673 1607 2738 niam
1622 2675 1751 2738 praeteriis-

985 2769 1052 2824 aaut,
1064 2765 1108 2828 qui
1127 2768 1152 2816 et
1171 2779 1259 2829 genere
1277 2767 1331 2815 aliis
1351 2770 1508 2830 praestarent,
1523 2771 1551 2817 et
1566 2767 1657 2818 virtute
1673 2771 1755 2818 essem

984 2854 1105 2917 insignes,
1127 2859 1152 2905 et
1172 2868 1273 2906 censum
1287 2856 1448 2906 sufficientem
1462 2856 1592 2919 haberent,
1614 2862 1641 2908 et
1652 2870 1755 2923 corpore

985 2951 1067 2996 essent
1079 2946 1181 3008 integro.
1215 2947 1260 2996 llis
1271 2949 1355 2997 autem
1368 2961 1417 2997 non
1429 2948 1460 2998 ad
1476 2952 1570 2998 certum
1583 2949 1682 3012 aliquod
1692 2952 1755 2999 tem·

985 3051 1045 3103 pus.
1066 3039 1109 3089 sed
1132 3038 1250 3101 quamdiu
1272 3039 1400 3100 virerent,
1424 3039 1471 3090 bos
1493 3040 1597 3091 honores
1619 3042 1751 3104 σοιιεοσείε,

985 3143 1076 3193 eosque
1086 3130 1180 3180 militiae
1191 3131 1223 3179 ob
1233 3134 1348 3192 tamtam,
1362 3135 1388 3180 et
1397 3133 1548 3193 negotiorum
1560 3133 1711 3183 urbanorum
1721 3135 1754 3186 ob

986 3222 1282 3287 lrgcm‚i1umunestecit.

1017 3332 1088 3380 liltll.
1102 3331 1223 3389 Quoniam
1241 3331 1324 3378 aulem
1337 3328 1451 3378 nonnulla
1466 3331 1540 3379 etiam
1554 3342 1626 3380 sacra
1640 3343 1683 3393 psr
1695 3344 1754 3380 mu·

986 3424 1058 3475 lieres
1076 3422 1130 3474 fieri
1148 3421 1292 3486 oportebat,
1310 3423 1335 3470 et
1348 3419 1396 3470 alia
1411 3434 1454 3484 pcr
1474 3434 1561 3484 pueros
1572 3421 1688 3485 patrimus
1705 3435 1756 3472 ms·

986 3515 1123 3578 trimosque
1138 3532 1147 3565 ι
1168 3517 1197 3564 ut
1215 3514 1269 3563 llaec
1280 3523 1378 3587 quoque
1394 3512 1485 3576 optime
1502 3516 1683 3578 peragerentur.
1700 3513 1754 3566 ius·

986 3608 1020 3658 sit
1041 3619 1132 3658 uxores
1156 3605 1313 3657 sacerdotum
1339 3618 1389 3654 una
1411 3619 1468 3657 cum
1495 3607 1589 3669 maritis
1615 3603 1752 3656 mmrdotto

987 3700 1070 3765 tungi·,
1088 3705 1113 3751 et
1132 3700 1206 3763 siqua
1221 3712 1291 3749 sacra
1307 3699 1376 3748 netas
1389 3703 1455 3749 esset
1476 3699 1556 3761 patrio
1573 3712 1643 3749 more
1660 3713 1675 3750 a
1695 3699 1756 3773 ritis

987 3793 1055 3855 tisri,
1077 3792 1132 3843 haec
1156 3793 1188 3842 ab
1217 3793 1265 3842 illis
1286 3792 1383 3856 peragi,
1412 3804 1546 3853 eorumque
1568 3792 1658 3842 liberos
1686 3793 1757 3843 mini-

988 3884 1061 3934 steria
1079 3883 1161 3932 debita
1181 3883 1256 3934 obire.
1291 3882 1342 3931 titis
1363 3893 1421 3930 vero
1442 3880 1485 3942 qui
1506 3885 1559 3932 siue
1574 3882 1658 3933 littaris
1675 3888 1757 3935 essent

988 3972 1110 4037 pertrabit,
1125 3977 1153 4021 ut
1169 3985 1200 4022 ex
1220 3973 1274 4021 aliis
1294 3971 1391 4020 tamiliis
1413 3970 1524 4020 curiatim
1549 3975 1755 4034 venustissimos,

987 4078 1089 4131 puerum
1103 4067 1128 4113 ct
1145 4064 1251 4126 pueliam
1267 4063 1382 4126 eligerent
1400 4062 1486 4113 :bunc
1504 4063 1603 4126 quidem
1620 4065 1653 4115 ad
1669 4067 1757 4130 puber·

988 4161 1064 4208 tatem
1080 4155 1195 4218 usquein
1215 4156 1291 4205 sacris
1305 4155 1445 4206 ministrum
1460 4156 1584 4219 tutulum
1599 4159 1666 4209 illam
1681 4174 1756 4223 vero,

987 4250 1105 4315 quamdin
1119 4249 1144 4300 in
1158 4248 1296 4314 virginitate
1309 4250 1445 4302 mansisset.
1478 4255 1509 4303 Et
1528 4251 1583 4304 huc
1598 4267 1695 4315 qnoque
1708 4255 1717 4314 (
1728 4258 1756 4302 ut

988 4343 1077 4405 credo)
1088 4355 1120 4392 σε
1132 4342 1272 4393 Graecorum
1286 4342 1406 4392 institutis
1421 4344 1565 4394 introduxit.
1598 4347 1757 4407 Quacunque

987 4438 1052 4492 enim
1064 4437 1177 4499 virgines,
1188 4449 1244 4498 quas
1255 4437 1381 4500 κανηφόροι
1392 4441 1418 4487 et
1429 4439 1550 4502 ἀρρηφόροι
1562 4437 1721 4502 appellantur,
1732 4437 1756 4485 in

990 4530 1082 4582 Groects
1095 4528 1173 4579 sacris
1186 4526 1292 4588 iaciunt,
1305 4527 1358 4576 Ιιωο
1370 4528 1436 4590 apud
1446 4531 1568 4578 Romairos
1580 4531 1697 4592 peragunt
1709 4528 1757 4577 itia

987 4636 1043 4686 qum
1064 4621 1152 4672 tutulae
1170 4623 1299 4670 vocantur.
1332 4621 1386 4669 [loe
1411 4623 1494 4669 autem
1512 4619 1605 4668 iaciunt
1617 4624 1693 4682 caput
1712 4619 1756 4670 hs·

987 4712 1073 4762 benten
1086 4714 1199 4761 ornatum
1207 4709 1286 4767 vittis,
1298 4707 1436 4758 cuiusmodi
1449 4711 1506 4758 sunt
1515 4708 1563 4757 iliae
1575 4708 1665 4770 quibus
1674 4709 1757 4772 Ephe-

981 4799 1032 4858 'siae
1046 4803 1129 4853 Dianae
1142 4803 1273 4853 simulacra
1286 4799 1351 4864 apud
1367 4802 1466 4851 Grecos
1479 4804 1603 4850 ornantur.
1637 4803 1758 4859 Quaecun-

988 4910 1037 4963 que
1049 4908 1107 4945 vero
1129 4894 1195 4960 apud
1206 4897 1340 4953 Etruscos,
1358 4895 1383 4943 et
1397 4892 1476 4943 multo
1494 4897 1549 4941 ante
1563 4892 1627 4955 apud
1645 4892 1758 4956 t’oiasgos

989 4986 1111 5038 iaciebant
1126 4987 1284 5035 incuratum
1301 4987 1327 5033 et
1347 4986 1491 5045 stagnorum
1508 4983 1610 5033 deorum
1629 4983 1704 5033 sacris
1725 4984 1759 5033 illi

989 5077 1031 5143 qni
1043 5074 1075 5126 ab
1088 5074 1149 5139 ipsis
1167 5071 1269 5124 caduli
1282 5071 1444 5135 appellantur,
1456 5071 1510 5122 hac
1523 5072 1609 5122 eodem
1626 5071 1699 5121 modo
1710 5071 1760 5122 mi·

989 5163 1126 5216 nistrabaut
1138 5160 1308 5213 sacerdotibus
1323 5160 1342 5211 ii
1356 5161 1399 5224 qui
1413 5175 1477 5211 nune
1489 5175 1505 5211 a
1516 5161 1631 5210 tiemonis
1643 5166 1760 5211 vocantur
