3772 5828
228 327 286 385 462

227 456 373 532 ποιουμένη
389 460 436 527 τῆς
450 455 557 532 γνώμης
570 454 617 513 καὶ
633 457 671 534 τῷ
687 453 725 529 μὴ
741 459 889 536 συγχωρεῖν
905 456 1004 534 [ἑκάσ-

228 547 279 626 τῳ]
303 544 415 622 ἑτοίμως
438 543 481 603 ἐπὶ
496 543 526 602 ιθ
542 545 643 621 μᾶλλον
671 542 826 612 σπουδάζειν
850 544 927 604 αθτθν
951 566 1006 600 πα-

230 637 371 714 ρορμῶσα,
395 635 412 704 ἢ
439 633 486 699 τὰς
511 632 578 698 ἰδίας
609 633 668 691 καθ’
696 635 791 702 ἑαυτῆς
821 631 1006 692 ἀπολύσασθαι

232 722 377 802 βουλομένη
391 721 517 785 διαύολδις
534 721 599 800 ὑπὲρ
611 726 657 781 τοῦ
671 721 784 795 μηδενὸς
796 713 832 781 ὧν
848 719 977 800 ἔπραττεν
993 723 1007 778 θ

189 832 201 868 ο
233 813 300 891 ἀνὴρ
311 812 373 891 μήτ’
385 812 457 871 αἰτία
473 811 541 888 μήτε
557 811 681 892 συνεργὸς
692 801 770 870 εἶναι.
818 809 941 872 Χαλεπὸν
955 809 1006 890 γάρ

232 891 264 971 ἦν
284 899 432 980 ἀπόρρητον
452 899 592 976 γενόμενον
611 899 693 969 αὐτῆς
712 896 742 956 τδ
758 898 881 977 βούλημα
898 894 1005 973 συμύα·

230 991 295 1049 λεῖν.

268 1078 360 1138 ΧΧΠ.
387 1075 513 1142 Ἀκούσας
523 1076 551 1134 δέ
563 1079 648 1134 ταῦτα
661 1075 724 1155 παρ’
737 1076 890 1152 αὖτομολων
903 1078 980 1134 τινῶν
992 1077 1006 1133 ὁ

231 1164 361 1244 Μάρκιος,
378 1168 413 1229 ὡς
429 1154 499 1244 εἶχεν
514 1166 603 1245 ὀργῆς,
620 1161 692 1229 ιύθίις
707 1162 858 1234 ἀναστήσας
868 1160 915 1232 τὴν
929 1161 1006 1220 δύνα·

179 1281 203 1319 10
232 1279 276 1331 μιν
286 1247 349 1332 ἦγεν
364 1253 407 1311 ε’πί
421 1252 468 1324 τὴν
477 1250 600 1330 Ῥυίμην,
612 1251 731 1332 φυλακὴν
746 1256 792 1311 τοῦ
809 1248 950 1311 Λαουϊνίου
957 1250 1005 1323 τὴν

231 1345 363 1425 ἀρκοῦσαν
389 1341 552 1400 καταλιπών·
576 1339 621 1399 καὶ
642 1340 737 1398 αὐτίκα
756 1345 803 1412 τῆς
822 1338 921 1406 πόλεως
941 1363 1005 1400 στα·

231 1433 299 1497 δίους
312 1429 506 1511 τετταράκοντα
516 1426 644 1509 ἀποσχὼν
653 1428 930 1507 κατεστρατοπέδευσε
945 1429 1006 1508 περὶ

230 1520 276 1587 τὰς
290 1520 455 1596 καλουμένας
471 1517 597 1585 Κλοιλίας
613 1518 738 1600 τάρρους.
781 1521 904 1578 Μαθοῢσι
916 1516 944 1576 δὲ
958 1517 1005 1589 την

229 1607 377 1687 παρουσίαν
395 1611 475 1667 αὐτοῦ
496 1617 548 1673 τοῖς
567 1604 636 1666 κατὰ
656 1612 703 1680 τὴν
723 1608 800 1665 πόλιν
818 1609 939 1672 τοσοῦτος
953 1608 1007 1666 tvt-

179 1727 203 1764 ιε
230 1722 294 1757 πεσε
316 1697 440 1776 θόρυάος,
464 1699 499 1762 ὡς
520 1698 616 1756 αὐτίκα
635 1704 687 1763 τοῖς
707 1697 807 1775 τείχεσι
824 1696 867 1755 τὸν
887 1695 1004 1771 πολεμον

230 1785 422 1864 προσάξοντος,
439 1782 507 1843 ὥστε
522 1784 607 1861 οἱμὲν
623 1784 667 1842 ἐπὶ
680 1782 715 1842 τά
728 1784 804 1862 τείχη
819 1783 853 1841 τά
870 1781 939 1841 ὅπλα
955 1784 1004 1842 λα·

231 1872 319 1939 ύόντες
334 1872 404 1933 ἔθεον
427 1872 487 1932 άνευ
502 1872 733 1952 παραγγέλματος·
750 1875 774 1931 ol
791 1873 812 1930 δ’
828 1872 872 1930 ἐπὶ
887 1873 934 1938 τὰς
950 1875 1004 1931 πύ-

229 1967 277 2030 λας
296 1963 365 2022 κατθι
377 1965 476 2031 πλῆθος
487 1964 609 2041 ἐρὲροντο
622 1961 702 2042 χωρίς
716 1961 853 2037 ἡγεμόνος·
866 1964 888 2019 ol
905 1962 932 2019 δέ
946 1961 1005 2029 τοὺς

231 2053 336 2119 δούλους
359 2050 566 2117 καθοπλίσαντες
591 2053 634 2110 ἐπὶ
656 2059 707 2115 τοῖς
734 2049 819 2127 τέγεσι
841 2052 893 2106 τῶν
914 2054 1004 2110 οἰκιῶν

177 2164 203 2203 ευ
229 2142 353 2202 ἵστασαν·
369 2143 392 2198 ol
408 2140 435 2197 δὲ
447 2138 497 2210 τήν
514 2162 543 2197 τε
568 2141 651 2218 άκραν
667 2138 756 2197 καὶτὸ
775 2137 944 2197 Καπιτώλιον
959 2142 1004 2201 καὶ

231 2230 289 2295 τούς
305 2230 399 2294 ἄλλους
411 2228 535 2306 ἐρυμνοὺς
547 2228 643 2294 τόπους
653 2232 699 2299 τῆς
712 2227 814 2295 πόλεως
827 2229 1006 2305 κατελαμύά-

230 2335 313 2376 νοντο·
340 2313 462 2393 γυναῖκές
478 2338 505 2374 τε
520 2316 663 2392 λελυμέναι
679 2313 725 2381 τλς
742 2314 825 2389 κόμας
843 2317 888 2385 ἐπὶ
903 2315 937 2374 τά
959 2342 1004 2378 τε·

232 2405 298 2482 μένη
315 2403 428 2470 καὶτοὺς
440 2403 503 2470 νειλς
518 2403 589 2462 ἔθεον
603 2404 795 2483 ὀλοφυρόμεναί
809 2405 898 2463 τεκαὶ
913 2407 1004 2482 θεόμε·

230 2519 273 2553 ναι
294 2498 347 2552 τῶν
363 2498 428 2553 θεῶν
444 2493 609 2574 ἀποστρέψαι
628 2497 674 2562 τῆς
689 2491 788 2557 πόλεως
810 2492 853 2550 τδν
877 2495 1005 2573 παριόντα

178 2617 203 2656 25
231 2584 322 2666 ιρόάον.
366 2582 415 2650 Ὡς
431 2585 454 2641 δ’
468 2583 486 2655 ί,
505 2606 532 2640 τε
548 2581 593 2650 νύξ
614 2584 734 2661 παρῆλθε
750 2582 796 2640 καί
816 2586 864 2652 τῆς
882 2585 1006 2656 ἐπιούσης

230 2674 331 2751 ἡμέρας
354 2672 384 2730 τδ
408 2673 549 2740 πλεῖστον,
569 2672 614 2730 καὶ
630 2672 703 2731 οὐδὲν
722 2661 758 2729 ὧν
774 2672 937 2733 ἐδεδοίκεσαν
953 2676 1006 2753 ἐγί-

231 2783 301 2830 νετο,
315 2760 375 2816 ἀλλ’
388 2762 477 2836 ἔμενεν
490 2763 504 2817 θ
517 2761 636 2838 Μάρκιος
646 2761 685 2839 ἐρ’
700 2758 828 2838 ἡσυχίας,
844 2762 1005 2841 συνέδραμον

232 2849 346 2915 ἅπαντες
366 2851 402 2915 εἰς
418 2849 466 2918 τὴν
485 2849 582 2927 ἀγοράν
599 2852 622 2907 ol
645 2849 783 2922 δημοτικοί
804 2850 848 2908 καὶ
868 2849 926 2918 τοὺς
949 2876 1004 2910 πα-

231 2937 343 3017 τρικίους
358 2940 467 2997 ἐκάλουν
482 2941 517 3003 εἷς
529 2938 560 2995 τό
573 2937 765 3016 βουλευτήριον·
785 2939 829 2996 καὶ
845 2941 867 2997 εί
886 2939 923 3016 μὴ
936 2964 1003 3020 προ-

177 3054 204 3094 20
232 3025 403 3085 δουλεύσουσι
418 3028 456 3104 τῷ
480 3024 553 3102 ἀνδρί
568 3023 616 3094 τὴν
634 3025 764 3095 κάθοδον,
781 3025 855 3082 αὐτοὶ
869 3029 1005 3103 βουλεύσε-

231 3120 291 3173 σθαι
320 3115 380 3193 περλ
409 3117 481 3192 σριῗιν
510 3116 596 3171 αὐτῶν
625 3111 725 3186 ἔφασαν
752 3115 787 3178 ὡς
809 3114 1003 3190 προδεδομένοι.

230 3204 299 3264 Τότε
326 3203 357 3273 δὴ
389 3202 553 3267 συνελθόντες
579 3205 613 3266 εἰς
638 3199 686 3271 την
714 3199 809 3280 βουλὴν
834 3204 856 3259 οί
872 3205 1004 3280 πατρίκιοι

231 3293 388 3374 ψηφίζονται
400 3290 563 3369 πρεσύευτδις
578 3289 641 3368 πρὸς
656 3290 698 3347 τὀν
715 3289 836 3365 Μάρκιον
851 3295 1004 3356 ἀποστεῖλαι

230 3383 306 3441 πέντε
321 3380 417 3459 ἄνδρας
429 3382 458 3438 ἐκ
471 3384 524 3438 τῶν
536 3378 740 3457 πρεσύυτάτιον,
753 3379 796 3446 οθς
808 3380 923 3456 μάλιστα
939 3385 1004 3440 ἐκεῖ·

182 3493 207 3529 ns
231 3497 272 3537 νος
286 3471 433 3542 ἠσπάζετο,
450 3469 509 3547 περὶ
525 3468 668 3535 διαλύσεώς
680 3493 707 3527 τε
724 3469 769 3527 καί
786 3469 873 3548 φιλίας
887 3470 1002 3538 διαλεξο·

231 3558 333 3635 μένους.
377 3547 467 3614 Ἶίσαν
491 3557 517 3615 δὲ
545 3560 568 3614 ol
592 3557 816 3636 προχειρισθέντες
847 3562 891 3615 ὑπ’
919 3561 1004 3617 αὐτῶν

231 3647 321 3724 ἄνδρες
346 3644 406 3703 οίδε
427 3645 533 3722 Μάρκος
556 3646 687 3715 Μηνύκιος
702 3646 747 3704 καί
766 3646 919 3723 Πόστουμος
944 3651 1005 3708 Ko-

230 3735 312 3811 μίνιος
333 3735 378 3792 καί
399 3735 512 3812 Σπόριος
536 3734 649 3814 Λάρκιος
668 3735 713 3792 καὶ
739 3735 856 3802 Πόπλιος
882 3737 1006 3813 Πινάριος

230 3824 275 3883 καί
309 3826 417 3891 Κόϊντος
445 3823 604 3900 Σολπίκιος,
632 3822 746 3890 ἅπαντες
775 3824 906 3884 ὑπατικοί.
959 3825 1006 3894 Ὡς

180 3937 206 3973 ιο
230 3914 257 3971 δέ
273 3913 396 3990 ἂρίκοντο
411 3912 453 3970 ἐπὶ
469 3912 499 3970 τὸ
522 3912 716 3988 στρατόπεδον,
737 3912 780 3969 καὶ
806 3911 873 3987 ἔγνον
887 3913 935 3982 τὴν
952 3939 1005 3972 πα-

232 4002 335 4078 ρουσίαν
360 4005 480 4061 αὐτῶνθ
508 4001 645 4080 Μάρκιος,
672 4001 843 4076 καθεζόμενος
869 4001 926 4077 ἅμα
953 4014 1006 4072 τοῖς

231 4089 444 4165 ἐπιφανεστάτοις
456 4088 632 4149 Οὐολούσκων
648 4112 676 4146 τε
692 4088 736 4145 καὶ
752 4093 801 4144 τῶν
823 4088 911 4146 ἄλλων
937 4114 1005 4169 συμ-

231 4174 339 4252 μάχων,
358 4180 417 4233 ἔνθα
432 4180 550 4236 πλεῖστοι
574 4177 683 4252 ἔμελλον
709 4175 866 4235 ἀκούσεσθαι
884 4181 936 4235 τῶν
958 4188 1005 4238 λε-

229 4264 363 4339 γομένοιν,
387 4267 504 4324 ἐκέλευσε
520 4268 609 4324 καλεῖν
623 4266 681 4333 τοθς
703 4267 807 4345 ἄνδρας.
826 4268 1004 4327 Εἰσελθόντιυν

181 4379 204 4414 ις
230 4352 256 4409 δὲ
269 4354 353 4408 αὐτῶν
368 4352 462 4431 ἤρξατο
475 4362 519 4413 τού
534 4356 612 4433 λόγου
625 4355 770 4426 Μηνύκιος,
784 4359 797 4409 θ
810 4357 921 4416 πλεῖστα
936 4359 1005 4415 κατά

229 4442 273 4499 τὸν
288 4444 332 4509 τῆς
361 4443 485 4509 Ιθπατείας
509 4444 602 4522 χρόνον
625 4444 772 4511 σπουδάσας
788 4444 852 4525 ὑπὲρ
868 4449 946 4504 αύτοῧ
960 4448 1004 4505 καί

233 4530 348 4602 μάλιστα
384 4538 435 4595 τοῖς
468 4533 616 4607 δημοτικοῖς
646 4537 822 4605 ἐναντιωθεὶς,
851 4535 895 4591 καὶ
935 4535 1004 4603 ἔλεξε

229 4616 325 4675 τοιάδε.

271 4707 374 4765 XXIII,
403 4729 415 4759 ιι
434 4707 494 4765 Ὅτι
515 4710 561 4784 μὲν
577 4713 606 4768 οὐ
628 4712 716 4769 ’δίκαια
738 4710 867 4777 πέπονθας
889 4710 939 4767 ὑπὸ
960 4717 1004 4769 ’.οδ

182 4820 208 4858 50
235 4826 245 4847 υ
266 4795 363 4872 δήμου,
384 4800 404 4852 ὼ
433 4797 553 4875 Μάρκιε,
573 4804 630 4875 μετ’
652 4804 763 4876 αἰσχρᾶς
781 4802 863 4865 αἰτίας
878 4798 1004 4867 ἐξελαθεὶς

233 4915 244 4938 ιι
264 4890 292 4944 ἐκ
307 4890 353 4958 τῆς
369 4885 492 4966 πατρίδος
512 4888 625 4954 ἅπαντες
640 4890 731 4964 ἴσμεν,
750 4892 795 4947 καί
811 4889 882 4947 οὐδὲν
898 4888 1003 4963 οἰόμεθά

233 5002 245 5025 υ
264 5001 292 5033 σε
309 4986 392 5035 ποιεῖν
414 4983 581 5054 θαυμαστὸν,
600 4980 620 5035 εἰ
642 4978 809 5055 χαλεπαίνεις
825 4980 869 5037 καὶ
888 4983 1003 5053 ἀγανακ-

233 5087 244 5110 u
264 5073 314 5129 τεῖς
332 5068 374 5126 ἐπὶ
392 5078 447 5134 ταῖς
464 5067 567 5145 τύχαις.
615 5066 705 5130 ίίοινθς
724 5068 774 5143 γὰρ
797 5069 827 5136 δὴ
852 5073 898 5137 τῆς
919 5067 1003 5123 ἁπάν-

234 5173 245 5197 u
264 5172 314 5206 των
337 5155 436 5230 ρύσεως
452 5147 523 5218 οὗτος
546 5156 667 5231 ὁνόμος,
691 5155 783 5232 ἐχθρόν
806 5148 924 5236 εἶναιτῷ
940 5156 1001 5234 δρά-

747 321 917 384 nmuusu
939 288 1320 384 uuurcnuuussuusis

1062 462 1137 513 tuerit
1150 480 1155 513 ε
1170 466 1255 513 utrum
1267 464 1295 513 ld
1306 464 1414 523 jecerit,
1425 468 1454 513 ut
1464 466 1560 515 animos
1576 466 1632 517 eius
1644 467 1806 531 exploraret,
1820 484 1850 520 en

1062 554 1090 601 ut
1102 553 1181 615 magis
1196 552 1252 602 elus
1264 552 1418 603 desiderium
1431 553 1591 613 accenderet.
1607 555 1628 606 si
1644 570 1670 606 se
1683 556 1791 608 facilem
1804 573 1849 609 non

1061 642 1198 707 praeberem
1216 657 1248 693 eu
1270 641 1339 706 quod
1361 643 1437 692 vellet
1459 643 1564 694 crimine
1589 645 1637 696 sibi
1660 645 1726 697 tulso
1749 649 1849 699 obiectu

1061 726 1172 786 diluere,
1188 732 1218 777 ιιι
1235 729 1272 777 ita
1291 743 1317 777 sc
1339 728 1432 778 nullius
1452 729 1569 780 facinoris
1581 731 1613 782 ab
1626 732 1669 782 illo
1687 736 1786 798 patrati
1807 742 1848 787 ent

1062 820 1188 868 auctorem
1202 821 1247 867 nut
1260 817 1354 867 socium
1364 816 1441 868 fuisse
1450 818 1524 869 tidem
1536 821 1638 872 luceret.
1655 822 1766 874 Difficile
1781 826 1846 876 enim

1062 907 1115 954 erut
1127 906 1251 955 secretum
1264 905 1318 955 eius
1333 905 1465 955 consilium
1480 908 1579 973 assequi
1592 910 1747 962 coniectura.

1094 1089 1170 1136 xilll.
1194 1088 1301 1137 Marcius
1319 1089 1419 1147 autem,
1437 1089 1477 1138 his
1496 1102 1542 1152 per
1561 1091 1706 1158 transfugas
1723 1098 1843 1160 cognitis,

1062 1193 1156 1241 uteret
1171 1191 1263 1249 iratus,
1278 1192 1365 1241 statim
1377 1192 1453 1242 motis
1470 1193 1528 1245 inde
1546 1197 1773 1255 cestris,ll01uum
1789 1216 1844 1252 cum

1061 1293 1138 1358 copiis
1149 1291 1290 1352 contendit,
1303 1294 1429 1345 exercitus
1441 1299 1513 1361 perte
1523 1336 1529 1357 ,
1541 1303 1635 1363 quanta
1649 1314 1715 1365 opus
1734 1308 1799 1364 erut,
1814 1305 1844 1356 ad

1061 1394 1156 1446 luviuii
1176 1393 1315 1445 custodiam
1334 1397 1435 1460 relictu;
1457 1401 1484 1448 et
1496 1412 1555 1450 mox
1576 1400 1609 1452 ad
1627 1400 1709 1454 fossas
1730 1405 1843 1462 cluilius.

1061 1503 1161 1553 circiter
1184 1502 1265 1553 studia
1280 1503 1446 1569 quadraginta
1468 1505 1501 1556 ab
1523 1506 1586 1558 urbe
1605 1508 1744 1573 distantes,
1763 1517 1844 1563 cestra

1060 1605 1153 1672 posuit.
1172 1606 1251 1657 Cuius
1264 1606 1372 1658 adventu
1386 1607 1412 1658 in
1422 1607 1484 1659 urbe
1501 1610 1611 1673 cognito,
1625 1614 1754 1665 maximus
1771 1630 1843 1667 exor-

1062 1718 1103 1763 tus
1117 1716 1156 1762 est
1168 1710 1291 1761 tumultus
1303 1749 1309 1773 ,
1323 1711 1394 1776 quasi
1405 1711 1509 1776 jamjam
1522 1712 1617 1764 bellum
1628 1716 1660 1766 ad
1674 1720 1767 1769 moeniu
1777 1735 1843 1771 aece-

1061 1819 1141 1869 dcret.
1186 1818 1269 1874 Quare
1283 1815 1325 1865 ulii
1345 1814 1376 1865 ad
1397 1829 1484 1867 muros
1510 1820 1630 1883 correptis
1648 1824 1727 1873 erinis
1747 1826 1842 1888 injussu

1062 1922 1193 1972 currebant
1204 1941 1212 1982 ς
1224 1921 1267 1971 ο1ἰί
1281 1921 1314 1970 ed
1327 1924 1411 1984 portem
1426 1921 1563 1985 conglobati
1583 1924 1636 1974 sine
1649 1925 1715 1976 duce
1730 1929 1841 1980 tereban-

1062 2032 1117 2089 tur;
1127 2028 1169 2077 elii
1180 2040 1266 2077 servos
1277 2028 1386 2075 armatos
1395 2038 1470 2089 super
1482 2027 1555 2077 tectis
1565 2027 1658 2078 edium
1669 2032 1842 2097 colloenbant;

1061 2130 1103 2180 alii
1121 2144 1203 2179 arcem
1225 2132 1251 2179 et
1270 2128 1421 2193 capitolium
1433 2133 1458 2178 et
1480 2132 1560 2180 cetere
1576 2129 1629 2179 loce
1649 2132 1721 2182 urbis
1742 2138 1845 2187 munita

1060 2234 1214 2299 occupabant
1232 2251 1237 2282 ·.
1254 2236 1279 2282 el
1306 2232 1424 2283 mulieres
1444 2230 1529 2281 solutis
1549 2230 1659 2281 crinibus
1679 2234 1712 2283 ed
1729 2235 1843 2288 delubra

1061 2340 1203 2404 templaque
1217 2336 1349 2387 currebant
1364 2337 1474 2402 lugentes
1492 2337 1518 2386 et
1537 2335 1681 2401 suppliciter
1698 2352 1714 2387 ο
1729 2339 1780 2390 diis
1795 2357 1841 2405 pe-

1062 2448 1156 2503 tentes,
1172 2445 1201 2492 ut
1213 2441 1344 2491 imminens
1353 2440 1492 2505 periculum
1505 2439 1537 2490 eb
1548 2438 1609 2491 urbe
1621 2444 1775 2494 everterent.
1791 2448 1843 2498 Sed

1061 2560 1139 2610 quum
1151 2558 1199 2594 nox
1218 2542 1260 2592 illu
1280 2542 1458 2607 praetcriisset,
1479 2545 1505 2592 et
1519 2541 1568 2592 diei
1582 2545 1711 2608 sequentis
1727 2548 1841 2600 maxima

1061 2667 1135 2710 pers,
1153 2654 1293 2708 eteorum,
1309 2661 1368 2713 ques
1386 2647 1537 2707 timuerant,
1554 2646 1618 2698 nihil
1632 2648 1776 2709 accidisset.
1798 2646 1841 2703 seul

1061 2753 1170 2804 llereius
1186 2752 1326 2817 quiesceret
1338 2764 1384 2801 nec
1393 2749 1534 2815 quidquem
1548 2754 1660 2802 moveret
1670 2790 1676 2809 .
1687 2766 1774 2804 omues
1785 2756 1842 2818 ple·

1062 2859 1110 2908 beii
1121 2858 1146 2906 in
1159 2855 1242 2905 lorum
1261 2857 1440 2905 concurrerunt
1453 2855 1479 2905 et
1493 2853 1612 2918 patricios
1624 2855 1753 2905 incuriam
1764 2870 1843 2907 rocu-

1062 2962 1134 3018 ruul;
1150 2962 1175 3007 et
1186 2957 1233 3007 nisi
1246 2956 1355 3006 reditum
1367 2955 1463 3006 bomini
1479 2956 1695 3006 senatusconsulto
1711 2955 1841 3008 decrevis-

1061 3065 1115 3112 sent
1125 3075 1162 3129 ,se
1172 3059 1218 3109 sibi
1234 3058 1303 3122 ipsis,
1313 3059 1400 3122 utpote
1414 3057 1528 3123 proditis,
1539 3058 1698 3109 consulturos
1710 3057 1839 3111 dixerunt.

1060 3168 1129 3214 Tunc
1139 3163 1214 3225 igilur
1223 3161 1318 3225 patricii
1330 3199 1336 3221 ‚
1350 3174 1430 3225 quum
1445 3160 1470 3209 in
1484 3160 1581 3211 curium
1597 3162 1777 3215 convenissent.
1790 3162 1835 3212 de-

1062 3269 1193 3320 creverunt
1208 3267 1302 3328 legulos
1321 3265 1351 3314 ιιι]
1375 3264 1496 3314 Marcium
1508 3264 1626 3326 mittere,
1650 3265 1761 3331 quinque
1775 3267 1842 3316 siros

1061 3385 1092 3419 ex
1102 3367 1219 3418 muniruis
1232 3370 1290 3415 natu
1304 3368 1329 3414 et
1340 3363 1376 3414 illi
1387 3364 1542 3424 carissimos,
1559 3369 1587 3415 ut
1597 3365 1629 3416 lle
1644 3379 1705 3430 puce
1720 3370 1744 3417 et
1754 3367 1841 3417 amici-

1062 3474 1097 3522 tia
1110 3472 1218 3534 egerent.
1252 3470 1399 3530 Legnlorum
1418 3471 1502 3517 eutem
1514 3467 1545 3516 nb
1556 3467 1605 3516 illis
1620 3467 1775 3518 delectorum
1788 3469 1841 3519 hec

1061 3577 1129 3626 tuere
1146 3570 1244 3621 uomina
1260 3586 1265 3617 :
1281 3571 1379 3617 Murcus
1392 3568 1529 3627 Minucius,
1546 3572 1683 3618 Postumus
1697 3571 1838 3628 Cominius,

1062 3679 1167 3743 Spurius
1178 3674 1295 3739 Largius,
1304 3673 1409 3722 Publius
1419 3671 1540 3731 Pinarius,
1552 3675 1577 3721 et
1588 3673 1698 3729 Quintus
1708 3673 1839 3738 Sulpicius,

1061 3804 1147 3839 ornnes
1162 3786 1209 3837 riri
1231 3781 1380 3833 consulares.
1417 3780 1466 3837 Qui
1483 3777 1526 3828 ubi
1547 3776 1579 3827 ed
1599 3781 1682 3827 castra
1703 3782 1839 3837 venerunt,

1060 3895 1084 3941 el
1098 3890 1205 3940 Marcius
1217 3900 1303 3937 eorum
1314 3884 1450 3934 adveutum
1460 3879 1582 3943 cognorit,
1595 3879 1685 3930 sedens
1698 3894 1756 3931 cum
1769 3879 1839 3930 nobi-

1062 3995 1163 4045 lissimis
1173 3994 1319 4043 Volscorum
1332 3993 1358 4039 et
1368 3988 1492 4039 sociorum
1501 3986 1526 4035 iu
1536 3999 1565 4036 eo
1578 3985 1632 4036 loco
1640 4024 1646 4044 ,
1655 3986 1723 4037 unde
1734 3987 1843 4037 meruere

1060 4096 1171 4146 exaudiri
1191 4098 1291 4160 possent
1310 4108 1339 4145 eu
1359 4105 1418 4156 qum
1435 4090 1595 4151 dicerentur,
1610 4103 1654 4139 eos
1666 4089 1699 4140 ad
1711 4103 1738 4140 sc
1758 4088 1842 4139 vocari

1060 4207 1141 4256 iussit.
1176 4204 1223 4262 Qui
1237 4216 1313 4267 quum
1327 4201 1429 4266 ingressi
1444 4202 1535 4259 essent,
1549 4197 1685 4257 unicius,
1700 4197 1744 4261 qui
1762 4197 1842 4261 pluri·

1061 4325 1128 4359 ιιιιιιο
1145 4310 1168 4358 iu
1179 4325 1224 4359 suu
1236 4308 1367 4358 ‹unsirlulu
1389 4305 1444 4354 eius
1466 4316 1555 4352 caussa
1578 4300 1758 4357 introiereunt
1777 4299 1841 4362 plebi

1061 4409 1276 4458 veliementissirue
1295 4407 1443 4456 universalius
1465 4401 1565 4463 lueret,
1580 4414 1685 4451 exorsus
1698 4399 1841 4450 luriusrnodi

1061 4514 1147 4562 lrulmil
1169 4513 1314 4561 ‹trelliuueun

1091 4726 1179 4773 xilll.
1202 4742 1213 4769 ι
1226 4727 1317 4773 (lriines
1329 4724 1430 4783 seimus,
1445 4722 1531 4780 Murci,
1547 4726 1573 4770 te
1590 4719 1708 4770 iniuriae
1722 4717 1792 4781 plebe
1802 4715 1842 4764 ul·

1062 4834 1072 4853 n
1091 4811 1193 4863 sectum.
1211 4815 1253 4877 qui
1267 4814 1347 4877 turpis
1364 4813 1475 4863 criminis
1493 4825 1549 4862 reus
1560 4808 1644 4859 laetus
1663 4807 1741 4872 petrin
1753 4803 1842 4868 pulsus

1061 4922 1072 4944 ι
1088 4900 1178 4954 fueris:
1195 4917 1239 4951 uec
1257 4907 1385 4966 putemus.
1405 4901 1547 4951 mirandum
1560 4913 1626 4955 esse.
1643 4895 1709 4962 quoii
1729 4892 1841 4954 indigne·

1063 5009 1075 5032 «
1092 4989 1140 5039 ris.
1159 4993 1180 5039 et
1197 4990 1260 5039 hune
1278 4989 1408 5037 adversum
1424 4987 1548 5036 fortunam
1568 4978 1654 5049 iuiuuo
1670 4979 1751 5028 unium
1762 4976 1840 5028 fieres.

1061 5098 1073 5121 ι
1089 5081 1140 5129 lloc
1152 5081 1217 5129 enini
1237 5078 1359 5127 eoriiruuui
1373 5081 1469 5124 nulium
1487 5076 1539 5139 lege
1561 5073 1627 5138 upull
1644 5082 1729 5120 omues
1744 5071 1784 5117 est
1797 5081 1837 5118 re·

1061 5189 1072 5210 υ
1088 5170 1241 5232 ceptum‚ul,
1268 5166 1310 5228 qui
1326 5165 1442 5214 iniurium
1455 5168 1492 5214 est
1506 5179 1607 5228 passus,
1627 5161 1648 5212 ei
1665 5162 1698 5211 sit
1712 5159 1834 5218 intensus,
