3772 5828
200 316 260 375 530

200 443 361 526 τραπόμενοι
378 444 424 502 καὶ
447 440 627 522 ἀναψύχοντες
649 443 680 500 τὀ
698 443 791 501 λοιπόν
815 445 839 503 οί
859 444 981 513 πλείους,

201 534 286 605 καλὴν
301 532 385 611 ἀγραν
402 535 499 591 ἐκτῶν
523 534 619 611 χειρῶν
641 531 824 611 ἀρηρέθησαν.
868 529 915 596 Ὡς
930 529 982 608 γδρ

202 624 357 698 ἀπηγγέλθη
371 619 473 701 θατέρῳ)
484 623 537 678 τῶν
557 620 664 679 ὑπάτων
677 624 694 691 ἡ
708 623 756 678 τοῦ
775 618 893 700 χάρακος
907 619 981 677 ἀλω-

203 732 258 776 σις,
276 708 401 785 ἠπείγετο
416 708 463 766 σύν
478 715 531 773 τοῖς
545 708 661 786 ἀρίστοις
671 707 775 767 ἱππέων
785 730 814 765 τι
827 708 873 767 καί
883 710 982 776 πεζῶν.

161 810 173 846 '³
205 796 257 857 Καὶ
267 796 291 856 οἱ
305 795 438 875 Τυρρηνοὶ
452 794 577 872 μαθόντες
592 796 670 854 αὐτόν
687 797 795 855 ἐπιόντα
808 795 983 874 περιεστερά·

202 908 289 945 νωσαν
306 885 352 945 τὸν
366 885 490 964 χάρακα,
506 885 581 962 μάχη
594 906 623 943 τε
638 888 725 945 αὐτῶν
736 884 836 961 γίνεται
853 888 982 965 καρτερά,

201 976 254 1033 τῶν
275 972 322 1050 μίν
337 973 525 1034 ἀνασώσασθαι
545 972 711 1052 βουλομένων
727 976 761 1032 τὰ
780 972 911 1053 σφέτερα,
926 975 980 1032 τῶν

202 1064 230 1125 δέ
245 1063 283 1139 μὴ
298 1064 414 1123 πασσυδί
428 1065 608 1143 διαρθαρῶσιν
624 1062 730 1128 ἁλόντος
744 1067 791 1121 τοῦ
805 1061 924 1141 χάρακος
937 1063 985 1121 δε·

201 1154 336 1213 δοικότων.
383 1151 486 1232 Χρόνου
507 1153 534 1210 δὲ
549 1152 685 1229 γινομένου
707 1152 846 1224 πλείονος,
871 1152 983 1212 καὶτῶν

150 1258 175 1297 to
200 1245 345 1323 Τυρρηνῶν
360 1244 446 1300 πολλὰ
469 1239 710 1298 πλεονεκτούντων·
725 1230 757 1311 ἦν
777 1238 829 1318 γάρ
844 1241 933 1307 αὐτοῖς
955 1239 983 1309 ἐξ

202 1330 358 1411 ὑπερδεξίων
370 1352 398 1386 τε
412 1327 518 1407 χωρίων
533 1327 578 1385 καί
592 1327 655 1405 πρός
666 1326 818 1399 ἀνθρώπους
831 1329 866 1387 δι’
882 1328 985 1410 ἡμέρας

201 1420 264 1494 όλης
279 1418 446 1495 κεκμηκότας
462 1421 478 1487 ἡ
498 1415 589 1495 μάχη·
604 1418 683 1483 Τὶτος
697 1417 804 1483 Σίκκιος
822 1416 982 1498 δπρεσόευ-

202 1511 249 1581 τὴς
274 1508 319 1565 καί
339 1504 545 1581 ἀντιστράτηγος
567 1504 760 1580 κοινωσάμενος
773 1506 811 1584 τῷ
828 1506 922 1587 ὑπάτῳ
936 1504 984 1575 τὴν

204 1600 283 1655 αὑτοῦ
307 1592 424 1651 διάνοιαν
447 1592 478 1651 εδ
493 1592 669 1663 ἀνακλητικὸν
687 1590 808 1652 ἐκέλευσε
828 1594 984 1672 σημαίνειν,

151 1702 175 1741 tn
205 1684 250 1742 καί
273 1684 331 1741 καθ’
357 1678 385 1737 ἓν
408 1678 528 1746 ἅπαντας
551 1680 705 1758 γενομένους
733 1689 783 1761 μιᾷ
805 1680 984 1761 προσύάλλιιν

204 1773 306 1852 πλευράι
331 1774 376 1827 τού
391 1767 526 1848 χάρακος,
548 1768 633 1828 καθ’ίθ
652 1770 819 1847 μάλιστατὸ
840 1772 937 1851 χωρίον
951 1764 985 1843 ἦν

204 1855 425 1936 ι’πιμαχώτατον·
442 1853 476 1913 τθι
498 1856 526 1914 δέ
549 1853 620 1914 κατά
640 1857 686 1923 τάς
712 1856 798 1925 πύλας
822 1858 894 1916 εἴασε
916 1861 983 1937 μέρη

203 1946 271 2005 κατά
286 1969 344 2005 τινα
366 1944 455 2004 εἰκότα
475 1947 618 2023 λογισμὸν,
640 1945 667 2011 ὃς
681 1950 729 2005 οὐκ
744 1945 874 2025 ἐψεύσατο
889 1948 983 2020 αὐτόν,

202 2038 241 2093 ὅτι
259 2035 425 2106 σωθήσεσθαι
450 2031 498 2111 μίν
521 2034 677 2100 ἐλπίσαντες
699 2037 722 2094 οἱ
743 2034 876 2114 Τυρρηνοὶ
896 2035 982 2110 μεθή-

148 2131 175 2170 20
201 2146 291 2182 σονται
306 2128 351 2181 τοῦ
368 2123 500 2201 χάρακος·
514 2124 541 2181 ἐν
557 2124 705 2201 ἀπογνώσει
721 2120 748 2181 δὲ
763 2123 854 2181 τούτου
868 2124 980 2201 γενόμε-

200 2234 258 2283 νοι,
276 2210 434 2275 κυκλώσεώς
448 2233 477 2268 τε
498 2212 626 2270 πάντοθεν
641 2210 693 2270 tut
707 2212 760 2268 τῶν
775 2209 911 2286 πολεμίων
933 2234 982 2289 γε·

201 2298 312 2375 νομένης
327 2298 373 2356 καὶ
388 2298 511 2374 οὐδεμιᾶς
525 2298 699 2380 ὑπαρχούσης
713 2298 820 2371 έξύδου,
838 2301 983 2378 ἀναγκαῖον

201 2384 287 2455 όξουσι
302 2388 331 2445 τὸ
346 2387 485 2464 εὔτολμον.
540 2389 689 2466 Γενομένης
713 2388 740 2447 δί
760 2387 820 2448 καθ’
836 2388 863 2447 έν
884 2390 981 2471 χωρίον

201 2478 248 2547 τῆς
262 2473 428 2555 προσόολῆς,
447 2475 535 2534 οὐκέτι
546 2476 611 2555 πρὸς
625 2476 711 2546 ἀλκὴν
722 2477 746 2535 οἱ
760 2477 894 2557 Τυρρηνοί
907 2478 983 2558 ε’τρά-

148 2587 175 2626 κο
202 2586 300 2639 ποντο,
320 2562 381 2623 ἀλλ’
404 2564 551 2633 ἀνοίξαντες
573 2564 621 2631 τὰς
638 2565 725 2633 πύλας
747 2566 791 2624 ἀπὶ
817 2565 860 2625 τὸν
881 2569 982 2626 ἑαυτῶν

201 2652 361 2721 ἀνεσώζοντο
374 2651 494 2731 χάρακα.

242 2744 322 2801 ΧΙΙΙ.
345 2740 380 2801 ‘0
393 2744 416 2801 δ’
432 2742 548 2814 ὕπατος,
568 2742 659 2815 ἐπειδὴ
672 2742 702 2801 τύ
717 2743 800 2803 δεινὸν
820 2742 977 2814 ἀπεώσατο,

201 2826 362 2906 παρεόοηθει
375 2831 456 2890 πάλιν
469 2838 525 2898 τοῖς
539 2833 566 2890 ἐν
581 2835 620 2910 τῷ
634 2830 726 2912 πεδίῳ.
769 2831 845 2904 siro
867 2833 982 2912 μεγίστη

200 2917 307 2995 λέγεται
326 2922 378 2978 τῶν
401 2922 452 2998 πρὸ
477 2922 558 2990 αὐτῆς
579 2920 700 2995 γενέσθαι
724 2920 871 2997 Ῥωμαίοις
894 2921 981 3000 μάχη,

147 3017 176 3056 ³0
200 3008 295 3080 πλήθει
311 3031 339 3067 τε
364 3006 507 3087 ἀνθρώπων
521 3008 566 3067 καὶ
581 3009 661 3082 μήκει
685 3008 780 3086 χρόνου
801 3008 847 3066 καί
868 3013 907 3089 τῷ
929 3014 979 3088 ἀγ-

200 3098 336 3179 χιστρόφῳ
352 3101 399 3167 τῆς
424 3097 517 3175 τύχης.
561 3097 656 3155 Αὐτῶν
673 3096 720 3172 μέν
736 3095 788 3174 γάρ
808 3099 860 3152 τῶν
884 3099 914 3154 ἐκ
934 3104 982 3169 τῆς

200 3188 301 3253 πόλεως
317 3185 460 3261 Ῥωμαίων
476 3190 492 3255 ἡ
507 3182 636 3263 κρατίστη
651 3207 680 3241 τε
696 3183 742 3242 καὶ
758 3183 894 3249 ἐπίλεκτος
907 3185 981 3262 ἀκμὴ

199 3276 343 3354 δισμυρίων
361 3278 478 3350 μάλιστα
488 3276 572 3341 πεζῶν
584 3272 700 3349 ἐγένετο,
712 3273 756 3331 καὶ
768 3276 821 3332 τῶν
837 3296 983 3352 συντεταγ-

200 3366 285 3443 μένων
308 3365 360 3430 τοῖς
384 3363 507 3442 τέτταρσι
531 3361 663 3440 τάγμασιν
680 3363 782 3421 ἱππέοιν
799 3366 867 3437 ὁμοῦ
883 3386 907 3420 τι
933 3387 979 3443 χι-

199 3454 263 3513 λίων
278 3454 324 3512 καί
338 3451 488 3523 διακοσίων,
504 3449 621 3509 ἀποίκων
637 3450 664 3508 δὲ
679 3451 725 3510 καὶ
740 3449 890 3529 συμμάχων
904 3451 981 3530 ἑτέρα

200 3542 328 3614 τοσαύτη.
373 3540 472 3620 Χρόνος
498 3540 520 3596 δ’
547 3537 682 3614 ἐμηκύνθη
697 3544 742 3598 τοῦ
765 3541 881 3615 ἀγῶνος,
899 3540 981 3620 όλίγῳ

200 3632 324 3712 πρότερον
348 3633 395 3701 τῆς
422 3627 591 3705 μεσημόρίοις
616 3627 761 3708 ἀρξάμενος
782 3634 862 3708 μέχρι
884 3628 981 3697 δύσεως

200 3720 286 3793 ἡλίου.
329 3718 373 3778 'si
399 3719 425 3776 δὲ
440 3721 487 3789 τῆς
510 3716 594 3795 τύχης
617 3718 698 3798 μέχρι
723 3720 822 3777 πολλοῦ
844 3719 907 3797 τῇδε
932 3720 979 3778 καί

199 3814 262 3889 τῇδε
286 3810 371 3877 νίκαις
384 3831 413 3867 τε
430 3808 475 3867 καί
496 3806 588 3879 ἥτταις
606 3807 822 3885 ταλαντευόμενα
838 3807 978 3883 διέμεινεν.

200 3897 321 3959 Ὑπάτου
334 3899 361 3956 δέ
375 3898 483 3963 θάνατος
500 3894 660 3975 ἐγένετοκαὶ
676 3896 839 3974 πρεσόευτοῦ
856 3897 895 3963 δὶς
909 3904 980 3957 iuu-

200 3988 356 4059 τεύσαντος,
373 3988 419 4045 καί
435 3986 521 4045 ἀλλων
537 3984 643 4044 πολλῶν
656 3984 793 4062 ἡγεμόνων
805 3982 850 4041 καὶ
866 3983 978 4064 ταξιάρ-

200 4097 256 4155 χων
271 4075 316 4132 καὶ
330 4078 472 4154 λοχαγῶν,
488 4075 556 4133 όσων
571 4073 646 4133 οὔπω
657 4072 794 4152 πρότερον.
837 4074 876 4132 Τὸ
890 4074 980 4149 μέντοι

201 4161 296 4243 κράτος
310 4167 355 4218 τοῦ
369 4166 468 4238 ἀγῶνος
482 4162 567 4222 ε’δόκεε
582 4162 643 4240 περὶ
658 4160 718 4227 τούς
733 4159 884 4237 Ῥωμαίους
899 4186 979 4241 γεγο-

200 4249 285 4321 νέναι,
297 4251 355 4306 κατ’
372 4251 437 4308 ἀλλο
451 4250 498 4327 μὲν
519 4251 609 4322 οὐδὲν,
620 4249 660 4308 δτι
676 4251 703 4308 δὲ
724 4254 758 4330 τῇ
771 4249 881 4330 ἐπιούσῃ
904 4253 978 4311 νυκτί

161 4391 165 4401 .
201 4337 391 4403 καταλιπόντες
405 4340 448 4397 τὀν
460 4341 568 4419 χάρακα
582 4345 606 4399 οἱ
621 4340 753 4420 Τυρρηνοί
769 4338 916 4410 ἀνέζευξαν.
934 4345 961 4402 Τ
962 4368 978 4423 η

201 4431 225 4486 δ’
240 4428 298 4497 ἑξῆς
313 4429 400 4505 ἡμέρα
415 4428 480 4507 πρὸς
508 4428 630 4509 ἀρπαγάς
654 4434 701 4499 τῆς
724 4432 905 4509 ἐκλειφθείσης
928 4432 978 4490 ύπδ

200 4520 251 4575 τῶν
267 4519 410 4593 Τυρρηνῶν
424 4517 596 4596 παρεμόολῆς
608 4520 632 4578 ot
647 4517 781 4592 Ῥωμαῖοι
796 4521 976 4598 τραπόμενοι,

200 4606 245 4665 καὶ
260 4603 346 4683 ταρδις
366 4605 541 4681 ποιησάμενοι
556 4611 608 4665 τῶν
631 4610 780 4689 σφετέρων,
802 4611 919 4680 ἀπῆλθον
943 4611 979 4674 εἷς

201 4696 244 4756 τδν
260 4697 361 4754 ἑαυτῶν
378 4693 496 4773 χάρακα.
541 4693 614 4757 Ἐκεῖ
631 4698 654 4755 δ’
673 4697 815 4771 ἐκκλησίαν
830 4696 978 4773 ποιησάμε·

200 4809 256 4861 ναι,
284 4791 337 4850 τοῖς
365 4782 571 4863 ἀγωνισαμένοις
597 4787 727 4866 λαμπρῶς
760 4788 806 4855 τάς
833 4786 979 4865 ἀριστείους

202 4875 332 4934 ἀπέδοσαν
356 4875 449 4950 τιμάς,
463 4871 562 4951 πρώτῳ
585 4872 632 4949 μὲν
661 4875 781 4935 Καίσωνι
800 4875 917 4956 Φαόίῳ,
940 4878 978 4951 τῷ

201 4966 245 5017 τοῦ
260 4963 360 5022 ύπάτου
373 4965 490 5043 ἀδελφῷ,
504 4961 608 5040 μεγάλα
619 4963 665 5022 καί
676 4963 818 5040 θαυμαστὰ
829 4964 894 5043 ἔργα
909 4968 978 5023 ἀπο-

201 5045 356 5131 δειξαμένῳ·
379 5053 492 5133 δευτέρῳ
515 5050 543 5109 δέ
563 5056 600 5129 τῷ
625 5053 740 5131 Σικκίῳ,
762 5057 801 5129 τῷ
829 5051 977 5131 διαπραξα-

201 5132 272 5218 μένῳ
288 5137 331 5195 τύν
357 5139 463 5220 χάρακα
486 5143 684 5199 ἀνασεσῶσθαι·
713 5140 793 5220 τρίτῳ
812 5141 840 5199 δθ
870 5142 975 5222 Μάρκῳ

733 310 900 371 mouisti
921 308 1296 374 HALICARNASSENSIS

1037 452 1166 517 equitibus
1179 466 1208 502 ne
1221 452 1347 517 peditibus
1361 453 1478 505 accurrit.
1512 456 1615 507 tttrusei
1631 470 1707 517 roro,
1726 462 1829 525 cognitio

1036 561 1090 613 eins
1110 562 1235 625 salumin,
1249 563 1345 614 vultum
1361 564 1471 615 militnm
1489 578 1583 619 nerone
1597 567 1732 621 einxemnt
1751 572 1828 623 :ibi-

1036 685 1086 738 qne
1097 671 1217 723 intereos
1235 686 1293 723 acre
1313 650 1426 739 proelium
1446 675 1624 737 committitur,
1644 680 1765 732 Romanis
1785 696 1829 733 res

1037 794 1096 831 suas
1111 792 1256 845 recuperare
1269 781 1418 842 volentibus,
1432 782 1484 833 titis
1498 798 1575 847 vero,
1590 800 1623 839 ne
1640 790 1723 853 captis
1733 794 1827 843 castris

1037 892 1165 944 occidione
1183 892 1334 952 delerentur,
1349 894 1505 946 timentibus.
1541 896 1617 955 Quod
1634 899 1755 963 proelinrn
1768 916 1828 953 cunr

1038 1002 1135 1055 diutius
1148 1004 1345 1067 protraheretur,
1364 1008 1389 1055 et
1402 1007 1566 1058 Etruseorum
1579 1009 1671 1061 metior
1680 1017 1751 1063 esset
1766 1028 1828 1065 eon·

1038 1115 1191 1181 ditio,(neuu
1211 1115 1243 1165 ste
1262 1113 1389 1179 superiore
1409 1116 1564 1181 pugmbnnt,
1585 1118 1667 1184 idque
1678 1126 1770 1173 eontra
1781 1123 1827 1175 ho·

1039 1224 1118 1275 mines
1131 1223 1211 1289 proelii
1228 1222 1312 1274 laboro
1334 1237 1378 1289 per
1397 1226 1480 1276 totum
1498 1226 1672 1293 dienriessos)
1686 1233 1716 1282 T.
1729 1232 1826 1284 Siccius

1039 1334 1136 1399 legatus
1144 1339 1168 1384 et
1182 1334 1321 1384 consularis
1330 1347 1389 1384 eum
1400 1335 1501 1387 oonsute
1519 1338 1710 1391 communicato
1722 1344 1825 1394 oonsilio

1039 1444 1112 1495 iussit
1133 1443 1242 1507 receptui
1267 1442 1338 1503 sani,
1357 1445 1383 1493 et
1406 1442 1438 1493 ab
1451 1442 1568 1494 omnibns
1579 1442 1606 1494 in
1627 1459 1710 1497 unum
1732 1449 1825 1499 coactis

1040 1568 1118 1605 unum
1139 1556 1238 1603 tanturn
1258 1555 1399 1603 castrorum
1415 1551 1484 1604 lutus
1500 1554 1660 1619 oppugnari,
1680 1572 1733 1622 qua
1756 1563 1824 1623 parte

1040 1661 1197 1725 potissimum
1220 1660 1291 1711 loeus
1308 1659 1444 1725 oppugnari
1462 1662 1571 1723 poterat.
1603 1664 1697 1714 Portas
1710 1678 1770 1716 vero
1781 1680 1824 1715 νιν·

1039 1771 1138 1822 risimiti
1152 1769 1261 1835 quadarn
1274 1768 1369 1819 ratione
1381 1767 1476 1830 omisi,
1489 1780 1550 1832 queo
1562 1781 1624 1819 eunt
1635 1770 1740 1823 minime
1754 1771 1821 1823 tetel-

1040 1881 1077 1937 tit,
1095 1879 1188 1929 scilieet
1211 1892 1241 1929 oo
1263 1890 1303 1927 ros
1324 1890 1367 1927 eos
1388 1889 1432 1940 spe
1451 1875 1542 1927 salutis
1560 1881 1645 1929 eastra
1670 1879 1822 1933 deserturos.

1039 1990 1113 2049 Quod
1125 1989 1147 2039 si
1159 1988 1227 2038 deea
1238 1987 1425 2052 desperassent,
1440 1991 1466 2037 et
1484 1986 1517 2037 nb
1525 1988 1643 2040 hostibus
1652 1990 1767 2057 undique
1777 1993 1826 2043 cir-

1038 2097 1149 2150 cumdati
1158 2099 1252 2156 essent,
1266 2096 1413 2160 nullumque
1425 2095 1521 2146 exitum
1534 2096 1667 2159 haberent,
1680 2113 1726 2149 eos
1735 2114 1825 2152 neces¹

1038 2210 1111 2259 situte
1124 2210 1223 2258 coaetos
1239 2210 1349 2257 extrema
1373 2219 1487 2258 ausuros.
1526 2210 1607 2266 Qun
1625 2208 1705 2270 igitur
1717 2209 1751 2259 ab
1769 2224 1820 2260 una

1037 2325 1107 2387 parte
1124 2320 1299 2370 institueretur
1319 2320 1493 2383 oppugnatio,
1511 2318 1606 2371 Etrusci
1626 2317 1695 2369 hand
1709 2320 1819 2385 amptius

1037 2453 1064 2490 se
1085 2438 1118 2489 ud
1134 2436 1299 2489 resistendum
1316 2437 1506 2494 converterunt,
1521 2434 1566 2489 seu
1586 2436 1679 2501 apertis
1695 2437 1778 2503 portis
1793 2438 1822 2489 in

1037 2568 1082 2606 sua
1099 2559 1180 2607 uestro
1192 2568 1219 2606 se
1232 2557 1387 2619 receperunt.

1068 2752 1134 2800 tilii.
1153 2747 1247 2799 consul
1262 2756 1337 2807 vern,
1352 2745 1398 2796 trac
1412 2744 1483 2797 otaete
1494 2745 1617 2813 depulsa,
1631 2761 1724 2799 nursns
1737 2748 1819 2799 subsi-

1035 2851 1077 2901 dio
1088 2850 1157 2901 venit
1170 2850 1215 2911 iis,
1235 2849 1318 2912 quiin
1335 2847 1437 2912 planitie
1456 2850 1537 2899 erant.
1572 2851 1637 2900 tineo
1653 2853 1816 2901 Romanorum

1036 2966 1117 3018 pugna
1131 2952 1210 3002 fertur
1222 2949 1332 3000 omnium
1349 2948 1506 3014 superiorum
1528 2950 1607 3001 tuisse
1624 2951 1747 3009 maxima,
1763 2954 1817 3001 tum

1037 3053 1165 3104 hominum
1177 3051 1350 3110 multitudine,
1365 3054 1420 3101 tum
1439 3051 1621 3112 diuturnitate,
1639 3056 1695 3102 turn
1713 3052 1818 3103 fortunae

1036 3170 1101 3207 nunc
1114 3156 1166 3213 his,
1184 3168 1249 3203 nunc
1261 3154 1310 3202 itlis
1326 3152 1434 3204 inventis
1445 3152 1628 3204 uicissitudine.
1665 3156 1746 3221 ipsius
1754 3155 1818 3206 eninr

1036 3253 1195 3305 validissimo
1231 3251 1422 3317 tectissimtuque
1448 3253 1588 3303 iuventutis
1617 3255 1722 3307 urhanae
1749 3261 1818 3307 erant

1036 3355 1136 3405 cire-iter
1148 3354 1260 3417 pediturn
1276 3354 1364 3415 uiginti
1376 3354 1468 3411 mittin,
1484 3357 1508 3404 et
1520 3369 1579 3405 euru
1593 3356 1634 3406 tris
1646 3359 1748 3423 equrites
1757 3374 1818 3423 ηιια-

1037 3461 1093 3506 tuor
1111 3457 1235 3521 legionum
1248 3468 1309 3514 noc,
1323 3459 1349 3506 et
1366 3456 1509 3506 colonorum
1526 3458 1707 3525 sociorumque
1717 3477 1762 3526 par
1772 3478 1818 3512 nu·

1035 3570 1128 3608 ruerus,
1162 3559 1254 3619 Pugno}
1269 3559 1353 3604 nutem
1377 3554 1476 3605 initium
1499 3554 1594 3606 inettun
1609 3562 1648 3608 ost
1662 3560 1750 3624 pantio
1763 3566 1819 3612 ante

1036 3659 1180 3722 meridiem,
1196 3662 1222 3708 et
1234 3656 1348 3722 proetiuur
1363 3670 1443 3721 nsque
1459 3655 1491 3706 ad
1506 3657 1566 3707 sotis
1579 3672 1698 3711 oceasum
1712 3662 1819 3726 produc-

1037 3766 1090 3812 turn
1103 3764 1149 3810 est.
1183 3761 1363 3808 Fortunarum
1377 3757 1421 3807 diu
1442 3758 1557 3817 nuuvtt,
1580 3760 1656 3810 modo
1673 3763 1723 3813 huo
1744 3764 1816 3815 ruodo

1035 3860 1096 3910 iiiuc
1106 3872 1160 3907 sose
1176 3855 1309 3906 irre-tinente
1329 3855 1441 3905 victorio.
1476 3856 1595 3922 Aiterque
1611 3861 1699 3910 oonsnt
1711 3865 1738 3913 et
1752 3863 1817 3925 lega·

1036 3960 1077 4006 tus
1098 3954 1195 4018 quibis
1212 3955 1368 4003 consulatum
1389 3958 1514 4017 gesserat,
1531 3958 1557 4005 et
1581 3956 1623 4007 elii
1646 3959 1722 4009 mutti
1743 3959 1817 4010 uoces

1032 4050 1124 4100 tribuni
1136 4055 1210 4114 atquo
1221 4053 1389 4115 centuriones,
1404 4061 1463 4121 quot
1477 4071 1604 4122 nunqnam
1617 4064 1700 4119 antea,
1712 4061 1810 4113 cecide-

1032 4151 1099 4196 runt.
1133 4148 1241 4198 Victoria
1261 4154 1341 4200 tauron
1353 4164 1427 4214 pones
1440 4155 1564 4205 itomunos
1581 4156 1712 4208 videbatur
1725 4158 1809 4211 ῐυίεεσ.

1031 4260 1078 4295 ιιυιι
1088 4245 1120 4295 ob
1129 4247 1202 4296 aliurn
1213 4262 1335 4308 euussnm,
1347 4264 1421 4313 quam
1432 4253 1498 4315 quod
1509 4256 1622 4319 sequenti
1633 4260 1704 4306 noete
1714 4254 1812 4306 Etrusci

1031 4342 1135 4392 desertis
1154 4344 1241 4392 castris
1261 4345 1387 4398 abiissent,
1422 4352 1526 4401 Postero
1545 4353 1584 4402 die
1603 4354 1707 4402 Romani
1726 4354 1759 4403 ad
1775 4352 1812 4402 di-

1031 4440 1166 4503 reptionem
1194 4455 1276 4490 rerunt
1304 4444 1335 4492 ni)
1364 4448 1475 4497 Etruscis
1503 4449 1526 4497 in
1555 4451 1642 4499 eastris
1668 4449 1811 4500 roticturnu

1032 4538 1110 4597 versi,
1142 4552 1293 4603 suorumque
1325 4543 1487 4594 cattuso-tuos
1517 4546 1650 4610 sopnttuuo
1677 4546 1810 4602 mandatio,

1031 4649 1058 4684 se
1082 4633 1106 4682 in
1128 4648 1172 4683 suo
1196 4640 1276 4686 castra
1301 4646 1451 4701 receperunt.
1489 4642 1525 4690 ibi
1546 4642 1668 4692 advocatu
1685 4643 1810 4697 concione.

1032 4747 1063 4796 iis
1079 4747 1122 4810 qui
1147 4746 1269 4808 egregiam
1292 4761 1392 4811 operum
1410 4746 1435 4796 in
1457 4760 1539 4810 pugno
1563 4750 1685 4796 iterarunt
1709 4749 1816 4799 honores

1032 4844 1188 4896 tristitudiuis
1210 4860 1268 4909 orgo
1288 4846 1449 4896 reddiderunt
1472 4865 1478 4896 ι
1504 4847 1584 4910 primo
1599 4847 1697 4898 Ceesoni
1720 4849 1810 4903 Fabio,

1032 4948 1141 4998 consutis
1152 4946 1239 5005 fratri,
1254 4947 1321 5012 quod
1336 4962 1423 5011 rnngnn
1437 4952 1462 4998 et
1476 4948 1622 5000 nuntiantia
1637 4949 1746 5000 facinora
1756 4949 1812 4999 esti·

1032 5050 1120 5110 θυννὶς
1137 5049 1226 5100 deindo
1247 5053 1275 5099 T.
1292 5050 1385 5108 Sieoio,
1406 5050 1478 5100 euius
1492 5051 1596 5101 oonsilio
1610 5058 1693 5102 nistra
1713 5054 1812 5116 recepta

1031 5156 1119 5211 στανος
1136 5152 1209 5202 tertio
1224 5154 1256 5201 M.
1276 5150 1402 5202 Flauoleio
1417 5152 1557 5217 primipilo,
1574 5156 1630 5204 tum
1645 5154 1679 5205 ob
1693 5154 1748 5207 eius
1759 5155 1813 5207 ius-
