3772 5828
187 333 241 393 iil
704 323 871 387 DlONYSll
892 325 1268 412 fliiicARNAssimsIs

183 464 310 542 λαγμένοι
333 461 378 521 καί
401 465 451 520 τῶν
479 460 547 520 κοτίι
575 460 652 518 πολιν
671 459 836 538 πραγμάτων
859 458 958 537 σχολὴν

182 553 285 624 ’πολλὴν
305 552 419 632 ἄγοντες,
437 550 529 629 ἀργίας
543 572 571 606 τε
587 548 631 607 καὶ
648 547 770 627 βλακείας
784 545 831 604 σὺν
846 547 960 626 αἰσχύνη

185 642 296 706 τίνοντες
320 640 410 710 δίκας,
430 637 565 719 αὐτουργοὶ
588 636 682 701 πάντες
703 635 831 713 ἐγίνοντο,
846 635 891 692 καί
915 634 960 692 τὸν

185 729 216 785 ἐκ
233 732 283 808 γῆς
297 730 408 786 πλοῦτον
423 725 547 784 ἁπάντων
567 724 629 784 ὄντα
653 723 773 783 πλούτων
795 722 959 781 δικαιότατον

145 833 157 870 ι
186 820 232 888 τῆς
247 818 438 896 στρατιωτικῆς
459 812 505 872 καί
525 814 573 872 οὐκ
587 813 698 892 ἐχούσης
713 812 743 870 τὸ
758 809 864 889 βέύαιον
884 812 961 868 εὐπο-

186 905 241 985 ρίας
260 902 417 982 γλυκύτερον
441 901 564 962 ἐτίθεντο.
614 903 663 980 Τῷ
680 900 707 957 δέ
728 899 808 978 Νόμα
824 902 915 977 περιῆν
931 899 961 956 ἐκ

185 992 283 1051 τούτοιν
302 993 433 1073 φιλεῖσθαι
457 988 505 1068 μὲν
529 990 580 1049 ὑπὸ
594 994 646 1048 τῶν
669 986 839 1068 ἀρχομένων,
868 985 961 1056 ζηλοῦ-

184 1085 247 1138 σθαι
272 1081 297 1137 δ’
316 1078 366 1136 ὑπὸ
387 1081 438 1136 τῶν
461 1078 624 1157 περιοίκων,
651 1075 858 1154 μνημονεύεσθαι
873 1073 896 1130 δ’
912 1071 961 1131 ini

183 1171 234 1226 τῶν
249 1165 448 1246 ἐπιγινομένων·
472 1166 504 1223 δι’
530 1155 566 1223 ὧν
586 1164 645 1224 οὔτε
666 1163 756 1230 στάσις
772 1162 896 1243 έμφύλιυς
912 1158 961 1233 τὴν

131 1270 155 1308 m
182 1256 319 1327 πολιτικὴν
343 1256 433 1314 ἔλυσεν
453 1250 592 1329 ὁμόνοιαν,
614 1252 674 1312 οὔτε
692 1252 808 1326 πόλεμος
822 1247 961 1321 ἀλλοεθνὴς

183 1347 213 1403 ἐκ
226 1349 277 1404 τῶν
292 1349 442 1424 κρατίστων
453 1342 498 1400 καί
510 1341 737 1419 θαυμασιωτάτων
752 1339 799 1410 τὴν
814 1339 889 1396 πιθιν
903 1339 960 1396 ἔπι-

115 1428 119 1453 ¹
181 1433 355 1510 τηδευμάτων
385 1432 497 1503 ἐκίνησε.
546 1434 677 1490 Τοσοῦτον
706 1428 756 1509 γάρ
788 1425 907 1504 ἀπέσχον
936 1427 960 1484 οί

40 1518 42 1523 ’
73 1533 76 1539 ’
181 1523 309 1601 περίοικοι
327 1520 375 1592 τῆν
392 1520 525 1591 ἀπόλεμον
541 1519 656 1598 ἡσυχίαν
679 1517 822 1596 Ῥωμαίων
838 1511 959 1595 ἀφορμὴν

181 1614 229 1682 τῆς
251 1612 311 1668 κατ’
329 1613 414 1669 αὐτῶν
430 1608 568 1673 ἐπιθέσεως
591 1606 752 1678 ὑπολαύεῖν,
778 1603 846 1663 ὥστε
870 1600 916 1660 καί
936 1603 961 1659 εί

129 1709 154 1747 ¹⁵
182 1721 221 1765 τις
242 1701 330 1764 αὐτοῖς
353 1696 417 1777 πρὸς
443 1695 570 1768 ἀλλήλους
601 1694 713 1768 συνέστη
741 1693 854 1769 πόλεμος
885 1692 959 1749 διαλ-

181 1788 316 1866 λακτῆρας
346 1787 479 1844 ἀποιούντο
504 1782 672 1859 Ῥωμαίους,
702 1780 747 1840 καί
768 1779 812 1839 inl
838 1779 959 1857 διαιτητῇ

182 1873 262 1955 Νόμᾳ
284 1875 331 1941 τὰς
351 1872 445 1954 ἔχθρας
459 1872 571 1932 διαλύειν
591 1870 689 1941 ἠξίουν.
735 1872 837 1930 Τοῦτον
853 1868 900 1926 οὒκ
927 1865 958 1924 ἀν

183 1962 351 2042 αἰσχυνθείην
369 1961 421 2040 ἐγὼ
442 1962 486 2021 τὸν
508 1960 590 2040 ἄνδρα
602 1962 653 2018 τῶν
677 1962 719 2019 ἀπ’
735 1955 885 2035 εὐδαιμονίᾳ
900 1956 958 2013 δια-

185 2051 330 2122 θοηθίντων
346 2053 371 2109 ἐν
388 2060 441 2116 τοῖς
465 2051 579 2130 πρώτοις
593 2050 776 2126 καταριθμεῖν.
822 2043 916 2109 Γίνους
929 2067 958 2102 τε

127 2163 153 2200 ιο
180 2140 230 2221 γὰρ
249 2139 295 2218 ἔφυ
316 2139 467 2219 βασιλείου,
497 2136 544 2197 καί
568 2140 669 2216 μορφῆς
693 2133 831 2203 ἀπήλαυσε
855 2132 956 2211 βασιλι·

181 2233 244 2299 κῆς,
276 2226 399 2285 παιδείαν
431 2229 455 2283 τ’
481 2226 510 2285 ού
539 2223 585 2294 τὴν
614 2221 674 2301 περὶ
698 2220 796 2299 λόγους
826 2220 957 2299 ἄχρηστον

184 2317 312 2390 ῆοκησιν,
330 2317 389 2374 ἀλλ’
404 2315 430 2382 ἐξ
451 2307 484 2387 ῆς
500 2312 616 2373 εὗσεθεῖν
638 2312 719 2387 ἔμαθε
734 2307 781 2369 καί
803 2305 850 2373 τάς
874 2306 957 2372 ἄλλας

182 2403 342 2474 ἐπιτηδεύειν
366 2405 469 2483 ἀρετάς.
510 2400 669 2480 Ἱίγεμονίαν
694 2395 721 2456 δὲ
742 2396 789 2468 τὴν
812 2395 956 2473 Ῥωμαίων

182 2491 347 2572 παραλαύεῐν
371 2492 469 2565 ἠξιώθη
484 2494 539 2559 νεός
552 2489 602 2564 ὢν,
618 2486 688 2547 κατὰ
705 2485 779 2552 κλέος
804 2487 897 2564 ἀρετῆς
911 2482 957 2541 ὑπ’

127 2610 153 2649 2⁶
182 2581 267 2639 αὐτῶν
292 2583 433 2652 ἐπίκλητος
448 2581 555 2661 ἀχθεὶς,
582 2576 628 2637 καί
645 2576 774 2635 διετέλεσε
796 2570 957 2647 πειθομένοις

182 2665 288 2725 ἅπαντα
312 2669 356 2727 τὸν
372 2669 428 2746 βίον
448 2678 501 2734 τοῖς
520 2665 676 2745 ἀρχομένοις
692 2661 839 2742 χρώμενος·
855 2658 958 2732 ἡλικίας

183 2754 205 2813 δ’
226 2757 269 2814 ε’πὶ
294 2759 420 2835 μήκιστον
438 2756 535 2828 ἤλασεν
563 2752 704 2831 ὁλόκληρος
738 2748 810 2809 οὐδὲν
835 2747 885 2805 ὑπὸ
912 2749 958 2816 τῆς

180 2843 264 2923 τύχης
285 2845 429 2914 κακωθείς,
450 2841 496 2900 καὶ
520 2840 636 2899 θανάτων
651 2837 694 2896 τὸν
710 2839 804 2917 ῥᾷστον
822 2834 958 2904 ἐτελεύτη-

182 2955 226 2991 σεν
256 2935 306 2993 ὑπὸ
330 2932 416 3012 γήρως
446 2930 600 3008 μαρανθείς,
628 2927 718 3003 θμοίου
750 2921 958 3001 παραμείναντος

126 3046 154 3086 το
183 3025 254 3100 αὐτῷ
270 3030 316 3082 τοῦ
332 3019 559 3099 συγκληρωθέντος
583 3017 609 3084 ἐξ
626 3018 709 3094 ἀρχῆς
729 3011 849 3088 δαίμονος
865 3008 913 3074 ἕως
932 3006 958 3075 ἐξ

183 3109 326 3190 ἀνθρώπων
345 3111 494 3192 ἠφανίσθη,
522 3104 620 3183 βιώσας
635 3104 682 3180 μὲν
715 3098 781 3179 ὑπὲρ
803 3096 957 3174 ὀγδοήκοντ’

182 3199 244 3270 ἔτη,
267 3197 424 3277 βασιλεύσας
443 3193 470 3254 δὲ
489 3194 549 3271 τρία
574 3188 620 3250 καί
643 3186 853 3267 τετταράκοντα·
866 3182 958 3262 γενεδιν

184 3285 212 3346 δὲ
228 3288 402 3362 καταλιπὼν,
425 3289 459 3351 ὡς
476 3283 522 3359 μὲν
539 3285 561 3341 οἱ
586 3277 691 3344 πλείους
714 3276 870 3356 γράφουσιν,
889 3269 958 3338 υίοίις

181 3377 308 3457 τέτταρας
334 3378 379 3435 καί
402 3372 532 3451 θυγατέοα
554 3367 633 3445 μίαν,
662 3356 699 3424 ὦν
724 3363 763 3422 έτι
788 3362 899 3429 σώζεται
923 3359 957 3418 τίι

127 3495 153 3534 as,
181 3469 266 3549 γένη,
282 3470 316 3532 ὡς
343 3463 370 3522 δέ
392 3461 499 3526 Γέλλιος
513 3462 605 3522 Γναῖος
623 3456 737 3532 ἱστορεῖ,
756 3449 883 3528 θυγατέρα
904 3447 956 3525 μύ-

180 3580 243 3632 νην,
269 3552 295 3620 ἐξ
324 3545 354 3623 ἧς
376 3551 477 3630 ἐγένετο
504 3545 598 3626 Ἄγκος
619 3544 740 3622 Μάρκιος
769 3542 782 3597 θ
804 3538 889 3615 τρίτος
908 3537 955 3594 ἀπ’

182 3644 280 3702 ἐκείνου
306 3641 443 3717 γενόμενος
467 3633 610 3713 Ῥωμαίων
642 3629 774 3711 βασιλεύς.
820 3624 956 3695 Τελευτῆ-

185 3753 259 3788 σαντι
284 3730 306 3788 δ’
328 3731 399 3809 αὐτῷ
423 3727 514 3792 πένθος
543 3723 612 3801 μέγα
628 3719 755 3801 προύθετο
778 3715 896 3787 ἡπόλις,
912 3711 957 3770 καὶ

182 3816 265 3896 ταφάς
295 3816 439 3887 ἐποιήσατο
461 3811 664 3893 λαμπροτάτας·
691 3815 774 3865 κεῖται
806 3803 830 3861 δ’
858 3800 957 3859 ἒνἸα-

126 3933 153 3971 ιο
182 3906 262 3985 νίκλῳ
285 3906 367 3985 πέραν
384 3911 429 3964 τοῦ
443 3903 569 3983 Τεθίριος
596 3901 727 3973 ποταμοῦ.
767 3893 820 3952 Καί
844 3887 877 3946 τδι
909 3887 957 3963 μὲν

181 3992 241 4071 περί
257 3993 408 4068 Πομπιλίου
432 3992 511 4067 Νόμα
526 3992 642 4047 τοσαῦτα
659 3979 853 4060 παρελάβομεν.

1016 465 1130 518 colendos
1151 468 1304 520 ιοοεοάοθιιι.
1327 463 1546 533 Ιιεοιιοθεθοτιιιιι
1569 474 1690 527 immunes
1710 483 1736 529 el
1757 477 1789 528 ab

1014 564 1237 626 omnibusnegeliis
1245 564 1345 615 urbanis
1353 567 1579 631 penitusmemies,
1588 572 1789 635 eumpissritiaeel

1014 659 1117 724 ignavie
1134 673 1218 725 poenas
1234 674 1291 727 enm
1311 661 1431 712 dedecore
1444 663 1543 724 darent.
1561 679 1646 717 omnes
1659 667 1717 718 iacti
1729 675 1788 720 sunt

1014 757 1138 821 emmim
1150 762 1177 808 el
1189 763 1262 808 terre
1274 758 1390 820 divitias,
1411 773 1468 822 qum
1478 760 1588 810 omnium
1606 765 1664 811 sunl
1675 764 1785 815 iuelissi-

1013 868 1070 916 mm,
1083 855 1183 907 militari
1203 859 1228 906 el
1245 857 1339 905 incerte
1350 856 1465 907 felicitate
1484 857 1639 909 iucundiores
1656 873 1710 910 esse
1723 862 1785 911 imii-

1014 949 1112 1001 cabenl.
1146 949 1206 1001 inde
1232 950 1324 1001 θεοιιιιιι
1344 953 1383 1002 εει
1408 954 1437 1001 ul
1459 954 1564 1002 Numam
1588 954 1681 1004 subditi
1701 954 1787 1018 dilige-

1013 1048 1082 1105 rent,
1106 1049 1132 1095 et
1155 1045 1202 1109 ipsi
1224 1044 1320 1096 linitimi
1340 1045 1422 1111 populi
1450 1047 1633 1104 aemularemur.
1651 1052 1676 1099 et
1697 1050 1787 1114 posteri

1013 1141 1171 1203 celebrarent.
1186 1141 1310 1206 siquidem
1321 1143 1375 1194 eius
1390 1157 1464 1208 opem
1477 1148 1502 1195 et
1519 1144 1640 1196 industrie
1656 1159 1735 1210 neque
1752 1145 1787 1195 in-

1013 1237 1103 1289 testine
1115 1237 1204 1290 seditio
1222 1239 1312 1289 civium
1327 1239 1481 1289 concordiem
1495 1239 1623 1301 dissoluit,
1638 1253 1718 1304 neque
1734 1239 1786 1291 bel·

1012 1331 1064 1383 lum
1087 1338 1217 1384 exiemum
1233 1334 1265 1384 de
1284 1335 1492 1398 praestantissimis
1505 1335 1554 1386 illis
1565 1339 1591 1386 el
1609 1335 1714 1386 maxime
1738 1335 1787 1385 ad-

1013 1428 1129 1478 mirandis
1155 1430 1276 1479 mstitulis
1301 1429 1426 1481 civilatem
1450 1429 1561 1481 dimovit.
1594 1431 1701 1481 Tantum
1719 1431 1785 1481 enim

1013 1522 1093 1574 abluit
1110 1527 1139 1573 ul
1155 1523 1228 1574 vicini
1247 1523 1329 1588 populi
1337 1527 1501 1576 llommmmm
1519 1525 1578 1577 illud
1591 1525 1670 1576 olium
1689 1526 1787 1578 imbelle

1011 1618 1180 1670 existimarent
1200 1618 1353 1670 occasionem
1373 1618 1420 1669 sihi
1443 1633 1486 1670 eos
1507 1619 1637 1670 invadendi
1659 1620 1783 1683 τιταίνετο,

1012 1721 1041 1767 ut
1051 1717 1134 1779 eliam,
1151 1716 1238 1780 siquod
1251 1716 1314 1768 inter
1333 1729 1376 1766 ees
1392 1716 1483 1767 lelium
1494 1717 1627 1768 mnlletum
1636 1720 1720 1779 esset,
1733 1720 1784 1767 llo-

1012 1824 1097 1861 ιιιειιω
1115 1810 1221 1861 arbitros
1244 1810 1310 1874 meis
1328 1810 1455 1875 eligerem,
1487 1814 1514 1862 et
1533 1811 1674 1863 inimicitias
1697 1814 1783 1862 Numee

1011 1907 1131 1958 arbitratu
1152 1907 1300 1958 dirimendae
1325 1911 1459 1960 censerent.
1507 1913 1560 1960 Non
1585 1911 1667 1973 ιμθιιι·
1692 1909 1785 1974 pudeat

1011 2018 1059 2066 me,
1071 2004 1138 2054 huuc
1155 2004 1236 2054 virum
1254 2003 1318 2054 inter
1333 2004 1424 2066 primos
1438 2005 1482 2066 qui
1500 2003 1625 2055 lelicilelis
1644 2018 1702 2068 ergo
1718 2004 1785 2055 cele·

1011 2107 1112 2157 bmnlur
1123 2120 1258 2158 recensere.
1291 2110 1353 2158 Nam
1377 2107 1424 2157 θιίι
1441 2110 1467 2157 et
1480 2119 1567 2171 genere
1582 2105 1649 2169 regio
1663 2109 1689 2155 et
1707 2106 1785 2156 lomna

1011 2306 1123 2353 versatur
1139 2303 1163 2352 in
1181 2301 1264 2353 verbis
1280 2302 1420 2362 inutilibus,
1434 2301 1479 2351 sed
1492 2299 1516 2351 ei
1532 2298 1597 2350 unde
1617 2297 1737 2363 pietatem
1758 2305 1783 2349 el

1010 2400 1114 2452 alierum
1128 2401 1250 2452 virtulum
1272 2401 1383 2451 studium
1397 2397 1505 2449 ellidicil.
1538 2395 1631 2457 Dignus
1643 2397 1728 2445 aulem
1744 2398 1786 2445 est

1011 2496 1110 2548 habitus
1121 2498 1163 2560 qui
1183 2499 1348 2548 Romanorum
1366 2495 1495 2558 imperium
1514 2491 1650 2554 acciperet,
1669 2490 1785 2553 quamvis

1010 2593 1094 2643 adhue
1105 2593 1200 2643 iuvenis
1215 2596 1295 2654 esset,
1310 2590 1343 2642 ob
1355 2592 1446 2641 famam
1458 2587 1557 2639 villulis
1566 2587 1597 2635 ali
1606 2585 1667 2650 ipsis
1677 2586 1784 2645 οοοίίιιες

1011 2686 1037 2734 el
1062 2686 1116 2734 lom
1134 2685 1193 2735 vilae
1213 2689 1323 2749 tempere
1350 2680 1464 2732 subditos
1487 2677 1536 2728 sibi
1551 2676 1786 2741 obsequentissime

1011 2777 1116 2826 lieliuil:
1138 2776 1170 2826 ad
1193 2780 1329 2828 extremam
1349 2775 1423 2823 eliam
1440 2774 1540 2821 etalem
1556 2768 1667 2834 pervenit
1681 2766 1784 2831 integer,

1011 2866 1078 2917 nullo
1093 2869 1198 2917 iorlunm
1221 2863 1374 2915 incommodo
1394 2863 1514 2918 υοιιιιιες
1525 2862 1550 2909 ei
1571 2858 1656 2908 mortis
1671 2858 1785 2908 facillimo

1011 2972 1098 3021 genere
1109 2957 1186 3017 obiit,
1200 2958 1268 3007 senio
1279 2955 1415 3015 coniectus,
1428 2951 1513 3002 eodem
1527 2961 1624 3013 semper
1633 2948 1703 3012 genio
1713 2947 1736 2997 ei
1751 2947 1787 2996 ia·

1011 3050 1092 3109 vente,
1111 3059 1208 3110 quema
1228 3042 1347 3108 principio
1366 3042 1469 3091 sortitus
1488 3040 1577 3096 merel,
1589 3037 1667 3088 donee
1688 3049 1720 3087 οκ
1741 3035 1787 3088 he

1011 3140 1103 3191 minum
1117 3140 1248 3202 conspeetu
1260 3135 1371 3184 sublatus
1385 3134 1431 3197 esi.
1464 3129 1531 3179 Vixil
1541 3144 1615 3193 supra
1624 3143 1688 3179 τιτι
1700 3142 1785 3188 annos,

1010 3245 1072 3281 κιιιι
1085 3228 1203 3291 regnavit,
1215 3230 1240 3276 el
1250 3224 1360 3274 subolem
1375 3220 1479 3284 reliquit,
1499 3222 1528 3269 ut
1539 3219 1650 3282 plerique
1663 3218 1785 3276 serilmni,

1010 3328 1116 3386 queluor
1151 3319 1214 3369 [ilios
1239 3321 1263 3368 el
1294 3328 1368 3364 imam
1392 3311 1466 3362 sillam
1499 3330 1504 3359 ;
1533 3324 1638 3374 quomm
1660 3307 1786 3375 progenies

1011 3414 1092 3466 adhuc
1117 3416 1237 3477 superesi.
1283 3406 1331 3458 Sed
1364 3407 1392 3455 υί
1417 3406 1463 3452 Cn.
1491 3401 1585 3453 Gellius
1609 3400 1702 3462 tradit,
1732 3400 1785 3449 uni·

1011 3509 1160 3562 camillam
1180 3503 1293 3567 reliquii,
1312 3499 1376 3551 unde
1398 3499 1470 3548 ιιοιυε
1492 3497 1531 3545 est
1551 3497 1634 3544 Ancus
1660 3491 1784 3551 Marcius,
1833 3522 1838 3529 -

1011 3606 1054 3669 qui
1073 3602 1163 3655 tertius
1185 3597 1217 3649 ab
1241 3596 1282 3646 illo
1302 3593 1350 3644 tuit
1373 3604 1418 3641 rex
1439 3591 1612 3639 Romanorum.
1651 3585 1687 3633 Eo
1704 3585 1786 3632 aulem

1011 3697 1130 3749 defuncto
1141 3692 1166 3741 in
1178 3692 1231 3740 lota
1243 3686 1307 3737 urbe
1321 3685 1368 3734 luit
1376 3683 1462 3746 ingens
1472 3677 1568 3738 lucius,
1588 3686 1696 3738 eumque
1710 3684 1787 3735 popu·

1011 3789 1050 3839 lus
1062 3791 1185 3838 Romanus
1198 3781 1284 3830 sunere
1297 3772 1494 3842 splendidissimo
1504 3765 1637 3820 decoravit.
1670 3762 1786 3826 Sepultus

1011 3886 1092 3935 autem
1107 3880 1144 3929 esi
1155 3877 1222 3925 ultra
1235 3874 1325 3921 {lumen
1337 3866 1442 3919 Tiberim
1455 3865 1480 3914 in
1489 3859 1607 3914 ianiculo.
1640 3858 1718 3916 iique
1731 3852 1785 3902 hec

1011 3973 1112 4039 quidem
1126 3970 1157 4018 de
1167 3970 1246 4018 lluma
1259 3961 1375 4024 Pompilio
1393 3956 1539 4022 accepimus.
