3772 5828
614 356 906 429 admoniturum
928 356 1075 417 ROMAN.
1099 359 1170 423 LIB.
1195 360 1217 419 i.
1670 364 1708 421 57
1736 384 1738 388 ’

120 489 166 553 λος
176 485 328 566 ἀνθρώπων.
345 486 418 546 11)ασί
430 486 452 543 τ’
466 488 547 545 εἰπεῖν
560 491 593 566 τῇ
608 487 672 567 κόρη
687 492 886 566 παρηγοροῦντα

122 575 170 644 τὴν
186 572 270 644 λύπην
287 573 332 632 τὸν
343 573 511 653 βιασόμενον·
530 565 599 642 ἰξσύ
619 579 737 652 γενέσθαι
760 577 836 647 δῆλον
849 574 889 633 ὅτι

122 662 176 728 θεὸς
188 653 232 733 ἦν·
243 660 325 734 μηδὲν
340 662 464 739 ἄχθεσθαι
474 665 513 742 τῷ
528 661 614 720 πάθει·
634 662 664 720 τδ
678 661 728 741 γδιρ
740 660 889 734 κοινώνημα

122 753 173 808 τῶν
186 749 280 827 γάμων
293 752 360 827 αὐτῇ
376 748 507 825 γεγονέναι
521 750 584 828 πρὸς
599 750 643 809 τὀν
659 750 836 825 ἀμόατεύοντα
852 753 890 829 τῷ

81 855 96 894 s
122 837 212 916 χωρίῳ
229 835 350 912 δαίμονα,
362 836 478 902 τέξεσθαι
493 838 514 895 δ’
526 838 607 909 αὐτὴν
622 842 651 898 ix
664 844 709 897 τοῦ
721 841 833 917 βιασμοῦ
846 838 892 896 δύο

123 926 239 1000 παῖδας,
252 923 395 1003 ἀνθρώπων
408 929 501 1004 μακρῷ
519 927 669 1005 κρατίστους
683 926 778 1005 ἀρετὴν
793 925 837 984 καί
856 923 891 984 τά

124 1013 250 1088 πολέμια.
291 1016 386 1074 Ταῦτα
402 1014 425 1070 δ’
448 1013 554 1072 εἰπόντα
573 1013 643 1095 νέφει
663 1016 889 1093 περικαλυφθῆναι

125 1099 172 1157 καί
186 1100 236 1159 ἀπὸ
249 1105 296 1181 γῆς
308 1101 417 1179 ἀρθέντα
432 1101 554 1184 φέρεσθαι
567 1104 600 1160 δι’
616 1102 689 1180 ἀέρος
699 1103 765 1164 ἀνω.
798 1100 893 1166 Ὅπως

127 1187 175 1264 μίν
188 1179 232 1247 οιίν
245 1186 298 1269 χρὴ
317 1189 377 1269 περί
396 1194 448 1248 τῶν
463 1191 569 1248 τοιῶνδε
592 1189 665 1261 δόξης
687 1190 769 1270 ίχειν,
784 1190 892 1267 πότερον

125 1281 295 1357 καταφρονεῖν
309 1280 344 1343 ὡς
354 1278 519 1355 ἀνθρωπίνων
535 1277 766 1358 ῥᾳδιουργημάτων
776 1280 811 1342 εἰς
824 1275 894 1341 θεσδς

125 1364 344 1443 ἀναφερομένων,
360 1364 441 1440 μηδὲν
458 1370 503 1422 τοῦ
524 1370 580 1424 θεοῦ
595 1365 770 1445 λειτούργημα
796 1369 843 1435 τῆς
867 1365 895 1420 ἀ·

124 1453 237 1533 φθάρτου
252 1453 297 1510 καὶ
313 1453 441 1531 μακαρίας
453 1453 554 1533 φύσεως
566 1452 669 1521 ἀνάξισν
683 1452 862 1530 ὑπομένοντος·
876 1451 894 1521 ἢ

124 1541 170 1597 καί
180 1539 277 1606 ταύτας
287 1539 482 1620 παραδέχεσθαι
492 1539 539 1607 τάς
552 1540 684 1620 ἱστορίας,
699 1545 734 1607 ὡς
749 1543 894 1617 ἀνακεκρα-

125 1625 204 1702 μένης
217 1631 263 1698 τῆς
277 1627 381 1698 ἀπάσης
393 1627 479 1694 οὐσίας
493 1633 539 1685 τοῦ
553 1628 664 1703 κόσμου,
682 1628 725 1686 καὶ
737 1627 833 1703 μεταξύ
850 1630 895 1686 τοῦ

125 1715 192 1775 θείου
200 1717 245 1774 καὶ
253 1720 346 1788 θνητοῦ
355 1715 607 1794 γίνσυςτρίτηςτινδς
616 1717 780 1795 ὑπαρχούσης
788 1715 895 1794 φύσεως,

123 1804 156 1875 ἣν
179 1805 209 1862 τό
226 1803 357 1880 δαιμόνων
378 1809 454 1884 φῦλον
469 1803 569 1885 ἐπίχει,
591 1805 648 1864 τοτδ
670 1807 718 1881 μέν
741 1802 894 1882 ἀνθρώποις,

123 1891 182 1949 τοτὲ
189 1892 216 1949 δὲ
226 1896 290 1958 θεοῖς
300 1891 506 1970 ἀπιμιγνύμενον,
519 1891 544 1959 ἐξ
556 1884 606 1952 sit
616 1894 689 1969 λόγος
703 1892 756 1971 ἔχει
764 1894 792 1950 τό
803 1896 896 1969 μυθευ·

124 1979 217 2054 όμενον
233 1981 324 2058 ἡρώων
338 1986 415 2060 φῦναι
429 1981 509 2058 γένος,
526 1981 582 2041 οὔτε
594 1984 681 2059 καιρὸς
700 1984 726 2039 ἰν
740 1983 777 2059 τῷ
789 1980 898 2059 παρόντι

126 2069 286 2146 διασκοπεῖν,
294 2071 369 2148 ἀρκεῖ
376 2069 400 2127 θ’
408 2069 457 2129 όσα
468 2070 613 2150 φιλοσόφοις
623 2072 682 2148 περὶ
693 2071 778 2127 αὐτῶν
790 2069 896 2147 έλέχθη.

76 2212 79 2216 1
125 2153 160 2214 ‘ll
174 2155 197 2214 δ’
210 2147 254 2215 οάν
274 2158 338 2235 κόρη
354 2154 421 2232 μετά
439 2157 483 2214 τὸν
508 2157 620 2236 βιασμόν
636 2159 777 2236 ἀρρωστεῖν
793 2159 899 2235 σκηψα-

122 2242 199 2318 μένη·
210 2249 285 2303 τοῦτο
295 2243 346 2322 γάρ
356 2246 424 2322 ἀὐτῇ
434 2245 580 2321 παρῄνεσεν
595 2249 612 2315 ἡ
623 2246 711 2323 μήτηρ
719 2243 861 2323 ἀσφαλείας
870 2264 898 2299 τε

123 2332 169 2390 καῖ
183 2333 235 2390 τῶν
248 2332 312 2412 πρὸς
326 2331 385 2396 τοὺς
400 2330 470 2394 θεοδς
491 2330 568 2388 θσίων
586 2332 670 2389 ἕνεκα·
686 2331 770 2389 οὐκέτι
789 2331 898 2409 προσῄει

124 2420 176 2484 τοῖς
187 2421 274 2495 ἱεροῖς,
287 2418 356 2475 ἀλλά
369 2418 412 2476 διδι
429 2421 479 2474 τῶν
494 2417 580 2475 ἀλλων
598 2419 695 2492 έγίνετο
705 2418 848 2494 παρθένων,
859 2409 898 2485 αἷς

125 2506 156 2563 τδ
168 2508 229 2564 etri
241 2505 388 2584 προσέκειτ’
406 2503 490 2584 ἔργον,
501 2506 549 2562 ὅσα
560 2508 715 2583 λειτουργεῖν
731 2505 828 2576 ἐκείνην
838 2506 898 2566 ίδει.

86 2613 98 2646 ἰ
168 2592 293 2654 thtlt.
316 2592 433 2667 Ἀμόλιος
453 2592 495 2664 δὲ,
516 2591 566 2650 εἶτε
592 2590 661 2649 κατά
685 2591 731 2662 την
755 2591 897 2665 συνείδησιν

129 2683 181 2736 τῶν
196 2684 373 2759 πραχθέντων,
387 2679 433 2738 εἶθ’
444 2681 551 2760 δπονοίφι
562 2684 614 2738 τῶν
628 2676 733 2738 εἰκότων
748 2681 897 2759 προαχθείς,

126 2767 234 2846 ἔρευναν
254 2771 366 2826 ἰπσιεῖτσ
387 2771 432 2836 τῆς
458 2768 562 2847 χρονίου
580 2769 632 2825 τῶν
652 2769 728 2848 ἰερῶν
748 2767 898 2827 ἀποστάσε-

124 2878 162 2920 ως
186 2853 256 2912 κατδι
273 2854 331 2911 τίνα
347 2852 443 2932 γίνεται
466 2855 570 2927 μαλιστ’
585 2855 681 2925 αἰτίαν,
699 2853 801 2932 ἰατρούς
825 2854 847 2912 θ’
861 2847 898 2922 οἷς

124 2941 233 3017 μάλιστ’
253 2942 388 3001 ἐπίστευεν
409 2941 558 3020 εἰσπέμπων
573 2944 630 3016 καί,
657 2945 746 3014 ἐπειδὴ
760 2945 808 3015 τὴν
821 2946 898 3005 νόσον

67 3047 98 3085 ao
125 3033 154 3088 αἱ
168 3037 288 3107 γυναῖκες
304 3030 453 3110 ἀπόρρητον
470 3029 612 3110 ἀνθρώποις
626 3035 738 3112 ᾐτιῶντο
756 3023 834 3103 εἰναι,
849 3033 897 3104 τὴν

126 3122 221 3178 ἑαυτοῦ
233 3127 345 3194 γυναῖκα
361 3119 465 3198 φύλακα
480 3124 527 3191 τῆς
542 3120 622 3200 κόρης
638 3120 802 3180 καταλιπών.
847 3120 897 3187 Ὡς

128 3207 157 3267 δέ
179 3208 325 3287 κατήγορος
349 3207 416 3279 αύτη
445 3213 492 3267 τοῦ
517 3210 615 3276 πάθους
638 3208 734 3289 ἰγίνετ’
761 3211 896 3289 γυναικείᾳ

126 3295 270 3376 τεκμάρσει
285 3297 315 3355 εδ
328 3296 423 3376 ἀφανὲς
439 3300 492 3365 τοῖς
512 3297 600 3364 ἀλλοις
615 3303 772 3377 ἀνευροῦσα,
789 3303 835 3368 τῆς
849 3299 896 3375 μέν

126 3385 235 3458 παιδός,
256 3389 291 3450 ὥς
306 3385 343 3463 μὴ
357 3385 425 3462 λάθη
446 3390 577 3458 τεκοῦσα,
596 3377 627 3458 ἦν
648 3387 670 3444 δ’
695 3387 724 3443 οὔ
739 3386 830 3463 πρόσω
848 3391 894 3445 τοῦ

69 3489 99 3526 ³⁵
127 3473 217 3547 τόκου,
232 3473 350 3554 φυλακὴν
366 3477 479 3532 ἐποιεῖτο
491 3473 526 3531 δι’
537 3473 634 3532 ὅπλων·
650 3473 724 3539 αὐτὸς
742 3472 769 3530 δὲ
784 3475 898 3542 καλέσας

128 3561 173 3621 τὀν
189 3563 297 3643 ἀδελφόν
313 3566 348 3626 εἰς
362 3561 392 3619 τὸ
406 3562 537 3640 συνέδριον
554 3565 600 3631 τῆς
611 3583 640 3618 τε
648 3558 825 3632 λανθανούσης
838 3561 896 3628 τοὺς

131 3650 224 3716 ἀλλους
237 3655 332 3733 φθορᾶς
347 3648 463 3723 μηνυτὴς
480 3648 599 3728 γίνεται,
618 3647 661 3705 καί
680 3649 774 3725 ᾐτιᾶτο
798 3671 897 3724 συγκα-

129 3744 246 3815 κουργεῖν
269 3760 303 3815 τη
322 3737 386 3815 κόρη
409 3734 468 3800 τοὺς
491 3743 589 3810 γονεῖς,
611 3732 713 3793 ἰκέλευέ
734 3733 816 3808 τιμὴ
835 3736 898 3816 κρύ-

128 3847 205 3882 πτειν
214 3822 257 3882 τόν
267 3822 512 3902 εἰργασμένδν,ἀλλ’
526 3825 561 3889 εἰς
571 3821 649 3896 μέσον
661 3821 743 3899 ἀγειν.
772 3823 898 3905 Νεμέτωρ

69 3925 99 3963 ⁴⁰
128 3910 158 3970 δὲ
176 3909 330 3990 παραδόξων
353 3933 381 3969 τε
402 3910 488 3988 λόγων
515 3909 617 3968 ἀκούειν
641 3909 705 3992 ἔφη,
732 3911 778 3969 καὶ
802 3914 899 3981 παντὸς

127 4000 243 4066 ἀναίτιος
257 3988 324 4057 εἰναι
337 4003 381 4056 τοῦ
396 3997 552 4074 λεγομίνου,
569 3999 661 4077 χρόνον
682 4001 707 4056 τ’
721 3999 794 4070 ἠξίου
810 4001 899 4079 βασοί-

31 4100 36 4107 ·
126 4111 175 4145 νσυ
188 4090 236 4158 τῆς
249 4085 371 4155 ἀληθείας
383 4087 459 4144 ἕνεκα
469 4084 572 4148 λαθεῖν.
616 4084 712 4164 Τυχὼν
727 4087 750 4146 δ’
766 4087 896 4159 ἀναύολῆς

127 4176 223 4251 μόλις,
237 4173 325 4242 έπειδη
339 4171 370 4230 rb
383 4181 493 4252 aptique
509 4171 582 4250 παρά
598 4177 644 4243 τῆς
655 4171 773 4250 γυναικός
787 4171 895 4247 ἔμαθεν,

127 4266 166 4328 ὡς
180 4266 198 4331 ἡ
216 4263 277 4326 παῖς
291 4261 318 4318 ἐν
331 4261 424 4339 ἀρχαῖς
438 4258 610 4340 ἀφηγήσατο,
625 4260 669 4319 τόν
684 4283 712 4318 τε
728 4261 840 4336 βιασμὸν
854 4261 898 4319 τόν

72 4374 98 4413 ss
127 4346 182 4408 ύπδ
194 4351 240 4404 τοῦ
255 4351 313 4406 θεοῦ
323 4347 459 4424 γινόμενον
471 4347 613 4426 ἀπέφαινε,
628 4347 673 4405 καί
692 4347 750 4413 τοὺς
762 4349 899 4425 λεχθέντας

126 4439 175 4496 ὑπ’
190 4437 270 4495 αὐτοῦ
285 4435 344 4514 περὶ
354 4438 404 4492 τῶν
419 4436 533 4512 διδύμων
544 4433 644 4492 παίδων
653 4433 744 4512 λόγους
760 4436 899 4507 διεξῆλθεν,

125 4525 203 4597 ἠξίου
216 4546 245 4582 τε
256 4522 343 4582 πίστιν
358 4522 516 4595 ποιήσασθαι
527 4523 626 4595 ταύτην
641 4527 693 4581 τῶν
704 4522 866 4600 λεγομένοιν,
877 4527 899 4583 εἰ

125 4616 243 4676 τοιοῦτος
257 4613 271 4669 θ
285 4614 330 4682 τῆς
343 4610 431 4677 ὠδῖνος
444 4609 518 4668 ἔσται
530 4610 620 4689 γόνος,
636 4601 687 4667 οἷον
702 4612 715 4667 δ
729 4612 784 4676 θεός
798 4613 898 4690 ὑφηγή-

126 4719 204 4761 σατο·
215 4697 261 4758 καί
274 4696 397 4779 γάρθμσῦ
408 4722 431 4755 τι
448 4702 484 4778 τῷ
493 4697 589 4756 τίκτειν
595 4687 661 4755 εἰναι
670 4695 718 4768 τὴν
731 4698 822 4777 κόρην,
831 4697 900 4757 ὥστε

74 4813 100 4852 ιο
126 4791 177 4848 σθκ
197 4787 235 4851 εἰς
259 4784 362 4865 μακράν
381 4787 403 4844 εἰ
422 4785 568 4866 ῥᾳδιουργεῖ
589 4783 740 4864 φανήσεται·
761 4786 899 4865 παρεδίδου

125 4876 154 4936 δέ
171 4874 220 4933 καί
229 4873 274 4939 τάς
283 4874 461 4952 φυλαττούσας
471 4873 518 4943 τὴν
534 4873 680 4952 κόρην,καί
694 4871 808 4950 ἰλέγχων
821 4876 898 4934 οὐδε-

124 4960 328 5044 νδς,ἀφίστατο.
372 4964 464 5021 Ταῦτα
487 4959 605 5039 λέγοντος
625 4962 703 5019 αὐτοῦ
726 4960 755 5017 τὸ
779 4957 826 5030 μδν
847 4964 898 5018 τῶν

125 5050 260 5130 συνέδρων
280 5051 377 5120 πλῆθος
398 5049 529 5121 ἰπείθειο,
551 5047 670 5124 Ἀμόλιος
694 5049 718 5106 δ’
739 5047 811 5108 οὐδὲν
831 5048 900 5124 ὑγιές

123 5139 260 5221 ἀπέφαινε
282 5139 333 5195 τῶν
351 5136 524 5214 ἀξιουμένων,
550 5135 608 5194 ἀλλ’
629 5138 659 5194 ἐκ
680 5136 776 5202 παντὸς
790 5134 898 5218 ὥρμητο

942 496 1019 544 lomna
1033 500 1058 546 et
1070 501 1171 547 statura.
1202 498 1340 556 Quinetiam
1351 499 1419 548 sirint
1433 503 1597 562 stupratorem
1608 502 1710 562 dixisse,

943 583 971 630 ui
986 580 1073 642 puellm
1085 594 1213 630 ruoerorem
1225 581 1316 631 levaret
1330 582 1412 644 (unde
1422 582 1578 632 manifestum
1591 591 1643 634 erat
1655 600 1711 636 eum

943 662 1108 724 luissedeum)
1120 679 1164 714 :ue
1173 665 1398 728 tuctumttlndaegre
1408 666 1498 714 terret:
1509 666 1531 716 ei
1543 667 1607 715 enirn
1615 668 1712 730 nuptia·

944 758 998 794 rum
1012 747 1204 796 conimsctionem
1221 761 1275 797 esse
1296 760 1351 796 cum
1372 747 1442 808 gerulo
1455 748 1520 797 illius
1539 749 1584 796 loci
1603 750 1713 809 custode,

944 841 1047 892 eamque
1063 844 1092 880 ει
1109 830 1155 879 boc
1164 835 1250 892 stupro
1273 830 1335 879 duos
1359 829 1421 879 tilios
1444 831 1587 894 parituram,
1608 833 1717 881 omnium

944 910 1071 961 bominum
1088 913 1179 962 virtute
1190 916 1215 961 et
1229 912 1301 961 laude
1313 911 1399 961 bellica
1412 914 1481 976 longe
1492 915 1716 977 praestantissimos.

946 996 991 1046 ilis
1011 1002 1093 1046 autem
1106 995 1179 1045 dictis
1199 995 1263 1045 nube
1281 995 1461 1048 circumdatum
1477 1011 1491 1047 e
1513 1000 1577 1048 terra
1592 998 1717 1048 sublatum

946 1083 972 1129 et
982 1092 1023 1142 per
1035 1092 1116 1128 aerem
1130 1091 1204 1127 cursu
1218 1077 1316 1127 sublimi
1331 1083 1434 1141 raptum.
1479 1082 1557 1137 Quam
1577 1082 1651 1146 igitur
1661 1085 1716 1148 opi·

946 1160 1043 1209 nionem
1055 1158 1086 1209 de
1097 1159 1237 1208 huiusmodi
1248 1159 1320 1208 rebus
1328 1165 1440 1222 oporteat
1453 1161 1551 1223 babere,
1566 1168 1648 1215 utrum
1659 1166 1714 1215 brec

947 1247 975 1291 ut
991 1243 1103 1291 bumana)
1114 1240 1239 1302 nequitias
1261 1241 1368 1291 facinora
1392 1244 1422 1291 nd
1441 1243 1500 1294 deos
1518 1247 1593 1295 relata
1610 1252 1718 1298 contem-

947 1325 1025 1375 nenda
1037 1325 1095 1384 sint,
1111 1325 1177 1388 quod
1198 1338 1289 1374 numen
1310 1324 1421 1376 divinum
1444 1328 1537 1378 nullum
1555 1331 1718 1382 ministerium

948 1408 1087 1471 incorrupta
1101 1421 1130 1458 ac
1143 1408 1215 1458 beata
1226 1413 1312 1458 natura
1326 1410 1454 1474 indignum
1475 1414 1598 1474 patiatur:
1612 1428 1642 1464 aa
1657 1431 1717 1468 rere

948 1496 1010 1544 tales
1029 1495 1102 1543 etiam
1125 1492 1237 1543 historias
1257 1492 1386 1544 admittere
1409 1494 1509 1555 deceat,
1528 1499 1641 1559 qnoniam
1662 1502 1716 1550 uni·

949 1590 1018 1627 versa
1025 1575 1109 1626 mundi
1119 1575 1224 1627 essentia
1236 1576 1313 1624 mixta
1329 1578 1362 1626 sit
1373 1580 1399 1626 et
1419 1577 1482 1626 inter
1492 1577 1600 1629 divinum
1614 1593 1643 1628 ac
1655 1593 1719 1630 mor·

949 1659 997 1708 tale
1010 1672 1086 1723 genus
1096 1657 1176 1707 media
1182 1657 1296 1721 quadrua
1310 1658 1342 1708 sit
1351 1659 1531 1722 tertiandum,
1545 1675 1619 1725 qnam
1634 1664 1719 1725 genio·

949 1757 1005 1792 rum
1017 1742 1083 1791 natio
1095 1744 1177 1791 teneat
1187 1779 1192 1799 ,
1201 1741 1274 1790 modo
1284 1755 1339 1790 cum
1353 1742 1413 1798 diis,
1430 1745 1502 1794 modo
1514 1759 1570 1795 cum
1580 1745 1719 1797 bominibus

949 1842 976 1878 se
990 1827 1110 1885 miscens,
1125 1825 1189 1875 trude
1204 1824 1341 1874 labulosum
1354 1827 1455 1877 heroum
1470 1842 1547 1892 genus
1563 1834 1719 1893 procreatum

951 1924 1004 1963 csse
1015 1911 1113 1969 dicitur,
1123 1908 1148 1957 id
1156 1909 1180 1957 io
1193 1910 1322 1970 prasentia
1330 1911 1493 1972 pervestigare
1502 1926 1549 1961 non
1563 1913 1630 1975 libet,
1645 1919 1720 1976 atque

950 1991 1077 2040 sufficiunt
1092 2003 1148 2052 quus
1161 1988 1192 2038 de
1204 1990 1277 2040 illisa
1295 1990 1445 2054 pbilosophis
1464 1994 1529 2044 dicta
1546 2000 1611 2045 eunt.
1646 1997 1719 2047 Oete·

950 2085 1006 2121 rum
1029 2070 1108 2135 puella
1128 2074 1186 2134 post
1200 2071 1249 2122 vim
1264 2071 1310 2121 sibi
1329 2074 1417 2123 tactam
1438 2076 1603 2128 ualetudinem
1629 2080 1718 2129 malam

951 2154 1068 2205 simulans
1086 2153 1148 2218 (boc
1162 2155 1226 2205 enim
1241 2155 1369 2207 eonsilium
1387 2163 1465 2209 mater
1480 2161 1526 2224 ipsi
1538 2160 1649 2224 dederat,
1662 2177 1718 2214 cum

951 2236 1091 2286 securitatis
1102 2249 1189 2285 caussa
1201 2239 1254 2285 lum
1268 2237 1388 2301 religionis
1407 2241 1433 2289 in
1446 2240 1521 2303 deos)
1537 2241 1570 2291 ad
1582 2255 1653 2292 sacra
1670 2257 1719 2292 non

951 2321 1055 2383 amplius
1065 2320 1197 2371 accedebat
1210 2341 1217 2370 ι
1228 2320 1273 2370 sed
1286 2322 1404 2386 quioquid
1414 2324 1491 2387 ipsam
1504 2326 1528 2375 in
1543 2338 1667 2377 sacrorum
1677 2327 1719 2377 rui·

951 2403 1052 2453 nisterio
1064 2404 1142 2454 lacere
1153 2403 1289 2466 oportebat,
1300 2403 1325 2453 id
1335 2405 1365 2454 ab
1375 2406 1428 2455 aliis
1440 2406 1581 2470 virginibus,
1592 2421 1648 2471 quae
1655 2408 1722 2458 idem

950 2506 1041 2545 munus
1052 2492 1162 2542 solebant
1174 2494 1251 2550 obire,
1263 2497 1433 2557 prestabatur.

982 2590 1115 2641 thlllllll.
1151 2591 1200 2639 Sed
1234 2591 1357 2651 Amulius,
1392 2593 1444 2642 sive
1481 2595 1538 2643 iacti
1575 2595 1722 2645 conscicntia

951 2679 1002 2728 sire
1023 2680 1160 2742 suspicione
1186 2680 1295 2729 redistis
1324 2684 1418 2741 motus,
1440 2680 1566 2746 diligenter
1594 2683 1721 2732 scrutaba-

952 2781 993 2824 tur
1015 2790 1090 2840 quam
1114 2778 1146 2825 ob
1167 2790 1278 2827 salissam
1301 2782 1373 2842 sirpo
1400 2793 1415 2827 a
1435 2780 1512 2829 sacris
1530 2779 1622 2829 tamdiu
1645 2780 1721 2830 absti-

951 2876 1034 2939 neret,
1066 2873 1230 2936 medicisque,
1257 2875 1347 2938 «quibus
1370 2876 1475 2924 maxime
1506 2873 1610 2934 lidebat,
1644 2876 1722 2925 intro·

951 2966 1040 3027 missis,
1061 2980 1117 3015 cum
1145 2967 1259 3017 mulieres
1281 2970 1393 3018 morbum
1413 2970 1472 3020 viris
1500 2983 1547 3019 non
1568 2968 1721 3033 prodendum

951 3078 1005 3115 esse
1029 3069 1210 3126 eaussarentur,
1239 3080 1340 3117 uxorem
1370 3082 1440 3116 sunm
1472 3068 1561 3132 puellas
1594 3065 1721 3117 custodem

950 3162 1056 3226 reliquit.
1089 3165 1150 3219 Qutu
1169 3175 1225 3211 cum
1247 3163 1325 3213 morbi
1337 3178 1413 3227 genus
1426 3165 1570 3222 iudicasset,
1592 3168 1722 3229 postquam

950 3273 1001 3309 reru
1022 3260 1076 3308 nbis
1097 3260 1240 3322 incognitam
1261 3260 1373 3309 muliebri
1391 3264 1530 3311 coniectura
1550 3260 1720 3325 deprehendit,

950 3355 1062 3419 puellam,
1080 3369 1111 3405 ne
1134 3356 1195 3405 clam
1215 3361 1311 3419 pareret
1328 3357 1473 3419 (eratenim
1494 3359 1573 3420 partui
1591 3354 1722 3419 proxima),

949 3452 981 3501 ab
995 3452 1134 3501 bominibus
1146 3453 1247 3502 armatis
1258 3452 1374 3501 custodiri
1386 3453 1465 3502 iussit.
1497 3456 1551 3516 lpse
1565 3465 1632 3512 vero,
1646 3453 1722 3503 fratre

950 3546 975 3596 in
989 3549 1114 3596 eonsilium
1134 3548 1268 3606 advocato,
1283 3551 1395 3610 stuprum
1417 3547 1503 3609 virgini
1521 3546 1633 3607 illatum,
1653 3548 1719 3611 quod

952 3643 1039 3692 ceteris
1053 3646 1106 3692 erat
1119 3643 1278 3705 incognitum,
1292 3643 1426 3692 indicauit:
1442 3647 1467 3692 et
1479 3642 1564 3704 puella
1572 3647 1723 3705 parentesut

951 3737 1030 3798 cnlpae
1044 3736 1154 3784 conscios
1169 3734 1308 3794 accusabat,
1323 3745 1413 3799 eosque
1425 3735 1523 3787 sceleris
1536 3740 1661 3786 auctorem
1672 3752 1721 3786 nou

951 3835 1045 3891 celare,
1064 3831 1145 3882 sedin
1160 3831 1269 3882 medium
1282 3831 1414 3895 producere
1429 3832 1536 3881 iubebat.
1570 3836 1601 3882 llt
1612 3834 1722 3886 Numitor

952 3931 1013 3980 dixit
1024 3943 1051 3979 se
1062 3932 1152 3992 praeter
1171 3941 1266 3977 omnem
1282 3930 1487 3991 exspectationem
1498 3928 1551 3978 bue
1566 3928 1661 3989 audire,
1670 3932 1696 3978 et
1708 3941 1723 3977 a

952 4027 1051 4077 crimine
1064 4025 1163 4076 obiecto
1173 4025 1347 4075 alienissimum
1357 4037 1411 4073 esse
1426 4045 1432 4072 ;
1449 4037 1478 4073 ac
1487 4023 1603 4087 temporis
1614 4025 1721 4086 spatium

952 4123 984 4173 nd
995 4124 1120 4173 veritatem
1139 4120 1306 4184 inquirendam
1322 4120 1369 4185 sibi
1391 4120 1491 4169 eorrcedi
1505 4121 1610 4183 petebat.
1656 4123 1718 4170 cnm

952 4222 1034 4270 nutem
1047 4219 1188 4269 dilationem
1204 4231 1268 4281 agre
1280 4218 1440 4281 impetrasset,
1455 4219 1584 4281 postquam
1601 4231 1629 4268 ex
1644 4232 1722 4268 uxore

951 4331 1004 4367 rem
1019 4316 1145 4379 cognovit,
1156 4319 1183 4364 ut
1194 4328 1249 4363 earn
1268 4315 1299 4363 ab
1316 4313 1385 4363 initio
1405 4314 1485 4377 puella
1499 4319 1655 4374 narraverat,
1671 4315 1721 4363 rim
1749 4361 1751 4364 ,

952 4412 1057 4476 puellae
1065 4411 1112 4460 deo
1121 4411 1210 4459 iactam
1222 4410 1365 4468 declaravit,
1373 4414 1399 4459 et
1412 4411 1548 4470 verbannus
1557 4411 1598 4461 ille
1607 4411 1717 4474 degemi·

952 4506 989 4555 nis
1002 4505 1084 4568 pueris
1092 4503 1184 4553 ettalus
1192 4507 1244 4552 erat
1256 4502 1375 4565 protulit,
1386 4503 1566 4567 postulavitque
1579 4503 1651 4552 tidem
1666 4503 1714 4551 dlc·

951 4597 983 4649 tis
994 4610 1022 4646 ea
1040 4594 1176 4645 conditione
1190 4593 1352 4643 adhibendam
1364 4607 1431 4652 esse,
1444 4594 1465 4643 si
1480 4595 1535 4643 talis
1550 4596 1616 4642 esset
1636 4594 1716 4654 partus

951 4688 1090 4751 progenies,
1102 4685 1198 4749 qualem
1211 4685 1273 4736 dens
1286 4686 1337 4735 iore
1348 4686 1500 4750 predixerat.
1534 4684 1643 4733 Puellam
1655 4683 1719 4730 enirn

951 4779 1000 4829 iam
1014 4779 1093 4842 partui
1113 4791 1167 4829 esse
1182 4779 1296 4837 vicinam,
1312 4779 1395 4840 itaque
1409 4777 1525 4832 fraudem,
1537 4776 1559 4822 si
1572 4786 1620 4834 qua
1635 4775 1715 4820 utere·

951 4871 1001 4926 tur,
1019 4882 1066 4918 non
1080 4869 1122 4917 diu
1132 4869 1237 4918 celatum
1249 4868 1287 4917 iri.
1320 4869 1385 4925 Quin
1397 4870 1422 4915 et
1434 4867 1499 4927 ipsas
1509 4863 1597 4926 puellae
1606 4861 1720 4911 custodes

951 4960 983 5011 ad
996 4961 1155 5023 questionem
1167 4958 1294 5017 offerebat,
1310 4971 1353 5007 nec
1369 4956 1445 5006 ullum
1459 4952 1541 5003 indicii
1555 4965 1630 5014 genus
1647 4965 1719 5003 reru·

951 5050 1028 5102 sabat.
1062 5050 1263 5102 Haeceiusdicta
1274 5052 1354 5098 toturn
1365 5046 1493 5096 concilium
1508 5043 1629 5107 probarit.
1670 5046 1718 5096 Sed

948 5143 1059 5193 Amulius
1084 5142 1143 5191 nibil
1163 5140 1305 5191 saniaiebat
1317 5136 1430 5187 inessein
1443 5135 1483 5185 bis
1497 5136 1628 5198 postulatis
1645 5157 1652 5187 ι
1673 5137 1718 5188 sed
