3772 5828
166 338 225 397 552

166 469 260 549 λικράτ
251 492 292 528 ,ου
315 469 487 548 κεκραμένοις
510 468 703 548 ὑποδεχόμενος
725 493 773 541 την
803 470 972 550 στρατιάν.

166 557 245 619 Ηδέ
271 557 354 635 βουλὴ
375 555 422 627 τὴν
440 580 485 616 του
468 556 631 636 ’θριάμόου
653 558 763 633 πομπὴν
781 556 940 669 ἐθηρίσατο.

166 642 272 701 03⁰
258 666 344 721 ετερος
357 647 408 700 τῶν
426 645 497 703 ὑπαί·
488 669 551 716 .,ων
569 644 647 711 Ιάῖος
662 643 787 711 Δλἀύτιος,
801 671 823 702 ιν
840 645 941 724 προσύ-

167 754 238 789 κειτο
256 735 325 790 κατὰ
338 734 520 810 κλῆρονί,
485 756 538 790 των
554 733 728 812 συμμάχων
721 731 842 790 λατίνων
857 732 943 790 τεκαὶ

127 854 139 888 ι,
167 818 298 898 Ἑρνίκων
310 818 427 897 φυλακὴ,
446 821 608 898 βραδυτέραν
623 819 767 887 ἐποιήσατο
781 822 829 891 τὴν
844 818 942 896 ἔξοδον,

167 905 222 964 οὔτ’
245 907 342 988 ἀπορίογ
366 906 422 965 οὔτ’
438 908 506 988 ὀκνῳ
527 912 572 967 τοῦ
589 907 708 965 κινδύνου
724 907 875 985 κρατηθείς,
895 912 943 978 τὴν

168 999 193 1056 δ’
207 999 360 1071 ἀδηλότητα
381 1003 427 1059 τοῦ
443 999 507 1077 πρὸς
525 997 698 1067 Οῦιεντανοῦς
721 999 838 1076 πολίμου
859 1022 944 1079 καρα-

168 1089 267 1161 δοκῶν,
283 1086 339 1162 ίνα,
356 1090 401 1150 ἐάν
421 1114 446 1149 τι
470 1088 560 1169 συμύῇ
584 1093 706 1164 πταῖσμα
732 1092 793 1170 περὶ
818 1090 866 1161 τὴν
889 1092 943 1149 ἐκεῖ

168 1178 312 1257 στρατιὰν,
328 1181 355 1236 ἐν
369 1178 466 1257 ἑτοίμῳ
478 1202 517 1243 τις
530 1176 638 1256 ὑπάρχῃ
653 1181 686 1255 τῇ
701 1178 776 1238 πολει
791 1181 942 1237 συνεστῶσα

115 1288 139 1327 ιο
168 1265 291 1339 δύναμις,
310 1254 457 1325 ἢκωλύσιι
480 1265 539 1332 τοὺς
562 1265 704 1342 πολεμίους
724 1270 761 1333 εἷς
779 1266 828 1337 τὴν
851 1266 942 1345 χώραν

167 1357 375 1429 lesatensis,
389 1353 480 1432 ὥσπερ
497 1358 521 1415 oi
535 1354 662 1434 πρότερον
673 1354 815 1422 ἐλάσαντες
835 1355 879 1414 ἐπὶ
893 1353 942 1424 τὴν

167 1442 293 1519 Ῥώμην,
314 1442 483 1522 ἐπιτειχίζειν
498 1445 556 1501 τινὰ
580 1443 650 1503 κατὰ
667 1448 713 1513 τῆς
730 1445 832 1510 πόλεως
854 1443 941 1525 χωρία

167 1531 355 1590 ἀπιόάλωνται.
399 1531 445 1592 Ἐν
463 1530 535 1610 δέτῷ
550 1531 648 1607 μεταξύ
660 1533 751 1592 τούτου
764 1533 853 1614 χρόνῳ
867 1532 912 1591 καλ
927 1535 941 1589 θ

167 1623 236 1678 κατὰ
249 1623 301 1678 τῶν
316 1620 436 1680 Λατίνων
448 1622 577 1698 πολεμος,
592 1620 621 1679 θν
636 1624 734 1700 ἐπῆγον
752 1624 839 1689 αὐτοῖς
855 1623 941 1684 Δίκα·

116 1746 140 1783 η
167 1709 207 1766 νοί
235 1730 264 1766 τι
287 1710 332 1767 καὶ
363 1709 543 1777 Οὐολοῦσκοι,
567 1710 640 1777 τέλος
665 1710 769 1791 εῦτυχές
795 1709 872 1790 ἐσχε·
897 1707 942 1766 καί

167 1796 291 1877 παρῆσάν
307 1820 375 1864 τινες
389 1796 557 1875 ἀγγέλλοντες
572 1798 647 1878 μάχῃ
669 1800 822 1869 νικηθέντας
838 1800 940 1870 ἀπελη-

166 1883 273 1943 λυθίναι
294 1884 355 1951 τοῦς
380 1884 522 1961 πολεμίους
541 1888 570 1944 ἐκ
591 1890 638 1957 τῆς
663 1887 753 1966 χώρας
777 1889 879 1957 αὐτῶν,
894 1908 939 1943 και

167 1975 299 2050 μηδεμιᾶς
314 1985 367 2042 τοῖς
382 1973 536 2054 συμμάχοις
556 1975 595 2035 ἐτι
615 1977 667 2033 δεῖν
687 1974 808 2054 βοηθείας
826 1973 895 2034 κατόι
910 1996 941 2032 το

166 2065 261 2145 παρόν.
305 2064 340 2125 ‘0
355 2063 445 2141 μέντοι
466 2064 578 2133 Ναύτιος
592 2064 666 2123 οὐδὲν
677 2057 776 2141 ἧττον,
791 2064 848 2121 ἐπεὶ
862 2062 896 2122 alc
913 2066 939 2122 ἐν

112 2181 140 2221 οο
167 2156 200 2229 τῇ
224 2155 360 2231 Τυρρηνία
386 2153 534 2231 πράγματα
563 2155 650 2219 καλῶς
675 2176 763 2227 σριαιν
785 2152 938 2232 ἐχώρησεν,

167 2238 242 2316 ίίῆγι
256 2242 304 2310 τὴν
322 2242 459 2320 στρατιάν.
491 2239 636 2318 Ἐμθαλίυν
653 2242 676 2299 δ’
692 2243 727 2308 είς
740 2240 788 2312 τὴν
804 2238 940 2301 Οὐολούσ-

166 2351 220 2386 κων
234 2329 324 2409 χώραν
340 2329 386 2389 καί
397 2329 497 2402 πολλὴν
516 2333 596 2403 αὐτῆς
611 2329 745 2399 διεξελθών
759 2331 856 2407 ἔρημον
869 2332 942 2410 ἀρει-

167 2415 265 2494 μίνην,
295 2419 467 2500 ἀνδραπόδων
492 2418 540 2495 μὲν
569 2419 615 2478 καί
641 2420 817 2499 βοσκημάτων
846 2420 941 2497 ὀλίγων

166 2506 236 2567 πάνυ
253 2508 412 2590 ἐκράτησεν·
429 2509 543 2591 ἀρούρας
556 2509 579 2569 δ’
594 2511 680 2570 αθτῶν
696 2512 722 2568 ἐν
740 2511 813 2591 ἀκμῇ
830 2516 876 2569 τοῦ
896 2509 940 2569 σί-

112 2628 138 2666 25
166 2620 213 2656 του
228 2598 302 2666 ὄντος
315 2599 472 2679 ἐμπρήσας,
491 2600 537 2659 καί
555 2599 613 2659 ἀλλ’
629 2602 676 2659 οῦκ
690 2601 767 2676 ὀλίγα
783 2604 834 2658 τῶν
848 2602 875 2659 ἐν
888 2608 941 2666 τοῖς

164 2698 256 2777 ἀγροῖς
270 2695 468 2772 λωῦησάμινος,
485 2693 586 2762 οὐδενός
606 2696 686 2775 ὁμόσε
702 2698 850 2777 χωροῦντος
862 2696 948 2769 ἀπῆγε

169 2783 215 2853 τὴν
239 2784 376 2863 στρατιάν.
406 2785 500 2844 Ταῦτα
520 2784 568 2861 μὲν
598 2785 642 2844 ἐπὶ
662 2787 760 2845 τούτων
776 2788 827 2844 τῶν
848 2785 947 2862 ἀνδρῶν

167 2866 301 2946 ἐπράχθη.

206 2958 343 3020 XXXVI.
366 2961 401 3017 Οί
415 2955 442 3016 δέ
456 2954 637 3028 διαδεξάμενοι
657 2955 762 3022 τούτους
776 2953 872 3012 [ίπατοι
885 2946 942 3015 Αδ-

112 3076 139 3115 30
165 3047 209 3113 λος
224 3047 345 3112 Μάλλιος
360 3045 403 3104 καί
419 3045 529 3109 Λεύκιος
547 3041 680 3120 Φούριος,
691 3043 879 3123 ψηριοαμένης
892 3047 940 3114 τῆς

168 3136 263 3214 βουλῆς
280 3134 324 3193 τὸν
347 3133 434 3212 ἕτερον
459 3134 543 3191 αὐτῶν
558 3130 684 3208 στρατιάν
707 3132 750 3189 ἐπὶ
766 3131 939 3201 Οὐιεντανοὺς

167 3223 256 3302 ἀγειν,
280 3221 466 3302 ἐκληρώσαντο
487 3220 547 3297 περὶ
567 3223 612 3289 τῆς
628 3217 731 3289 ἐξόδου,
749 3220 868 3298 καθάπερ
886 3223 936 3278 αύ-

165 3322 220 3381 τοῖς
234 3305 265 3385 ἦν
277 3314 343 3379 ἔθος.
389 3310 443 3372 Καλ
457 3309 548 3390 λαχὼν
565 3309 683 3374 Μοίλλιος
700 3310 774 3388 ἐξῆγε
794 3307 840 3375 τάς
861 3310 940 3369 δυνά-

168 3425 224 3479 μεις
236 3401 280 3461 δεδι
293 3401 415 3480 ταχέων,
432 3400 476 3457 καί
500 3396 610 3465 πλησίον
633 3399 684 3454 τῶν
700 3396 832 3472 πολεμίων
847 3421 941 3458 κατεσ-

112 3524 138 3562 3,
167 3490 384 3571 τρατοπίδευσεν.
428 3490 463 3548 Oi
489 3487 516 3545 δέ
540 3486 693 3546 Οὐιεντανοί
708 3486 839 3566 τειχήρεις
860 3488 939 3565 γενό-

167 3603 240 3655 μενοι
255 3579 319 3643 τέως
344 3577 389 3652 μέν
412 3579 548 3656 ἀντεῖχον·
566 3575 611 3634 καί
637 3575 853 3654 διεπρεσβεύοντο
877 3576 941 3652 πρός

165 3692 194 3728 τε
209 3668 255 3734 rire
266 3669 347 3735 ἄλλοις
361 3666 408 3733 τὰς
425 3669 452 3725 ἐν
466 3665 611 3746 Τυρρηνοῖς
629 3665 735 3740 πόλεις,
750 3664 795 3722 καὶ
809 3664 872 3743 πρὸς
882 3665 940 3732 τοῦς

166 3758 259 3817 νεωστί
281 3756 511 3838 συμμαχήσαντας
535 3756 623 3816 αῦτοῖς
646 3754 790 3830 Σαῦίνους,
818 3754 939 3830 βοήθειαν

166 3846 298 3913 ἀξιοῦντες
326 3841 482 3903 ἀποστεῖλαί
505 3865 578 3923 σρισι
604 3840 647 3898 διὰ
668 3842 782 3918 ταχέων.
838 3838 887 3906 Ὦς
912 3843 938 3900 δέ

112 3956 140 3996 te
167 3933 291 3991 ἁπάντων
309 3932 491 4012 ἀπετύγχανον
506 3930 551 3989 καί
570 3928 617 3994 τόις
641 3927 737 4006 τρορδις
763 3928 939 3988 ἀπαναλώκε-

167 4042 230 4090 σαν,
246 4019 295 4077 ύπδ
310 4026 356 4090 τῆς
368 4023 484 4097 ἀνάγκης
499 4020 561 4098 [τοῦ
577 4018 673 4094 λιμοῦ]
693 4013 843 4093 βιασθέντες
860 4017 939 4086 ἐξῆλ-

166 4111 208 4164 θον
224 4109 259 4172 ὡς
272 4107 315 4164 τόν
331 4107 429 4166 ὕπατον
441 4153 449 4181 ,
463 4105 595 4184 ἱκετηρίας
615 4102 733 4184 φέροντες
748 4104 771 4159 oi
786 4100 939 4179 apaustu-

164 4194 206 4253 τοί
232 4194 255 4252 τ’
283 4196 368 4253 αὐτῶν
397 4197 442 4255 καί
469 4195 642 4271 τιμιώτατοι,
674 4190 734 4269 περὶ
770 4188 939 4259 καταλύσεως

165 4283 283 4361 δεόμενοι
299 4288 344 4341 τοῦ
369 4285 495 4360 πολέμου.
519 4288 572 4344 Τοῦ
586 4283 614 4342 δέ
633 4281 754 4343 Μαλλίου
770 4279 940 4347 κελεύσαντος

111 4399 137 4436 ις
166 4375 253 4437 αὐτοῖς
269 4371 390 4451 ἀργύριόν
408 4373 432 4431 τ’
444 4376 480 4440 είς
495 4372 664 4454 ὀψωνιασμὸν
680 4374 802 4429 ἐνιαυτοῦ
818 4375 850 4450 τῇ
863 4393 940 4447 στρα·

164 4470 208 4538 τεᾷ
234 4460 278 4518 καὶ
301 4462 410 4534 διμήνου
427 4462 524 4539 τρορδις
546 4460 702 4539 ἀποφέρειν,
723 4457 785 4517 όταν
811 4458 838 4515 δέ
853 4464 938 4517 ταῦτα

163 4548 327 4620 ποιήσωσιν,
342 4551 377 4614 είς
393 4548 502 4624 Ῥώμην
525 4548 695 4607 ἀποστελλειν
710 4546 767 4611 τοῦς
789 4548 939 4622 διαλεξομέ·

163 4660 219 4700 noo<
228 4638 260 4713 τῇ
270 4634 352 4712 βουλῇ
360 4631 478 4710 περὶτῶν
487 4628 640 4702 διαλύσεων,
649 4630 833 4694 ἐπαινέσαντες
842 4633 937 4705 ταῦτα,

164 4750 208 4784 και
224 4747 247 4782 ο
226 4725 266 4782 δι
280 4745 410 4800 ταχεων
398 4727 427 4778 τό
442 4744 457 4777 τ
458 4719 638 4829 ’·ὀβωνιον
609 4743 640 4796 τη
654 4728 767 4799 στρατιᾶ
782 4718 865 4775 καὶτὸ
882 4716 938 4774 ἀντί

109 4839 136 4875 so
164 4817 209 4870 τοῦ
225 4812 297 4871 σίτου
312 4806 481 4913 συγχωρηθὲν
499 4807 549 4864 ύπο
563 4830 609 4864 του
594 4809 749 4866 Μαλλίου
768 4805 937 4883 κατενεγκόν-

164 4924 206 4967 ες
221 4925 285 4979 αργ
278 4902 381 4980 ”ριον,,
368 4903 427 4955 κον
442 4919 511 4961 εις
496 4894 543 4964 τὴν
559 4892 681 4969 Ῥώμην·
698 4895 742 4951 καὶ
762 4891 938 4955 καταστάντες

165 4987 209 5089 ἐπὶ
226 4988 273 5057 sal
260 4988 400 5065 νβουλην,
424 4983 567 5063 συγ-·’γινκης
588 5006 631 5040 επι
644 5005 697 5044 τοις
713 5002 831 5058 γεγονοσι
849 5001 936 5056 τυχειν

166 5072 266 5145 ηξίουν,
286 5077 330 5132 καὶ
354 5079 388 5142 είς
403 5101 446 5133 τον
471 5071 559 5131 λοιπον
588 5069 680 5150 χρόνον
708 5070 864 5174 ἀπαλλαγης
893 5071 938 5123 τοῦ

166 5118 291 5236 πυλέμύυ.
335 5160 499 5219 Μολλῶνδέ
521 5161 549 5216 λ
540 5157 667 5238 εχθεντων
690 5158 765 5223 εἰς’
751 5156 886 5236 αμρότερα
907 5156 939 5212 τδι

689 336 855 399 DlONYSll
876 335 1256 401 naticaaaassettsts

999 482 1083 530 autem
1105 479 1128 529 ei
1151 480 1306 545 triumphum
1324 478 1444 530 decrevit.
1478 479 1632 533 alterneto
1651 483 1742 534 consul
1760 486 1784 537 e.

997 584 1110 639 Nautius.
1130 585 1170 635 cni
1192 583 1255 635 torte
1281 585 1418 635 obvenerat
1434 584 1561 637 sociorum
1582 592 1610 638 et
1640 589 1785 639 latinorum

997 695 1072 757 atque
1092 693 1255 743 Hernicorum
1272 691 1398 751 custodia,
1416 691 1574 756 aliquamdiu
1598 695 1699 747 distulit
1722 712 1785 762 pro·

998 794 1127 847 sectionem
1139 816 1145 846 :
1158 812 1206 848 non
1222 799 1253 848 ob
1273 798 1371 849 inscitia
1393 811 1439 849 neo
1456 800 1564 864 periculi
1587 800 1722 853 inuuidine
1737 804 1785 855 de·

998 903 1108 961 territus.
1120 904 1165 955 sed
1181 904 1238 954 belli
1255 904 1384 955 Veientani
1397 904 1521 955 incertum
1532 912 1659 958 eventum
1683 924 1785 974 exspec-

999 1008 1069 1067 tans;
1081 1011 1110 1057 ut
1121 1007 1144 1057 si
1157 1021 1233 1072 quam
1243 1006 1337 1057 cladem
1355 1007 1395 1057 ille
1404 1009 1527 1059 exercitus
1542 1007 1610 1060 sorte
1626 1014 1781 1076 aceepisset,

998 1109 1140 1175 reipublicae
1158 1114 1250 1176 praesto
1265 1124 1319 1161 esse
1334 1110 1425 1176 aliquis
1441 1112 1567 1163 exercitus
1588 1114 1644 1178 jann
1663 1120 1780 1173 ooaetus.

996 1214 1040 1278 qui
1053 1214 1137 1264 hostes
1148 1215 1180 1265 ab
1195 1215 1333 1279 irruptione
1348 1217 1372 1266 in
1384 1231 1471 1282 agrum
1490 1216 1608 1268 facienda
1623 1219 1779 1283 prohiberet,

997 1318 1077 1383 siqua
1089 1319 1151 1379 loca
1164 1324 1192 1369 ut
1209 1321 1227 1369 ii
1248 1321 1364 1381 decorant,
1374 1322 1418 1386 qui
1434 1325 1507 1372 anteo
1524 1324 1632 1372 Ruinam
1649 1324 1778 1387 petierant.

997 1428 1083 1474 contra
1095 1424 1181 1474 urbem
1193 1425 1290 1476 munire
1310 1430 1468 1501 conarentur.
1502 1429 1603 1477 interea
1614 1442 1677 1478 sero
1690 1429 1779 1479 bellum

997 1530 1080 1589 etiam,
1091 1530 1161 1595 qnod
1170 1532 1245 1597 AEqnl
1255 1532 1388 1597 Volscique
1401 1534 1497 1584 Latinis
1511 1534 1662 1593 intulerant,
1678 1536 1781 1588 feliciter

996 1641 1036 1687 est
1059 1635 1220 1688 cannetum:
1243 1643 1269 1688 et
1291 1640 1371 1689 nuntii
1395 1639 1500 1705 quidam
1520 1642 1667 1693 retulerunt
1699 1644 1780 1694 hostes

997 1742 1083 1806 proelio
1102 1744 1182 1794 victos
1197 1759 1228 1795 ex
1239 1759 1324 1795 eorum
1335 1760 1394 1809 agro
1410 1747 1558 1809 exoessisse,
1573 1754 1601 1800 et
1610 1749 1636 1799 in
1646 1751 1779 1816 praesentia

929 1885 936 1905 ,
996 1851 1077 1900 socios
1092 1852 1167 1901 nullis
1178 1853 1279 1904 auxiliis
1292 1853 1400 1919 amplius
1416 1854 1536 1919 indigere.
1567 1859 1679 1909 Nautius
1698 1863 1779 1910 tamen

927 1973 935 1991 ν
996 1955 1074 2005 nihilo
1089 1957 1180 2012 minus,
1193 1958 1235 2008 ubi
1247 1973 1286 2009 res
1307 1959 1331 2009 ia
1349 1960 1451 2009 Etruria
1466 1963 1585 2013 Romanis
1599 1961 1710 2015 feliciter
1721 1979 1779 2015 snc-

996 2063 1079 2121 cessit,
1093 2065 1177 2128 copias
1186 2064 1285 2125 eduxit,
1298 2065 1413 2131 iactaque
1422 2066 1558 2132 irruptione
1568 2069 1688 2132 inegram
1703 2072 1778 2121 i‘ols·

996 2184 1091 2229 eornm,
1109 2184 1273 2236 inagnamqne
1284 2173 1339 2236 ejus
1354 2176 1452 2237 partem
1473 2173 1590 2225 θεεετίειιι
1610 2188 1749 2241 pervagans
1764 2212 1770 2234 ,

996 2283 1125 2347 perpaucis
1143 2285 1272 2349 mancipiis
1287 2286 1429 2349 exiguoque
1444 2284 1536 2351 peeoris
1548 2298 1651 2335 numero
1668 2290 1707 2335 est
1722 2300 1767 2350 po·

997 2392 1076 2441 titus:
1094 2392 1247 2456 incensisque
1262 2406 1348 2443 eornm
1371 2393 1457 2453 arsis,
1468 2407 1544 2458 quum
1556 2390 1707 2444 frumentum
1719 2396 1772 2458 jam

996 2506 1125 2553 maturum
1134 2506 1207 2563 esset,
1218 2502 1323 2567 aliisque
1340 2516 1388 2552 non
1399 2503 1486 2567 paucis
1498 2502 1597 2554 damnis
1612 2502 1688 2564 datis,
1704 2504 1776 2555 nullo

996 2627 1082 2665 seeum
1100 2613 1213 2678 congredi
1239 2613 1362 2675 audente,
1381 2615 1522 2666 exercitum
1548 2615 1663 2667 abdunt.
1698 2619 1777 2681 Atque

997 2724 1051 2774 hoee
1064 2722 1165 2788 quidem
1178 2723 1259 2775 abhis
1270 2723 1414 2774 consulibus
1424 2727 1483 2774 sunt
1493 2727 1574 2789 gesta.

1029 3001 1137 3050 xxxl'l.
1152 2999 1272 3049 Consules
1292 3011 1357 3048 auno
1375 2998 1490 3064 sumenti
1505 2997 1593 3055 creati,
1615 2999 1697 3050 dulus
1708 3002 1776 3051 llan-

998 3103 1079 3152 linset
1095 3102 1187 3152 Lucina
1198 3104 1296 3162 Furius,
1307 3105 1394 3153 senatu
1412 3103 1519 3154 atterum
1533 3117 1622 3154 eorum
1640 3106 1777 3157 exercitum

997 3209 1021 3257 in
1040 3208 1155 3258 veientes
1163 3205 1253 3256 ducere
1261 3208 1417 3268 decernente,
1439 3209 1521 3259 sortiti
1551 3215 1620 3272 sunt,
1644 3216 1777 3262 uteorum

996 3335 1051 3372 mos
1062 3323 1124 3382 erat,
1133 3320 1198 3368 inter
1209 3333 1235 3369 se
1243 3319 1274 3369 de
1285 3321 1363 3370 exitu.
1380 3321 1427 3379 Qui
1437 3335 1517 3385 qnnm
1530 3323 1622 3373 tlanlio
1632 3322 1699 3375 forte
1712 3326 1778 3375 obti-

996 3427 1083 3491 gisset,
1091 3425 1173 3490 copias
1184 3426 1297 3475 celeriter
1313 3425 1400 3475 cdnnit
1411 3430 1487 3491 atque
1505 3433 1588 3478 castra
1602 3442 1682 3494 prope
1696 3430 1778 3481 hostes

997 3533 1089 3597 prosint.
1123 3534 1238 3583 Veientes
1250 3546 1310 3581 vero
1324 3532 1409 3582 inclusi
1427 3532 1563 3591 ruoenihus,
1577 3537 1602 3583 et
1614 3536 1777 3596 restiterunt;

996 3644 1033 3697 et,
1047 3639 1133 3701 legatis
1151 3639 1176 3688 in
1188 3640 1269 3688 varias
1285 3641 1368 3701 partes
1381 3637 1474 3693 missis,
1490 3636 1649 3688 solicitahant
1671 3641 1777 3691 Etruria

997 3743 1100 3807 populos
1111 3746 1136 3792 et
1156 3742 1267 3800 sabinus,
1281 3753 1358 3789 novos
1376 3739 1464 3798 socios,
1484 3740 1583 3787 orantes
1597 3742 1627 3789 ut
1645 3741 1694 3791 sibi
1713 3742 1777 3793 cele·

997 3845 1057 3893 riter
1063 3857 1134 3907 opem
1146 3841 1245 3890 terrent.
1279 3841 1327 3890 Sed
1339 3855 1417 3906 quum
1431 3854 1446 3889 a
1459 3838 1534 3889 nullis
1549 3839 1641 3891 auxilia
1656 3842 1778 3908 impetra·

997 3950 1059 4003 rent,
1071 3947 1095 3993 et
1118 3945 1271 3990 mmmeatns
1292 3942 1344 4005 jam
1364 3943 1556 4003 auenniensem,
1570 3946 1720 3995 necessitate
1738 3960 1777 3996 eo-

995 4047 1053 4106 acti,
1075 4044 1106 4095 ad
1125 4043 1250 4092 consulem
1267 4043 1411 4106 prodierunt
1432 4058 1520 4094 eornm
1536 4047 1596 4093 natu
1623 4045 1730 4096 maximi
1752 4051 1776 4095 et

995 4140 1178 4192 honoratissimi
1204 4141 1315 4205 quique,
1341 4142 1480 4206 supplicum
1504 4141 1608 4204 insignia
1640 4144 1777 4207 proteren-

995 4250 1049 4303 tes,
1069 4249 1095 4293 et
1112 4242 1270 4292 obsecrantes
1288 4248 1314 4293 nt
1328 4243 1392 4294 bello
1411 4244 1468 4294 linis
1488 4244 1632 4308 imponeret.
1685 4248 1776 4299 Manlio

995 4350 1078 4396 autem
1100 4345 1249 4409 imperante,
1267 4351 1294 4395 nt
1309 4347 1382 4396 unius
1396 4349 1452 4397 anni
1473 4349 1625 4413 stipendium
1640 4356 1718 4416 atque
1737 4354 1776 4403 ei·

996 4449 1066 4499 baria
1081 4449 1105 4498 in
1116 4449 1179 4497 dnos
1195 4463 1292 4499 menses
1305 4451 1425 4500 exercitui
1443 4451 1545 4511 darent,
1564 4454 1653 4517 lrisqne
1670 4457 1776 4518 peractis

996 4556 1096 4602 Romam
1114 4552 1206 4613 legatus
1224 4554 1361 4614 mitterent,
1375 4555 1418 4620 qni
1431 4569 1489 4604 cnm
1502 4560 1589 4606 senatu
1605 4556 1636 4606 de
1653 4556 1720 4607 bello
1731 4559 1776 4609 de·

995 4653 1106 4720 ponendo
1119 4659 1230 4717 angerent,
1246 4656 1282 4705 illi
1296 4657 1344 4706 ista
1366 4657 1470 4708 libenter
1489 4662 1648 4722 acceptantes
1662 4664 1687 4709 et
1710 4661 1776 4712 cele·

994 4757 1055 4806 rrter
1065 4757 1184 4806 exercitui
1206 4758 1328 4821 stipendio
1341 4762 1366 4808 et
1379 4759 1481 4823 pecnnia
1502 4758 1556 4807 loco
1573 4759 1694 4810 frumenti
1719 4776 1775 4825 per-

994 4859 1070 4909 missu
1085 4858 1191 4907 consulis
1212 4858 1301 4915 allata.
1320 4862 1421 4908 Iturnam
1447 4859 1560 4917 iverunt3
1577 4862 1602 4907 et
1620 4860 1645 4909 in
1660 4865 1773 4910 senatum

993 4963 1095 5013 admissi
1116 4962 1212 5012 veniam
1239 4961 1439 5025 praeteritorum,
1465 4965 1490 5013 et
1515 4963 1689 5026 inposterum
1709 4964 1775 5015 bello

993 5069 1091 5121 liberari
1119 5067 1251 5132 petierunt.
1286 5067 1372 5117 Multis
1388 5072 1471 5117 erutum
1487 5069 1569 5119 verbis
1589 5070 1615 5119 iu
1636 5075 1775 5134 utrumqne

991 5175 1087 5234 partem
1100 5168 1181 5232 sactis,
1193 5182 1222 5218 en
1235 5170 1356 5219 sententia
1376 5171 1449 5231 vicit,
1463 5185 1520 5236 qnae
1543 5170 1625 5221 faedus
1649 5188 1709 5224 eum
1724 5170 1775 5221 illia
