3772 5828
629 362 925 450 narlourraruu
947 378 1095 438 nonan.
1119 379 1196 442 arn.
1220 379 1260 438 ιι.
1696 378 1736 439 ao

134 514 235 573 πόντων
251 509 299 589 μέν
314 511 340 586 γ’
354 507 484 587 θπραθείς
499 507 586 579 ἅπαξ,
597 507 686 566 ἔπειτα
699 507 746 578 τήν
760 508 905 587 ἐλευθερίαν

135 601 283 682 εὑρόμενος,
301 602 381 656 αὑτοῦ
397 598 427 657 τὸ
440 597 529 656 λοιπὸν
542 596 594 669 ήδη
608 595 695 676 κύριός
712 599 795 655 ἐστιν·
808 598 863 663 υίὸς
876 597 904 655 δέ

134 688 238 767 πραθεὶς
254 685 303 744 tri
316 683 487 764 τοῦπατρὸς,
502 685 526 742 εί
537 682 637 761 γένοιτο
651 683 794 763 ἐλεύθερος,
807 683 857 742 tat
867 687 904 761 τῷ

133 775 214 854 πατρί
234 773 315 831 πάλιν
332 770 446 849 ἐγένετο·
463 768 513 828 κάν
527 770 557 827 τὸ
573 768 690 848 δεύτερον
711 771 905 845 ἀπεμποληθείς

93 874 106 909 ⁵
132 885 160 920 τε
181 860 229 921 καλ
247 857 424 940 ἐλευθερωθεὶς
439 858 529 923 δούλας
543 856 633 936 ὥσπερ
655 857 680 926 ἐξ
696 861 779 937 ἀρχῆς
793 863 838 916 τοῦ
856 882 906 918 πα·

132 948 192 1028 τρδς
206 940 256 1023 ῆν,
276 944 343 1025 μετά
361 944 452 1016 δέτὴν
467 946 558 1021 τρίτην
573 955 671 1024 πρᾶσιν
690 946 846 1016 ἀπήλλακτο
860 952 904 1004 τοῦ

133 1035 241 1115 πατρός.
281 1037 378 1096 Τοῦτον
393 1032 437 1092 τδν
449 1031 529 1108 νόμον
543 1033 569 1090 ἐν
581 1034 676 1111 ἀρχαῖς
691 1034 738 1110 μὲν
751 1035 774 1091 οἱ
789 1036 906 1112 βασιλεῖς

136 1123 275 1200 ἐφύλαττον
300 1119 353 1182 εέτε
377 1117 558 1199 γεγραμμένον
583 1119 629 1177 εἴτ’
656 1119 787 1200 ἄγραφον·
806 1123 835 1178 ού
854 1119 906 1202 γάρ

135 1210 191 1290 ἐχω
204 1211 234 1270 τὸ
249 1207 328 1291 σαφές
349 1209 449 1266 εἰπεῖν·
467 1206 592 1265 ἁπάντων
608 1207 748 1282 κράτιστον
765 1207 906 1286 ἡγούμενοι

82 1312 108 1351 10
133 1298 229 1375 νόμων.
270 1295 470 1365 Καταλυθείσης
487 1294 515 1352 δέ
533 1298 579 1365 τῆς
596 1294 756 1374 μοναρχίας,
771 1294 813 1353 δτε
830 1301 905 1373 πρῶ-

134 1408 177 1446 τον
191 1385 273 1466 ἐφάνη
287 1383 432 1462 Ῥωμαίοις
442 1383 560 1450 ἅπαντας
574 1382 632 1449 τοὺς
646 1383 772 1463 πατρίους
785 1383 907 1459 ἐθισμούς

134 1497 164 1532 τε
181 1473 226 1533 καλ
242 1473 337 1551 νόμους
357 1472 414 1550 ἀμα
434 1472 487 1538 τοῖς
502 1471 665 1537 ἐπεισάκτοις
680 1475 706 1530 ἐν
721 1475 804 1553 ἀγορᾷ
824 1477 907 1529 θεῖναι

136 1559 261 1641 φανερούς
275 1560 361 1622 ἅπασι
375 1564 428 1627 τοῖς
442 1557 575 1630 πολίταις,
589 1555 632 1614 ἵνα
648 1557 685 1634 μή
701 1558 908 1636 συμμεταπίπτῃ

136 1647 170 1707 sd
183 1646 258 1707 κοινδι
271 1646 361 1706 δίκαια
372 1650 430 1712 ταῖς
448 1647 499 1704 τῶν
515 1644 649 1725 ἀρχόντων
665 1644 810 1716 ἐξουσίαις,
822 1649 846 1704 οἱ
860 1647 909 1703 λα·

138 1736 228 1802 όόντες
243 1735 317 1813 παρὰ
337 1740 383 1793 τοῦ
398 1734 482 1810 δήμου
496 1734 544 1803 τήν
560 1733 678 1802 ἐξουσίαν
692 1737 739 1804 τῆς
753 1737 909 1812 συναγωγῆς

136 1847 164 1883 τε
178 1824 225 1881 καῖ
241 1824 393 1902 ἀναγραφῆς
409 1823 493 1880 αὐτῶν
506 1820 570 1880 δέκα
588 1821 696 1901 ἀνδρες,
714 1820 773 1899 ἀμα
788 1825 843 1888 τοῖς
858 1821 906 1880 ἀλ·

134 1914 190 1977 λοις
205 1909 354 1990 ἀνέγραψαν
367 1909 466 1987 νόμοις·
481 1911 526 1968 καὶ
545 1908 615 1968 ἔστιν
632 1913 658 1969 ἐν
678 1915 711 1992 τῇ
727 1911 841 1991 τετάρτῃ
855 1911 908 1970 τῶν

136 1999 284 2075 λεγομένων
307 1997 407 2056 δώδεκα
432 1997 547 2070 δέλτων,
564 1998 594 2065 ἀς
614 1998 738 2059 ἀνέθεσαν
764 1999 790 2055 ἐν
813 2001 907 2076 ἀγορᾷ.

136 2084 202 2146 Ὀτι
220 2087 243 2144 δ’
263 2088 312 2166 οὐχ
334 2079 357 2145 σέ
381 2086 471 2166 ἄνδρες
487 2086 569 2157 δέκα,
594 2089 618 2144 ol
642 2085 800 2166 τριακοσίοις
825 2085 909 2144 ἐτεσιν

136 2175 241 2253 ὕστερον
256 2173 450 2253 ἀποδειχθέντες
464 2174 508 2231 ἐπὶ
517 2173 566 2245 τήν
579 2175 732 2254 ἀναγραφὴν
745 2177 796 2231 τῶν
808 2173 908 2250 νόμων,

136 2266 235 2340 πρῶτοι
261 2267 351 2322 τοῦτον
375 2259 551 2341 εἰσηγήσαντο
575 2261 619 2319 τὸν
643 2262 721 2336 νόμον
746 2260 906 2338 Ῥωμαίοις,

139 2354 197 2410 ἀλλ’
215 2355 243 2410 ἐκ
259 2353 358 2409 πολλοῦ
375 2349 494 2425 κείμενον
517 2348 717 2427 παραλαόόντες
733 2351 781 2407 οὐκ
795 2349 909 2425 ἐτόλμη-

137 2462 186 2497 σαν
204 2442 320 2510 ἀνελεῖν,
335 2439 364 2495 ἐκ
378 2437 484 2496 πιλλῶν
501 2434 547 2511 μέν
567 2436 612 2493 καλ
627 2435 715 2493 ἀλλων
732 2434 909 2510 καταλαμόά-

138 2549 230 2600 νομαι,
247 2525 364 2602 μάλιστα
379 2526 401 2581 δ’
422 2525 452 2582 ἐκ
462 2526 514 2580 τῶν
525 2522 605 2594 Νόμα
621 2524 772 2598 Πομπιλίου
788 2520 911 2598 τοῦμετὰ

140 2611 280 2685 Ῥωμύλον
296 2609 419 2689 ἄρξαντος
442 2610 545 2686 νόμων,
560 2614 585 2669 ἐν
602 2602 638 2676 οἷς
658 2610 705 2670 καὶ
728 2603 802 2679 ούτσς
817 2611 912 2692 γέγρα-

140 2722 221 2757 πται·
241 2696 312 2770 ἘθινΙ
333 2697 423 2778 πατὴρ
444 2701 493 2778 υἱῷ
516 2698 674 2779 συγχωρήσῃ
690 2708 800 2776 γυναῖκα
816 2699 912 2779 ἀγαγέ-

137 2790 200 2845 σθαι
231 2783 354 2843 κοινωνὸν
386 2784 512 2864 ἐσομένην
536 2789 613 2864 ίερῖιν
641 2810 671 2845 τε
696 2784 742 2844 καῖ
763 2787 910 2865 χρημάτων

136 2873 206 2933 κατὰ
234 2872 292 2938 τοὺς
315 2873 421 2949 νόμους,
450 2873 619 2950 μηκέτιτήν
642 2873 759 2943 ἐξουσίαν
785 2865 852 2934 εέναι
870 2878 908 2955 τῷ

136 2961 218 3038 πατρί
239 2961 337 3018 πωλεῖν
360 2959 404 3019 τδν
428 2962 493 3021 υίόν.
556 2959 645 3041 Ὅπερ
668 2963 715 3020 σθκ
739 2960 769 3021 ἀν
798 2960 911 3042 ἐγραψεν

82 3064 110 3102 ³⁰
138 3052 161 3108 εἷ
188 3049 224 3125 μή
253 3049 322 3108 κατὰ
344 3045 404 3116 τούς
426 3048 566 3128 προτέρους
592 3049 683 3125 νόμους
708 3049 827 3118 ἅπαντας
852 3049 911 3120 ἐξῆν

139 3141 176 3216 τῷ
193 3137 273 3214 πατρί
289 3138 387 3195 πωλεῖν
410 3135 471 3202 τοὺς
494 3140 575 3206 υἱούς.
620 3137 689 3207 Ἀλλ’
703 3136 770 3218 θπέρ
790 3137 837 3215 μέν
853 3136 913 3198 τού-

138 3247 190 3280 των
213 3221 280 3289 ἅλις·
326 3225 456 3302 βούλομαι
478 3225 505 3282 δέ
528 3225 573 3283 καὶ
595 3223 640 3283 τδν
664 3226 744 3285 ἀλλον
763 3226 807 3285 ἐπὶ
831 3248 913 3306 κεφα-

139 3309 220 3369 λαίων
232 3314 341 3371 διελθεῖν
353 3311 468 3388 κόσμον,
483 3303 505 3394 ᾧ
519 3311 577 3379 τοθς
589 3316 641 3372 τῶν
654 3314 763 3372 ἰδιωτῶν
778 3319 792 3374 δ
805 3312 914 3391 Ῥωμύ-

140 3402 184 3464 λος
198 3401 328 3476 ἐκόσμησε
345 3399 424 3479 βίους.

83 3511 111 3549 σε
181 3489 308 3551 xlivlll.
324 3487 411 3570 Ὁρῶν
422 3490 473 3570 γδιρ
485 3489 563 3550 δτιτθ
574 3490 713 3570 σωφρόνως
729 3495 775 3564 ζῆν
792 3490 911 3559 ἅπαντας

142 3575 189 3633 καλ
197 3575 230 3632 ri
241 3576 328 3637 δίκαια
335 3578 386 3657 πρδ
394 3582 445 3636 τῶν
459 3577 607 3659 κερδαλέων
618 3582 760 3658 αἱρεῖσθαι,
773 3581 912 3662 καρτερίαν

144 3685 173 3720 τε
183 3661 229 3733 τήν
240 3663 312 3744 παρδ
323 3664 381 3733 τούς
395 3666 487 3734 πόνους
502 3668 592 3726 ἀσκεῖν
606 3667 651 3726 καί
662 3667 742 3744 μηδέν
757 3668 913 3745 θπολαμόά-

144 3773 196 3808 νειν
207 3754 298 3831 χρῆμα
312 3753 464 3833 τιμιώτερον
483 3756 593 3835 ἀρετῆς,
608 3759 637 3814 ού
650 3756 733 3832 λόγων
747 3757 842 3835 διδαχῇ
858 3779 912 3814 πα-

143 3839 293 3917 ραγίνεσθαι
303 3844 356 3902 τοῖς
369 3843 512 3908 πολιτικοῖς
529 3842 640 3912 πλήθεσι
652 3843 780 3923 πέφυκεν,
793 3846 819 3902 ἐν
836 3834 874 3910 οἷς
883 3846 913 3905 τὸ

82 3942 111 3986 to
141 3928 229 3986 πλεῖόν
239 3928 293 3987 ἐστι
305 3930 470 4007 δυσάγωγον,
487 3929 544 3989 ἀλλ’
559 3929 641 4011 ἔργων
656 3935 771 4006 ἐθισμοῖς
784 3936 835 3992 τῶν
848 3933 912 4014 πρθς

140 4014 253 4089 ἐκάοτην
267 4016 363 4097 ἀρετήν
380 4018 511 4095 ἀγόντων,
535 4019 578 4076 ὑπ’
597 4020 711 4096 ἀνάγκης
730 4045 758 4079 τε
782 4018 912 4098 μᾶλλονῆ

140 4103 209 4163 κατίι
239 4102 346 4184 γνώμην
371 4109 412 4166 ἐπ’
442 4106 508 4166 αὐτὰ
538 4107 597 4175 τοὺς
622 4109 733 4175 πολλοὺς
759 4109 911 4190 παραγομέ-

140 4214 215 4267 νους,
232 4195 254 4250 el
270 4193 297 4251 δέ
309 4191 390 4269 μηδέν
413 4193 453 4267 εἴη
474 4195 503 4254 τδ
517 4198 634 4254 κωλῦσον
650 4197 693 4254 ἐπὶ
707 4201 754 4268 τήν
768 4199 843 4276 φύσιν
859 4200 912 4256 θλι-

142 4279 294 4346 σθαίνοντας
312 4280 401 4356 εἰδὼς,
415 4281 573 4361 ἐπιδιφρίους
588 4283 635 4359 μέν
650 4286 695 4342 καὶ
711 4284 854 4363 βαναύσους
868 4287 913 4345 καὶ

85 4385 112 4422 νε
141 4365 326 4444 προσαγωγοὺς
354 4372 497 4448 ἐπιθυμιῶν
519 4372 636 4449 αέσχριῗιν
657 4371 768 4451 τέχνας,
786 4374 821 4438 dr<
846 4375 914 4453 ἀφα-

141 4454 259 4524 νιζούσας
278 4456 324 4515 καί
346 4455 539 4530 λυμαινομένας
561 4459 594 4515 τά
615 4481 643 4517 τε
668 4458 781 4531 σώματα
801 4459 846 4518 καλ
868 4459 914 4527 τὰς

140 4542 227 4620 ψυχὰς
240 4544 292 4602 τῶν
305 4543 570 4624 μεταχειριζομένων,
585 4545 683 4612 δούλοις
698 4546 742 4604 καὶ
756 4544 833 4614 ξένοις
848 4545 912 4605 ἀπέ·

142 4629 209 4686 δωκε
223 4630 388 4703 μεθοδεύειν·
400 4630 447 4690 καλ
460 4631 585 4707 διέμεινεν
600 4633 649 4699 έως
659 4635 759 4692 πολλοῦ
771 4634 839 4692 πάνυ
849 4634 914 4714 χρό·

140 4739 185 4776 νου
198 4716 231 4774 δι’
246 4718 371 4799 αἰσχύνης
385 4718 447 4779 ὄντα
461 4717 604 4795 Ῥωμαίοις
623 4722 656 4777 sd
670 4721 771 4780 τοιαῦτ’
786 4719 849 4800 ἐργα
870 4721 915 4780 καί

85 4831 114 4870 σν)
141 4807 186 4863 ὑπ’
205 4807 306 4873 οὐδενὸς
322 4811 373 4866 τῶν
393 4810 532 4884 αύθιγενῶν
558 4809 772 4883 ἐπιτηδευόμενα.
813 4807 866 4868 Δύο
886 4810 913 4867 δὲ

141 4895 208 4969 μόνα
223 4898 276 4959 τοῖς
290 4896 430 4976 ἐλευθέροις
442 4896 637 4972 ἐπιτηδεύματα
649 4899 788 4969 κατελιπε,
799 4897 833 4955 τὰ
847 4897 914 4955 κατὰ

138 4982 269 5061 γεωργίαν
286 4983 331 5042 καὶ
344 4983 377 5042 τά
390 4983 459 5043 κατδι
474 4983 619 5062 πολέμους,
634 4988 701 5062 δρῶν
714 4983 755 5044 ότι
764 4984 877 5063 γαστρός
890 4987 914 5042 τ’

140 5070 276 5148 desporat
290 5073 405 5147 γίνονται
425 5070 467 5130 tri
481 5072 586 5139 τούτους
606 5070 664 5139 τούς
681 5071 752 5151 βίους
766 5074 915 5150 ἐγκρατεῖς,

141 5157 299 5239 αφροδισίοες
313 5160 336 5219 θ’
353 5150 430 5232 ήττον
447 5156 598 5218 ἁλίσκονται
617 5158 788 5240 παραύόμυις,
806 5160 913 5217 πλεονε-

961 516 1049 569 deinde
1064 518 1203 568 libertatem
1223 518 1327 581 adeptus
1342 531 1367 566 ιιι
1379 521 1504 580 posterum
1515 519 1553 566 sui
1570 518 1630 567 iuris
1645 522 1697 580 est;
1709 523 1735 569 al

960 623 1024 673 trtius
1036 639 1051 674 a
1065 628 1135 688 patre
1146 624 1315 686 mancipatus,
1329 623 1351 672 si
1363 622 1482 672 liberatus
1494 623 1583 683 luerit,
1601 623 1698 674 redibat
1711 625 1736 675 ln

960 731 1106 792 potestatem
1122 728 1199 791 patris
1224 746 1229 776 :
1253 733 1279 778 et
1300 729 1390 777 iterum
1405 726 1560 792 mancipatus
1580 731 1605 777 et
1626 727 1738 779 libertate

959 830 1080 889 donatus,
1093 842 1179 880 servus
1194 829 1270 892 patris
1285 834 1313 878 ut
1326 831 1382 879 ante
1395 829 1478 879 fiebat.
1511 829 1559 878 Sed
1570 834 1625 893 post
1639 830 1738 882 tertiam

960 934 1061 984 domum
1077 935 1241 985 venditionem
1260 948 1290 984 ex
1311 935 1389 999 patris
1404 938 1527 998 potestate
1548 936 1637 986 exibat.
1671 937 1739 987 Rauc

960 1042 1039 1105 legem
1060 1039 1129 1089 initio
1147 1053 1232 1103 reges,
1254 1038 1306 1088 sire
1326 1039 1455 1102 scripturn,
1479 1040 1533 1089 sive
1554 1039 1738 1104 conscriptam

960 1142 1121 1206 (nequeenim
1132 1140 1193 1190 certi
1199 1140 1332 1203 quidquam
1343 1154 1441 1204 possum
1452 1142 1615 1202 contendere)
1626 1146 1738 1202 omnium

962 1249 1189 1314 prestantissimam
1208 1248 1328 1298 ducentes
1350 1247 1521 1299 observarunt.
1561 1251 1664 1304 Sublato
1680 1269 1739 1305 vcro

961 1364 1049 1413 regno,
1062 1363 1119 1400 cum
1139 1350 1243 1413 primum
1259 1351 1348 1414 populo
1363 1353 1472 1402 Romano
1494 1354 1573 1403 risum
1596 1360 1634 1405 est
1654 1370 1739 1408 omnes

962 1451 1054 1516 patrios
1066 1462 1148 1500 mores
1160 1452 1186 1501 et
1202 1450 1269 1512 leges
1280 1465 1328 1501 una
1345 1465 1402 1501 curn
1423 1453 1521 1504 aliunde
1532 1454 1632 1505 adscitis
1646 1457 1671 1506 iu
1685 1458 1739 1508 loro

963 1553 1043 1618 palam
1056 1550 1169 1603 omnibus
1180 1551 1277 1602 civibus
1292 1567 1439 1617 proponere,
1453 1569 1483 1604 uo
1496 1556 1534 1604 ius
1546 1556 1671 1618 publicum
1682 1572 1739 1609 cum

963 1653 1015 1717 ipsa
1022 1652 1211 1717 magistratuum
1221 1658 1342 1718 potestate
1353 1655 1472 1713 interiret,
1481 1656 1622 1713 decemviri,
1631 1660 1739 1721 quibusa

964 1761 1054 1824 populo
1067 1762 1177 1825 potestas
1188 1760 1246 1810 data
1259 1762 1340 1811 iuerat
1351 1762 1540 1825 colligendarum
1555 1770 1581 1816 et
1589 1767 1740 1818 conscriben-

964 1864 1052 1915 darum
1066 1864 1161 1930 legum,
1173 1878 1227 1916 eam
1247 1866 1311 1916 inter
1322 1870 1418 1917 ceteras
1429 1869 1567 1919 retulerunt
1586 1889 1593 1918 ε
1610 1875 1740 1937 exstatque

964 1971 989 2020 in
1000 1972 1089 2034 quarta
1097 1984 1132 2020 ιιι
1142 1970 1293 2033 tabularum,
1303 1975 1430 2034 quastunc
1441 1972 1466 2022 lu
1477 1973 1530 2023 loro
1541 1988 1654 2038 posuere.
1687 1981 1741 2028 lton

963 2076 1048 2124 autem
1061 2072 1231 2134 decemviros,
1244 2073 1288 2139 qui
1298 2074 1416 2125 trecentis
1427 2080 1482 2142 post
1498 2077 1568 2128 annis
1586 2077 1668 2143 legum
1680 2092 1739 2130 cou-

964 2178 1147 2230 scribendarum
1167 2192 1256 2230 caussa
1275 2180 1352 2231 creati
1375 2184 1458 2242 erant,
1484 2182 1576 2245 primos
1595 2182 1622 2239 tu
1639 2197 1739 2250 tempu·

966 2280 1053 2330 blicam
1072 2282 1207 2331 Romanam
1225 2279 1290 2331 banc
1309 2281 1387 2344 legem
1404 2280 1587 2345 introduxisse,
1601 2283 1646 2334 scd
1663 2284 1742 2336 multo

964 2379 1107 2431 antelatam
1122 2382 1148 2430 et
1165 2384 1287 2444 receptam
1305 2381 1390 2431 tollere
1403 2395 1479 2433 ausos
1494 2397 1541 2433 nou
1554 2397 1622 2441 esse.
1641 2397 1698 2436 enm
1711 2399 1741 2437 ex

964 2482 1049 2532 multis
1060 2482 1115 2533 aliis
1127 2482 1228 2547 colligo,
1243 2488 1297 2533 tum
1310 2498 1368 2534 rero
1386 2486 1510 2551 praecipue
1523 2500 1554 2537 ex
1567 2489 1657 2538 Numa
1668 2488 1742 2539 Pom-

965 2582 1016 2646 pilii
1037 2581 1145 2645 legibus,
1163 2582 1205 2647 qui
1229 2587 1284 2647 post
1303 2585 1433 2635 Romulum
1454 2588 1564 2651 regnarit
1586 2606 1592 2638 :
1613 2589 1744 2653 inquibus

964 2689 1039 2739 etium
1055 2688 1109 2739 brec
1124 2693 1206 2739 extat:
1224 2710 1235 2732 κ
1247 2691 1271 2738 si
1284 2693 1355 2754 pater
1369 2692 1508 2756 permiserit
1517 2693 1569 2754 filio
1581 2709 1682 2746 uxorem
1693 2696 1743 2746 du·

968 2810 980 2834 a
997 2803 1068 2851 cere,
1089 2804 1147 2854 ηοω
1165 2804 1193 2842 er
1216 2790 1310 2855 legibus
1326 2793 1449 2857 particeps
1472 2794 1505 2845 sit
1525 2797 1551 2847 et
1571 2804 1698 2847 sacrorum
1718 2802 1744 2850 et

968 2916 980 2940 ι
997 2896 1133 2958 bonorum,
1153 2897 1218 2961 patri
1244 2897 1346 2961 posthac
1366 2899 1461 2949 nullum
1482 2898 1522 2949 ius
1547 2904 1600 2951 esto
1621 2901 1745 2954 vendendi

968 3022 980 3047 ι
998 3000 1083 3052 filium.
1099 3000 1199 3058 »Quod
1216 3014 1265 3051 non
1283 3001 1428 3066 scripsisset,
1452 3001 1499 3052 nisi
1518 3016 1563 3068 per
1573 3016 1658 3055 omnes
1672 3017 1744 3070 supa·
1775 3037 1778 3043 -

967 3104 1044 3155 riores
1059 3103 1125 3167 leges
1141 3103 1205 3169 patri
1218 3102 1297 3153 lilium
1314 3104 1420 3154 rendere
1439 3104 1560 3156 licuisset.
1595 3106 1643 3157 Sed
1657 3106 1688 3158 de
1701 3107 1741 3159 lais

966 3207 1035 3258 satis.
1069 3206 1132 3257 volo
1152 3209 1234 3257 autern
1255 3207 1397 3256 summatim
1417 3209 1443 3256 et
1465 3206 1533 3258 aliud
1555 3208 1652 3259 Romuli
1674 3222 1744 3272 egre-

967 3309 1033 3372 gium
1058 3308 1199 3359 institutum
1229 3320 1390 3371 percurrere,
1410 3321 1461 3372 quo
1484 3306 1635 3371 privatorum
1668 3309 1745 3360 vitam

966 3408 1070 3458 omarit.

999 3507 1111 3556 xxvni.
1126 3502 1266 3558 cumcuim
1285 3502 1489 3554 animadverteret
1505 3507 1584 3555 emtus
1602 3504 1701 3568 civiles,
1716 3508 1746 3557 ut

967 3600 1131 3660 temperanter
1142 3596 1261 3652 virerent,
1275 3599 1299 3645 et
1311 3596 1429 3645 iustitiam
1440 3595 1508 3645 lucro
1519 3601 1707 3661 anteponerent,
1720 3600 1746 3650 et

967 3692 991 3740 in
1003 3687 1127 3739 laboribus
1139 3685 1272 3737 tolerandis
1282 3699 1309 3736 se
1324 3691 1475 3747 exercerent,
1488 3687 1654 3752 virtutemque
1668 3691 1746 3740 omni-

969 3782 1014 3831 bus
1025 3779 1100 3829 rebus
1113 3778 1282 3843 pretiosiorem
1295 3778 1479 3839 existimarent,
1489 3779 1621 3829 verborum
1634 3779 1745 3832 doctrina

968 3886 1014 3921 non
1030 3871 1101 3921 tacite
1115 3870 1224 3931 adduci,
1245 3870 1363 3935 quonium
1377 3870 1457 3919 maior
1469 3884 1554 3920 corum
1574 3886 1631 3935 pars
1645 3872 1745 3925 difficile

968 3964 1067 4014 tractari
1075 3963 1211 4028 possit,sed
1221 3962 1396 4013 consuetudine
1404 3977 1515 4026 operum,
1528 3977 1584 4026 qum
1598 3965 1745 4016 tremincsad

967 4070 1166 4120 unamquamque
1175 4056 1294 4105 virtutem
1305 4054 1401 4105 ducunt
1414 4075 1420 4106 ε
1434 4059 1525 4105 etcum
1537 4055 1609 4106 sciret
1618 4056 1745 4122 plerosque

966 4152 1009 4214 qui
1023 4151 1101 4201 coacti
1114 4151 1197 4214 potius
1211 4163 1286 4212 quam
1298 4152 1384 4212 sponte
1400 4148 1431 4198 ad
1446 4162 1476 4199 ea
1492 4163 1567 4213 opera
1584 4151 1743 4213 accederent,

969 4245 990 4293 st
1002 4242 1097 4294 nullum
1113 4245 1179 4293 esset
1193 4241 1408 4306 impedimentum,
1422 4240 1500 4293 relabi
1513 4240 1545 4291 ad
1557 4241 1660 4292 insitum
1673 4242 1745 4304 bige-

968 4337 1044 4397 nium,
1053 4339 1118 4386 artes
1132 4334 1234 4399 quidem
1244 4333 1396 4384 sedentarias
1405 4337 1480 4397 atque
1489 4333 1620 4385 illiberales
1628 4333 1690 4384 etad
1702 4332 1748 4381 [ω.

968 4428 1165 4493 dascupiditates
1177 4427 1336 4491 impellentes,
1349 4427 1440 4490 qnippe
1451 4440 1506 4491 quae
1513 4440 1614 4491 corpora
1621 4424 1745 4476 etanimos

969 4521 1095 4571 bominum
1110 4518 1272 4571 exercentium
1287 4521 1471 4583 corrumperent
1485 4522 1511 4569 et
1529 4516 1744 4576 commacularent,

968 4614 1080 4663 cerviset
1090 4612 1222 4676 peregrinis
1236 4610 1383 4662 exercendas
1392 4610 1470 4672 dcdit;
1481 4613 1508 4660 et
1517 4609 1559 4660 diu
1569 4608 1633 4673 apud
1653 4609 1742 4658 Roma·

968 4717 1013 4753 nos
1021 4704 1076 4754 baec
1084 4717 1158 4768 opera
1165 4703 1323 4766 ignominiosa
1335 4702 1418 4752 habita
1428 4704 1494 4763 sunt,
1504 4714 1550 4751 nec
1559 4701 1624 4750 ullus
1630 4696 1743 4760 indigena

969 4809 998 4845 ea
1018 4795 1136 4847 exercuit.
1170 4799 1224 4846 Duo
1238 4810 1297 4846 vero
1317 4795 1369 4845 sola
1381 4794 1463 4845 studia
1477 4790 1587 4856 ingenuis
1603 4787 1745 4839 hominibus

968 4886 1082 4951 reliquit,
1096 4888 1268 4952 agriculturam
1285 4891 1310 4937 et
1326 4892 1404 4938 artem
1418 4885 1527 4936 bellicam
1547 4881 1626 4944 :quia
1643 4879 1746 4934 ridebat

968 4979 1056 5029 borum
1072 4980 1129 5029 rilae
1142 4993 1259 5042 generum
1273 4979 1391 5028 beneficio
1400 4975 1512 5026 homines
1523 4972 1603 5023 nentri
1610 4976 1741 5037 inperare,

968 5076 993 5123 ct
1003 5072 1086 5123 illicita
1096 5086 1183 5122 venere
1193 5073 1274 5121 minus
1283 5071 1345 5133 capi,
1357 5082 1434 5133 neqm
1444 5068 1606 5132 eosquastus
1615 5080 1740 5130 exercere,

969 5166 1012 5231 qui
1022 5179 1053 5216 ex
1063 5164 1158 5216 iniuriis
1170 5164 1264 5215 mutuis
1272 5164 1348 5225 lunt,
1360 5162 1403 5212 scd
1412 5163 1504 5225 eosqui
1514 5176 1544 5213 ex
1554 5161 1667 5214 hostibus
1675 5175 1741 5214 emo·
