3772 5828
182 428 241 488 i32
702 427 873 489 haesisti
895 426 1274 493 thlcnttnnsffinsts
1313 474 1316 481 -

177 581 193 613 -n
217 561 289 618 τοῦτο
303 557 355 636 γὰρ
375 556 439 621 ἴσως
463 559 560 615 ποθεῖτ’
585 560 694 616 ἀκοῦσαι
719 560 815 618 πάλαι·
832 566 876 618 νῦν
900 562 951 634 ἤδη
979 602 983 662 γ
1009 573 1116 634 «gessit
1129 574 1192 633 (hoo
1203 574 1269 623 enirn
1291 574 1395 624 tortasse
1407 574 1552 637 iampridem
1572 576 1658 628 audire
1668 571 1786 644 συριιῖεῖ

182 646 374 723 ιπειράσομαι
389 644 485 721 λέγειν.
527 643 600 722 Ἐγὼ
624 650 721 721 νομίζω
742 648 883 727 κρατίστας
905 648 953 725 μὲν
980 668 984 719 Ι
1009 683 1021 706 ιι
1039 678 1103 714 nuuc
1122 664 1205 716 dicere
1228 665 1343 716 conabor.
1376 666 1495 729 Equidem
1510 679 1598 716 oeuseo
1614 681 1668 718 οισι
1690 682 1779 734 pscern

181 763 194 788 ι
216 724 284 791 εἶναι
305 733 448 808 διαλλαγὰς
463 734 508 790 καί
523 733 745 812 πρεπωδεστάτας
759 736 895 813 συγγενέσι
908 736 954 796 καί
1009 776 1022 800 n
1040 758 1104 808 inter
1121 763 1238 821 cognatos
1249 762 1275 809 gt
1285 759 1378 808 amicos
1392 772 1447 809 ως
1456 759 1682 822 praesmntissimgm
1694 766 1720 813 gg
1730 762 1777 813 120.

183 851 196 874 ιι
216 821 298 901 φίλοις
319 819 384 900 πρθς
399 821 546 898 ἀλλήλους,
563 825 589 880 ἐν
607 812 647 887 αἶς
668 822 742 880 οὐδέν
758 825 827 882 έστιν
850 825 954 900 ἔγκοτον

141 936 154 973 5
184 939 195 962 ι
217 911 275 968 οὐδὲ
300 909 477 986 μνησίκακον,
501 911 616 989 ἀφέσεως
645 910 729 968 ἀπασι
751 911 816 990 πρὸς
838 911 955 979 ἅπαντας

183 1027 195 1052 ιι
217 997 283 1074 θπίρ
307 986 343 1054 ὧν
359 994 474 1075 έδρασαν
488 993 506 1066 ή
522 994 618 1056 ἔπαθον
633 997 726 1058 ἀδόλου
740 1000 888 1076 γινομένης·
903 991 922 1072 ἦ
940 1035 954 1046 -

182 1114 194 1139 ιι
216 1108 259 1143 τον
278 1085 305 1141 δὲ
327 1084 423 1143 τούτων
448 1086 603 1163 εὐπρεπεῖς,
627 1087 654 1143 ἐν
670 1076 711 1153 αἷς
735 1086 765 1145 τὸ
790 1086 837 1162 μίν
859 1090 956 1160 πλῆθος

182 1201 194 1228 ι
217 1173 360 1231 ἀπολύεται
374 1175 426 1230 τῶν
442 1172 633 1250 ἐγκλημάτων,
650 1177 674 1232 οἱ
689 1175 711 1232 θ’
725 1175 896 1245 ἀδικήσαντες
908 1179 955 1236 ἀλ·

182 1290 195 1316 ιι
217 1261 314 1331 λήλους
330 1261 524 1337 ἀναγκάζονται
539 1260 613 1328 δίκας
627 1262 734 1342 ὑπέχειν
749 1264 819 1344 λόγῳ
833 1265 956 1343 κρινόμε-

128 1382 154 1423 to
182 1377 195 1401 ι
216 1371 255 1407 νοι
278 1350 323 1407 καί
346 1348 427 1426 νόμῳ.
470 1346 577 1407 Τούτων
602 1349 634 1421 δὴ
655 1353 707 1408 τῶν
725 1351 873 1428 διαλλαγῶν
897 1351 956 1426 ἀμοθ

182 1462 194 1490 ιι
217 1435 265 1513 μὲν
281 1435 352 1493 δοκεῖ
369 1440 469 1514 χρῆναι
483 1435 531 1504 τθς
546 1436 754 1518 εὐπρεπεστέρας
774 1438 820 1495 καὶ
838 1443 954 1516 μεγαλο-

183 1554 195 1578 ι
216 1522 363 1604 φυχοτέρας
384 1530 456 1600 ἡμᾶς
477 1523 599 1596 ἑλέσθαι,
614 1526 659 1583 καί
672 1528 780 1603 γνώμην
795 1525 882 1585 θέσθαι
897 1529 957 1607 περὶ

182 1643 194 1666 ιι
218 1611 328 1690 μηδενὸς
342 1614 413 1687 ἡμᾶς
428 1612 552 1686 ἀλλήλοις
566 1621 750 1689 μνησικακεῖν.
793 1611 832 1673 Σύ
848 1615 870 1674 δ’
883 1618 906 1674 εἰ
918 1614 956 1692 μὴ

181 1730 194 1754 ι
219 1698 308 1778 βούλει
324 1696 526 1757 διαλλάττεσθαι
537 1703 627 1758 τοῦτον
639 1700 683 1758 τὀν
695 1699 802 1780 τρόπον,
820 1691 843 1761 ῶ
854 1701 956 1778 Τύλλε,

129 1821 152 1857 ,5
182 1817 194 1840 ι
218 1786 286 1846 ἀλλά
302 1787 347 1845 καί
363 1786 461 1846 διδόναι
486 1787 559 1855 δίκας
578 1788 623 1846 καῖ
641 1787 788 1865 λαμύάνειν
804 1789 884 1859 ἀξιοῖς
897 1789 957 1857 τούς

183 1905 193 1928 ι
217 1877 243 1933 έν
267 1883 324 1941 ταῖς
339 1873 435 1940 αἰτίαις
450 1877 513 1953 παρ’
530 1877 666 1947 ἀλλήλοιιν,
687 1874 785 1951 ἕτοιμοι
806 1878 956 1937 καὶταῦτα

182 1994 193 2016 ιι
216 1964 299 2022 ποιεῖν
322 1965 386 2022 εἰσιν
402 1961 544 2039 ’λλόανοὶ,
559 1963 592 2021 τά
615 1962 689 2022 κοινά
703 1964 766 2044 ἔχθη
791 1968 957 2045 προκαταλυ-

182 2082 193 2107 a
216 2052 337 2129 σάμενοι.
383 2053 416 2111 Εἰ
441 2048 469 2108 δέ
490 2075 561 2118 τινας
582 2050 650 2130 ἔχεις
670 2054 744 2132 παρὰ
759 2054 857 2120 ταύτας
871 2053 957 2132 λέγειν

182 2169 194 2192 ι
216 2140 307 2218 ἑτέρας
331 2139 383 2199 είτε
409 2138 532 2206 καλλίους
549 2140 693 2217 διαλλαγὰς
707 2141 759 2198 εἴτε
779 2141 956 2219 δικαιοτέρας,

126 2257 153 2294 20
182 2256 194 2281 ι
217 2234 264 2287 οὐκ
276 2227 307 2285 ἀν
318 2228 423 2308 φθάνοις
436 2225 521 2307 φέρων
534 2227 570 2293 είς
582 2227 672 2302 μέσον,
686 2227 732 2285 καὶ
745 2227 846 2300 πολλήν
857 2252 897 2288 σοι
907 2233 958 2311 χά-

182 2347 193 2370 ι
218 2340 255 2396 ριν
273 2314 388 2393 είσομαι.
402 2344 413 2366 ιι

221 2405 273 2465 ΙΧ.
285 2405 370 2463 Ταῦτ’
381 2402 498 2470 εἰπόντος
505 2409 549 2462 τοῦ
559 2403 725 2483 Φουφεττίου
736 2426 774 2461 πα
778 2403 901 2482 ραλαύὼν
912 2406 956 2464 τὸν

181 2490 258 2601 λόγον
272 2495 285 2549 θ
301 2494 352 2550 τῶν
369 2490 512 2567 Ῥωμαίων
529 2492 651 2570 βασιλεὺς
666 2491 749 2559 ἱλεξε·
768 2519 781 2544 ιι
800 2494 853 2551 Καὶ
868 2496 954 2569 ἡμεῖς,

182 2609 193 2632 ιι
216 2605 239 2639 ω
254 2578 417 2659 Φουφέττιε,
434 2584 542 2659 βαρεῖαν
558 2580 779 2657 ὑπτλαμόάνομεν
793 2584 864 2656 ἡμᾶς
877 2604 959 2639 κατα·

128 2692 152 2731 25
182 2696 194 2721 ιι
216 2666 347 2749 λήψεσθαι
375 2668 532 2746 συμφορὰν,
561 2671 584 2729 εί
607 2671 640 2727 δι’
664 2666 775 2746 αἵματος
800 2671 846 2728 καὶ
874 2671 957 2751 φόνων

182 2782 194 2807 ι
217 2754 446 2836 ἀναγκασθείημεν
464 2756 552 2833 κρῖναι
570 2755 613 2814 τθν
633 2762 745 2834 συγγενῆ
764 2759 896 2834 πολεμον,
912 2758 958 2817 καί

181 2870 193 2897 ιι
217 2842 268 2901 ὑπὸ
281 2845 334 2900 τῶν
348 2844 437 2921 ίερῶν,
448 2842 527 2900 θπότε
542 2843 575 2902 rb
585 2843 751 2921 προπολέμια
765 2845 881 2920 θύοιμεν,
894 2848 959 2904 ἀκω-

182 2959 194 2984 ι
216 2930 323 3008 λυόμεθ’
346 2931 437 3010 ἀρχειν
463 2930 567 3008 μάχης·
583 2931 631 2996 τάς
650 2932 673 2988 τ’
688 2932 851 3011 ἀπορρήτους
872 2933 958 3003 Φιδη-

183 3046 195 3074 ιι
218 3021 297 3078 ναίων
317 3020 363 3077 καὶ
378 3019 544 3077 Οθῖεντανῶν
569 3018 748 3094 συνωμοσίας,
764 3019 793 3085 a<
809 3020 851 3076 ἀπ’
872 3023 958 3097 ἀμφο·

126 3124 153 3162 ao
183 3134 195 3158 ιι
217 3105 300 3184 τέροις
314 3106 377 3180 ἡμῖν
392 3101 565 3179 συνώμοσαν,
578 3103 659 3184 ὀλίγῳ
674 3104 799 3183 πρότερόν
814 3128 860 3165 σου
874 3106 957 3164 πεπύ-

183 3222 196 3249 a
218 3201 304 3271 σμεθα
319 3193 392 3272 παρὰ
404 3195 456 3251 τῶν
473 3195 568 3252 ἐκεῖθεν
584 3192 678 3264 ξένων,
693 3194 738 3252 καὶ
751 3195 798 3253 οὗκ
813 3195 957 3274 ἀφύλακτοι

184 3310 196 3335 ι
218 3283 282 3364 πρὸς
302 3283 382 3348 αὐτάς
399 3284 497 3357 ἐσμεν,
514 3283 573 3340 ἀλλΙ
587 3285 621 3348 ίυς
634 3283 727 3340 παθεῖν
743 3306 771 3341 τε
789 3282 869 3358 μηδὲν
885 3285 958 3343 αὐτοὶ

183 3402 196 3425 ιι
218 3372 299 3432 κακὸν
312 3371 446 3435 κάκείνους
457 3368 659 3447 τιμωρήσασθαι
670 3373 717 3440 τῆς
728 3369 869 3442 έπιόουλῆς
880 3371 957 3439 ἀξίως

184 3489 196 3516 ι
218 3458 472 3540 παρεσκευάσμεθα·
493 3459 543 3538 οὐχ
563 3451 641 3519 ἧττόν
655 3481 683 3516 τε
700 3464 745 3517 σοῦ
760 3457 958 3519 καταλύσασθαι

129 3573 155 3611 as
183 3577 195 3603 ιι
217 3548 261 3606 τὸν
286 3548 400 3620 πόλεμον
423 3547 543 3626 ἀμαχητὶ
567 3547 666 3622 μᾶλλον
691 3545 708 3617 ἢ
732 3548 775 3606 διὰ
798 3551 850 3606 τῶν
869 3545 957 3606 ὅπλων

185 3662 197 3684 ιι
220 3633 390 3708 ἐθουλόμεθα.
434 3633 563 3712 Πρότεροι
574 3633 602 3691 δὲ
614 3632 805 3712 πρεσθεύεσθαι
815 3636 875 3715 περὶ
888 3638 959 3695 διαλ·

184 3749 197 3772 ι
218 3723 306 3795 λαγῶν
322 3721 369 3778 οὐκ
389 3719 529 3796 ἠξιοῦμεν,
546 3721 654 3799 ἐπείπερ
676 3720 729 3780 οὐδ’
750 3721 867 3800 ἤρξαμεν
885 3725 958 3783 αὐτοὶ

185 3836 197 3860 ιι
219 3807 341 3887 πρότεροι
356 3815 402 3868 τοῦ
427 3809 562 3885 πολέμου,
587 3808 715 3886 ἄρξαντας
738 3811 761 3868 δ’
787 3811 956 3886 ἠμυνάμεθα,

185 3923 197 3947 ιι
220 3896 423 3971 ’ἀποτιθεμένων
439 3898 462 3954 δ’
479 3900 552 3974 ὑμῶν
565 3897 599 3955 τά
610 3895 679 3954 ὅπλα
694 3898 824 3976 δεχόμεθα
836 3899 881 3964 τάς
894 3923 959 3978 προ·

130 4008 158 4044 ευ
185 4012 196 4036 ι
219 3986 323 4055 κλήσεις
338 3986 460 4062 ἄσμενοι,
475 3986 519 4044 καί
534 3985 593 4064 περὶ
604 3986 753 4061 διαλλαγῶν
766 3984 838 4043 οὐδὲν
852 3985 959 4064 ἀκριόο-

186 4101 198 4124 ιι
220 4073 387 4148 λογούμεθα,
401 4071 470 4131 ἀλλά
486 4072 532 4138 τάς
548 4072 690 4153 κρατίστας
704 4073 790 4131 τεκαὶ
804 4073 956 4152 μεγαλοψυ-

186 4189 197 4214 ι
221 4159 334 4238 χοτάτας
346 4160 490 4240 δεχόμεθα,
499 4171 553 4219 πᾶν
566 4161 684 4237 ἀδίκημα
694 4162 740 4219 καὶ
751 4170 802 4220 πᾶν
814 4161 959 4240 ἁμάρτημα

186 4276 197 4300 ι
220 4252 266 4317 τῆς
287 4246 419 4305 ’λλθανῶν
442 4249 543 4315 πόλεως
566 4248 700 4328 ἀφιέντες,
725 4251 748 4307 εἰ
768 4249 799 4321 δή
822 4249 867 4307 καὶ
885 4248 960 4307 κοινά

187 4367 198 4389 ιι
219 4335 272 4416 χρὴ
288 4337 380 4393 καλεῖν
402 4336 503 4404 πόλεως
522 4336 717 4417 ἁμαρτήματα,
733 4328 798 4396 drab
817 4335 960 4418 στρατηγὸς

131 4447 157 4482 ει
187 4455 198 4479 ι
223 4428 296 4499 ὑμῶν
319 4423 458 4488 Κλουίλιος
482 4425 563 4491 αἴτιος
589 4417 638 4498 ἦν,
666 4425 693 4491 θς
719 4426 785 4504 ὑπὲρ
807 4423 960 4504 ἀμφοτέρων

186 4542 198 4567 ι
223 4516 299 4591 ἡμῶν
315 4515 344 4570 οὐ
358 4511 482 4585 μεμπτάς
496 4514 580 4572 τέτικε
598 4513 671 4577 δίκας
686 4521 739 4576 τοῖς
752 4514 828 4579 θεοῖς.
872 4512 958 4590 Ἀφεί-

187 4632 199 4658 ι
221 4607 276 4661 σθω
292 4600 324 4671 δή
339 4598 404 4658 πᾶσ’
420 4600 584 4678 ἐγκλήματος
605 4604 670 4662 ἰδίου
691 4626 719 4661 τε
739 4603 784 4662 καὶ
796 4608 881 4662 κοινοῦ
896 4602 961 4682 πρό·

190 4723 201 4745 ιι
224 4713 316 4771 φασις,
332 4688 376 4747 καὶ
392 4688 501 4764 μηδενὸς
516 4690 556 4746 ἔτι
571 4692 663 4766 μνήμη
678 4693 729 4747 τῶν
743 4692 961 4770 παρεληλυθότων

190 4809 200 4830 ι
224 4780 293 4838 ἔστω
308 4779 414 4850 κακῶν,
431 4780 465 4840 ὡς
485 4778 530 4834 καῖ
546 4776 605 4850 σοί,
621 4778 787 4857 Φουφέττιε,
806 4781 889 4838 δοκεῖ·
904 4777 961 4837 ἀλλ’

135 4893 162 4928 no
191 4895 201 4917 ι
225 4869 270 4925 οὐκ
285 4867 392 4943 ἀπόγρη
416 4870 492 4923 τοῦτο
515 4864 592 4940 μόνον
615 4871 685 4941 ἡμᾶς
703 4874 826 4935 σκοπεῖν,
840 4865 910 4930 ὅπως
930 4866 961 4922 ἀν

1010 869 1022 892 ιι
1039 851 1216 914 nestissimam,
1231 867 1280 916 qua
1290 853 1357 903 omui
1370 854 1406 903 ira
1419 853 1540 902 exstincta
1550 857 1575 903 et
1583 855 1696 905 omnihus
1708 856 1780 906 malis

1010 959 1023 983 ι
1039 943 1156 993 oblivioni
1167 942 1303 1003 mandatis,
1315 957 1400 994 omnes
1411 944 1459 993 sibi
1470 944 1576 994 invicem
1586 947 1640 996 sine
1649 947 1705 996 dolo
1715 948 1780 998 ultro

1010 1053 1022 1077 ιι
1041 1033 1151 1096 citroque
1170 1033 1251 1085 illatas
1270 1037 1296 1084 et
1312 1037 1426 1098 acceptas
1442 1034 1543 1084 iniurias
1565 1036 1700 1089 remittant.
1733 1043 1779 1093 lli·

1011 1148 1023 1172 ι
1040 1143 1087 1178 nus
1103 1142 1163 1178 nero
1179 1128 1307 1179 honestam
1321 1141 1381 1178 eam
1390 1140 1442 1178 esse
1456 1128 1558 1190 iudico,
1573 1129 1599 1179 in
1618 1144 1668 1195 qua
1685 1134 1782 1197 reliqua

1011 1241 1023 1266 ιι
1040 1220 1141 1285 quidem
1154 1220 1237 1285 populi
1249 1220 1379 1270 multitudo
1391 1219 1535 1294 criminibus
1544 1219 1677 1283 liberatur,
1689 1223 1732 1273 sed
1744 1224 1780 1273 illi

1011 1333 1023 1356 ιι
1041 1313 1088 1377 lpsi
1097 1311 1140 1376 qui
1148 1324 1175 1361 se
1183 1311 1276 1361 iniuriis
1283 1310 1419 1361 atleoerunt
1427 1302 1548 1373 coguntur
1560 1310 1676 1362 iudicium
1689 1313 1780 1373 subire,

1012 1425 1024 1448 ιι
1040 1416 1154 1454 massam
1168 1400 1279 1452 diceutes
1291 1405 1318 1451 et
1327 1400 1381 1450 ture
1391 1399 1564 1464 disceptantes.
1599 1403 1693 1452 timum
1707 1404 1780 1468 igitur

1012 1518 1023 1541 ιι
1040 1496 1108 1562 pacis
1122 1494 1240 1545 iacienda
1253 1494 1376 1544 rationum
1389 1492 1568 1556 alteramque
1580 1493 1612 1542 sit
1621 1495 1646 1544 et
1656 1494 1780 1545 honestior

1011 1611 1023 1633 ι
1040 1594 1065 1640 et
1076 1588 1236 1653 magnanimis
1249 1588 1310 1638 viris
1322 1586 1425 1652 dignior.
1440 1587 1513 1639 uobis
1528 1586 1666 1650 eligendam
1682 1600 1779 1646 censeo,

1012 1705 1025 1728 ιι
1042 1685 1068 1733 et
1085 1681 1210 1733 communi
1227 1680 1327 1731 decreto
1340 1693 1436 1730 omnem
1461 1680 1582 1730 rnalorom
1599 1678 1781 1743 preteritorum

1013 1800 1024 1823 ιι
1043 1777 1186 1828 memoriam
1209 1775 1360 1826 abolendam.
1394 1775 1503 1835 Quodsi
1523 1775 1581 1836 tibi,
1594 1775 1676 1835 Tulle,
1695 1789 1780 1839 μισεια

1012 1890 1024 1914 ι
1042 1871 1074 1920 ita
1093 1868 1146 1918 heri
1159 1881 1206 1918 uon
1226 1867 1318 1930 placet.
1329 1867 1373 1917 aed
1389 1867 1554 1931 querimonias
1568 1865 1711 1916 iniuriarum
1726 1878 1781 1915 mtr-

1013 1981 1024 2003 ιι
1042 1963 1141 2010 tuarum
1149 1958 1202 2007 iure
1210 1956 1335 2015 finiendas.
1347 1957 1377 2007 ad
1388 1957 1412 2007 id
1422 1970 1519 2021 quoque
1530 1957 1608 2020 parati
1617 1960 1675 2006 sunt
1684 1955 1780 2017 Albani,

1014 2072 1026 2095 ιι
1042 2048 1175 2101 dummodo
1183 2048 1252 2112 prius
1260 2047 1363 2112 publiea
1372 2048 1506 2099 inimicitias
1515 2046 1675 2112 deponantur.
1708 2049 1780 2107 Quod

1013 2165 1025 2188 ιι
1044 2144 1138 2208 siquem
1155 2141 1229 2191 alium
1241 2144 1330 2205 praeter
1341 2141 1406 2191 huuc
1423 2140 1585 2191 honestiorem
1597 2143 1641 2190 out
1653 2140 1780 2190 iustiorem
1848 2138 1850 2143 ’

1014 2257 1026 2280 ιι
1042 2233 1244 2286 reconciliationis
1259 2231 1359 2282 modurn
1375 2230 1463 2289 habes,
1476 2244 1525 2281 non
1538 2230 1612 2281 citius
1622 2244 1680 2280 eum
1692 2230 1718 2280 ln
1728 2244 1780 2281 me·

1013 2348 1025 2372 ιι
1040 2326 1223 2390 diumproteres
1232 2337 1306 2387 quam
1316 2337 1429 2385 magnam
1439 2323 1482 2372 tibi
1492 2321 1635 2373 habebimus
1645 2323 1757 2384 gratiam.
1767 2344 1780 2365 »

1043 2425 1085 2474 llt.
1100 2421 1145 2472 llis
1158 2435 1173 2471 ε
1184 2420 1291 2470 Futletio
1304 2418 1392 2477 dietis,
1402 2421 1565 2468 Romanorum
1579 2431 1623 2468 rex
1632 2417 1727 2468 dicenrlr
1742 2419 1781 2467 vi-

1012 2532 1053 2569 ces
1068 2518 1199 2583 excipiens,
1215 2517 1266 2567 ait:
1280 2537 1292 2559 ι
1305 2519 1335 2566 at
1343 2530 1396 2576 nos,
1408 2514 1506 2574 auderi,
1519 2527 1617 2579 gravem
1633 2514 1728 2565 cladem
1737 2528 1784 2566 nos

1013 2639 1025 2662 ι
1043 2620 1186 2681 accepturos
1200 2615 1385 2676 arbitrabamur,
1402 2614 1421 2663 st
1439 2612 1554 2676 sangnine
1564 2617 1591 2664 et
1601 2612 1669 2663 made
1686 2616 1782 2663 contro-

1014 2735 1026 2758 ιι
1045 2713 1137 2764 versias
1156 2712 1220 2762 inter
1243 2713 1358 2775 cognatos
1375 2713 1441 2760 ortas
1454 2709 1569 2760 dirimere
1587 2722 1740 2773 cogeremur,
1757 2712 1785 2759 et

1014 2830 1025 2852 ι
1043 2809 1139 2872 quoties
1156 2821 1226 2858 sacra
1239 2807 1356 2868 lecimus,
1367 2809 1395 2856 ut
1406 2805 1509 2856 deorum
1523 2804 1554 2854 de
1564 2804 1623 2855 belli
1634 2808 1723 2855 ereutu
1738 2816 1781 2853 ro·

1014 2924 1026 2946 ιι
1043 2903 1161 2953 luntatem
1173 2913 1389 2964 cognosceremus,
1399 2897 1478 2961 proelii
1494 2897 1590 2947 initium
1606 2896 1685 2946 tacere
1698 2895 1779 2959 prohi-

1014 3020 1025 3042 ιι
1042 2999 1087 3049 biti
1107 3010 1207 3056 sumus3
1223 3001 1249 3046 et
1265 2995 1296 3046 de
1313 2993 1416 3045 occultis
1429 2992 1576 3044 Fidenatum
1597 2995 1623 3042 et
1640 2990 1782 3042 Veientium

1013 3115 1025 3138 ιι
1043 3089 1263 3151 coniurationibus,
1291 3103 1356 3154 qrras
1382 3089 1408 3138 in
1433 3102 1478 3137 nos
1512 3092 1629 3150 utrosque
1655 3088 1783 3145 lecerunt,

1013 3211 1025 3234 ιι
1044 3189 1124 3254 paullo
1136 3188 1203 3252 prius
1212 3200 1287 3250 quarn
1296 3191 1321 3235 tu
1335 3186 1366 3235 uh
1374 3186 1527 3249 hospitibus,
1538 3200 1601 3248 quos
1612 3185 1646 3234 ihi
1654 3184 1788 3247 habemus,

1014 3305 1026 3330 ιι
1042 3286 1160 3337 certiores
1172 3283 1230 3333 lacti
1241 3296 1354 3342 eramus3
1365 3295 1444 3345 neque
1458 3281 1547 3331 incauti
1560 3295 1655 3343 sumus,
1666 3282 1709 3331 aed
1720 3285 1747 3331 ut
1759 3287 1784 3330 et

1014 3403 1026 3426 ι
1043 3381 1136 3431 nullum
1151 3379 1323 3430 detrimentum
1342 3377 1490 3442 accipiamus
1509 3383 1534 3428 et
1551 3378 1606 3427 illos
1620 3390 1664 3441 pro
1688 3376 1787 3427 insiliis

1014 3502 1025 3525 ιι
1042 3479 1129 3530 merito
1141 3478 1287 3528 ulciscamur
1298 3477 1390 3540 parati;
1404 3489 1449 3524 neo
1464 3475 1545 3524 traines
1559 3488 1632 3538 quarn
1648 3479 1675 3524 tu
1690 3473 1782 3522 betium

1013 3598 1025 3620 ιι
1043 3578 1089 3628 hoc
1109 3577 1160 3628 sine
1176 3589 1256 3643 pugna
1273 3575 1353 3641 potiris
1366 3586 1439 3640 otram
1455 3572 1530 3626 artois
1543 3573 1612 3625 lintre
1629 3573 1780 3625 volebamus.

1015 3696 1026 3718 ιι
1043 3676 1141 3727 Priores
1159 3679 1241 3727 autem
1258 3675 1289 3725 de
1309 3689 1367 3738 pace
1387 3675 1479 3738 legatos
1497 3674 1594 3723 mittere
1610 3673 1746 3733 noluimus,
1762 3673 1783 3721 si

1015 3789 1026 3813 ιι
1043 3771 1143 3834 quidem
1154 3769 1212 3820 helii
1224 3771 1321 3821 initium
1341 3783 1387 3818 non
1403 3768 1499 3818 anobis
1516 3771 1554 3818 est
1570 3769 1677 3828 lactum,
1694 3766 1738 3818 sed
1750 3767 1784 3818 la-

1014 3888 1025 3909 ιι
1043 3867 1125 3918 cessiti
1134 3867 1184 3915 vim
1196 3865 1400 3929 propulsarimus.
1410 3864 1436 3914 Si
1446 3878 1489 3913 ros
1498 3851 1784 3926 armadeposueritisluss

1014 3985 1026 4007 ιι
1043 3964 1128 4013 benten
1140 3962 1277 4011 invitationi
1290 3963 1379 4033 restra
1390 3961 1553 4024 obsequemur
1568 3981 1574 4009 :
1587 3974 1666 4023 nequo
1677 3962 1701 4013 in
1716 3961 1783 4025 pacis

1015 4082 1027 4105 ιι
1044 4059 1227 4110 conditionibus
1236 4059 1349 4110 difficiles
1359 4060 1465 4120 erimus,
1482 4057 1526 4108 sed
1537 4057 1750 4120 prestantissimae
1758 4061 1784 4106 et

1015 4176 1027 4198 ιι
1045 4154 1105 4204 viris
1118 4153 1277 4218 magnanimis
1286 4153 1487 4218 rnanimedignas
1498 4153 1670 4212 admittemus,
1689 4153 1782 4202 condo·

1015 4275 1027 4297 ι
1044 4258 1130 4303 nantes
1149 4253 1299 4304 Albanorum
1312 4253 1404 4304 civitati
1425 4266 1522 4303 omnem
1535 4251 1646 4302 iniuriam
1664 4263 1784 4313 oroneque

1016 4370 1028 4393 ιι
1044 4349 1173 4408 delictum,
1194 4349 1215 4399 si
1234 4349 1332 4412 quidem
1351 4348 1448 4413 publica
1462 4349 1565 4399 civitatis
1583 4348 1671 4398 delicta
1682 4361 1710 4397 es
1728 4351 1784 4397 snut

1015 4467 1027 4490 ιι
1045 4445 1165 4504 vocanda,
1176 4458 1282 4507 quorum
1297 4446 1400 4496 dictator
1413 4449 1492 4496 aester
1508 4445 1608 4496 Cluilius
1618 4449 1672 4495 erat
1689 4448 1784 4503 auctor,

1016 4564 1028 4587 ι
1045 4543 1086 4607 qui
1108 4556 1152 4606 pro
1173 4541 1284 4606 utrisque
1307 4547 1416 4591 nostrum
1428 4540 1525 4591 meritas
1541 4553 1623 4603 poenas
1633 4539 1785 4602 diisperaol·

1016 4662 1028 4684 ιι
1046 4642 1087 4691 rit
1105 4640 1190 4689 Omnis
1208 4639 1282 4703 igitur
1296 4638 1398 4689 materia
1412 4641 1461 4688 tam
1477 4638 1627 4702 privaturum
1645 4650 1717 4700 quarn
1738 4650 1784 4700 pu·

1018 4756 1029 4779 ιι
1048 4736 1167 4785 blicarum
1178 4733 1375 4784 criminationum
1394 4732 1503 4791 tollatur,
1521 4735 1545 4780 et
1559 4730 1639 4780 omnis
1653 4731 1786 4793 praeterito

988 4856 991 4861 ·
1018 4856 1030 4877 ιι
1048 4847 1102 4883 rurn
1120 4831 1242 4882 malorum
1260 4830 1378 4881 memoria
1396 4829 1529 4889 aboleatur,
1544 4831 1571 4876 ut
1582 4831 1607 4877 et
1624 4830 1668 4886 tu,
1680 4825 1784 4888 ruderi,

1047 4942 1141 4981 censes.
1173 4928 1221 4980 Sed
1241 4942 1289 4978 non
1308 4929 1368 4980 satis
1379 4931 1418 4980 est
1435 4941 1480 4977 nos
1498 4926 1545 4975 hoc
1565 4925 1645 4974 solum
1660 4925 1782 4986 spectare,

190 4979 200 4999 ι
225 4953 272 5023 τήν
293 4959 428 5029 παροῦσαν
454 4953 550 5034 ἔχθραν
576 4953 768 5030 διαλυσαίμεθα
789 4953 853 5033 πρὸς
881 4951 964 5022 ἀλλή-
1018 4952 1030 4975 “

192 5066 203 5090 ι
225 5040 303 5112 λους,
319 5042 377 5098 ἀλλ’
403 5042 437 5105 ὡς
461 5040 522 5118 μηδ’
538 5030 609 5107 adst<
632 5065 695 5100 ποτε
717 5042 903 5118 πολεμήσομεν
924 5037 963 5097 ἔτι
1018 5050 1030 5073 l

192 5154 203 5177 ι
227 5127 266 5182 δεῖ
286 5127 551 5202 παρασκευάσασθαι.
595 5131 636 5188 Οὐ
649 5129 700 5209 γδρ
714 5127 963 5199 ἀναθολάςποιησό·
1019 5144 1032 5167 ⁸

192 5240 203 5264 ι
225 5233 299 5286 μενοι
311 5214 362 5268 τῶν
377 5216 466 5271 κακῶν
477 5214 708 5292 συνεληλύθαμεν,
722 5216 781 5273 ἀλλ’
795 5213 960 5291 ἀπαλλαγάς.

1047 5026 1170 5091 quomodo
1191 5030 1325 5091 presentes
1346 5024 1485 5076 inimicitias
1508 5022 1622 5073 dirimere
1646 5018 1785 5084 possimus,

1049 5121 1093 5173 sed
1125 5121 1246 5171 etiamne
1272 5134 1379 5183 unquam
1411 5119 1513 5182 posthac
1538 5117 1631 5166 bellum
1652 5112 1715 5164 inter
1741 5125 1786 5162 nos

1019 5240 1032 5264 ιι
1048 5218 1138 5270 iterum
1150 5232 1262 5284 gerarous
1272 5217 1407 5268 carendum
1418 5217 1463 5268 est.
1496 5217 1580 5278 Neque
1591 5212 1655 5263 enim
1671 5210 1788 5262 εοιινοιιῖ·
