3772 5828
183 324 241 384 602

182 456 301 533 κειμένη.
347 451 581 535 Στρατοπεδεύσας
605 451 633 510 δί
658 451 770 524 πλησίον
795 458 841 522 τῆς
862 450 963 518 πόλεως

185 543 229 605 inl
247 542 346 611 πολλάς
366 542 483 620 ἡμέρας,
500 540 558 599 κατ’
571 538 667 598 ἰλπίδα
687 545 733 598 τοῦ
757 539 963 619 προελεύσεσθαι

185 631 242 701 τοὺς
256 632 327 692 ἔνδον
343 634 378 700 εἰς
394 630 502 710 μάχην,
517 633 551 696 ὡς
563 626 673 703 οὐδεμία
690 627 757 703 έξῄιι
772 630 897 707 στρατιά,
913 628 962 698 τὴν

184 724 233 799 γῆν
250 722 335 778 αὐτῶν
347 719 424 800 ἐδῄου
437 716 581 797 ἀνθρώπων
593 716 692 794 μεστὴν
704 706 785 775 οὖσαν
799 716 845 774 καί
861 720 962 796 βοσκη-

144 837 157 874 r,
185 810 288 885 μάτων.
331 810 373 867 Οὐ
396 806 448 886 γάρ
471 805 587 885 έρθασαν
609 805 853 880 ἀνασκευασάμενοι
879 805 913 863 τὰ
934 808 963 863 ἐκ

184 901 236 956 τῶν
252 898 349 978 υἰγρῶν,
366 895 494 975 αἰρνιδίου
512 894 664 974 γενηθείσης
685 895 771 961 αὐτοῖς
791 899 839 966 τῆς
857 894 960 975 ἰρόδου.

184 984 274 1065 Ἔρείς
289 986 316 1043 δέ
332 983 377 1043 καί
399 989 483 1042 ταῦτα
503 991 556 1050 τοίς
579 983 754 1062 στρατιώταις
778 984 929 1061 διαρπάζειν
949 987 964 1041 ὑ

184 1072 307 1145 blidin,
321 1072 368 1132 καί
381 1072 483 1139 πολλθς
498 1073 524 1129 έν
544 1075 577 1150 τῇ
597 1075 717 1152 προνομῇ
738 1072 878 1151 διατρίψας
893 1068 963 1147 ἡμέ-

185 1185 231 1240 ρας
245 1164 345 1239 οἰπῆγεν
358 1162 399 1220 ἐπ’
413 1158 485 1219 οἴκου
496 1158 543 1232 τὴν
560 1158 681 1236 δύναμιν.
726 1158 758 1221 Ὁ
774 1159 796 1217 δ’
809 1159 895 1240 έτιρος
911 1163 963 1217 τῶν

133 1273 158 1312 lo
183 1249 292 1309 ὑπάτων
312 1248 470 1328 Κορνήλιος,
485 1249 529 1306 ini
544 1245 602 1314 τούς
624 1250 651 1306 έν
664 1247 755 1328 Ἀντίῳ
770 1246 921 1326 Ῥωμαίους
934 1273 963 1308 τε

183 1339 229 1397 καί
244 1338 428 1405 Οὐολούσκους
446 1335 578 1409 ίλαύνων,
595 1336 764 1416 ἐπιτυγχάνει
785 1346 897 1417 στρατιᾷ
911 1337 964 1413 πρδ

182 1432 234 1486 τῶν
249 1429 326 1508 ὁρίων
345 1429 430 1484 αὐτῶν
454 1425 647 1505 ὑποδεχομένη.
694 1424 920 1503 Παραταξάμενσς
935 1427 963 1486 δέ

184 1519 286 1584 αὐτοῖς,
303 1514 348 1573 καί
364 1512 475 1580 πολλοὺς
495 1512 543 1589 μὲν
567 1514 706 1592 φονεύσας,
731 1512 791 1581 τοὺς
811 1510 839 1572 δέ
858 1513 964 1581 λοιποὺς

182 1603 343 1682 τρεψάμενος
356 1647 364 1671 ,
380 1604 463 1681 σίγχοῶ
477 1605 524 1672 τῆς
539 1602 640 1668 πολεως
660 1600 961 1681 κατεστρατοπέδευσεν.

131 1710 154 1751 lu
182 1694 221 1751 ol
235 1691 392 1764 τολμώντων
412 1692 438 1753 δί
460 1694 513 1749 τῶν
533 1691 563 1748 έκ
577 1693 624 1761 τῆς
644 1690 745 1756 πόλεως
758 1692 846 1751 οὐκέτι
866 1700 961 1771 χωρεῖν

181 1783 217 1847 εἰς
232 1779 337 1859 μάχην,
347 1782 450 1858 πρῶτον
461 1776 509 1854 μέν
521 1778 569 1852 τὴν
585 1785 635 1857 γῆν
646 1780 731 1836 αὑτῶν
747 1778 857 1858 έκειρεν,
872 1782 962 1839 ἔπειτα

181 1869 229 1942 τὴν
244 1870 321 1927 πόλιν
347 1867 465 1946 [αὐτῶν]
489 1866 654 1947 αἰπετάρρευε
679 1867 725 1926 καὶ
754 1868 959 1948 περιεχαράκου.

180 1960 248 2019 Τότε
264 1957 295 2028 δὴ
307 1958 386 2015 πάλιν
407 1956 615 2034 ἀναγκασθέντες
633 1956 740 2027 ἐξῆλθον
756 1958 786 2015 ἰιι
800 1963 848 2026 τῆς
861 1959 962 2026 πόλεως

181 2055 365 2127 πανστρατιᾷ,
379 2043 460 2110 πολὺς
477 2045 522 2102 καὶ
537 2043 700 2111 ἀσύντακτος
718 2044 812 2127 ὄχλος,
829 2045 875 2104 καί
892 2068 963 2118 συμ-

128 2157 155 2197 no
182 2134 306 2200 όαλόντες
327 2137 363 2200 εἰς
378 2134 489 2211 μάχην,
503 2132 542 2191 έτι
556 2135 649 2193 κάκιον
665 2133 859 2212 ἀγωνισάμενοι
877 2157 962 2194 κατα-

182 2224 313 2283 κλείονται
337 2222 368 2280 τδ
385 2222 505 2302 δεύτερον
525 2224 561 2289 εἰς
587 2223 632 2294 τὴν
653 2222 747 2294 πόλιν,
773 2223 891 2301 αἰσχρῶς
916 2222 962 2282 καί

183 2311 318 2385 ἀνάνδρως
330 2309 478 2390 φεύγοντες.
522 2310 556 2371 ‘0
572 2312 599 2369 δέ
609 2309 720 2379 ὑπατος,
736 2311 862 2386 οὐδεμίαν
876 2313 962 2379 αὐτοῖς

182 2399 347 2480 ἀναστροφὴν
358 2399 397 2457 έτι
410 2392 482 2473 δοδς,
494 2400 628 2475 κλίμακας
640 2397 785 2481 προσέφερε
797 2407 851 2466 τοῖς
863 2399 964 2480 τείχεσι

180 2487 226 2546 καί
248 2491 331 2567 κριοῖς
347 2485 472 2556 ἐξέκοπτε
489 2487 536 2554 τδις
558 2487 654 2555 πύλας.
698 2485 847 2556 Ἐπιπόνως
874 2491 900 2548 δέ
916 2489 962 2548 καὶ

127 2595 153 2635 ει
180 2575 354 2656 ταλαιπώρως
375 2580 428 2636 τῶν
457 2576 528 2635 ἰνδον
558 2578 788 2658 ἀπομαχομένων,
818 2579 847 2637 οὐ
876 2577 963 2638 πολλὰ

180 2666 393 2744 πραγματευθείς
414 2664 483 2724 κατὰ
503 2665 598 2745 κράτος
615 2668 684 2745 αἱρεῖ
702 2669 749 2739 τὴν
766 2667 852 2729 πολιν.
882 2665 961 2746 Χρή-

180 2777 254 2829 ματα
269 2753 317 2830 μέν
332 2745 376 2813 οὑν
403 2757 507 2832 αὐτῶν,
522 2755 572 2815 ὅσα
599 2756 695 2836 χρυσὸς
716 2756 762 2814 καί
786 2755 897 2835 ἄργυρος
918 2756 963 2815 καί

180 2844 279 2924 χαλκδς
303 2847 383 2917 ένῆν,
403 2847 439 2912 εἰς
457 2844 487 2903 τδ
506 2845 633 2919 δημόσιον
650 2845 787 2905 ἐκέλευσεν
805 2844 959 2925 ἀναφέρειν,

181 2931 334 3011 ἀνδράποδα
360 2932 386 2990 δέ
404 2932 460 2998 τοθς
481 2931 579 3009 ταμίας
593 2932 851 3012 παραλαμόάνοντας
867 2935 913 2992 καί
928 2932 962 2992 τθ

126 3042 153 3083 uu
180 3019 260 3077 λοιπθ
273 3020 377 3101 λάφυρα
396 3022 505 3078 πωλεῖν.
556 3022 620 3084 Τοῖς
633 3020 660 3078 δέ
677 3020 849 3098 στρατιώταις
863 3023 960 3094 ἐσθῆτα

179 3108 225 3166 καί
240 3132 353 3189 τρορας,
369 3109 413 3166 καί
429 3105 469 3165 όσ’
483 3107 551 3165 άλλα
567 3112 676 3165 τοιαῦτα
697 3107 821 3166 ἐδύναντο
836 3110 961 3187 ώρελεῖσ-

181 3203 240 3268 θαι,
257 3196 409 3276 ἐπέτρεψεν.
451 3190 567 3254 Ἔπειτα
583 3195 717 3273 διακρίνας
732 3200 783 3253 τῶν
799 3220 828 3255 τε
844 3197 961 3277 κληρού-

178 3308 233 3364 χων
249 3284 360 3343 καὶτῶν
376 3284 494 3365 ἀρχαίων
512 3283 651 3343 Ἀντιατῶν
663 3284 722 3351 τούς
738 3287 961 3365 ἐπιφανεστάτους

179 3398 206 3432 τε
219 3376 264 3431 καί
276 3379 322 3444 τῆς
337 3372 507 3439 ἀποστάσεως
520 3372 630 3439 αἰτίους·
647 3364 715 3445 ἦσαν
732 3376 759 3431 δὲ
774 3375 878 3433 πολλοί·
894 3374 960 3453 ῥάό-

129 3485 155 3523 τε
180 3465 232 3530 δοις
247 3466 269 3520 τ’
283 3462 396 3541 ᾐκίσατο
411 3462 489 3540 μέχρι
501 3463 599 3521 πολλοῦ
614 3462 731 3529 καὶτοὺς
748 3463 862 3544 αὐχένας
874 3466 959 3523 αὐτῶν

179 3550 314 3609 ἐκέλευσεν
331 3553 482 3625 ἀποτεμεῖν.
527 3553 621 3610 Ταῦτα
645 3549 855 3629 διαπραξάμενος
874 3554 960 3631 ἀπῆγε

179 3637 224 3696 καί
240 3637 314 3702 αὐτὸς
328 3636 370 3695 ἐπ’
386 3637 457 3696 οἴκου
477 3640 523 3708 τὴν
544 3639 665 3714 δύναμιν.
712 3639 822 3707 Τούτοις
843 3644 858 3710 ἡ
878 3641 959 3716 βουλά,

179 3735 231 3792 τοῖς
250 3728 358 3793 ὑπάτοις
380 3728 519 3806 προσιοῶσί
535 3752 563 3785 τε
578 3728 715 3799 ἀπήντησε
729 3774 737 3805 ,
759 3730 803 3788 καί
815 3728 958 3808 θριάμόονς

179 3816 334 3895 ἀμφοτέροις
359 3822 520 3897 καταγαγεῖν
541 3818 699 3898 ἐψηφίσατο.
745 3818 798 3877 Καὶ
823 3817 887 3896 πρὸς
909 3823 958 3878 Αἰ·

125 3923 152 3960 lo
178 3904 272 3968 κανοὺς
298 3906 543 3983 πρεσύευσαμένους
573 3905 637 3985 ὑπέρ
664 3908 769 3984 εἰρήνης
814 3908 957 3978 ἐποιήσατο

179 3994 307 4063 συνθήκας
324 3997 383 4072 περὶ
394 3995 564 4060 καταλύσεως
579 4003 625 4055 τοῦ
642 3995 772 4070 πολέμου,
786 3998 812 4053 έν
824 3987 864 4060 αἶς
880 3999 959 4076 ἐγρά-

179 4102 229 4159 μη·
268 4108 280 4131 ιι
299 4081 392 4149 ΙΙόλεις
414 4086 503 4142 τεκαὶ
525 4083 614 4164 χώρας
635 4084 743 4162 ἔχοντας
760 4086 906 4157 Αἰκανούς,
922 4077 958 4144 ῶν

179 4195 191 4219 ιι
208 4169 332 4246 έκράτουν
346 4170 388 4229 ὅτε
403 4175 429 4229 αἱ
451 4172 560 4231 σπονδαὶ
580 4172 709 4250 έγίνοντο,
725 4170 869 4247 Ῥωμαίοις
891 4164 957 4233 εἶναι

179 4286 191 4309 ιι
208 4257 355 4330 ὑπηκόους,
373 4261 437 4319 ἄλλο
454 4260 500 4337 μέν
516 4265 704 4330 ὑποτελοῦντας
717 4264 812 4339 μηθέν,
828 4263 854 4320 έν
867 4262 893 4321 δέ
905 4268 958 4331 τοῖς

124 4376 149 4412 ⁴5
179 4375 190 4398 ιι
209 4346 332 4415 πολέμοις
357 4351 512 4430 συμμαχίαν
540 4352 748 4416 ἀποστέλλοντας
770 4351 954 4427 θσηνδήποτε,

179 4463 190 4486 ιι
206 4437 295 4514 ὥσπερ
311 4438 355 4494 καί
371 4441 392 4495 oi
411 4439 485 4497 ἄλλοι
502 4439 673 4519 σύμμαχοι.»
692 4439 746 4499 Καὶ
759 4440 788 4498 τὸ
809 4441 864 4509 ἔτος
879 4448 956 4501 τοῦτο

178 4525 309 4583 ἐτελεύτα.

218 4615 308 4672 ΧΧΗ.
332 4616 378 4691 Tp
405 4615 428 4672 δ’
454 4614 510 4685 έξῆς
536 4618 646 4696 ἐνιαυτῷ
686 4618 763 4683 Γάῑος
790 4618 901 4683 Ναύτιος
925 4619 955 4676 τὸ

178 4704 296 4783 δεύτερον
314 4704 423 4781 αἱρεθείς
436 4705 481 4762 καί
498 4704 608 4773 Αεύκιος
626 4710 771 4778 Μηνύκιος,
788 4707 953 4785 παραλαύόνι

136 4813 162 4850 nn
177 4812 217 4855 τες
236 4791 283 4861 τὴν
298 4791 394 4849 ὕπατον
410 4793 512 4872 οἰρχην,
527 4795 591 4859 τέως
606 4795 652 4869 μὲν
668 4797 732 4874 ὑπὲρ
748 4801 799 4854 τῶν
812 4798 954 4854 πολιτικῶν

177 4877 283 4935 δικαίων
299 4882 414 4958 πόλεμον
434 4883 504 4948 ἕντδς
527 4881 629 4961 τείχους
652 4886 795 4959 ἐπολέμουν
816 4884 880 4960 πρὸς
895 4884 954 4950 τοὺς

178 4961 233 5036 ἅμα
248 4968 394 5047 (λὺεργινίιρ
418 4968 584 5048 δημάρχους,
605 4971 663 5037 τοὺς
685 4973 808 5050 τέταρτον
826 4974 881 5039 έτος
902 4972 953 5044 ἤδη

177 5049 223 5118 τὴν
246 5053 326 5122 αὐτὴν
353 5057 537 5134 κατασχόντας
554 5059 651 5138 ἀρχήν.
695 5060 774 5119 Ἐπεὶ
790 5061 816 5118 δέ
834 5062 886 5120 άπὸ
900 5064 952 5119 τῶν

176 5139 366 5218 πλησιοχώρων
382 5147 460 5202 ε’θνῶν
475 5145 589 5221 πόλεμος
604 5147 739 5224 ἐπεγένετο
754 5172 786 5225 τη
800 5149 891 5221 πόλει,
908 5148 952 5209 καί

709 317 872 378 blorll'stl
894 317 1273 384 llnLlcnilllnssENSls

1018 462 1153 526 oppidanos
1178 463 1204 513 in
1233 463 1312 514 aciem
1338 463 1508 527 prodituros:
1536 466 1583 517 sed
1606 482 1689 532 quum
1723 473 1815 528 nullus

1017 564 1142 615 exereitus
1153 565 1241 625 exiret,
1254 577 1340 627 agrum
1354 577 1440 615 eorum
1458 565 1599 618 bominibus
1615 572 1641 619 et
1659 584 1756 634 pecore
1770 589 1814 628 ro.

1018 662 1108 715 terium
1126 665 1241 717 vastarit.
1275 669 1354 725 Nam,
1366 667 1494 729 repentino
1503 665 1613 719 adventu
1627 674 1756 737 oppressi,
1767 690 1811 729 res

1018 771 1075 818 ante
1100 768 1123 817 in
1136 769 1228 817 tutiora
1249 768 1304 818 loca
1316 781 1346 817 ox
1367 767 1432 831 agris
1446 773 1602 833 comportare
1626 775 1807 838 nequiverant.

1018 846 1117 926 Fabius,
1137 869 1183 919 hae
1194 884 1292 933 qnoque
1310 870 1394 933 praeda
1413 871 1534 922 militibus
1549 886 1687 936 ωοσεειο,
1703 879 1807 931 multis-

1004 968 1163 1032 ·quediebus
1178 969 1203 1019 in
1219 969 1377 1034 populatione
1394 970 1525 1036 insumus,
1540 973 1626 1037 copias
1641 975 1749 1030 domum
1766 997 1808 1033 re·

1018 1073 1099 1125 duxit.
1134 1076 1166 1124 dt
1181 1072 1323 1136 cornelius,
1351 1074 1414 1125 aller
1434 1075 1536 1135 oonsul,
1565 1078 1695 1141 proieotus
1716 1089 1807 1137 oontra

1018 1173 1141 1222 Romanos
1154 1175 1181 1221 et
1198 1170 1318 1233 Volscos,
1336 1172 1379 1235 qui
1403 1173 1470 1223 Antii
1481 1178 1565 1237 erant,
1588 1178 1804 1237 olienditererri·

1018 1279 1080 1336 tum‚
1098 1287 1174 1339 aquo
1186 1274 1212 1325 in
1234 1274 1325 1325 sinibus
1344 1277 1543 1341 exspectabatur,
1556 1292 1615 1332 cum
1627 1285 1723 1348 quibus
1740 1302 1803 1339 oon·

1017 1387 1129 1440 gressus,
1142 1375 1227 1426 multis
1236 1376 1316 1435 eaesis,
1331 1381 1355 1427 et
1371 1377 1471 1442 reliquis
1480 1379 1505 1429 in
1520 1380 1603 1446 lugam
1615 1386 1713 1449 versis,
1726 1403 1802 1454 prope

1018 1478 1105 1530 urbem
1118 1480 1201 1526 casira
1215 1478 1309 1541 posuit.
1343 1481 1425 1536 Quum
1441 1485 1527 1531 autem
1548 1483 1666 1547 oppidani
1684 1488 1719 1539 ad
1732 1505 1800 1554 pron-

1018 1579 1077 1628 lium
1098 1576 1197 1642 prodire
1223 1576 1330 1640 amplius
1355 1593 1403 1628 non
1421 1579 1557 1645 auderent,
1578 1587 1688 1649 primum
1712 1605 1799 1645 aarum

1018 1701 1104 1751 agrurn
1120 1685 1244 1746 vastarit,
1266 1684 1356 1734 deinde
1372 1684 1458 1734 urbem
1478 1685 1545 1736 iossa
1556 1686 1675 1755 valloque
1690 1694 1796 1746 circum.

1017 1789 1094 1840 dedit.
1106 1792 1174 1838 Tune
1185 1786 1355 1850 igiturrursus
1368 1788 1514 1839 necessitate
1525 1791 1616 1853 eoacti,
1629 1794 1689 1846 totis
1702 1798 1798 1852 viribus

1017 1906 1074 1943 cum
1096 1889 1187 1955 ingenti
1208 1892 1234 1940 el
1247 1890 1348 1940 contusa
1371 1891 1532 1944 multitudine
1547 1906 1579 1944 ex
1593 1896 1656 1949 urbe
1674 1899 1702 1951 in
1720 1905 1799 1957 aciem

1016 1991 1173 2057 prodierunt,
1185 1994 1211 2038 et
1221 1989 1361 2051 congressi,
1376 1990 1411 2039 ibi
1426 2004 1524 2055 qnoque
1540 1994 1626 2058 proelio
1645 2002 1797 2065 oommisso,

1015 2091 1080 2142 intra
1091 2088 1180 2139 moenin
1189 2088 1279 2138 ilerum
1293 2090 1414 2153 oumpnlsi
1430 2094 1498 2153 sunl,
1511 2092 1617 2157 turpiter
1632 2101 1658 2146 et
1672 2096 1799 2160 ignaviter

1016 2193 1040 2243 in
1052 2189 1219 2254 lugamrersi.
1254 2190 1346 2241 consul
1367 2195 1465 2252 aulem,
1486 2193 1549 2245 nultn
1563 2196 1724 2259 respiratione
1741 2202 1793 2253 illis

1015 2289 1198 2356 ampliusdata,
1222 2289 1304 2340 scalas
1325 2290 1357 2341 ad
1379 2294 1594 2359 murosadrnorit,
1614 2300 1690 2362 utque
1702 2309 1791 2365 portas

1015 2391 1133 2444 arietibus
1153 2389 1233 2455 tregit.
1268 2391 1404 2456 oppidanis
1423 2408 1483 2447 vero
1501 2396 1733 2466 laborioseettegre
1752 2420 1792 2457 ro-

1017 2495 1171 2553 ristentibns‚
1186 2507 1235 2544 non
1258 2508 1348 2559 magno
1362 2496 1461 2561 negotio
1472 2497 1560 2551 urbem
1577 2499 1605 2550 ri
1614 2502 1688 2567 oepit
1712 2505 1793 2562 Quill.

1014 2594 1076 2659 quid
1091 2598 1174 2645 aulem
1194 2594 1250 2643 auri
1266 2597 1293 2645 et
1305 2596 1398 2659 argenti
1413 2599 1487 2661 alque
1506 2600 1564 2650 reris
1580 2600 1606 2651 in
1619 2614 1650 2653 ea
1666 2603 1794 2657 inventum

1014 2699 1062 2758 est,
1074 2693 1100 2744 ld
1118 2692 1145 2744 tn
1157 2694 1273 2745 rernrium
1295 2695 1395 2755 interni·¹
1418 2700 1542 2765 mancipia
1555 2707 1582 2753 et
1593 2704 1717 2771 reliquam
1730 2723 1794 2774 prae·

1014 2799 1072 2850 dam
1084 2815 1099 2851 a
1111 2801 1278 2864 quaestoribus
1295 2802 1367 2852 rendi
1389 2803 1476 2865 jussit:
1495 2803 1617 2855 militibus
1632 2810 1727 2867 restes,
1747 2808 1792 2859 ali·

1014 2906 1105 2964 menta,
1129 2906 1154 2953 et
1170 2903 1279 2966 reliquas
1290 2902 1433 2955 huiusmodi
1449 2919 1498 2969 res,
1511 2909 1647 2973 exquibus
1661 2911 1792 2963 utilitatem

1014 3009 1102 3060 capere
1112 3001 1233 3060 poterant,
1254 2998 1279 3048 in
1300 2998 1412 3062 predum
1426 3002 1557 3052 noncessit.
1591 3005 1686 3056 Deinde
1698 3010 1748 3057 tarn
1760 3021 1792 3058 ex

1015 3098 1076 3161 ipsis
1087 3098 1190 3158 colonis,
1201 3111 1274 3161 quam
1293 3112 1324 3149 eu
1340 3100 1466 3151 veteribus
1477 3103 1634 3165 Antiatibus,
1647 3100 1794 3158 nobilissimi

1014 3198 1106 3261 quique
1120 3201 1145 3246 el
1158 3196 1303 3247 delectionis
1322 3204 1438 3251 auctores
1458 3200 1490 3250 ab
1502 3215 1532 3252 eo
1546 3203 1631 3253 selecti
1656 3205 1736 3267 (erant
1749 3220 1792 3255 au-

1017 3305 1065 3352 tem
1084 3300 1163 3360 inulti)
1180 3301 1257 3364 virgis
1270 3301 1313 3351 diu
1337 3302 1408 3364 eaesi,
1433 3307 1459 3353 et
1479 3305 1559 3355 securi
1582 3306 1656 3369 jussu
1675 3309 1730 3370 eius
1742 3323 1796 3373 per-

1014 3402 1081 3452 cussi
1104 3403 1213 3451 inerunt.
1230 3403 1274 3452 llis
1286 3403 1401 3466 peractis,
1426 3405 1562 3454 exercitum
1584 3409 1610 3455 el
1629 3406 1681 3469 ipse
1693 3408 1795 3458 domum

1015 3504 1122 3555 seduxit.
1148 3504 1192 3553 ilis
1215 3504 1358 3554 consulibus
1381 3504 1537 3556 venientibus
1563 3511 1666 3558 senatus
1696 3510 1795 3561 obviam

1014 3606 1141 3669 processit,
1154 3608 1179 3655 et
1201 3605 1322 3655 ambobus
1334 3605 1491 3669 triumphum
1511 3606 1631 3659 decrerit.
1666 3611 1796 3677 ElAEqnis

1013 3721 1108 3770 paoem,
1122 3721 1197 3770 quam
1213 3721 1258 3771 per
1276 3708 1369 3771 legatos
1388 3708 1524 3772 petierunt,
1553 3698 1684 3770 concessit,
1700 3713 1795 3767 tondere

1013 3822 1070 3857 cnm
1092 3808 1139 3858 illis
1154 3808 1192 3857 lris
1208 3808 1389 3858 conditionibus
1406 3810 1470 3859 laeto
1486 3828 1492 3858 ι
1507 3829 1520 3855 ιι
1535 3816 1563 3861 nl
1580 3813 1664 3876 AEqui,
1683 3816 1756 3865 urbes
1770 3821 1794 3866 et

1013 3929 1025 3951 ι
1038 3924 1109 3971 agros
1124 3923 1182 3958 snus
1196 3911 1338 3968 retinentes,
1350 3923 1413 3973 quos
1426 3910 1559 3971 trabebant,
1570 3912 1594 3962 in
1605 3927 1651 3963 sua
1661 3918 1794 3977 potestate,

1012 4031 1024 4054 ι
1037 4024 1114 4073 quum
1128 4009 1206 4058 trdus
1220 4012 1311 4060 tactum
1331 4015 1377 4068 est,
1394 4011 1588 4076 imperiopopuli
1601 4015 1703 4065 Romani
1719 4030 1793 4080 pare·

1011 4135 1023 4154 ι
1039 4119 1108 4172 rent;
1128 4118 1161 4170 et,
1177 4117 1323 4162 caeterorum
1343 4112 1493 4163 tributorum
1510 4114 1644 4174 immunes,
1658 4119 1754 4166 lantum
1769 4118 1795 4167 in

1011 4234 1023 4263 ιι
1036 4217 1106 4267 bellis
1125 4217 1216 4266 auxilia
1234 4215 1372 4269 mitterent.
1386 4216 1487 4278 quantis
1504 4230 1566 4281 opus
1581 4222 1658 4273 esset,
1669 4217 1793 4279 quemad·

1010 4341 1020 4361 ι
1038 4323 1136 4371 ruoilum
1148 4324 1173 4371 el
1186 4320 1225 4369 alii
1238 4320 1305 4368 soi-ii,
1325 4342 1335 4360 n
1351 4317 1478 4382 lttqnebie
1488 4332 1567 4368 annus
1582 4318 1615 4368 ita
1630 4316 1696 4367 abiit.

1040 4627 1115 4674 xiil.
1134 4628 1205 4672 burm
1221 4624 1343 4684 suiprrnli,
1361 4626 1389 4672 C.
1406 4623 1510 4673 Nautius
1524 4625 1613 4674 iterum
1627 4623 1652 4670 et
1669 4621 1696 4668 L.
1708 4621 1787 4671 itinn,

1007 4714 1061 4763 eius
1075 4713 1189 4761 eonsules
1203 4713 1270 4768 tarti,
1287 4712 1440 4775 aliquamdiu
1457 4713 1480 4761 in
1494 4714 1555 4762 rrrlre
1569 4726 1627 4761 cum
1640 4710 1752 4773 l'irginio
1767 4714 1792 4759 el

1007 4801 1060 4862 ejus
1070 4802 1178 4858 collegis,
1191 4806 1308 4864 quartum
1321 4802 1372 4862 jam
1386 4816 1478 4851 annum
1490 4801 1597 4851 eundem
1616 4801 1791 4862 nrapislrntum

1006 4890 1189 4949 obtinentibus,
1213 4892 1244 4940 de
1261 4892 1317 4953 iure
1337 4888 1436 4952 publico
1462 4889 1651 4938 ronlrmlrrunt.
1694 4885 1791 4936 Deinde

1007 4980 1072 5029 bello
1092 4993 1106 5028 a
1124 4979 1234 5029 finitimis
1253 4978 1367 5040 genitibus
1390 4980 1477 5027 contra
1505 4976 1627 5040 populum
1653 4979 1792 5025 anurrum

1005 5076 1102 5133 exorto,
1118 5085 1195 5134 quum
1215 5074 1296 5120 metus
1313 5072 1388 5124 esset,
1413 5083 1443 5118 ne
1456 5068 1587 5132 imperium
1606 5070 1629 5117 ei
1642 5067 1791 5130 eriperetur,

1007 5159 1122 5208 consules
1146 5159 1253 5209 libenter
1267 5157 1330 5207 hanc
1348 5157 1505 5207 occasionem
1531 5171 1547 5206 a
1566 5157 1665 5207 fortuna
1678 5155 1792 5207 oblatam
