3772 5828
173 351 233 412 {58

175 509 188 541 α
205 480 308 560 ἀνάγκη
320 478 427 560 θάτερον
443 483 512 556 ὑμᾶς
525 488 620 552 ποιεῖν,
632 480 648 550 ἢ
659 478 771 556 Ῥώμην
784 485 926 549 κατοικεῖν,
939 484 956 555 ἢ

175 598 189 627 ιι
210 572 343 648 μηδεμίαν
355 569 447 649 ἑτέραν
461 573 511 649 γῆν
527 569 597 650 ἔχειν
611 570 740 650 πατρίδα.
782 566 896 646 Οἷχεται
906 567 958 647 γάρ

176 685 190 718 ε
206 663 283 720 έωθεν
299 660 455 739 ἐκπεμφθεὶς
475 658 522 718 ὑπ’
540 660 604 736 ἐμοῦ
629 658 739 739 Μάρκος
751 655 875 737 Ὁράτιος
887 659 958 714 ιἰναι·

175 773 191 804 ιι
208 748 294 830 ρήσων
305 749 353 821 τήν
363 748 441 807 πολιν
452 750 524 824 ὑμῶν
535 751 563 807 έκ
574 745 714 824 θεμελίων,
728 746 773 805 καὶ
785 744 844 811 τοὺς
858 745 958 826 ἀνθρώ·

132 871 144 908 ς
179 863 193 897 ιι
208 862 272 907 πους
283 838 402 905 ἅπαντας
412 840 448 904 τίς
461 835 573 913 Ῥώμην
585 835 716 912 μετάξων.
751 836 847 894 Ταῦτα
858 824 903 893 οὖν
916 836 956 893 εἰ·

177 954 192 985 ιι
209 931 281 995 δότες
296 930 355 987 ὅσον
371 928 444 987 οὔπω
464 925 629 1008 γενησόμενα
647 924 783 984 παύσασθε
798 927 958 990 θανατῶντες

175 1042 189 1075 ε
206 1019 251 1079 καὶ
265 1026 363 1076 ποιεῖτε
375 1015 410 1076 τά
435 1020 603 1092 κελευόμενα.
652 1013 769 1074 Μέττιον
786 1013 813 1072 δέ
828 1012 954 1093 Φουφέτ-

178 1131 193 1162 ιι
211 1129 264 1164 τιον
282 1107 389 1184 ἀφανῶς
401 1128 431 1164 τε
445 1109 510 1180 ἡμῖν
532 1103 760 1164 έπιόουλεύσαντα
774 1101 819 1161 καὶ
839 1101 898 1160 otti
912 1107 955 1159 νῦν

176 1217 191 1252 ε
207 1194 358 1267 ὀκνήσαντα
374 1195 418 1253 ἐπὶ
433 1193 468 1254 τά
482 1194 553 1252 ὅπλα
574 1191 636 1260 rod<
650 1191 815 1273 ταραχώδεις
828 1189 874 1249 καί
887 1212 954 1248 στα-

121 1304 144 1343 ιο
179 1307 194 1338 ιι
210 1283 321 1346 σιαστὰς
335 1284 426 1341 καλεῖν
441 1280 631 1361 τιμωρήσομαι
643 1284 690 1352 τῆς
709 1284 791 1352 κακῆς
805 1277 851 1338 καὶ
867 1275 956 1337 δολίου

177 1396 191 1428 τ
207 1375 295 1452 ψυχῆς
310 1371 396 1439 α’ξίως.
412 1396 427 1425 n
447 1372 538 1431 Ταῦτα
555 1369 675 1437 λέξαντος
687 1373 781 1441 αὐτοῦ,
797 1369 825 1428 τὸ
840 1367 888 1444 μέν
901 1370 956 1446 έρε·

174 1462 308 1537 θιζόμενον
323 1465 371 1531 τῆς
386 1460 529 1531 ἐκκλησίας
545 1458 624 1540 μέρος
638 1456 768 1534 έπτηξεν,
784 1448 827 1516 οἷα
841 1457 873 1529 δή
884 1480 953 1540 κρα-

173 1549 300 1627 τούμενον
324 1546 426 1624 ἀνάγκη
455 1545 576 1626 άρύκτφν,
599 1545 644 1605 τὸν
658 1545 686 1605 δέ
709 1544 872 1626 Φουφέττιον
891 1546 957 1623 άγα-

174 1645 319 1698 νακτοῦντα
338 1635 376 1695 ἔτι
390 1634 437 1694 καί
450 1633 598 1716 κεκραγότα
618 1634 697 1713 μόνον
711 1633 759 1702 τάς
779 1657 807 1694 τε
822 1633 953 1705 συνθήκας

120 1745 144 1782 ro
174 1724 403 1795 ἀνακαλούμενον,
431 1720 462 1788 θς
484 1722 560 1789 αὐτὸς
579 1721 723 1801 ίξηλέγχθη
743 1722 950 1801 παρασπονδῶν,

175 1813 221 1872 καί
235 1815 287 1872 οὐδ’
301 1818 327 1874 ἐν
343 1821 433 1878 κακοῖς
447 1817 493 1872 τοῦ
513 1808 624 1892 θράσους
638 1811 784 1894 ὑφιέμενον,
804 1813 828 1871 οἱ
842 1810 956 1888 ραόδοῶ-

174 1922 218 1979 χοι
234 1901 405 1964 κελεύσαντας
425 1905 471 1958 τοῦ
487 1900 617 1978 βασιλέως
639 1898 744 1961 Τύλλου
760 1900 953 1976 συλλαύόντες,

174 1990 220 2050 καὶ
233 1989 282 2060 τήν
304 1992 401 2061 ἐσθῆτα
417 1986 703 2068 περικαταρρήξαντες,
720 1987 820 2057 ἔξαινον
835 1988 864 2047 τδ
877 1991 956 2063 σῶμα

174 2078 280 2157 μάστιξι
302 2078 371 2138 πάνυ
384 2077 510 2143 πολλαῖς.
553 2075 632 2137 Ἐπεί
657 2075 685 2135 δέ
708 2079 805 2147 ταύτης
827 2076 884 2144 ἅλις
898 2067 954 2156 εἶχε
977 2093 978 2097 ’

118 2184 146 2223 ιιι
173 2172 223 2240 τῆς
233 2166 371 2247 τιμωρίας,
387 2167 597 2246 προσελάσαντες
618 2165 664 2225 δύο
683 2167 826 2245 συνωρίδας
837 2170 892 2246 ,τῇ
907 2166 955 2244 μέν

173 2253 252 2338 ἑτέραΙ
267 2257 425 2334 προσήρτων
442 2252 502 2321 τοὺς
519 2254 664 2334 βραχίονας
688 2256 778 2330 αὐτοῦ,
795 2255 865 2337 τῇδ’
879 2254 956 2337 ἑτέρφ

174 2343 232 2411 τοδς
246 2343 328 2410 πόδας
348 2344 459 2425 ῥυτῆρσι
478 2343 670 2422 κατεχομένους
684 2351 810 2423 μακροῖς·
828 2342 955 2402 ἐλαυνόν-

175 2456 226 2490 των
248 2430 277 2491 δὲ
299 2434 352 2490 τῶν
376 2430 491 2510 Ιἡνιόχων
512 2429 560 2498 τάς
585 2431 730 2510 συνωρίδας
749 2433 796 2489 ἀπ’
816 2432 954 2509 ἀλλήλων,

173 2518 325 2596 ξαινόμενός
345 2543 374 2579 τι
405 2520 466 2599 περὶ
494 2522 528 2598 τῇ
553 2523 588 2600 γῇ
616 2519 662 2579 καλ
701 2520 888 2598 ἀνθελκόμενος
911 2521 956 2603 δφ’

117 2628 144 2666 τε»
173 2604 299 2685 ἑκατέρας
314 2607 358 2667 ἐπὶ
371 2604 526 2665 τέναντίαδ
546 2606 656 2675 δείλαιος
670 2608 696 2666 έν
714 2608 795 2689 θλίγῳ
811 2610 956 2668 διασπᾶται

170 2694 266 2775 χρόνῳ.
309 2696 420 2764 Μέττιος
442 2693 490 2773 μέν
512 2695 544 2765 δὴ
560 2696 723 2777 Φουφέττιος
745 2699 827 2765 οὕτως
850 2700 956 2778 οἰκτρᾶς

170 2785 217 2844 καί
246 2783 398 2864 άσχήμονος
427 2786 553 2853 τελευτῆς
584 2782 675 2864 έτοχε,
703 2793 758 2852 τοῖς
787 2786 810 2843 δ’
841 2786 955 2866 ἑταίροις

170 2875 251 2932 αὐτοῦ
283 2872 328 2932 καὶ
357 2870 486 2931 συνειδόσι
512 2871 561 2942 τήν
587 2871 729 2952 προδοσίαν
756 2873 914 2952 δικαστήρια
941 2877 956 2932 δ

171 2961 296 3042 βασιλεὺς
311 2959 432 3035 καθίσας,
454 2957 514 3027 τοθς
538 2959 649 3027 άλόντας
675 2960 701 3029 ἑξ
716 2963 802 3021 αὐτῶν
824 2964 895 3023 κατὰ
910 2961 954 3021 τδν

116 3067 144 3103 ³¹¹
177 3054 227 3109 τῶν
242 3053 421 3110 λειποτακτῶν
439 3073 468 3108 τε
497 3047 543 3108 καλ
569 3051 703 3129 προδοτῶν
724 3050 803 3123 νόμον
827 3050 954 3110 ἀπέκτει-

178 3161 233 3202 νεν.

211 3228 316 3290 XXXI.
341 3226 388 3289 Ἔν
399 3219 456 3309 ᾧδὲ
466 3231 542 3287 ταῦτ’
554 3225 651 3305 ίγίνετο
662 3224 748 3307 χρόνῳ
757 3225 867 3307 Μάρκος
874 3225 955 3307 ‘Opal-

176 3341 231 3384 τιος
249 3320 263 3375 δ
276 3321 525 3397 προαπεσταλμένος
539 3315 672 3392 μετὰτῶν
689 3315 834 3374 ἐπιλέκτων
849 3316 893 3375 ἐπὶ
905 3318 953 3388 τήν

173 3406 324 3485 καθαίρεσιν
337 3408 384 3476 τῆς
398 3401 509 3477 Ἀλέας,
527 3404 629 3484 ταχέως
639 3401 762 3473 διανύσας
776 3403 823 3476 τήν
833 3405 891 3464 δδθν
909 3406 955 3465 καὶ

117 3522 144 3561 sn
173 3493 333 3554 καταλαύὼν
349 3494 433 3559 πύλας
450 3494 475 3551 τ’
493 3492 647 3559 ἀκλείστους
664 3491 710 3551 καλ
730 3501 816 3572 τεῖχος
836 3492 955 3575 ἀφύλακ-

172 3605 229 3657 τον,
254 3584 371 3649 εὐπετῶς
383 3581 485 3660 γίνεται
501 3586 549 3654 τῆς
566 3581 668 3649 πόλεως
687 3581 784 3662 κύριος.
826 3584 952 3663 Συναγα-

173 3669 227 3750 γὼν
244 3670 271 3729 δέ
288 3670 320 3729 τὸ
339 3673 438 3741 πλῆθος
462 3673 498 3738 είς
518 3669 666 3740 ἐκκλησίαν
690 3670 725 3728 τά
747 3693 775 3728 τε
802 3673 954 3751 πραχθέντα

74 3765 78 3772 ’
172 3757 242 3814 κατδι
261 3755 308 3827 τήν
339 3756 429 3835 μάχην
455 3758 561 3817 ἅπαντα
589 3759 721 3829 ἐδήλωσεν
749 3760 836 3827 αὐτοῖς
857 3760 954 3820 καὶτὸ

172 3842 297 3925 ψήφισμα
322 3849 370 3918 τῆς
388 3845 531 3921 Ῥωμαίων
563 3850 660 3926 βουλῆς
684 3845 829 3918 διεξῆλθεν.
872 3850 955 3910 Ἄντι-

117 3961 144 3999 εο
172 3933 317 3993 όολούντων
328 3935 355 3996 δέ
365 3938 416 3993 τῶν
438 3935 581 4017 ἀνθρώπων
600 3937 644 3995 καὶ
656 3936 748 4015 χρόνον
766 3940 802 4004 εἷς
813 3938 954 4018 πρεσδείαν

172 4020 349 4095 αἰτουμένων,
363 4021 487 4099 οὐδεμίαν
502 4024 634 4094 ιἰναθολήν
655 4023 832 4101 ποιησάμενος
844 4028 890 4091 τδς
905 4025 955 4101 μέν

172 4105 255 4174 οἰκίας
273 4111 318 4166 καὶ
337 4109 371 4168 τθι
395 4110 471 4191 τείχη
494 4114 538 4172 καὶ
567 4112 591 4172 εί
612 4135 638 4170 τι
656 4111 722 4172 άλλο
744 4115 953 4191 κατασκεύασμα

175 4197 304 4257 ἰδιωτικὸν
321 4197 339 4270 ἦ
352 4200 479 4272 δημόσιον
493 4193 527 4274 ἦν
540 4201 721 4276 κατέσκαπτε,
738 4199 798 4269 τοὺς
812 4202 835 4260 δ’
854 4202 954 4282 ἀνθρὼ-

175 4310 241 4355 πους
263 4287 331 4364 μετὰ
344 4291 444 4358 πολλῆς
463 4291 599 4371 φροντίδος
619 4290 798 4371 παρέπεμπεν
822 4292 859 4360 είς
878 4290 950 4353 Ῥῶ-

118 4405 145 4444 to
174 4401 226 4452 μην
243 4377 353 4456 άγοντάς
370 4399 398 4433 τε
415 4376 448 4435 τά
472 4382 573 4448 ἑαυηῒιν
596 4378 724 4460 χρήματα
745 4379 791 4439 καί
805 4379 949 4461 φέροντας·

173 4464 217 4531 οθς
232 4469 245 4523 δ
258 4464 360 4530 Τύλλος
377 4464 535 4545 ἀφικόμενος
550 4469 604 4527 ἀπὸ
617 4469 796 4546 στρατοπέδου
806 4476 864 4534 ταῖς
883 4467 953 4531 Ῥω-

176 4554 261 4629 μαίων
278 4556 371 4633 φυλαῖς
386 4555 431 4613 καί
462 4556 589 4636 φράτραις
617 4558 767 4630 έπιδιεῖλεν,
791 4557 908 4629 οἰκήσεις
921 4583 950 4619 τε

173 4642 413 4721 συγκατεσκεύασεν
437 4646 463 4702 ἓν
490 4637 527 4712 οἷς
551 4647 627 4717 αὐτοὶ
645 4652 809 4728 προῃροῦντο
830 4652 879 4719 τῆς
899 4649 951 4708 πό-

172 4733 238 4801 λεως
260 4732 359 4805 τόποις,
382 4733 428 4791 καί
454 4736 501 4803 τῆς
529 4735 657 4809 δημοσίας
683 4740 731 4813 γ’ής
748 4736 796 4806 τήν
821 4737 952 4817 ἀρκοῦσαν

119 4841 146 4880 ιο
174 4824 227 4886 τοῖς
242 4821 395 4893 θητεύουσιν
413 4821 438 4891 έξ
457 4823 543 4883 αθτῶν
564 4823 714 4902 ἀπεμέριζε,
736 4826 796 4891 ταῖς
818 4848 846 4883 τε
862 4827 954 4895 ἄλλαις

173 4900 378 4988 φιλανθρωπίαις
401 4913 568 4990 ἀνελάμὸανε
584 4912 612 4971 τὸ
634 4915 743 4983 πλῆθος.
785 4913 821 4975 ‘ll
847 4914 895 4976 uin
921 4915 953 4987 δὴ

172 4994 225 5049 τῶν
239 4994 370 5057 Ἀλόανῶν
384 5000 471 5072 πόλις,
491 5000 523 5072 ἣν
544 5002 645 5060 ἔκτισεν
669 5002 803 5068 Ἀσκάνιος
818 5006 833 5061 δ
848 5004 874 5073 ἐξ
896 5007 950 5066 Λί-

175 5079 243 5139 νείου
257 5091 303 5141 τοῦ
326 5087 448 5164 Ἀγχίσου
469 5089 515 5149 καὶ
544 5087 678 5169 Κρεούσης
696 5095 743 5162 τῆς
759 5091 885 5170 Πριάμου
908 5099 953 5152 θυ-

171 5170 277 5253 γατρὸῦ
301 5173 522 5252 έιηθιαμείνασα
549 5179 617 5255 μετά
635 5177 681 5236 τθν
708 5179 828 5254 οίκισμδν
847 5202 949 5239 πεντα-

696 346 864 406 tribuisti
888 346 1266 407 Halicauunssun'sts

1013 485 1185 536 «alterutrum
1202 488 1299 546 lacere,
1314 490 1358 538 aut
1375 490 1477 539 lloruam
1496 489 1616 551 incolere,
1634 493 1679 540 aut
1699 492 1790 543 nullam

1014 613 1026 636 ιι
1041 593 1147 658 patriam
1165 594 1265 645 habere.
1299 597 1371 647 liuto
1395 595 1461 646 onim
1485 596 1612 660 proiectus
1634 600 1674 648 est
1690 600 1792 650 Marcus

1013 699 1156 750 «Horatius
1169 714 1185 750 a
1197 714 1238 751 me
1258 701 1365 763 rnissus,
1390 705 1420 753 ut
1439 709 1546 755 reatrarn
1568 706 1654 759 urbem
1678 705 1790 758 funditus

1013 807 1138 856 ueremi
1156 809 1182 856 et
1204 820 1291 859 omnes
1310 807 1423 859 homines
1451 813 1553 863 Romam
1574 812 1696 864 traducat.
1729 817 1788 865 tlmo

1013 927 1025 950 ι
1040 908 1114 973 igitur
1127 909 1179 960 iere
1193 909 1243 961 iam
1253 914 1353 976 peraeta
1364 915 1454 963 scitote
1467 935 1473 963 ;
1485 926 1562 977 quere
1574 914 1598 964 in
1613 917 1721 964 vestrarn
1733 927 1788 978 per·

1013 1040 1025 1063 a
1039 1020 1126 1070 nietam
1144 1033 1217 1070 ruore
1238 1021 1355 1082 desinite,
1371 1025 1397 1073 ot
1418 1023 1535 1088 imperata
1557 1023 1642 1073 tacite.
1679 1026 1707 1073 lo
1725 1026 1790 1075 blet-

1013 1141 1025 1165 ι
1043 1122 1104 1171 tiurn
1127 1134 1186 1171 vero
1199 1122 1346 1187 Futletium,
1370 1125 1411 1189 qui
1433 1126 1496 1177 claro
1509 1127 1580 1178 uobis
1592 1132 1630 1179 est
1648 1127 1790 1187 insidiatus,

1012 1242 1024 1266 ε
1039 1224 1066 1273 et
1080 1233 1111 1271 ne
1122 1233 1188 1271 nunc
1203 1222 1304 1286 quidem
1314 1225 1409 1278 veritus
1420 1231 1459 1278 est
1469 1227 1501 1278 ad
1511 1242 1580 1279 arrna
1593 1230 1751 1281 turbulentos
1766 1232 1790 1279 at

1012 1341 1024 1365 ν
1041 1321 1173 1374 seditiosos
1195 1323 1307 1376 boninus
1325 1325 1463 1386 concitare,
1487 1327 1576 1377 merito
1589 1332 1689 1393 propter
1700 1328 1791 1392 impro-

1012 1444 1024 1467 ι
1039 1425 1098 1476 burn
1109 1429 1136 1477 et
1146 1427 1332 1479 iraudulentum
1349 1429 1457 1480 animum
1481 1431 1713 1484 animadvertam.»
1746 1433 1791 1483 llis

1011 1524 1100 1578 abillo
1120 1527 1206 1589 dictis,
1225 1531 1346 1580 ooneionie
1370 1543 1426 1595 pars
1444 1546 1501 1596 que
1519 1533 1616 1584 irritata
1636 1537 1690 1586 erat
1704 1537 1791 1589 territa

1010 1631 1061 1692 est,
1087 1630 1153 1682 ricta
1183 1634 1328 1685 necessitate
1348 1633 1484 1687 inevitabili
1507 1654 1513 1684 :
1537 1637 1620 1702 ipsurn
1645 1652 1704 1690 vero
1730 1642 1789 1691 Fut-

1012 1730 1097 1782 letium
1116 1731 1281 1796 indignantem
1298 1740 1324 1786 et
1344 1735 1425 1786 solum
1448 1738 1639 1803 vociferantem,
1656 1744 1683 1792 et
1697 1741 1790 1792 imdora

1011 1835 1194 1901 implorantem,
1214 1851 1273 1901 qum
1299 1838 1351 1902 ipse
1365 1840 1470 1891 violasse
1493 1842 1620 1894 convictus
1640 1847 1695 1894 erat
1718 1848 1743 1894 et
1758 1858 1790 1894 ne

1011 1933 1036 1983 iu
1061 1935 1132 1987 malis
1156 1936 1254 2000 quidem
1283 1938 1314 1989 de
1335 1939 1438 1990 audacia
1468 1940 1602 2007 quidquam
1624 1943 1792 1995 remittentem

1011 2039 1078 2088 iussu
1117 2037 1182 2088 Tulli
1206 2042 1270 2104 regia
1287 2041 1386 2093 lictores
1410 2047 1566 2107 correptum,
1582 2050 1652 2096 veste
1669 2045 1789 2102 detracta.

1011 2139 1157 2191 verberibus
1169 2142 1254 2192 multis
1282 2143 1434 2195 cecideruut.
1468 2144 1516 2196 Sed
1530 2151 1661 2209 postquam
1690 2147 1715 2196 in
1734 2161 1789 2197 euin

1011 2238 1177 2306 lroosupplicii
1189 2255 1278 2306 genere
1296 2244 1357 2294 satis
1375 2244 1487 2296 saevitum
1501 2247 1550 2305 eat,
1571 2244 1643 2295 binas
1658 2244 1727 2310 bigas
1740 2246 1787 2295 ad-

1011 2346 1142 2392 moverunt
1159 2345 1185 2394 et
1201 2343 1255 2394 εῖιιε
1264 2343 1364 2394 brachia
1384 2344 1417 2395 ad
1430 2345 1527 2405 altene
1551 2345 1582 2396 ad
1605 2346 1696 2397 atteras
1712 2348 1790 2412 pedes

1011 2441 1069 2492 loris
1087 2443 1168 2506 longia
1187 2443 1330 2508 alllgarunt3
1346 2448 1420 2511 atque
1436 2446 1520 2497 infelix
1537 2447 1626 2512 aurigis
1640 2449 1664 2498 in
1679 2448 1791 2503 diversas

1011 2547 1093 2608 partes
1114 2546 1183 2610 bigas
1212 2549 1352 2612 agentibus,
1382 2549 1451 2600 humi
1482 2552 1577 2601 tractus
1604 2554 1630 2602 et
1652 2564 1666 2603 a
1687 2552 1750 2618 bigis
1767 2555 1793 2605 in

1011 2647 1146 2698 contrarias
1158 2651 1241 2713 partes
1252 2652 1339 2716 raptus
1347 2649 1416 2701 breri
1431 2649 1548 2714 temporis
1560 2650 1641 2714 spatio
1653 2651 1792 2717 discerptus

1010 2752 1058 2800 est.
1090 2755 1173 2815 Atque
1197 2752 1300 2804 ltettlua
1320 2753 1442 2804 Full'etiue
1468 2752 1534 2804 lruuo
1559 2754 1679 2805 miserum
1700 2759 1725 2805 et
1744 2756 1790 2806 foa·

1010 2850 1071 2901 dum
1087 2852 1146 2903 vitre
1169 2853 1242 2903 duem
1263 2854 1366 2906 sortitus
1390 2859 1437 2916 est,
1457 2855 1482 2906 in
1505 2856 1559 2905 eius
1583 2868 1644 2906 vero
1665 2858 1746 2907 socios
1765 2860 1790 2909 ot

1010 2953 1156 3016 proditionis
1175 2957 1287 3007 conscios
1302 2971 1345 3008 rex
1362 2957 1451 3009 iudicia
1465 2958 1608 3020 constituit,
1624 2961 1650 3010 et
1667 2961 1790 3024 quotquot

1012 3053 1119 3103 convicti
1133 3057 1199 3114 aunt,
1216 3069 1259 3105 eos
1274 3069 1305 3106 ex
1317 3056 1370 3121 lege
1382 3056 1406 3106 in
1424 3056 1516 3107 militie
1532 3057 1674 3110 desertores
1691 3061 1717 3111 et
1732 3073 1790 3125 pro·

1011 3155 1104 3207 ditores
1125 3155 1176 3207 lata
1192 3158 1288 3222 eapitatl
1309 3159 1429 3224 supplicio
1443 3160 1537 3211 aiiecit.

1043 3265 1128 3314 xltltl.
1147 3267 1244 3315 Interea
1254 3267 1338 3316 autern
1361 3268 1459 3317 ltlarous
1475 3269 1600 3331 Horatius,
1619 3268 1661 3333 qui
1677 3269 1791 3332 praernis-

1011 3381 1055 3418 sus
1072 3372 1126 3420 erat
1146 3383 1204 3420 curn
1229 3369 1349 3421 militibus
1368 3370 1439 3421 lectis
1456 3371 1488 3420 ad
1509 3370 1596 3421 Albam
1618 3369 1789 3429 evertendam,

1011 3470 1126 3521 celeriter
1143 3472 1258 3524 coniecto
1281 3473 1385 3534 itinere,
1399 3485 1456 3522 cum
1471 3473 1604 3523 invenisset
1619 3476 1702 3537 portas
1717 3486 1791 3537 aper·

1011 3574 1051 3623 tas
1066 3576 1091 3623 et
1102 3587 1187 3624 muros
1197 3573 1370 3634 incustoditus,
1384 3574 1453 3624 iaeile
1467 3573 1529 3624 urbe
1539 3574 1635 3637 potitus
1644 3576 1692 3625 est.
1726 3573 1788 3626 Con·

1010 3678 1097 3724 vocato
1119 3678 1203 3726 autem
1218 3677 1309 3740 populo
1329 3673 1362 3725 ad
1382 3675 1672 3740 concionem,quidquid
1689 3676 1788 3741 inpare

1009 3778 1041 3829 lio
1058 3781 1154 3844 gestum
1171 3782 1225 3830 erat
1245 3779 1281 3830 eis
1293 3778 1444 3841 declararit,
1462 3783 1487 3830 et
1508 3780 1610 3831 Romani
1630 3783 1733 3831 senatus
1749 3780 1790 3832 de

1012 3884 1109 3931 eretum
1131 3881 1255 3932 recitarit.
1289 3881 1341 3931 lllis
1355 3883 1437 3932 autern
1450 3882 1577 3932 orantibus
1597 3885 1624 3933 et
1645 3887 1744 3947 ternpus
1757 3883 1788 3933 ad

1011 3982 1155 4046 legationem
1166 3984 1358 4047 postulantibus,
1376 3985 1474 4035 sublata
1486 3986 1552 4035 omni
1563 3999 1640 4047 mora,
1662 3989 1689 4037 et
1702 3985 1790 4038 domos

1009 4082 1035 4130 et
1061 4093 1146 4129 rnuros
1176 4085 1201 4130 ei
1231 4080 1332 4144 siquod
1354 4081 1419 4131 aliud
1443 4082 1572 4133 aedificium
1600 4082 1640 4133 vel
1664 4081 1789 4148 privatum

1009 4185 1049 4235 rel
1070 4184 1196 4248 publicum
1228 4188 1281 4237 erat
1307 4184 1440 4237 demolitus
1464 4190 1516 4245 est;
1538 4189 1564 4237 et
1587 4185 1656 4251 ipsos
1679 4187 1791 4239 lmmlues

1008 4282 1110 4344 agentes
1135 4282 1162 4331 et
1188 4284 1314 4344 portantes
1337 4296 1378 4333 res
1404 4297 1463 4333 suus
1488 4284 1592 4333 Romam
1616 4297 1705 4349 magua
1728 4296 1788 4334 eura

1007 4388 1153 4451 prosecutus
1176 4389 1236 4436 est:
1259 4400 1322 4450 quos
1345 4388 1431 4439 Tullus
1456 4402 1486 4437 er
1512 4389 1598 4438 casina
1620 4391 1788 4440 Rornanorum

1008 4504 1124 4545 reversus
1146 4490 1171 4540 in
1195 4490 1275 4542 tribus
1302 4497 1327 4544 et
1350 4495 1431 4544 euriae
1454 4492 1597 4554 distribuit,
1617 4493 1703 4557 eisque
1722 4493 1789 4545 mdes

1007 4592 1142 4643 aedtirravlt
1154 4592 1178 4642 in
1192 4606 1242 4658 qua
1261 4593 1328 4644 urbis
1344 4598 1412 4658 parte
1434 4593 1578 4656 voluerunt,
1592 4596 1617 4645 et
1636 4595 1668 4645 de
1686 4594 1788 4659 publico

1008 4702 1082 4752 agro,
1098 4691 1215 4751 quantum
1228 4691 1287 4740 satis
1306 4694 1388 4749 esset,
1405 4690 1488 4740 divisit
1509 4690 1613 4754 illisqui
1627 4705 1703 4754 opera
1722 4704 1786 4740 rner-

1008 4787 1107 4837 cenaria
1125 4789 1285 4851 exercebant3
1308 4796 1333 4841 et
1355 4793 1420 4841 omni
1439 4791 1487 4841 elio
1509 4790 1674 4841 humanitatis
1699 4804 1786 4855 genere

1008 4885 1191 4935 multitudinem
1211 4889 1315 4953 aceepit,
1360 4889 1509 4940 Albanorum
1530 4890 1603 4955 igitur
1620 4891 1695 4949 urbs,
1713 4900 1784 4951 quarn

1009 4984 1153 5035 condiderat
1176 4985 1296 5037 Ascanius
1311 5001 1342 5038 ex
1363 4991 1440 5039 AEnea
1458 4988 1572 5039 Anchise
1589 4989 1639 5039 tilio
1654 4992 1679 5038 et
1693 4987 1782 5036 creusa

1009 5089 1100 5141 Priami
1117 5088 1166 5138 lilla
1183 5090 1340 5155 progenitus,
1352 5096 1482 5157 postquam
1495 5093 1564 5144 stetit
1582 5106 1625 5158 per
1638 5091 1782 5157 quingentos

1008 5205 1086 5242 annos
1099 5190 1217 5243 tredecim
1235 5195 1317 5245 minus
1334 5208 1364 5245 ex
1380 5210 1431 5259 quo
1448 5200 1504 5246 erat
1521 5197 1634 5258 condita,
1653 5208 1702 5262 quo
1721 5196 1783 5244 tem·
