<?xml version="1.0" encoding="UTF-8"?>
<!DOCTYPE html PUBLIC "-//W3C//DTD XHTML 1.0 Transitional//EN"
    "http://www.w3.org/TR/xhtml1/DTD/xhtml1-transitional.dtd">
<html xmlns="http://www.w3.org/1999/xhtml" xml:lang="en" lang="en">
 <head>
  <title>
</title>
<meta http-equiv="Content-Type" content="text/html;charset=utf-8" />
  <meta name='ocr-system' content='tesseract 3.04.00' />
  <meta name='ocr-capabilities' content='ocr_page ocr_carea ocr_par ocr_line ocrx_word'/>
</head>
<body>
  <div class='ocr_page' id='page_1' title='image "./dionysiihalicar00prougoog/dionysiihalicar00prougoog_0260.png"; bbox 0 0 3772 5828; ppageno 0'>
   <div class='ocr_carea' id='block_1_1' title="bbox 162 320 224 380">
    <p class='ocr_par' dir='ltr' id='par_1_1' title="bbox 162 320 224 380">
     <span class='ocr_line' id='line_1_1' title="bbox 162 320 224 380; baseline -0.016 0"><span class='ocrx_word' id='word_1_1' title='bbox 162 320 224 380; x_wconf 71' lang='lat'>238</span> 
     </span>
    </p>
   </div>
   <div class='ocr_carea' id='block_1_2' title="bbox 97 444 945 2130">
    <p class='ocr_par' dir='ltr' id='par_1_2' title="bbox 162 444 943 796">
     <span class='ocr_line' id='line_1_2' title="bbox 164 444 941 532; baseline -0.006 -21"><span class='ocrx_word' id='word_1_2' title='bbox 164 453 228 532; x_wconf 86' lang='grc' dir='ltr'>ἐφην</span> <span class='ocrx_word' id='word_1_3' title='bbox 242 452 269 508; x_wconf 86' lang='grc' dir='ltr'>ἐν</span> <span class='ocrx_word' id='word_1_4' title='bbox 282 451 320 528; x_wconf 82' lang='grc' dir='ltr'>τῷ</span> <span class='ocrx_word' id='word_1_5' title='bbox 340 448 392 530; x_wconf 79' lang='grc' dir='ltr'>πρὸ</span> <span class='ocrx_word' id='word_1_6' title='bbox 413 447 503 508; x_wconf 89' lang='grc' dir='ltr'>τούτου</span> <span class='ocrx_word' id='word_1_7' title='bbox 518 446 603 528; x_wconf 85' lang='grc' dir='ltr'>λύγῳ·</span> <span class='ocrx_word' id='word_1_8' title='bbox 618 444 665 517; x_wconf 75' lang='grc' dir='ltr'>τὴν</span> <span class='ocrx_word' id='word_1_9' title='bbox 681 446 709 506; x_wconf 80' lang='grc' dir='ltr'>δέ</span> <span class='ocrx_word' id='word_1_10' title='bbox 735 451 784 506; x_wconf 85' lang='grc' dir='ltr'>τῶν</span> <span class='ocrx_word' id='word_1_11' title='bbox 804 451 873 507; x_wconf 83' lang='grc' dir='ltr'>ναῶν</span> <span class='ocrx_word' id='word_1_12' title='bbox 891 471 941 507; x_wconf 83' lang='grc' dir='ltr'>κα·</span> 
     </span>
     <span class='ocr_line' id='line_1_3' title="bbox 162 535 942 616; baseline -0.004 -18"><span class='ocrx_word' id='word_1_13' title='bbox 162 538 293 608; x_wconf 73' lang='grc' dir='ltr'>τασκευῆν</span> <span class='ocrx_word' id='word_1_14' title='bbox 318 540 365 596; x_wconf 84' lang='grc' dir='ltr'>οὐκ</span> <span class='ocrx_word' id='word_1_15' title='bbox 385 540 451 616; x_wconf 78' lang='grc' dir='ltr'>ἔφθη</span> <span class='ocrx_word' id='word_1_16' title='bbox 465 535 579 595; x_wconf 90' lang='grc' dir='ltr'>τελέσαι.</span> <span class='ocrx_word' id='word_1_17' title='bbox 622 538 709 596; x_wconf 82' lang='grc' dir='ltr'>Τοῦτο</span> <span class='ocrx_word' id='word_1_18' title='bbox 734 535 766 608; x_wconf 76' lang='grc' dir='ltr'>δὴ</span> <span class='ocrx_word' id='word_1_19' title='bbox 787 537 817 594; x_wconf 86' lang='grc' dir='ltr'>τδ</span> <span class='ocrx_word' id='word_1_20' title='bbox 831 537 905 615; x_wconf 86' lang='grc' dir='ltr'>ἐργον</span> <span class='ocrx_word' id='word_1_21' title='bbox 927 539 942 595; x_wconf 91' lang='grc' dir='ltr'>δ</span> 
     </span>
     <span class='ocr_line' id='line_1_4' title="bbox 162 622 942 706; baseline -0.006 -19"><span class='ocrx_word' id='word_1_22' title='bbox 162 626 308 706; x_wconf 88' lang='grc' dir='ltr'>Ταρκύνιος</span> <span class='ocrx_word' id='word_1_23' title='bbox 323 624 377 685; x_wconf 86' lang='grc' dir='ltr'>άπδ</span> <span class='ocrx_word' id='word_1_24' title='bbox 387 630 434 696; x_wconf 81' lang='grc' dir='ltr'>τῆς</span> <span class='ocrx_word' id='word_1_25' title='bbox 448 624 559 695; x_wconf 82' lang='grc' dir='ltr'>δεκάτης</span> <span class='ocrx_word' id='word_1_26' title='bbox 574 627 625 682; x_wconf 85' lang='grc' dir='ltr'>τῶν</span> <span class='ocrx_word' id='word_1_27' title='bbox 640 626 671 682; x_wconf 81' lang='grc' dir='ltr'>ἐκ</span> <span class='ocrx_word' id='word_1_28' title='bbox 688 622 807 695; x_wconf 76' lang='grc' dir='ltr'>Συέσσης</span> <span class='ocrx_word' id='word_1_29' title='bbox 819 623 942 704; x_wconf 88' lang='grc' dir='ltr'>λαφύρων</span> 
     </span>
     <span class='ocr_line' id='line_1_5' title="bbox 163 711 943 796; baseline -0.005 -20"><span class='ocrx_word' id='word_1_30' title='bbox 163 717 312 776; x_wconf 74' lang='grc' dir='ltr'><strong>ἐπιτελέσαι</strong></span> <span class='ocrx_word' id='word_1_31' title='bbox 326 713 666 796; x_wconf 79' lang='grc' dir='ltr'>προαιρούμενος.άπαντας</span> <span class='ocrx_word' id='word_1_32' title='bbox 680 711 740 780; x_wconf 79' lang='grc' dir='ltr'>τοὺς</span> <span class='ocrx_word' id='word_1_33' title='bbox 753 713 873 792; x_wconf 80' lang='grc' dir='ltr'>τεχνίτας</span> <span class='ocrx_word' id='word_1_34' title='bbox 883 712 943 772; x_wconf 87' lang='grc' dir='ltr'>ἐπέ-</span> 
     </span>
    </p>

    <p class='ocr_par' dir='ltr' id='par_1_3' title="bbox 122 800 943 1252">
     <span class='ocr_line' id='line_1_6' title="bbox 122 800 942 883; baseline -0.005 -18"><span class='ocrx_word' id='word_1_35' title='bbox 122 819 135 855; x_wconf 74' lang='lat'><strong>5</strong></span> <span class='ocrx_word' id='word_1_36' title='bbox 163 830 245 878; x_wconf 89' lang='grc' dir='ltr'>στησε</span> <span class='ocrx_word' id='word_1_37' title='bbox 259 813 318 873; x_wconf 90' lang='grc' dir='ltr'>ταῖς</span> <span class='ocrx_word' id='word_1_38' title='bbox 332 804 475 883; x_wconf 84' lang='grc' dir='ltr'>ἐργασίαις.</span> <span class='ocrx_word' id='word_1_39' title='bbox 521 802 606 862; x_wconf 82' lang='grc' dir='ltr'>Ἔνθα</span> <span class='ocrx_word' id='word_1_40' title='bbox 629 801 661 875; x_wconf 85' lang='grc' dir='ltr'>δὴ</span> <span class='ocrx_word' id='word_1_41' title='bbox 683 803 789 880; x_wconf 88' lang='grc' dir='ltr'>λέγεται</span> <span class='ocrx_word' id='word_1_42' title='bbox 816 800 894 881; x_wconf 88' lang='grc' dir='ltr'>τέρας</span> <span class='ocrx_word' id='word_1_43' title='bbox 918 803 942 862; x_wconf 87' lang='grc' dir='ltr'>τὶ</span> 
     </span>
     <span class='ocr_line' id='line_1_7' title="bbox 164 890 942 973; baseline -0.008 -19"><span class='ocrx_word' id='word_1_44' title='bbox 164 894 314 972; x_wconf 79' lang='grc' dir='ltr'>θαυμαστόν</span> <span class='ocrx_word' id='word_1_45' title='bbox 326 896 460 973; x_wconf 81' lang='grc' dir='ltr'>ὑπόγειον,</span> <span class='ocrx_word' id='word_1_46' title='bbox 468 890 649 971; x_wconf 75' lang='grc' dir='ltr'>ὀρυττομένων</span> <span class='ocrx_word' id='word_1_47' title='bbox 658 914 686 949; x_wconf 83' lang='grc' dir='ltr'>τε</span> <span class='ocrx_word' id='word_1_48' title='bbox 695 894 747 949; x_wconf 81' lang='grc' dir='ltr'>τιῖιν</span> <span class='ocrx_word' id='word_1_49' title='bbox 759 890 887 966; x_wconf 78' lang='grc' dir='ltr'>θεμελίων</span> <span class='ocrx_word' id='word_1_50' title='bbox 897 890 942 949; x_wconf 83' lang='grc' dir='ltr'>καὶ</span> 
     </span>
     <span class='ocr_line' id='line_1_8' title="bbox 163 979 943 1060; baseline -0.006 -18"><span class='ocrx_word' id='word_1_51' title='bbox 163 987 210 1055; x_wconf 79' lang='grc' dir='ltr'>τῆς</span> <span class='ocrx_word' id='word_1_52' title='bbox 229 986 325 1060; x_wconf 73' lang='grc' dir='ltr'>ὀρυγῆς</span> <span class='ocrx_word' id='word_1_53' title='bbox 345 987 380 1049; x_wconf 84' lang='grc' dir='ltr'>εἰς</span> <span class='ocrx_word' id='word_1_54' title='bbox 402 981 468 1040; x_wconf 83' lang='grc' dir='ltr'>πολὺ</span> <span class='ocrx_word' id='word_1_55' title='bbox 491 982 568 1060; x_wconf 84' lang='grc' dir='ltr'>βάθος</span> <span class='ocrx_word' id='word_1_56' title='bbox 590 981 643 1052; x_wconf 75' lang='grc' dir='ltr'>ἤδη</span> <span class='ocrx_word' id='word_1_57' title='bbox 661 979 803 1057; x_wconf 80' lang='grc' dir='ltr'>προϊούσης</span> <span class='ocrx_word' id='word_1_58' title='bbox 818 981 943 1060; x_wconf 84' lang='grc' dir='ltr'>εύρῆσθαι</span> 
     </span>
     <span class='ocr_line' id='line_1_9' title="bbox 164 1066 942 1151; baseline -0.005 -20"><span class='ocrx_word' id='word_1_59' title='bbox 164 1072 282 1151; x_wconf 78' lang='grc' dir='ltr'>κεφαλὴν</span> <span class='ocrx_word' id='word_1_60' title='bbox 294 1076 451 1151; x_wconf 74' lang='grc' dir='ltr'>νεοσφαγοῦς</span> <span class='ocrx_word' id='word_1_61' title='bbox 467 1069 615 1147; x_wconf 86' lang='grc' dir='ltr'>ἀνθρώπου,</span> <span class='ocrx_word' id='word_1_62' title='bbox 629 1068 698 1127; x_wconf 89' lang='grc' dir='ltr'>τότε</span> <span class='ocrx_word' id='word_1_63' title='bbox 711 1068 851 1148; x_wconf 87' lang='grc' dir='ltr'>πρόσωπον</span> <span class='ocrx_word' id='word_1_64' title='bbox 865 1066 942 1148; x_wconf 82' lang='grc' dir='ltr'>έχου-</span> 
     </span>
     <span class='ocr_line' id='line_1_10' title="bbox 164 1157 943 1252; baseline -0.001 -34"><span class='ocrx_word' id='word_1_65' title='bbox 164 1181 214 1218; x_wconf 88' lang='grc' dir='ltr'>σαν</span> <span class='ocrx_word' id='word_1_66' title='bbox 225 1164 278 1226; x_wconf 87' lang='grc' dir='ltr'>τοῖς</span> <span class='ocrx_word' id='word_1_67' title='bbox 294 1161 420 1252; x_wconf 69' lang='grc' dir='ltr'>ἐμφύχοις</span> <span class='ocrx_word' id='word_1_68' title='bbox 430 1158 519 1235; x_wconf 80' lang='grc' dir='ltr'>ὅμοιον</span> <span class='ocrx_word' id='word_1_69' title='bbox 531 1158 577 1216; x_wconf 82' lang='grc' dir='ltr'>καὶ</span> <span class='ocrx_word' id='word_1_70' title='bbox 589 1158 618 1216; x_wconf 84' lang='grc' dir='ltr'>τὸ</span> <span class='ocrx_word' id='word_1_71' title='bbox 631 1157 844 1236; x_wconf 73' lang='grc' dir='ltr'>καταφερόμενον</span> <span class='ocrx_word' id='word_1_72' title='bbox 855 1159 886 1217; x_wconf 84' lang='grc' dir='ltr'>ἐκ</span> <span class='ocrx_word' id='word_1_73' title='bbox 897 1161 943 1228; x_wconf 80' lang='grc' dir='ltr'>τῆς</span> 
     </span>
    </p>

    <p class='ocr_par' dir='ltr' id='par_1_4' title="bbox 112 1243 943 1685">
     <span class='ocr_line' id='line_1_11' title="bbox 112 1243 943 1326; baseline -0.004 -20"><span class='ocrx_word' id='word_1_74' title='bbox 112 1259 138 1306; x_wconf 82' lang='lat' dir='ltr'>io</span> <span class='ocrx_word' id='word_1_75' title='bbox 165 1248 300 1322; x_wconf 79' lang='grc' dir='ltr'>ἀποτομῆς</span> <span class='ocrx_word' id='word_1_76' title='bbox 310 1254 377 1323; x_wconf 85' lang='grc' dir='ltr'>αἱμα</span> <span class='ocrx_word' id='word_1_77' title='bbox 388 1247 483 1326; x_wconf 80' lang='grc' dir='ltr'>θερμὸν</span> <span class='ocrx_word' id='word_1_78' title='bbox 498 1243 537 1304; x_wconf 89' lang='grc' dir='ltr'>έτι</span> <span class='ocrx_word' id='word_1_79' title='bbox 545 1246 592 1304; x_wconf 81' lang='grc' dir='ltr'>καὶ</span> <span class='ocrx_word' id='word_1_80' title='bbox 603 1245 704 1326; x_wconf 84' lang='grc' dir='ltr'>νεαρόν.</span> <span class='ocrx_word' id='word_1_81' title='bbox 726 1247 814 1307; x_wconf 82' lang='grc' dir='ltr'>Τοῦτο</span> <span class='ocrx_word' id='word_1_82' title='bbox 825 1244 855 1304; x_wconf 70' lang='lat' dir='ltr'><strong>sb</strong></span> <span class='ocrx_word' id='word_1_83' title='bbox 867 1246 943 1326; x_wconf 90' lang='grc' dir='ltr'>τέρας</span> 
     </span>
     <span class='ocr_line' id='line_1_12' title="bbox 165 1332 942 1417; baseline 0 -24"><span class='ocrx_word' id='word_1_84' title='bbox 165 1333 255 1395; x_wconf 68' lang='lat' dir='ltr'><strong>tebet</strong></span> <span class='ocrx_word' id='word_1_85' title='bbox 276 1337 437 1417; x_wconf 88' lang='grc' dir='ltr'>Ταρκύνιος,</span> <span class='ocrx_word' id='word_1_86' title='bbox 452 1341 495 1395; x_wconf 84' lang='grc' dir='ltr'>τοῦ</span> <span class='ocrx_word' id='word_1_87' title='bbox 512 1332 560 1413; x_wconf 84' lang='grc' dir='ltr'>μὲν</span> <span class='ocrx_word' id='word_1_88' title='bbox 575 1333 722 1415; x_wconf 78' lang='grc' dir='ltr'>ὀρύγματος</span> <span class='ocrx_word' id='word_1_89' title='bbox 740 1333 859 1414; x_wconf 84' lang='grc' dir='ltr'>ἐπισχεῖν</span> <span class='ocrx_word' id='word_1_90' title='bbox 882 1333 942 1395; x_wconf 89' lang='grc' dir='ltr'>ἐκέ-</span> 
     </span>
     <span class='ocr_line' id='line_1_13' title="bbox 164 1422 942 1506; baseline -0.005 -22"><span class='ocrx_word' id='word_1_91' title='bbox 164 1424 242 1484; x_wconf 85' lang='grc' dir='ltr'>λευσε</span> <span class='ocrx_word' id='word_1_92' title='bbox 259 1425 319 1491; x_wconf 82' lang='grc' dir='ltr'>τούς</span> <span class='ocrx_word' id='word_1_93' title='bbox 329 1423 528 1506; x_wconf 82' lang='grc' dir='ltr'>ἐργαζομένους·</span> <span class='ocrx_word' id='word_1_94' title='bbox 545 1424 711 1502; x_wconf 77' lang='grc' dir='ltr'>συγκαλέσας</span> <span class='ocrx_word' id='word_1_95' title='bbox 726 1423 754 1482; x_wconf 87' lang='grc' dir='ltr'>δέ</span> <span class='ocrx_word' id='word_1_96' title='bbox 769 1422 829 1490; x_wconf 78' lang='grc' dir='ltr'>τοὺς</span> <span class='ocrx_word' id='word_1_97' title='bbox 841 1424 942 1503; x_wconf 77' lang='grc' dir='ltr'>ἐπιχω-</span> 
     </span>
     <span class='ocr_line' id='line_1_14' title="bbox 165 1511 941 1596; baseline 0.003 -26"><span class='ocrx_word' id='word_1_98' title='bbox 165 1511 234 1592; x_wconf 90' lang='grc' dir='ltr'>ρίους</span> <span class='ocrx_word' id='word_1_99' title='bbox 243 1511 349 1587; x_wconf 87' lang='grc' dir='ltr'>μάντεις</span> <span class='ocrx_word' id='word_1_100' title='bbox 358 1559 366 1591; x_wconf 97' lang='grc'>,</span> <span class='ocrx_word' id='word_1_101' title='bbox 375 1514 532 1574; x_wconf 81' lang='grc' dir='ltr'>ἐπυνθάνετο</span> <span class='ocrx_word' id='word_1_102' title='bbox 547 1514 610 1596; x_wconf 84' lang='grc' dir='ltr'>παρ’</span> <span class='ocrx_word' id='word_1_103' title='bbox 620 1517 706 1574; x_wconf 78' lang='grc' dir='ltr'>αὐτῶν</span> <span class='ocrx_word' id='word_1_104' title='bbox 719 1516 745 1574; x_wconf 91' lang='grc' dir='ltr'>τί</span> <span class='ocrx_word' id='word_1_105' title='bbox 759 1515 881 1594; x_wconf 86' lang='grc' dir='ltr'>βούλεται</span> <span class='ocrx_word' id='word_1_106' title='bbox 891 1538 941 1587; x_wconf 87' lang='grc' dir='ltr'>ση·</span> 
     </span>
     <span class='ocr_line' id='line_1_15' title="bbox 165 1599 943 1685; baseline 0.001 -25"><span class='ocrx_word' id='word_1_107' title='bbox 165 1599 267 1677; x_wconf 74' lang='grc' dir='ltr'>μιαίνειν</span> <span class='ocrx_word' id='word_1_108' title='bbox 277 1601 307 1660; x_wconf 79' lang='grc' dir='ltr'>τό</span> <span class='ocrx_word' id='word_1_109' title='bbox 316 1604 403 1680; x_wconf 85' lang='grc' dir='ltr'>τέρας.</span> <span class='ocrx_word' id='word_1_110' title='bbox 411 1603 496 1664; x_wconf 77' lang='grc' dir='ltr'>Οὐδέν</span> <span class='ocrx_word' id='word_1_111' title='bbox 508 1605 531 1662; x_wconf 90' lang='grc' dir='ltr'>δ’</span> <span class='ocrx_word' id='word_1_112' title='bbox 540 1606 626 1664; x_wconf 82' lang='grc' dir='ltr'>αὐτῶν</span> <span class='ocrx_word' id='word_1_113' title='bbox 639 1604 866 1685; x_wconf 83' lang='grc' dir='ltr'>ἀποφαινομένων,</span> <span class='ocrx_word' id='word_1_114' title='bbox 874 1603 943 1664; x_wconf 81' lang='grc' dir='ltr'>ἀλλά</span> 
     </span>
    </p>

    <p class='ocr_par' dir='ltr' id='par_1_5' title="bbox 97 1689 945 2130">
     <span class='ocr_line' id='line_1_16' title="bbox 97 1689 945 1772; baseline 0.002 -24"><span class='ocrx_word' id='word_1_115' title='bbox 97 1717 137 1771; x_wconf 32' lang='lat' dir='ltr'>*ib</span> <span class='ocrx_word' id='word_1_116' title='bbox 165 1689 311 1769; x_wconf 89' lang='grc' dir='ltr'>Τυρρηνοῖς</span> <span class='ocrx_word' id='word_1_117' title='bbox 333 1690 507 1750; x_wconf 72' lang='grc' dir='ltr'>ἀποδιδόντων</span> <span class='ocrx_word' id='word_1_118' title='bbox 523 1691 571 1763; x_wconf 77' lang='grc' dir='ltr'>τὴν</span> <span class='ocrx_word' id='word_1_119' title='bbox 588 1693 649 1772; x_wconf 80' lang='grc' dir='ltr'>περὶ</span> <span class='ocrx_word' id='word_1_120' title='bbox 664 1697 717 1752; x_wconf 82' lang='grc' dir='ltr'>τῶν</span> <span class='ocrx_word' id='word_1_121' title='bbox 744 1693 867 1753; x_wconf 84' lang='grc' dir='ltr'>τοιούτων</span> <span class='ocrx_word' id='word_1_122' title='bbox 884 1695 945 1753; x_wconf 89' lang='grc' dir='ltr'>ἐπι-</span> 
     </span>
     <span class='ocr_line' id='line_1_17' title="bbox 166 1778 944 1864; baseline 0.005 -27"><span class='ocrx_word' id='word_1_123' title='bbox 166 1778 270 1854; x_wconf 74' lang='grc' dir='ltr'>στήμην</span> <span class='ocrx_word' id='word_1_124' title='bbox 279 1823 286 1851; x_wconf 91' lang='grc'>,</span> <span class='ocrx_word' id='word_1_125' title='bbox 295 1779 417 1849; x_wconf 74' lang='grc' dir='ltr'>ἐξετάσας</span> <span class='ocrx_word' id='word_1_126' title='bbox 429 1784 493 1861; x_wconf 86' lang='grc' dir='ltr'>παρ’</span> <span class='ocrx_word' id='word_1_127' title='bbox 503 1783 588 1840; x_wconf 83' lang='grc' dir='ltr'>αὐτῶν</span> <span class='ocrx_word' id='word_1_128' title='bbox 601 1783 647 1841; x_wconf 89' lang='grc' dir='ltr'>καὶ</span> <span class='ocrx_word' id='word_1_129' title='bbox 654 1779 745 1859; x_wconf 76' lang='grc' dir='ltr'>μαθδιν</span> <span class='ocrx_word' id='word_1_130' title='bbox 759 1782 805 1842; x_wconf 72' lang='grc' dir='ltr'>τὀν</span> <span class='ocrx_word' id='word_1_131' title='bbox 821 1781 944 1864; x_wconf 83' lang='grc' dir='ltr'>ἐπιφανέ-</span> 
     </span>
     <span class='ocr_line' id='line_1_18' title="bbox 167 1861 944 1951; baseline 0.001 -24"><span class='ocrx_word' id='word_1_132' title='bbox 167 1891 259 1928; x_wconf 89' lang='grc' dir='ltr'>στατον</span> <span class='ocrx_word' id='word_1_133' title='bbox 274 1873 326 1927; x_wconf 86' lang='grc' dir='ltr'>τῶν</span> <span class='ocrx_word' id='word_1_134' title='bbox 339 1871 365 1928; x_wconf 91' lang='grc' dir='ltr'>ἐν</span> <span class='ocrx_word' id='word_1_135' title='bbox 376 1871 519 1949; x_wconf 82' lang='grc' dir='ltr'>Τυρρηνοῖς</span> <span class='ocrx_word' id='word_1_136' title='bbox 532 1870 733 1951; x_wconf 79' lang='grc' dir='ltr'>τερατοσκόπων</span> <span class='ocrx_word' id='word_1_137' title='bbox 744 1872 813 1938; x_wconf 84' lang='grc' dir='ltr'>ὅστις</span> <span class='ocrx_word' id='word_1_138' title='bbox 825 1861 865 1943; x_wconf 66' lang='grc' dir='ltr'>ἦν,</span> <span class='ocrx_word' id='word_1_139' title='bbox 873 1869 944 1946; x_wconf 89' lang='grc' dir='ltr'>πέμ-</span> 
     </span>
     <span class='ocr_line' id='line_1_19' title="bbox 167 1956 943 2040; baseline 0 -25"><span class='ocrx_word' id='word_1_140' title='bbox 167 1981 210 2016; x_wconf 91' lang='grc' dir='ltr'>πει</span> <span class='ocrx_word' id='word_1_141' title='bbox 219 1961 271 2018; x_wconf 82' lang='grc' dir='ltr'>τῶν</span> <span class='ocrx_word' id='word_1_142' title='bbox 284 1963 371 2020; x_wconf 79' lang='grc' dir='ltr'>ἀστῶν</span> <span class='ocrx_word' id='word_1_143' title='bbox 381 1958 440 2027; x_wconf 81' lang='grc' dir='ltr'>τοὺς</span> <span class='ocrx_word' id='word_1_144' title='bbox 450 1959 644 2037; x_wconf 74' lang='grc' dir='ltr'>δοκιμωτάτους</span> <span class='ocrx_word' id='word_1_145' title='bbox 652 1959 774 2039; x_wconf 81' lang='grc' dir='ltr'>πρέσόεις</span> <span class='ocrx_word' id='word_1_146' title='bbox 783 1959 847 2040; x_wconf 84' lang='grc' dir='ltr'>πρδς</span> <span class='ocrx_word' id='word_1_147' title='bbox 857 1956 943 2018; x_wconf 80' lang='grc' dir='ltr'>αὐτόν.</span> 
     </span>
     <span class='ocr_line' id='line_1_20' title="bbox 205 2045 945 2130; baseline -0.008 -22"><span class='ocrx_word' id='word_1_148' title='bbox 205 2047 267 2109; x_wconf 81' lang='lat' dir='ltr'>LX.</span> <span class='ocrx_word' id='word_1_149' title='bbox 291 2046 400 2115; x_wconf 86' lang='grc' dir='ltr'>Τούτοις</span> <span class='ocrx_word' id='word_1_150' title='bbox 427 2057 480 2115; x_wconf 88' lang='grc' dir='ltr'>τοῖς</span> <span class='ocrx_word' id='word_1_151' title='bbox 508 2049 631 2127; x_wconf 77' lang='grc' dir='ltr'>ἀνδράσιν</span> <span class='ocrx_word' id='word_1_152' title='bbox 655 2051 821 2130; x_wconf 76' lang='grc' dir='ltr'>ἀφικομένοις</span> <span class='ocrx_word' id='word_1_153' title='bbox 836 2049 871 2114; x_wconf 84' lang='grc' dir='ltr'>είς</span> <span class='ocrx_word' id='word_1_154' title='bbox 897 2045 945 2116; x_wconf 75' lang='grc' dir='ltr'>τὴν</span> 
     </span>
    </p>
   </div>
   <div class='ocr_carea' id='block_1_3' title="bbox 15 2135 945 2218">
    <p class='ocr_par' dir='ltr' id='par_1_6' title="bbox 15 2135 945 2218">
     <span class='ocr_line' id='line_1_21' title="bbox 15 2135 945 2218; baseline -0.005 -21"><span class='ocrx_word' id='word_1_155' title='bbox 15 2196 18 2203; x_wconf 82' lang='grc'>,</span> <span class='ocrx_word' id='word_1_156' title='bbox 112 2165 140 2203; x_wconf 71' lang='lat' dir='ltr'><strong>eu</strong></span> <span class='ocrx_word' id='word_1_157' title='bbox 166 2135 249 2196; x_wconf 84' lang='grc' dir='ltr'>οίκέαν</span> <span class='ocrx_word' id='word_1_158' title='bbox 271 2144 317 2196; x_wconf 79' lang='grc' dir='ltr'>τοῦ</span> <span class='ocrx_word' id='word_1_159' title='bbox 339 2138 548 2215; x_wconf 89' lang='grc' dir='ltr'>τερατοσκόπου,</span> <span class='ocrx_word' id='word_1_160' title='bbox 560 2138 746 2218; x_wconf 84' lang='grc' dir='ltr'>περιτυγχάνει</span> <span class='ocrx_word' id='word_1_161' title='bbox 759 2139 785 2195; x_wconf 83' lang='grc' dir='ltr'>τὶ</span> <span class='ocrx_word' id='word_1_162' title='bbox 810 2135 945 2213; x_wconf 86' lang='grc' dir='ltr'>μειράκιον</span> 
     </span>
    </p>
   </div>
   <div class='ocr_carea' id='block_1_4' title="bbox 65 2216 947 5235">
    <p class='ocr_par' dir='ltr' id='par_1_7' title="bbox 65 2216 947 5235">
     <span class='ocr_line' id='line_1_22' title="bbox 167 2216 945 2305; baseline 0 -21"><span class='ocrx_word' id='word_1_163' title='bbox 167 2223 243 2297; x_wconf 73' lang='grc' dir='ltr'>ἐξιὸν,</span> <span class='ocrx_word' id='word_1_164' title='bbox 266 2216 450 2305; x_wconf 78' lang='grc' dir='ltr'>ᾧφράσαντες</span> <span class='ocrx_word' id='word_1_165' title='bbox 470 2225 510 2283; x_wconf 80' lang='grc' dir='ltr'>ὅτι</span> <span class='ocrx_word' id='word_1_166' title='bbox 529 2224 672 2301; x_wconf 78' lang='grc' dir='ltr'>Ῥωμαίων</span> <span class='ocrx_word' id='word_1_167' title='bbox 696 2227 747 2285; x_wconf 86' lang='grc' dir='ltr'>εἰσὶ</span> <span class='ocrx_word' id='word_1_168' title='bbox 769 2223 894 2305; x_wconf 83' lang='grc' dir='ltr'>πρέσθεις</span> <span class='ocrx_word' id='word_1_169' title='bbox 908 2230 945 2304; x_wconf 81' lang='grc' dir='ltr'>τῷ</span> 
     </span>
     <span class='ocr_line' id='line_1_23' title="bbox 169 2313 945 2394; baseline -0.003 -22"><span class='ocrx_word' id='word_1_170' title='bbox 169 2313 261 2391; x_wconf 89' lang='grc' dir='ltr'>μάντει</span> <span class='ocrx_word' id='word_1_171' title='bbox 287 2313 440 2392; x_wconf 88' lang='grc' dir='ltr'>βουλόμενοι</span> <span class='ocrx_word' id='word_1_172' title='bbox 459 2316 575 2394; x_wconf 80' lang='grc' dir='ltr'>ἐντυχεῖν</span> <span class='ocrx_word' id='word_1_173' title='bbox 596 2314 762 2392; x_wconf 81' lang='grc' dir='ltr'>παρεκάλουν</span> <span class='ocrx_word' id='word_1_174' title='bbox 785 2314 945 2392; x_wconf 84' lang='grc' dir='ltr'>ἀπαγγεῖλαι</span> 
     </span>
     <span class='ocr_line' id='line_1_24' title="bbox 168 2401 945 2481; baseline 0.001 -23"><span class='ocrx_word' id='word_1_175' title='bbox 168 2401 231 2481; x_wconf 81' lang='grc' dir='ltr'>πρὸς</span> <span class='ocrx_word' id='word_1_176' title='bbox 250 2402 336 2460; x_wconf 83' lang='grc' dir='ltr'>αὐτόν.</span> <span class='ocrx_word' id='word_1_177' title='bbox 381 2401 436 2463; x_wconf 84' lang='grc' dir='ltr'>Καὶ</span> <span class='ocrx_word' id='word_1_178' title='bbox 456 2406 470 2460; x_wconf 84' lang='grc' dir='ltr'>θ</span> <span class='ocrx_word' id='word_1_179' title='bbox 486 2401 606 2469; x_wconf 85' lang='grc' dir='ltr'>νεανίας·</span> <span class='ocrx_word' id='word_1_180' title='bbox 624 2428 636 2455; x_wconf 88' lang='grc' dir='ltr'>ιι</span> <span class='ocrx_word' id='word_1_181' title='bbox 656 2402 752 2480; x_wconf 75' lang='grc' dir='ltr'>Πατὴρ</span> <span class='ocrx_word' id='word_1_182' title='bbox 770 2401 832 2478; x_wconf 80' lang='grc' dir='ltr'>ἐμός</span> <span class='ocrx_word' id='word_1_183' title='bbox 859 2403 945 2472; x_wconf 85' lang='grc' dir='ltr'>ἐστιν,</span> 
     </span>
     <span class='ocr_line' id='line_1_25' title="bbox 169 2476 946 2572; baseline 0.001 -23"><span class='ocrx_word' id='word_1_184' title='bbox 169 2516 182 2542; x_wconf 86' lang='grc' dir='ltr'>ι</span> <span class='ocrx_word' id='word_1_185' title='bbox 202 2489 313 2572; x_wconf 74' lang='grc' dir='ltr'>ἔφησεν,</span> <span class='ocrx_word' id='word_1_186' title='bbox 330 2476 353 2568; x_wconf 72' lang='grc' dir='ltr'><em>ᾧ</em></span> <span class='ocrx_word' id='word_1_187' title='bbox 368 2491 479 2571; x_wconf 79' lang='grc' dir='ltr'>χργίζετε</span> <span class='ocrx_word' id='word_1_188' title='bbox 494 2495 646 2572; x_wconf 82' lang='grc' dir='ltr'>συντυχεῖν·</span> <span class='ocrx_word' id='word_1_189' title='bbox 663 2492 819 2570; x_wconf 84' lang='grc' dir='ltr'>ἀσχολεῖται</span> <span class='ocrx_word' id='word_1_190' title='bbox 834 2490 861 2550; x_wconf 82' lang='grc' dir='ltr'>δέ</span> <span class='ocrx_word' id='word_1_191' title='bbox 876 2489 946 2550; x_wconf 76' lang='grc' dir='ltr'>κατὰ</span> 
     </span>
     <span class='ocr_line' id='line_1_26' title="bbox 65 2577 945 2661; baseline 0 -26"><span class='ocrx_word' id='word_1_192' title='bbox 65 2656 68 2661; x_wconf 25' lang='grc' dir='ltr'>Ι</span> <span class='ocrx_word' id='word_1_193' title='bbox 115 2603 140 2657; x_wconf 72' lang='lat' dir='ltr'><strong>ps</strong></span> <span class='ocrx_word' id='word_1_194' title='bbox 168 2606 181 2631; x_wconf 82' lang='grc' dir='ltr'>ι</span> <span class='ocrx_word' id='word_1_195' title='bbox 200 2579 230 2638; x_wconf 84' lang='grc' dir='ltr'>τὸ</span> <span class='ocrx_word' id='word_1_196' title='bbox 247 2577 345 2657; x_wconf 65' lang='grc' dir='ltr'>παρόν·</span> <span class='ocrx_word' id='word_1_197' title='bbox 366 2577 442 2638; x_wconf 79' lang='grc' dir='ltr'>ἔσται</span> <span class='ocrx_word' id='word_1_198' title='bbox 456 2580 478 2637; x_wconf 84' lang='grc' dir='ltr'>δ’</span> <span class='ocrx_word' id='word_1_199' title='bbox 496 2582 559 2656; x_wconf 86' lang='grc' dir='ltr'>ύμῖν</span> <span class='ocrx_word' id='word_1_200' title='bbox 581 2581 670 2658; x_wconf 85' lang='grc' dir='ltr'>ὀλίγου</span> <span class='ocrx_word' id='word_1_201' title='bbox 688 2579 785 2660; x_wconf 84' lang='grc' dir='ltr'>χρόνον</span> <span class='ocrx_word' id='word_1_202' title='bbox 806 2579 945 2658; x_wconf 77' lang='grc' dir='ltr'>παρελθεῖν</span> 
     </span>
     <span class='ocr_line' id='line_1_27' title="bbox 169 2660 946 2750; baseline 0.008 -28"><span class='ocrx_word' id='word_1_203' title='bbox 169 2695 181 2721; x_wconf 86' lang='grc' dir='ltr'>ι</span> <span class='ocrx_word' id='word_1_204' title='bbox 201 2667 265 2749; x_wconf 77' lang='grc' dir='ltr'>πρὸς</span> <span class='ocrx_word' id='word_1_205' title='bbox 279 2666 369 2728; x_wconf 83' lang='grc' dir='ltr'>αὐτόν.</span> <span class='ocrx_word' id='word_1_206' title='bbox 413 2667 460 2729; x_wconf 82' lang='grc' dir='ltr'>Ἔν</span> <span class='ocrx_word' id='word_1_207' title='bbox 475 2660 498 2750; x_wconf 82' lang='grc' dir='ltr'>ᾧ</span> <span class='ocrx_word' id='word_1_208' title='bbox 513 2668 535 2727; x_wconf 84' lang='grc' dir='ltr'>δ’</span> <span class='ocrx_word' id='word_1_209' title='bbox 548 2671 645 2728; x_wconf 80' lang='grc' dir='ltr'>ἐκεῖνον</span> <span class='ocrx_word' id='word_1_210' title='bbox 657 2669 811 2750; x_wconf 81' lang='grc' dir='ltr'>ἐκδέχεσθε,</span> <span class='ocrx_word' id='word_1_211' title='bbox 822 2668 887 2750; x_wconf 78' lang='grc' dir='ltr'>πρὸς</span> <span class='ocrx_word' id='word_1_212' title='bbox 899 2666 946 2746; x_wconf 82' lang='grc' dir='ltr'>ἐμέ</span> 
     </span>
     <span class='ocr_line' id='line_1_28' title="bbox 172 2756 947 2838; baseline 0.001 -24"><span class='ocrx_word' id='word_1_213' title='bbox 172 2783 185 2835; x_wconf 79' lang='lat'>,¹</span> <span class='ocrx_word' id='word_1_214' title='bbox 206 2756 343 2827; x_wconf 82' lang='grc' dir='ltr'>δηλώσατε</span> <span class='ocrx_word' id='word_1_215' title='bbox 359 2757 420 2836; x_wconf 82' lang='grc' dir='ltr'>περὶ</span> <span class='ocrx_word' id='word_1_216' title='bbox 433 2759 501 2824; x_wconf 88' lang='grc' dir='ltr'>τίνος</span> <span class='ocrx_word' id='word_1_217' title='bbox 517 2756 603 2829; x_wconf 83' lang='grc' dir='ltr'>ἥκετε.</span> <span class='ocrx_word' id='word_1_218' title='bbox 648 2760 790 2835; x_wconf 85' lang='grc' dir='ltr'>Περιέσται</span> <span class='ocrx_word' id='word_1_219' title='bbox 809 2757 861 2838; x_wconf 88' lang='grc' dir='ltr'>γθιρ</span> <span class='ocrx_word' id='word_1_220' title='bbox 875 2761 947 2832; x_wconf 83' lang='grc' dir='ltr'>ὑμῖν,</span> 
     </span>
     <span class='ocr_line' id='line_1_29' title="bbox 170 2843 946 2927; baseline 0 -23"><span class='ocrx_word' id='word_1_221' title='bbox 170 2872 181 2897; x_wconf 85' lang='grc' dir='ltr'>ι</span> <span class='ocrx_word' id='word_1_222' title='bbox 204 2843 228 2904; x_wconf 85' lang='grc' dir='ltr'>εἴ</span> <span class='ocrx_word' id='word_1_223' title='bbox 239 2869 266 2903; x_wconf 91' lang='grc' dir='ltr'>τι</span> <span class='ocrx_word' id='word_1_224' title='bbox 279 2843 387 2920; x_wconf 84' lang='grc' dir='ltr'>μέλλετε</span> <span class='ocrx_word' id='word_1_225' title='bbox 396 2845 439 2903; x_wconf 82' lang='grc' dir='ltr'>διὰ</span> <span class='ocrx_word' id='word_1_226' title='bbox 449 2847 498 2916; x_wconf 72' lang='grc' dir='ltr'>τὴν</span> <span class='ocrx_word' id='word_1_227' title='bbox 510 2847 632 2926; x_wconf 82' lang='grc' dir='ltr'>ἀπειρίαν</span> <span class='ocrx_word' id='word_1_228' title='bbox 643 2848 805 2927; x_wconf 85' lang='grc' dir='ltr'>σφάλλεσθαι</span> <span class='ocrx_word' id='word_1_229' title='bbox 815 2846 883 2906; x_wconf 82' lang='grc' dir='ltr'>κατά</span> <span class='ocrx_word' id='word_1_230' title='bbox 897 2844 946 2919; x_wconf 75' lang='grc' dir='ltr'>τὴν</span> 
     </span>
     <span class='ocr_line' id='line_1_30' title="bbox 169 2931 945 3015; baseline 0.001 -23"><span class='ocrx_word' id='word_1_231' title='bbox 169 2961 182 2988; x_wconf 81' lang='grc' dir='ltr'>ιι</span> <span class='ocrx_word' id='word_1_232' title='bbox 203 2931 345 3012; x_wconf 81' lang='grc' dir='ltr'>ἐρώτησιν,</span> <span class='ocrx_word' id='word_1_233' title='bbox 361 2939 407 2993; x_wconf 80' lang='grc' dir='ltr'>ὑπ’</span> <span class='ocrx_word' id='word_1_234' title='bbox 424 2937 490 3009; x_wconf 78' lang='grc' dir='ltr'>ἐμοῦ</span> <span class='ocrx_word' id='word_1_235' title='bbox 506 2937 652 3015; x_wconf 81' lang='grc' dir='ltr'>διδαχθεῖσι</span> <span class='ocrx_word' id='word_1_236' title='bbox 668 2936 751 3013; x_wconf 82' lang='grc' dir='ltr'>μηδὲν</span> <span class='ocrx_word' id='word_1_237' title='bbox 774 2935 945 3013; x_wconf 75' lang='grc' dir='ltr'>ἐξαμαρτεῖν·</span> 
     </span>
     <span class='ocr_line' id='line_1_31' title="bbox 114 3022 946 3103; baseline -0.002 -20"><span class='ocrx_word' id='word_1_238' title='bbox 114 3043 140 3083; x_wconf 77' lang='lat' dir='ltr'>eu</span> <span class='ocrx_word' id='word_1_239' title='bbox 167 3051 180 3075; x_wconf 83' lang='grc' dir='ltr'>ι</span> <span class='ocrx_word' id='word_1_240' title='bbox 202 3024 281 3100; x_wconf 87' lang='grc' dir='ltr'>μοῖρα</span> <span class='ocrx_word' id='word_1_241' title='bbox 293 3022 315 3081; x_wconf 85' lang='grc' dir='ltr'>δ’</span> <span class='ocrx_word' id='word_1_242' title='bbox 328 3026 375 3082; x_wconf 81' lang='grc' dir='ltr'>οὐκ</span> <span class='ocrx_word' id='word_1_243' title='bbox 387 3023 517 3102; x_wconf 81' lang='grc' dir='ltr'>ἐλαχίστη</span> <span class='ocrx_word' id='word_1_244' title='bbox 531 3027 582 3080; x_wconf 84' lang='grc' dir='ltr'>τῶν</span> <span class='ocrx_word' id='word_1_245' title='bbox 596 3025 623 3081; x_wconf 88' lang='grc' dir='ltr'>ἐν</span> <span class='ocrx_word' id='word_1_246' title='bbox 638 3029 751 3100; x_wconf 82' lang='grc' dir='ltr'>μαντικῇ</span> <span class='ocrx_word' id='word_1_247' title='bbox 766 3024 946 3103; x_wconf 82' lang='grc' dir='ltr'>θεωρημάτων</span> 
     </span>
     <span class='ocr_line' id='line_1_32' title="bbox 169 3109 945 3192; baseline 0.003 -24"><span class='ocrx_word' id='word_1_248' title='bbox 169 3139 182 3162; x_wconf 83' lang='grc' dir='ltr'>ιι</span> <span class='ocrx_word' id='word_1_249' title='bbox 203 3109 330 3190; x_wconf 80' lang='grc' dir='ltr'>ἐρώτησις</span> <span class='ocrx_word' id='word_1_250' title='bbox 350 3111 425 3190; x_wconf 82' lang='grc' dir='ltr'>ὀρθή.</span> <span class='ocrx_word' id='word_1_251' title='bbox 450 3140 462 3161; x_wconf 71' lang='grc' dir='ltr'>υ</span> <span class='ocrx_word' id='word_1_252' title='bbox 505 3112 609 3172; x_wconf 80' lang='grc' dir='ltr'>Ἐδόκει</span> <span class='ocrx_word' id='word_1_253' title='bbox 640 3120 691 3178; x_wconf 90' lang='grc' dir='ltr'>τοῖς</span> <span class='ocrx_word' id='word_1_254' title='bbox 725 3114 849 3192; x_wconf 89' lang='grc' dir='ltr'>ἀνδράσιν</span> <span class='ocrx_word' id='word_1_255' title='bbox 876 3111 945 3171; x_wconf 89' lang='grc' dir='ltr'>ούτω</span> 
     </span>
     <span class='ocr_line' id='line_1_33' title="bbox 168 3198 943 3281; baseline 0.005 -25"><span class='ocrx_word' id='word_1_256' title='bbox 168 3207 267 3272; x_wconf 88' lang='grc' dir='ltr'>ποιεῖν,</span> <span class='ocrx_word' id='word_1_257' title='bbox 279 3200 324 3258; x_wconf 84' lang='grc' dir='ltr'>καὶ</span> <span class='ocrx_word' id='word_1_258' title='bbox 334 3201 454 3276; x_wconf 83' lang='grc' dir='ltr'>λέγουσιν</span> <span class='ocrx_word' id='word_1_259' title='bbox 471 3201 542 3281; x_wconf 82' lang='grc' dir='ltr'>αὐτῷ</span> <span class='ocrx_word' id='word_1_260' title='bbox 553 3200 582 3257; x_wconf 77' lang='grc' dir='ltr'>τό</span> <span class='ocrx_word' id='word_1_261' title='bbox 591 3198 678 3278; x_wconf 88' lang='grc' dir='ltr'>τέρας.</span> <span class='ocrx_word' id='word_1_262' title='bbox 701 3199 735 3261; x_wconf 90' lang='grc' dir='ltr'>Ὁ</span> <span class='ocrx_word' id='word_1_263' title='bbox 747 3200 769 3257; x_wconf 84' lang='grc' dir='ltr'>δ’</span> <span class='ocrx_word' id='word_1_264' title='bbox 786 3202 821 3266; x_wconf 85' lang='grc' dir='ltr'>ύις</span> <span class='ocrx_word' id='word_1_265' title='bbox 831 3199 943 3274; x_wconf 80' lang='grc' dir='ltr'>ἤκουσε,</span> 
     </span>
     <span class='ocr_line' id='line_1_34' title="bbox 168 3287 943 3371; baseline 0 -25"><span class='ocrx_word' id='word_1_266' title='bbox 168 3289 260 3369; x_wconf 77' lang='grc' dir='ltr'>μικρὸν</span> <span class='ocrx_word' id='word_1_267' title='bbox 276 3289 393 3369; x_wconf 84' lang='grc' dir='ltr'>ἐπισχὼν</span> <span class='ocrx_word' id='word_1_268' title='bbox 408 3289 512 3367; x_wconf 89' lang='grc' dir='ltr'>χρόνον·</span> <span class='ocrx_word' id='word_1_269' title='bbox 556 3318 568 3340; x_wconf 84' lang='grc' dir='ltr'>ι</span> <span class='ocrx_word' id='word_1_270' title='bbox 586 3287 744 3361; x_wconf 77' lang='grc' dir='ltr'>Ἀκούσατε,</span> <span class='ocrx_word' id='word_1_271' title='bbox 760 3289 874 3371; x_wconf 83' lang='grc' dir='ltr'>ἔφησεν,</span> <span class='ocrx_word' id='word_1_272' title='bbox 892 3289 943 3347; x_wconf 87' lang='grc' dir='ltr'>άν-</span> 
     </span>
     <span class='ocr_line' id='line_1_35' title="bbox 169 3376 946 3459; baseline 0.009 -30"><span class='ocrx_word' id='word_1_273' title='bbox 169 3403 181 3429; x_wconf 87' lang='grc' dir='ltr'>ιι</span> <span class='ocrx_word' id='word_1_274' title='bbox 203 3379 259 3455; x_wconf 89' lang='grc' dir='ltr'>δρες</span> <span class='ocrx_word' id='word_1_275' title='bbox 274 3376 422 3454; x_wconf 80' lang='grc' dir='ltr'>Ῥωμαῖοι·</span> <span class='ocrx_word' id='word_1_276' title='bbox 439 3378 468 3436; x_wconf 80' lang='grc' dir='ltr'>τὸ</span> <span class='ocrx_word' id='word_1_277' title='bbox 486 3377 532 3454; x_wconf 87' lang='grc' dir='ltr'>μέν</span> <span class='ocrx_word' id='word_1_278' title='bbox 554 3377 631 3459; x_wconf 91' lang='grc' dir='ltr'>τέρας</span> <span class='ocrx_word' id='word_1_279' title='bbox 653 3381 713 3454; x_wconf 83' lang='grc' dir='ltr'>ὑμῖν</span> <span class='ocrx_word' id='word_1_280' title='bbox 727 3379 840 3457; x_wconf 76' lang='grc' dir='ltr'>ύπατήρ</span> <span class='ocrx_word' id='word_1_281' title='bbox 852 3377 946 3436; x_wconf 87' lang='grc' dir='ltr'>διελεῖ-</span> 
     </span>
     <span class='ocr_line' id='line_1_36' title="bbox 114 3463 944 3548; baseline 0.004 -25"><span class='ocrx_word' id='word_1_282' title='bbox 114 3486 140 3525; x_wconf 77' lang='grc' dir='ltr'>ιιε</span> <span class='ocrx_word' id='word_1_283' title='bbox 170 3493 181 3519; x_wconf 87' lang='grc' dir='ltr'>ιι</span> <span class='ocrx_word' id='word_1_284' title='bbox 203 3490 246 3523; x_wconf 88' lang='grc' dir='ltr'>τοι</span> <span class='ocrx_word' id='word_1_285' title='bbox 261 3466 306 3523; x_wconf 77' lang='grc' dir='ltr'>καὶ</span> <span class='ocrx_word' id='word_1_286' title='bbox 320 3465 392 3526; x_wconf 76' lang='grc' dir='ltr'>οὐδὲν</span> <span class='ocrx_word' id='word_1_287' title='bbox 407 3466 547 3548; x_wconf 77' lang='grc' dir='ltr'>ψεύσεται·</span> <span class='ocrx_word' id='word_1_288' title='bbox 564 3469 656 3543; x_wconf 88' lang='grc' dir='ltr'>μάντει</span> <span class='ocrx_word' id='word_1_289' title='bbox 677 3466 728 3546; x_wconf 76' lang='grc' dir='ltr'>γάρ</span> <span class='ocrx_word' id='word_1_290' title='bbox 742 3468 771 3524; x_wconf 86' lang='grc' dir='ltr'>οὗ</span> <span class='ocrx_word' id='word_1_291' title='bbox 787 3466 870 3541; x_wconf 91' lang='grc' dir='ltr'>θέμις.</span> <span class='ocrx_word' id='word_1_292' title='bbox 912 3463 944 3526; x_wconf 78' lang='grc' dir='ltr'>Ἃ</span> 
     </span>
     <span class='ocr_line' id='line_1_37' title="bbox 170 3556 945 3636; baseline 0.003 -22"><span class='ocrx_word' id='word_1_293' title='bbox 170 3583 182 3607; x_wconf 81' lang='grc' dir='ltr'>ι</span> <span class='ocrx_word' id='word_1_294' title='bbox 203 3556 229 3614; x_wconf 80' lang='grc' dir='ltr'>δέ</span> <span class='ocrx_word' id='word_1_295' title='bbox 245 3557 362 3633; x_wconf 89' lang='grc' dir='ltr'>λέγοντες</span> <span class='ocrx_word' id='word_1_296' title='bbox 376 3560 450 3634; x_wconf 80' lang='grc' dir='ltr'>ὑμεῖς</span> <span class='ocrx_word' id='word_1_297' title='bbox 460 3556 505 3616; x_wconf 83' lang='grc' dir='ltr'>καὶ</span> <span class='ocrx_word' id='word_1_298' title='bbox 521 3559 720 3636; x_wconf 85' lang='grc' dir='ltr'>ἀποκρινόμενοι</span> <span class='ocrx_word' id='word_1_299' title='bbox 743 3557 807 3636; x_wconf 85' lang='grc' dir='ltr'>πρὸς</span> <span class='ocrx_word' id='word_1_300' title='bbox 819 3557 865 3624; x_wconf 82' lang='grc' dir='ltr'>τὰς</span> <span class='ocrx_word' id='word_1_301' title='bbox 878 3558 945 3631; x_wconf 84' lang='grc' dir='ltr'>ἐρω-</span> 
     </span>
     <span class='ocr_line' id='line_1_38' title="bbox 169 3644 946 3728; baseline 0.006 -26"><span class='ocrx_word' id='word_1_302' title='bbox 169 3669 181 3696; x_wconf 78' lang='grc' dir='ltr'>ι</span> <span class='ocrx_word' id='word_1_303' title='bbox 202 3644 307 3717; x_wconf 78' lang='grc' dir='ltr'>τήσεις,</span> <span class='ocrx_word' id='word_1_304' title='bbox 325 3645 504 3726; x_wconf 88' lang='grc' dir='ltr'>ἀναμάρτητοί</span> <span class='ocrx_word' id='word_1_305' title='bbox 516 3671 544 3706; x_wconf 91' lang='grc' dir='ltr'>τε</span> <span class='ocrx_word' id='word_1_306' title='bbox 558 3647 603 3705; x_wconf 81' lang='grc' dir='ltr'>καὶ</span> <span class='ocrx_word' id='word_1_307' title='bbox 618 3648 736 3728; x_wconf 79' lang='grc' dir='ltr'>ἀψευδεῖς</span> <span class='ocrx_word' id='word_1_308' title='bbox 757 3647 863 3706; x_wconf 81' lang='grc' dir='ltr'>ἔσεσθε·</span> <span class='ocrx_word' id='word_1_309' title='bbox 890 3654 946 3712; x_wconf 82' lang='grc' dir='ltr'>δια·</span> 
     </span>
     <span class='ocr_line' id='line_1_39' title="bbox 169 3732 947 3817; baseline 0.013 -28"><span class='ocrx_word' id='word_1_310' title='bbox 169 3757 181 3782; x_wconf 72' lang='grc' dir='ltr'>ε</span> <span class='ocrx_word' id='word_1_311' title='bbox 202 3734 272 3811; x_wconf 81' lang='grc' dir='ltr'>φέρει</span> <span class='ocrx_word' id='word_1_312' title='bbox 282 3732 333 3812; x_wconf 79' lang='grc' dir='ltr'>γάρ</span> <span class='ocrx_word' id='word_1_313' title='bbox 349 3738 409 3811; x_wconf 86' lang='grc' dir='ltr'>ύμῖν</span> <span class='ocrx_word' id='word_1_314' title='bbox 422 3736 614 3813; x_wconf 84' lang='grc' dir='ltr'>προεγνωκέναι</span> <span class='ocrx_word' id='word_1_315' title='bbox 627 3740 724 3795; x_wconf 78' lang='grc' dir='ltr'>ταῦτα·</span> <span class='ocrx_word' id='word_1_316' title='bbox 737 3738 802 3815; x_wconf 90' lang='grc' dir='ltr'>παρ’</span> <span class='ocrx_word' id='word_1_317' title='bbox 815 3741 879 3813; x_wconf 77' lang='grc' dir='ltr'>ἐμοῦ</span> <span class='ocrx_word' id='word_1_318' title='bbox 892 3740 947 3817; x_wconf 87' lang='grc' dir='ltr'>μά-</span> 
     </span>
     <span class='ocr_line' id='line_1_40' title="bbox 169 3818 945 3908; baseline 0.021 -38"><span class='ocrx_word' id='word_1_319' title='bbox 169 3844 180 3870; x_wconf 84' lang='grc' dir='ltr'>ιι</span> <span class='ocrx_word' id='word_1_320' title='bbox 202 3822 270 3880; x_wconf 90' lang='grc' dir='ltr'>θετε.</span> <span class='ocrx_word' id='word_1_321' title='bbox 293 3818 381 3881; x_wconf 81' lang='grc' dir='ltr'>Ὅταν</span> <span class='ocrx_word' id='word_1_322' title='bbox 397 3823 565 3901; x_wconf 77' lang='grc' dir='ltr'>ἀφηγήσησθ</span> <span class='ocrx_word' id='word_1_323' title='bbox 578 3826 650 3902; x_wconf 83' lang='grc' dir='ltr'>αὐτῷ</span> <span class='ocrx_word' id='word_1_324' title='bbox 660 3825 689 3881; x_wconf 83' lang='grc' dir='ltr'>τὸ</span> <span class='ocrx_word' id='word_1_325' title='bbox 700 3825 793 3905; x_wconf 84' lang='grc' dir='ltr'>τέρας,</span> <span class='ocrx_word' id='word_1_326' title='bbox 807 3829 855 3885; x_wconf 83' lang='grc' dir='ltr'>οὐκ</span> <span class='ocrx_word' id='word_1_327' title='bbox 869 3831 945 3908; x_wconf 89' lang='grc' dir='ltr'>ἀκρι·</span> 
     </span>
     <span class='ocr_line' id='line_1_41' title="bbox 114 3907 946 3995; baseline 0.006 -28"><span class='ocrx_word' id='word_1_328' title='bbox 114 3930 140 3967; x_wconf 83' lang='grc' dir='ltr'>ιν</span> <span class='ocrx_word' id='word_1_329' title='bbox 168 3935 179 3959; x_wconf 85' lang='grc' dir='ltr'>ι</span> <span class='ocrx_word' id='word_1_330' title='bbox 202 3907 255 3973; x_wconf 69' lang='lat' dir='ltr'>du&lt;</span> <span class='ocrx_word' id='word_1_331' title='bbox 270 3911 409 3984; x_wconf 89' lang='grc' dir='ltr'>μανθάνειν</span> <span class='ocrx_word' id='word_1_332' title='bbox 425 3911 541 3990; x_wconf 77' lang='grc' dir='ltr'>φήσαςό</span> <span class='ocrx_word' id='word_1_333' title='bbox 565 3935 590 3970; x_wconf 91' lang='grc' dir='ltr'>τι</span> <span class='ocrx_word' id='word_1_334' title='bbox 606 3913 708 3989; x_wconf 88' lang='grc' dir='ltr'>λέγετε,</span> <span class='ocrx_word' id='word_1_335' title='bbox 723 3916 882 3992; x_wconf 82' lang='grc' dir='ltr'>περιγράψει</span> <span class='ocrx_word' id='word_1_336' title='bbox 908 3919 946 3995; x_wconf 85' lang='grc' dir='ltr'>τῷ</span> 
     </span>
     <span class='ocr_line' id='line_1_42' title="bbox 169 3995 945 4082; baseline 0.015 -31"><span class='ocrx_word' id='word_1_337' title='bbox 169 4020 181 4045; x_wconf 85' lang='grc' dir='ltr'>ι</span> <span class='ocrx_word' id='word_1_338' title='bbox 202 3995 322 4065; x_wconf 80' lang='grc' dir='ltr'>σκήπωνι</span> <span class='ocrx_word' id='word_1_339' title='bbox 335 4003 382 4070; x_wconf 76' lang='grc' dir='ltr'>τῆς</span> <span class='ocrx_word' id='word_1_340' title='bbox 392 4003 440 4075; x_wconf 79' lang='grc' dir='ltr'>γῆς</span> <span class='ocrx_word' id='word_1_341' title='bbox 450 4000 527 4077; x_wconf 88' lang='grc' dir='ltr'>μέρος</span> <span class='ocrx_word' id='word_1_342' title='bbox 540 3999 599 4059; x_wconf 79' lang='grc' dir='ltr'>ὅσον</span> <span class='ocrx_word' id='word_1_343' title='bbox 611 4000 642 4070; x_wconf 81' lang='grc' dir='ltr'>δή</span> <span class='ocrx_word' id='word_1_344' title='bbox 656 4021 695 4058; x_wconf 87' lang='grc' dir='ltr'>τι·</span> <span class='ocrx_word' id='word_1_345' title='bbox 709 4000 790 4059; x_wconf 82' lang='grc' dir='ltr'>ἔπειθ’</span> <span class='ocrx_word' id='word_1_346' title='bbox 803 4004 864 4079; x_wconf 80' lang='grc' dir='ltr'>ὑμῖν</span> <span class='ocrx_word' id='word_1_347' title='bbox 879 4007 945 4082; x_wconf 85' lang='grc' dir='ltr'>ἐρεῖ·</span> 
     </span>
     <span class='ocr_line' id='line_1_43' title="bbox 169 4080 945 4168; baseline 0.014 -29"><span class='ocrx_word' id='word_1_348' title='bbox 169 4107 181 4134; x_wconf 79' lang='grc' dir='ltr'>α</span> <span class='ocrx_word' id='word_1_349' title='bbox 202 4080 285 4141; x_wconf 81' lang='grc' dir='ltr'>’Τουτὶ</span> <span class='ocrx_word' id='word_1_350' title='bbox 301 4084 349 4159; x_wconf 86' lang='grc' dir='ltr'>μέν</span> <span class='ocrx_word' id='word_1_351' title='bbox 366 4088 436 4144; x_wconf 87' lang='grc' dir='ltr'>ἐστιν</span> <span class='ocrx_word' id='word_1_352' title='bbox 451 4093 464 4146; x_wconf 84' lang='lat' dir='ltr'><strong>b</strong></span> <span class='ocrx_word' id='word_1_353' title='bbox 478 4087 616 4164; x_wconf 81' lang='grc' dir='ltr'>Ταρπήῖος</span> <span class='ocrx_word' id='word_1_354' title='bbox 628 4090 719 4167; x_wconf 81' lang='grc' dir='ltr'>λόφος,</span> <span class='ocrx_word' id='word_1_355' title='bbox 736 4090 814 4168; x_wconf 86' lang='grc' dir='ltr'>μέρος</span> <span class='ocrx_word' id='word_1_356' title='bbox 828 4090 851 4148; x_wconf 87' lang='grc' dir='ltr'>δ’</span> <span class='ocrx_word' id='word_1_357' title='bbox 865 4095 945 4153; x_wconf 81' lang='grc' dir='ltr'>αὐτοῦ</span> 
     </span>
     <span class='ocr_line' id='line_1_44' title="bbox 82 4171 946 4256; baseline 0.02 -30"><span class='ocrx_word' id='word_1_358' title='bbox 82 4207 84 4211; x_wconf 58' lang='lat'>&gt;</span> <span class='ocrx_word' id='word_1_359' title='bbox 170 4197 181 4221; x_wconf 83' lang='grc' dir='ltr'>ι</span> <span class='ocrx_word' id='word_1_360' title='bbox 202 4171 274 4229; x_wconf 80' lang='grc' dir='ltr'>τουτὶ</span> <span class='ocrx_word' id='word_1_361' title='bbox 286 4172 334 4248; x_wconf 81' lang='grc' dir='ltr'>μέν</span> <span class='ocrx_word' id='word_1_362' title='bbox 348 4174 378 4232; x_wconf 83' lang='grc' dir='ltr'>τὸ</span> <span class='ocrx_word' id='word_1_363' title='bbox 391 4175 455 4254; x_wconf 82' lang='grc' dir='ltr'>πρὸς</span> <span class='ocrx_word' id='word_1_364' title='bbox 470 4178 651 4245; x_wconf 85' lang='grc' dir='ltr'>τθιςάνατολθς</span> <span class='ocrx_word' id='word_1_365' title='bbox 663 4182 776 4256; x_wconf 88' lang='grc' dir='ltr'>βλέπον,</span> <span class='ocrx_word' id='word_1_366' title='bbox 790 4182 861 4240; x_wconf 85' lang='grc' dir='ltr'>τουτὶ</span> <span class='ocrx_word' id='word_1_367' title='bbox 874 4184 901 4241; x_wconf 81' lang='grc' dir='ltr'>δὲ</span> <span class='ocrx_word' id='word_1_368' title='bbox 916 4185 946 4244; x_wconf 87' lang='grc' dir='ltr'>τδ</span> 
     </span>
     <span class='ocr_line' id='line_1_45' title="bbox 169 4259 945 4344; baseline 0.019 -28"><span class='ocrx_word' id='word_1_369' title='bbox 169 4287 181 4310; x_wconf 83' lang='grc' dir='ltr'>ι</span> <span class='ocrx_word' id='word_1_370' title='bbox 202 4260 266 4338; x_wconf 77' lang='grc' dir='ltr'>πρὸς</span> <span class='ocrx_word' id='word_1_371' title='bbox 281 4259 326 4326; x_wconf 87' lang='grc' dir='ltr'>τθις</span> <span class='ocrx_word' id='word_1_372' title='bbox 340 4261 437 4336; x_wconf 88' lang='grc' dir='ltr'>δύσεις,</span> <span class='ocrx_word' id='word_1_373' title='bbox 454 4267 552 4344; x_wconf 87' lang='grc' dir='ltr'>βόρειον</span> <span class='ocrx_word' id='word_1_374' title='bbox 567 4267 594 4326; x_wconf 83' lang='grc' dir='ltr'>δὲ</span> <span class='ocrx_word' id='word_1_375' title='bbox 607 4271 684 4327; x_wconf 80' lang='grc' dir='ltr'>αὐτοῦ</span> <span class='ocrx_word' id='word_1_376' title='bbox 697 4269 766 4340; x_wconf 86' lang='grc' dir='ltr'>τάδε,</span> <span class='ocrx_word' id='word_1_377' title='bbox 782 4272 826 4329; x_wconf 87' lang='grc' dir='ltr'>καὶ</span> <span class='ocrx_word' id='word_1_378' title='bbox 839 4275 945 4332; x_wconf 82' lang='grc' dir='ltr'>τούναν-</span> 
     </span>
     <span class='ocr_line' id='line_1_46' title="bbox 114 4349 945 4434; baseline 0.023 -32"><span class='ocrx_word' id='word_1_379' title='bbox 114 4366 139 4402; x_wconf 82' lang='grc' dir='ltr'>ιε</span> <span class='ocrx_word' id='word_1_380' title='bbox 169 4378 179 4402; x_wconf 87' lang='grc' dir='ltr'>ι</span> <span class='ocrx_word' id='word_1_381' title='bbox 202 4350 255 4408; x_wconf 84' lang='grc' dir='ltr'>τίον</span> <span class='ocrx_word' id='word_1_382' title='bbox 269 4349 362 4411; x_wconf 85' lang='grc' dir='ltr'>νότιον.</span> <span class='ocrx_word' id='word_1_383' title='bbox 404 4354 496 4413; x_wconf 80' lang='grc' dir='ltr'>Ταῦτα</span> <span class='ocrx_word' id='word_1_384' title='bbox 510 4359 547 4434; x_wconf 82' lang='grc' dir='ltr'>τῷ</span> <span class='ocrx_word' id='word_1_385' title='bbox 563 4356 681 4428; x_wconf 74' lang='grc' dir='ltr'>σκήπωνι</span> <span class='ocrx_word' id='word_1_386' title='bbox 696 4358 806 4431; x_wconf 81' lang='grc' dir='ltr'>δεικνὺς,</span> <span class='ocrx_word' id='word_1_387' title='bbox 820 4359 945 4421; x_wconf 85' lang='grc' dir='ltr'>πεύσεται</span> 
     </span>
     <span class='ocr_line' id='line_1_47' title="bbox 170 4441 943 4528; baseline 0.019 -34"><span class='ocrx_word' id='word_1_388' title='bbox 170 4467 183 4489; x_wconf 96' lang='grc' dir='ltr'>ιι</span> <span class='ocrx_word' id='word_1_389' title='bbox 205 4442 267 4516; x_wconf 84' lang='grc' dir='ltr'>παρ’</span> <span class='ocrx_word' id='word_1_390' title='bbox 289 4441 362 4515; x_wconf 82' lang='grc' dir='ltr'>ὑμῶν</span> <span class='ocrx_word' id='word_1_391' title='bbox 385 4441 410 4498; x_wconf 85' lang='grc' dir='ltr'>ἐν</span> <span class='ocrx_word' id='word_1_392' title='bbox 436 4444 503 4523; x_wconf 82' lang='grc' dir='ltr'>ποίῳ</span> <span class='ocrx_word' id='word_1_393' title='bbox 517 4448 570 4503; x_wconf 85' lang='grc' dir='ltr'>τῶν</span> <span class='ocrx_word' id='word_1_394' title='bbox 588 4450 676 4524; x_wconf 85' lang='grc' dir='ltr'>μερῶν</span> <span class='ocrx_word' id='word_1_395' title='bbox 695 4446 794 4506; x_wconf 89' lang='grc' dir='ltr'>τούτων</span> <span class='ocrx_word' id='word_1_396' title='bbox 816 4449 905 4528; x_wconf 78' lang='grc' dir='ltr'>εὑρέθη</span> <span class='ocrx_word' id='word_1_397' title='bbox 926 4454 943 4521; x_wconf 82' lang='grc' dir='ltr'>ἡ</span> 
     </span>
     <span class='ocr_line' id='line_1_48' title="bbox 169 4523 943 4615; baseline 0.016 -30"><span class='ocrx_word' id='word_1_398' title='bbox 169 4554 180 4578; x_wconf 87' lang='grc' dir='ltr'>ι</span> <span class='ocrx_word' id='word_1_399' title='bbox 200 4527 314 4607; x_wconf 81' lang='grc' dir='ltr'>κεφαλή.</span> <span class='ocrx_word' id='word_1_400' title='bbox 358 4532 393 4588; x_wconf 86' lang='grc' dir='ltr'>Τί</span> <span class='ocrx_word' id='word_1_401' title='bbox 407 4523 451 4588; x_wconf 82' lang='grc' dir='ltr'>οόν</span> <span class='ocrx_word' id='word_1_402' title='bbox 467 4537 526 4608; x_wconf 85' lang='grc' dir='ltr'>ύμῖν</span> <span class='ocrx_word' id='word_1_403' title='bbox 543 4536 736 4613; x_wconf 84' lang='grc' dir='ltr'>ἀποκρίνασθαι</span> <span class='ocrx_word' id='word_1_404' title='bbox 754 4540 891 4615; x_wconf 83' lang='grc' dir='ltr'>παραινῶ;</span> <span class='ocrx_word' id='word_1_405' title='bbox 906 4537 943 4613; x_wconf 75' lang='grc' dir='ltr'>μδ,</span> 
     </span>
     <span class='ocr_line' id='line_1_49' title="bbox 168 4621 946 4697; baseline 0.017 -25"><span class='ocrx_word' id='word_1_406' title='bbox 168 4645 180 4672; x_wconf 90' lang='grc' dir='ltr'>ι</span> <span class='ocrx_word' id='word_1_407' title='bbox 200 4627 345 4697; x_wconf 83' lang='grc' dir='ltr'>συγχωρεῖν</span> <span class='ocrx_word' id='word_1_408' title='bbox 357 4624 383 4678; x_wconf 83' lang='grc' dir='ltr'>ἐν</span> <span class='ocrx_word' id='word_1_409' title='bbox 394 4621 486 4695; x_wconf 82' lang='grc' dir='ltr'>μηδενί</span> <span class='ocrx_word' id='word_1_410' title='bbox 498 4625 549 4679; x_wconf 79' lang='grc' dir='ltr'>τῶν</span> <span class='ocrx_word' id='word_1_411' title='bbox 560 4623 647 4682; x_wconf 89' lang='grc' dir='ltr'>τόπων</span> <span class='ocrx_word' id='word_1_412' title='bbox 658 4623 766 4696; x_wconf 90' lang='grc' dir='ltr'>τούτων,</span> <span class='ocrx_word' id='word_1_413' title='bbox 779 4625 822 4693; x_wconf 79' lang='grc' dir='ltr'>οὒς</span> <span class='ocrx_word' id='word_1_414' title='bbox 832 4624 863 4685; x_wconf 83' lang='grc' dir='ltr'>ἀν</span> <span class='ocrx_word' id='word_1_415' title='bbox 877 4628 946 4685; x_wconf 87' lang='grc' dir='ltr'>ἐκεῖ·</span> 
     </span>
     <span class='ocr_line' id='line_1_50' title="bbox 167 4709 943 4796; baseline 0.023 -37"><span class='ocrx_word' id='word_1_416' title='bbox 167 4735 179 4759; x_wconf 84' lang='grc' dir='ltr'>ι</span> <span class='ocrx_word' id='word_1_417' title='bbox 200 4732 241 4774; x_wconf 87' lang='grc' dir='ltr'>νος</span> <span class='ocrx_word' id='word_1_418' title='bbox 253 4709 290 4789; x_wconf 84' lang='grc' dir='ltr'>τῷ</span> <span class='ocrx_word' id='word_1_419' title='bbox 305 4709 424 4780; x_wconf 75' lang='grc' dir='ltr'>σκήπωνι</span> <span class='ocrx_word' id='word_1_420' title='bbox 440 4709 539 4779; x_wconf 82' lang='grc' dir='ltr'>δεικνύς</span> <span class='ocrx_word' id='word_1_421' title='bbox 551 4715 724 4786; x_wconf 89' lang='grc' dir='ltr'>πυνθάνηται,</span> <span class='ocrx_word' id='word_1_422' title='bbox 741 4717 771 4775; x_wconf 86' lang='grc' dir='ltr'>τὸ</span> <span class='ocrx_word' id='word_1_423' title='bbox 785 4716 860 4794; x_wconf 91' lang='grc' dir='ltr'>τέρας</span> <span class='ocrx_word' id='word_1_424' title='bbox 871 4722 943 4796; x_wconf 83' lang='grc' dir='ltr'>εὗρε·</span> 
     </span>
     <span class='ocr_line' id='line_1_51' title="bbox 113 4795 946 4883; baseline 0.013 -33"><span class='ocrx_word' id='word_1_425' title='bbox 113 4805 140 4845; x_wconf 65' lang='grc' dir='ltr'>δν</span> <span class='ocrx_word' id='word_1_426' title='bbox 168 4820 179 4843; x_wconf 84' lang='grc' dir='ltr'>ι</span> <span class='ocrx_word' id='word_1_427' title='bbox 201 4798 286 4870; x_wconf 69' lang='grc' dir='ltr'>θῆναι,</span> <span class='ocrx_word' id='word_1_428' title='bbox 300 4799 357 4855; x_wconf 83' lang='grc' dir='ltr'>ἀλλ’</span> <span class='ocrx_word' id='word_1_429' title='bbox 372 4799 398 4856; x_wconf 83' lang='grc' dir='ltr'>ἐν</span> <span class='ocrx_word' id='word_1_430' title='bbox 411 4795 506 4875; x_wconf 83' lang='grc' dir='ltr'>Ῥώμῃ</span> <span class='ocrx_word' id='word_1_431' title='bbox 520 4799 599 4879; x_wconf 83' lang='grc' dir='ltr'>φάναι</span> <span class='ocrx_word' id='word_1_432' title='bbox 619 4803 682 4881; x_wconf 88' lang='grc' dir='ltr'>παρ’</span> <span class='ocrx_word' id='word_1_433' title='bbox 696 4807 760 4880; x_wconf 82' lang='grc' dir='ltr'>ἡμῖν</span> <span class='ocrx_word' id='word_1_434' title='bbox 774 4803 800 4860; x_wconf 86' lang='grc' dir='ltr'>ἐν</span> <span class='ocrx_word' id='word_1_435' title='bbox 814 4805 946 4883; x_wconf 71' lang='grc' dir='ltr'>Ταρπηίῳ</span> 
     </span>
     <span class='ocr_line' id='line_1_52' title="bbox 170 4881 944 4970; baseline 0.014 -32"><span class='ocrx_word' id='word_1_436' title='bbox 170 4905 181 4930; x_wconf 73' lang='grc' dir='ltr'>ε</span> <span class='ocrx_word' id='word_1_437' title='bbox 201 4881 283 4962; x_wconf 79' lang='grc' dir='ltr'>λόφῳ.</span> <span class='ocrx_word' id='word_1_438' title='bbox 301 4885 409 4953; x_wconf 81' lang='grc' dir='ltr'>’Ταύτας</span> <span class='ocrx_word' id='word_1_439' title='bbox 428 4887 472 4946; x_wconf 89' lang='grc' dir='ltr'>ἐδιν</span> <span class='ocrx_word' id='word_1_440' title='bbox 488 4889 637 4968; x_wconf 87' lang='grc' dir='ltr'>φυλάττητε</span> <span class='ocrx_word' id='word_1_441' title='bbox 655 4890 699 4957; x_wconf 81' lang='grc' dir='ltr'>εθις</span> <span class='ocrx_word' id='word_1_442' title='bbox 716 4890 881 4970; x_wconf 86' lang='grc' dir='ltr'>ἀποκρίσεις,</span> <span class='ocrx_word' id='word_1_443' title='bbox 899 4892 944 4952; x_wconf 82' lang='grc' dir='ltr'>καὶ</span> 
     </span>
     <span class='ocr_line' id='line_1_53' title="bbox 169 4972 944 5061; baseline 0.015 -36"><span class='ocrx_word' id='word_1_444' title='bbox 169 4992 181 5017; x_wconf 80' lang='grc' dir='ltr'>ι</span> <span class='ocrx_word' id='word_1_445' title='bbox 202 4972 284 5040; x_wconf 83' lang='grc' dir='ltr'>μηδὲν</span> <span class='ocrx_word' id='word_1_446' title='bbox 304 4975 453 5055; x_wconf 88' lang='grc' dir='ltr'>παράγησθ’</span> <span class='ocrx_word' id='word_1_447' title='bbox 468 4976 512 5035; x_wconf 81' lang='grc' dir='ltr'>ὑπ’</span> <span class='ocrx_word' id='word_1_448' title='bbox 526 4979 615 5052; x_wconf 81' lang='grc' dir='ltr'>αὐτοῦ,</span> <span class='ocrx_word' id='word_1_449' title='bbox 631 4982 756 5059; x_wconf 84' lang='grc' dir='ltr'>συγγνοὺς</span> <span class='ocrx_word' id='word_1_450' title='bbox 768 4979 807 5039; x_wconf 86' lang='grc' dir='ltr'>ὀτι</span> <span class='ocrx_word' id='word_1_451' title='bbox 817 4980 847 5040; x_wconf 88' lang='grc' dir='ltr'>τδ</span> <span class='ocrx_word' id='word_1_452' title='bbox 858 4980 944 5061; x_wconf 86' lang='grc' dir='ltr'>χρεὼν</span> 
     </span>
     <span class='ocr_line' id='line_1_54' title="bbox 168 5054 944 5149; baseline 0.024 -41"><span class='ocrx_word' id='word_1_453' title='bbox 168 5081 181 5108; x_wconf 92' lang='grc' dir='ltr'>ιι</span> <span class='ocrx_word' id='word_1_454' title='bbox 201 5055 248 5111; x_wconf 82' lang='grc' dir='ltr'>οὐκ</span> <span class='ocrx_word' id='word_1_455' title='bbox 259 5054 344 5118; x_wconf 85' lang='grc' dir='ltr'>ἔνεστι</span> <span class='ocrx_word' id='word_1_456' title='bbox 354 5070 543 5140; x_wconf 75' lang='grc' dir='ltr'>μετατεθῆναι,</span> <span class='ocrx_word' id='word_1_457' title='bbox 559 5071 683 5127; x_wconf 86' lang='grc' dir='ltr'>διελεῖται</span> <span class='ocrx_word' id='word_1_458' title='bbox 696 5069 725 5127; x_wconf 83' lang='grc' dir='ltr'>τὸ</span> <span class='ocrx_word' id='word_1_459' title='bbox 740 5070 816 5149; x_wconf 84' lang='grc' dir='ltr'>τέρας</span> <span class='ocrx_word' id='word_1_460' title='bbox 830 5072 892 5146; x_wconf 83' lang='grc' dir='ltr'>ὑμῖν</span> <span class='ocrx_word' id='word_1_461' title='bbox 904 5068 944 5127; x_wconf 84' lang='grc' dir='ltr'>ὀτι</span> 
     </span>
     <span class='ocr_line' id='line_1_55' title="bbox 168 5142 823 5235; baseline 0.024 -35"><span class='ocrx_word' id='word_1_462' title='bbox 168 5171 180 5198; x_wconf 89' lang='grc' dir='ltr'>ι</span> <span class='ocrx_word' id='word_1_463' title='bbox 202 5142 324 5222; x_wconf 82' lang='grc' dir='ltr'>βούλεται</span> <span class='ocrx_word' id='word_1_464' title='bbox 337 5153 473 5223; x_wconf 88' lang='grc' dir='ltr'>σημαίνειν</span> <span class='ocrx_word' id='word_1_465' title='bbox 488 5156 534 5214; x_wconf 83' lang='grc' dir='ltr'>καὶ</span> <span class='ocrx_word' id='word_1_466' title='bbox 545 5159 593 5217; x_wconf 89' lang='grc' dir='ltr'>ούκ</span> <span class='ocrx_word' id='word_1_467' title='bbox 604 5158 792 5235; x_wconf 80' lang='grc' dir='ltr'>ἀποκρύψεται.</span> <span class='ocrx_word' id='word_1_468' title='bbox 810 5184 823 5209; x_wconf 85' lang='lat'><strong>»</strong></span> 
     </span>
    </p>
   </div>
   <div class='ocr_carea' id='block_1_5' title="bbox 689 316 1260 382">
    <p class='ocr_par' dir='ltr' id='par_1_8' title="bbox 689 316 1260 382">
     <span class='ocr_line' id='line_1_56' title="bbox 689 316 1260 382; baseline 0.012 -7"><span class='ocrx_word' id='word_1_469' title='bbox 689 316 857 377; x_wconf 87' lang='lat' dir='ltr'><strong>DlONl&#39;Sll</strong></span> <span class='ocrx_word' id='word_1_470' title='bbox 879 316 1260 382; x_wconf 69' lang='lat' dir='ltr'><strong>uiticeubiessssu&#39;sts</strong></span> 
     </span>
    </p>
   </div>
   <div class='ocr_carea' id='block_1_6' title="bbox 995 451 1780 732">
    <p class='ocr_par' dir='ltr' id='par_1_9' title="bbox 995 451 1780 732">
     <span class='ocr_line' id='line_1_57' title="bbox 995 451 1780 529; baseline 0.009 -22"><span class='ocrx_word' id='word_1_471' title='bbox 995 458 1020 508; x_wconf 90' lang='lat' dir='ltr'>iu</span> <span class='ocrx_word' id='word_1_472' title='bbox 1029 461 1156 524; x_wconf 86' lang='lat' dir='ltr'><strong>superlore</strong></span> <span class='ocrx_word' id='word_1_473' title='bbox 1168 462 1230 513; x_wconf 86' lang='lat' dir='ltr'><strong>libro</strong></span> <span class='ocrx_word' id='word_1_474' title='bbox 1239 463 1300 513; x_wconf 82' lang='lat' dir='ltr'><strong>dixi.</strong></span> <span class='ocrx_word' id='word_1_475' title='bbox 1334 466 1366 512; x_wconf 78' lang='lat' dir='ltr'><strong>nt</strong></span> <span class='ocrx_word' id='word_1_476' title='bbox 1375 462 1467 526; x_wconf 84' lang='lat' dir='ltr'><strong>templa</strong></span> <span class='ocrx_word' id='word_1_477' title='bbox 1479 461 1534 527; x_wconf 87' lang='lat' dir='ltr'><strong>ipsa</strong></span> <span class='ocrx_word' id='word_1_478' title='bbox 1547 451 1664 526; x_wconf 81' lang='lat' dir='ltr'><strong>perimere</strong></span> <span class='ocrx_word' id='word_1_479' title='bbox 1675 475 1724 513; x_wconf 90' lang='lat' dir='ltr'>uon</span> <span class='ocrx_word' id='word_1_480' title='bbox 1735 479 1780 529; x_wconf 85' lang='lat' dir='ltr'>pe.</span> 
     </span>
     <span class='ocr_line' id='line_1_58' title="bbox 995 562 1777 630; baseline 0.008 -18"><span class='ocrx_word' id='word_1_481' title='bbox 995 562 1052 612; x_wconf 90' lang='lat' dir='ltr'><strong>tuit.</strong></span> <span class='ocrx_word' id='word_1_482' title='bbox 1085 563 1149 613; x_wconf 81' lang='lat' dir='ltr'>Cum</span> <span class='ocrx_word' id='word_1_483' title='bbox 1159 563 1234 626; x_wconf 76' lang='lat' dir='ltr'><strong>igitur</strong></span> <span class='ocrx_word' id='word_1_484' title='bbox 1247 563 1396 626; x_wconf 81' lang='lat' dir='ltr'><strong>Tarquinius</strong></span> <span class='ocrx_word' id='word_1_485' title='bbox 1408 577 1440 614; x_wconf 88' lang='lat' dir='ltr'>ex</span> <span class='ocrx_word' id='word_1_486' title='bbox 1456 562 1693 615; x_wconf 78' lang='lat' dir='ltr'><strong>decimasucssauae</strong></span> <span class='ocrx_word' id='word_1_487' title='bbox 1710 580 1777 630; x_wconf 84' lang='lat' dir='ltr'><strong>prae-</strong></span> 
     </span>
     <span class='ocr_line' id='line_1_59' title="bbox 995 663 1777 732; baseline 0.008 -18"><span class='ocrx_word' id='word_1_488' title='bbox 995 663 1035 715; x_wconf 86' lang='grc' dir='ltr'>θιο</span> <span class='ocrx_word' id='word_1_489' title='bbox 1047 664 1094 716; x_wconf 87' lang='lat' dir='ltr'>boc</span> <span class='ocrx_word' id='word_1_490' title='bbox 1107 680 1171 730; x_wconf 86' lang='lat' dir='ltr'><strong>opus</strong></span> <span class='ocrx_word' id='word_1_491' title='bbox 1190 667 1313 719; x_wconf 83' lang='lat' dir='ltr'><strong>conficere</strong></span> <span class='ocrx_word' id='word_1_492' title='bbox 1324 666 1467 728; x_wconf 80' lang='lat' dir='ltr'><strong>statuisset,</strong></span> <span class='ocrx_word' id='word_1_493' title='bbox 1485 679 1571 717; x_wconf 83' lang='lat' dir='ltr'><strong>omncs</strong></span> <span class='ocrx_word' id='word_1_494' title='bbox 1589 667 1690 732; x_wconf 88' lang='lat' dir='ltr'><strong>upitlces</strong></span> <span class='ocrx_word' id='word_1_495' title='bbox 1704 669 1734 718; x_wconf 81' lang='lat' dir='ltr'>ud</span> <span class='ocrx_word' id='word_1_496' title='bbox 1752 670 1777 720; x_wconf 88' lang='lat' dir='ltr'>id</span> 
     </span>
    </p>
   </div>
   <div class='ocr_carea' id='block_1_7' title="bbox 996 769 1788 4945">
    <p class='ocr_par' dir='ltr' id='par_1_10' title="bbox 996 769 1788 2049">
     <span class='ocr_line' id='line_1_60' title="bbox 997 769 1778 840; baseline 0.008 -21"><span class='ocrx_word' id='word_1_497' title='bbox 997 769 1160 833; x_wconf 78' lang='lat' dir='ltr'><strong>peragendum</strong></span> <span class='ocrx_word' id='word_1_498' title='bbox 1170 771 1291 823; x_wconf 75' lang='lat' dir='ltr'><strong>adhibuit.</strong></span> <span class='ocrx_word' id='word_1_499' title='bbox 1325 773 1394 824; x_wconf 82' lang='lat' dir='ltr'><strong>Tunc</strong></span> <span class='ocrx_word' id='word_1_500' title='bbox 1407 773 1486 824; x_wconf 85' lang='lat' dir='ltr'><strong>lectur</strong></span> <span class='ocrx_word' id='word_1_501' title='bbox 1495 774 1586 825; x_wconf 88' lang='lat' dir='ltr'><strong>mirum</strong></span> <span class='ocrx_word' id='word_1_502' title='bbox 1594 775 1718 840; x_wconf 85' lang='lat' dir='ltr'><strong>quoddam</strong></span> <span class='ocrx_word' id='word_1_503' title='bbox 1729 775 1778 826; x_wconf 90' lang='lat' dir='ltr'>sub</span> 
     </span>
     <span class='ocr_line' id='line_1_61' title="bbox 996 871 1778 941; baseline 0.008 -18"><span class='ocrx_word' id='word_1_504' title='bbox 996 875 1063 923; x_wconf 84' lang='lat' dir='ltr'><strong>terra</strong></span> <span class='ocrx_word' id='word_1_505' title='bbox 1078 871 1188 924; x_wconf 86' lang='lat' dir='ltr'><strong>oblatum</strong></span> <span class='ocrx_word' id='word_1_506' title='bbox 1206 887 1262 925; x_wconf 86' lang='lat' dir='ltr'><strong>esse</strong></span> <span class='ocrx_word' id='word_1_507' title='bbox 1282 875 1419 941; x_wconf 80' lang='lat' dir='ltr'><strong>prodigium</strong></span> <span class='ocrx_word' id='word_1_508' title='bbox 1434 877 1509 929; x_wconf 89' lang='lat' dir='ltr'><strong>:dum</strong></span> <span class='ocrx_word' id='word_1_509' title='bbox 1529 877 1688 930; x_wconf 83' lang='lat' dir='ltr'><strong>tundamenta</strong></span> <span class='ocrx_word' id='word_1_510' title='bbox 1707 879 1778 929; x_wconf 88' lang='lat' dir='ltr'><strong>tode-</strong></span> 
     </span>
     <span class='ocr_line' id='line_1_62' title="bbox 997 976 1779 1046; baseline 0.009 -19"><span class='ocrx_word' id='word_1_511' title='bbox 997 980 1083 1027; x_wconf 92' lang='lat' dir='ltr'><strong>rentur</strong></span> <span class='ocrx_word' id='word_1_512' title='bbox 1098 978 1125 1027; x_wconf 91' lang='lat' dir='ltr'>et</span> <span class='ocrx_word' id='word_1_513' title='bbox 1139 976 1193 1043; x_wconf 86' lang='lat' dir='ltr'><strong>ipsa</strong></span> <span class='ocrx_word' id='word_1_514' title='bbox 1208 979 1273 1030; x_wconf 84' lang='lat' dir='ltr'><strong>iussa</strong></span> <span class='ocrx_word' id='word_1_515' title='bbox 1293 981 1343 1031; x_wconf 92' lang='lat' dir='ltr'>iam</span> <span class='ocrx_word' id='word_1_516' title='bbox 1363 982 1436 1033; x_wconf 83' lang='lat' dir='ltr'><strong>valde</strong></span> <span class='ocrx_word' id='word_1_517' title='bbox 1459 983 1579 1046; x_wconf 87' lang='lat' dir='ltr'><strong>protunda</strong></span> <span class='ocrx_word' id='word_1_518' title='bbox 1594 987 1676 1044; x_wconf 87' lang='lat' dir='ltr'><strong>esset,</strong></span> <span class='ocrx_word' id='word_1_519' title='bbox 1697 984 1779 1034; x_wconf 85' lang='lat' dir='ltr'><strong>iuren-</strong></span> 
     </span>
     <span class='ocr_line' id='line_1_63' title="bbox 997 1084 1781 1148; baseline 0.008 -16"><span class='ocrx_word' id='word_1_520' title='bbox 997 1085 1051 1134; x_wconf 90' lang='lat' dir='ltr'><strong>tum</strong></span> <span class='ocrx_word' id='word_1_521' title='bbox 1069 1095 1123 1134; x_wconf 84' lang='lat' dir='ltr'><strong>esse</strong></span> <span class='ocrx_word' id='word_1_522' title='bbox 1142 1086 1218 1148; x_wconf 88' lang='lat' dir='ltr'><strong>caput</strong></span> <span class='ocrx_word' id='word_1_523' title='bbox 1238 1084 1345 1136; x_wconf 88' lang='lat' dir='ltr'><strong>bominis</strong></span> <span class='ocrx_word' id='word_1_524' title='bbox 1363 1098 1451 1137; x_wconf 85' lang='lat' dir='ltr'><strong>recens</strong></span> <span class='ocrx_word' id='word_1_525' title='bbox 1469 1086 1542 1146; x_wconf 76' lang='lat' dir='ltr'><strong>cesi,</strong></span> <span class='ocrx_word' id='word_1_526' title='bbox 1564 1084 1664 1136; x_wconf 78' lang='lat' dir='ltr'><strong>ruitum</strong></span> <span class='ocrx_word' id='word_1_527' title='bbox 1686 1085 1781 1138; x_wconf 82' lang='lat' dir='ltr'><strong>babens</strong></span> 
     </span>
     <span class='ocr_line' id='line_1_64' title="bbox 997 1188 1780 1252; baseline -0.003 -12"><span class='ocrx_word' id='word_1_528' title='bbox 997 1188 1055 1240; x_wconf 78' lang='lat' dir='ltr'><strong>viro</strong></span> <span class='ocrx_word' id='word_1_529' title='bbox 1064 1189 1185 1250; x_wconf 86' lang='lat' dir='ltr'><strong>similem,</strong></span> <span class='ocrx_word' id='word_1_530' title='bbox 1202 1192 1229 1239; x_wconf 87' lang='lat' dir='ltr'>et</span> <span class='ocrx_word' id='word_1_531' title='bbox 1241 1189 1384 1252; x_wconf 73' lang='lat' dir='ltr'><strong>moguinem</strong></span> <span class='ocrx_word' id='word_1_532' title='bbox 1402 1202 1434 1240; x_wconf 80' lang='lat' dir='ltr'>ex</span> <span class='ocrx_word' id='word_1_533' title='bbox 1447 1189 1549 1241; x_wconf 85' lang='lat' dir='ltr'><strong>vulnere</strong></span> <span class='ocrx_word' id='word_1_534' title='bbox 1565 1193 1706 1240; x_wconf 76' lang='lat' dir='ltr'><strong>manantem</strong></span> <span class='ocrx_word' id='word_1_535' title='bbox 1719 1189 1780 1240; x_wconf 83' lang='lat' dir='ltr'><strong>caii·</strong></span> 
     </span>
     <span class='ocr_line' id='line_1_65' title="bbox 996 1290 1780 1358; baseline 0.001 -16"><span class='ocrx_word' id='word_1_536' title='bbox 996 1291 1058 1343; x_wconf 91' lang='lat' dir='ltr'>dum</span> <span class='ocrx_word' id='word_1_537' title='bbox 1069 1291 1187 1343; x_wconf 80' lang='lat' dir='ltr'><strong>adbucet</strong></span> <span class='ocrx_word' id='word_1_538' title='bbox 1201 1296 1334 1344; x_wconf 75' lang='lat' dir='ltr'>recentem.</span> <span class='ocrx_word' id='word_1_539' title='bbox 1368 1292 1515 1358; x_wconf 74' lang='lat' dir='ltr'><strong>Tarquinius</strong></span> <span class='ocrx_word' id='word_1_540' title='bbox 1531 1292 1585 1343; x_wconf 85' lang='lat' dir='ltr'><strong>viso</strong></span> <span class='ocrx_word' id='word_1_541' title='bbox 1602 1290 1650 1343; x_wconf 89' lang='lat' dir='ltr'>boc</span> <span class='ocrx_word' id='word_1_542' title='bbox 1666 1294 1780 1357; x_wconf 82' lang='lat' dir='ltr'><strong>portento</strong></span> 
     </span>
     <span class='ocr_line' id='line_1_66' title="bbox 996 1395 1779 1463; baseline -0.003 -15"><span class='ocrx_word' id='word_1_543' title='bbox 996 1397 1069 1449; x_wconf 86' lang='lat' dir='ltr'><strong>iussit</strong></span> <span class='ocrx_word' id='word_1_544' title='bbox 1082 1411 1169 1463; x_wconf 80' lang='lat' dir='ltr'><strong>operas</strong></span> <span class='ocrx_word' id='word_1_545' title='bbox 1189 1399 1285 1448; x_wconf 80' lang='lat' dir='ltr'><strong>eterra</strong></span> <span class='ocrx_word' id='word_1_546' title='bbox 1304 1395 1418 1447; x_wconf 80' lang='lat' dir='ltr'><strong>fodienda</strong></span> <span class='ocrx_word' id='word_1_547' title='bbox 1430 1397 1568 1458; x_wconf 84' lang='lat' dir='ltr'><strong>abstinere;</strong></span> <span class='ocrx_word' id='word_1_548' title='bbox 1591 1400 1617 1447; x_wconf 91' lang='lat' dir='ltr'>et</span> <span class='ocrx_word' id='word_1_549' title='bbox 1638 1397 1779 1447; x_wconf 78' lang='lat' dir='ltr'><strong>conuocatis</strong></span> 
     </span>
     <span class='ocr_line' id='line_1_67' title="bbox 997 1494 1788 1561; baseline 0.003 -15"><span class='ocrx_word' id='word_1_550' title='bbox 997 1496 1096 1547; x_wconf 80' lang='lat' dir='ltr'><strong>vatibus</strong></span> <span class='ocrx_word' id='word_1_551' title='bbox 1109 1495 1240 1561; x_wconf 77' lang='lat' dir='ltr'><strong>indigenis,</strong></span> <span class='ocrx_word' id='word_1_552' title='bbox 1254 1509 1286 1546; x_wconf 82' lang='lat' dir='ltr'>ex</span> <span class='ocrx_word' id='word_1_553' title='bbox 1299 1496 1359 1560; x_wconf 89' lang='lat' dir='ltr'><strong>ipsis</strong></span> <span class='ocrx_word' id='word_1_554' title='bbox 1374 1495 1491 1561; x_wconf 77' lang='lat' dir='ltr'><strong>quaesivit</strong></span> <span class='ocrx_word' id='word_1_555' title='bbox 1501 1495 1615 1560; x_wconf 81' lang='lat' dir='ltr'><strong>quidsibi</strong></span> <span class='ocrx_word' id='word_1_556' title='bbox 1630 1496 1706 1546; x_wconf 82' lang='lat' dir='ltr'><strong>vellet</strong></span> <span class='ocrx_word' id='word_1_557' title='bbox 1719 1494 1788 1549; x_wconf 89' lang='lat' dir='ltr'><strong>illud.</strong></span> 
     </span>
     <span class='ocr_line' id='line_1_68' title="bbox 998 1592 1780 1660; baseline -0.004 -15"><span class='ocrx_word' id='word_1_558' title='bbox 998 1594 1146 1660; x_wconf 77' lang='lat' dir='ltr'><strong>prodigium.</strong></span> <span class='ocrx_word' id='word_1_559' title='bbox 1181 1593 1234 1645; x_wconf 87' lang='lat' dir='ltr'><strong>illis</strong></span> <span class='ocrx_word' id='word_1_560' title='bbox 1255 1607 1314 1643; x_wconf 86' lang='lat' dir='ltr'><strong>vero</strong></span> <span class='ocrx_word' id='word_1_561' title='bbox 1336 1593 1396 1644; x_wconf 88' lang='lat' dir='ltr'><strong>uilril</strong></span> <span class='ocrx_word' id='word_1_562' title='bbox 1414 1592 1610 1651; x_wconf 74' lang='lat' dir='ltr'><strong>declarantibus,</strong></span> <span class='ocrx_word' id='word_1_563' title='bbox 1631 1593 1676 1644; x_wconf 78' lang='lat' dir='ltr'>sed</span> <span class='ocrx_word' id='word_1_564' title='bbox 1692 1593 1780 1643; x_wconf 84' lang='lat' dir='ltr'><strong>talium</strong></span> 
     </span>
     <span class='ocr_line' id='line_1_69' title="bbox 998 1690 1780 1755; baseline -0.003 -14"><span class='ocrx_word' id='word_1_565' title='bbox 998 1705 1081 1741; x_wconf 87' lang='lat' dir='ltr'><strong>rerum</strong></span> <span class='ocrx_word' id='word_1_566' title='bbox 1106 1692 1231 1742; x_wconf 88' lang='lat' dir='ltr'><strong>scientiam</strong></span> <span class='ocrx_word' id='word_1_567' title='bbox 1246 1692 1358 1741; x_wconf 73' lang='lat' dir='ltr'><strong>Etruscis</strong></span> <span class='ocrx_word' id='word_1_568' title='bbox 1380 1690 1584 1751; x_wconf 77' lang='lat' dir='ltr'><strong>concedentibus,</strong></span> <span class='ocrx_word' id='word_1_569' title='bbox 1606 1695 1780 1755; x_wconf 78' lang='lat' dir='ltr'><strong>percunctatus</strong></span> 
     </span>
     <span class='ocr_line' id='line_1_70' title="bbox 999 1788 1780 1855; baseline -0.003 -15"><span class='ocrx_word' id='word_1_570' title='bbox 999 1803 1030 1840; x_wconf 82' lang='lat' dir='ltr'>ex</span> <span class='ocrx_word' id='word_1_571' title='bbox 1045 1790 1104 1855; x_wconf 89' lang='lat' dir='ltr'><strong>ipsis</strong></span> <span class='ocrx_word' id='word_1_572' title='bbox 1119 1789 1233 1852; x_wconf 86' lang='lat' dir='ltr'><strong>quisnam</strong></span> <span class='ocrx_word' id='word_1_573' title='bbox 1250 1788 1313 1840; x_wconf 89' lang='lat' dir='ltr'><strong>iuter</strong></span> <span class='ocrx_word' id='word_1_574' title='bbox 1335 1791 1454 1839; x_wconf 81' lang='lat' dir='ltr'><strong>Etruscos</strong></span> <span class='ocrx_word' id='word_1_575' title='bbox 1478 1789 1589 1840; x_wconf 90' lang='lat' dir='ltr'><strong>omnium</strong></span> <span class='ocrx_word' id='word_1_576' title='bbox 1604 1788 1780 1840; x_wconf 85' lang='lat' dir='ltr'><strong>celeberrimus</strong></span> 
     </span>
     <span class='ocr_line' id='line_1_71' title="bbox 999 1885 1780 1953; baseline -0.004 -15"><span class='ocrx_word' id='word_1_577' title='bbox 999 1888 1164 1953; x_wconf 82' lang='lat' dir='ltr'><strong>prodigiorum</strong></span> <span class='ocrx_word' id='word_1_578' title='bbox 1178 1888 1299 1952; x_wconf 73' lang='lat' dir='ltr'><strong>interpres</strong></span> <span class='ocrx_word' id='word_1_579' title='bbox 1313 1890 1393 1946; x_wconf 81' lang='lat' dir='ltr'><strong>esset;</strong></span> <span class='ocrx_word' id='word_1_580' title='bbox 1409 1900 1465 1937; x_wconf 88' lang='lat' dir='ltr'>cum</span> <span class='ocrx_word' id='word_1_581' title='bbox 1479 1887 1505 1939; x_wconf 93' lang='lat' dir='ltr'>id</span> <span class='ocrx_word' id='word_1_582' title='bbox 1529 1887 1697 1952; x_wconf 79' lang='lat' dir='ltr'><strong>cognovisset.</strong></span> <span class='ocrx_word' id='word_1_583' title='bbox 1711 1885 1780 1935; x_wconf 86' lang='lat' dir='ltr'><strong>misit</strong></span> 
     </span>
     <span class='ocr_line' id='line_1_72' title="bbox 999 1983 1654 2049; baseline 0 -13"><span class='ocrx_word' id='word_1_584' title='bbox 999 1985 1031 2036; x_wconf 91' lang='lat' dir='ltr'>ad</span> <span class='ocrx_word' id='word_1_585' title='bbox 1051 1998 1109 2036; x_wconf 87' lang='lat' dir='ltr'><strong>euur</strong></span> <span class='ocrx_word' id='word_1_586' title='bbox 1130 1984 1236 2048; x_wconf 74' lang='lat' dir='ltr'><strong>legabis,</strong></span> <span class='ocrx_word' id='word_1_587' title='bbox 1259 1985 1328 2035; x_wconf 82' lang='lat' dir='ltr'><strong>cives</strong></span> <span class='ocrx_word' id='word_1_588' title='bbox 1342 1983 1530 2049; x_wconf 76' lang='lat' dir='ltr'><strong>spectatissimae</strong></span> <span class='ocrx_word' id='word_1_589' title='bbox 1545 1983 1654 2036; x_wconf 75' lang='lat' dir='ltr'><strong>virtutis.</strong></span> 
     </span>
    </p>

    <p class='ocr_par' dir='ltr' id='par_1_11' title="bbox 998 2088 1782 4945">
     <span class='ocr_line' id='line_1_73' title="bbox 1031 2088 1779 2158; baseline -0.012 -11"><span class='ocrx_word' id='word_1_590' title='bbox 1031 2097 1080 2147; x_wconf 77' lang='lat' dir='ltr'>bx.</span> <span class='ocrx_word' id='word_1_591' title='bbox 1099 2096 1195 2157; x_wconf 84' lang='lat' dir='ltr'><strong>Quibus</strong></span> <span class='ocrx_word' id='word_1_592' title='bbox 1207 2096 1238 2147; x_wconf 94' lang='lat' dir='ltr'>ad</span> <span class='ocrx_word' id='word_1_593' title='bbox 1258 2096 1324 2147; x_wconf 89' lang='lat' dir='ltr'><strong>illius</strong></span> <span class='ocrx_word' id='word_1_594' title='bbox 1335 2095 1437 2146; x_wconf 89' lang='lat' dir='ltr'><strong>domum</strong></span> <span class='ocrx_word' id='word_1_595' title='bbox 1451 2091 1583 2158; x_wconf 80' lang='lat' dir='ltr'><strong>proiectis,</strong></span> <span class='ocrx_word' id='word_1_596' title='bbox 1607 2091 1670 2141; x_wconf 72' lang='lat' dir='ltr'><strong>ione</strong></span> <span class='ocrx_word' id='word_1_597' title='bbox 1682 2088 1779 2139; x_wconf 87' lang='lat' dir='ltr'><strong>adoles·</strong></span> 
     </span>
     <span class='ocr_line' id='line_1_74' title="bbox 1000 2190 1779 2266; baseline -0.013 -17"><span class='ocrx_word' id='word_1_598' title='bbox 1000 2198 1115 2250; x_wconf 76' lang='lat' dir='ltr'><strong>cautulus</strong></span> <span class='ocrx_word' id='word_1_599' title='bbox 1140 2199 1242 2266; x_wconf 87' lang='lat' dir='ltr'><strong>quidam</strong></span> <span class='ocrx_word' id='word_1_600' title='bbox 1266 2210 1409 2265; x_wconf 79' lang='lat' dir='ltr'><strong>progressus</strong></span> <span class='ocrx_word' id='word_1_601' title='bbox 1435 2193 1534 2245; x_wconf 81' lang='lat' dir='ltr'><strong>obviam</strong></span> <span class='ocrx_word' id='word_1_602' title='bbox 1556 2190 1637 2247; x_wconf 80' lang='lat' dir='ltr'><strong>venit:</strong></span> <span class='ocrx_word' id='word_1_603' title='bbox 1661 2192 1703 2242; x_wconf 89' lang='lat' dir='ltr'>cui</span> <span class='ocrx_word' id='word_1_604' title='bbox 1721 2205 1779 2240; x_wconf 88' lang='lat' dir='ltr'>cum</span> 
     </span>
     <span class='ocr_line' id='line_1_75' title="bbox 1000 2290 1779 2362; baseline -0.008 -15"><span class='ocrx_word' id='word_1_605' title='bbox 1000 2297 1121 2351; x_wconf 79' lang='lat' dir='ltr'><strong>dixissent</strong></span> <span class='ocrx_word' id='word_1_606' title='bbox 1130 2314 1158 2351; x_wconf 88' lang='lat' dir='ltr'>se</span> <span class='ocrx_word' id='word_1_607' title='bbox 1170 2304 1335 2351; x_wconf 81' lang='lat' dir='ltr'><strong>Romanorum</strong></span> <span class='ocrx_word' id='word_1_608' title='bbox 1351 2298 1445 2362; x_wconf 73' lang='lat' dir='ltr'><strong>legatos</strong></span> <span class='ocrx_word' id='word_1_609' title='bbox 1456 2307 1511 2346; x_wconf 88' lang='lat' dir='ltr'><strong>esse</strong></span> <span class='ocrx_word' id='word_1_610' title='bbox 1526 2292 1570 2358; x_wconf 85' lang='lat' dir='ltr'>qui</span> <span class='ocrx_word' id='word_1_611' title='bbox 1584 2306 1640 2344; x_wconf 82' lang='lat' dir='ltr'><strong>cunr</strong></span> <span class='ocrx_word' id='word_1_612' title='bbox 1654 2294 1712 2342; x_wconf 82' lang='lat' dir='ltr'><strong>vate</strong></span> <span class='ocrx_word' id='word_1_613' title='bbox 1725 2290 1779 2343; x_wconf 86' lang='lat' dir='ltr'><strong>col·</strong></span> 
     </span>
     <span class='ocr_line' id='line_1_76' title="bbox 1000 2393 1780 2463; baseline -0.001 -17"><span class='ocrx_word' id='word_1_614' title='bbox 1000 2396 1067 2463; x_wconf 81' lang='lat' dir='ltr'><strong>loqui</strong></span> <span class='ocrx_word' id='word_1_615' title='bbox 1090 2400 1195 2462; x_wconf 82' lang='lat' dir='ltr'><strong>uellent,</strong></span> <span class='ocrx_word' id='word_1_616' title='bbox 1215 2403 1244 2450; x_wconf 88' lang='lat' dir='ltr'><strong>ut</strong></span> <span class='ocrx_word' id='word_1_617' title='bbox 1263 2414 1289 2449; x_wconf 90' lang='lat' dir='ltr'>se</span> <span class='ocrx_word' id='word_1_618' title='bbox 1309 2400 1343 2448; x_wconf 90' lang='lat' dir='ltr'>ad</span> <span class='ocrx_word' id='word_1_619' title='bbox 1359 2411 1416 2450; x_wconf 89' lang='lat' dir='ltr'><strong>euru</strong></span> <span class='ocrx_word' id='word_1_620' title='bbox 1429 2394 1567 2447; x_wconf 83' lang='lat' dir='ltr'><strong>deduceret</strong></span> <span class='ocrx_word' id='word_1_621' title='bbox 1587 2393 1715 2459; x_wconf 70' lang='lat' dir='ltr'><strong>rogabant.</strong></span> <span class='ocrx_word' id='word_1_622' title='bbox 1749 2396 1780 2445; x_wconf 81' lang='lat' dir='ltr'><strong>nt</strong></span> 
     </span>
     <span class='ocr_line' id='line_1_77' title="bbox 1000 2498 1780 2566; baseline -0.004 -15"><span class='ocrx_word' id='word_1_623' title='bbox 1000 2501 1161 2556; x_wconf 78' lang='lat' dir='ltr'><strong>adolesccnac</strong></span> <span class='ocrx_word' id='word_1_624' title='bbox 1174 2524 1187 2548; x_wconf 87' lang='grc' dir='ltr'>ιι</span> <span class='ocrx_word' id='word_1_625' title='bbox 1198 2506 1281 2563; x_wconf 83' lang='lat' dir='ltr'><strong>Pater,</strong></span> <span class='ocrx_word' id='word_1_626' title='bbox 1294 2501 1382 2566; x_wconf 85' lang='lat' dir='ltr'><strong>iuquit,</strong></span> <span class='ocrx_word' id='word_1_627' title='bbox 1395 2514 1467 2551; x_wconf 89' lang='lat' dir='ltr'><strong>meua</strong></span> <span class='ocrx_word' id='word_1_628' title='bbox 1476 2503 1616 2564; x_wconf 79' lang='lat' dir='ltr'><strong>est‚quem</strong></span> <span class='ocrx_word' id='word_1_629' title='bbox 1632 2499 1712 2549; x_wconf 78' lang='lat' dir='ltr'><strong>visere</strong></span> <span class='ocrx_word' id='word_1_630' title='bbox 1723 2498 1780 2548; x_wconf 83' lang='lat' dir='ltr'><strong>vul·</strong></span> 
     </span>
     <span class='ocr_line' id='line_1_78' title="bbox 1001 2602 1782 2671; baseline -0.005 -15"><span class='ocrx_word' id='word_1_631' title='bbox 1001 2626 1014 2650; x_wconf 85' lang='lat'>«</span> <span class='ocrx_word' id='word_1_632' title='bbox 1032 2606 1065 2656; x_wconf 90' lang='lat' dir='ltr'>tis</span> <span class='ocrx_word' id='word_1_633' title='bbox 1082 2626 1089 2656; x_wconf 76' lang='grc' dir='ltr'>ι</span> <span class='ocrx_word' id='word_1_634' title='bbox 1108 2606 1153 2658; x_wconf 86' lang='lat' dir='ltr'>sed</span> <span class='ocrx_word' id='word_1_635' title='bbox 1174 2621 1240 2659; x_wconf 88' lang='lat' dir='ltr'><strong>nunc</strong></span> <span class='ocrx_word' id='word_1_636' title='bbox 1258 2605 1358 2671; x_wconf 86' lang='lat' dir='ltr'><strong>quidem</strong></span> <span class='ocrx_word' id='word_1_637' title='bbox 1382 2608 1521 2669; x_wconf 87' lang='lat' dir='ltr'><strong>occupatus</strong></span> <span class='ocrx_word' id='word_1_638' title='bbox 1530 2606 1592 2655; x_wconf 77' lang='lat' dir='ltr'><strong>est:</strong></span> <span class='ocrx_word' id='word_1_639' title='bbox 1612 2606 1640 2652; x_wconf 92' lang='lat' dir='ltr'><strong>at</strong></span> <span class='ocrx_word' id='word_1_640' title='bbox 1653 2602 1782 2665; x_wconf 83' lang='lat' dir='ltr'><strong>aliquanto</strong></span> 
     </span>
     <span class='ocr_line' id='line_1_79' title="bbox 1002 2706 1781 2775; baseline -0.012 -12"><span class='ocrx_word' id='word_1_641' title='bbox 1002 2729 1014 2754; x_wconf 78' lang='grc' dir='ltr'>ι</span> <span class='ocrx_word' id='word_1_642' title='bbox 1029 2712 1087 2775; x_wconf 86' lang='lat' dir='ltr'><strong>post</strong></span> <span class='ocrx_word' id='word_1_643' title='bbox 1096 2710 1129 2762; x_wconf 88' lang='lat' dir='ltr'>ad</span> <span class='ocrx_word' id='word_1_644' title='bbox 1141 2724 1197 2762; x_wconf 87' lang='lat' dir='ltr'>eum</span> <span class='ocrx_word' id='word_1_645' title='bbox 1213 2710 1330 2762; x_wconf 86' lang='lat' dir='ltr'><strong>accedere</strong></span> <span class='ocrx_word' id='word_1_646' title='bbox 1344 2707 1466 2773; x_wconf 83' lang='lat' dir='ltr'><strong>poteritis.</strong></span> <span class='ocrx_word' id='word_1_647' title='bbox 1500 2710 1604 2767; x_wconf 85' lang='lat' dir='ltr'><strong>verum,</strong></span> <span class='ocrx_word' id='word_1_648' title='bbox 1616 2706 1677 2756; x_wconf 92' lang='lat' dir='ltr'>dum</span> <span class='ocrx_word' id='word_1_649' title='bbox 1690 2717 1781 2771; x_wconf 89' lang='lat' dir='ltr'><strong>exspe-</strong></span> 
     </span>
     <span class='ocr_line' id='line_1_80' title="bbox 1001 2807 1778 2877; baseline -0.008 -13"><span class='ocrx_word' id='word_1_650' title='bbox 1001 2834 1014 2859; x_wconf 87' lang='grc' dir='ltr'>ι</span> <span class='ocrx_word' id='word_1_651' title='bbox 1031 2813 1119 2874; x_wconf 83' lang='lat' dir='ltr'><strong>etatis,</strong></span> <span class='ocrx_word' id='word_1_652' title='bbox 1132 2814 1193 2864; x_wconf 90' lang='lat' dir='ltr'><strong>mibi</strong></span> <span class='ocrx_word' id='word_1_653' title='bbox 1204 2813 1328 2865; x_wconf 81' lang='lat' dir='ltr'><strong>adrentus</strong></span> <span class='ocrx_word' id='word_1_654' title='bbox 1343 2824 1443 2863; x_wconf 85' lang='lat' dir='ltr'><strong>causam</strong></span> <span class='ocrx_word' id='word_1_655' title='bbox 1458 2809 1560 2877; x_wconf 83' lang='lat' dir='ltr'><strong>aperite.</strong></span> <span class='ocrx_word' id='word_1_656' title='bbox 1594 2811 1634 2860; x_wconf 89' lang='lat' dir='ltr'>iia</span> <span class='ocrx_word' id='word_1_657' title='bbox 1645 2809 1710 2860; x_wconf 87' lang='lat' dir='ltr'><strong>enim</strong></span> <span class='ocrx_word' id='word_1_658' title='bbox 1721 2807 1778 2870; x_wconf 83' lang='lat' dir='ltr'><strong>liet,</strong></span> 
     </span>
     <span class='ocr_line' id='line_1_81' title="bbox 1001 2888 1779 2981; baseline -0.009 -13"><span class='ocrx_word' id='word_1_659' title='bbox 1001 2937 1013 2961; x_wconf 89' lang='grc' dir='ltr'>ι</span> <span class='ocrx_word' id='word_1_660' title='bbox 1031 2921 1060 2968; x_wconf 85' lang='grc' dir='ltr'>ιιι</span> <span class='ocrx_word' id='word_1_661' title='bbox 1077 2918 1100 2968; x_wconf 91' lang='lat' dir='ltr'>si</span> <span class='ocrx_word' id='word_1_662' title='bbox 1114 2918 1201 2981; x_wconf 88' lang='lat' dir='ltr'><strong>quain</strong></span> <span class='ocrx_word' id='word_1_663' title='bbox 1214 2931 1242 2968; x_wconf 87' lang='lat' dir='ltr'>re</span> <span class='ocrx_word' id='word_1_664' title='bbox 1257 2916 1289 2966; x_wconf 93' lang='lat' dir='ltr'>ob</span> <span class='ocrx_word' id='word_1_665' title='bbox 1311 2914 1457 2981; x_wconf 85' lang='lat' dir='ltr'><strong>imperitiam</strong></span> <span class='ocrx_word' id='word_1_666' title='bbox 1469 2888 1697 2980; x_wconf 35' lang='lat' dir='ltr'><strong>mecere&#39;possitis,</strong></span> <span class='ocrx_word' id='word_1_667' title='bbox 1712 2924 1779 2962; x_wconf 90' lang='lat' dir='ltr'>ame</span> 
     </span>
     <span class='ocr_line' id='line_1_82' title="bbox 1001 3014 1779 3083; baseline -0.009 -12"><span class='ocrx_word' id='word_1_668' title='bbox 1001 3040 1013 3063; x_wconf 82' lang='grc' dir='ltr'>ιι</span> <span class='ocrx_word' id='word_1_669' title='bbox 1031 3019 1112 3071; x_wconf 88' lang='lat' dir='ltr'><strong>edocti</strong></span> <span class='ocrx_word' id='word_1_670' title='bbox 1137 3019 1162 3069; x_wconf 92' lang='lat' dir='ltr'>iu</span> <span class='ocrx_word' id='word_1_671' title='bbox 1181 3019 1370 3081; x_wconf 74' lang='lat' dir='ltr'><strong>interrogatione</strong></span> <span class='ocrx_word' id='word_1_672' title='bbox 1393 3016 1455 3067; x_wconf 88' lang='lat' dir='ltr'><strong>nibil</strong></span> <span class='ocrx_word' id='word_1_673' title='bbox 1474 3016 1580 3083; x_wconf 87' lang='lat' dir='ltr'><strong>peccetis</strong></span> <span class='ocrx_word' id='word_1_674' title='bbox 1603 3019 1697 3066; x_wconf 86' lang='lat' dir='ltr'><strong>:recta</strong></span> <span class='ocrx_word' id='word_1_675' title='bbox 1714 3014 1779 3064; x_wconf 89' lang='lat' dir='ltr'><strong>enim</strong></span> 
     </span>
     <span class='ocr_line' id='line_1_83' title="bbox 1001 3119 1780 3186; baseline -0.005 -13"><span class='ocrx_word' id='word_1_676' title='bbox 1001 3143 1013 3167; x_wconf 86' lang='grc' dir='ltr'>ιι</span> <span class='ocrx_word' id='word_1_677' title='bbox 1029 3122 1189 3186; x_wconf 78' lang='lat' dir='ltr'><strong>iuterrogatio</strong></span> <span class='ocrx_word' id='word_1_678' title='bbox 1203 3123 1229 3172; x_wconf 94' lang='lat' dir='ltr'>in</span> <span class='ocrx_word' id='word_1_679' title='bbox 1249 3126 1302 3172; x_wconf 84' lang='lat' dir='ltr'><strong>arte</strong></span> <span class='ocrx_word' id='word_1_680' title='bbox 1318 3120 1466 3171; x_wconf 79' lang='lat' dir='ltr'><strong>divinatoris</strong></span> <span class='ocrx_word' id='word_1_681' title='bbox 1484 3134 1532 3171; x_wconf 91' lang='lat' dir='ltr'>non</span> <span class='ocrx_word' id='word_1_682' title='bbox 1543 3119 1671 3170; x_wconf 89' lang='lat' dir='ltr'><strong>minimum</strong></span> <span class='ocrx_word' id='word_1_683' title='bbox 1683 3119 1780 3183; x_wconf 88' lang='lat' dir='ltr'><strong>pondus</strong></span> 
     </span>
     <span class='ocr_line' id='line_1_84' title="bbox 1001 3217 1781 3281; baseline -0.003 -11"><span class='ocrx_word' id='word_1_684' title='bbox 1001 3241 1013 3264; x_wconf 86' lang='grc' dir='ltr'>ιι</span> <span class='ocrx_word' id='word_1_685' title='bbox 1030 3220 1113 3272; x_wconf 88' lang='lat' dir='ltr'><strong>babet.</strong></span> <span class='ocrx_word' id='word_1_686' title='bbox 1130 3240 1143 3264; x_wconf 83' lang='grc' dir='ltr'>ιι</span> <span class='ocrx_word' id='word_1_687' title='bbox 1178 3220 1215 3270; x_wconf 90' lang='lat' dir='ltr'><strong>illi</strong></span> <span class='ocrx_word' id='word_1_688' title='bbox 1229 3220 1264 3270; x_wconf 90' lang='lat' dir='ltr'>ita</span> <span class='ocrx_word' id='word_1_689' title='bbox 1278 3218 1415 3269; x_wconf 88' lang='lat' dir='ltr'><strong>iaciendum</strong></span> <span class='ocrx_word' id='word_1_690' title='bbox 1424 3222 1588 3276; x_wconf 88' lang='lat' dir='ltr'><strong>censuerunt,</strong></span> <span class='ocrx_word' id='word_1_691' title='bbox 1603 3222 1630 3267; x_wconf 88' lang='lat' dir='ltr'>et</span> <span class='ocrx_word' id='word_1_692' title='bbox 1641 3217 1781 3281; x_wconf 76' lang='lat' dir='ltr'><strong>prodigium</strong></span> 
     </span>
     <span class='ocr_line' id='line_1_85' title="bbox 999 3318 1777 3384; baseline -0.004 -14"><span class='ocrx_word' id='word_1_693' title='bbox 999 3320 1021 3370; x_wconf 90' lang='lat' dir='ltr'>ei</span> <span class='ocrx_word' id='word_1_694' title='bbox 1031 3322 1207 3384; x_wconf 85' lang='lat' dir='ltr'><strong>exposuerunt.</strong></span> <span class='ocrx_word' id='word_1_695' title='bbox 1221 3319 1381 3377; x_wconf 81' lang='lat' dir='ltr'><strong>Quoaudilo,</strong></span> <span class='ocrx_word' id='word_1_696' title='bbox 1392 3321 1419 3368; x_wconf 89' lang='lat' dir='ltr'>et</span> <span class='ocrx_word' id='word_1_697' title='bbox 1428 3319 1498 3368; x_wconf 86' lang='lat' dir='ltr'><strong>brevi</strong></span> <span class='ocrx_word' id='word_1_698' title='bbox 1508 3318 1606 3368; x_wconf 89' lang='lat' dir='ltr'><strong>silentio</strong></span> <span class='ocrx_word' id='word_1_699' title='bbox 1619 3318 1777 3380; x_wconf 66' lang='lat' dir='ltr'><strong>interpositos</strong></span> 
     </span>
     <span class='ocr_line' id='line_1_86' title="bbox 1002 3413 1780 3480; baseline -0.005 -14"><span class='ocrx_word' id='word_1_700' title='bbox 1002 3436 1015 3459; x_wconf 85' lang='grc' dir='ltr'>ιι</span> <span class='ocrx_word' id='word_1_701' title='bbox 1032 3416 1138 3478; x_wconf 80' lang='lat' dir='ltr'><strong>Audite,</strong></span> <span class='ocrx_word' id='word_1_702' title='bbox 1152 3416 1245 3480; x_wconf 80' lang='lat' dir='ltr'><strong>inquit,</strong></span> <span class='ocrx_word' id='word_1_703' title='bbox 1259 3415 1376 3464; x_wconf 81' lang='lat' dir='ltr'><strong>Rotnani:</strong></span> <span class='ocrx_word' id='word_1_704' title='bbox 1388 3414 1527 3479; x_wconf 79' lang='lat' dir='ltr'><strong>prodigium</strong></span> <span class='ocrx_word' id='word_1_705' title='bbox 1539 3414 1638 3479; x_wconf 89' lang='lat' dir='ltr'><strong>quidem</strong></span> <span class='ocrx_word' id='word_1_706' title='bbox 1651 3413 1780 3478; x_wconf 83' lang='lat' dir='ltr'><strong>hocpaier</strong></span> 
     </span>
     <span class='ocr_line' id='line_1_87' title="bbox 1002 3507 1781 3576; baseline -0.005 -14"><span class='ocrx_word' id='word_1_707' title='bbox 1002 3531 1013 3553; x_wconf 83' lang='grc' dir='ltr'>ι</span> <span class='ocrx_word' id='word_1_708' title='bbox 1031 3525 1102 3562; x_wconf 88' lang='lat' dir='ltr'><strong>meus</strong></span> <span class='ocrx_word' id='word_1_709' title='bbox 1114 3512 1184 3562; x_wconf 81' lang='lat' dir='ltr'><strong>vobis</strong></span> <span class='ocrx_word' id='word_1_710' title='bbox 1195 3509 1403 3576; x_wconf 79' lang='lat' dir='ltr'><strong>interpretabitur,</strong></span> <span class='ocrx_word' id='word_1_711' title='bbox 1423 3521 1469 3560; x_wconf 87' lang='lat' dir='ltr'>uec</span> <span class='ocrx_word' id='word_1_712' title='bbox 1483 3511 1635 3560; x_wconf 78' lang='lat' dir='ltr'><strong>mentietur:</strong></span> <span class='ocrx_word' id='word_1_713' title='bbox 1650 3509 1701 3558; x_wconf 88' lang='lat' dir='ltr'><strong>vati</strong></span> <span class='ocrx_word' id='word_1_714' title='bbox 1713 3507 1781 3558; x_wconf 87' lang='lat' dir='ltr'><strong>enim</strong></span> 
     </span>
     <span class='ocr_line' id='line_1_88' title="bbox 1002 3607 1781 3670; baseline -0.004 -10"><span class='ocrx_word' id='word_1_715' title='bbox 1002 3624 1014 3652; x_wconf 75' lang='lat' dir='ltr'><strong>u</strong></span> <span class='ocrx_word' id='word_1_716' title='bbox 1032 3608 1101 3660; x_wconf 77' lang='lat' dir='ltr'><strong>neiat</strong></span> <span class='ocrx_word' id='word_1_717' title='bbox 1115 3612 1161 3661; x_wconf 86' lang='lat' dir='ltr'><strong>est.</strong></span> <span class='ocrx_word' id='word_1_718' title='bbox 1192 3613 1255 3669; x_wconf 80' lang='lat' dir='ltr'>Quae</span> <span class='ocrx_word' id='word_1_719' title='bbox 1273 3623 1333 3660; x_wconf 86' lang='lat' dir='ltr'><strong>vero</strong></span> <span class='ocrx_word' id='word_1_720' title='bbox 1355 3607 1498 3668; x_wconf 89' lang='lat' dir='ltr'><strong>dicturi‚et</strong></span> <span class='ocrx_word' id='word_1_721' title='bbox 1510 3608 1542 3658; x_wconf 82' lang='lat' dir='ltr'>ad</span> <span class='ocrx_word' id='word_1_722' title='bbox 1561 3608 1615 3658; x_wconf 86' lang='lat' dir='ltr'><strong>eius</strong></span> <span class='ocrx_word' id='word_1_723' title='bbox 1631 3607 1781 3670; x_wconf 78' lang='lat' dir='ltr'><strong>interrogata</strong></span> 
     </span>
     <span class='ocr_line' id='line_1_89' title="bbox 1000 3705 1781 3772; baseline -0.004 -12"><span class='ocrx_word' id='word_1_724' title='bbox 1000 3728 1012 3752; x_wconf 88' lang='grc' dir='ltr'>ιι</span> <span class='ocrx_word' id='word_1_725' title='bbox 1030 3714 1097 3760; x_wconf 90' lang='lat' dir='ltr'><strong>recte</strong></span> <span class='ocrx_word' id='word_1_726' title='bbox 1116 3712 1142 3759; x_wconf 89' lang='lat' dir='ltr'>et</span> <span class='ocrx_word' id='word_1_727' title='bbox 1161 3721 1220 3759; x_wconf 83' lang='lat' dir='ltr'><strong>uere</strong></span> <span class='ocrx_word' id='word_1_728' title='bbox 1234 3707 1373 3772; x_wconf 89' lang='lat' dir='ltr'><strong>responsuri</strong></span> <span class='ocrx_word' id='word_1_729' title='bbox 1393 3706 1448 3756; x_wconf 84' lang='lat' dir='ltr'><strong>sitis</strong></span> <span class='ocrx_word' id='word_1_730' title='bbox 1468 3705 1565 3768; x_wconf 76' lang='lat' dir='ltr'><strong>(vesun</strong></span> <span class='ocrx_word' id='word_1_731' title='bbox 1585 3706 1651 3755; x_wconf 89' lang='lat' dir='ltr'><strong>enim</strong></span> <span class='ocrx_word' id='word_1_732' title='bbox 1678 3705 1781 3757; x_wconf 84' lang='lat' dir='ltr'><strong>interest</strong></span> 
     </span>
     <span class='ocr_line' id='line_1_90' title="bbox 1000 3802 1779 3867; baseline -0.005 -10"><span class='ocrx_word' id='word_1_733' title='bbox 1000 3827 1012 3850; x_wconf 87' lang='lat'>«</span> <span class='ocrx_word' id='word_1_734' title='bbox 1030 3807 1084 3858; x_wconf 80' lang='lat' dir='ltr'><strong>lraec</strong></span> <span class='ocrx_word' id='word_1_735' title='bbox 1102 3810 1158 3859; x_wconf 86' lang='lat' dir='ltr'><strong>ante</strong></span> <span class='ocrx_word' id='word_1_736' title='bbox 1173 3806 1341 3866; x_wconf 80' lang='lat' dir='ltr'><strong>scircilraeca</strong></span> <span class='ocrx_word' id='word_1_737' title='bbox 1360 3819 1401 3854; x_wconf 88' lang='lat' dir='ltr'>me</span> <span class='ocrx_word' id='word_1_738' title='bbox 1420 3802 1531 3867; x_wconf 87' lang='lat' dir='ltr'><strong>accipite.</strong></span> <span class='ocrx_word' id='word_1_739' title='bbox 1566 3806 1624 3853; x_wconf 82' lang='lat' dir='ltr'><strong>Post</strong></span> <span class='ocrx_word' id='word_1_740' title='bbox 1642 3802 1779 3867; x_wconf 79' lang='lat' dir='ltr'><strong>prodigium</strong></span> 
     </span>
     <span class='ocr_line' id='line_1_91' title="bbox 1000 3899 1778 3967; baseline -0.001 -17"><span class='ocrx_word' id='word_1_741' title='bbox 1000 3922 1011 3944; x_wconf 90' lang='grc' dir='ltr'>ι</span> <span class='ocrx_word' id='word_1_742' title='bbox 1030 3903 1074 3967; x_wconf 86' lang='lat' dir='ltr'><strong>ipsi</strong></span> <span class='ocrx_word' id='word_1_743' title='bbox 1085 3906 1237 3962; x_wconf 83' lang='lat' dir='ltr'><strong>enarratum,</strong></span> <span class='ocrx_word' id='word_1_744' title='bbox 1250 3903 1303 3967; x_wconf 89' lang='lat' dir='ltr'><strong>ipse</strong></span> <span class='ocrx_word' id='word_1_745' title='bbox 1316 3902 1401 3951; x_wconf 87' lang='lat' dir='ltr'><strong>diceus</strong></span> <span class='ocrx_word' id='word_1_746' title='bbox 1411 3915 1438 3950; x_wconf 89' lang='lat' dir='ltr'>se</span> <span class='ocrx_word' id='word_1_747' title='bbox 1453 3914 1500 3950; x_wconf 91' lang='lat' dir='ltr'>nnn</span> <span class='ocrx_word' id='word_1_748' title='bbox 1511 3901 1574 3950; x_wconf 87' lang='lat' dir='ltr'><strong>satis</strong></span> <span class='ocrx_word' id='word_1_749' title='bbox 1583 3900 1646 3951; x_wconf 90' lang='lat' dir='ltr'><strong>bene</strong></span> <span class='ocrx_word' id='word_1_750' title='bbox 1653 3899 1778 3964; x_wconf 80' lang='lat' dir='ltr'><strong>percipere</strong></span> 
     </span>
     <span class='ocr_line' id='line_1_92' title="bbox 1000 3996 1778 4063; baseline -0.004 -15"><span class='ocrx_word' id='word_1_751' title='bbox 1000 4021 1011 4042; x_wconf 86' lang='grc' dir='ltr'>ιι</span> <span class='ocrx_word' id='word_1_752' title='bbox 1030 3999 1089 4063; x_wconf 92' lang='lat' dir='ltr'><strong>quid</strong></span> <span class='ocrx_word' id='word_1_753' title='bbox 1100 4000 1201 4060; x_wconf 81' lang='lat' dir='ltr'><strong>dicatis,</strong></span> <span class='ocrx_word' id='word_1_754' title='bbox 1213 4003 1309 4050; x_wconf 88' lang='lat' dir='ltr'><strong>certum</strong></span> <span class='ocrx_word' id='word_1_755' title='bbox 1323 4003 1393 4049; x_wconf 77' lang='lat' dir='ltr'><strong>terrm</strong></span> <span class='ocrx_word' id='word_1_756' title='bbox 1404 3997 1608 4062; x_wconf 87' lang='lat' dir='ltr'><strong>spatiumbuculo</strong></span> <span class='ocrx_word' id='word_1_757' title='bbox 1619 3996 1778 4047; x_wconf 87' lang='lat' dir='ltr'><strong>circumscri-</strong></span> 
     </span>
     <span class='ocr_line' id='line_1_93' title="bbox 1000 4095 1780 4161; baseline -0.001 -14"><span class='ocrx_word' id='word_1_758' title='bbox 1000 4117 1013 4140; x_wconf 92' lang='grc' dir='ltr'>ιι</span> <span class='ocrx_word' id='word_1_759' title='bbox 1030 4096 1088 4154; x_wconf 85' lang='lat' dir='ltr'><strong>bet,</strong></span> <span class='ocrx_word' id='word_1_760' title='bbox 1101 4096 1190 4148; x_wconf 90' lang='lat' dir='ltr'><strong>deinde</strong></span> <span class='ocrx_word' id='word_1_761' title='bbox 1208 4097 1279 4147; x_wconf 81' lang='lat' dir='ltr'><strong>vobis</strong></span> <span class='ocrx_word' id='word_1_762' title='bbox 1291 4097 1373 4146; x_wconf 89' lang='lat' dir='ltr'><strong>dicet:</strong></span> <span class='ocrx_word' id='word_1_763' title='bbox 1390 4095 1430 4146; x_wconf 89' lang='lat' dir='ltr'>bic</span> <span class='ocrx_word' id='word_1_764' title='bbox 1441 4099 1480 4146; x_wconf 88' lang='lat' dir='ltr'>est</span> <span class='ocrx_word' id='word_1_765' title='bbox 1490 4097 1608 4161; x_wconf 87' lang='lat' dir='ltr'><strong>Tarpeius</strong></span> <span class='ocrx_word' id='word_1_766' title='bbox 1622 4096 1704 4157; x_wconf 79' lang='lat' dir='ltr'><strong>collis,</strong></span> <span class='ocrx_word' id='word_1_767' title='bbox 1724 4096 1780 4146; x_wconf 82' lang='lat' dir='ltr'>baec</span> 
     </span>
     <span class='ocr_line' id='line_1_94' title="bbox 1000 4192 1780 4258; baseline 0.004 -16"><span class='ocrx_word' id='word_1_768' title='bbox 1000 4212 1011 4235; x_wconf 87' lang='lat'>«</span> <span class='ocrx_word' id='word_1_769' title='bbox 1029 4205 1089 4242; x_wconf 82' lang='lat' dir='ltr'><strong>vero</strong></span> <span class='ocrx_word' id='word_1_770' title='bbox 1106 4192 1233 4243; x_wconf 84' lang='lat' dir='ltr'><strong>orientalis</strong></span> <span class='ocrx_word' id='word_1_771' title='bbox 1243 4193 1296 4242; x_wconf 87' lang='lat' dir='ltr'><strong>eius</strong></span> <span class='ocrx_word' id='word_1_772' title='bbox 1311 4206 1383 4257; x_wconf 79' lang='lat' dir='ltr'><strong>pars,</strong></span> <span class='ocrx_word' id='word_1_773' title='bbox 1399 4192 1453 4243; x_wconf 71' lang='lat' dir='ltr'><strong>baec</strong></span> <span class='ocrx_word' id='word_1_774' title='bbox 1467 4194 1642 4255; x_wconf 84' lang='lat' dir='ltr'><strong>occidentalis,</strong></span> <span class='ocrx_word' id='word_1_775' title='bbox 1657 4194 1711 4244; x_wconf 75' lang='lat' dir='ltr'><strong>brec</strong></span> <span class='ocrx_word' id='word_1_776' title='bbox 1722 4207 1780 4258; x_wconf 82' lang='lat' dir='ltr'><strong>sep·</strong></span> 
     </span>
     <span class='ocr_line' id='line_1_95' title="bbox 999 4289 1780 4356; baseline 0.004 -17"><span class='ocrx_word' id='word_1_777' title='bbox 999 4310 1011 4333; x_wconf 89' lang='grc' dir='ltr'>ιι</span> <span class='ocrx_word' id='word_1_778' title='bbox 1029 4289 1194 4349; x_wconf 87' lang='lat' dir='ltr'><strong>tentrionalis,</strong></span> <span class='ocrx_word' id='word_1_779' title='bbox 1227 4289 1280 4340; x_wconf 83' lang='lat' dir='ltr'><strong>lraec</strong></span> <span class='ocrx_word' id='word_1_780' title='bbox 1304 4294 1326 4340; x_wconf 89' lang='lat' dir='ltr'>ei</span> <span class='ocrx_word' id='word_1_781' title='bbox 1355 4291 1475 4356; x_wconf 84' lang='lat' dir='ltr'><strong>opposita.</strong></span> <span class='ocrx_word' id='word_1_782' title='bbox 1510 4294 1561 4341; x_wconf 90' lang='lat' dir='ltr'><strong>iias</strong></span> <span class='ocrx_word' id='word_1_783' title='bbox 1583 4306 1670 4342; x_wconf 81' lang='lat' dir='ltr'><strong>ornnes</strong></span> <span class='ocrx_word' id='word_1_784' title='bbox 1689 4293 1780 4355; x_wconf 80' lang='lat' dir='ltr'><strong>portes</strong></span> 
     </span>
     <span class='ocr_line' id='line_1_96' title="bbox 998 4389 1780 4454; baseline 0.005 -17"><span class='ocrx_word' id='word_1_785' title='bbox 998 4410 1011 4436; x_wconf 93' lang='grc' dir='ltr'>ιι</span> <span class='ocrx_word' id='word_1_786' title='bbox 1028 4391 1116 4441; x_wconf 87' lang='lat' dir='ltr'><strong>baculo</strong></span> <span class='ocrx_word' id='word_1_787' title='bbox 1132 4390 1280 4452; x_wconf 87' lang='lat' dir='ltr'><strong>ostendens,</strong></span> <span class='ocrx_word' id='word_1_788' title='bbox 1293 4396 1388 4454; x_wconf 85' lang='lat' dir='ltr'><strong>quaeret</strong></span> <span class='ocrx_word' id='word_1_789' title='bbox 1402 4405 1433 4442; x_wconf 88' lang='lat' dir='ltr'>ex</span> <span class='ocrx_word' id='word_1_790' title='bbox 1446 4390 1518 4440; x_wconf 85' lang='lat' dir='ltr'><strong>vobis</strong></span> <span class='ocrx_word' id='word_1_791' title='bbox 1534 4389 1560 4440; x_wconf 91' lang='lat' dir='ltr'>in</span> <span class='ocrx_word' id='word_1_792' title='bbox 1573 4404 1681 4454; x_wconf 88' lang='lat' dir='ltr'><strong>quanam</strong></span> <span class='ocrx_word' id='word_1_793' title='bbox 1692 4404 1780 4441; x_wconf 89' lang='lat' dir='ltr'><strong>earum</strong></span> 
     </span>
     <span class='ocr_line' id='line_1_97' title="bbox 998 4485 1781 4551; baseline -0.003 -13"><span class='ocrx_word' id='word_1_794' title='bbox 998 4508 1010 4531; x_wconf 89' lang='grc' dir='ltr'>ιι</span> <span class='ocrx_word' id='word_1_795' title='bbox 1028 4489 1103 4551; x_wconf 82' lang='lat' dir='ltr'><strong>caput</strong></span> <span class='ocrx_word' id='word_1_796' title='bbox 1125 4486 1252 4537; x_wconf 83' lang='lat' dir='ltr'><strong>inventum</strong></span> <span class='ocrx_word' id='word_1_797' title='bbox 1270 4486 1351 4538; x_wconf 83' lang='lat' dir='ltr'><strong>luerit.</strong></span> <span class='ocrx_word' id='word_1_798' title='bbox 1384 4487 1449 4545; x_wconf 84' lang='lat' dir='ltr'><strong>Quid</strong></span> <span class='ocrx_word' id='word_1_799' title='bbox 1469 4487 1544 4549; x_wconf 77' lang='lat' dir='ltr'><strong>igitur</strong></span> <span class='ocrx_word' id='word_1_800' title='bbox 1555 4486 1625 4536; x_wconf 85' lang='lat' dir='ltr'><strong>rubis</strong></span> <span class='ocrx_word' id='word_1_801' title='bbox 1646 4485 1739 4537; x_wconf 87' lang='lat' dir='ltr'><strong>suadeo</strong></span> <span class='ocrx_word' id='word_1_802' title='bbox 1753 4487 1781 4536; x_wconf 90' lang='lat' dir='ltr'><strong>ut</strong></span> 
     </span>
     <span class='ocr_line' id='line_1_98' title="bbox 999 4584 1778 4649; baseline -0.001 -14"><span class='ocrx_word' id='word_1_803' title='bbox 999 4606 1010 4628; x_wconf 90' lang='lat'>«</span> <span class='ocrx_word' id='word_1_804' title='bbox 1029 4584 1217 4649; x_wconf 81' lang='lat' dir='ltr'><strong>respondeatis?</strong></span> <span class='ocrx_word' id='word_1_805' title='bbox 1230 4588 1259 4635; x_wconf 90' lang='lat' dir='ltr'><strong>ut</strong></span> <span class='ocrx_word' id='word_1_806' title='bbox 1270 4586 1392 4644; x_wconf 85' lang='lat' dir='ltr'><strong>caveatis,</strong></span> <span class='ocrx_word' id='word_1_807' title='bbox 1409 4599 1439 4634; x_wconf 89' lang='lat' dir='ltr'>ne</span> <span class='ocrx_word' id='word_1_808' title='bbox 1455 4584 1543 4634; x_wconf 87' lang='lat' dir='ltr'><strong>inulla</strong></span> <span class='ocrx_word' id='word_1_809' title='bbox 1559 4597 1646 4633; x_wconf 86' lang='lat' dir='ltr'><strong>earum</strong></span> <span class='ocrx_word' id='word_1_810' title='bbox 1661 4584 1778 4648; x_wconf 88' lang='lat' dir='ltr'><strong>partium,</strong></span> 
     </span>
     <span class='ocr_line' id='line_1_99' title="bbox 999 4681 1778 4747; baseline -0.001 -15"><span class='ocrx_word' id='word_1_811' title='bbox 999 4705 1009 4726; x_wconf 88' lang='grc' dir='ltr'>ιι</span> <span class='ocrx_word' id='word_1_812' title='bbox 1027 4696 1090 4747; x_wconf 82' lang='lat' dir='ltr'><strong>quas</strong></span> <span class='ocrx_word' id='word_1_813' title='bbox 1102 4683 1144 4733; x_wconf 89' lang='lat' dir='ltr'><strong>ille</strong></span> <span class='ocrx_word' id='word_1_814' title='bbox 1157 4684 1244 4734; x_wconf 88' lang='lat' dir='ltr'><strong>bacuio</strong></span> <span class='ocrx_word' id='word_1_815' title='bbox 1256 4683 1388 4734; x_wconf 87' lang='lat' dir='ltr'><strong>ostendeus</strong></span> <span class='ocrx_word' id='word_1_816' title='bbox 1403 4681 1637 4743; x_wconf 86' lang='lat' dir='ltr'><strong>sciscitatusiuerit‚</strong></span> <span class='ocrx_word' id='word_1_817' title='bbox 1648 4681 1778 4732; x_wconf 86' lang='lat' dir='ltr'><strong>inventum</strong></span> 
     </span>
     <span class='ocr_line' id='line_1_100' title="bbox 998 4779 1777 4845; baseline -0.005 -15"><span class='ocrx_word' id='word_1_818' title='bbox 998 4804 1008 4823; x_wconf 87' lang='grc' dir='ltr'>ιι</span> <span class='ocrx_word' id='word_1_819' title='bbox 1028 4779 1166 4845; x_wconf 82' lang='lat' dir='ltr'><strong>prodigium</strong></span> <span class='ocrx_word' id='word_1_820' title='bbox 1176 4781 1278 4843; x_wconf 84' lang='lat' dir='ltr'><strong>dicatis,</strong></span> <span class='ocrx_word' id='word_1_821' title='bbox 1291 4782 1335 4832; x_wconf 89' lang='lat' dir='ltr'>sed</span> <span class='ocrx_word' id='word_1_822' title='bbox 1348 4785 1446 4840; x_wconf 79' lang='lat' dir='ltr'><strong>Rome,</strong></span> <span class='ocrx_word' id='word_1_823' title='bbox 1458 4780 1525 4844; x_wconf 81' lang='lat' dir='ltr'><strong>apud</strong></span> <span class='ocrx_word' id='word_1_824' title='bbox 1536 4794 1594 4841; x_wconf 79' lang='lat' dir='ltr'><strong>uos,</strong></span> <span class='ocrx_word' id='word_1_825' title='bbox 1608 4779 1634 4829; x_wconf 91' lang='lat' dir='ltr'>in</span> <span class='ocrx_word' id='word_1_826' title='bbox 1644 4779 1707 4828; x_wconf 86' lang='lat' dir='ltr'><strong>colle</strong></span> <span class='ocrx_word' id='word_1_827' title='bbox 1719 4780 1777 4827; x_wconf 85' lang='lat' dir='ltr'><strong>&#39;iar-</strong></span> 
     </span>
     <span class='ocr_line' id='line_1_101' title="bbox 998 4878 1776 4945; baseline -0.006 -17"><span class='ocrx_word' id='word_1_828' title='bbox 998 4900 1008 4919; x_wconf 86' lang='lat'><em>«</em></span> <span class='ocrx_word' id='word_1_829' title='bbox 1027 4878 1082 4944; x_wconf 79' lang='lat' dir='ltr'><strong>poio</strong></span> <span class='ocrx_word' id='word_1_830' title='bbox 1104 4878 1131 4929; x_wconf 87' lang='lat' dir='ltr'>id</span> <span class='ocrx_word' id='word_1_831' title='bbox 1151 4880 1292 4943; x_wconf 89' lang='lat' dir='ltr'><strong>apparuisse</strong></span> <span class='ocrx_word' id='word_1_832' title='bbox 1319 4879 1496 4945; x_wconf 81' lang='lat' dir='ltr'><strong>respondeatis.</strong></span> <span class='ocrx_word' id='word_1_833' title='bbox 1532 4879 1557 4929; x_wconf 88' lang='lat' dir='ltr'>si</span> <span class='ocrx_word' id='word_1_834' title='bbox 1582 4879 1637 4928; x_wconf 81' lang='lat' dir='ltr'>baec</span> <span class='ocrx_word' id='word_1_835' title='bbox 1659 4889 1776 4940; x_wconf 86' lang='lat' dir='ltr'><strong>responsa</strong></span> 
     </span>
    </p>
   </div>
   <div class='ocr_carea' id='block_1_8' title="bbox 998 4973 1776 5134">
    <p class='ocr_par' dir='ltr' id='par_1_12' title="bbox 998 4973 1776 5134">
     <span class='ocr_line' id='line_1_102' title="bbox 998 4973 1776 5041; baseline -0.005 -14"><span class='ocrx_word' id='word_1_836' title='bbox 998 4997 1008 5015; x_wconf 81' lang='grc' dir='ltr'>ιι</span> <span class='ocrx_word' id='word_1_837' title='bbox 1028 4976 1170 5039; x_wconf 77' lang='lat' dir='ltr'><strong>senueritis,</strong></span> <span class='ocrx_word' id='word_1_838' title='bbox 1182 4990 1228 5026; x_wconf 90' lang='lat' dir='ltr'>uec</span> <span class='ocrx_word' id='word_1_839' title='bbox 1239 4977 1271 5027; x_wconf 83' lang='lat' dir='ltr'>ab</span> <span class='ocrx_word' id='word_1_840' title='bbox 1279 4991 1310 5027; x_wconf 89' lang='lat' dir='ltr'>eo</span> <span class='ocrx_word' id='word_1_841' title='bbox 1322 4976 1520 5029; x_wconf 84' lang='lat' dir='ltr'><strong>tueritieseducti</strong></span> <span class='ocrx_word' id='word_1_842' title='bbox 1530 5015 1536 5036; x_wconf 95' lang='grc'>,</span> <span class='ocrx_word' id='word_1_843' title='bbox 1546 4977 1601 5036; x_wconf 84' lang='lat' dir='ltr'><strong>ille,</strong></span> <span class='ocrx_word' id='word_1_844' title='bbox 1610 4974 1686 5041; x_wconf 87' lang='lat' dir='ltr'><strong>probe</strong></span> <span class='ocrx_word' id='word_1_845' title='bbox 1695 4973 1776 5023; x_wconf 88' lang='lat' dir='ltr'><strong>sciens</strong></span> 
     </span>
     <span class='ocr_line' id='line_1_103' title="bbox 998 5065 1775 5134; baseline -0.003 -15"><span class='ocrx_word' id='word_1_846' title='bbox 998 5090 1008 5112; x_wconf 85' lang='lat'>«</span> <span class='ocrx_word' id='word_1_847' title='bbox 1030 5072 1093 5119; x_wconf 84' lang='lat' dir='ltr'><strong>iacta</strong></span> <span class='ocrx_word' id='word_1_848' title='bbox 1108 5069 1197 5119; x_wconf 84' lang='lat' dir='ltr'><strong>mutari</strong></span> <span class='ocrx_word' id='word_1_849' title='bbox 1211 5082 1258 5117; x_wconf 89' lang='lat' dir='ltr'>non</span> <span class='ocrx_word' id='word_1_850' title='bbox 1276 5083 1363 5133; x_wconf 88' lang='lat' dir='ltr'><strong>posse,</strong></span> <span class='ocrx_word' id='word_1_851' title='bbox 1376 5069 1436 5133; x_wconf 89' lang='lat' dir='ltr'><strong>quid</strong></span> <span class='ocrx_word' id='word_1_852' title='bbox 1448 5069 1586 5134; x_wconf 79' lang='lat' dir='ltr'><strong>prodigium</strong></span> <span class='ocrx_word' id='word_1_853' title='bbox 1605 5065 1736 5134; x_wconf 85' lang='lat' dir='ltr'><strong>pertendat</strong></span> <span class='ocrx_word' id='word_1_854' title='bbox 1745 5080 1775 5117; x_wconf 87' lang='lat' dir='ltr'>ac</span> 
     </span>
    </p>
   </div>
   <div class='ocr_carea' id='block_1_9' title="bbox 997 5167 1776 5231">
    <p class='ocr_par' dir='ltr' id='par_1_13' title="bbox 997 5167 1776 5231">
     <span class='ocr_line' id='line_1_104' title="bbox 997 5167 1776 5231; baseline 0 -15"><span class='ocrx_word' id='word_1_855' title='bbox 997 5187 1008 5209; x_wconf 80' lang='grc' dir='ltr'>ι</span> <span class='ocrx_word' id='word_1_856' title='bbox 1027 5167 1146 5231; x_wconf 76' lang='lat' dir='ltr'><strong>significet</strong></span> <span class='ocrx_word' id='word_1_857' title='bbox 1159 5167 1230 5219; x_wconf 85' lang='lat' dir='ltr'><strong>vobis</strong></span> <span class='ocrx_word' id='word_1_858' title='bbox 1244 5167 1387 5229; x_wconf 82' lang='lat' dir='ltr'><strong>explicabit,</strong></span> <span class='ocrx_word' id='word_1_859' title='bbox 1401 5182 1481 5230; x_wconf 83' lang='lat' dir='ltr'><strong>neque</strong></span> <span class='ocrx_word' id='word_1_860' title='bbox 1494 5183 1538 5220; x_wconf 85' lang='lat' dir='ltr'>vos</span> <span class='ocrx_word' id='word_1_861' title='bbox 1553 5168 1654 5221; x_wconf 84' lang='lat' dir='ltr'><strong>celabit.</strong></span> <span class='ocrx_word' id='word_1_862' title='bbox 1668 5189 1680 5213; x_wconf 76' lang='grc' dir='ltr'>ιι</span> <span class='ocrx_word' id='word_1_863' title='bbox 1775 5212 1776 5216; x_wconf 72' lang='grc'>,</span> 
     </span>
    </p>
   </div>
   <div class='ocr_carea' id='block_1_10' title="bbox 0 0 1896 5828">
    <p class='ocr_par' dir='ltr' id='par_1_14' title="bbox 0 0 1896 5828">
     <span class='ocr_line' id='line_1_105' title="bbox 0 0 1896 5828; baseline 0 0"><span class='ocrx_word' id='word_1_864' title='bbox 0 0 1896 5828; x_wconf 95' lang='lat' dir='ltr'> </span> 
     </span>
    </p>
   </div>
  </div>
 </body>
</html>
