3772 5828
197 368 257 428 338

715 360 881 421 DlONYSll
904 357 1281 419 utiictuunssssn'sis

197 521 266 564 κτως
292 492 512 573 προνομεύοντας,
537 492 636 560 ἀνοῖξαι
664 491 789 557 κελεύσας
811 493 923 556 πυλίδας
946 494 976 551 ίκ
1023 510 1068 548 eos
1076 496 1186 548 immisit.
1220 498 1378 549 cumatilem
1388 497 1803 566 Volsclrepente,etnecopiueio

197 590 242 647 τάί
255 585 375 664 χάρακος
386 582 490 651 ἀδήλως
506 581 618 655 πυκνάς,
629 581 676 662 ἀφ’
687 580 742 646 ένδς
752 581 973 657 παραγγέλματος

198 674 297 754 άφῆκεν
310 672 352 729 ίπ’
361 667 455 734 αὐτούς
464 668 495 726 τό
507 666 666 748 στράτευμα.
707 667 876 736 Ἐξαπιναίου
891 667 918 725 δὲ
928 671 972 724 τοῦ

198 763 280 820 δεινοῦ
296 759 342 818 καὶ
361 756 434 836 παρδ
448 755 524 825 δόξαν
540 763 593 823 τοῖς
614 755 791 822 Οὐολούσκοις
810 755 973 833 προσπεσόν-

157 878 171 916 ς
196 871 251 918 τος,
266 847 350 923 ὀλίγοι
375 843 423 921 μίν
451 867 519 912 τινες
542 843 702 909 ὑποστάντες
725 842 788 921 πρὸς
809 843 848 920 τῷ
873 841 974 921 χάρακι

199 935 348 1016 μαχόμενοι
363 934 566 1004 κατεκόπησαν·
579 934 602 992 ol
617 933 645 991 δὲ
662 932 737 989 άλλοι
756 930 892 1010 φεύγοντες
905 954 972 1010 προ·

199 1026 332 1104 τροπάδην
356 1023 401 1083 καί
426 1019 539 1089 πολλοὺς
567 1023 619 1079 τῶν
644 1019 775 1100 σφετέρων
801 1020 975 1086 ἀπολέσαντες

199 1112 363 1192 τραυματίαι
386 1133 415 1169 τε
435 1113 459 1168 ol
482 1113 602 1169 πλεῖστοι
622 1107 667 1166 καί
692 1108 725 1167 sd
744 1106 813 1165 όπλα
837 1109 976 1167 ἀπολωλε-

94 1256 97 1261 .
199 1202 273 1270 κότες
299 1205 335 1268 εἷς
359 1199 405 1259 τδν
427 1195 536 1275 χάρακα
565 1194 725 1264 διεσώζοντο.
768 1193 921 1270 Ἑπομίνων
948 1198 975 1255 tl

147 1317 172 1353 io
201 1290 287 1356 αὐτοῖς
310 1292 362 1347 τῶν
380 1284 526 1358 Ῥωμαίων
542 1285 573 1342 ίκ
592 1283 669 1349 ποδός
682 1283 726 1342 καί
747 1283 924 1363 περισχόντων
946 1283 977 1343 τδ

202 1373 392 1455 στρατόπεδον,
416 1371 519 1450 βραχύν
533 1393 591 1428 τινα
611 1369 704 1450 χρόνον
722 1372 884 1446 ἀμυνάμενοι
896 1373 976 1450 παρέ·

202 1466 279 1523 δοσαν
293 1462 336 1520 τδν
361 1460 481 1540 χάρακα,
493 1459 598 1516 πολλῶν
614 1457 784 1535 ἀνδραπόδων
804 1481 833 1515 τε
847 1458 893 1517 καί
915 1463 978 1537 βοσ-

202 1549 330 1626 κημάτων
355 1547 402 1606 καί
417 1545 507 1603 δπλων
522 1544 568 1603 καί
590 1547 636 1615 τῆς
647 1546 683 1611 είς
704 1543 748 1604 τδν
762 1545 878 1623 πόλεμον
892 1569 978 1626 παρα-

201 1639 295 1708 σκευῆς
308 1637 435 1713 γέμοντα.
478 1631 570 1692 Ἑάλω
581 1632 608 1692 δὲ
619 1629 732 1709 στύματα
745 1632 868 1712 ίλεύθερα
879 1633 976 1714 συχνὰ,

148 1753 171 1790 ιε
201 1728 235 1786 τὰ
248 1723 295 1802 μίν
306 1725 393 1782 αὐτῶν
405 1721 594 1793 Οὐολούσκων,
613 1719 647 1778 τά
658 1720 685 1779 δί
696 1723 747 1779 τῶν
764 1723 851 1788 αὐτοῖς
861 1745 978 1802 συναγαν-

205 1814 353 1891 νισαμένων
374 1815 465 1884 ἐθνῶν,
489 1807 618 1888 χρήματά
629 1831 658 1867 τε
676 1808 722 1866 καὶ
744 1807 794 1867 ὅσα
811 1810 909 1890 χρυσὸς
932 1812 979 1871 καί

202 1904 313 1985 ἄργυρος
327 1902 373 1960 καί
388 1899 476 1971 ἐσθὴς,
491 1897 580 1976 ῶσπερ
600 1897 630 1955 διν
649 1898 751 1964 πόλεως
767 1902 814 1968 τῆς
837 1899 979 1978 κρατίστης

202 1991 329 2061 ἁλούσης,
349 1988 418 2047 πάνυ
442 1987 542 2059 πολλὰ,
558 1986 611 2053 τοῖς
625 1986 796 2067 στρατιόυταις
808 1988 895 2047 πάντα
911 1989 979 2069 ἐφείς

200 2084 215 2139 ό
243 2070 414 2159 Σερουίλιος,
432 2077 469 2142 ὡς
491 2072 601 2142 ἕκαστος
626 2073 772 2154 ὠφεληθείη
797 2074 979 2151 διανείμασθαι

147 2193 174 2230 ω
200 2166 247 2226 καὶ
257 2163 342 2242 μηδὲν
352 2165 388 2231 είς
399 2162 430 2221 τό
444 2161 571 2238 δημόσιον
584 2161 723 2242 ἀναφέρειν
734 2159 869 2230 κελεύσας,
881 2163 926 2222 καί
935 2163 980 2222 τδν

199 2256 311 2336 χάρακα
330 2251 394 2330 πυρί
413 2249 481 2321 δούς,
496 2247 638 2308 domnius
651 2249 699 2316 τάς
710 2249 841 2323 δυνάμεις,
859 2242 921 2328 ἦγεν
935 2254 980 2311 iol

200 2342 250 2416 τὴν
272 2339 414 2421 ἀγχοτάτω
425 2337 562 2399 Σουέσσαν
576 2337 812 2414 Πωμεντιανὴν,ἣ
830 2339 933 2416 μεγέθει
951 2365 979 2400 τε

200 2429 254 2514 γάρ
273 2428 415 2511 περιύόλου
429 2425 476 2487 καί
493 2426 619 2497 πλήθεσιν
634 2424 777 2505 οἰκητόρων
793 2471 803 2500 ,
820 2426 899 2488 ἔτιδὲ
918 2430 979 2508 δόξῃ

201 2518 248 2578 καί
267 2516 376 2596 πλούτῳ
391 2514 458 2574 πολύ
471 2518 522 2574 τῶν
544 2514 628 2594 ταύτῃ
639 2514 775 2595 ὑπερέχειν
788 2517 873 2576 ἐδόκει
890 2517 937 2578 καί
948 2510 979 2590 ἦν

148 2630 173 2666 us
202 2606 295 2688 ὥσπερ
308 2603 417 2685 ἡγεμὼν
433 2608 479 2662 τοῦ
500 2601 596 2669 ἔθνους.
639 2605 932 2685 Περιστρατοπεδεύσας
952 2608 979 2667 δέ

203 2696 285 2766 αὐτὴν
312 2694 358 2752 καί
376 2690 430 2752 οὐθ’
451 2692 551 2772 ἡμέρας
578 2691 637 2751 οὐτε
665 2692 756 2758 νυκτδς
777 2696 916 2754 ἀνακαλῶν
936 2698 979 2757 τὸν

203 2782 332 2863 στρατὸν,
349 2779 392 2839 ίνα
408 2780 509 2857 μηδένα
532 2778 626 2860 χρόνον
646 2782 671 2839 οί
694 2783 815 2857 πολέμιοι
837 2783 981 2843 διαναπαύ-

204 2892 305 2946 σαιντο,
322 2864 384 2943 μήθ’
397 2870 476 2928 ύπνον
492 2868 644 2948 αἱρούμενοι
660 2868 728 2944 μήτε
745 2869 861 2947 πολέμου
875 2875 980 2932 παῦλαν

204 2955 357 3037 δεχόμενοι,
371 2960 443 3035 λιμῷ
453 2957 498 3014 καὶ
509 2958 649 3036 ἀμηχανία
664 2960 709 3014 καὶ
721 2957 816 3017 σπάνει
829 2962 979 3041 συμμάχων

162 3072 166 3095 ι
203 3045 375 3124 παρατείνας,
404 3037 470 3103 είλεν
487 3042 580 3110 αὐτοὺς
609 3048 635 3103 ἐν
657 3046 686 3101 οὐ
710 3047 800 3122 πολλῷ
822 3046 908 3126 χρόνῳ
935 3050 981 3107 καί

206 3132 264 3200 τούς
281 3134 307 3190 ίν
319 3133 374 3211 ἥύῃ
389 3132 491 3195 πάντας
503 3130 678 3210 κατέσφαξεν.
722 3130 884 3214 Ἐπιτρέψας
898 3135 924 3194 δὲ
934 3137 981 3195 καὶ

202 3220 251 3280 ὅσα
268 3246 301 3292 ην
315 3223 428 3279 ἐνταῦθα
447 3218 574 3297 χρήματα
588 3219 642 3287 τοῖς
657 3218 828 3298 στρατιώταις
843 3222 929 3303 φέρειν
952 3248 980 3284 τε

202 3313 248 3371 καὶ
263 3311 347 3387 ἄγειν,
371 3309 414 3370 ἐπὶ
429 3307 476 3374 τὰς
485 3307 567 3374 ἄλλας
581 3307 671 3373 πόλεις
688 3310 775 3387 ἀπῆγε
799 3310 846 3382 τὴν
870 3310 979 3390 δύναμιν

202 3399 306 3464 οὐθενός
316 3398 405 3457 οὐκέτι
417 3400 469 3455 τῶν
481 3395 655 3456 Οὐολούσκων
668 3398 776 3475 ἀμύνειν
785 3424 811 3458 τι
824 3401 979 3477 δυναμένου.

163 3508 174 3541 ·'›
243 3487 347 3548 XXX.
364 3485 410 3550 Ὡς
424 3485 451 3542 δὲ
464 3493 517 3551 τοῖς
532 3483 678 3561 Ῥωμαίοις
688 3485 891 3562 τεταπεινωμένα
904 3481 935 3547 λυ
947 3491 981 3550 τδι

201 3578 253 3633 τῶν
274 3571 449 3633 Οὐολούσκων
471 3573 632 3652 πράγματα,
659 3573 818 3655 προαγαγὼν
834 3576 892 3643 τούς
915 3578 982 3654 ὑμέ,-

204 3687 262 3749 ρους
276 3666 362 3722 αὐτῶν
383 3665 420 3729 εἷς
434 3666 481 3733 τὴν
493 3661 590 3741 άγορδιν
606 3662 718 3742 όέτερος
730 3667 783 3722 τῶν
795 3665 901 3725 ὐπάτων
915 3665 982 3726 Ἄπ-

202 3776 259 3818 πιος
275 3754 418 3823 Κλαύδιος,
435 3752 530 3831 άνδρας
547 3751 722 3830 τριακοσίους,
738 3754 781 3811 ἵνα
796 3755 830 3811 δι’
846 3755 983 3825 εὐλαόείας

206 3839 291 3918 ἔχοιεν
306 3843 329 3899 οἱ
344 3838 517 3919 προσθέμενοί
534 3861 608 3916 σφισι
621 3838 720 3904 πίστεις
731 3843 860 3918 ὁμηρειῶν
878 3842 914 3917 μὴ
930 3867 983 3903 πα·

205 3929 370 4002 ρασπονδεῖν,
381 3926 487 4003 μάστιξί
504 3926 528 3984 τ’
548 3925 662 4004 ᾐκίσατο
680 3925 786 3984 πάντων
799 3927 982 4005 ὁρώντων,καί

203 4011 265 4078 τούς
279 4015 390 4092 αὐχένας
408 4018 493 4074 αὐτῶν
507 4015 640 4074 ἐκέλευσεν
653 4013 798 4093 ἀποκόψαι.
814 4015 982 4095 Ἀφικομένου

204 4097 225 4155 δ’
241 4099 292 4156 άπδ
307 4105 352 4170 τῆς
366 4105 504 4182 στρατείας
518 4107 547 4162 οὐ
561 4103 672 4170 πολλαὶς
688 4102 795 4181 ὐστερον
807 4103 918 4182 ἡμέραις
936 4113 982 4166 τοῦ

202 4190 361 4261 συνυπάτου,
375 4193 419 4248 καί
432 4192 475 4251 τὸν
486 4191 595 4251 εἰωθότα
607 4191 722 4251 δίδοσθαι
732 4192 859 4270 θρίαμθον
873 4194 925 4254 σἰπδ
936 4201 983 4268 τῆς

203 4278 296 4354 βουλῆς
309 4286 361 4343 τοῖς
376 4282 463 4354 ἀγῶνα
476 4282 596 4359 λαμπρὸν
609 4279 811 4358 ἀγωνισαμένοις
828 4295 983 4365 στρατηγοῖς

147 4390 173 4424 :o
202 4366 330 4434 ἀξιοῦντος
344 4366 448 4438 λαύεῖν,
465 4368 585 4443 ἐμποδὼν
598 4371 699 4446 ἐγένετο
710 4370 871 4442 στασιαστὴν
882 4377 982 4433 άποκα·

200 4453 252 4511 λῶν
263 4453 306 4510 καὶ
322 4454 452 4519 πολιτείας
467 4466 580 4534 πονηρᾶς
591 4456 718 4534 ἐραστίν·
732 4460 847 4534 μάλιστα
863 4462 890 4520 δέ
902 4464 982 4520 αὐτοῦ

201 4543 372 4617 κατηγορῶν,
390 4538 429 4596 ότι
452 4545 504 4598 τῶν
520 4547 548 4601 ἐκ
568 4550 614 4602 τοῦ
629 4544 746 4622 πολέμου
763 4548 885 4626 λαφύρων
907 4551 983 4607 οὐδε-

202 4627 263 4705 μίαν
278 4637 371 4706 μοῖραν
384 4632 419 4695 εἷς
432 4628 460 4686 τό
472 4631 597 4705 δημόσιον
610 4633 767 4713 ἀνήνεγκεν,
781 4636 838 4693 ἀλλ’
853 4626 890 4703 οἷς
905 4638 982 4706 αὐτὸς

202 4715 322 4777 ίόούλετο
345 4718 555 4797 κατεχαρίσατο·
577 4722 623 4778 καί
648 4722 737 4782 ἔπεισε
752 4723 799 4793 τὴν
824 4726 921 4801 βουλὴν
945 4726 982 4799 μὴ

154 4849 159 4868 ,
202 4805 290 4864 δοῦναι
320 4809 357 4887 τῷ
383 4807 457 4887 ἀνδρὶ
486 4808 529 4866 τὸν
558 4810 696 4887 θρίαμόον.
726 4812 760 4872 ‘0
785 4812 811 4871 δὲ
835 4815 984 4892 Σερουίλιος

204 4891 322 4968 ὐθρίσθαι
338 4899 420 4956 δοκῶν
436 4900 486 4957 ὑπὸ
508 4902 552 4955 πού
573 4900 708 4981 συνεδρίου
725 4904 760 4968 είς
776 4904 914 4961 αὐθάδειαν
935 4905 983 4964 οὐκ

204 4979 322 5039 εἰωθυῖαν
336 4985 479 5061 Ῥωμαίοις
499 4987 634 5064 ἐτράπετο.
678 4990 798 5057 Καλέσας
817 4991 867 5071 γδιρ
882 4994 918 5059 είς
933 4995 980 5052 έκ-

204 5064 316 5132 κλησίαν
331 5071 375 5129 τὸν
388 5076 470 5147 δῆμον
485 5078 510 5131 ἐν
523 5079 559 5154 τῷ
570 5076 621 5151 πρὸ
636 5079 684 5146 τῆς
704 5080 804 5147 πόλεως
819 5081 917 5159 πεδίω,
937 5082 981 5141 καλ

203 5149 338 5211 διεξελθὼν
363 5160 395 5214 τδι
411 5162 564 5238 πραχθέντα
586 5164 654 5222 κατδι
677 5165 722 5224 τόν
741 5168 856 5244 πολεμον
872 5139 917 5230 xci
937 5177 981 5232 τοῦ

1024 601 1050 650 in
1061 614 1135 663 greve
1145 599 1237 650 mulum
1250 599 1401 661 incidissent,
1417 602 1491 664 penei
1502 600 1605 665 quidem
1618 602 1672 654 nuti
1682 605 1802 657 resistere

1025 703 1057 752 ed
1074 703 1167 755 vellum
1180 707 1316 767 pugnantes
1331 704 1423 754 concisi
1437 707 1517 755 suut:
1538 705 1626 769 reliqui
1646 709 1802 760 remelium

1026 808 1082 874 iuge
1095 808 1228 872 rugientes,
1241 809 1325 857 multis
1336 810 1444 858 'suorum
1458 809 1572 872 emissis,
1585 810 1701 875 pictique
1720 814 1803 864 saucii

1026 913 1169 966 etlnermes
1179 913 1204 964 in
1215 917 1295 963 cestre
1305 926 1332 963 se
1346 916 1505 977 receperunt.
1541 913 1590 964 sed
1611 916 1730 966 Romanis
1748 916 1805 969 lllos

1027 1012 1154 1075 evestigio
1165 1010 1361 1077 insequentibus,
1377 1013 1402 1060 et
1413 1012 1495 1061 cestre
1510 1009 1733 1075 circumdantibus,
1749 1018 1805 1077 post

1028 1126 1077 1163 nou
1089 1112 1186 1175 longum
1196 1109 1361 1162 defensionem
1375 1111 1460 1160 cestre
1473 1108 1626 1161 dediderunt
1637 1111 1725 1162 multis
1736 1126 1805 1165 men·

1029 1211 1099 1275 cipiis
1114 1214 1140 1261 et
1159 1223 1247 1274 pecore
1261 1215 1286 1260 et
1301 1209 1376 1259 armis
1398 1212 1424 1258 et
1447 1209 1550 1273 reliquo
1579 1209 1669 1261 bellico
1687 1216 1805 1276 eppnrsiu

1029 1310 1127 1360 relertn.
1161 1311 1252 1373 captus
1262 1311 1302 1359 est
1310 1309 1384 1358 etiem
1393 1308 1521 1359 bominum
1532 1308 1694 1374 ingenuorum
1702 1326 1805 1377 mugnus

1029 1427 1155 1471 numerus,
1165 1414 1254 1476 purtim
1266 1413 1376 1475 ipsorum
1395 1411 1557 1473 Volscorum,
1571 1413 1664 1476 partim
1681 1416 1804 1479 gentium,

1029 1533 1085 1582 que
1115 1519 1151 1569 eis
1178 1517 1296 1568 auxiium
1321 1517 1442 1577 tulerant;
1472 1520 1499 1568 et
1522 1518 1634 1582 pecunie
1655 1522 1682 1571 et
1709 1523 1806 1572 tuntum

1031 1625 1093 1684 euri,
1109 1626 1211 1687 urgenti,
1242 1628 1267 1675 et
1288 1624 1397 1675 restium
1422 1624 1546 1685 quantum
1569 1621 1595 1673 in
1617 1624 1806 1688 opulentissime

1031 1728 1112 1794 eliqua
1122 1726 1182 1775 urbe
1193 1724 1340 1786 expugnato.
1373 1721 1496 1772 Servilius
1508 1724 1593 1772 tutem
1604 1721 1660 1772 hoec
1669 1723 1750 1773 οειιιιίε
1762 1728 1808 1773 ωε·-

1032 1833 1121 1882 ltiibus
1133 1829 1277 1885 concodeus,
1290 1831 1320 1876 ut
1332 1825 1505 1890 unusquisqne
1520 1824 1618 1888 aliquid
1631 1825 1773 1879 lucraretur
1783 1832 1809 1878 et

1031 1929 1139 1995 predam
1148 1927 1224 1978 dividi
1236 1925 1322 1977 iubens
1330 1924 1390 1975 nihil
1400 1923 1426 1974 iu
1434 1923 1556 1988 publicum
1568 1924 1663 1986 retulit,
1673 1925 1808 1988 castrisque

1031 2026 1138 2079 incensis
1155 2021 1360 2076 exercitumiude
1373 2019 1557 2080 abducerent
1567 2020 1655 2072 urbem
1672 2023 1808 2086 proximem

1033 2129 1147 2176 suessam
1176 2123 1311 2174 Pometinrn
1347 2119 1483 2172 contendit.
1518 2122 1577 2170 lieo
1601 2121 1666 2169 enim
1703 2120 1808 2170 ambitus

1031 2221 1208 2289 magnitudine,
1220 2224 1246 2271 et
1257 2221 1400 2271 colonorum
1417 2218 1587 2279 multitudiue,
1601 2220 1719 2281 preterea
1730 2216 1807 2280 glorie

1032 2326 1058 2374 et
1066 2323 1172 2387 opibus,
1188 2320 1258 2384 longe
1271 2319 1359 2370 ceteris
1371 2319 1397 2369 in
1415 2333 1446 2369 ea
1457 2319 1556 2382 regione
1566 2315 1716 2367 antecellere
1733 2315 1807 2366 ride-

1033 2421 1114 2483 bntur,
1127 2417 1504 2482 eternttenquamilliusgentis
1513 2418 1597 2481 ceput.
1630 2413 1806 2474 oeconomos,

1032 2524 1057 2572 et
1065 2521 1177 2572 exercitu
1186 2533 1268 2584 neque
1280 2517 1387 2569 interdiu
1397 2528 1477 2581 neque
1488 2518 1568 2567 noctu
1581 2518 1614 2567 eb
1623 2513 1809 2579 oppugnatione

1033 2622 1157 2679 revocato,
1174 2633 1205 2669 ne
1218 2617 1295 2683 ullum
1308 2616 1429 2679 temporis
1443 2613 1556 2679 spolium
1576 2613 1693 2664 hostibus
1706 2612 1810 2663 deretur

1032 2714 1262 2780 adquiescendum,
1277 2727 1340 2765 nere
1359 2726 1475 2764 somnum
1487 2716 1618 2776 cuperent,
1633 2715 1678 2762 eut
1692 2725 1706 2761 e
1721 2709 1810 2775 prelio

1031 2830 1142 2879 unquam
1151 2818 1287 2875 cessarent,
1299 2827 1341 2864 eos
1353 2813 1422 2863 inme
1433 2811 1562 2863 conlectos
1577 2812 1605 2861 et
1621 2808 1716 2860 consilii
1729 2807 1809 2869 inopia

1032 2928 1062 2965 uc
1085 2915 1208 2965 sociorum
1226 2911 1328 2976 penuria
1346 2910 1489 2962 laborantes
1501 2909 1575 2961 brevi
1591 2907 1713 2971 temporis
1726 2906 1808 2969 spatio

1033 3012 1192 3079 expugnarit.
1209 3016 1235 3064 et
1245 3026 1332 3062 omnes
1352 3010 1457 3075 puberes
1472 3009 1620 3060 interiecit:
1642 3005 1807 3066 omnibusque

1035 3113 1117 3176 rebus,
1131 3126 1284 3175 quaecuuque
1296 3111 1333 3161 ibi
1350 3115 1437 3172 erent,
1452 3107 1573 3159 militibus
1590 3106 1615 3156 in
1627 3104 1734 3169 praedem
1746 3117 1806 3152 con-

1035 3212 1119 3274 cessis,
1140 3211 1170 3261 ed
1187 3209 1248 3261 alins
1266 3208 1340 3259 urbes
1364 3211 1448 3274 copies
1473 3206 1560 3266 duxit,
1582 3203 1650 3267 quod
1670 3201 1754 3252 nullus
1778 3200 1808 3249 de

1035 3312 1129 3366 Volscis
1143 3313 1190 3377 ipsi
1203 3312 1310 3376 amplius
1323 3312 1439 3362 resistere
1451 3310 1542 3375 posset.

1065 3505 1138 3555 XXX.
1156 3505 1218 3553 cum
1237 3501 1310 3566 igitur
1324 3501 1429 3553 Romani
1445 3512 1484 3551 reo
1495 3498 1640 3550 Volscorum
1656 3497 1691 3546 lie
1708 3495 1810 3545 nlsslxis·

1034 3614 1102 3670 sent,
1139 3609 1230 3673 Appius
1265 3606 1401 3667 Claudius,
1441 3604 1503 3656 niter
1544 3600 1643 3661 consul,
1680 3599 1812 3664 productos

1039 3707 1064 3757 in
1076 3707 1156 3756 lorum
1169 3717 1254 3755 eorum
1272 3703 1385 3760 obsides,
1398 3700 1440 3766 qui
1460 3703 1530 3752 erent
1543 3697 1661 3757 trecenti,
1684 3696 1769 3758 nequi
1788 3695 1811 3743 in

1037 3812 1161 3873 posterum
1175 3808 1248 3857 fidem
1260 3805 1324 3856 datis
1334 3803 1464 3856 obsidibus
1474 3802 1644 3854 conlrrrnetnm
1658 3803 1747 3849 temere
1758 3797 1809 3846 rio·

1035 3903 1128 3962 iurent,
1150 3901 1225 3965 virgis
1252 3914 1329 3950 caesos
1354 3899 1379 3949 in
1407 3897 1519 3948 omnium
1542 3895 1675 3959 conspeetu
1693 3888 1810 3940 decollari

1035 4005 1115 4056 iussit.
1149 4003 1258 4066 Deinde,
1280 4007 1336 4067 post
1347 4016 1438 4067 paucos
1449 4000 1503 4051 dies
1519 3999 1621 4061 college
1636 4010 1669 4048 ex
1683 3994 1726 4046 ille
1738 4006 1809 4056 expe·

1036 4102 1128 4152 ditione
1140 4116 1254 4163 reuerso,
1278 4105 1304 4151 ei
1325 4100 1492 4165 triumphum,
1507 4098 1552 4163 qui
1573 4094 1764 4161 imperatoribus
1777 4089 1809 4140 ob

1036 4215 1089 4252 rem
1104 4202 1130 4250 in
1144 4200 1237 4264 preliis
1251 4199 1367 4264 praeclere
1384 4201 1478 4263 gestum
1488 4194 1589 4246 concedi
1602 4193 1708 4252 solet,e
1725 4192 1810 4241 senatu

1036 4299 1127 4363 pelenti
1141 4297 1250 4357 obstitit,
1269 4296 1412 4347 seditiosum
1429 4300 1454 4346 et
1468 4291 1697 4357 prevaedisciplinae
1715 4288 1810 4338 unau-

1036 4416 1087 4452 τοτα
1097 4413 1153 4449 eum
1165 4410 1273 4447 vocans:
1287 4395 1408 4458 principue
1418 4407 1477 4444 vero
1489 4405 1545 4442 curn
1556 4402 1691 4448 accusans,
1705 4385 1773 4449 quod
1781 4397 1812 4432 ex

1037 4498 1110 4549 huius
1123 4495 1180 4544 belli
1194 4493 1276 4558 preda
1291 4493 1351 4541 nibil
1373 4493 1398 4541 iu
1412 4489 1527 4540 aernrium
1546 4486 1687 4545 retulisset,
1704 4483 1746 4534 sod
1761 4479 1813 4543 qul·

1037 4597 1083 4646 bus
1095 4593 1214 4644 voluisset
1224 4591 1305 4642 omnia
1314 4589 1418 4651 largitus
1431 4588 1525 4637 luisset.
1561 4589 1592 4635 lit
1604 4583 1703 4633 senuini
1715 4591 1813 4644 persuu-

1037 4693 1083 4754 sit,
1099 4689 1291 4752 uetriumplrum
1307 4687 1330 4737 ei
1341 4684 1495 4736 concederet.
1528 4685 1561 4732 nt
1576 4680 1714 4739 Seruilius,
1727 4680 1812 4726 contu·

1038 4790 1110 4839 melio
1127 4801 1154 4836 se
1172 4802 1186 4835 a
1201 4790 1286 4836 senatu
1300 4785 1419 4834 ellectum
1431 4786 1515 4839 relus,
1538 4784 1629 4841 proeler
1647 4782 1812 4827 Romanorum

1037 4898 1130 4936 morem
1144 4896 1171 4932 sc
1183 4883 1259 4946 gessit
1269 4880 1430 4943 arrogantius.
1465 4879 1607 4925 Couvncuto
1626 4874 1690 4923 enirn
1706 4870 1737 4919 ed
1752 4880 1811 4914 cou-

1038 4987 1131 5036 cionem
1148 4981 1239 5045 populo
1252 4981 1276 5029 ln
1288 4991 1401 5041 campum
1413 4981 1471 5026 anie
1482 4973 1569 5023 urbem
1581 4973 1671 5028 situm,
1687 4970 1713 5016 et
1729 4977 1813 5012 narre-

1038 5085 1071 5134 tis
1083 5082 1155 5132 rebus
1170 5093 1185 5129 e
1198 5093 1224 5128 so
1235 5079 1259 5128 iu
1279 5077 1342 5126 bollo
1354 5075 1445 5139 gestis,
1456 5076 1482 5123 ct
1498 5072 1621 5122 declarate
1633 5063 1731 5127 collegio
1748 5061 1810 5110 inri-

1036 5179 1078 5231 die
1093 5181 1239 5240 senatusque
1257 5173 1414 5233 eoniurncliu,
1430 5172 1492 5221 dixit
1514 5183 1565 5219 seu
1587 5165 1659 5217 rebus
1678 5161 1739 5226 ipsis
1751 5173 1814 5225 quas
