3772 5828
611 330 906 404 ANTIQUITATUM
927 331 1076 394 ROMAN.
1099 333 1173 394 ΗΒ.
1197 335 1263 398 Vll.

114 495 126 519 ι
143 466 304 546 ἐφιεμένους·
333 462 412 546 χάριν
443 462 545 531 εἰδότας
576 470 630 529 τοῖς
660 467 742 535 θεοῖς,
776 460 816 521 δτι
845 464 892 521 οὐκ

115 581 127 607 ι
145 553 235 614 εἴασαν
251 551 345 620 αύτούς
367 552 401 612 τά
425 555 519 631 πρῶτα
541 551 785 624 πλεονεκτήσαντας
804 554 840 617 είς
858 549 892 609 τδι

115 672 127 695 υ
143 643 221 702 λοιπά
246 649 405 723 σωφρονεῖν,
429 637 499 700 ἀλλὰ
526 638 624 712 ταύτην
651 638 773 698 ἐνίόαλον
804 640 892 705 αὐτοῖς

116 759 128 784 ιι
141 721 188 802 τήν
204 732 392 810 ἀναισχυντίαν
408 752 437 788 τε
454 729 501 788 καί
512 728 789 806 πολυπραγμοσύνην,
805 726 847 809 ὕφ’
863 719 893 799 ής

73 841 86 878 ε
115 846 127 872 ι
144 823 220 896 ὑμεῖς
245 816 450 897 ἀναγκασθέντες
475 815 510 876 τά
537 819 561 874 τ’
586 816 743 875 ἀπολωλότα
766 821 892 896 πειρᾶσθε

114 935 128 961 ιι
143 907 303 979 ἀναλαόεῖν,
325 907 370 967 καί
387 905 422 966 τδι
436 905 566 967 λοιπάδά
589 897 621 978 ἧς
641 910 759 986 προσῆκε
774 905 893 986 φυλακῆς

116 1024 129 1051 ι
142 996 245 1057 loisis.

155 1086 258 1146 xxiv.
282 1112 295 1138 ιι
317 1082 415 1164 Καιρδς
437 1083 466 1142 δέ
492 1088 507 1143 δ
531 1080 623 1162 παρὼν
643 1072 695 1148 οἶος
720 1084 770 1163 οὐχ
789 1079 890 1160 ἕτερος,

117 1199 129 1226 ι
145 1170 219 1248 εἴπερ
236 1195 265 1251 γε
281 1171 408 1253 άρχεσθαι
428 1171 539 1248 μέλλετε
556 1179 710 1251 σωφρονεῖν,
729 1172 756 1229 ἐν
777 1160 892 1251 ᾧκεκά·

63 1277 87 1317 ευ
116 1283 227 1321 ιικωται
252 1262 385 1320 αὐτῶντὸ
405 1263 529 1321 πλεῖστον
554 1258 631 1338 μέρος
655 1258 705 1318 ὑπὸ
723 1263 769 1318 τοῦ
795 1259 890 1334 λιμοῦ,

115 1377 129 1405 ιι
142 1350 192 1419 καὶΙ
205 1350 236 1409 τό
254 1349 345 1409 λοιπόν
363 1351 410 1409 οὐκ
429 1348 461 1408 δν
477 1347 515 1408 ἐτι
532 1348 638 1408 δύναιτο
657 1344 740 1406 πολύν
760 1350 892 1426 ἀντισχεῖν

114 1465 127 1492 ι
141 1424 235 1518 χρόνον
251 1437 295 1496 ὑπ’
315 1436 502 1518 ἀχρηματίας,
518 1438 542 1496 εί
562 1433 686 1503 σπανίους
699 1458 727 1494 τι
743 1433 789 1494 καί
803 1433 893 1509 τιμίας

114 1554 128 1581 ιι
142 1528 198 1609 ἔχοι
215 1529 261 1593 τάς
275 1528 386 1606 ἀγοράς·
408 1526 653 1603 ἀναγκασθήσονται
665 1523 691 1584 δὲ
703 1526 726 1583 οἱ
741 1523 790 1601 μέν
802 1522 893 1583 κάκισ·

114 1642 128 1670 ιι
143 1640 184 1675 τοι
204 1614 250 1673 καί
275 1614 396 1673 οὐδέποτε
416 1637 450 1693 τη
475 1613 664 1695 ἀριστοκρατίᾳ
685 1611 821 1692 χαίροντες
844 1611 890 1669 ἐκ·

62 1726 87 1765 ts
114 1705 228 1762 «λιπεῖν
247 1701 295 1773 τήν
315 1702 407 1773 πόλιν,
427 1703 451 1761 ol
469 1703 492 1760 δ’
504 1701 691 1781 ἐπιεικέστεροι
709 1700 891 1760 πολιτεύεσθαι

115 1790 260 1867 «κοσμίως
282 1789 363 1865 μηθέν
378 1789 416 1849 ἐτι
435 1792 600 1872 ἐνοχλοῦντες
620 1793 692 1864 ύμῖν.
736 1789 794 1857 Τάς
808 1811 835 1848 τε
846 1777 890 1847 ούν

116 1903 129 1930 ιι
144 1876 241 1956 ἀγοράς
272 1875 315 1935 δεδι
335 1878 452 1959 φυλακῆς
477 1881 568 1959 ἐχετε,
587 1879 641 1957 ’,καί
664 1882 711 1950 τῆς
737 1880 815 1954 τιμῆς
838 1879 890 1935 τῶν

117 1990 130 2017 ι
147 1964 231 2022 ὠνίων
252 1963 331 2041 μηθὲν
348 1964 444 2038 ἀνίετε,
463 1967 523 2025 ἀλλ’
544 1964 605 2025 όσου
627 1967 751 2025 πλείστου
774 1986 839 2023 ποτε
858 1954 890 2036 ήν

117 2078 130 2106 ιι
144 2052 177 2110 τόι
191 2050 270 2125 ὤνια,
282 2053 405 2113 τοσούτου
415 2053 462 2114 καί
473 2059 519 2114 νῦν
536 2054 603 2115 αὐτὰ
615 2057 712 2114 πωλεῖν
726 2052 887 2135 ψηφίσασθε,

60 2164 88 2203 20
116 2165 130 2194 ιι
145 2141 247 2207 δικαίας
266 2138 385 2221 ἀφορμάς
408 2142 512 2223 ἔχοντες
533 2143 580 2202 καλ
601 2143 743 2222 προφάσεις
770 2141 890 2221 εὐλόγους

115 2256 129 2285 ιι
143 2230 191 2303 τήν
215 2255 242 2290 τε
263 2232 406 2312 ἀχάριστον
432 2238 479 2291 τοῦ
504 2231 591 2309 δήμου
614 2231 764 2305 καταόοήν,
787 2236 822 2299 ὡς
846 2233 888 2310 ὑφ’

114 2346 127 2374 ιι
144 2321 215 2395 ὑμῶν
241 2318 499 2392 κατασκευασθείσης
518 2326 565 2392 τῆς
584 2319 729 2393 σιτοδείας,
745 2320 763 2392 ἣ
779 2317 821 2376 διδ
840 2317 889 2390 τήν

112 2433 126 2462 ιι
142 2409 288 2467 ἀπόστασιν
310 2405 357 2478 τήν
371 2410 476 2467 ἐκείνων
492 2405 615 2484 ἐγίνετο,
630 2409 674 2466 καὶ
688 2407 737 2480 τήν
757 2411 889 2484 καταφθο-

105 2522 127 2575 ¹s
143 2495 190 2576 ρδιν
210 2497 242 2567 ἣν
260 2497 417 2568 ἐποιήσαντο
432 2500 480 2567 τῆς
494 2502 551 2575 γῆς,
568 2496 674 2575 ἄγοντες
688 2493 769 2568 αὐτὴν
785 2494 830 2553 καί
846 2495 890 2575 φί-

59 2613 86 2654 2⁵
115 2610 129 2637 ιι
146 2606 231 2662 ροντες
253 2584 344 2662 ὥσπερ
370 2585 514 2659 πολεμίαν,
535 2586 579 2642 καί
600 2584 647 2651 τὰς
666 2582 839 2664 ἐξαιρεθείσας
860 2585 890 2642 ἐκ

116 2699 128 2725 ιι
143 2677 189 2730 τοῦ
209 2671 335 2747 δημοσίου
358 2672 476 2738 δαπάνας
495 2674 531 2739 εἷς
551 2672 610 2739 τοὺς
629 2671 825 2739 ἀποσταλέντας
847 2671 891 2731 ἐπί

116 2787 129 2813 n
144 2760 193 2832 τήν
214 2759 335 2818 σιτωνίαν
352 2758 463 2839 ἀνδρας,
479 2760 525 2819 καί
538 2759 608 2819 ἀλλα
622 2759 719 2838 πολλὰ,
734 2760 889 2832 attinente

115 2877 128 2903 ιι
148 2852 193 2907 ὑπ’
214 2851 318 2908 αὐτῶν·
341 2845 386 2905 trs
409 2847 456 2907 καί
472 2853 575 2928 γνῶμεν
598 2849 667 2922 ἤδη,
691 2848 717 2907 τί
737 2846 795 2907 ποτ’
818 2845 894 2910 ἐστίν

115 2966 127 2992 ι
142 2942 225 2999 ἐκεῖνο
240 2937 270 2995 τὸ
284 2935 384 3011 δεινόν,
396 2935 410 2996 δ
423 2936 590 3009 διαθήσουσιν
605 2943 692 3012 ἡμᾶς,
704 2936 736 2995 ἀν
746 2936 784 3015 μὴ
799 2940 888 2996 πυιεῗε-

60 3059 88 3100 ,0
115 3053 128 3079 ι
143 3050 191 3104 μεν
205 3026 311 3084 ἅπαντα
327 3027 366 3104 τῷ
380 3021 457 3105 δήμῳ
470 3025 504 3085 τά
517 3025 578 3085 καθ’
594 3023 700 3098 ἡδονδις,
715 3027 751 3092 ὥς
765 3029 789 3085 ol
803 3026 890 3103 δημα-

115 3141 127 3166 ι
141 3115 222 3194 γωγυί
240 3116 326 3172 αὐτῶν
344 3110 518 3189 δεδιττόμενοι
536 3112 636 3193 ἐλεγον.
680 3115 714 3173 Ei
731 3110 759 3171 δί
774 3111 889 3193 ἀφήσετε

115 3230 127 3255 «
142 3204 187 3262 καί
201 3208 291 3262 τοῦτον
306 3204 335 3261 ἐκ
352 3203 404 3260 τῶν
418 3206 515 3283 χειρῶν
529 3200 574 3261 τδν
588 3201 691 3281 καιρὸν,
703 3202 831 3269 πολλάκις
845 3199 889 3260 εύ-

115 3319 127 3344 o
142 3291 213 3361 ξεσθε
229 3291 344 3352 τοιούτου
362 3302 451 3372 τυχεῖν
464 3289 565 3372 ἐτίρου.
610 3289 665 3351 Καί
688 3291 711 3349 εί
723 3289 797 3370 γνοίη
812 3294 889 3349 τοῦτο

115 3384 156 3439 ιδ
178 3384 276 3458 δῆμος,
301 3380 340 3438 ότι
373 3379 542 3460 βουληθέντες
566 3379 707 3438 καταλύειν
732 3382 811 3438 αὐτοῦ
839 3377 889 3451 τήν

60 3485 88 3523 ³5
116 3495 128 3521 ι
143 3470 219 3548 ἰσχύν
237 3467 431 3546 ἀπετράπεσθε,
446 3465 514 3526 πολύ
536 3469 636 3545 μᾶλλον
659 3466 721 3544 ύμῖν
745 3464 826 3546 βαρύς
843 3468 890 3546 ἐγ-

117 3582 129 3607 «
145 3556 276 3623 κείσεται,
294 3555 419 3629 πολέμιον
436 3553 483 3628 μέν
501 3557 530 3614 τό
546 3554 702 3634 βουλόμενον
718 3557 791 3631 ύμιῗιν
809 3557 889 3637 ἡγού·

117 3669 129 3695 ιι
146 3665 236 3718 μενος,
257 3640 341 3699 δειλόν
355 3639 383 3699 δέ
396 3640 426 3698 τδ
445 3641 482 3717 μὴ
501 3641 683 3717 δυνάμενον.»

157 3732 246 3790 XXV.
268 3732 386 3789 Τοιαῦτα
402 3728 519 3796 εἰπόντος
530 3734 574 3788 τοῦ
590 3729 732 3808 Μαρκίου,
749 3729 889 3804 διέστησαν

116 3820 144 3877 nl
158 3822 262 3897 γνῶμαι
274 3821 326 3875 τῶν
341 3816 484 3897 συνέδρων,
500 3816 545 3876 καί
562 3817 668 3898 θόρυόος
684 3820 711 3876 ἐν
726 3822 813 3888 αὐτοῖς
833 3822 885 3898 ἐγί·

1663 343 1722 402 405

949 490 961 514 ι
974 472 1040 534 quod
1061 485 1110 521 non
1128 474 1192 536 passi
1211 472 1302 526 tuerint
1318 488 1362 526 eos
1382 476 1499 527 maiorem
1511 478 1683 529 auctoritatem
1695 491 1725 528 ac

948 577 959 600 ι
975 559 1107 622 potentiam
1122 560 1146 608 in
1166 559 1290 623 republica
1302 561 1418 626 adeptos,
1441 563 1465 612 in
1478 564 1570 614 ceteris
1584 563 1657 613 rebus
1670 577 1725 613 mo·

948 666 959 687 ι
975 646 1045 698 (leste
1056 662 1083 698 se
1092 662 1193 711 gerere;
1208 648 1252 700 sed
1267 649 1315 701 illis
1333 649 1460 714 iniecerint
1473 653 1537 702 banc
1549 652 1725 717 impudentiam

948 754 959 776 ε
976 738 1003 786 et
1026 736 1170 786 effrenatam
1192 751 1275 788 rerum
1302 739 1478 803 cupiditatem,
1502 754 1546 805 per
1575 754 1649 804 qrram
1682 754 1726 790 vos

948 840 961 864 ε
977 825 1057 873 coacti
1070 829 1096 875 et
1110 825 1260 876 resamissas
1271 839 1416 890 recuperare
1433 829 1565 889 conamini,
1578 832 1604 879 et
1621 828 1726 891 reliquas

948 926 960 949 ι
978 906 1114 973 diligenter,
1128 914 1155 961 ut
1171 910 1256 972 decet,
1274 912 1406 963 custodire.

979 1104 1065 1152 XXIV.
1084 1121 1097 1145 ι
1114 1104 1164 1153 Νεο
1186 1103 1233 1153 alia
1259 1103 1345 1154 melior
1366 1104 1462 1154 occasio
1486 1118 1561 1166 quam
1584 1105 1632 1154 ista
1656 1104 1728 1156 vobis

949 1207 961 1231 ι
975 1201 1030 1238 sese
1049 1189 1137 1239 olteret
1162 1190 1201 1253 (si
1214 1189 1288 1239 modo
1300 1204 1366 1239 nurrc
1381 1190 1480 1239 tandem
1502 1203 1588 1254 sapere
1601 1190 1727 1255 incipitis)

949 1294 961 1318 ι
979 1275 1076 1338 quando
1098 1276 1204 1326 maxima
1223 1276 1308 1326 eolum
1329 1291 1385 1341 pars
1411 1276 1475 1327 tame
1494 1281 1531 1326 est
1551 1277 1675 1336 coniecta,
1698 1280 1724 1328 et

948 1380 961 1405 ιι
978 1361 1071 1422 reliqua
1090 1361 1123 1411 ob
1139 1363 1247 1426 inopiam
1266 1363 1360 1413 diutins
1377 1362 1490 1413 resistere
1512 1377 1560 1445 non
1578 1363 1682 1427 poterit,
1704 1365 1726 1413 si

950 1469 962 1494 ι
976 1462 1068 1513 paucos
1085 1453 1109 1500 et
1127 1464 1198 1501 caros
1215 1450 1331 1501 habuerit
1346 1456 1499 1501 commeatus
1520 1452 1583 1514 :qui
1596 1451 1660 1503 enim
1678 1452 1725 1501 im·

949 1536 1114 1599 «probissimi
1135 1540 1211 1595 sunt,
1234 1541 1259 1587 et
1277 1550 1403 1600 nunquam
1427 1538 1573 1602 optimatum
1599 1537 1726 1589 dominatu

948 1642 960 1666 n
975 1625 1097 1686 laetantur,
1113 1625 1148 1676 ilii
1161 1625 1248 1675 urbem
1265 1626 1394 1688 deserere,
1411 1627 1455 1691 qui
1473 1641 1533 1678 vero
1552 1630 1611 1678 sunt
1630 1626 1728 1678 modes·

948 1732 960 1756 ι
977 1715 1072 1775 tiores,
1085 1711 1120 1761 illi
1139 1726 1167 1762 se
1185 1712 1312 1764 moderate
1330 1727 1429 1778 gerere,
1442 1717 1468 1765 et
1486 1715 1577 1765 nullam
1591 1715 1727 1766 molestiam

949 1799 1045 1849 «robis
1066 1798 1173 1862 amplius
1199 1799 1317 1850 extribere
1340 1805 1465 1865 cogentur.
1511 1808 1637 1852 Annonam
1654 1803 1728 1866 igitur

949 1906 961 1929 ιι
975 1885 1104 1949 diiigenter
1120 1887 1230 1947 servate,
1244 1888 1270 1936 et
1286 1885 1346 1935 nillil
1361 1887 1392 1937 de
1405 1901 1489 1938 rerum
1508 1888 1631 1939 renalium
1650 1889 1729 1953 pretio

949 1972 1107 2031 «remittite,
1126 1972 1170 2022 sed
1192 1977 1286 2036 quanto
1307 1975 1416 2025 maximo
1433 1977 1514 2039 pretio
1538 1991 1649 2039 unquam
1669 1978 1726 2027 ante

948 2081 962 2107 ιι
978 2061 1083 2111 venditus
1098 2060 1206 2121 luerunt,
1220 2061 1282 2111 tanti
1296 2077 1360 2112 nunc
1372 2076 1472 2126 quoque
1483 2077 1526 2114 eas
1542 2065 1614 2114 vendi
1627 2063 1725 2125 iubete,

949 2171 961 2195 ιι
975 2150 1054 2201 iustas
1064 2149 1185 2201 habentes
1195 2163 1295 2202 caussas
1308 2156 1334 2202 et
1347 2151 1454 2202 rationes
1465 2151 1617 2216 probabiles;
1638 2159 1738 2219 nempe·

948 2258 961 2282 ι.
975 2239 1077 2301 ingratae
1092 2239 1171 2302 plebis
1189 2241 1384 2299 accusationem,
1400 2241 1472 2303 qnasi
1493 2243 1546 2291 Ιιωυ
1565 2256 1669 2293 annonae
1683 2255 1727 2293 ca·

948 2348 960 2372 ιι
978 2326 1039 2376 ritas
1055 2329 1079 2376 et
1094 2327 1202 2390 inopiae
1218 2328 1289 2377 vobis
1304 2328 1328 2377 in
1341 2327 1428 2378 urbem
1447 2330 1521 2380 tuerit
1532 2329 1649 2392 inducta,
1670 2344 1727 2394 quas

949 2418 1008 2467 «ob
1029 2416 1126 2467 illorum
1146 2416 1313 2468 secessionem
1337 2416 1439 2478 accidit,
1464 2420 1491 2467 et
1518 2418 1552 2468 ob
1573 2418 1624 2481 agri
1644 2421 1727 2470 vaste·

949 2527 961 2551 ι
975 2505 1076 2564 tionem,
1093 2518 1167 2569 quem
1180 2509 1298 2568 tanquam
1315 2505 1428 2557 hostilem
1446 2507 1555 2571 populati
1575 2512 1643 2569 sunt,
1658 2514 1684 2559 et
1694 2508 1726 2559 ob

950 2613 962 2637 ι
975 2592 1090 2658 pecunias
1111 2606 1141 2641 ex
1166 2593 1253 2642 aerario
1268 2592 1410 2657 depromtas
1431 2593 1552 2656 datasque
1576 2594 1614 2654 iis,
1637 2595 1680 2658 qui
1695 2596 1727 2646 ad

948 2702 961 2726 ι
978 2682 1128 2730 trumentum
1141 2679 1302 2729 coemendum
1318 2681 1387 2731 missi
1410 2686 1482 2742 sunt,
1504 2686 1529 2731 et
1551 2680 1644 2732 inultas
1665 2681 1726 2732 alias

949 2790 960 2812 ι
974 2769 1075 2820 iniurias
1084 2767 1115 2817 ob
1125 2767 1172 2817 illis
1188 2771 1315 2833 acceptas,
1327 2768 1392 2818 uode
1412 2783 1476 2819 nunc
1489 2770 1589 2822 tandem
1606 2771 1727 2836 intelliga-

948 2877 959 2900 ι
977 2870 1047 2917 mus,
1060 2855 1184 2919 quodnam
1201 2856 1233 2905 sit
1248 2857 1341 2906 malum
1357 2855 1430 2918 illud,
1450 2871 1499 2920 quo
1515 2870 1561 2908 nos
1573 2863 1632 2909 sunt
1649 2860 1727 2911 alteo-

948 2966 960 2989 ι
974 2945 1034 3004 turi,
1051 2944 1098 2993 nisi
1121 2944 1203 2994 omnia
1229 2943 1262 2994 ad
1282 2944 1363 3009 plebis
1380 2945 1534 2997 voluntatem
1554 2949 1580 2997 et
1600 2948 1726 2999 libidinem

948 3053 960 3077 ι
976 3032 1122 3094 fecerimus,
1146 3033 1211 3083 sicut
1235 3032 1278 3085 isti
1301 3033 1488 3085 concionatores
1516 3047 1561 3084 nos
1584 3038 1726 3088 territantes

946 3140 958 3164 ι
972 3121 1096 3172 dixerunt.
1129 3120 1233 3179 Quodsi
1247 3121 1313 3187 passi
1327 3122 1421 3173 fueritis
1434 3122 1605 3187 huncquoque
1618 3127 1726 3178 occasio·

947 3228 960 3256 ιι
975 3223 1032 3260 nem
1046 3223 1077 3260 er
1091 3210 1180 3260 restris
1199 3210 1312 3261 manibus
1332 3210 1410 3271 elabi,
1438 3225 1504 3276 saepe
1526 3211 1599 3261 aliam
1620 3213 1725 3265 similem

948 3315 960 3340 ν
973 3298 1081 3348 nancisci
1093 3299 1221 3361 optabitis.
1240 3299 1283 3359 lit,
1301 3301 1323 3348 si
1336 3299 1405 3363 plebs
1418 3301 1465 3349 lroc
1483 3301 1626 3358 resciverit,
1645 3315 1690 3350 ros
1701 3303 1724 3351 in

947 3405 960 3430 ι
975 3386 1057 3435 animo
1069 3386 1183 3436 trnbuisse
1197 3400 1266 3436 suam
1277 3390 1425 3450 potestatem
1436 3391 1555 3446 evertere,
1571 3388 1613 3437 ssd
1624 3392 1725 3453 accepto

948 3491 959 3514 ι
976 3473 1115 3533 destitisse,
1129 3474 1208 3524 multo
1224 3473 1323 3536 gravius
1339 3474 1410 3524 robis
1424 3473 1542 3524 instabit:
1559 3474 1617 3536 quia
1630 3474 1720 3526 volun·

948 3581 960 3605 ι
974 3563 1052 3611 tatem
1065 3565 1174 3611 vestram
1190 3576 1233 3626 pro
1249 3562 1330 3612 hostili
1348 3561 1460 3624 habebit,
1484 3561 1644 3614 timiditatem
1664 3577 1724 3617 vero

949 3671 961 3695 ι
974 3649 1065 3699 sirium
1078 3651 1271 3702 imbecillitatem
1284 3651 1410 3703 iudicabit.
1430 3673 1442 3696 ν

978 3742 1051 3790 XXV.
1069 3742 1122 3790 ilac
1146 3741 1264 3791 concione
1288 3741 1414 3793 abtarcio
1431 3741 1528 3803 habita,
1552 3741 1616 3792 inter
1636 3744 1719 3806 patres

948 3827 1073 3878 sententiis
1091 3827 1213 3879 variatum
1226 3831 1274 3891 est,
1287 3832 1314 3880 et
1326 3829 1412 3893 ingens
1423 3831 1547 3882 tumultus
1562 3832 1624 3882 iuter
1634 3845 1677 3882 eos
1686 3836 1725 3884 est

66 3921 92 3956 ps
116 3929 173 3965 νετο
187 3904 276 3971 πολύς.
325 3907 360 3966 Ol
376 3904 424 3983 μέν
440 3903 491 3985 γάρ
503 3903 528 3974 ἐξ
542 3907 626 3986 ἀρχῆς
642 3905 751 3967 ἐναντίοι
769 3913 821 3976 τοῖς
839 3913 889 3984 δη-

117 4002 233 4071 μοτικοῖς
254 3992 299 4050 καί
319 3994 364 4060 et<
385 3992 531 4073 διαλλαγάς
551 3993 626 4074 παρὰ
647 3994 756 4073 γνώμην
777 3998 887 4076 ὑπομεί-

116 4104 219 4151 ναντες,
237 4083 263 4138 ἐν
281 4073 349 4155 οἶςῆ
369 4106 398 4141 τε
414 4083 504 4155 νεότης
520 4083 608 4161 δλίγου
631 4084 683 4141 δεῖν
703 4092 778 4144 πᾶσα
792 4075 824 4157 ήν
843 4087 888 4145 καὶ

105 4171 168 4227 ’τῶν
184 4169 368 4249 πρεσόυιέρων
390 4174 414 4231 ot
435 4169 628 4230 πλουσιώτατοί
641 4193 669 4230 τε
691 4171 737 4231 καί
752 4173 889 4253 φιλοτιμό-

117 4279 209 4330 τατοι,
228 4258 330 4336 βαρέως
345 4258 464 4338 φέροντες
480 4261 504 4318 ol
517 4256 565 4336 μίν
575 4257 620 4317 ἐπὶ
634 4268 691 4325 ταῖς
703 4255 812 4339 περίτδι
824 4283 889 4339 συμ-

68 4370 93 4408 es
117 4343 211 4406 όόλαια
229 4343 355 4425 βλάόαις,
372 4347 396 4403 οἱ
413 4345 437 4404 δ’
457 4345 500 4405 ἐπὶ
516 4371 549 4426 τη
569 4345 630 4427 περί
650 4345 697 4414 τδς
716 4347 796 4425 τιμάς
810 4349 888 4409 ίλατ-

116 4433 211 4511 τόεσει,
234 4435 346 4514 ἐπήνουν
367 4434 410 4494 τδν
439 4437 537 4517 ἀνδρα,
560 4440 595 4503 ὡς
617 4437 733 4514 γενναῖον
751 4436 797 4496 καί
811 4438 887 4519 φιλό-

117 4527 191 4582 πολιν
211 4527 257 4582 καὶ
271 4523 306 4583 τά
320 4523 450 4606 κράτιστα
466 4528 505 4606 τῷ
522 4530 601 4604 κοινῷ
615 4525 741 4604 λε’γοντα·
762 4530 786 4587 οἱ
802 4528 829 4585 δὲ
845 4528 891 4598 δη-

120 4612 226 4689 μοτικὰς
241 4614 344 4691 ἔχοντες
357 4612 405 4681 τάς
418 4613 584 4695 προαιρέσεις
596 4617 648 4673 τῶν
663 4614 767 4694 τρόπιυν
779 4614 826 4674 καί
846 4615 890 4674 τὸν

118 4701 227 4759 πλοῦτον
242 4702 271 4758 ού
294 4700 363 4779 πίρα
378 4707 424 4761 τοῦ
442 4700 544 4768 δέοντος
564 4701 776 4779 ἐκτετιμηκότες,
796 4707 843 4776 τῆς
862 4726 891 4762 τε

69 4813 96 4850 ao
118 4787 222 4869 εἰρήνης
249 4786 322 4846 οδδίν
351 4788 555 4870 ἀναγκαιότερον
581 4790 822 4867 ύπολαμόάνοντες,
841 4790 891 4871 ήχ-

118 4884 193 4939 θοντο
215 4886 269 4945 τοῖς
287 4877 435 4956 λεγομένοις
456 4879 500 4938 ὑπ’
527 4881 625 4956 αὐτοῦ,
647 4878 693 4938 καί
712 4878 760 4952 τήν
783 4878 891 4957 γνώμην

118 4967 148 5027 οδ
166 4963 321 5048 προσίεντο·
340 4965 429 5039 ἠξίουν
445 4990 474 5026 τε
497 4971 535 5045 μή
558 4976 611 5034 τοῖς
634 4967 741 5048 βιαίοις,
757 4967 825 5026 ἀλλά
839 4971 892 5036 τοῖς

119 5056 263 5136 εύγνιόμοσε
273 5058 401 5135 περιεῖναι
411 5057 462 5115 τῶν
474 5058 675 5139 ταπεινοτέρων,
686 5055 753 5133 μηδὲ
766 5055 892 5136 ἀπριπές,

118 5146 337 5225 ἀλλ’ἀναγκαῖον
358 5150 480 5227 ἡγεῖσθαι
498 5143 529 5206 τδ
546 5143 676 5221 ἐπιεικὲς,
693 5144 780 5212 άλλως
799 5165 828 5203 τε
845 5143 892 5206 καλ

946 3922 1055 3971 exortos.
1088 3922 1149 3970 Nam
1172 3918 1216 3984 qni
1238 3919 1269 3968 ab
1300 3916 1370 3966 initio
1390 3916 1456 3982 plebi
1479 3917 1674 3969 adrersabantur
1700 3922 1725 3971 et

946 4019 1030 4070 pacem
1052 4008 1123 4060 inriti
1148 4005 1312 4066 iecerant,in
1334 4018 1385 4068 quo
1403 4019 1508 4056 numero
1530 4007 1645 4058 iuventus
1662 4021 1726 4072 pene

947 4099 999 4147 tota
1017 4101 1090 4158 erat,
1107 4098 1132 4148 et
1151 4110 1165 4147 e
1188 4093 1328 4145 senioribus
1345 4092 1461 4143 ditissimi
1483 4097 1508 4144 et
1530 4094 1726 4146 ambitiosissimi

946 4186 1048 4237 moleste
1060 4188 1167 4237 terentes
1177 4184 1218 4234 alii
1231 4182 1288 4232 aeris
1300 4180 1374 4231 alieni
1383 4181 1501 4241 iacturas,
1516 4181 1558 4231 alii
1568 4181 1592 4232 in
1605 4183 1725 4235 bonorum
1829 4234 1832 4239 ,

945 4272 1061 4335 petitione
1084 4272 1208 4337 repulsas,
1225 4268 1359 4318 laudabant
1376 4267 1517 4330 hominem,
1532 4271 1560 4318 ut
1579 4282 1723 4330 generosum

947 4362 972 4408 et
985 4362 1072 4422 patriae
1089 4365 1228 4416 amantem,
1239 4359 1266 4407 et
1279 4356 1371 4419 optima
1385 4356 1529 4419 reipublicae
1547 4357 1649 4408 consilia
1661 4358 1721 4408 dan·

948 4452 998 4500 tem
1015 4469 1021 4498 2
1039 4452 1064 4497 at
1075 4462 1182 4512 quorum
1193 4446 1278 4496 'animi
1298 4445 1466 4509 propensiores
1485 4449 1557 4495 erant
1571 4447 1595 4494 in
1611 4443 1721 4507 plebem,

946 4541 970 4588 et
985 4537 1028 4601 qui
1044 4537 1144 4588 divitias
1154 4537 1221 4587 lrand
1238 4535 1312 4593 ultra,
1329 4547 1405 4596 quam
1419 4547 1465 4598 par
1478 4537 1533 4595 est,
1551 4533 1722 4595 aestimabant,

947 4625 1037 4688 quique
1058 4621 1119 4673 nibil
1139 4623 1217 4687 magis
1236 4621 1416 4680 necessarium,
1432 4634 1507 4683 qnam
1530 4634 1629 4684 pacem,
1646 4620 1722 4669 duce-

946 4711 1019 4769 bant,
1034 4710 1099 4760 illius
1110 4711 1246 4760 orationem
1261 4708 1364 4758 moleste
1375 4707 1499 4769 terebant,
1511 4721 1590 4770 neque
1600 4706 1655 4756 eius
1663 4717 1722 4754 sen·

947 4795 1046 4847 tentiam
1058 4795 1212 4858 pmbabant:
1234 4798 1259 4845 et
1271 4792 1404 4844 censebant
1419 4808 1466 4844 non
1487 4794 1523 4853 ri,
1543 4792 1588 4843 sed
1605 4801 1721 4838 mausue-

946 4889 1030 4941 tudine
1050 4889 1187 4939 bumilioris
1209 4890 1313 4939 tertuum
1340 4888 1452 4937 homiues
1472 4882 1616 4941 vincendos,
1643 4893 1723 4944 neque

946 4980 1099 5039 indecoram,
1120 4978 1163 5028 sed
1180 4978 1344 5029 neeessariam
1360 4973 1547 5026 existimandam
1563 4983 1617 5019 esse
1635 4971 1722 5020 mode·

948 5067 1082 5127 rationem,
1096 5065 1232 5129 praesertim
1245 5067 1266 5115 si
1280 5059 1450 5113 benevolentia
1461 5061 1560 5107 utamur
1571 5070 1628 5121 erga
1639 5057 1720 5120 eires,

947 5157 992 5222 qui
1002 5155 1131 5208 uobiscum
1147 5155 1251 5215 vivunt3
1265 5153 1368 5215 eiusque
1380 5147 1510 5200 consilium
1522 5146 1656 5211 insaniam,
1673 5160 1719 5198 non
