3772 5828
151 396 212 456 tto

148 526 237 586 κοινά·
256 522 309 600 έγδν
328 520 351 580 δ’
371 522 411 581 έτι
430 520 554 602 νιύντιρον
574 524 650 584 αὐτὸν
671 525 826 601 ὑποτίθεμαι
848 526 926 586 πέντε

148 612 217 679 &aas
230 612 316 681 έτισι,
335 611 381 667 καί
395 613 464 669 ποιῶ
478 610 549 669 κατὰ
564 611 595 669 τίν
609 613 729 687 πέμπτον
746 616 791 672 καί
808 616 925 675 εἰκοστὸν

147 702 202 766 ltu
218 697 441 775 ἀπανιστάμενον.
485 698 539 759 Καί
559 700 612 776 μὴν
631 701 673 759 ὅτι
688 709 800 780 γυναῖκα
821 705 895 784 Τυρρ
914 738 926 750 -

144 786 203 843 vlla
216 784 379 865 ἀπηγάγετο,
399 784 433 857 ἢν
455 788 550 856 ζῶντος
571 785 610 844 έτι
630 792 677 846 τοῦ
693 789 792 870 πατρὸς
810 789 923 868 ἔγημεν,

105 890 119 928 ε
145 872 261 939 ἅπαντας
274 874 447 951 ὁμολογοῦσιν
458 877 483 933 οἱ
495 873 540 938 sl<
555 871 710 949 Ῥωμαϊκὰς
727 879 926 956 συγγράψαντες

143 960 274 1040 ἱστορίας.
317 961 533 1042 Παραγίνεταιδ
553 963 589 1028 εἱς
608 962 719 1038 Ῥώμην
734 961 832 1043 Ἄγκου
846 968 926 1044 Μαρ-

145 1049 202 1110 κίον
218 1051 415 1131 βασιλεύοντος,
428 1054 464 1117 ὡς
486 1050 532 1126 μέν
550 1050 657 1118 Γέλλιος
668 1055 778 1133 ἱστορεῖ,
798 1054 867 1114 κατά
881 1057 925 1113 τὸν

144 1141 251 1220 πρῶτον
262 1142 377 1200 θνιαυτὸν
387 1141 433 1209 τῆς
447 1138 593 1216 βασιλείας,
606 1139 678 1205 ὡςδὲ
692 1140 924 1222 Λικίννιοςγράφει

146 1230 217 1291 κατά
231 1231 277 1290 τὸν
293 1229 392 1307 ἀγδοον.
435 1223 529 1286 Ἐστω
547 1226 580 1298 δὴ
595 1228 664 1285 κατὰ
683 1233 772 1289 τοῦτον
795 1228 926 1300 ἐληλυθὼς

104 1334 118 1369 o
147 1316 193 1375 τὸν
207 1318 340 1388 ίνιαυτδν,
354 1314 413 1373 καθ’
425 1312 454 1372 ts
469 1312 564 1394 γράφει
584 1315 733 1390 Λικίννιος,
746 1316 792 1376 καὶ
809 1315 848 1393 μὴ
861 1317 926 1397 πρέ·

144 1427 237 1485 τερον·
258 1406 286 1462 έν
305 1401 404 1481 ὑστέρῳ
426 1402 475 1477 μέν
496 1399 547 1481 γὰρ
568 1403 616 1461 οὐκ
631 1402 662 1460 ἀν
677 1402 718 1476 είη
732 1404 820 1484 χρόνῳ
839 1427 927 1482 παρα·

144 1489 270 1569 γεγονὼς,
285 1489 338 1568 ιὶγε
350 1489 382 1561 δὴ
391 1486 461 1547 κατὰ
477 1491 521 1548 τὸν
531 1489 623 1549 ἔνατον
637 1490 754 1551 ἐνιαυτὸν
769 1497 816 1566 τῆς
827 1492 926 1573 Ἄγκου

144 1577 307 1652 δυναστείας,
321 1576 423 1636 ἱππέων
438 1575 582 1654 ἡγούμενος
598 1579 642 1639 tri
659 1579 704 1639 τὸν
720 1582 785 1662 πρὸς
798 1585 927 1648 Λατίνους

142 1666 270 1743 πόλεμον,
285 1664 335 1725 ὑπὸ
349 1670 395 1725 τοῦ
417 1667 546 1743 βασιλέως
565 1668 713 1745 πέμπεται,
725 1673 762 1737 ὡς
783 1671 926 1752 ἀμφότεροι

103 1771 115 1809 ε
142 1751 264 1829 λέγουσιν
284 1756 310 1812 οἱ
323 1761 494 1834 συγγραφεῖς.
536 1757 571 1815 El
591 1757 623 1827 δὴ
642 1758 802 1840 παρεγένετο
819 1759 866 1835 μέν
890 1761 927 1825 είς

143 1839 268 1919 Ῥώμην,
283 1844 313 1901 ού
327 1843 411 1901 πλείω
424 1844 476 1900 τῶν
490 1840 567 1903 πέντε
580 1847 626 1903 καί
640 1844 721 1905 ιίκοσι
736 1847 848 1926 γεγονὼς
863 1849 925 1920 έτη,

141 1926 234 2013 Ἄγκῳ
245 1933 273 1993 δέ
284 1932 388 2010 βασιλεῖ
402 1930 471 1990 κατέ
481 1929 525 1989 τὸν
537 1933 626 2010 ὄγδοον
641 1938 688 2005 τῆς
698 1940 783 2015 ἀρχῆς
795 1939 926 2017 ἐνιαυτὸν,

144 2021 219 2103 φίλος
233 2021 370 2102 γενόμενος
380 2019 557 2080 ἑπτακαίδεκα
573 2022 704 2103 διέτριψεν
721 2026 767 2096 ἔτη
776 2029 841 2105 παρ’
854 2028 926 2108 αύτῷ

142 2110 178 2171 τά
192 2111 272 2171 λοιπά
292 2106 424 2190 (τέτταρα
444 2111 496 2186 γὰρ
514 2109 558 2168 tsi
576 2118 630 2179 τοῖς
659 2111 741 2174 είκοσι
766 2113 926 2194 βεύασίλευ·

103 2212 116 2249 u
143 2220 189 2257 χεν
202 2194 310 2279 Ἄγκος]
324 2196 370 2268 ἔτη
382 2194 408 2254 δέ
424 2196 495 2256 ἀκτὼ
508 2198 554 2256 καί
568 2199 709 2278 τριάκοντα
723 2198 772 2272 τὴν
788 2203 925 2281 βασιλείαν

143 2284 272 2365 κατέσχεν
284 2284 374 2357 αὐτὸς,
392 2287 427 2352 ὡς
446 2284 562 2354 ἅπαντες
582 2290 769 2368 ὁμολογοῦσιν·
788 2291 928 2368 ὀγδοηκον-

140 2371 238 2447 ταέτης
264 2371 295 2432 ἀν
319 2363 351 2445 ἦν
374 2373 413 2434 δι’
436 2373 572 2434 ἐτελεύτα·
601 2377 633 2435 ἐκ
653 2378 705 2456 γάρ
731 2381 779 2437 τοῦ
802 2379 927 2458 συλλογι-

143 2466 214 2537 σμοῦ
229 2465 279 2522 τῶν
293 2466 358 2522 ἐτῶν
373 2469 449 2524 τοῦτο
461 2464 601 2543 συνάγεται
612 2467 642 2527 τὸ
657 2468 767 2538 πλῆθος.
810 2466 845 2529 Ἡ
860 2468 925 2547 γυνὴ

142 2548 185 2623 δέ,
194 2553 217 2612 εί
231 2550 309 2612 πέντε
324 2551 407 2612 έτεσιν
418 2544 451 2626 ἦν
469 2555 549 2614 αὐτοῦ
563 2557 689 2637 νεωτέρα,
704 2556 826 2638 καθάπερ
841 2557 924 2635 εἰκὸς,

103 2652 115 2692 5
143 2637 338 2715 έάδομηιιοστδν
353 2638 385 2699 ἀν
401 2640 485 2711 δήπου
503 2641 548 2701 καί
562 2641 683 2718 πέμπτον
705 2634 775 2724 εἶχεν
794 2644 866 2719 έτος,
882 2643 925 2705 ὅτι

143 2727 293 2799 ἀπέθνησκε
307 2729 463 2809 Ταρκύνιος.
508 2733 542 2789 Εἰ
557 2730 589 2800 δὴ
604 2733 648 2790 τὸν
659 2733 784 2812 νεώτερον
794 2739 847 2793 τῶν
862 2738 925 2794 υἱῶν

142 2814 255 2895 έσρατον
263 2817 383 2891 έκύησεν,
391 2817 447 2885 lto<
457 2818 556 2897 ἔχουσα
566 2821 755 2893 πεντηκοστόν·
766 2820 926 2903 προσωτέρω

140 2899 192 2983 γάρ
210 2902 300 2962 ούκέτι
322 2903 458 2963 κυίσκεται
473 2906 565 2965 τούτου
583 2912 629 2965 τοῦ
650 2908 745 2987 χρόνον
771 2907 847 2986 γυνὴ,
862 2910 921 2969 ἀλλ’

141 2990 212 3050 έστιν
227 2982 300 3060 οὗτος
316 2996 405 3059 αὐτοῖς
415 2996 468 3053 τῶν
481 2993 582 3053 ὠδίνων
596 2993 665 3069 ὅρος,
675 2998 709 3061 ὡς
724 2997 749 3054 οἱ
763 3000 848 3053 ταῦτα
861 2995 922 3069 έξη·

103 3096 117 3139 t
142 3078 250 3147 τακάτις
267 3080 426 3162 γράφουσιν·
440 3072 513 3148 οὗτος
529 3082 577 3157 μὲν
596 3072 639 3142 ούν
653 3086 700 3142 οὐκ
716 3083 748 3141 διν
763 3082 867 3142 ἐλάττω
880 3109 924 3165 γε·

142 3165 224 3244 γονὼς
235 3159 266 3238 ἦν
277 3167 323 3238 ἔτι,
334 3172 386 3228 τῶν
394 3167 471 3227 πέντε
480 3168 526 3226 καί
538 3168 630 3243 εἴκοσι,
638 3170 708 3229 κατὰ
715 3171 759 3228 τὸν
769 3176 815 3229 τοῦ
825 3174 925 3252 πατρὸς

143 3256 269 3328 θάνατον,
285 3261 299 3314 ὁ
315 3256 342 3317 δέ
357 3257 466 3325 Λεύκιος
481 3261 495 3317 ὁ
510 3257 688 3338 πρεσύύτερος
701 3260 730 3317 ού
747 3257 827 3336 μείων
843 3263 925 3319 ἑπτα·

144 3345 352 3414 κσιιικοσέτους·
371 3348 419 3404 οὐκ
441 3345 494 3427 ἀρα
519 3345 627 3418 νηπίους
649 3346 789 3408 κατέλιπεν
814 3347 884 3415 υἱούς
909 3352 924 3408 ὃ

143 3432 291 3513 Ταρκύνιος
306 3437 337 3494 ἐκ
349 3434 447 3508 ταύτης
458 3436 596 3515 γεγονότας
607 3441 655 3508 τῆς
668 3438 800 3517 γυναικός.
844 3438 925 3499 Ἀλλά

103 3546 116 3584 o
143 3520 197 3599 μὴν
212 3522 237 3581 εί
245 3524 271 3600 γ’
283 3527 383 3604 ἀνδρῶν
393 3525 497 3596 ἡλικίαν
509 3516 580 3606 εἶχον
595 3528 619 3584 οἱ
633 3529 740 3600 παῖδας,
752 3527 818 3587 &so
831 3527 921 3609 πατὴρ

144 3612 230 3671 αύτῶν
250 3613 427 3686 ἀπέθνησκεν,
449 3611 507 3672 οὔτ’
532 3612 562 3673 διν
583 3619 600 3686 ἡ
626 3613 716 3695 μήτηρ
736 3618 823 3676 αὐτῶν
843 3618 925 3686 οὕτως

144 3688 177 3771 ἦν
197 3700 274 3757 ἀθλία
294 3702 339 3758 καί
362 3700 522 3776 θεούλαέλς,
535 3701 604 3764 ὥστε
622 3706 789 3782 ἀφαιρεῖσθαι
803 3703 850 3782 μέν
872 3711 924 3766 τῶν

144 3788 241 3855 ἱαυτῆς
255 3787 352 3846 τέκνοιν
367 3790 401 3860 ἣν
419 3791 560 3850 κατελιπεν
579 3791 669 3858 αὐτοῖς
688 3791 807 3871 ὁπατὴρ
825 3794 925 3873 ἀρχὴν,

144 3877 182 3954 τῷ
195 3875 223 3933 δ’
248 3878 378 3958 ἀλλοτρίῳ
392 3880 438 3939 καί
456 3881 487 3939 lu
506 3879 600 3951 δούλης
619 3878 737 3958 γεγονότι
756 3880 925 3959 χαρίζεσθαι·

103 3982 117 4024 ο
143 3962 204 4026 οὔτ’
228 3966 259 4027 ἀν
281 3969 355 4027 αὐτοὶ
382 3973 428 4039 τῆς
446 3966 571 4047 πατρῴας
593 3972 678 4048 ἀρχῆς
705 3967 925 4047 ἀποστερούμενοι

143 4054 250 4135 φαύλως
261 4056 307 4115 καὶ
323 4056 445 4140 ῥᾳθύμως
459 4057 490 4116 τὸ
501 4055 621 4133 ἀδίκημα
637 4057 768 4137 ἤνεγκαν,
783 4056 925 4117 καὶταῦτα

144 4145 173 4203 έν
197 4149 230 4225 τῇ
256 4145 385 4225 κρατίστη
407 4150 451 4204 τοῦ
475 4145 561 4223 λέγειν
582 4169 611 4204 τε
639 4146 684 4205 καὶ
704 4145 829 4224 πράττειν
853 4146 926 4216 ὄντες

144 4235 234 4313 ἀκμῇ·
250 4235 308 4294 οὔτε
323 4237 373 4314 γάρ
393 4235 510 4315 εὐγενείᾳ
533 4243 655 4316 προεῖχεν
673 4237 784 4294 αὐτῶνθ
799 4235 923 4311 Τύλλιος,

144 4324 175 4383 lx
195 4324 289 4395 δούλης
313 4322 411 4401 μητρὸς
431 4320 482 4400 διν,
502 4323 562 4383 οὔτε
578 4324 682 4395 ἡλικίας
703 4324 835 4401 ἀξιώματι
851 4327 924 4408 παρὰ

104 4425 119 4464 ε
144 4409 212 4468 πολὺ
234 4411 405 4482 διήλλαττεν,
432 4410 500 4470 ἀλλά
525 4412 595 4492 τρισί
614 4414 693 4489 μένον
720 4413 790 4473 ίτεσι
813 4415 923 4494 θατέρου

145 4497 319 4578 πρεσὸύτερος
338 4490 387 4575 ἦν,
402 4498 466 4558 ὥστ’
486 4502 534 4560 οὐκ
549 4501 579 4560 ἀν
593 4526 624 4581 γε
644 4502 839 4584 παρεχώρησαν
853 4507 925 4586 αὐτῷ

146 4591 193 4659 τῆς
207 4587 342 4666 βασιλείας
356 4586 469 4656 ἑκόντες.

184 4675 250 4738 VII.
270 4676 348 4756 Ἔχει
362 4674 389 4735 δὲ
399 4676 444 4735 καί
459 4677 541 4745 ἄλλας
552 4679 624 4746 τινάς
637 4681 668 4740 τὸ
677 4689 789 4759 πρᾶγμα
799 4678 923 4755 ἀτοπίας,

146 4765 177 4835 tt<
198 4763 312 4832 ἀπαντες
327 4765 460 4846 ἠγνόησαν
479 4768 503 4823 οἱ
523 4765 556 4824 τά
576 4766 716 4842 Ῥωμαϊκά
737 4767 923 4844 συνταξάμενοι

103 4881 117 4923 0
144 4845 500 4935 πλήνένδς,ούμετθμικρ“ον
513 4854 696 4933 ἔρῶτούνομα.
739 4856 922 4937 Ώμολόγηται

144 4939 197 5022 γάρ
216 4943 256 5003 ύτι
269 4945 314 5005 καί
328 4943 396 5022 μετδι
409 4944 456 5013 τὴν
473 4943 621 5023 Ταρκυνίου
641 4944 778 5019 τελευτὴν,
794 4948 922 5027 παραλα-

145 5029 200 5091 dds
214 5031 262 5106 τὴν
273 5036 410 5112 βασιλείαν
423 5033 546 5106 Τύλλιος,
558 5034 600 5092 ἀπ’
610 5033 657 5105 ἔτη
671 5034 864 5113 τετταράκοντα
875 5035 920 5094 καί

146 5118 262 5202 τέτταρα
278 5123 420 5201 κατέσχεν,
445 5120 508 5180 ὥστ’
531 5124 553 5180 εί
576 5123 634 5179 κατ’
652 5123 749 5183 ἐκεῖνον
766 5123 811 5181 τὸν
829 5123 922 5201 χρόνον

147 5209 413 5280 ἱπτακαιεικοσαέτης
426 5200 469 5282 ἦν,
491 5210 534 5269 trs
552 5212 721 5289 ἀπεστερεῖτο
740 5215 787 5282 τῆς
806 5213 891 5290 ἀρχῆς
912 5215 926 5266 ὁ

644 393 814 455 DlONYSll
836 394 1215 460 HALlGllRNASSENSlS

981 550 1087 602 rumque
1097 539 1163 601 leges
1176 552 1219 590 eos
1229 543 1323 599 arcent,
1337 542 1381 605 qni
1393 542 1552 608 magistratus
1561 557 1647 609 gerere
1657 549 1682 596 et
1695 559 1763 597 rem·

981 640 1103 705 publicam
1114 641 1288 693 administrare
1303 643 1413 708 volunt),
1426 648 1508 711 elego
1523 649 1563 699 vel
1578 648 1686 713 quinque
1701 649 1764 701 inte-

980 744 1030 809 gris
1049 746 1121 796 anuis
1140 746 1262 797 iuniorem
1278 760 1337 797 eum
1355 748 1431 800 luisse
1451 753 1544 811 statuo,
1562 756 1589 802 et
1605 752 1722 816 vigesimo
1738 757 1764 803 et

981 848 1068 914 quinto
1074 849 1154 900 atatis
1168 864 1233 900 anno
1246 851 1379 916 emigrasse
1391 853 1464 905 lanio.
1500 856 1648 915 Quinetiam
1660 870 1765 909 uxorem

981 969 1038 1007 eum
1045 958 1174 1007 Etruscam
1181 955 1324 1015 adduxisse,
1333 972 1408 1022 qnam
1418 959 1516 1012 vivente
1523 960 1681 1027 adhuepatre
1688 962 1765 1013 dune·

981 1063 1030 1118 rat,
1038 1072 1126 1110 omnes
1135 1062 1237 1112 llomaui
1246 1063 1376 1126 scriptores
1390 1064 1554 1115 consentiunt.
1590 1067 1768 1115 llomnmroro

983 1163 1129 1215 renitando
1142 1167 1235 1216 dlsrcio
1244 1171 1369 1229 regnante,
1382 1171 1411 1218 ut
1420 1167 1513 1219 Gellius
1523 1166 1607 1228 tradit,
1621 1181 1686 1231 anno
1696 1169 1767 1230 regni

981 1270 1075 1336 primo,
1099 1284 1198 1333 rerum,
1216 1277 1245 1323 nl
1272 1273 1380 1325 Licinius
1408 1273 1500 1334 scribit,
1520 1277 1618 1323 ootsvo.
1652 1273 1702 1323 Sed
1725 1272 1766 1323 sa·

982 1379 1076 1430 olemus
1087 1393 1146 1431 enm
1158 1378 1255 1430 venisse
1266 1393 1296 1430 eo
1312 1393 1384 1434 anno.
1397 1393 1447 1442 quo
1463 1377 1573 1429 Licinius
1585 1376 1681 1436 scribit,
1692 1379 1766 1426 antes

982 1479 1766 1549 autemnon:possenmtmnultomodormirepotutt‚siqnidem

982 1602 1046 1640 nono
1058 1604 1120 1640 anno
1132 1589 1199 1654 regni
1210 1588 1271 1639 lnoi
1283 1587 1395 1652 equiturn
1407 1585 1524 1649 magister
1540 1584 1566 1635 iu
1584 1583 1765 1648 expeditionem

983 1700 1068 1746 eontra
1079 1694 1178 1746 latinos
1189 1708 1205 1745 a
1216 1706 1273 1757 rege
1281 1692 1374 1742 missus
1383 1693 1430 1749 ost,
1441 1688 1651 1754 quemadmodum
1661 1689 1766 1750 uterque

982 1799 1086 1862 scriptor
1100 1798 1183 1849 tradit.
1215 1797 1240 1848 Si
1254 1795 1329 1859 igitur
1351 1796 1453 1846 Romam
1468 1793 1535 1843 uenit
1553 1806 1601 1842 non
1620 1791 1676 1856 plus
1687 1803 1764 1855 quam

981 1917 1033 1953 xxv
1047 1906 1213 1962 annosnatus,
1230 1905 1257 1953 et
1270 1901 1303 1953 ab
1320 1905 1388 1953 Anno
1404 1913 1463 1964 rege
1473 1901 1562 1950 octauo
1573 1898 1641 1962 regni
1654 1910 1718 1948 auno
1738 1896 1764 1946 in

981 2008 1115 2060 amicitiam
1140 2011 1252 2073 receptus
1271 2006 1380 2070 reliquos
1402 2001 1578 2069 septemdecim
1598 2016 1674 2053 annos
1697 2000 1764 2067 apud

983 2125 1041 2163 eum
1063 2111 1145 2176 eregit
1166 2113 1262 2172 (Ancus
1283 2109 1351 2160 enim
1369 2107 1478 2173 regnavit
1503 2105 1591 2168 viginti
1609 2108 1635 2155 el
1657 2108 1765 2168 quatuor

982 2218 1075 2280 annos>
1092 2217 1217 2280 ipsoram
1233 2228 1284 2264 xxx
1304 2215 1330 2265 et
1345 2215 1402 2264 oeto
1414 2223 1492 2261 anuos
1510 2221 1612 2273 regnum
1627 2206 1714 2266 tenuit,
1734 2211 1764 2256 ut

982 2327 1068 2365 omnes
1080 2314 1196 2369 talentum
1213 2312 1386 2374 octogesimum
1403 2307 1485 2361 ostatis
1500 2319 1591 2357 anuum
1603 2303 1692 2369 agebat
1705 2317 1764 2354 eum

982 2414 1062 2465 obiret
1090 2431 1096 2462 :
1121 2413 1144 2464 is
1163 2413 1229 2464 enim
1250 2424 1369 2462 numerus
1388 2423 1418 2461 ex
1441 2421 1561 2460 annorum
1580 2406 1764 2470 computatione

983 2518 1112 2583 colligitur.
1146 2521 1215 2568 Uror
1233 2520 1316 2567 aulem
1334 2517 1354 2566 si
1374 2514 1483 2580 quinque
1503 2513 1574 2564 annis
1597 2510 1678 2562 iunior
1696 2512 1760 2567 erat.

982 2625 1012 2671 nt
1036 2619 1169 2672 verisimile
1189 2622 1237 2678 est,
1265 2618 1474 2684 septuagesimum
1496 2619 1522 2668 et
1542 2612 1657 2679 quintum
1671 2626 1764 2664 anunm

982 2723 1077 2789 agebat,
1099 2738 1156 2775 cum
1174 2724 1307 2775 moriretur
1330 2722 1485 2787 Tarquinius.
1526 2720 1552 2771 si
1567 2720 1641 2785 igitur
1655 2719 1762 2770 liliorum

982 2828 1101 2881 minorem
1123 2831 1183 2879 natu
1206 2829 1340 2879 novissime
1367 2840 1432 2878 auno
1455 2825 1536 2877 natalis
1560 2823 1766 2890 quinquagesimo

981 2931 1084 2994 peperit.
1100 2931 1181 2995 (ultrs
1205 2930 1270 2980 enim
1286 2930 1334 2980 hoe
1351 2933 1451 2994 tempus
1466 2928 1583 2979 mulieres
1604 2941 1653 2979 non
1675 2930 1761 2991 partu·

981 3036 1060 3093 riunl‚
1073 3033 1116 3085 sed
1129 3034 1170 3085 hic
1187 3038 1224 3084 est
1238 3038 1324 3098 partus
1340 3034 1449 3099 ipsarum
1464 3033 1536 3091 linis,
1552 3030 1764 3096 quemadmodum

981 3138 1092 3188 scribunt
1109 3137 1152 3202 qui
1170 3137 1224 3187 haec
1240 3136 1381 3198 diligentius
1398 3138 1546 3202 persemtatt
1566 3139 1648 3200 sunt),
1665 3137 1706 3188 ille
1718 3137 1763 3187 vix

980 3246 1034 3293 erat
1040 3241 1120 3292 minor
1128 3241 1212 3304 viginti
1222 3241 1331 3305 quinquo
1343 3242 1421 3303 annis
1436 3240 1534 3305 quando
1543 3243 1613 3304 puter
1626 3239 1702 3300 obilt;
1714 3242 1764 3289 Ln-

981 3347 1110 3407 oiusvem,
1118 3345 1229 3411 quinutu
1239 3348 1293 3395 erat
1301 3344 1424 3410 grandior,
1435 3360 1486 3395 non
1491 3345 1571 3397 minor
1579 3347 1634 3396 erat
1640 3357 1710 3394 rursu
1716 3357 1760 3393 an-

980 3450 1019 3501 uis
1036 3462 1106 3500 :non
1122 3462 1180 3514 ergo
1199 3448 1347 3514 tarquinius
1366 3447 1429 3498 lilios
1443 3461 1474 3498 ex
1492 3447 1539 3498 trae
1562 3460 1639 3497 uxore
1655 3458 1758 3510 suseep-

980 3558 1019 3606 los
1037 3553 1145 3619 reliquit,
1162 3554 1204 3618 qui
1222 3555 1328 3604 intentes
1339 3545 1440 3602 essent.
1458 3554 1509 3601 lam
1522 3550 1616 3601 verosi
1634 3549 1679 3601 lilii
1695 3548 1761 3599 ririli

981 3661 1055 3709 aetate
1066 3658 1179 3719 luissent,
1194 3672 1251 3709 enm
1265 3659 1333 3722 paler
1349 3656 1470 3715 interiret,
1488 3668 1569 3719 neque
1580 3667 1666 3706 eorum
1682 3659 1763 3706 mater

980 3761 1043 3814 adeo
1054 3763 1143 3814 misera
1151 3764 1176 3813 et
1184 3761 1223 3812 dis
1234 3761 1313 3811 inrisa
1325 3760 1420 3820 luisset,
1430 3763 1459 3809 nt
1471 3757 1535 3808 tilios
1545 3771 1604 3809 suos
1612 3772 1688 3822 regno
1694 3759 1760 3823 quod

980 3869 1051 3932 pater
1072 3866 1131 3930 ipsis
1154 3866 1286 3928 reliquerat
1310 3863 1426 3930 privaret,
1447 3876 1526 3926 eoque
1548 3863 1624 3912 alium
1640 3877 1671 3914 er
1690 3875 1761 3912 serra

980 3972 1066 4019 natum
1078 3967 1188 4028 donaret,
1206 3981 1284 4030 neque
1300 3967 1347 4032 ipsi
1363 3971 1465 4032 paterno
1478 3981 1552 4031 regno
1563 3967 1661 4032 spoliali
1671 3966 1761 4032 ignore

979 4078 1004 4123 et
1019 4072 1167 4137 negligenter
1187 4071 1299 4121 iniuriam
1321 4071 1449 4131 tulissent3
1465 4070 1602 4135 presertim
1627 4084 1657 4123 es
1677 4076 1760 4134 aetate,

979 4186 1029 4236 qur
1052 4171 1158 4222 maxime
1178 4175 1205 4220 et
1224 4169 1323 4221 dicendi
1344 4173 1370 4219 et
1387 4169 1474 4234 agendi
1496 4169 1614 4221 insultate
1635 4170 1760 4223 llorerent.

981 4273 1063 4335 ltaque
1075 4270 1140 4321 enim
1154 4269 1250 4322 Tullius
1262 4272 1291 4318 ut
1302 4282 1381 4319 serrae
1392 4268 1519 4332 progenies
1527 4268 1623 4331 generis
1634 4267 1763 4320 nobilitato

979 4369 1027 4420 illls
1035 4368 1177 4435 prestabat,
1193 4382 1272 4431 neque
1287 4366 1368 4416 relatis
1383 4364 1502 4427 dignitate
1515 4365 1650 4416 admodum
1663 4379 1759 4417 eosnu-

980 4474 1115 4531 teoedebat,
1138 4472 1181 4524 sed
1198 4473 1275 4522 tribus
1294 4474 1390 4521 lantum
1410 4471 1481 4519 annis
1500 4468 1578 4519 altem
1594 4473 1648 4520 erat
1660 4470 1760 4520 maior:

979 4589 1056 4639 qnnre
1069 4589 1195 4638 nunquam
1210 4578 1296 4639 sponte
1308 4573 1342 4623 illi
1354 4586 1429 4636 regno
1443 4572 1584 4621 cessissent.

1011 4690 1067 4738 v11.
1086 4690 1209 4738 Prnterea
1224 4688 1278 4738 nme
1293 4687 1376 4752 opinio
1390 4685 1450 4736 ullas
1467 4683 1587 4748 quasdam
1599 4682 1763 4736 difficultates

979 4794 1062 4855 habel,
1074 4807 1136 4857 quas
1148 4807 1234 4843 omnes
1242 4807 1326 4845 rerum
1339 4795 1504 4842 llomnnarum
1516 4791 1648 4855 scriptores
1664 4789 1762 4855 ignora·

981 4903 1048 4953 runt.
1063 4913 1112 4948 nno
1122 4903 1231 4963 excepto,
1244 4898 1313 4948 euius
1323 4911 1411 4947 nomen
1424 4910 1481 4946 mor
1491 4895 1580 4946 dicam.
1615 4895 1761 4946 mulessnm

980 5006 1044 5055 euim
1055 5009 1101 5063 est,
1115 5007 1172 5070 post
1183 5005 1310 5069 Tarquinii
1323 5008 1427 5056 mortem
1436 5004 1543 5056 Tullium
1554 5017 1629 5068 reguo
1642 5000 1758 5068 politum,

980 5111 1141 5179 qnadraginta
1150 5124 1226 5161 annos
1236 5125 1358 5175 regnasse.
1392 5115 1487 5177 ltaque,
1498 5112 1520 5162 si
1531 5112 1572 5163 illo
1581 5115 1697 5176 tompore,
1710 5124 1760 5175 quo

979 5218 1106 5283 Tarquinii
1116 5216 1270 5280 liliusruaior
1281 5220 1340 5267 nalu
1354 5230 1428 5280 regno
1441 5217 1568 5268 lrsudalus
1578 5220 1625 5275 est.
1637 5214 1725 5281 viginti
1735 5220 1761 5266 et
