3772 5828
193 361 252 420 159.

196 527 207 550 α
230 499 354 575 μηθέντες
378 490 422 559 οῦν
448 504 488 561 δτι
511 503 536 560 ἐν
565 502 640 581 καλῷ
664 501 721 569 τοὺς
744 503 878 584 ἐχθίστους
905 511 969 583 ἡμῖν

196 616 208 639 ι
228 587 341 666 ἔχομεν,
357 590 381 646 οἱ
404 587 450 663 μὲν
467 589 587 670 ἄντικρυς
603 590 734 662 έπιόντες,
754 595 778 649 σί
793 595 820 651 δὲ
841 593 969 665 κατόπιν,

196 706 209 729 ι
229 675 280 734 ἔνθ’
307 676 366 736 οὗτε
390 679 481 756 πρόσω
501 679 596 758 χωρεῖν
624 679 678 738 οὔτ’
703 681 790 738 ὀπίσω
809 685 971 763 ἐπιστρέφειν

195 790 211 827 α
227 765 377 841 δυνάμενοι,
390 771 503 847 ποταμῷ
517 788 546 823 τι
562 767 607 826 καὶ
621 768 676 847 όρει
697 771 749 827 τῶν
765 769 883 849 πλαγίων
904 773 972 831 ἀπο·

152 869 164 905 d
197 852 384 930 ικλειόμενοι,
402 853 485 926 καλὴν
508 856 634 916 δώσουσιν
660 861 723 932 ἡμῖν
751 858 844 931 δίκην,
860 858 900 918 ίτε
924 859 971 920 σὺν

196 967 210 997 ιι
226 944 311 1021 πολλῇ
326 943 521 1022 καταφρονήσει
538 944 579 1004 ἐπ’
596 946 699 1012 αὐτούς.
715 974 726 998 ν

232 1031 322 1090 XXV.
335 1034 428 1091 Ταῦτα
435 1033 507 1112 παρὰ
517 1035 563 1099 τὰς
570 1034 655 1102 τάξεις
663 1035 769 1103 ἁπάσας
781 1034 882 1105 διεξιὼν
890 1037 971 1114 ἔλεγε·

191 1117 237 1178 καί
253 1118 348 1177 αὐτίκα
363 1120 421 1186 τοὺς
442 1120 490 1197 μέν
508 1123 669 1194 Φιδηναίους
690 1122 744 1190 δέος
759 1122 904 1205 εἰσέρχεται
919 1148 972 1183 πα-

141 1282 144 1287 .
192 1209 387 1287 λινπροδοσίας,
409 1213 443 1276 ῶς
465 1210 760 1291 κατεστρατηγημένους
780 1211 831 1273 iri
850 1219 897 1273 τοῦ
910 1213 972 1273 ’ni-

140 1309 164 1345 10
192 1297 293 1373 ύανοῦ,
319 1300 375 1358 ἐπεὶ
397 1299 451 1358 οὔτ’
476 1301 750 1380 ἀντιμεταταξάμενον
775 1301 853 1362 αὐτὸν
885 1293 970 1377 εἶδον,

192 1385 248 1446 οὔτ’
272 1387 315 1446 ἐπὶ
338 1388 398 1453 τοὺς
416 1387 567 1465 Ῥωμαίους
595 1389 666 1457 εὐθὺς
694 1391 853 1466 ἐλαύνοντα,
882 1390 972 1471 ῶσπερ

191 1473 317 1554 ἀπέσχετ’
339 1477 439 1543 αὐτοῖς·
463 1478 522 1544 τοὺς
548 1477 575 1538 δέ
592 1478 740 1554 Ῥωμαίους
766 1482 862 1560 ε’πῆρεν
876 1483 912 1548 είς
926 1482 971 1540 εὖ·

191 1566 302 1641 τολμίαν
325 1566 371 1624 καὶ
394 1565 504 1646 θάρσους
529 1566 671 1639 ἀνέπλησεν
692 1573 706 1627 θ
727 1568 821 1647 λόγος,
841 1570 886 1627 καὶ
911 1566 972 1646 μέγ’

192 1652 372 1727 έμῦοήσαντις
398 1658 513 1732 ὁρμῶσιν
548 1658 592 1715 ἀπὶ
620 1657 680 1725 τοὺς
706 1659 846 1734 πολεμίους
873 1656 971 1736 ἀθρόοι.

139 1763 164 1801 rs
192 1741 286 1822 Τροπὴ
307 1743 335 1801 δὲ
356 1743 455 1819 γίνεται
481 1743 549 1819 μετά
574 1748 653 1805 τοῦτο
676 1748 729 1804 τῶν
756 1745 910 1817 Φιδηναίων
926 1745 972 1804 καλ

192 1830 261 1912 ρυγὴ
274 1831 337 1908 πρὸς
353 1830 401 1900 τὴν
424 1831 501 1889 πόλιν
524 1831 682 1908 άκοσμος,θ
706 1832 735 1892 δὲ
756 1837 808 1892 τῶν
829 1833 972 1912 Ῥωμαίων

194 1919 317 2000 βασιλεὺς
331 1918 471 1998 ἐπιρράξας
487 1921 575 1988 αὐτοῖς
591 1920 639 1993 τὴν
653 1920 735 1981 ίππον
750 1921 901 2000 περιρόῦοις
915 1912 972 1980 οθσι

193 2007 238 2067 καί
252 2008 472 2087 τεταραγμένοις,
492 2008 536 2067 καὶ
557 2009 636 2090 μέχρι
656 2011 724 2076 τινδς
737 2009 839 2082 διώξας,
853 2013 888 2077 ὡς
902 2009 973 2086 ίμα-

194 2103 236 2157 θεν
252 2096 459 2173 ἐσκεδασμένους
483 2097 529 2156 ἀπ’
546 2099 689 2171 ἀλλήλοιν,
713 2099 758 2157 καί
773 2096 832 2158 οὔτε
847 2098 972 2176 λογισμδν

67 2204 71 2223 ·
138 2196 165 2237 ²⁰
193 2187 232 2246 ἔτι
246 2190 293 2245 τοῦ
310 2190 437 2256 συστῆναι
451 2186 613 2267 ληψομένους
635 2186 693 2245 οὔτε
720 2186 829 2264 δύναμιν
846 2187 971 2266 ἔχοντας,

193 2271 267 2355 spei<
284 2273 342 2339 τοὺς
362 2273 504 2351 φεύγοντας
517 2274 560 2332 ἐπὶ
577 2275 607 2333 τδ
623 2275 780 2347 συνεστηκὸς
792 2275 831 2335 έτι
853 2276 898 2335 καί
914 2277 970 2335 δια·

193 2362 269 2438 μένον
281 2364 333 2420 τῶν
349 2362 484 2439 πολεμίων
499 2362 593 2443 ίχιίιρει
611 2363 697 2442 μέρος.
740 2363 795 2425 Καὶ
812 2365 911 2443 γίνεται
923 2387 971 2424 κα·

113 2450 116 2455 ’
190 2451 235 2516 λδς
245 2449 292 2525 μέν
305 2453 374 2509 καλό
391 2453 442 2508 τῶν
455 2454 540 2519 πεζῶν
558 2451 645 2528 ἀγὼν,
663 2452 744 2512 ἔτιδὲ
762 2452 879 2512 καλλίων
902 2450 969 2535 [καὶ]

193 2540 271 2597 θεῶν
285 2537 399 2598 ἱππέων.
442 2540 482 2599 Oti
495 2538 546 2620 γάρ
555 2539 683 2600 ἐνέκλινον
699 2542 724 2600 oi
736 2541 799 2618 τῇδε
812 2540 969 2616 τεταγμένοι

137 2637 164 2675 23
192 2625 347 2688 Οὐθεντανοί
369 2626 416 2696 τὴν
432 2626 522 2707 έροδον
552 2627 624 2706 [bno]
650 2631 697 2698 τῆς
719 2626 875 2705 Ῥωμαϊκῆς
888 2625 972 2686 ἵππου

193 2714 426 2791 καταπλαγέντες,
451 2715 512 2773 ἀλλ’
535 2719 656 2797 ἀντεῖχον
677 2718 740 2797 ἄχρι
767 2720 876 2780 πολλοῦ.
917 2713 973 2777 Ἐν

191 2829 270 2865 πειτα
295 2804 421 2883 μαθόντες
437 2803 477 2864 δτι
489 2805 520 2865 τδ
537 2805 670 2884 εὐώνυμον
695 2809 768 2884 σρῶν
782 2806 908 2880 ἥττηται,
924 2808 969 2865 καί

192 2896 294 2966 πῦσ’ἠ
320 2893 476 2964 Φιδηναίων
499 2918 528 2952 τε
558 2894 605 2953 καὶ
628 2899 680 2954 τῶν
706 2895 793 2954 άλλων
820 2895 971 2974 συμμάχων

193 2982 303 3062 στρατιά
326 2983 413 3062 ρεύγει
427 2982 629 3063 προτροπάδην,
656 2982 790 3049 δείσαντες
811 2983 849 3059 μὴ
867 2987 972 3041 κυκλιυ·

136 3080 164 3121 30
194 3072 272 3128 θῶσιν
292 3072 342 3128 ὑπὸ
356 3074 407 3128 τῶν
430 3069 647 3149 ἀναστραφέντων
667 3072 696 3128 ἰκ
709 3075 755 3129 τοῦ
779 3070 896 3147 διωγμοῦ
912 3067 972 3148 τρέ-

193 3180 287 3217 πονται
309 3158 353 3216 καί
380 3157 455 3218 αὐτοί
476 3158 603 3225 λύσαντες
617 3157 663 3224 εδις
677 3157 774 3232 τάξεις,
797 3158 842 3215 καὶ
867 3159 911 3217 διδ
927 3165 971 3218 τοῦ

191 3252 313 3324 ποταμοῦ
334 3247 425 3315 σώζειν
450 3243 557 3312 ἑαυτούς
578 3248 730 3325 ἐπειρῶντο.
771 3240 850 3305 Ὅσοι
865 3244 912 3321 μέν
927 3236 971 3304 οῦν

191 3334 415 3420 ἐρρωμενέστατοί
427 3338 450 3391 τ’
468 3337 555 3392 αὐτῶν
569 3325 638 3406 ἦσαν
665 3336 710 3394 καὶ
721 3333 812 3406 ἥκισθ’
826 3333 877 3392 ὑπὸ
891 3358 971 3414 τραυ·

192 3427 282 3498 μάτων
299 3424 471 3503 βαρυνόμενοι
499 3433 551 3483 νεῖν
576 3423 600 3479 τ’
614 3425 662 3482 οάκ
684 3423 824 3494 ἀδύνατοι,
841 3423 903 3502 δίχα
917 3429 970 3484 τῶν

135 3528 162 3567 an
190 3513 278 3573 ἀπλων
305 3512 334 3569 τὸ
357 3513 454 3592 ῥεῖθρον
471 3514 680 3591 διεπεραιοῦντο·
700 3513 756 3572 δσοι
773 3511 799 3570 δέ
813 3512 911 3571 τούτοιν
926 3537 969 3573 τι-

193 3606 235 3667 νὸς
251 3600 379 3669 ἐνέλιπον,
397 3601 423 3658 έν
439 3609 495 3666 ταῖς
511 3599 592 3665 δίναις
607 3600 788 3666 ἀπέθνησκον·
803 3600 847 3668 ὀξὺ
863 3601 913 3682 γάρ
924 3608 970 3661 τοῦ

189 3687 313 3766 Τεόέριος
326 3690 370 3744 καὶ
385 3687 489 3747 σκολιὸν
507 3686 568 3767 περί
582 3693 614 3766 τῇ
630 3689 737 3768 Φιδήνῃ
751 3689 782 3746 τὸ
798 3693 893 3768 ῥεῦμα.
936 3689 970 3751 Ὁ

190 3775 217 3834 δέ
233 3778 333 3842 Τύλλος
357 3775 437 3858 μοίρορ
454 3775 506 3836 τινί
519 3779 571 3835 τῶν
586 3776 690 3836 ἱππέων
703 3777 829 3842 κελεύσας
844 3777 903 3845 τοῦς
925 3776 968 3839 ἐπί

190 3863 233 3920 τὸν
248 3861 368 3939 ποταμόν
383 3864 545 3939 ὠθουμένους
559 3863 688 3938 κτείνειν,
703 3865 779 3931 αὐτὸς
794 3864 838 3923 ἐπὶ
851 3868 881 3924 τὸ
893 3889 970 3944 στρα·

135 3969 161 4007 tu
192 3951 298 4010 τόπεδον
319 3956 372 4012 τῶν
384 3953 549 4012 Οὐλεντανῶν
564 3950 612 4022 τὴν
631 3952 713 4020 άλλην
729 3950 838 4027 δύναμιν
854 3952 924 4030 άγων
941 3952 967 4021 έξ

190 4039 281 4118 έρόδου
308 4039 406 4117 γίνεται
434 4042 520 4115 κύριος
549 4043 638 4101 αὐτοῦ.
693 4041 746 4100 Καὶ
760 4038 794 4098 τθι
823 4039 870 4116 μέν
895 4039 967 4099 Ῥω-

190 4131 275 4202 μαίων
300 4128 446 4206 πράγματα
471 4127 620 4208 παραδόξου
648 4129 761 4208 τυχόντα
780 4128 912 4208 σωτηρίας
939 4132 967 4188 έν

189 4214 289 4282 τούτοις
309 4207 352 4285 ἦν.

229 4305 333 4367 XXVI.
358 4302 392 4363 Ὅ
405 4306 427 4362 δ’
436 4301 559 4372 Ἀλύανδς
572 4305 661 4377 ἐπειδὴ
677 4308 806 4384 λαμπρῶς
816 4305 866 4377 ἤδη
878 4309 969 4365 νικῶν·

134 4409 159 4446 en
189 4415 236 4459 τας
247 4390 373 4450 ἐθεάσατο
380 4390 439 4458 τοὺς
452 4392 520 4472 ἀμφὶ
534 4392 577 4451 τθν
593 4395 708 4466 Τύλλον,
725 4391 908 4455 aasentias<
923 4395 967 4453 καί

189 4483 265 4547 αὐτὸς
279 4478 331 4537 ἀπὸ
346 4482 397 4537 τῶν
414 4482 519 4559 ὑψηλῶν
534 4482 581 4551 τὴν
592 4481 689 4540 οἰκείαν
705 4481 827 4558 δύναμιν,
842 4483 887 4540 ἐπὶ
910 4482 968 4548 τοὺς

188 4569 331 4648 ρεύγοντσς
342 4571 394 4626 τῶν
410 4569 563 4639 Φιδηναίων
586 4569 697 4649 ἐχώρει,
722 4568 765 4627 ἵνα
783 4570 815 4639 δὴ
830 4577 882 4636 τοῖς
896 4568 967 4630 Ῥω-

189 4656 275 4731 μαίοις
294 4656 395 4736 γένοιτο
410 4666 476 4715 πᾶσι
492 4657 599 4736 ρανερδς
623 4658 697 4737 ἔργον
710 4682 736 4716 τι
751 4661 833 4717 ποιῶν
855 4658 966 4733 συμμά·

189 4768 255 4823 χου,
281 4745 327 4804 καί
353 4743 465 4824 συχνούς
489 4749 542 4803 τῶν
558 4748 783 4824 διεσκεδασμένων
805 4751 831 4806 ἐν
849 4751 882 4823 τῇ
897 4751 966 4826 φυγῇ

133 4841 160 4875 '¹⁰
189 4834 326 4914 διέφθειρε.
371 4834 462 4900 buvet<
479 4833 506 4894 δὲ
524 4834 571 4905 τὴν
586 4837 700 4895 διάνοιαν
727 4840 805 4894 αὐτοῦ
820 4835 864 4894 καί
881 4835 963 4908 μιαί,-

192 4945 240 4987 σας
254 4928 302 4992 τὴν
317 4922 541 5002 παλινπροδοσίαν
560 4928 574 4983 θ
596 4925 708 4998 Τύλλος,
724 4922 796 4982 οὐδέν
821 4921 965 5001 ἐξελέγχειν

188 5006 255 5085 ᾤετο
271 5012 323 5069 δεῖν
342 5013 411 5071 κατά
427 5013 457 5071 τὸ
471 5013 573 5090 παρὸν,
589 5013 637 5078 έως
661 5012 691 5070 διν
714 5014 757 5092 ύρ’
774 5015 860 5091 ἑαυτῷ
881 5010 963 5081 ποιη-

189 5119 267 5166 σηται
280 5097 322 5156 τὸν
338 5101 440 5177 ἄνδρα,
458 5104 516 5160 ἀλλ’
540 5105 654 5162 ἐπαινεῖν
679 5125 707 5160 τε
730 5100 777 5170 τὴν
798 5099 965 5179 ἀναχώρησιν

188 5186 267 5243 αθτοῦ
290 5183 338 5255 τὴν
354 5187 396 5244 turi
414 5188 447 5246 τδι
462 5191 581 5270 μετέωρα
606 5189 670 5270 πρὸς
689 5188 800 5253 πολλούς
825 5192 875 5247 τῶν
897 5207 966 5264 περ·

707 363 880 427 promisti
903 367 1278 442 listtcsnunssnusrs

1029 513 1146 566 «dentes
1174 519 1249 581 igitur
1280 522 1365 575 bostes
1398 527 1468 578 nobis
1496 529 1672 585 infensissimos
1696 537 1720 587 iu
1755 543 1804 590 torn

1028 643 1041 668 ι
1057 632 1194 690 opportuno
1220 632 1276 684 ioco
1302 637 1449 702 interceptos
1469 653 1484 689 a
1508 641 1580 694 nobis
1605 645 1696 710 teneri,
1720 646 1762 699 atii
1790 663 1808 701 a

1028 759 1040 783 ν
1060 742 1139 794 tronte
1163 745 1205 796 eiii
1230 761 1245 798 a
1270 752 1339 814 tergo
1359 752 1517 817 invadentes,
1542 756 1585 807 nbi
1603 770 1684 822 neque
1699 761 1806 815 ulterius

1027 870 1040 896 ι
1057 856 1170 918 progredi
1183 872 1262 922 neque
1277 865 1343 912 retro
1369 864 1456 914 cedere
1471 872 1575 930 possunt
1594 870 1670 923 tinnio
1682 876 1708 924 et
1720 881 1804 927 monte

1027 985 1039 1009 a
1056 969 1159 1021 statere
1170 972 1306 1033 interclusi,
1320 974 1443 1040 intrepide
1454 978 1573 1044 impeturn
1583 981 1610 1032 in
1618 984 1686 1048 ipsos
1696 986 1776 1040 tacite.
1790 1011 1803 1035 s

1058 1076 1131 1126 XXV.
1150 1080 1210 1129 iioec
1235 1080 1334 1132 ordines
1359 1097 1505 1147 percrurons
1520 1085 1617 1139 dicebat
1644 1109 1650 1140 ι
1672 1095 1698 1143 et
1711 1096 1802 1149 .stntim

1027 1168 1157 1220 Fidenates
1179 1177 1261 1223 metus
1284 1173 1430 1238 proditionis
1449 1179 1538 1241 subiit,
1564 1183 1636 1245 qnasi
1655 1185 1687 1235 ab
1703 1187 1810 1267 ,ριΙθεπο

1027 1259 1139 1325 decepti,
1160 1264 1220 1326 qnia
1240 1277 1322 1328 neqne
1337 1278 1395 1317 enus
1419 1272 1504 1317 contre
1529 1271 1651 1321 Romanos
1677 1287 1735 1325 curn
1753 1279 1807 1335 sois

1027 1350 1185 1418 instructum,
1209 1370 1289 1421 neque
1313 1357 1338 1408 in
1359 1359 1428 1421 ilios,
1443 1365 1473 1411 ut
1495 1362 1619 1425 pollicitus
1638 1366 1733 1429 inerat,
1754 1368 1802 1419 irn-

1027 1451 1109 1509 petnm
1130 1450 1213 1500 statim
1234 1452 1313 1502 iecere
1331 1453 1457 1505 videbunt.
1493 1459 1524 1506 st
1545 1455 1588 1505 itin
1610 1457 1689 1508 orotio
1710 1460 1800 1509 Ruma-

1027 1555 1114 1592 norum
1144 1542 1239 1592 animos
1276 1545 1394 1596 excitarit
1427 1545 1458 1597 ad
1483 1547 1628 1609 andaciam,
1654 1552 1680 1600 et
1704 1549 1804 1602 neuun

1026 1636 1113 1700 plenos
1137 1635 1269 1686 reddidit:
1291 1650 1368 1701 qnare
1388 1652 1477 1702 magno
1498 1640 1605 1692 clamore
1626 1642 1725 1693 subiato
1743 1658 1803 1694 con·

1028 1729 1084 1780 terti
1105 1729 1271 1780 incursionem
1292 1730 1317 1780 in
1337 1731 1422 1782 bostes
1442 1732 1561 1784 iecerunt.
1593 1733 1658 1785 Hinc
1672 1733 1804 1786 Fidenates

1028 1824 1053 1873 in
1067 1822 1151 1888 iugum
1163 1822 1247 1883 versi,
1261 1827 1288 1873 et
1298 1822 1372 1874 nullis
1387 1825 1492 1877 serratis
1505 1826 1633 1878 ordinibus
1643 1827 1731 1879 urbem
1744 1829 1804 1893 terga

1027 1915 1160 1980 petierunt.
1207 1919 1239 1965 nt
1255 1917 1420 1966 Romanomm
1447 1931 1491 1969 ret
1516 1918 1627 1973 immisso
1647 1920 1762 1985 equitatu
1778 1919 1804 1970 in

1028 2005 1128 2055 territos
1144 2007 1168 2055 et
1182 2006 1353 2068 perturbatos,
1367 2020 1424 2057 cnm
1438 2008 1589 2071 aliquamdiu
1600 2023 1643 2061 eos
1658 2013 1803 2075 persecutns

1026 2100 1107 2152 esset.
1127 2100 1257 2160 postquam
1285 2099 1319 2148 ita
1347 2098 1479 2162 dissipatos
1509 2099 1585 2160 vidit,
1612 2103 1641 2151 ot
1672 2115 1720 2151 uon
1748 2114 1803 2152 nm-

1026 2186 1090 2249 piius
1105 2186 1135 2237 de
1154 2188 1320 2239 instaurandis
1340 2188 1467 2240 ordinibus
1492 2190 1599 2253 ooqitme
1623 2195 1731 2255 possent,
1756 2204 1802 2240 ne·

1026 2291 1075 2340 que
1096 2278 1160 2329 retias
1180 2279 1246 2329 vires
1274 2280 1405 2342 heberent,
1424 2279 1522 2331 omissis
1545 2282 1576 2332 iis
1600 2282 1642 2346 qui
1663 2280 1802 2344 irrqietraut,

1027 2369 1052 2419 in
1065 2370 1185 2434 reliquam
1199 2370 1307 2422 bostium
1320 2376 1415 2435 partem
1429 2370 1569 2422 etiamtum
1587 2370 1686 2421 ordines
1695 2371 1801 2436 integrm

1026 2467 1165 2513 servantem
1184 2468 1209 2514 et
1227 2464 1375 2515 adversariis
1396 2466 1551 2516 resistentem
1576 2464 1630 2514 ivit.
1677 2462 1713 2514 lbi
1738 2463 1804 2513 inter

1026 2555 1122 2618 pedites
1137 2569 1194 2607 scre
1205 2560 1327 2608 conamen
1339 2561 1378 2607 est
1390 2557 1549 2608 commissum
1560 2576 1568 2606 ε
1578 2556 1622 2607 sed
1637 2555 1709 2618 longe
1722 2555 1804 2606 nerins

1027 2653 1092 2704 inter
1112 2653 1217 2718 equites.
1251 2655 1303 2703 iton
1324 2652 1390 2703 enim
1415 2653 1544 2715 veientes,
1568 2651 1611 2715 qui
1634 2650 1659 2701 in
1683 2665 1713 2701 ea
1735 2652 1804 2714 parte

1026 2743 1139 2795 collocati
1157 2748 1238 2804 erant,
1260 2746 1354 2808 impetu
1381 2744 1483 2793 numani
1501 2743 1627 2807 equitatus
1647 2744 1729 2793 territi
1752 2755 1802 2792 ces·

1027 2840 1126 2897 serunt,
1141 2836 1185 2886 sed
1197 2837 1240 2886 din
1255 2837 1410 2887 restiterunt.
1432 2841 1476 2905 ¹At
1487 2838 1621 2902 postquam
1635 2839 1805 2900 cognorerunt

1026 2929 1153 2979 sinistrum
1168 2944 1244 2980 cornu
1264 2933 1417 2994 superatum,
1430 2934 1456 2980 et
1469 2933 1549 2980 totum
1569 2929 1714 2979 Fidenatum
1725 2930 1750 2978 et
1762 2941 1802 2977 re-

1025 3019 1150 3083 liquorum
1162 3021 1285 3071 sociorum
1298 3021 1435 3071 exercitum
1453 3023 1531 3073 etiosa
1557 3024 1614 3087 iuga
1622 3022 1715 3086 ingere,
1728 3019 1801 3072 ueriti

1025 3128 1057 3164 ne
1089 3116 1333 3176 circumvenirentur,
1364 3117 1490 3167 conversis
1517 3117 1541 3166 in
1568 3130 1595 3167 se
1614 3117 1658 3180 qui
1685 3115 1740 3166 iilos
1760 3119 1802 3166 t'u·

1026 3212 1159 3273 gaserant,
1174 3214 1200 3258 et
1220 3209 1267 3273 ipsi
1290 3209 1379 3259 solutis
1392 3210 1518 3260 ordinibus
1541 3211 1566 3260 in
1587 3211 1669 3274 iugum
1683 3224 1709 3259 se
1725 3209 1800 3260 dede·

1025 3304 1097 3364 unt,
1121 3306 1147 3353 et
1169 3317 1212 3367 per
1232 3304 1324 3354 flumen
1345 3303 1450 3353 eradere
1471 3304 1631 3354 conabantur.
1673 3307 1802 3366 Quotquot

1026 3395 1144 3461 igiturex
1157 3397 1205 3448 illis
1223 3397 1376 3450 robustiores
1388 3401 1473 3461 erant,
1493 3402 1519 3448 et
1539 3397 1679 3448 uulneribus
1699 3397 1803 3447 minime

1025 3489 1198 3553 gravabantur,
1214 3495 1238 3542 et
1249 3495 1333 3541 nature
1346 3493 1472 3554 poterant,
1486 3488 1563 3541 armis
1583 3488 1685 3540 abiectis
1697 3487 1803 3539 durium

1027 3585 1155 3636 tranabant
1175 3602 1182 3633 ε
1196 3587 1222 3634 at
1233 3598 1296 3647 quos
1309 3584 1399 3634 borum
1417 3582 1510 3647 aliquid
1532 3583 1671 3646 deficiebat,
1683 3580 1712 3636 in
1723 3582 1801 3633 verti·

1026 3678 1098 3730 cibus
1117 3678 1237 3743 peribant.
1271 3677 1368 3727 Tiberis
1389 3677 1453 3727 enim
1467 3676 1606 3726 concitatus
1620 3679 1646 3726 et
1660 3675 1799 3725 verticosus

1024 3773 1090 3822 circa
1099 3771 1204 3822 Fidenas
1216 3770 1277 3820 ttnit.
1292 3783 1294 3787 ’
1314 3771 1429 3821 ceterum
1439 3769 1525 3818 Trrttns
1536 3767 1645 3817 immissa
1656 3769 1726 3830 parte
1735 3766 1802 3830 eqni·

1026 3867 1093 3916 tom.
1119 3865 1164 3928 qni
1179 3864 1264 3914 nostes
1285 3863 1318 3912 nd
1343 3862 1447 3911 nuvium
1473 3860 1613 3925 compulsos
1634 3859 1799 3921 trucidarent,

1023 3958 1077 4024 ipse
1099 3957 1130 4007 ad
1161 3957 1321 4021 oppngrnnda
1340 3956 1480 4006 Veientium
1512 3958 1592 4005 castra
1617 3968 1675 4005 cnm
1707 3954 1801 4016 reiiqno

1024 4045 1135 4097 exercitu
1146 4045 1281 4108 proiectus,
1299 4043 1379 4108 primo
1393 4043 1488 4107 impetn
1504 4043 1553 4092 illis
1570 4045 1606 4092 cst
1622 4042 1723 4105 potitus.
1757 4044 1800 4090 ut·

1023 4147 1123 4198 queres
1136 4135 1260 4193 Romanu,
1273 4131 1496 4195 qnibnsinsperuta
1516 4130 1582 4179 salus
1596 4129 1707 4192 contigit,
1719 4128 1755 4180 ita
1771 4142 1798 4180 se

1022 4225 1154 4279 iubebant.

1052 4324 1140 4376 XXVI.
1157 4320 1403 4382 Albnnnsrero,cum
1412 4317 1711 4383 uidissetegreginm'rnlti
1724 4316 1799 4366 ricto·

1023 4424 1100 4484 riam,
1115 4420 1168 4484 ipse
1193 4433 1292 4483 quoqne
1306 4418 1359 4469 suis
1374 4419 1451 4482 copiis
1473 4430 1504 4467 εκ
1518 4415 1579 4465 iocis
1591 4415 1665 4465 utitis
1685 4411 1799 4464 deductis

1024 4517 1153 4567 Fidenates
1171 4515 1292 4577 fugientes
1305 4517 1450 4578 persecutns
1462 4514 1517 4570 est,
1536 4512 1565 4559 ut
1580 4508 1695 4560 omnibns
1707 4509 1798 4558 Rorna-

1021 4610 1179 4673 nisniiquum
1201 4608 1262 4658 socii
1278 4620 1378 4671 opernm
1398 4601 1672 4668 praestnre·videretur;
1692 4597 1797 4647 nurttos·

1021 4724 1070 4776 qne
1095 4707 1118 4755 in
1147 4704 1203 4767 iuga
1225 4701 1348 4764 dispersos
1361 4698 1490 4761 oppressit.
1524 4698 1556 4744 ut
1577 4693 1680 4751 Tuttns,
1702 4689 1799 4750 cognito

1023 4813 1077 4864 eins
1098 4813 1196 4868 mente,
1219 4816 1356 4867 trovamqne
1377 4800 1440 4851 banc
1463 4798 1624 4864 proditionem
1645 4793 1797 4848 detestatus,

1020 4909 1081 4957 tnnc
1097 4901 1198 4965 quidem
1213 4913 1271 4949 enm
1286 4896 1386 4946 minime
1399 4891 1550 4957 arguendum
1560 4902 1612 4937 esse
1626 4884 1733 4939 censuit,
1753 4879 1796 4927 do-

1022 5013 1067 5050 nec
1091 5001 1173 5062 ipsum
1195 4993 1221 5044 in
1243 5005 1314 5044 snam
1336 4991 1480 5055 potestatem
1503 4983 1639 5045 redegisset
1659 4978 1756 5025 :immo
1772 4973 1797 5022 in

1025 5097 1159 5149 multorum
1178 5091 1322 5159 proesentis,
1337 5086 1403 5151 quod
1419 5084 1460 5134 iile
1474 5096 1501 5133 se
1518 5079 1550 5130 nd
1568 5078 1622 5127 ioca
1642 5073 1707 5123 edita
1730 5085 1797 5121 rece·

1022 5193 1113 5259 pisset,
1131 5189 1202 5251 quasi
1224 5185 1249 5236 id
1272 5184 1364 5248 optimo
1376 5176 1477 5229 consitio
1497 5171 1530 5222 ab
1542 5183 1571 5219 eo
1597 5168 1688 5216 instrum
1705 5165 1794 5216 inisset
