3772 5828
621 358 911 434 ANTIQUITATUM
931 364 1079 429 ROMAN.
1104 369 1177 429 ΗΒ.
1200 371 1236 430 ll.

118 495 212 570 ἱεροῖς,
237 482 280 545 ίνα
296 486 417 559 διάδηλος
440 478 459 565 η’
482 489 554 568 παρὰ
573 489 632 555 τοὺς
653 491 763 568 ἄλλους,
789 498 824 562 εἰς
844 494 892 564 τὴν

118 583 169 638 τῶν
193 576 351 636 ἐδικούντων
373 578 527 655 παρεγίνετο
549 579 642 636 πολιν·
668 583 775 647 ίπιστδις
795 582 822 641 δί
839 591 892 648 τοῖς

118 666 195 749 ὑρίοις
208 664 253 723 τόν
267 687 296 722 τε
314 663 365 723 Δία
384 663 429 720 καί
445 663 504 729 τοθς
528 663 621 731 άλλους
646 668 798 727 ἐπεκαλεῖτο
821 669 892 732 θεοὺς

116 752 333 834 μαρτυρόμενος,
355 750 396 809 ὅτι
409 748 481 815 δίκας
504 754 583 811 αἰτῶν
597 753 658 825 ἥκει
674 755 748 834 παρὰ
762 763 808 829 τῆς
823 757 891 818 Ῥω-

77 862 90 898 a
116 844 204 920 μαίων
228 839 343 905 πόλεως·
372 838 455 896 ἔπειτ’
479 840 578 916 ὀμόσας
603 840 642 899 ότι
666 843 736 922 πρδς.
751 846 891 904 ἀδικοῦσαν

116 930 224 1010 ἔρχεται
244 929 334 998 πόλιν,
349 925 395 983 καί
421 922 485 1004 spic
508 925 555 996 τδς
581 929 706 1004 μεγίστας
734 934 756 990 εἰ
778 931 891 1008 ψεύδοντ’

117 1016 316 1097 ἐπαρασάμενος
326 1017 413 1090 ἑαυτῷ
421 1035 449 1070 τι
461 1014 506 1072 καί
524 1019 557 1095 τῇ
569 1015 680 1096 Ῥώμῃ,
698 1017 753 1075 τότ’
769 1019 837 1085 ίντδς
849 1019 891 1098 ᾔει

117 1109 170 1163 τῶν
187 1103 268 1183 δρων·
282 1102 363 1162 ἔπειθ’
382 1099 435 1178 drop
450 1101 547 1183 πρώτῳ
561 1106 710 1185 περιτύχοι,
724 1111 815 1165 τοῦτον
832 1112 888 1167 ἰπι-

118 1191 331 1272 μαρτυράμενος,
343 1186 395 1247 ete
410 1191 463 1246 τῶν
479 1192 609 1270 ἀγροίκων
620 1195 672 1251 είτε
683 1198 734 1252 τῶν
749 1197 891 1254 πολιτικῶν

66 1297 90 1335 tt·
118 1283 168 1354 εἴη,
178 1282 222 1341 καλ
232 1280 278 1349 τθς
293 1285 373 1351 αὐτάς
383 1285 504 1365 προσθείς
518 1280 583 1358 οἰρδις
596 1282 660 1360 πρὸς
670 1283 717 1355 τὴν
729 1285 805 1342 πόλιν
822 1283 890 1364 ᾤχε-

116 1389 164 1429 το·
178 1361 249 1450 κᾷτα
260 1369 321 1450 πρίν
332 1374 368 1439 εἰς
381 1372 430 1444 τὴν
443 1372 519 1430 πόλιν
531 1368 668 1448 παρελθεῖν
681 1371 725 1429 τὸν
740 1369 890 1451 πυλωρδνῆ

117 1458 159 1516 τδν
169 1463 274 1538 πρῶτον
290 1460 503 1531 ἀπαντήσαντ’ίν
514 1465 571 1522 ταῖς
585 1457 681 1523 πύλαις
688 1459 732 1516 τὸν
747 1460 891 1539 αὐτὸντρό-

118 1569 166 1604 πον
183 1547 427 1626 ἐπιμαρτυράμενος
442 1549 478 1614 είς
492 1545 539 1616 τὴν
554 1544 653 1624 ἀγορὰν
668 1546 779 1625 προῄει·
794 1547 847 1605 ἐκεῖ
863 1544 890 1605 δέ

118 1634 251 1700 καταστδς
265 1636 318 1700 τοῖς
333 1638 359 1694 ἐν
374 1636 443 1693 τέλει
461 1635 522 1712 περὶ
536 1624 574 1691 ῶν
588 1633 648 1703 ἥκοι
664 1633 808 1710 διελέγετο,
823 1657 890 1693 παν-

66 1743 89 1778 ra
119 1726 188 1802 ταχῇ
210 1720 268 1788 τούς
285 1724 308 1779 θ’
333 1721 423 1801 ὑρκους
440 1723 485 1779 καὶ
503 1719 549 1787 τδς
576 1721 639 1799 ἄρδις
658 1723 813 1800 προστιθείς.
857 1725 891 1782 Εἰ

119 1809 166 1884 μίν
187 1802 231 1868 οῦν
244 1809 365 1888 ὑπέχοιεν
376 1808 422 1876 τόις
442 1809 516 1875 δίκας
528 1808 713 1887 παραδιδόντες
723 1808 783 1876 τοθς
795 1812 822 1868 ἐν
833 1813 891 1877 ταῖς

119 1899 234 1974 αἰτίαις,
265 1899 344 1978 ἀπῄει
367 1898 426 1968 τοῦς
447 1899 542 1978 ἄνδρας
566 1898 675 1976 άπάγων
694 1898 767 1979 φίλος
786 1902 810 1957 τ’
842 1899 891 1970 ἤδη

120 1987 232 2067 γεγονὼς
252 1987 297 2047 καί
311 1987 383 2068 παρδ
404 1987 502 2069 ρίλων·
529 1989 551 2045 εἰ
576 1985 602 2044 δί
617 1986 710 2071 χρόνον
733 1988 769 2054 εἰς
795 1987 890 2067 βουλὴν

123 2076 290 2148 αἰτήσαιντο,
313 2075 376 2134 δίκα
403 2073 487 2141 διδοθς
512 2073 611 2154 ἡμέρας
637 2073 788 2154 παρεγίνετο
810 2076 891 2133 πάλιν

64 2179 91 2215 '2⁰
118 2166 164 2222 καί
185 2165 263 2244 μέχρι
277 2163 366 2244 τρίτης
392 2162 521 2233 αἰτήσεως
541 2160 688 2240 ἀνεδέχετο.
729 2164 891 2222 Διιλθουσῶν

118 2253 145 2311 δὲ
159 2257 209 2312 τῶν
225 2253 356 2332 τριάκονθ’
379 2254 499 2328 ἡμερῶν,
524 2252 546 2308 εἰ
568 2249 605 2325 μὴ
622 2258 747 2330 παρεῖχεν
769 2253 838 2329 αὐτῷ
857 2251 891 2308 τδι

119 2341 197 2398 δίκαι’
210 2345 227 2411 ἡ
243 2341 335 2409 πόλις,
352 2339 575 2416 ἐπικαλεσάμενος
591 2337 650 2402 τούς
663 2341 688 2395 τ’
703 2339 833 2415 οὐρανίους
846 2341 892 2397 καί

119 2427 306 2506 καταχθονίους
322 2425 394 2490 θεοὺς
419 2426 517 2502 ἀπῄει,
531 2428 640 2482 τοσοῦτο
660 2424 738 2500 μόνον
753 2425 833 2483 εἰπὼν
852 2425 892 2484 ότι

121 2514 292 2592 βουλεύσεται
305 2513 366 2592 περὶ
385 2515 503 2582 αὐτῶνὴ
523 2510 665 2587 Ῥωμαίων
685 2513 760 2578 πόλις
778 2514 817 2592 ἐρ’
831 2517 893 2582 ἧαυ·

62 2628 90 2665 ατ
121 2604 190 2682 χίας.
240 2603 296 2662 Καὶ
322 2600 388 2675 μετδ
408 2601 479 2658 τοῦτ’
501 2598 643 2680 οἰττίραινεν
671 2603 707 2665 εἰς
724 2599 773 2671 τὴν
793 2600 889 2679 βουλὴν

120 2691 177 2759 ἅμα
204 2696 257 2756 τοῖς
286 2689 373 2753 ἄλλοις
403 2687 572 2767 εἰρηνοδίκαις
596 2687 821 2764 παραγενόμενος,
852 2688 891 2747 δτι

119 2777 272 2854 πέπρακται
295 2783 348 2832 πᾶν
363 2776 450 2840 αὑτοῖς
473 2776 533 2834 ὅσον
553 2765 585 2845 ἦν
604 2774 673 2833 όσιον
688 2776 718 2833 ἐκ
744 2780 795 2834 τῶν
814 2778 891 2855 ἱερῶν

118 2866 221 2941 νόμιον,
243 2863 287 2922 καί
304 2865 326 2921 εἰ
343 2862 476 2941 βούλοιντο
496 2862 652 2943 ψηφίζεσθαι
666 2862 796 2940 πολεμον,
817 2866 890 2924 οὐδέν

115 2950 191 3010 ίσται
212 2949 242 3008 τδ
258 2950 357 3009 κωλύον
380 2952 433 3009 ἀπὸ
456 2953 529 3008 θεῶν.
574 2950 606 3009 Εἰ
626 2948 654 3007 δέ
677 2973 704 3008 τι
730 2949 767 3027 μθ,
791 2952 890 3031 γε’νοιτο

62 3061 89 3101 ao
114 3039 229 3110 τούτων,
243 3037 330 3108 οὗθ’ἡ
351 3038 432 3118 βουλὴ
448 3037 524 3116 κυρία
544 3027 575 3108 ἦν
589 3039 797 3119 ε’πιψηρίσασθαι
811 3041 889 3101 πόλε-

115 3152 187 3204 μον,
211 3124 265 3185 οὔθ’
281 3129 293 3185 ὑ
308 3128 400 3201 δῆμος.
445 3128 512 3205 Περί
534 3126 581 3202 μέν
596 3116 639 3184 οῦν
655 3129 706 3184 τῶν
721 3129 889 3206 εἰρηνοδικῶν

114 3221 228 3275 τοσαῦτα
243 3214 435 3295 παρελάόομεν.

156 3303 455 3367 θΧΧΙίί.Ίἐλευταῖος
477 3302 500 3357 δ’
525 3293 556 3373 ἦν
578 3307 624 3373 τῆς
650 3303 730 3379 Νόμοι
748 3303 889 3372 διατάξεως

117 3390 243 3469 μερισμὸς
255 3387 320 3468 ὑπίρ
331 3392 383 3446 τῶν
398 3391 485 3468 ἱερῶν,
498 3387 526 3445 δν
547 3389 642 3469 ἔλαχον
657 3394 681 3451 οἰ
694 3389 743 3462 την
763 3390 889 3467 μεγίστην

61 3500 88 3539 es
115 3476 189 3552 παρίι
200 3476 340 3553 Ῥωμαίοις
349 3475 478 3555 ἱερατείαν
487 3475 531 3533 καλ
544 3476 661 3545 ἐξουσίαν
670 3480 784 3557 ἔχοντες.
802 3470 884 3540 Οὑτοι

117 3562 187 3621 κατίε
208 3563 254 3640 μέν
268 3563 314 3635 τὴν
329 3567 430 3622 ἑαυτῶν
444 3564 579 3623 διάλεκτον
594 3567 635 3644 ἐφ’
655 3567 710 3632 tvi<
720 3570 771 3623 τῶν
792 3566 886 3647 ἔργων,

118 3648 133 3708 δ
157 3651 313 3730 πράττωσιν
326 3652 539 3720 ἐπισκευάζοντες
562 3650 610 3722 τὴν
637 3653 740 3724 ξυλίνην
759 3654 886 3733 γέρυραν,

119 3737 274 3818 Ποντίφικες
295 3739 548 3821 προσαγορεύονται·
567 3739 618 3796 εἰσί
639 3739 666 3798 δέ
688 3744 740 3799 τῶν
757 3741 888 3818 μεγίστοιν

115 3826 280 3905 πραγμάτων
302 3827 394 3908 κύριοι.
440 3826 493 3887 Καὶ
514 3826 565 3906 γὰρ
585 3828 733 3896 δικάζουσιν
753 3819 823 3887 οὑτοι
842 3829 888 3896 τὰς

59 3944 87 3982 to
103 3914 186 3993 ίερδις
201 3914 275 3980 δίκας
286 3915 390 3982 ἃπάσας
402 3914 519 3981 ἰδιώταις
533 3937 561 3973 τε
580 3915 625 3974 καί
648 3913 758 3993 άρχουσι
773 3915 818 3974 καὶ
833 3916 888 3974 λει·

115 4002 232 4081 τονργοῖς
248 3989 332 4075 θεῶν’,
363 4001 408 4060 καί
440 4006 622 4080 νομοθετοῦσιν
652 4003 702 4062 όσα
730 4007 782 4062 τῶν
809 4004 886 4084 ἱερῶν

115 4091 213 4171 οἰγραρ’
237 4088 299 4149 ὄντα
323 4088 368 4147 καί
383 4088 504 4151 ἀνέθιστα
526 4088 667 4174 [κρίνοντες
691 4091 708 4149 δ
729 4088 773 4172 δν]
788 4090 885 4164 ίπιτή-

114 4179 171 4236 δεια
191 4178 330 4257 τυγχάνειν
346 4179 430 4244 αὑτοῖς
444 4177 536 4258 ρανείη
549 4177 636 4255 νόμων
646 4201 675 4237 τε
692 4178 737 4236 καί
755 4180 885 4254 ἐθισμῶν·

114 4269 161 4334 τάς
188 4265 213 4324 τ’
239 4266 324 4345 ἀρχὰς
348 4266 469 4339 ἁπάσας,
500 4269 572 4333 όσαις
590 4268 667 4326 θυσία
693 4289 732 4333 τις
761 4266 779 4337 ἣ
810 4271 886 4345 θερα·

61 4381 87 4418 ts
114 4354 177 4413 πιία
197 4356 263 4412 θεῶν
284 4352 435 4424 ἀνάκειται,
451 4352 495 4411 καί
515 4353 574 4419 τοὺς
597 4357 673 4435 ίερεῖς
693 4353 811 4420 ἅπαντας
833 4351 887 4421 ἐξε-

114 4443 253 4510 τάζουσιν·
270 4441 403 4520 ὑπηρέτας
425 4442 450 4499 τ’
475 4443 561 4500 αὑτῶν
584 4441 629 4499 καὶ
652 4440 829 4521 λειτουργοὺς,
849 4432 887 4508 οἷς

113 4535 232 4610 χρῶνται
245 4528 309 4611 πρὸς
330 4527 366 4588 τίι
384 4528 452 4609 ίερδ,
467 4520 537 4587 οὑτοι
559 4530 717 4608 φυλάττουσι
732 4528 812 4605 μηδέν
832 4527 887 4597 ἐξα·

114 4618 256 4684 μαατάνειν
270 4617 342 4695 παρὰ
356 4614 416 4683 τοὺς
428 4617 512 4696 ίεροὺς
525 4618 636 4691 νόμους·
654 4625 707 4685 τοῖς
718 4620 742 4675 τ’
754 4616 884 4679 ἰδιώταις.

113 4709 203 4765 mesot
223 4711 260 4783 μὴ
279 4708 354 4763 ῐσασι
370 4711 429 4770 τοὺς
448 4709 508 4785 περὶ
531 4710 565 4764 τὰ
583 4709 639 4762 θεῖα
659 4709 676 4775 ἢ
699 4707 820 4779 δαιμόνια
841 4727 884 4764 σι·

62 4814 89 4853 ευ
112 4792 243 4870 δασμοὺς,
261 4790 387 4872 ἐξηγηταί
412 4791 528 4870 γίνονται
551 4790 596 4850 καί
616 4795 764 4873 ὑποφῆται·
792 4793 837 4852 καί
862 4794 886 4852 εἴ

112 4903 184 4947 τινας
197 4881 327 4942 αἴσθοιντο
342 4879 380 4957 μὴ
391 4882 560 4957 πειθομένους
568 4882 625 4947 ταῖς
638 4882 775 4958 ἐπιταγαῖς
786 4883 883 4958 αὑτῶν,

112 4971 234 5044 ζημιοῦσι
246 4969 310 5047 πρὸς
328 4967 439 5028 ἕκαστον
461 4968 545 5049 χρῆμ’
560 4970 683 5046 δρῶντες·
699 4967 750 5026 εἰσί
763 4965 788 5026 τ’
804 4970 885 5025 αἰνυπ-

112 5054 211 5115 εύθυνοι
233 5056 320 5128 πάσης
339 5055 411 5127 δίκης
428 5077 457 5113 τε
475 5056 520 5114 καί
540 5053 646 5133 ζημίας,
661 5052 720 5114 οὔτε
742 5056 822 5133 βουλῇ
836 5053 884 5114 λό-

111 5165 155 5222 γον
181 5144 348 5210 άποδιδόντες
364 5144 424 5203 οὔτε
446 5143 538 5224 δήμῳ,
559 5143 619 5219 περὶ
630 5148 692 5220 γοῦν
715 5146 767 5201 τῶν
792 5144 883 5220 ἱερῶν,

1662 382 1717 444 tat

948 513 1038 577 populo
1068 517 1177 565 Romano
1198 531 1286 580 pmnas
1314 522 1407 582 repeta.
1452 521 1559 584 Deinde,
1587 532 1717 591 postquam

947 626 1039 677 iurarit
1058 640 1085 677 se
1112 628 1237 680 civitatem
1257 631 1394 696 adireque
1415 632 1506 685 itriuste
1526 636 1648 690 teceritet
1660 626 1739 706 gra·¹

947 743 1059 793 vissimas
1068 743 1252 808 imprecationes
1261 746 1339 798 sibiet
1347 750 1431 799 Romae
1441 748 1522 813 siquid
1533 752 1664 802 mentiatur
1673 753 1723 805 ἰιιι-

947 863 1066 923 precatus¹
1079 865 1133 924 est,
1156 862 1216 913 lines
1237 864 1372 928 ingreditur
1391 869 1467 918 eturn
1481 870 1505 919 in
1526 884 1600 932 quem
1616 872 1722 935 primum

947 978 1043 1039 incidit,
1059 980 1111 1029 sire
1124 980 1165 1031 itte
1175 981 1283 1032 rusticus
1294 983 1346 1034 sire
1355 985 1465 1036 urbanus
1475 986 1536 1048 tuit,
1549 1001 1605 1037 eum
1617 991 1723 1040 testatus

946 1098 971 1145 et
983 1096 1069 1147 iisdem
1084 1099 1291 1149 exsecrationibus
1301 1114 1361 1154 usus
1374 1102 1461 1154 urbem
1472 1104 1555 1168 petiit;
1566 1110 1640 1169 atque
1652 1111 1723 1161 unte·

945 1228 1019 1278 quam
1035 1231 1090 1266 eam
1112 1218 1289 1280 ingrederetur,
1311 1225 1438 1284 portarurn
1458 1225 1585 1275 custodem
1605 1227 1644 1277 rel
1663 1241 1721 1279 euru

945 1333 987 1395 qui
1001 1334 1095 1397 primus
1110 1334 1143 1384 ad
1156 1339 1252 1400 portam
1264 1338 1372 1388 occurrit
1388 1339 1475 1391 eodem
1487 1343 1561 1392 modo
1572 1349 1677 1397 testatus
1694 1349 1719 1398 in

947 1448 1028 1497 torrrrn
1049 1451 1220 1513 progreditur;
1242 1455 1316 1515 atque
1338 1453 1372 1504 ibi
1394 1457 1496 1518 gradum
1518 1459 1620 1522 sistens,
1642 1464 1721 1528 magi·

945 1563 1064 1614 stratibus
1077 1565 1116 1615 sui
1130 1566 1251 1617 adventus
1266 1582 1379 1619 caussam
1389 1572 1483 1634 aperit,
1494 1586 1591 1639 semper
1599 1576 1723 1628 iusiuran-

944 1685 1004 1734 dum
1022 1690 1047 1736 et
1070 1686 1257 1750 imprecationes
1274 1690 1388 1740 adiciens.
1422 1693 1494 1750 Quod
1510 1694 1531 1743 si
1548 1695 1583 1746 illi
1595 1697 1721 1758 {iudicium

944 1805 1049 1855 subeant
1060 1808 1085 1855 et
1097 1808 1180 1855 sontes
1194 1805 1294 1866 dedant,
1308 1810 1367 1857 tunc
1380 1809 1434 1858 ittos
1446 1811 1569 1862 abducens
1583 1814 1678 1865 amicus
1689 1816 1722 1866 ab

945 1920 1030 1970 amicis
1042 1920 1146 1972 discedit
1164 1938 1170 1968 ι
1189 1922 1279 1985 quodsi
1297 1936 1355 1973 vero
1367 1926 1463 1988 tempus
1483 1927 1513 1975 ad
1537 1927 1722 1979 deliberandum

945 2037 1078 2102 postulent,
1102 2040 1224 2090 concessis
1242 2039 1328 2091 decem
1347 2040 1435 2091 diebus
1448 2042 1527 2104 redit,
1540 2048 1614 2108 atque
1640 2060 1720 2111 usque

945 2156 978 2206 ad
990 2156 1089 2207 ίεεθειιι
1107 2157 1294 2221 postulationem
1304 2160 1426 2222 expectat.
1460 2159 1507 2209 Sed
1519 2160 1616 2224 triginta
1629 2162 1720 2213 dietus

946 2269 1048 2333 elapsis,
1062 2270 1083 2319 si
1098 2268 1187 2319 civitas
1201 2269 1267 2319 iusta
1281 2271 1303 2320 ei
1317 2283 1367 2321 non
1376 2271 1482 2332 tribuat,
1495 2272 1634 2323 obtestatus
1643 2277 1667 2325 et
1676 2288 1720 2326 su·

945 2397 1018 2446 paros
1031 2386 1056 2432 ct
1067 2383 1158 2432 interos
1177 2383 1244 2442 deos,
1257 2386 1282 2432 et
1302 2382 1360 2432 illud
1375 2387 1470 2434 tantum
1485 2384 1587 2447 addens,
1606 2389 1723 2452 poputum

946 2516 1082 2559 ttomauurn
1104 2510 1192 2560 decis
1219 2510 1361 2574 parotium
1385 2510 1591 2574 deliberaturum,
1605 2514 1718 2566 discedit.

945 2629 1032 2677 Postea
1063 2639 1178 2676 reversus
1201 2640 1257 2677 cum
1279 2626 1379 2689 reliquis
1404 2627 1536 2678 Fetialibus
1559 2629 1590 2679 ad
1610 2634 1722 2680 senatum

946 2746 1060 2808 retert,e
1082 2759 1108 2794 se
1125 2750 1250 2807 peractum
1272 2743 1375 2808 quiquid
1389 2758 1420 2794 er
1440 2746 1543 2796 sacratis
1568 2746 1661 2810 legibus
1685 2749 1722 2799 tas

945 2861 986 2921 sit,
1001 2863 1026 2910 ct
1043 2859 1063 2909 si
1084 2859 1176 2910 bellum
1196 2860 1329 2909 decernere
1341 2859 1429 2920 velint,
1445 2874 1488 2923 per
1503 2860 1562 2910 deos
1577 2861 1625 2910 iltis
1638 2862 1720 2915 licere.
1786 2870 1790 2879 '

945 2983 977 3029 nt
995 2980 1017 3029 si
1037 2977 1096 3042 quid
1112 2978 1203 3028 horum
1215 2977 1309 3027 tactum
1322 2991 1371 3026 non
1383 2977 1466 3038 tuerit,
1484 2991 1563 3040 neque
1582 2978 1719 3030 incenatus

944 3108 1025 3158 neque
1046 3095 1071 3144 in
1090 3094 1173 3158 populi
1191 3096 1313 3156 potestate
1337 3096 1375 3143 est
1398 3092 1488 3143 tellum
1513 3094 1650 3145 decernere.
1683 3098 1722 3145 Dc

944 3210 1076 3259 Fetialibus
1089 3211 1165 3274 igitur
1179 3210 1234 3260 lraec
1246 3210 1393 3273 accepimus.

973 3324 1081 3371 thltllt.
1094 3323 1186 3371 Ultima
1198 3336 1257 3372 vcro
1268 3325 1354 3371 Numae
1363 3323 1532 3372 institutorum
1544 3336 1601 3385 pars
1613 3325 1722 3375 coutine-

943 3409 985 3458 bat
997 3423 1075 3467 sacra,
1093 3421 1150 3469 quaa
1161 3407 1178 3456 ii
1193 3408 1272 3456 sortiti
1286 3410 1356 3457 erant
1368 3408 1412 3469 qui
1426 3408 1492 3471 apud
1513 3411 1635 3459 Romanos
1649 3425 1720 3462 surn-

943 3508 1012 3543 mum
1029 3492 1192 3543 sacerdotium
1209 3496 1235 3542 et
1252 3505 1377 3541 summam
1393 3495 1539 3556 potestatem
1556 3494 1653 3545 habent.
1687 3497 1719 3547 Hi

942 3579 1049 3642 ipsorum
1063 3577 1144 3640 lingua
1158 3578 1189 3626 ab
1210 3590 1259 3625 uno
1273 3578 1338 3640 quod
1351 3578 1444 3627 iaciunt
1459 3591 1542 3640 opere,
1557 3579 1716 3630 arefaciendo

943 3665 1022 3728 ligneo
1032 3666 1114 3727 ponte,
1125 3664 1256 3714 Pontitices
1264 3665 1428 3728 appellantur.
1465 3668 1555 3716 lterum
1568 3672 1650 3718 autem
1666 3683 1716 3718 ma-

943 3752 1004 3801 ximi
1019 3752 1138 3801 momenti
1159 3756 1273 3801 auctores
1294 3754 1352 3801 sunt
1374 3769 1381 3800 ι
1408 3754 1498 3803 etenim
1521 3760 1672 3816 cognoscunt
1686 3755 1717 3806 de

942 3838 1055 3889 omnibus
1067 3839 1160 3888 caussis
1171 3837 1204 3886 ad
1220 3851 1291 3887 saera
1311 3838 1499 3902 pertinentibus,
1518 3843 1544 3889 et
1557 3840 1621 3890 inter
1632 3842 1716 3905 prica-

944 3931 982 3976 tos
1003 3930 1029 3976 et
1050 3926 1208 3989 magistratus
1226 3928 1252 3975 et
1265 3925 1369 3975 deorum
1394 3927 1534 3988 ministros,
1552 3929 1578 3978 et
1595 3927 1660 3992 leges
1680 3930 1716 3980 te

941 4016 999 4064 runt
1024 4013 1055 4063 de
1078 4013 1113 4062 eis
1139 4012 1224 4072 sacris,
1252 4025 1386 4074 quaecum
1409 4027 1457 4063 non
1482 4013 1530 4065 siut
1553 4016 1645 4080 scripta
1672 4022 1717 4066 aut

941 4102 1050 4152 moribus
1057 4103 1164 4163 recepta,
1177 4113 1208 4149 en
1219 4100 1330 4162 ipsorum
1341 4100 1460 4150 arbitratu
1472 4100 1567 4164 legibus
1579 4106 1606 4153 et
1614 4114 1717 4152 consue·

940 4190 1066 4242 tudiuibus
1074 4186 1386 4238 confirmandacideantur.
1420 4188 1714 4251 Etomnesmagistratus,

939 4293 1045 4344 quorum
1060 4291 1127 4328 curce
1148 4275 1295 4327 sacrificium
1324 4277 1423 4338 aliquod
1446 4281 1491 4326 aut
1507 4276 1610 4327 deorum
1634 4277 1715 4327 cultus

939 4366 1137 4425 estcommissus,
1151 4367 1176 4414 et
1187 4376 1273 4412 omnes
1284 4363 1425 4413 sacerdotes
1436 4364 1586 4414 examinant.
1621 4363 1714 4412 Carent

939 4455 1026 4517 etiam,
1042 4468 1072 4504 ne
1087 4453 1147 4516 quid
1159 4465 1244 4502 eorunm
1262 4450 1347 4501 lamuli
1358 4453 1384 4501 et
1395 4451 1513 4513 ministri,
1527 4464 1630 4514 quorum
1640 4463 1714 4513 opera

939 4545 964 4594 in
982 4543 1059 4594 enoris
1073 4544 1187 4601 utuntur,
1202 4543 1288 4590 contra
1301 4542 1410 4590 sacratas
1425 4539 1491 4604 leges
1509 4539 1653 4596 admittant;
1666 4537 1713 4601 pri-

937 4631 1051 4692 vatisque
1066 4627 1216 4687 hominibus,
1234 4626 1277 4689 qui
1291 4626 1395 4676 deorum
1409 4627 1449 4677 vel
1467 4627 1595 4690 geniorum
1617 4624 1712 4675 cultum

937 4720 1059 4783 ignorant,
1082 4720 1139 4767 suut
1157 4718 1311 4766 enarratores
1326 4718 1352 4764 et
1375 4714 1535 4778 interpretem
1559 4717 1584 4762 et
1610 4713 1711 4772 siquos

938 4804 1135 4856 animadvertant
1145 4802 1267 4852 mandatis
1280 4801 1333 4850 suis
1346 4815 1394 4850 non
1409 4815 1508 4864 parere,
1524 4813 1568 4862 pro
1588 4797 1708 4858 cuiusque
1759 4824 1762 4831 ·

937 4892 1022 4943 delicti
1043 4889 1208 4954 magnitudine
1225 4901 1268 4938 eos
1286 4887 1407 4947 multant;
1431 4885 1525 4950 ipsique
1545 4882 1605 4933 nulli
1620 4880 1710 4933 iudicio

938 4979 1047 5042 nullique
1076 4977 1162 5027 multae
1187 4977 1245 5026 sunt
1266 4974 1380 5035 obnoxii,
1411 4984 1490 5035 neque
1512 4968 1610 5021 senatrri
1629 4983 1711 5036 neque

937 5065 1028 5130 populo
1048 5064 1166 5114 rationem
1180 5060 1430 5113 reddentesdercbus
1448 5057 1533 5109 sacris
1564 5059 1617 5110 llos
1633 5058 1711 5127 lgltur

938 5151 1087 5209 sacerdotes,
1107 5150 1160 5199 sive
1174 5149 1229 5212 quis
1243 5147 1337 5199 vocarit
1355 5142 1559 5209 ῑιιοδνδωᾶλοντ
1578 5144 1632 5199 εἰει
1644 5149 1709 5203 trea-
