3772 5828
179 313 237 371 ile

179 441 413 521 παραδεδώκασιν·
436 443 513 525 ὁγδρ
526 444 618 525 χρόνος
632 444 728 516 ταύτην
752 468 798 523 μοι
821 446 870 517 τήν
893 446 958 507 tnd-

179 534 258 613 ληψιν
281 532 392 610 βεόαιοί.
436 533 470 594 ‘0
485 532 533 610 μέν
547 525 590 593 σύν
615 534 775 601 Κολλατῖνος
790 535 832 593 ἐπὶ
848 559 958 614 στρατο·

180 622 261 680 πέδου
274 621 327 678 τότ’
342 620 378 680 ῶν
391 619 532 701 ἐτύγχανεν
542 628 577 695 ·ή
593 620 620 680 δὲ
639 628 793 681 συνοικοῦσα
808 624 879 702 αὐτῷ
892 622 957 703 γυνὴ

182 707 323 786 Ῥωμαία,
351 707 516 789 Λουκρητίου
539 708 656 789 θυγάτηρ
680 711 771 789 ἀνδρὸς
804 712 957 791 ἐπιφανοῦς,

138 819 151 856 ε
182 797 288 866 ἐξένιζεν
304 799 384 858 αὐτὸν
404 803 440 866 ὡς
453 801 567 876 συγγενίίΙ
589 804 634 856 τοῦ
650 798 743 879 ἀνδρὸς
758 800 843 880 πολλῇ
864 804 958 881 προθυ-

183 887 231 968 μίᾳ
245 912 272 946 τε
288 892 334 946 καί
351 889 539 968 φιλοφροσύνῃ.
583 887 692 960 Ταύτην
707 887 755 959 τήν
769 897 882 968 γυναῖκα
894 893 960 949 κοιλ-

182 977 274 1049 λίστην
296 969 377 1036 οὖσαν
401 982 454 1036 τῶν
474 985 499 1038 ἐν
523 976 618 1056 Ῥώμῃ
640 978 834 1055 γυναικῶνκαὶ
855 1002 958 1060 σωφρο-

182 1068 322 1141 νεστάτην,
339 1066 509 1149 ἐπεχείρησεν
521 1070 535 1125 δ
546 1064 640 1135 Σέξτος
651 1067 814 1146 διαφθεῖραι,
828 1067 957 1125 παλαίτε-

184 1177 225 1231 ρον
237 1153 284 1229 μὲν
296 1155 335 1212 ἔτι
345 1156 506 1237 ὀρεγόμενος,
517 1155 596 1215 όπότε
607 1152 748 1232 κατάγοιτο
759 1153 833 1235 παρδ
843 1159 881 1235 τῷ
894 1177 959 1234 συγ-

128 1260 154 1297 ισ
180 1247 264 1317 γενεῖ,
301 1243 362 1303 τότε
388 1245 416 1304 δέ
440 1244 531 1324 καιρόν
561 1243 713 1324 ἁρμόττοντ’
739 1245 854 1321 οἰόμενος
877 1243 957 1323 ἔχειν.

182 1333 228 1398 Ὡς
242 1333 269 1390 δὲ
287 1333 355 1408 μετὰ
372 1333 403 1393 τὸ
417 1335 520 1394 δεῖπνον
541 1335 645 1404 ἀπῆλθε
656 1333 860 1410 κοιμησόμενος,
886 1337 960 1392 ἐπισ-

180 1421 236 1500 χὼν
254 1427 301 1493 τῆς
316 1423 406 1490 νυκτὸς
420 1423 487 1483 πολὺ
500 1425 593 1501 μέρος,
608 1420 700 1494 ἐπειδὴ
721 1420 855 1481 καθεύδειν
870 1423 958 1480 ἀπαν-

181 1532 230 1577 τας
244 1510 375 1586 ἐνόμιζεν,
399 1512 513 1578 ἀναστὰς
537 1504 600 1583 ήκιν
617 1510 661 1570 ἀπὶ
673 1510 704 1569 τό
726 1509 873 1586 δωμάτιον,
896 1501 961 1592 ἑνῷ

183 1597 230 1670 τὴν
249 1599 416 1679 Λουκρητίαν
438 1601 496 1679 ᾔδει
517 1599 708 1671 καθεύδουσαν,
727 1599 773 1657 καὶ
793 1596 880 1659 λαθὼν
901 1600 962 1668 τοὺς

129 1716 153 1756 ta
183 1685 257 1766 παρδι
274 1688 331 1754 ταῖς
352 1686 440 1768 θύραις
458 1695 504 1749 τοῦ
519 1687 652 1767 δωματίου
675 1685 854 1765 κοιμωμένους
873 1687 958 1769 εἰσέρ-

182 1798 259 1858 χεται
275 1775 345 1855 ξίφος
358 1776 436 1857 ἔχων.

222 1867 313 1929 va.
337 1867 467 1934 Ἐπιστὰς
491 1868 518 1927 δέ
539 1873 573 1947 τῇ
591 1867 684 1948 κλίνῃ,
711 1867 884 1948 διεγερθείσης
902 1866 958 1945 άμα

183 1957 221 2036 τῷ
235 1963 350 2015 συνεῖναι
368 1955 413 2016 τὸν
432 1958 515 2037 ψόφον
538 1961 585 2029 τῆς
596 1955 720 2035 γυναικός
734 1957 778 2015 καί
796 1957 960 2033 πυνθανομέ-

183 2068 229 2115 νης
251 2044 323 2112 ὅστις
338 2045 393 2117 εἴη,
417 2046 519 2126 φράσας
541 2043 667 2121 τοῦνομα,
682 2054 785 2104 σιωπᾶν
798 2044 900 2104 ἐκέλευε
915 2047 959 2106 καὶ

127 2159 155 2197 ου
183 2133 270 2206 μένειν
296 2135 322 2191 ἐν
345 2138 384 2212 τῷ
410 2135 553 2215 δωματίῳ,
571 2135 677 2217 σφάξειν
692 2136 774 2207 αὐτήν
797 2135 960 2210 ἀπειλήσας,

184 2221 229 2279 ε’δν
245 2223 403 2302 ἐπιχειρήσῃ
418 2223 551 2305 φεύγεινῆ
569 2228 644 2303 βοᾶν.
687 2225 782 2305 Τούτῳ
791 2222 961 2295 καταπληξά-

184 2330 258 2385 μενος
281 2313 320 2388 τῷ
345 2311 436 2390 τρόπῳ
454 2314 503 2383 τήν
529 2311 676 2392 ἄνθρωπον,
690 2309 801 2389 αἱρέσεις
827 2312 894 2389 αὐτῇ
916 2310 960 2370 δύο

181 2395 345 2475 προύτεινεν·
365 2400 492 2481 ὁποτέραν
513 2400 579 2471 αὐτὴ
598 2403 739 2480 προῃρεῖτο
759 2398 850 2458 λαόεῖν
874 2398 957 2472 ἠξίου,

183 2486 292 2544 θάνατον
319 2485 377 2562 μετ’
409 2487 537 2568 αίσῃύνης
561 2486 578 2559 ή
604 2488 659 2567 βίον
689 2485 748 2563 μετ’
777 2488 953 2563 εὐδαιμονίας.

129 2585 154 2623 2⁵
181 2602 195 2625 ο
212 2575 245 2634 Ei
260 2573 309 2649 μέν
329 2575 381 2655 γάρ
402 2579 556 2655 ὑπομενεῖς,
577 2576 642 2656 ἔφη,
655 2576 818 2656 χαρίσασθαί
833 2599 890 2653 μοι,
910 2602 958 2655 γυ-

184 2690 196 2714 «
215 2664 294 2721 ναῖκά
318 2687 347 2724 σε
367 2664 514 2743 ποιήσομαι
529 2665 574 2723 καὶ
589 2664 752 2744 βασιλεύσεις
767 2664 813 2724 σὺν
828 2666 901 2741 ἐμοὶ,
914 2673 958 2726 νύν

184 2779 195 2803 ι
217 2752 263 2827 μὲν
276 2745 308 2825 ἧς
332 2757 345 2811 ό
365 2754 454 2835 πατήρ
478 2778 522 2837 μοι
537 2754 618 2814 ἔδωκε
639 2755 755 2826 πσλιως,
770 2753 838 2831 μετὰ
859 2756 886 2813 δὲ
911 2755 958 2828 τήν

184 2867 196 2892 α
217 2840 316 2901 ἐκείνου
341 2843 466 2914 τελευτήν
489 2843 632 2921 Ῥωμαίων
654 2867 682 2901 τε
704 2843 749 2901 καί
771 2843 892 2904 Λατίνων
914 2845 959 2904 καὶ

185 2954 197 2979 r
217 2931 360 3008 Τυρρηνῶν
372 2932 418 2990 καί
431 2935 483 2990 τῶν
495 2931 582 2991 ἄλλοιν
594 2930 662 2989 δσων
674 2932 769 2996 ἐκεῖνος
782 2932 867 3010 ἄρχει.
886 2931 959 3010 ’[ἰγδι

128 3026 155 3065 ³⁰
183 3043 195 3067 o
217 3016 268 3094 γάρ
279 3008 326 3076 οἶδ’
336 3017 377 3075 ότι
389 3018 584 3099 παραλήψομαι
593 3018 641 3088 τήν
651 3024 695 3076 τοῦ
704 3023 801 3096 πατρὸς
814 3018 959 3096 βασιλείαν,

184 3132 196 3157 ι
218 3104 308 3184 ὥσπερ
331 3106 386 3164 ἐστὶ
403 3106 519 3179 δίκαιον,
543 3112 594 3165 τῶν
610 3109 671 3164 υίῶν
686 3107 767 3164 αύτοῦ
781 3104 960 3182 πρεσόύτοιτος

185 3220 197 3245 n
215 3193 262 3253 ῶν.
305 3195 380 3254 Ὅσα
402 3195 424 3253 δ’
439 3195 553 3276 ὑπάρχει
564 3195 617 3262 τοῖς
633 3197 783 3274 βασιλεῦσιν
799 3193 898 3270 ἀγαθά,
923 3185 959 3253 ῶν

185 3311 197 3334 ν
218 3282 341 3342 ἀπάντων
354 3283 402 3362 ἔσῃ
415 3284 461 3342 σὺν
474 3287 533 3362 ἐμοὶ
547 3284 640 3364 κυρία,
655 3282 681 3343 τί
695 3286 772 3345 δεῖσε
786 3286 872 3350 καλῶς
887 3285 960 3343 ἐπισ-

185 3397 197 3425 «
217 3372 332 3450 ταμένην
346 3374 496 3447 διδάσκειν;
511 3376 533 3433 εἶ
546 3374 569 3432 δ’
578 3373 759 3453 ἀντιπράττειν
772 3373 958 3456 ἐπιχειρήσεις,

128 3469 154 3511 ³⁶
183 3487 195 3512 α
218 3461 309 3529 σώζειν
322 3462 468 3539 βουλομένη
479 3462 510 3520 τὸ
521 3465 624 3542 σῶφρον
638 3509 645 3533 ,
658 3465 794 3521 ἀποκτενῶ
807 3485 835 3522 σε
851 3463 893 3520 καὶ
909 3465 960 3520 τῶν

184 3576 197 3603 r
219 3550 384 3630 θεραπόντων
400 3551 615 3632 ἐπικατασφάξας
631 3551 687 3622 ἕνα,
704 3553 776 3623 θήσω
799 3551 960 3626 τὰσώματα

184 3665 196 3689 «
216 3641 290 3714 ὑμῶν
303 3636 378 3714 ἅμα,
391 3639 437 3697 καὶ
449 3638 526 3720 φήσω
536 3638 699 3721 κατειληφὼς
714 3642 918 3721 ἀσχημονοῦσάν
931 3665 961 3702 σε

184 3752 196 3778 ν
218 3724 285 3801 μετδι
306 3730 352 3785 τοῦ
377 3726 469 3785 δούλου
484 3733 680 3806 τετιμωρῆσθαι
694 3730 742 3800 τήν
762 3738 806 3790 τοῦ
822 3737 960 3809 συγγενοῦς

185 3840 196 3865 ι
216 3813 291 3896 θόρεν
305 3816 511 3896 μετερχόμενος·
526 3816 588 3875 ὥστ’
601 3819 714 3896 αἰσχρὰν
729 3820 774 3875 καὶ
787 3820 961 3880 ἐπονείδιστόν

127 3911 154 3951 td
182 3930 194 3955 e
217 3925 262 3961 σου
272 3904 392 3980 γενέσθαι
403 3905 451 3975 τήν
462 3903 595 3983 τελευτήν,
608 3905 653 3963 καλ
665 3906 732 3982 μηδὲ
745 3912 828 3987 ταφῆς
840 3908 870 3965 τδ
882 3908 960 3983 σῶμά

183 4017 195 4043 ιι
217 4012 264 4048 σου
278 4003 367 4070 τυχεῖν
381 3994 445 4068 μηδ’
457 3996 537 4053 ἀλλου
550 3998 601 4053 τῶν
614 3994 731 4069 νομίμων
745 3994 864 4070 μηδενός·
877 4022 889 4046 ν
912 3996 961 4063 Ὡς

183 4076 210 4134 δὲ
234 4076 313 4143 πολίνς
329 4072 360 4151 ήν
377 4084 491 4141 ἀπειλῶν
506 4086 528 4141 θ’
548 4083 605 4159 ἅμα
630 4082 675 4141 καὶ
690 4081 833 4140 ἀντιθολῶν
849 4083 894 4140 καί
908 4084 960 4142 διο-

183 4159 310 4239 μνύμενος
337 4168 469 4238 ἀληθεύειν
495 4173 546 4228 τῶν
572 4169 720 4248 λεγομένων
755 4169 894 4250 ἑκάτερον,
925 4173 960 4238 είς

183 4248 299 4328 ἀνάγκην
315 4243 423 4329 ήλθενὴ
442 4258 592 4337 Λουκρητία
617 4259 762 4340 φσόηθεῑσα
779 4256 826 4330 τήν
843 4258 904 4340 περὶ
915 4259 959 4318 τὸν

127 4352 153 4392 ιε
183 4341 292 4399 θάνατον
309 4342 494 4418 ἀσχημοσύνην
511 4338 577 4414 εἶξαί
598 4349 686 4406 τεκαὶ
706 4348 831 4428 περιϊδεῖν
849 4346 960 4406 αὐτδνδ

182 4438 320 4508 προῃρεῖτο
334 4431 551 4509 διαπραξάμενον.

221 4511 323 4570 th'l.
347 4509 465 4591 Ἡμέρας
483 4515 510 4573 δέ
525 4516 675 4593 γενομένης,
689 4520 703 4575 ό
716 4518 762 4593 μὲν
776 4517 818 4575 ἐπὶ
830 4517 861 4576 τὸ
874 4541 957 4597 στρα-

181 4598 290 4656 τόπεδον
303 4599 393 4680 ἀπήει,
413 4606 529 4681 πονηρὰν
551 4606 597 4663 καὶ
614 4606 729 4685 ὀλέθριον
750 4605 889 4681 ἐπιθυμίαν
915 4610 959 4666 ἰκ-

181 4688 377 4767 πεπληρωκῶς·
405 4697 421 4762 ἡ
445 4693 471 4749 δέ
499 4695 651 4774 Λουκρητία
673 4698 762 4762 δεινῶς
786 4697 902 4777 φέρουσα
930 4696 959 4754 τό

127 4797 155 4836 oo
182 4779 362 4856 ουμόεόηκὸς,
387 4783 422 4847 ῶς
448 4773 502 4861 εἶχε
526 4783 623 4863 τοίχους
644 4783 760 4844 tondere
786 4791 834 4857 τῆς
856 4784 959 4856 ἀπήνης

182 4866 216 4927 εἷς
230 4864 342 4943 Ῥώμην
364 4868 458 4950 ᾤχετο,
487 4872 614 4946 μελαιναν
641 4877 739 4946 ἐσθῆτα
761 4873 957 4951 περιόαλομένη

182 4948 226 5005 1²⁸2
244 4950 350 5031 Ξῑφίδιόν
366 4982 391 5016 τι
411 4959 562 5039 κρύπτουσα
582 4960 632 5019 ὑπὸ
643 4967 676 5041 τῇ
691 4963 791 5040 στολῇ,
807 4963 864 5022 οὔτε
878 4985 958 5040 προσ-

182 5038 341 5113 αγορεύουσα
365 5049 432 5107 κατὰ
456 5050 503 5116 τὰς
524 5048 693 5119 συναντήσεις
721 5050 815 5108 οὐδένα
841 5053 892 5107 τῶν
909 5051 958 5105 ἀο-

180 5125 344 5200 παζθμὲνων,
352 5131 405 5188 0ὗά
417 5137 611 5218 ἀποκρινομένη
623 5146 676 5204 τοῖς
687 5144 778 5215 μαθεῖν
792 5138 957 5217 βουλομένοις

706 313 874 375 DlONYSll
897 314 1272 378 HALIGARNASSENSlS

1012 455 1129 506 diderunt
1140 474 1146 504 ι
1159 459 1184 507 et
1194 470 1274 507 meam
1284 455 1348 529 benc
1360 456 1499 521 opinionem
1514 457 1568 523 ipsa
1578 462 1721 525 temporum
1731 464 1797 514 ratio

1013 556 1151 608 conterreat.
1183 558 1319 608 collatinus
1326 558 1401 621 igitur
1410 561 1435 608 in
1448 560 1537 610 castris
1547 564 1669 613 tunccrat
1679 584 1685 612 ι
1694 567 1720 614 at
1732 578 1797 615 uxor

1013 661 1081 720 elue,
1095 664 1209 711 metrone
1221 664 1339 722 ltomone,
1357 662 1464 713 Lucretii
1478 663 1524 712 riri
1542 664 1643 716 illustris
1657 665 1796 730 dtta,se1·

1014 768 1076 823 tum,
1092 767 1120 813 ut
1133 762 1216 813 mariti
1232 763 1270 813 sui
1280 767 1420 828 cognatum,
1438 765 1543 817 miniter
1556 771 1582 817 et
1599 769 1678 820 emico
1685 772 1795 836 excepit.

1014 867 1083 915 lianc
1095 863 1231 925 mulierem,
1245 879 1301 928 quae
1313 866 1378 916 inter
1390 869 1513 919 ltornenes
1523 867 1689 934 pulcherrima
1708 872 1755 924 tuit
1771 878 1797 925 et

1014 965 1132 1031 pudicitia
1148 969 1339 1030 spectatissima,
1355 974 1442 1023 sertus
1457 975 1570 1038 stuprare
1590 988 1720 1039 aggressus
1740 980 1797 1031 est.

1014 1063 1064 1114 iam
1077 1063 1158 1114 molto
1169 1067 1226 1115 ente
1240 1064 1303 1116 banc
1319 1081 1372 1118 rem
1381 1072 1499 1131 oorratua,
1512 1084 1572 1121 cum
1585 1073 1652 1138 apud
1666 1078 1797 1137 cognatum

1014 1162 1192 1226 deverteretur,
1202 1165 1246 1216 sed
1257 1170 1316 1217 tuuc
1326 1169 1361 1220 rei
1373 1171 1518 1236 peragenda
1529 1173 1684 1224 occasionem
1691 1175 1798 1226 mammo

1014 1272 1176 1332 opportunam
1196 1267 1243 1320 sibi
1260 1269 1370 1323 oblatam
1390 1287 1445 1325 esse
1469 1273 1613 1325 arbitratus.
1646 1275 1710 1324 eum
1731 1274 1797 1325 enirn

1015 1376 1071 1437 post
1084 1388 1179 1427 coeuom
1192 1377 1329 1428 dormitum
1340 1376 1455 1437 abiisset,
1479 1389 1592 1441 magnam
1605 1374 1685 1426 noctis
1701 1376 1798 1439 partem

1015 1488 1071 1527 εεεε
1084 1478 1197 1543 rioilarre
1212 1479 1348 1541 continuit,
1362 1484 1438 1542 utque
1449 1477 1493 1529 ubi
1505 1491 1590 1528 omnes
1604 1478 1697 1543 sopitos
1711 1478 1798 1530 existi·

1015 1581 1106 1642 merit,
1124 1582 1245 1644 surrexit,
1264 1585 1289 1634 et
1300 1581 1443 1632 cubiculum
1455 1581 1543 1647 petiit,
1558 1579 1583 1631 in
1595 1594 1646 1646 quo
1657 1582 1798 1633 Lucretiam

1016 1676 1122 1729 dormire
1142 1679 1234 1731 sciebat
1251 1698 1257 1728 ι
1274 1681 1302 1730 et
1324 1680 1390 1731 clam
1409 1679 1554 1731 ianitoribus
1573 1680 1617 1744 qui
1634 1679 1666 1731 ed
1686 1679 1795 1730 cubiculi

1016 1778 1114 1831 ienuam
1127 1779 1295 1843 dormiebant,
1305 1780 1393 1831 stricto
1402 1780 1485 1845 padio
1493 1781 1620 1846 ingressus
1633 1783 1678 1832 eet.

1047 1883 1120 1931 Ltil'.
1139 1884 1299 1933 (tumentem
1321 1883 1354 1933 ed
1375 1885 1465 1934 lectum
1485 1883 1642 1942 accessisset,
1662 1886 1687 1934 et
1710 1882 1799 1932 mulier

1016 1973 1124 2025 excitate
1141 1980 1207 2026 esset
1225 1974 1375 2040 simulatque
1386 1975 1516 2040 strepitum
1536 1974 1627 2032 sensit,
1638 1978 1662 2024 et
1676 1976 1798 2037 quereret

1015 2069 1129 2133 quisnam
1140 2074 1218 2131 eesct;
1231 2070 1285 2129 lllo,
1297 2083 1343 2120 suo
1352 2068 1450 2120 nomiae
1459 2067 1538 2128 dicto,
1551 2067 1625 2117 iussit
1643 2081 1699 2117 eam
1713 2071 1796 2118 tacere

1016 2165 1042 2210 et
1058 2161 1084 2212 in
1096 2162 1211 2213 cubiculo
1229 2176 1341 2224 manere,
1356 2162 1449 2213 oedem
1464 2161 1512 2226 ipsi
1526 2160 1649 2222 minatus,
1665 2161 1686 2209 si
1701 2160 1741 2210 rel
1754 2162 1795 2210 in·

1014 2264 1071 2314 gere
1084 2253 1123 2303 vel
1135 2253 1264 2304 vociferari
1279 2255 1425 2304 comesset.
1458 2254 1510 2303 ltec
1523 2252 1616 2302 ratione
1627 2249 1724 2301 reuberi
1739 2264 1796 2314 per·-

1016 2344 1109 2396 territoe
1123 2346 1185 2397 duae
1199 2346 1312 2411 optiones
1328 2343 1417 2398 obtulit
1435 2365 1442 2396 ι
1461 2358 1569 2409 quarum
1587 2344 1704 2405 elteram,
1717 2359 1795 2408 quam

1015 2433 1115 2495 mallet,
1135 2435 1226 2498 eligere
1240 2434 1325 2495 iussit;
1346 2437 1391 2485 aut
1408 2436 1513 2485 mortem
1528 2446 1585 2484 cum
1603 2431 1738 2496 dedecore,
1752 2439 1796 2485 eut

1015 2525 1092 2576 rilem
1107 2526 1243 2577 cumomni
1264 2525 1382 2578 felicitate
1400 2526 1564 2577 coniunctam.
1601 2546 1613 2567 «ι
1629 2525 1654 2575 Si
1667 2527 1734 2577 euim
1746 2527 1795 2588 (tu-

1016 2640 1028 2662 o
1046 2621 1114 2684 quit)
1128 2621 1188 2671 mibi
1199 2619 1287 2672 cedere
1301 2619 1421 2680 volueris,
1435 2633 1539 2670 uxorem
1551 2622 1576 2670 te
1585 2618 1691 2683 ducem,
1704 2624 1731 2671 et
1743 2634 1797 2671 mc·

1017 2735 1028 2757 «
1048 2728 1106 2765 cum
1119 2716 1243 2780 regnabis;
1258 2729 1324 2765 nuuc
1336 2714 1435 2778 quidem
1445 2714 1470 2763 iu
1482 2713 1553 2775 urbe,
1566 2728 1643 2779 quam
1655 2718 1726 2778 pater
1736 2715 1795 2765 inibi

1018 2827 1030 2850 r
1047 2807 1128 2869 dedit,
1138 2823 1168 2858 oc
1178 2813 1232 2873 pont
1242 2807 1295 2859 eius
1304 2809 1410 2859 mortem
1420 2845 1426 2868 ,
1438 2810 1605 2858 Romanorum
1619 2810 1645 2858 et
1653 2807 1796 2857 heduorum

1016 2920 1029 2944 r
1047 2905 1073 2951 et
1083 2902 1266 2964 Tyrrhenorum
1276 2904 1300 2952 et
1308 2901 1412 2951 alierum
1423 2901 1543 2966 gentium,
1556 2900 1742 2965 quibuscunque
1755 2901 1795 2951 illo

1016 3014 1029 3037 o
1046 2996 1164 3058 imperat,
1184 2994 1311 3044 dominatu
1337 3008 1434 3045 mecum
1455 2995 1552 3047 irueris.
1587 2995 1642 3046 Scio
1664 2993 1730 3045 euim
1755 3008 1795 3043 me

1017 3108 1029 3131 n
1046 3093 1176 3152 paternum
1197 3100 1298 3150 regnum
1325 3087 1484 3151 habiturum,
1508 3087 1717 3154 quemadmodum
1744 3088 1796 3152 ipsa

1015 3200 1028 3224 n
1045 3179 1152 3243 aequites
1165 3180 1282 3244 postulet,
1296 3180 1363 3243 quod
1384 3185 1495 3232 orrrrrium
1515 3182 1569 3232 eius
1587 3181 1718 3231 liberorum
1737 3184 1796 3232 natu

1016 3296 1028 3320 «ι
1046 3277 1169 3327 merlinus
1183 3289 1249 3326 sum.
1282 3279 1345 3334 Quae
1358 3290 1417 3326 roro
1429 3276 1493 3326 bonu
1506 3276 1604 3340 regibus
1617 3276 1796 3339 siut,quoruru

1015 3391 1027 3414 ν
1047 3371 1156 3421 omnium
1170 3376 1197 3421 tu
1206 3384 1302 3421 mecum
1312 3370 1361 3420 eris
1371 3371 1478 3431 donnino,
1488 3370 1547 3433 quid
1558 3383 1619 3434 opus
1629 3372 1668 3420 cst
1680 3372 1706 3420 te
1718 3371 1795 3433 probe

1016 3480 1028 3504 ι
1047 3473 1147 3522 gnaram
1157 3458 1263 3509 docere?
1273 3458 1339 3522 quod
1352 3459 1373 3508 ai
1383 3471 1442 3508 vcro
1454 3458 1514 3507 inibi
1524 3458 1732 3507 resisteret-onata
1744 3458 1796 3507 luo

1015 3570 1027 3593 «ι
1046 3551 1088 3611 ris,
1116 3549 1243 3600 servande}
1262 3548 1386 3612 pudicitie
1406 3548 1502 3607 studio,
1518 3553 1542 3597 to
1557 3547 1718 3609 interficiam,
1731 3561 1796 3612 pror·

1017 3657 1030 3686 ι
1047 3643 1130 3700 ῑετεε,
1144 3639 1254 3703 iugulato
1268 3652 1316 3687 uuo
1328 3639 1359 3688 do
1373 3637 1464 3696 serris,
1479 3639 1561 3687 restra
1574 3650 1678 3701 corpora
1688 3636 1795 3687 coniun-

1015 3746 1028 3771 α
1045 3741 1110 3792 gem,
1121 3730 1147 3778 et
1158 3727 1240 3777 dicam
1256 3730 1281 3776 te
1295 3727 1320 3776 in
1333 3727 1398 3790 turpi
1411 3725 1532 3776 adulterio
1545 3739 1603 3775 cum
1618 3739 1691 3776 servo
1705 3725 1796 3789 deprc-

1016 3836 1028 3860 e
1045 3817 1147 3867 beusam
1162 3829 1247 3880 pmuas
1263 3815 1322 3863 milri
1340 3815 1452 3864 iniuriam
1467 3815 1564 3878 cognati
1577 3814 1731 3878 persequenti
1749 3812 1795 3863 de-

1016 3924 1028 3947 «
1045 3904 1124 3965 disse,
1140 3905 1175 3953 ita
1187 3906 1216 3952 ut
1228 3904 1305 3966 turpis
1319 3907 1345 3952 et
1358 3902 1475 3965 probrosa
1486 3915 1553 3952 mors
1571 3907 1615 3952 tua
1624 3902 1707 3951 lutura
1718 3901 1758 3960 sit,
1771 3905 1796 3951 et

1017 4008 1028 4031 u
1047 4001 1137 4051 corpus
1153 3991 1224 4036 tuum
1236 3999 1314 4047 neque
1327 3987 1489 4049 sepulturam,
1501 4000 1584 4050 neque
1598 3984 1734 4050 quidquem
1750 3998 1795 4034 co-

1017 4097 1028 4120 «
1047 4089 1111 4135 rum,
1125 4087 1181 4138 quae
1199 4075 1322 4125 destructis
1337 4074 1392 4124 deri
1408 4075 1496 4133 solent,
1515 4075 1548 4125 sit
1561 4079 1762 4126 consecuturum.
1781 4096 1793 4118 ν

1015 4166 1097 4222 Quare
1111 4163 1143 4213 ad
1165 4163 1243 4212 minue
1261 4167 1287 4212 et
1300 4175 1383 4226 preces
1404 4163 1479 4214 simul
1500 4163 1611 4214 adhibito
1623 4163 1793 4224 iureiurando,

1014 4270 1064 4320 quo
1078 4255 1209 4305 affirmavit
1225 4268 1252 4304 se
1272 4255 1353 4305 omnia
1371 4256 1435 4306 serio
1459 4270 1489 4306 ac
1503 4268 1562 4307 rore
1574 4257 1670 4315 dicero,
1684 4256 1796 4307 Lucretia

1015 4346 1100 4394 coacta
1115 4348 1165 4403 est,
1190 4343 1275 4393 mortis
1294 4345 1460 4406 ignominiosae
1482 4349 1564 4406 metu,
1585 4345 1672 4394 cedere
1697 4350 1722 4394 et
1744 4345 1795 4409 pati

1015 4434 1084 4484 illum
1098 4445 1211 4497 peragere
1223 4433 1289 4496 quod
1303 4434 1347 4497 ipsi
1363 4433 1483 4485 libuisset.

1047 4522 1131 4570 val.
1151 4525 1233 4577 Quum
1251 4523 1333 4569 auteur
1347 4520 1400 4570 dies
1416 4522 1550 4582 illuxisset,
1568 4523 1608 4572 ille
1623 4525 1647 4572 in
1662 4526 1743 4572 castre
1756 4535 1795 4572 re·

1015 4609 1072 4670 diit,
1087 4609 1180 4659 notaria
1195 4613 1220 4658 et
1231 4610 1367 4673 pernicioso
1382 4611 1480 4660 libidine
1495 4612 1590 4661 satiate.
1624 4610 1794 4667 Atercrctia,

1015 4711 1100 4748 casum
1118 4698 1245 4760 aegerrime
1262 4699 1355 4758 terens,
1372 4702 1464 4761 quanta
1484 4700 1590 4749 marinna
1608 4700 1688 4763 potuit
1707 4699 1795 4749 celori-

1014 4789 1065 4836 tete
1078 4784 1221 4834 conscendit
1239 4790 1383 4849 carpentum
1407 4790 1431 4836 et
1443 4791 1545 4838 liomem
1566 4788 1650 4852 petiit,
1669 4787 1715 4834 sub
1726 4788 1794 4835 veste

1014 4879 1068 4927 utra
1082 4876 1189 4927 cultrum
1200 4876 1341 4939 occultum,
1357 4891 1436 4941 neque
1455 4880 1480 4928 iu
1499 4879 1552 4942 ipso
1573 4879 1659 4928 itinere
1675 4877 1792 4939 cuiquam

1014 4963 1131 5013 saltitanti
1150 4963 1254 5013 salutern
1270 4965 1387 5026 reddens,
1400 4979 1479 5027 neque
1503 4967 1653 5032 respondens
1667 4964 1730 5014 scire
1751 4975 1794 5011 ro

1014 5056 1121 5107 lentibus
1140 5055 1257 5118 quidnam
1283 5057 1328 5120 ipsi
1343 5056 1487 5113 accidisset;
1507 5058 1551 5107 sod
1573 5054 1750 5121 cogilubnmle,
1768 5058 1794 5107 et

1013 5159 1064 5209 prro
1076 5158 1179 5196 rnaerore
1197 5146 1293 5196 rultutn
1311 5145 1459 5199 demittens,
1475 5145 1611 5210 oculosque
1634 5144 1793 5195 lacrimarum
