3772 5828
180 324 240 387 278

183 484 195 509 ε
213 456 269 528 ξης,
279 443 315 512 ὧν
326 455 350 514 εί
361 448 391 527 γε’
396 471 435 516 τις
450 446 565 525 ἀμείνονι
578 445 646 526 τύχη
664 444 794 524 χρήσεται
815 448 861 516 τῆς
875 444 955 522 έμῆς,

184 573 196 598 ε
213 542 306 604 σκόπει
317 562 355 605 τις
367 540 441 597 ἔσται
450 535 559 615 σοιπρδς
570 533 688 602 ἅπαντας
698 533 960 616 άρκούσαφυλακή.ν

220 631 314 694 ΧΧΧ.
341 626 391 696 Ὡς
406 625 433 685 δὲ
452 627 526 684 ταῦτ’
543 623 654 696 ήκουσεν
673 627 688 682 θ
704 621 840 701 βασιλεὺς,
862 622 959 682 ἐκεῖνον

182 718 228 797 μὲν
244 715 432 796 ἀπαγαγόντας
446 711 505 783 τούς
520 711 677 793 δορυφόρους
688 708 808 770 έκέλευσε
823 713 901 780 δῆσαι
913 709 959 770 καί

141 839 154 878 ς
182 804 321 888 φυλάττειν
344 804 489 881 ίπιμελῶς·
510 801 587 868 αιἰτός
600 799 628 858 δὲ
645 799 704 866 τούς
719 797 892 867 πιστοτάτους
905 801 958 857 τῶν

182 894 264 976 φιλων
286 890 451 974 παραλαύὼν
465 889 511 950 καί
524 888 569 948 τδν
584 886 639 948 υίδν
656 886 794 968 Ἄρροντα,
809 891 960 966 παρακαθι·

183 984 295 1061 σάμενος
320 981 379 1060 μετ’
397 978 503 1040 ἐκείνων
518 975 625 1038 ἐσκόπει
639 977 665 1036 τί
685 978 766 1035 ποιῶν
787 974 834 1042 τδις
849 973 959 1034 inisbou-

182 1073 230 1141 λδς
244 1074 329 1131 αὐτῶν
345 1068 537 1149 διακρούσεται.
579 1068 640 1127 Τῶν
656 1063 705 1143 μίν
720 1056 763 1124 οθν
779 1064 866 1124 ἄλλων
880 1058 973 1123 fans-⁴

184 1185 227 1229 τος
241 1160 287 1227 τθς
306 1158 404 1230 εὐήθεις
420 1154 562 1238 ἀσφαλείας
578 1152 663 1231 λέγων
678 1151 761 1211 ἐδόκει
778 1154 833 1210 τῶν
851 1148 959 1210 δεόντων

131 1280 157 1318 10
186 1250 287 1331 φρονεῖν
305 1247 391 1309 οὐδέν·
412 1248 460 1305 ὁδ’
476 1246 530 1312 υἱδς
547 1244 628 1302 αὐτοῦ
639 1240 793 1301 τελευταίαν
809 1237 961 1320 ἀπεφήνατο

184 1337 292 1420 γνώμην
311 1333 491 1416 πρεσόυτέραν
511 1335 559 1405 τῆς
582 1328 701 1405 ἡλικίας,
723 1327 801 1398 ἀξιῶν
821 1328 900 1386 αύτδν
922 1323 960 1403 μή

75 1468 78 1473 -
186 1431 293 1489 σκοπεῖν
307 1425 361 1485 τίσι
376 1424 505 1504 φυλακαῖς
523 1419 658 1501 χρώμενος
678 1416 751 1478 οὐδέν
765 1416 885 1476 πείσεται
906 1416 959 1474 δει-

184 1517 245 1594 νδν,
264 1511 333 1573 ἀλλά
351 1512 377 1572 τί
392 1516 473 1571 ποιῶν
486 1512 515 1570 οὗ
526 1509 647 1582 δεήσεται
659 1508 792 1589 φυλακῆς·
805 1501 961 1583 θαυμασάν-

185 1629 237 1664 των
249 1602 277 1662 δδ
288 1600 336 1674 τήν
349 1601 465 1661 διάνοιαν
478 1599 557 1659 αὐτοῦ
569 1595 696 1670 πάντων,
709 1595 754 1654 καί
769 1597 824 1661 πῶς
838 1591 869 1651 δν
885 1597 962 1652 τοῦτο

133 1718 158 1757 ts
186 1695 287 1772 γένοιτο
307 1696 398 1768 μαθεῖν
413 1686 590 1767 βουλομένων·
605 1710 618 1736 ι
639 1685 673 1744 Ei
695 1683 785 1765 φίλους
807 1682 864 1741 duri
878 1682 962 1740 πολε-

190 1811 203 1836 ι
221 1781 302 1861 μίων,
316 1780 380 1861 ἔφη,
394 1776 519 1848 ποιήσαιο
532 1771 592 1841 τούς
602 1771 712 1851 ἄνδρας,
723 1766 885 1849 τιμιωτέραν
897 1773 963 1847 ήγη-

189 1871 332 1946 ισάμενος
354 1866 403 1939 τήν
416 1871 529 1925 σεαυτοῦ
543 1861 629 1944 ψυχὴν
652 1865 701 1934 rh<
719 1860 830 1920 καθόδου
853 1861 906 1917 τῶν
918 1856 965 1917 σθν

189 1983 202 2014 ι
219 1955 360 2037 Ταρκυνίῳ
377 1954 513 2036 φυγάδων.
531 1980 542 2003 ι
558 1950 612 2011 list
624 1952 639 2008 ό
649 1947 770 2030 βασιλεὺς
783 1946 818 2006 τά
834 1946 963 2021 κράτιστα

74 2042 77 2047 ’
187 2044 235 2125 μίν
257 2043 354 2126 ἔφησεν
379 2041 457 2102 αθτδν
474 2040 575 2118 λε’γιιν,
597 2042 693 2120 βουλῆς
714 2037 737 2096 δ’
759 2026 825 2095 εἶναι
839 2022 963 2104 άξιοντθ

133 2159 160 2198 su
185 2143 314 2216 πρᾶγμα,
330 2134 387 2200 πῶς
412 2131 551 2209 εὐπρεπεῖς
576 2130 603 2185 αἱ
626 2126 690 2207 πρὸς
712 2122 806 2191 αὐτοὺς
822 2123 963 2202 διαλλαγαὶ

185 2222 351 2303 γενήσονται.
393 2216 522 2295 Μεγάλην
550 2213 678 2295 αἰσχύνην
706 2214 813 2295 φάσκων
836 2202 916 2287 εἶναι,
939 2212 962 2270 εί

191 2308 326 2391 κρατήσας
341 2310 426 2366 αὐτῶν
440 2305 514 2384 μάχη
536 2302 582 2363 καί
596 2301 726 2382 τειχήρεις
740 2300 809 2381 έχων
821 2299 966 2360 ἀπελεύσε-

186 2422 246 2473 ται,
261 2396 343 2474 μηδὲν
357 2386 394 2454 ὧν
409 2392 567 2475 Ταρκυνίοις
583 2391 714 2472 ὑπίσχετο
734 2387 963 2468 διαπραξάμενος,

131 2485 134 2491 ’
186 2487 278 2569 ὥσπερ
300 2485 445 2561 ἡττημένος
467 2483 518 2544 ὑπὸ
539 2484 591 2543 τῶν
608 2479 783 2556 νενικημένων
803 2477 849 2537 καί
863 2500 962 2559 πεφευ-

135 2599 160 2637 ab
187 2573 240 2654 ηδτ
253 2570 314 2642 τοθς
328 2571 391 2648 μηδ’
405 2574 436 2630 έκ
451 2572 504 2629 τῶν
519 2570 609 2638 πυλῶν
622 2567 799 2645 ὑπομένοντας
819 2564 859 2624 έτε
870 2566 964 2645 προελ-

189 2667 255 2722 θεῖν·
272 2661 336 2735 μίαν
349 2661 372 2718 δ’
387 2659 496 2720 ἔσεσθαι
512 2661 594 2736 μόνην
608 2656 759 2738 άποφαίνων
772 2653 858 2727 καλήν
869 2658 916 2726 τῆς
925 2652 968 2733 ἔχ·

695 310 865 373 bluhlsll
889 308 1277 373 llnllcnltuhssssb'sls

1015 471 1027 495 ι
1042 451 1104 503 liure
1124 465 1200 515 quam
1231 465 1275 517 ego
1295 453 1394 503 tortum
1420 453 1513 514 autur,
1535 451 1664 505 considera
1681 469 1790 517 quonam

1014 560 1026 586 ε
1043 539 1117 591 modo
1134 541 1167 592 ab
1177 541 1288 592 omnium
1301 541 1396 592 insidiis
1405 540 1451 593 tibi
1460 554 1549 594 carere
1563 543 1651 607 possis.
1666 563 1679 589 ν

1043 631 1118 680 xllx.
1134 629 1226 680 Avibus
1236 629 1342 692 auditis,
1361 643 1406 681 rex
1419 629 1489 681 iilum
1499 643 1515 682 ε
1525 630 1674 684 satellitibus
1684 632 1711 684 in
1731 635 1792 684 vin·

1013 719 1070 770 cula
1082 716 1188 783 abduci,
1198 722 1223 769 et
1240 721 1354 770 accurate
1367 719 1491 770 asservari
1507 718 1599 772 lussit:
1615 720 1668 786 ipse
1682 735 1744 773 vero
1756 723 1788 773 ti-

1012 804 1122 856 diseirms
1136 805 1223 856 amieis
1232 808 1262 855 to
1276 807 1415 858 eonsilium
1428 807 1581 872 assumptis,
1591 812 1619 860 et
1631 809 1682 861 tilio
1695 813 1792 865 nrunte

1013 907 1071 945 cnm
1087 894 1135 944 illis
1146 894 1196 944 sibi
1206 893 1292 945 adesse
1306 894 1388 956 iusso,
1401 895 1493 960 quibus
1505 896 1643 949 rationibus
1654 911 1740 951 eorum
1753 902 1792 951 in-

1015 983 1090 1034 sidias
1101 983 1180 1033 vitare
1188 989 1271 1048 posset
1278 984 1441 1036 consultabat.
1475 987 1623 1048 ceterorum
1634 988 1709 1053 igitur
1719 1003 1793 1042 unus·

1015 1072 1132 1136 quisque,
1152 1070 1264 1122 inundes
1284 1072 1373 1124 salutis
1392 1074 1489 1139 ineptas
1515 1075 1624 1128 rationes
1649 1078 1793 1143 proterens,

1015 1160 1075 1211 nihil
1087 1159 1254 1223 illorumque
1272 1160 1384 1213 iacienda
1397 1165 1483 1215 essent
1495 1165 1556 1216 satit
1572 1164 1708 1232 intelligere
1726 1168 1795 1220 vide-

1017 1249 1091 1301 batur
1105 1269 1112 1300 ς
1128 1248 1194 1299 tilius
1204 1252 1288 1299 autem
1299 1251 1353 1301 elus
1370 1257 1511 1316 postremus
1523 1254 1704 1318 pmdonborem
1717 1270 1794 1322 quarn

1016 1351 1061 1403 pro
1072 1339 1147 1389 seinte
1157 1338 1303 1390 seutentiam
1317 1339 1388 1402 tulit,
1403 1342 1567 1407 spectandum
1578 1343 1601 1396 ei
1614 1358 1730 1410 cmsens,
1743 1360 1794 1398 non

1017 1429 1108 1494 quibus
1129 1427 1249 1478 custodiis
1268 1442 1296 1480 se
1316 1433 1403 1483 contra
1427 1432 1529 1485 insidiae
1544 1434 1665 1499 muniret,
1681 1435 1726 1487 sed
1743 1448 1794 1502 quo

1018 1521 1092 1586 puoto
1108 1516 1227 1569 custodiis
1249 1518 1323 1570 nullis
1344 1520 1472 1588 indigeret.
1507 1524 1626 1576 ommibus
1645 1527 1795 1577 aulemeius

1018 1607 1165 1661 sententiam
1187 1608 1384 1673 admirantibus,
1406 1615 1433 1663 et
1449 1613 1574 1677 quomodo
1592 1613 1619 1666 id
1636 1619 1721 1681 posset
1741 1615 1795 1667 lieri

1019 1701 1082 1752 scire
1095 1700 1270 1766 cupientibus:
1285 1719 1297 1745 ι
1314 1700 1355 1761 si,
1368 1701 1463 1765 inquit,
1480 1703 1536 1754 llius
1548 1702 1615 1756 viros
1629 1717 1661 1755 er
1680 1704 1794 1755 hostibus

1020 1812 1033 1838 α
1047 1789 1141 1840 συνίων
1152 1789 1250 1848 leceris,
1263 1791 1290 1841 et
1307 1790 1378 1840 tuem
1389 1788 1465 1855 ipsius
1477 1789 1554 1840 ritum
1565 1790 1684 1843 cariorem
1694 1791 1795 1843 dureris

1021 1901 1035 1926 a
1050 1878 1165 1932 exsulum
1183 1878 1355 1939 restitutione,
1370 1877 1413 1945 qui
1425 1880 1484 1930 sunt
1492 1892 1548 1930 curn
1556 1880 1705 1944 Tarquiniis.
1718 1901 1730 1925 ν
1743 1884 1795 1931 lien

1019 1970 1118 2037 pmbnri
1132 1968 1180 2021 sibi
1198 1969 1328 2021 consilinm
1338 1969 1402 2021 dixit
1415 1990 1422 2020 ε
1436 1968 1482 2021 sed
1496 1973 1579 2021 tamen
1591 1985 1644 2022 rem
1665 1986 1721 2023 cnm
1735 1987 1794 2023 con·

1019 2059 1151 2113 sultatione
1163 2058 1263 2124 dignam
1281 2059 1390 2125 putavit,
1403 2059 1527 2122 quomodo
1543 2058 1653 2111 honestis
1672 2061 1795 2113 conditio·

1019 2150 1331 2217 nibuspexcumiilistieri
1339 2149 1597 2215 posset=tnrpeontm
1607 2150 1694 2210 videri,
1705 2152 1727 2202 si
1737 2151 1794 2212 sibi,

1019 2241 1064 2308 qui
1082 2244 1205 2293 Romanos
1221 2239 1308 2306 prmlio
1319 2238 1418 2290 εἰσίωσι
1426 2241 1453 2290 et
1463 2238 1528 2290 intra
1549 2238 1642 2290 moenia
1653 2240 1795 2305 compulsos

1020 2331 1159 2394 obsideret,
1180 2329 1320 2382 abeundum
1334 2331 1399 2381 esset
1415 2328 1507 2381 intecta
1517 2342 1561 2390 re,
1576 2331 1667 2395 pretor
1682 2330 1794 2393 ,Tarqui-

1021 2421 1118 2474 niorum
1139 2419 1361 2486 exspectationem,
1376 2416 1450 2484 qnasi
1459 2418 1542 2470 victus
1553 2421 1621 2470 esset
1635 2431 1651 2470 ε
1661 2418 1748 2480 sicile,
1769 2423 1796 2470 et

1021 2511 1092 2576 quasi
1108 2511 1205 2577 ingeret
1222 2523 1266 2561 eos
1278 2509 1322 2575 qui
1332 2522 1365 2560 ne
1377 2505 1497 2560 auderent
1513 2506 1616 2573 quidem
1632 2511 1717 2573 podas
1735 2521 1795 2573 pro·

1021 2600 1090 2665 gredi
1107 2620 1113 2651 :
1126 2613 1203 2651 unam
1214 2598 1293 2650 solam
1307 2610 1363 2650 esse
1376 2597 1506 2650 honestam
1514 2597 1582 2663 pecii
1594 2596 1714 2650 iacienda
1725 2596 1798 2649 ratio·

1022 2703 1094 2751 nem,
1115 2689 1137 2740 si
1157 2687 1189 2739 ab
1208 2686 1322 2739 hostibus
1337 2687 1498 2739 mitterentur
1511 2685 1601 2753 legati,
1619 2686 1664 2753 qni
1685 2687 1718 2739 de
1738 2700 1797 2752 pace

192 2759 254 2834 θρας
282 2749 375 2821 λύσιν,
403 2749 426 2808 εί
447 2747 520 2829 παρδ
545 2750 598 2805 τῶν
622 2744 755 2823 πολεμίων
778 2741 968 2825 παραγῖνθθΐθ
1019 2780 1127 2845 agerent„

191 2863 258 2907 τινες
271 2838 336 2915 πρδς
350 2837 427 2897 αὐτὸν
442 2836 502 2918 περὶ
514 2838 602 2917 φιλίας
617 2833 808 2913 διαλεγόμενοι.

232 2929 339 2991 ΧΧΧΙ.
362 2929 455 2988 Ταῦτα
479 2925 527 3001 μὲν
549 2923 607 2984 τότε
620 2923 686 3004 πρδς
706 2922 750 2982 τδν
766 2920 821 2981 υίδν
843 2922 889 2982 καί
908 2920 968 2989 τοὺς

137 3036 162 3075 ει
193 3016 324 3097 παρόντας
339 3005 423 3074 ιῖπεν·
446 3012 549 3091 δλίγαις
564 3011 589 3071 δ’
618 3011 727 3089 ὕστερον
752 3007 865 3090 ἡμέραις
889 3009 967 3078 αι’ντδς

191 3103 346 3184 ἠναγκάσθη
357 3101 480 3184 πρότερος
492 3100 581 3180 άρχειν
588 3097 673 3176 λόγοιν
686 3097 911 3176 διαλλακτηρίων,
924 3097 968 3157 διδι

190 3193 314 3266 τοιαύτην
324 3185 623 3265 αἰτίανέσκεδασμένων
630 3184 733 3259 άνδτὴν
740 3184 830 3265 χώραν
836 3187 888 3243 τῶν
893 3208 970 3266 στρα-

190 3287 289 3343 τιωτῶν
299 3281 345 3343 καὶ
354 3278 401 3345 τάς
409 3275 537 3356 ἀγομένας
548 3276 584 3343 είς
591 3273 638 3346 τήν
648 3273 724 3334 πόλιν
736 3271 832 3353 άγορδις
842 3274 970 3353 ἀφαιρου-

193 3372 294 3450 μένων,
303 3368 347 3430 καί
357 3371 434 3427 τοῦτο
444 3365 585 3426 ποιούντων
597 3367 723 3442 συνεχῶς,
733 3363 756 3422 οί
765 3364 816 3421 τῶν
828 3360 969 3438 Ῥωμαίων

139 3483 165 3521 eb
193 3460 287 3520 ὕπατοι
296 3456 457 3539 λοχήσαντες
467 3453 560 3521 αὐτούς
573 3456 599 3512 ίν
611 3454 685 3533 καλῷ
694 3451 784 3531 χωρίῳ
795 3450 972 3530 διαφθείρουσί

193 3573 221 3609 τε
238 3548 362 3628 συχνοὺς,
375 3543 422 3605 καί
434 3543 476 3603 ἔτι
488 3542 592 3611 πλείους
605 3545 657 3600 τῶν
673 3541 859 3623 ἀναιρεθέντων
874 3542 973 3620 αἰχμα·

192 3637 290 3703 λύτους
301 3633 493 3712 λαμύάνουσιν.
538 3631 596 3713 Ἐφ’
611 3623 848 3712 ᾧχαλεπαίνοντες
861 3632 884 3689 οἱ
898 3629 972 3708 Τυρ-

195 3723 268 3803 ρηνοί
282 3720 425 3802 διελέγοντο
444 3720 509 3800 πρὸς
523 3719 653 3791 ἀλλήλους
675 3722 743 3782 κατθ
759 3721 920 3804 συστροφάς,
937 3720 971 3778 δι’

196 3813 282 3880 αἰτίας
296 3813 341 3872 τόν
356 3835 384 3869 τε
399 3810 509 3888 βασιλέα
525 3809 637 3878 καὶτοὺς
649 3810 742 3878 ἄλλους
756 3811 886 3888 ἡγεμόνας
896 3810 971 3890 έχον-

142 3918 169 3954 ιι)
197 3925 241 3968 τας
252 3902 295 3961 ἐπί
312 3904 345 3981 τῇ
358 3899 435 3979 τριύῇ
447 3905 493 3959 τοῦ
505 3899 622 3976 πολέμου
634 3897 679 3957 καί
694 3899 909 3959 ἀπαλλάττεσθαι
923 3920 970 3957 πο-

197 3993 297 4058 θοῦντες
311 3987 356 4048 tori
369 3987 403 4047 τδι
417 3990 510 4049 οἰκεῖα.
554 3987 636 4055 Δόξας
650 3985 697 4065 μίν
723 3978 767 4046 οὖν
782 3986 866 4045 άπασι
888 4009 971 4067 κεχα-

202 4076 326 4155 ρισμένας
364 4075 525 4155 φανήσεσθαι
549 4075 596 4144 τθις
630 4074 788 4153 διαλλαγάς,
815 4074 973 4135 ἀποστέλλει

198 4161 361 4245 πρεαύευτδις
372 4166 402 4224 ίκ
419 4169 470 4223 τῶν
488 4165 559 4224 ἰδίων
573 4163 653 4242 φιλων
665 4161 724 4231 τοὺς
740 4162 971 4241 ἀναγκαιοτάτους.

197 4256 222 4316 Τ
225 4252 273 4320 ινθς
296 4251 344 4330 μὲν
372 4243 495 4332 ούνφασν
515 4254 560 4312 καί
588 4253 632 4312 τὸν
658 4251 775 4313 Μούκιον
790 4250 847 4329 ἅμα
875 4250 975 4318 τούτοις

145 4367 171 4403 ιε
199 4343 382 4414 ἀποσταλῆναι
392 4342 467 4400 δόντα
484 4341 531 4414 τήν
553 4344 639 4401 πίστιν
655 4345 693 4423 τῷ
713 4341 817 4421 βασιλεῖ
835 4342 867 4400 δι’
890 4338 973 4420 ὅρκων

199 4431 264 4512 ὑπὲρ
287 4433 335 4490 τοῦ
348 4430 427 4487 πάλιν
445 4429 610 4490 ἐλεύσεσθαι·
626 4428 708 4511 ἕτερον
727 4430 755 4490 δὲ
774 4430 894 4511 λέγουσιν
909 4431 975 4506 δμη·

200 4541 260 4597 ρον,
279 4520 327 4586 ἕως
350 4519 376 4575 αἱ
391 4517 532 4596 διαλλαγαί
553 4517 697 4595 γένωνται,
716 4518 760 4577 τὸν
782 4518 865 4602 ένδρα
886 4524 975 4579 τοῦτον

201 4611 226 4666 ἐν
241 4605 458 4686 τῷστρατοπέδῳ
471 4604 660 4683 φυλάττεσθαι·
672 4604 717 4664 καί
732 4605 794 4686 τάχ’
807 4605 839 4664 δν
853 4606 894 4678 εἴη
906 4602 975 4665 τοῦτ’

202 4693 389 4774 ἀληθέστερον.
434 4691 556 4752 Ἐντολαλ
582 4694 604 4751 δ’
637 4685 720 4767 ἦσαν,
750 4694 780 4763 άς
802 4694 886 4756 ἔδωκε
924 4704 978 4763 τοῖς

148 4815 174 4852 ,0
202 4784 375 4864 πρεσύευταῖς
394 4786 408 4842 θ
430 4780 568 4861 βασιλεὺς,
589 4782 703 4841 τοιαίδε·
719 4809 731 4836 ι
750 4782 819 4864 Περί
838 4781 887 4862 μίν
908 4782 978 4842 sicd-

204 4873 247 4932 δου
262 4873 419 4955 Ταρκυνίων
436 4871 536 4949 μηδένα
555 4877 689 4931 ποιεῖσθαι
699 4870 791 4950 λόγον,
810 4873 845 4931 τά
866 4872 893 4932 δέ
908 4871 978 4953 χρή·

205 4965 266 5029 ματ’
281 4967 368 5031 αὐτοῖς
384 4963 470 5032 ἀξιοῦν
487 4960 662 5035 ἀποδοθῆναι,
678 4959 794 5037 μάλιστα
811 4960 858 5038 μὲν
873 4960 978 5019 άπαντα

205 5044 253 5102 ὅσα
270 5049 414 5125 Ταρκύνιός
428 5074 456 5109 τε
478 5048 687 5129 όπρεούύτατος
706 5048 830 5108 κατελιπε
846 5050 890 5108 καί
906 5048 980 5109 αὐτοί

206 5129 253 5188 σύν
266 5134 303 5210 τῷ
317 5135 409 5214 δικαίῳ
425 5137 586 5215 κτησάμενοι
598 5136 739 5216 κατέσχον·
753 5140 776 5196 εἰ
792 5135 819 5196 δὲ
835 5138 872 5216 μή
887 5162 916 5219 γι
930 5137 980 5199 ὅσα

1054 2957 1140 3005 xxxi.
1157 2956 1238 3018 Atque
1259 2952 1315 3003 hec
1335 2950 1436 3015 quidem
1455 2952 1518 3001 tunc
1538 2949 1588 3001 illio
1603 2951 1630 3000 et
1652 2948 1741 3000 ceteris
1753 2951 1797 3012 qui

1023 3058 1126 3108 aderunt
1144 3056 1228 3107 dixit:
1244 3054 1331 3119 paucis
1350 3056 1434 3105 tamen
1446 3055 1506 3118 post
1525 3051 1612 3104 diebus
1629 3051 1682 3117 lpse
1697 3055 1799 3104 mactus

1023 3165 1062 3216 est
1076 3163 1144 3228 prior
1155 3165 1278 3214 Romanos
1289 3161 1320 3210 ad
1340 3161 1408 3224 pecie
1419 3157 1573 3211 conditiones
1593 3172 1747 3224 provocare,
1757 3160 1800 3211 tali

1023 3269 1055 3322 de
1077 3283 1173 3321 caussa.
1207 3268 1330 3333 Dispersis
1349 3283 1393 3334 per
1416 3281 1502 3334 agrum
1524 3265 1659 3328 militibus,
1686 3270 1712 3318 et
1735 3279 1800 3317 com·

1024 3380 1122 3430 meatus
1132 3378 1175 3442 qui
1191 3378 1216 3428 in
1234 3377 1321 3428 urbem
1340 3376 1499 3442 portabantur
1515 3375 1740 3440 intercipientibus,
1757 3372 1797 3424 id·
1858 3361 1862 3371 ’

1025 3498 1073 3548 que
1083 3482 1183 3534 essidue
1194 3483 1348 3545 iacientibus,
1358 3484 1461 3535 Romani
1469 3481 1597 3543 consarles,
1609 3479 1702 3532 insidiis
1710 3481 1735 3530 in
1746 3480 1800 3531 looo

1027 3591 1166 3655 opportuno
1187 3588 1311 3640 minum
1335 3589 1428 3640 multos
1454 3601 1541 3640 eorum
1562 3587 1755 3646 iuterfecerunt,
1776 3589 1802 3635 et

1026 3694 1315 3761 longeplnresceperunt
1329 3708 1404 3760 quarn
1420 3694 1605 3747 interemerunt.
1652 3694 1733 3752 Quam
1750 3704 1801 3742 rem

1028 3821 1212 3882 egressiones
1231 3812 1344 3874 Etrusci,
1356 3811 1420 3863 inter
1438 3823 1466 3861 ee
1486 3794 1687 3872 colloquebantur
1699 3801 1723 3851 in
1739 3814 1801 3851 con-

1029 3923 1175 3983 venticulis,
1191 3935 1273 3986 regem
1293 3920 1319 3971 et
1341 3920 1437 3967 ceteros
1456 3914 1533 3965 duces
1554 3911 1709 3963 monmutes,
1735 3904 1801 3970 quod

1029 4028 1391 4086 tumdiu'bellumtreberen13
1412 4027 1438 4075 et
1459 4022 1492 4073 ad
1509 4016 1619 4086 proprios
1636 4014 1701 4066 lares
1722 4010 1803 4062 redire

1030 4135 1170 4199 cupiebant.
1204 4139 1257 4187 lter
1276 4135 1356 4200 igitur,
1379 4129 1495 4182 omnibus
1521 4137 1607 4192 pacem
1628 4122 1724 4186 gratam
1750 4116 1803 4166 iore

1030 4240 1114 4300 ratus,
1128 4239 1196 4291 misit
1208 4238 1301 4303 legatos
1315 4237 1346 4287 de
1354 4235 1407 4287 suis
1416 4229 1577 4284 familiaribus
1590 4223 1697 4276 menime
1716 4231 1802 4270 neces-

1031 4340 1117 4392 sarios.
1150 4342 1213 4392 Sunt
1234 4330 1318 4390 eutem
1338 4336 1382 4401 qui
1402 4334 1486 4384 dicant
1505 4333 1586 4394 ipsum
1602 4325 1675 4378 eliam
1696 4318 1804 4372 Mucium

1032 4453 1089 4490 cum
1103 4441 1140 4488 his
1155 4441 1231 4489 luisse
1243 4440 1345 4489 missum
1353 4474 1361 4497 ,
1369 4434 1432 4497 'regi
1441 4432 1490 4483 fide
1502 4444 1560 4481 cum
1577 4421 1736 4477 iureiurando
1748 4419 1805 4468 data

1031 4544 1083 4593 tore
1096 4545 1124 4592 ut
1138 4541 1231 4591 rediret
1245 4560 1252 4590 ι
1267 4540 1309 4591 alii
1320 4551 1379 4590 vero
1394 4538 1480 4588 dicunt
1497 4535 1563 4585 huuc
1581 4531 1659 4581 donec
1669 4541 1717 4592 pax
1735 4523 1806 4573 lieret

1031 4645 1063 4696 ob
1075 4643 1141 4696 idem
1156 4643 1179 4693 in
1191 4641 1280 4693 castris
1290 4642 1364 4692 tuisse
1376 4642 1509 4700 retentum,
1529 4633 1596 4699 quod
1611 4634 1678 4683 certe
1688 4624 1806 4678 verisimi-

1031 4744 1080 4796 lius
1090 4745 1197 4796 videtur.
1230 4744 1346 4795 Mandata
1360 4755 1448 4807 porro,
1463 4753 1520 4806 quse
1532 4752 1577 4789 rer
1588 4735 1677 4801 legatis
1689 4729 1804 4783 dederat,

1032 4845 1087 4896 haec
1096 4844 1211 4895 tuemnt:
1224 4864 1236 4888 ι
1251 4847 1286 4895 ill
1297 4843 1330 4895 de
1339 4843 1528 4907 Tarquiniorum
1540 4840 1624 4892 reditu
1637 4837 1730 4889 nullam
1740 4841 1806 4880 men·

1033 4947 1125 5000 tionem
1141 4947 1261 5007 lacercut3
1276 4946 1318 4998 sed
1331 4946 1486 5012 postularent
1505 4948 1534 4995 ut
1546 4944 1594 4996 illis
1608 4937 1807 4998 restituerentur,

1034 5048 1157 5113 precipue
1172 5046 1254 5098 omnia
1272 5061 1301 5098 ea
1312 5062 1369 5112 quse
1380 5045 1529 5110 Tarquinius
1555 5049 1654 5099 Priscus
1673 5038 1808 5093 heredibus

1036 5150 1089 5201 suis
1106 5149 1251 5215 reliquerat,
1272 5151 1298 5200 et
1320 5162 1376 5212 qnos
1399 5147 1447 5213 ipsi
1466 5147 1532 5199 iuste
1543 5148 1613 5213 parte
1631 5144 1808 5210 possidebant:
