3772 5828
578 449 870 522 AN'l'lQUlTATUM
893 450 1040 512 bollan.
1064 454 1137 512 ΗΒ.
1161 456 1212 514 lll.

113 612 126 637 ιι
148 583 258 666 παρεῖχέ
281 605 325 659 μοι
352 583 398 642 καὶ
421 583 583 661 ἀμηχανίαν.
627 581 835 659 Ἐνθυμούμενος
855 582 886 653 δὴ

113 702 125 728 ι
144 680 228 733 ταῦτα
250 676 296 743 τῆς
321 670 368 748 μέν
391 669 434 728 ἐπὶ
455 668 513 735 τοὺς
532 673 634 747 ἀγῶνας
653 672 735 750 ὁρμῆς
759 671 887 751 ἀπέσχον,

113 791 125 812 ι
146 758 278 826 ἀναύολάς
292 760 319 816 δέ
334 758 379 818 καὶ
395 757 531 836 διατριδάς
544 760 686 834 ἐποιούμην
702 763 747 818 τοῦ
757 759 886 835 πολέμου,

112 876 124 902 ι
145 848 286 927 προτέρους
305 853 373 924 ὑμᾶς
390 844 507 921 οἰόμενος
520 846 573 903 δεῖν
592 845 681 925 ἀρχεῖν
701 849 751 905 τῶν
767 847 828 927 περὶ
846 871 888 930 φι·

73 958 85 994 s
111 967 124 992 ιι
145 939 206 1006 λίας
227 938 324 1012 λόγων·
346 938 392 995 καὶ
415 936 466 994 ἔδει
481 957 524 1014 γι,
547 923 569 992 ιδ
590 934 694 1010 Τύλλε,
715 942 791 996 τοῦτο
806 945 887 996 ποιεῖν

114 1056 126 1078 ι
150 1031 218 1103 ὑμᾶς
233 1027 355 1091 ἀποίκους
369 1023 447 1090 όντας
460 1025 553 1100 ἡμῶν,
569 1021 612 1081 καλ
627 1021 664 1100 μὴ
680 1023 828 1102 περιμένειν
840 1024 888 1093 ἕως

114 1143 127 1168 ι
150 1121 167 1186 ὴ
191 1113 350 1192 μητρόπολις
374 1112 452 1193 άρξῑ.
493 1107 581 1183 Ὀσης
614 1111 664 1192 γάρ
689 1111 788 1182 ἀξιοῦσι
812 1118 888 1189 τιμῆς

114 1231 126 1258 ι
149 1204 286 1283 τυγχάνειν
302 1205 325 1261 οἱ
340 1200 451 1281 πατέρες
466 1198 540 1281 παρδι
555 1203 605 1258 τῶν
620 1201 747 1281 ἐκγόνων,
760 1203 889 1275 τοσαύτης

113 1322 125 1346 ιι
150 1296 172 1351 οἱ
187 1292 322 1359 κτίσαντες
344 1290 390 1357 at<
411 1289 500 1354 πολεῖς
514 1291 587 1369 παρὰ
602 1293 654 1348 τῶν
671 1289 798 1352 ἀποίκων.
841 1291 887 1352 Ἐν

60 1399 87 1436 tu
114 1408 125 1434 ι
148 1371 170 1459 ᾧ
183 1382 205 1439 δ’
218 1385 296 1457 ἡμεῖς
312 1380 456 1456 ἐμέλλομεν
471 1375 516 1435 καὶ
531 1385 729 1457 παρετηροῦμεν
745 1380 887 1455 ἀλλήλους,

113 1496 125 1522 ι
148 1469 254 1549 πότεροι
268 1470 320 1526 τῶν
335 1464 505 1544 εὐγνωμόνων
521 1463 626 1543 ἀρξουσι
639 1467 743 1545 λόγων,
760 1467 836 1545 ἑτέρα
850 1492 888 1535 τις

114 1584 125 1609 ι
148 1561 220 1630 ἡμᾶς
234 1556 336 1635 ἀνάγκη
356 1554 480 1634 κρείττων
499 1554 613 1620 ἅπαντας
628 1554 790 1633 ἀνθρωπίνου
811 1557 885 1636 λογι-

113 1675 125 1698 ιι
150 1650 218 1721 σμοῦ
239 1642 421 1723 περιλαθοῖῖσα
442 1644 561 1719 συνάγει·
573 1641 605 1713 ἣν
620 1641 672 1720 ἐγὼ
691 1644 833 1719 πυθόμενος
848 1643 888 1702 έτι

112 1762 125 1788 ε
147 1733 325 1792 λανθάνουσαν
349 1734 432 1806 θμθς,
452 1731 536 1788 οὐκέτ’
552 1730 643 1806 ᾠόμην
663 1731 715 1787 δεῖν
729 1734 777 1801 τῆς
792 1731 886 1811 εὐπρε-

57 1840 82 1876 tt
113 1851 126 1874 ιι
148 1823 224 1888 πείας
238 1825 289 1879 τῶν
304 1820 451 1894 διαλλαγῶν
464 1818 645 1899 στοχάζεσθαι.
690 1810 886 1900 Δειναὶγάρ,ιδ

112 1941 124 1961 ιι
146 1911 249 1980 Τύλλε,
267 1907 386 1987 μηχαναὶ
406 1908 547 1967 πλέκονται
566 1907 624 1966 καθ’
639 1911 731 1981 ἡμῶν,
748 1906 792 1966 καί
815 1908 887 1976 δόλος

113 2027 125 2050 ιι
148 2003 260 2078 ἄφυκτος
275 1996 403 2077 ἔρραπται
415 1995 472 2054 κατ’
486 1996 656 2076 ἀμφοτέρων,
666 1994 693 2061 ὃς
705 1995 812 2071 ἔμελλεν
824 1998 886 2054 ἀκο·

115 2115 127 2136 ιι
148 2086 200 2144 νιτὶ
217 2085 261 2143 καὶ
277 2084 338 2165 δίχα
355 2083 434 2143 πόνου
450 2083 537 2142 πάντα
553 2083 699 2163 συντρίψειν
720 2082 765 2141 καὶ
781 2084 887 2164 διαφθε·

113 2205 124 2226 ι
149 2183 200 2253 ρεῖν
223 2178 299 2252 ἡμῶν
321 2173 357 2231 ria
379 2173 526 2251 πράγματα
551 2171 629 2250 πυρὸς
645 2169 661 2240 ἢ
677 2177 797 2247 ποταμοῦ
811 2171 886 2244 δίκην

53 2280 81 2316 ευ
112 2291 124 2314 ι
145 2263 277 2339 ἐμπεσών.
318 2259 481 2339 Δημιουργοῖ
499 2257 526 2317 δὲ
543 2261 596 2316 τῶν
612 2258 722 2316 ἀνοσίων
739 2261 886 2336 βαυλευμά·

111 2379 124 2403 ι
145 2375 197 2410 των
211 2351 275 2409 εἰσὶν
291 2353 316 2407 οἱ
331 2345 508 2406 δυνατώτατοι
524 2347 678 2416 Φιδηναίων
691 2368 719 2403 τε
733 2347 778 2404 καί
793 2350 888 2406 Ούῖεν-

111 2467 123 2492 ιι
146 2441 230 2496 τανιῗεν
253 2435 429 2500 συνελθόντες.
471 2431 567 2498 Ὅστις
595 2432 617 2490 δ’
643 2436 657 2490 θ
680 2437 727 2504 τῆς
747 2433 887 2507 έπεόουλῆς

112 2553 123 2576 ι
148 2528 233 2582 αὐτῶν
250 2522 344 2602 τρόπος
359 2512 409 2593 ἦν,
424 2519 469 2578 καλ
485 2520 565 2579 πόθεν
582 2522 618 2585 εἰς
634 2519 679 2595 ἐμέ
699 2525 717 2591 ἡ
738 2523 790 2578 τῶν
806 2524 887 2601 ἀπορ-

112 2641 125 2662 ιι
148 2611 232 2690 ρήτων
248 2610 433 2690 βουλευμάτων
448 2612 541 2685 γνῶσις
557 2609 694 2681 ἐλήλυθεν,
707 2608 845 2669 ἀκούσατε.
863 2640 875 2663 ι

47 2721 78 2757 25
155 2703 227 2762 Vlll.
247 2702 332 2761 Ταῦτ’
345 2696 425 2757 εἰπὼν
441 2700 531 2758 δίδωσι
543 2703 595 2758 τῶν
607 2697 743 2775 παρόντων
759 2696 809 2755 τινὶ
825 2699 887 2756 ἀνε-

110 2793 208 2864 γνῶναι
219 2787 266 2856 at<
277 2786 427 2859 ἐπιστολὰς,
440 2787 469 2854 θς
479 2789 550 2867 αὐτῷ
561 2785 706 2862 κεκομικώς
718 2784 886 2865 τιςάτύγχανε

108 2877 183 2956 παρὰ
201 2881 249 2936 τῶν
267 2880 294 2936 ἐν
310 2875 415 2955 Φιδήνῃ
432 2875 524 2948 ξένων,
539 2875 585 2935 καὶ
598 2873 643 2933 τὀν
659 2873 795 2950 κομίσαντ’
805 2873 885 2940 αύτδς

29 3028 33 3035 ,
109 2965 274 3046 παρήγαγεν.
317 2963 543 3041 ’ἀναγνωσθεισῶν
559 2962 586 3022 δέ
600 2966 651 3020 τῶν
676 2963 819 3020 ἐπιστολῶν
840 2962 885 3020 καὶ

108 3059 153 3113 τοῦ
169 3055 260 3134 ἀνδρὸς
277 3052 470 3130 διηγησαμένου
491 3052 569 3113 πάνθ’
582 3053 631 3110 ὅσα
647 3051 719 3129 παρὰ
736 3053 788 3109 τῶν
803 3053 885 3110 inirr-

50 3166 79 3204 συ
109 3143 221 3219 θεμένων
241 3141 318 3208 abab<
333 3139 387 3199 ἀπὸ
402 3141 531 3217 στόματος
547 3141 673 3214 ἤκουσεν,
690 3138 839 3211 ἐκπλήξεώς
856 3163 885 3198 τε

109 3230 225 3308 μεγάλης
240 3228 426 3309 κατασχούσης
441 3229 499 3295 τοὺς
523 3229 679 3299 ἀκούοντας,
694 3218 727 3285 οἷ’
744 3227 813 3294 εἰκὸς
841 3227 885 3285 ἐπὶ

110 3320 258 3397 τηλικούτῳ
278 3320 352 3396 κακῷ
377 3320 442 3394 παρ’
467 3318 575 3382 ἐλπίδας
598 3314 766 3386 ἀκουσθέντι,
792 3315 884 3392 μικρὸν

110 3404 226 3485 έπεσχὼν
241 3409 256 3463 θ
270 3405 431 3483 Φουφέττιος
444 3405 522 3462 πάλιν
535 3404 636 3471 ἔλεξεν·
656 3430 670 3455 ι
682 3402 825 3474 ’ἀκηκόατε
840 3403 886 3469 τδις

111 3518 123 3545 ι
145 3496 246 3569 αἰτίας,
272 3492 364 3570 ἄνδρες
384 3490 533 3566 Ῥωμαῖοι,
560 3494 593 3550 δι’
617 3489 647 3555 ἀς
671 3488 722 3566 ἐγὼ
750 3490 814 3555 τέως
837 3489 885 3565 μέν

53 3611 80 3649 ³5
112 3607 124 3632 ι
148 3579 331 3657 ἀνεθαλλόμην
348 3579 409 3645 τοὺς
432 3579 494 3657 πρὸς
510 3583 578 3655 ὑμᾶς
602 3581 717 3654 ἀγῶνας,
738 3582 783 3635 νῦν
799 3576 885 3635 δὲκαὶ

112 3695 124 3720 ι
147 3671 198 3727 τῶν
223 3668 282 3749 περὶ
309 3667 396 3746 φιλίας
417 3666 519 3739 ἠξίωσα
533 3668 657 3745 πρότερος
674 3664 764 3744 άρχειν
788 3664 883 3737 λόγων.

111 3785 123 3809 ι
147 3755 238 3834 Ὑμεῖς
261 3756 288 3815 δὲ
309 3756 339 3814 τὸ
367 3754 436 3831 μετὰ
461 3755 530 3814 τοῦτ’
544 3753 596 3827 ἤδη
616 3760 753 3826 σκοπεῖτε,
778 3753 885 3835 πότερον

109 3873 122 3900 ι
145 3844 228 3904 οἴεσθε
253 3846 306 3904 δεῖν
329 3843 389 3925 περί
414 3843 517 3923 βοῖδίων
539 3842 584 3902 καλ
607 3840 747 3919 προθάτων
765 3841 886 3922 ἁρπαγῆς

109 3963 120 3987 ιι
144 3934 286 3993 ἄσπειστον
306 3932 420 4006 πόλεμον
438 3933 576 4013 φυλάττειν
591 3929 654 4009 πρὸς
669 3929 728 3997 τούς
745 3929 887 3997 κτίσαντας

57 4050 81 4089 g,
110 4052 121 4077 ιι
142 4023 189 4082 καῖ
203 4021 339 4101 πατέρας,
359 4023 385 4078 έν
402 4011 424 4101 ᾧ
440 4021 484 4078 καὶ
501 4018 672 4100 κρατηθέντες
688 4018 827 4076 ἀπολεῖσθε
842 4019 886 4076 καῖ

110 4138 122 4164 ι
144 4111 339 4191 κρατήσαντες,
357 4107 373 4180 ἢ
397 4108 585 4184 διαλυσάμενοι
601 4105 647 4176 τὴν
664 4106 727 4184 πρὸς
741 4103 801 4172 τοὺς
818 4129 883 4182 συγ-

111 4227 122 4250 ·
144 4206 228 4275 γενεῖς
250 4197 347 4278 έχθραν
364 4197 421 4273 μεθ’
436 4200 513 4272 ἡμῶν
531 4197 575 4254 ἐπὶ
593 4193 652 4260 τοὺς
666 4191 765 4259 κοινοὺς
781 4192 886 4272 ἐχθροὺς

111 4317 123 4341 ιι
145 4295 260 4367 χωρεῖν,
276 4284 304 4345 σί
314 4285 340 4365 γ’
353 4286 383 4344 ού
400 4284 477 4362 μόνον
502 4285 647 4342 ἀπόστασιν
664 4280 823 4342 έύούλευσαν
842 4283 886 4361 ἀφ’

111 4404 123 4428 ι
146 4381 223 4452 ἡμῶν
238 4373 307 4435 ἀλλά
321 4376 366 4432 καῖ
380 4374 578 4443 ἀπανάστασιν,
594 4371 653 4431 οὔτε
668 4369 824 4436 πεπονθότες
836 4369 887 4426 δει-

62 4489 84 4526 ιε
112 4494 125 4519 ι
147 4467 192 4524 νὀν
213 4462 301 4536 οὐδὲν,
315 4461 377 4521 οὔτε
398 4460 437 4540 μὴ
462 4462 567 4522 πάθωσι
583 4459 707 4524 δεδιότες·
723 4457 767 4516 καλ
786 4456 840 4515 οὐδ’
857 4457 887 4514 ἐκ

111 4581 123 4607 ι
144 4557 192 4613 τοῦ
207 4554 320 4633 φανεροῦ
341 4549 462 4609 ἐπέθεντο
483 4550 563 4625 ἡμῖν,
580 4551 614 4613 ὡς
628 4551 643 4605 θ
657 4546 741 4611 κοινδς
758 4542 823 4612 ἀξιοῖ
842 4549 886 4603 τοῦ

110 4668 122 4693 ι
145 4639 264 4714 πολέμου
279 4639 370 4714 νόμος,
387 4639 446 4697 ἀλλ’
462 4638 513 4695 ὑπὸ
536 4636 660 4707 σκότους,
684 4636 719 4698 ὡς
739 4631 771 4691 ἂν
796 4631 885 4702 ἥκισθ’

111 4758 123 4784 ι
147 4727 266 4788 ὑπίδοιτό
283 4748 323 4795 τις
339 4728 425 4786 αὐτῶν
441 4726 490 4797 τὴν
506 4725 647 4797 ἐπιόουλὴν
668 4722 715 4782 καὶ
731 4719 885 4802 φυλάξαιτο.

110 4848 122 4874 ι
145 4814 228 4879 ’altit
241 4813 292 4896 γάρ
315 4815 355 4874 δτι
375 4814 423 4892 μέν
445 4816 488 4874 ἐπὶ
511 4813 570 4880 τοὺς
597 4811 714 4877 ἀνοσίους
739 4807 887 4889 ἀνθρώπους

62 4939 87 4980 ω
110 4930 123 4957 ι
144 4905 214 4964 λείαν
225 4906 291 4980 ἡμῖν
306 4901 397 4984 ἀπάση
413 4902 513 4982 σπουδῇ
525 4897 751 4975 καταλυσαμένοις
762 4895 795 4955 τδι
808 4894 886 4976 έχθη·

111 5021 123 5046 ι
146 4992 244 5067 μανίας
266 4989 318 5071 γάρ
337 4991 423 5070 θάτερ’
438 4989 538 5058 ἀξιοῦν·
553 4992 587 5055 ὡς
611 4987 750 5061 ἐγνωκόσιν
766 4984 826 5061 ύμῖν
842 4982 888 5041 καὶ

111 5109 124 5134 ι
145 5079 301 5152 ποιήσουσιν
315 5077 388 5137 οάδάν
404 5077 497 5155 δέομαι
511 5076 595 5136 πλείω
608 5075 692 5155 λέγειν
708 5075 752 5132 καὶ
768 5092 886 5149 παρακι·

111 5195 125 5223 ιι
146 5167 280 5227 λούεσθαι.
322 5163 375 5226 ’ον
390 5167 417 5224 δέ
435 5165 530 5244 τρόπον
555 5167 582 5222 αἱ
602 5164 731 5226 διαλύσεις
746 5159 825 5218 καλαὶ
842 5156 887 5214 καλ

110 5285 125 5310 ι
147 5253 330 5336 συμφέρουσαι
352 5252 460 5332 γένοιντ’
474 5251 506 5312 ἀν
530 5252 689 5331 ἀμφοτέραις
703 5253 760 5314 ταῖς
781 5246 886 5304 πόλεσι·

1662 465 1714 523 l3t

946 613 958 636 ι
974 607 1030 643 rum
1055 597 1109 644 exta
1142 593 1268 655 consului,
1290 594 1349 644 nibil
1370 595 1420 645 teti
1445 597 1505 646 mibi
1533 599 1720 663 portenderent,

947 703 958 725 ιι
977 685 1059 734 animo
1072 685 1148 735 dubio
1160 690 1237 750 atque
1256 687 1330 736 antio
1344 700 1398 736 esse
1412 688 1482 751 carpi.
1518 691 1576 738 llaec
1590 692 1663 754 igitur
1676 708 1720 745 co·

945 796 957 818 ιι
976 779 1054 840 gitans
1067 777 1135 826 illum
1148 777 1270 840 pugnandi
1282 779 1402 841 impetum
1421 781 1541 841 repressi,
1554 796 1658 845 pinguem
1670 785 1719 834 dii·

945 889 957 912 «
975 871 1055 920 terens
1075 873 1101 919 et
1114 882 1195 918 moras
1209 874 1322 930 nectens,
1343 875 1412 919 ratus
1432 885 1477 922 ros
1494 873 1587 936 priores
1609 874 1640 924 de
1662 890 1720 939 pace

944 973 1045 1024 «egere
1064 966 1185 1025 oportere.
1218 963 1249 1010 Et
1268 973 1340 1021 saue,
1355 963 1443 1028 Tulle,
1460 967 1569 1028 oportuit
1587 981 1644 1030 vos,
1662 982 1720 1019 cum

944 1074 956 1097 ι
973 1054 1052 1103 nostri
1073 1054 1154 1104 coloni
1173 1054 1243 1114 sitis,
1257 1055 1351 1118 priores
1376 1055 1424 1107 boc
1447 1059 1527 1108 tacere
1550 1072 1593 1109 nee
1615 1073 1719 1124 exspec-

944 1164 956 1188 «
975 1149 1041 1205 tare,
1053 1142 1131 1193 donec
1144 1146 1226 1194 restra
1240 1145 1340 1209 antiqua
1357 1147 1434 1208 patria
1446 1161 1490 1197 ros
1503 1149 1534 1196 ad
1555 1162 1639 1211 pacem
1654 1150 1718 1200 invi·

944 1259 955 1281 ι
973 1239 1059 1287 taret:
1079 1251 1151 1300 quem
1168 1237 1232 1286 enim
1254 1238 1371 1288 honorem
1390 1243 1531 1301 pareutesa
1548 1241 1646 1301 liberis,
1660 1257 1718 1293 eum

944 1352 956 1374 ι
974 1330 1073 1380 urbium
1083 1330 1223 1381 conditores
1237 1344 1252 1380 α
1264 1331 1357 1381 colonis
1370 1331 1417 1381 sibi
1427 1331 1518 1383 deterri
1528 1335 1620 1384 volunt.
1654 1339 1718 1388 Dum

943 1442 956 1467 ι
973 1425 1058 1473 autem
1070 1425 1223 1483 cunctamur,
1237 1426 1259 1472 et
1277 1423 1381 1472 invicem
1397 1429 1550 1487 spectamus,
1564 1427 1611 1474 utri
1626 1427 1718 1488 priores

944 1529 956 1554 ιι
973 1511 1003 1560 de
1019 1509 1100 1560 litium
1114 1513 1292 1576 compositione
1309 1517 1397 1575 agant,
1420 1515 1467 1564 alia
1487 1515 1600 1578 quedam
1616 1519 1718 1566 esterna

943 1605 1105 1654 «necessitas
1128 1606 1194 1654 omni
1208 1605 1318 1655 bumano
1337 1606 1437 1657 consilio
1456 1607 1560 1658 validior
1573 1622 1617 1657 nos
1637 1610 1718 1659 couci·

943 1713 956 1737 ιι
970 1693 1015 1744 list
1041 1714 1047 1744 :
1071 1708 1144 1757 quam
1162 1709 1220 1745 cum
1241 1695 1361 1745 audierim
1386 1696 1456 1746 vobis
1476 1696 1556 1747 adbuc
1578 1698 1718 1761 occultam,

943 1805 956 1829 «
972 1786 1110 1837 existimari
1124 1801 1172 1837 non
1184 1787 1233 1837 lem
1245 1787 1374 1839 honestam
1388 1789 1456 1853 pacis
1468 1791 1586 1841 faciendae
1599 1793 1719 1843 rationem

943 1895 955 1918 ιι
972 1876 1125 1940 captandam.
1148 1880 1241 1927 Graves
1253 1878 1332 1937 enirn,
1345 1879 1453 1941 oTulle,
1464 1882 1489 1931 in
1501 1895 1547 1931 nos
1560 1882 1719 1934 machinatio-

944 1987 955 2010 ι
973 1981 1017 2018 nes
1036 1972 1176 2030 struuntur,
1188 1973 1214 2019 et
1230 1968 1255 2018 in
1274 1973 1391 2032 utrosque
1409 1970 1481 2020 dolus
1498 1970 1645 2022 inevitabilis
1661 1987 1719 2023 con·

943 2078 955 2103 ι
972 2063 1044 2109 sutus
1063 2064 1117 2122 est,
1137 2060 1180 2123 qui
1194 2062 1271 2110 instar
1287 2061 1348 2123 ignis
1360 2061 1400 2111 rel
1422 2061 1535 2111 torrentis
1558 2062 1672 2126 ingruens
1685 2064 1721 2114 ia·

943 2171 956 2196 ι
971 2152 1018 2203 cilo
1040 2157 1066 2203 et
1088 2154 1141 2204 sine
1162 2153 1245 2205 labore
1267 2168 1307 2204 res
1328 2168 1413 2205 omnes
1431 2159 1529 2206 nostras
1544 2156 1674 2206 attritums
1692 2160 1718 2207 et

942 2263 955 2287 ιι
972 2246 1114 2310 perditurus
1132 2251 1194 2298 erat.
1227 2252 1346 2298 auctores
1359 2251 1443 2298 autem
1457 2249 1617 2300 scelestorum
1633 2249 1716 2300 musi·

942 2357 955 2383 ι
973 2339 1060 2389 liorum
1087 2343 1146 2390 sunt
1172 2333 1326 2390 Fidenatium
1355 2343 1381 2390 et
1400 2340 1538 2391 Veientium
1557 2340 1719 2404 potentissimi

942 2449 955 2473 ι
972 2430 1073 2493 quique,
1083 2430 1126 2492 qui
1135 2428 1327 2479 coniurationem
1340 2429 1459 2482 lecerunt.
1490 2429 1619 2480 Rationem
1636 2432 1719 2481 autem

941 2542 955 2566 ι
971 2522 1131 2582 insidiarum,
1150 2523 1176 2571 et
1196 2518 1360 2583 modumque
1380 2521 1476 2571 occulta
1493 2535 1603 2585 ipsorum
1618 2523 1718 2573 consilia

942 2631 955 2657 ι
972 2610 1142 2674 cognoverim,
1154 2609 1247 2659 audite.
1266 2627 1279 2652 ν

972 2710 1039 2758 vtlt.
1054 2708 1100 2757 llis
1112 2707 1186 2756 dictis
1202 2707 1285 2757 literas
1300 2706 1399 2756 cuidam
1413 2708 1550 2771 eorumqui
1563 2708 1664 2757 aderant
1681 2708 1717 2757 le·

940 2805 1031 2867 gentas
1044 2803 1159 2863 tradidit,
1172 2816 1234 2866 quas
1246 2803 1269 2853 ei
1281 2804 1400 2853 attulerat
1411 2802 1511 2865 quidam
1530 2802 1561 2851 ab
1578 2803 1717 2866 hospitibus

941 2899 1109 2959 Fidenatibus,
1125 2900 1150 2948 et
1162 2912 1220 2948 eum
1238 2899 1282 2961 qui
1302 2898 1368 2963 ipsas
1381 2897 1497 2947 attulerat
1516 2895 1640 2960 produxit.
1673 2898 1715 2947 Li·

940 3001 1000 3050 ieris
1018 3004 1100 3049 autem
1116 2999 1185 3049 lectis
1201 3001 1226 3048 et
1240 2999 1314 3048 rebus
1328 2998 1443 3047 erunibus
1464 2997 1551 3047 abillo
1570 2998 1623 3046 riro
1643 3010 1714 3047 enar-

940 3099 1014 3159 ratis,
1036 3111 1099 3160 quas
1117 3098 1170 3161 ipse
1190 3095 1303 3146 audierat
1321 3110 1353 3146 ex
1379 3110 1463 3146 eorum
1487 3109 1530 3145 ore
1547 3095 1591 3156 qui
1612 3093 1715 3145 insidias

940 3193 1074 3258 parabant,
1092 3194 1118 3242 et
1139 3192 1252 3242 omnibus
1272 3192 1315 3255 qui
1333 3192 1434 3242 aderant
1449 3193 1521 3241 valde
1530 3191 1677 3254 perterritis,
1689 3195 1717 3242 ut

940 3290 968 3339 srt
985 3293 1055 3338 tanto
1076 3289 1140 3336 malo
1159 3292 1248 3350 praeter
1270 3300 1338 3350 spem
1349 3287 1441 3347 audito,
1461 3287 1531 3336 breri
1551 3299 1620 3336 ruore
1639 3285 1715 3337 inter·

940 3384 1034 3448 posita,
1059 3384 1179 3433 Fulietius
1192 3396 1280 3432 rursus
1297 3383 1330 3431 ita
1351 3383 1417 3445 loqui
1436 3382 1509 3445 erepit
1529 3400 1535 3431 ι
1558 3401 1570 3424 ιι
1592 3379 1717 3441 Audistis,

942 3502 954 3525 ιι
972 3480 1094 3540 Quirites,
1116 3493 1160 3529 cur
1180 3480 1301 3529 hactenus
1329 3492 1418 3529 manus
1438 3479 1564 3529 vobiscum
1589 3490 1717 3529 conserere

941 3598 952 3620 ιι
971 3579 1100 3627 cumtatus
1119 3577 1181 3637 sim,
1203 3579 1229 3626 et
1247 3589 1293 3625 cur
1310 3587 1355 3636 ego
1377 3575 1444 3638 prius
1465 3588 1510 3622 ros
1531 3573 1562 3623 ad
1581 3573 1715 3625 amicitiam

942 3693 954 3715 ι
971 3683 1104 3736 provocare
1116 3669 1244 3720 voluerim.
1277 3674 1393 3719 vestrum
1410 3669 1456 3718 erit
1470 3668 1520 3718 iarn
1534 3669 1619 3720 videre
1633 3672 1715 3718 uuum

941 3788 953 3812 ι
971 3767 1062 3830 putetis
1082 3767 1160 3824 satius
1173 3765 1205 3816 ob
1222 3765 1324 3816 buculas
1342 3770 1368 3816 et
1383 3778 1443 3815 ores
1458 3769 1540 3828 raptas
1560 3765 1651 3816 bellum
1666 3768 1717 3816 im-

941 3887 952 3908 «
969 3863 1088 3929 placabile
1108 3877 1192 3928 gerere
1214 3877 1270 3913 cum
1293 3862 1462 3913 conditoribus
1480 3862 1571 3912 restris
1591 3865 1618 3914 et
1638 3865 1714 3927 patri-

942 3982 953 4003 ιι
972 3961 1035 4015 bus,
1053 3960 1145 4023 inquo
1167 3963 1191 4008 et
1219 3958 1279 4007 victi
1298 3962 1323 4008 et
1342 3959 1450 4009 victores
1470 3957 1570 4022 perituri
1593 3958 1663 4019 sitis;
1685 3973 1716 4008 an

943 4082 954 4103 ιι
972 4059 1089 4125 depositis
1102 4058 1128 4107 in
1149 4060 1264 4121 cognatos
1279 4055 1342 4106 odiis
1356 4055 1483 4106 nobiscnm
1499 4056 1585 4105 eontra
1603 4069 1716 4106 commu·

943 4180 954 4201 ιι
972 4172 1016 4209 nes
1031 4158 1116 4207 bootes
1142 4156 1193 4214 ire,
1215 4154 1257 4216 qui
1278 4153 1419 4202 nonsolum
1434 4152 1533 4202 anobis
1552 4152 1716 4203 delectionem

942 4277 953 4297 ιι
973 4257 1068 4314 iacere,
1081 4253 1125 4302 sed
1138 4252 1214 4301 etiam
1228 4264 1273 4300 nos
1291 4263 1393 4313 prorsus
1413 4254 1523 4300 evertere
1531 4241 1697 4322 'decreverunt
1709 4287 1715 4309 ,

943 4374 953 4394 ιι
971 4365 1051 4415 neque
1070 4351 1118 4401 ulla
1139 4350 1228 4399 iniuria
1249 4362 1264 4397 a
1285 4347 1356 4398 nobis
1369 4348 1453 4397 allecti
1474 4361 1555 4411 neque
1569 4350 1642 4398 etiam
1662 4360 1713 4396 me·

942 4474 953 4496 ιι
972 4458 1069 4502 tuentes
1093 4466 1124 4501 ne
1157 4451 1214 4514 quid
1249 4449 1332 4499 damni
1364 4449 1494 4513 accipiant.
1541 4452 1626 4511 Neque
1657 4461 1716 4498 vero

943 4574 954 4595 ι
969 4556 1052 4616 aperte
1065 4565 1109 4601 nos
1123 4555 1190 4601 erant
1205 4548 1360 4613 aggressuri,
1374 4550 1402 4599 ut
1413 4549 1471 4599 belli
1485 4548 1586 4611 legitimi
1597 4548 1636 4596 ius
1646 4558 1714 4595 mm·

942 4672 955 4696 ιι
972 4650 1185 4716 munepostula13
1204 4649 1248 4699 sed
1275 4649 1353 4709 clam,
1374 4647 1461 4713 nequis
1481 4648 1593 4711 ipsorum
1615 4643 1715 4694 insidias

942 4769 953 4791 ι
971 4747 1119 4813 μτωνῖθοεεε
1132 4761 1162 4797 ac
1175 4745 1222 4796 sibi
1233 4746 1265 4796 ab
1285 4746 1334 4795 illis
1347 4750 1453 4796 careret.
1487 4745 1535 4794 Sed
1554 4742 1617 4791 enim
1632 4741 1656 4788 in
1669 4738 1712 4787 im·

942 4873 954 4897 ιι
971 4853 1026 4917 pios
1041 4850 1152 4900 homines
1177 4849 1235 4899 totis
1252 4847 1347 4897 viribus
1368 4847 1439 4896 nobis
1455 4857 1509 4894 esse
1531 4841 1640 4891 eundum
1662 4838 1712 4888 ini-

943 4972 955 4995 ιι
971 4949 1072 5001 micitiis
1093 4947 1212 5011 depositis
1232 4946 1328 5007 (insani
1352 4945 1417 4995 enirn
1438 4943 1502 4992 esset
1519 4939 1591 4988 aliter
1606 4937 1715 4999 sentire)

944 5072 956 5096 ιι
974 5053 1070 5102 nonest
1087 5061 1150 5112 opus
1161 5047 1273 5111 pluribus
1284 5056 1407 5110 exponere
1419 5044 1445 5092 et
1458 5053 1503 5090 ros
1515 5039 1652 5101 cohortari,
1673 5039 1717 5105 qul

943 5171 955 5194 ιι
973 5151 1038 5202 idem
1049 5160 1148 5213 quoque
1156 5147 1291 5198 statueritis
1302 5150 1328 5197 et
1337 5142 1426 5194 tacturi
1439 5140 1500 5192 sim.
1532 5139 1582 5193 sed
1592 5141 1716 5206 φυοωυθο

945 5274 957 5297 ι
974 5266 1006 5303 ex
1021 5250 1149 5314 utriusque
1165 5248 1271 5299 civitatis
1289 5245 1408 5310 digniute
1421 5246 1446 5296 et
1459 5242 1595 5295 commodis
1604 5253 1652 5305 pax
1662 5238 1721 5293 Μ

1596 5320 1812 5448 *A
