3772 5828
589 369 881 444 ANlthllfnTUnl
903 370 1049 431 bollan.
1075 371 1147 432 LlB.
1170 371 1221 433 lV.

111 506 200 584 μαέοις
213 508 251 572 εἰς
266 501 390 572 ὑπόταξίν
406 525 435 562 τε
453 504 499 563 καὶ
513 503 659 580 παράδοσιν
673 505 724 560 τῶν
738 502 840 560 πόλεων
856 505 887 561 ab

110 598 197 668 ἔθνος,
214 591 370 657 αἰτιώτατος
390 581 458 654 εἶναι
481 588 556 659 δόξας
570 592 713 671 Ταρκυνίῳ
731 588 777 648 καλ
792 587 888 660 ταύτης

109 689 157 757 τῆς
170 681 324 749 δυναστείας
342 684 395 746 τοῖς
410 679 545 747 έπινικίοις
561 679 696 760 στεράνοις
714 679 830 737 ἀνεδεῖτο
842 679 886 735 ὑπ’

111 777 201 833 αὐτοῦ.
245 764 301 832 Ἦν
315 770 342 830 δὲ
357 768 402 829 καί
418 772 547 849 φρονῆσαι
558 768 592 827 τδι
606 765 730 827 πολιτικδι
741 768 888 827 συνετώτα-

69 888 84 926 ε
109 886 161 936 τος,
176 864 222 921 καὶ
236 863 307 939 λόγῳ
319 857 353 918 τά
369 859 542 938 βουλευθέντα
558 856 700 935 ἐξενεγκεῖν
712 857 814 923 οὐδενὸς
829 856 888 936 χεί-

111 974 174 1028 ρων,
187 949 304 1014 ἁπάσαις
317 971 345 1006 τε
361 946 478 1027 ἁρμόσαι
491 953 548 1013 ταῖς
562 945 654 1025 τύχαις
667 945 713 1004 καλ
727 944 807 1004 παντλ
825 968 887 1005 συν-

109 1038 296 1115 εξομοιωθῆναι
316 1035 411 1116 πρόπῳ
430 1031 618 1101 δυνατώτατος.
664 1032 718 1096 Καὶ
737 1035 780 1094 διὰ
804 1039 888 1093 ταῦτα

110 1123 244 1203 Ῥωμαῖοι
261 1123 308 1201 μὲν
325 1123 403 1183 αθτδν
423 1127 454 1184 ἐκ
466 1128 512 1183 τοῦ
532 1122 617 1201 δήμου
637 1131 795 1200 μεταγαγτίν
810 1121 888 1194 τ’,ξίω-

111 1239 172 1293 σαν,
185 1217 220 1281 είς
238 1213 297 1282 τοὺς
312 1211 466 1295 πατρικίους
481 1215 567 1292 ψῆφον
583 1212 782 1290 ἐπενέγκαντες,
798 1212 889 1293 ῶσπερ

112 1301 257 1381 Ταρκύνιόν
277 1325 307 1361 τε
328 1303 455 1382 πρότερον
480 1299 526 1359 καί
550 1300 588 1358 ἔτι
610 1298 662 1380 πρὸ
679 1300 770 1360 τούτου
794 1301 888 1378 Νόμαν

114 1390 278 1466 Πομπίλιον·
296 1388 354 1448 itt
370 1387 493 1466 βασιλεὺς
514 1388 646 1460 κηδεστὴν
663 1388 823 1461 έποινξσατο,
839 1389 887 1461 τὴν

111 1479 202 1557 έτέραν
216 1480 268 1537 τῶν
283 1476 431 1557 θυγατέροιν
446 1476 594 1556 έγγυήσας,
614 1475 661 1545 καὶ
676 1475 764 1536 πάντα
778 1476 828 1536 δσα
845 1476 888 1536 διδ

110 1567 199 1633 νόσους
212 1565 230 1638 ἢ
242 1566 287 1626 διδ
302 1570 386 1647 γῆρας
398 1566 522 1633 ἀδύνατος
537 1556 569 1638 ἦν
580 1568 708 1626 ἐπιτελεῖν
721 1567 755 1624 δι’
776 1570 886 1638 ἑαυτοῦ,

109 1656 195 1737 τούτῳ
211 1657 337 1738 πράττειν
354 1655 536 1728 έπίσκηπτεν,
548 1656 578 1714 οὗ
589 1655 666 1733 μόνον
681 1655 726 1714 τδν
738 1655 802 1715 ἴδιον
819 1646 888 1715 οἶκον

70 1763 83 1798 ³
110 1745 275 1824 ἐπιτρέπων,
295 1743 365 1805 alit
386 1743 429 1803 καὶ
446 1743 484 1804 τδι
505 1743 579 1803 κοινδι
599 1748 646 1817 τῆς
659 1745 760 1810 πόλεως
782 1746 889 1804 διοικεῖν

110 1830 200 1901 ἀξιῶν.
243 1833 290 1894 Ἐν
317 1824 354 1899 οἷς
378 1830 477 1891 ἅπασιν
503 1832 632 1908 ἐξητάσθη
658 1836 750 1901 πιστὸς
775 1832 821 1892 καί
849 1833 888 1892 δέ·

111 1944 200 1998 καιος,
217 1920 262 1980 καὶ
276 1921 348 1982 οὐδὲν
359 1919 440 2001 ᾤοντο
452 1923 581 2004 διαρίρειν
601 1926 626 1984 οἱ
641 1924 767 2001 δημόται,
780 1924 886 2005 Ταρκύ·

111 2031 166 2069 νιον
192 2011 369 2086 ἐπιμελεῖσθαι
394 2013 446 2069 τῶν
470 2016 576 2090 κοινῶν,
605 2011 624 2084 ἢ
647 2012 776 2075 Τύλλιον·
806 2013 888 2080 οὕτως

111 2097 350 2178 ἐξεθεραπεύθησαν
360 2101 404 2160 ὑπ’
416 2103 496 2161 αὐτοῦ
513 2103 570 2169 ταῖς
580 2103 746 2185 εὐεργεσίαις.

54 2212 84 2249 au
151 2189 201 2250 lV.
225 2188 337 2258 Φύσειέις
355 2215 382 2251 τε
406 2190 438 2261 δὴ
457 2189 623 2273 μετιιληρῶς
635 2194 810 2274 ἀποχρώντως
823 2190 889 2273 πρὸς

110 2278 253 2353 ἡγεμονίαν
271 2277 520 2356 κατισκευασμένης
540 2269 614 2347 οὗτος
640 2283 654 2339 θ
674 2281 756 2362 ἀνὴρ,
774 2282 820 2342 καλ
841 2281 888 2350 rt<

110 2360 184 2442 παρὰ
198 2369 245 2437 τῆς
255 2363 338 2444 τύχης
358 2363 459 2432 πολλὰς
475 2366 521 2424 καὶ
538 2368 655 2445 μεγάλας
672 2368 792 2448 ἐσχηκὼς
803 2371 888 2449 alpap-

111 2451 180 2528 μὰς,
193 2453 286 2522 ἐπειδὴ
297 2455 454 2524 τελευτῆσαι
465 2454 562 2525 συνὲόη
576 2453 724 2534 Ταρκύνιον
739 2456 889 2516 δπιύουλτυ·

110 2540 189 2596 θέντα
201 2539 253 2598 θπδ
267 2545 319 2599 τῶν
332 2536 431 2615 Ἄγκου
446 2541 569 2621 Μαρκίου
585 2543 687 2603 παίδων
702 2544 890 2604 ἀνασώσασθαι

51 2661 83 2699 25
110 2625 161 2696 τὴν
170 2631 217 2685 τοῶ
227 2626 326 2706 πατρός
339 2627 424 2708 ἀρχὴν
438 2629 620 2707 βουλομένων,
634 2636 669 2700 ὡς
680 2634 706 2691 ἐν
717 2637 755 2712 τῷ
765 2632 816 2713 πρδ
826 2632 890 2694 τού-

113 2735 160 2772 του
176 2713 314 2785 δεδήλωκα
331 2714 418 2794 λόγῳ,
435 2715 510 2784 δόξας
527 2719 578 2778 ὑπὸ
591 2723 643 2778 τῶν
662 2720 825 2799 πραγμάτων
839 2724 889 2782 αὖ·

109 2803 163 2858 τῶν
177 2802 222 2859 ἐπὶ
235 2802 282 2873 τλν
298 2802 434 2881 βασιλείαν
445 2805 592 2881 καλεῖσθαι,
605 2809 760 2892 δραστήριος
770 2810 806 2871 ῶν
822 2811 889 2892 ἀνὴρ

110 2889 159 2949 οὐκ
174 2889 277 2968 ἀφῆκεν
292 2890 322 2948 ἐκ
345 2893 398 2949 τῶν
415 2896 511 2973 χειρῶν
528 2893 572 2954 τὸν
588 2895 690 2977 καιρόν.
734 2897 768 2960 Ἡ
785 2900 813 2959 δέ
826 2923 889 2978 συγ·

110 2978 335 3037 κατασκευάσασα
349 2983 399 3052 τῆν
414 2982 557 3058 ἡγεμονίαν
575 2985 708 3065 αὐτῷκαὶ
725 2988 832 3050 πάντων
848 2993 890 3049 αθ-

55 3102 84 3142 ³⁰
110 3067 154 3125 τία
164 3067 293 3144 γενομένη
308 3072 362 3128 τῶν
377 3070 482 3146 ἀγαθῶν
494 3075 511 3143 ἡ
522 3078 567 3132 τοῦ
582 3076 796 3147 τετελευτηκότος
809 3082 888 3157 βασι-

109 3154 174 3221 λέως
189 3146 222 3226 ἦν
237 3154 321 3234 γυνη,
341 3158 457 3239 γαμόρῷ
479 3182 507 3218 τι
525 3162 749 3240 συλλαμόάνουσα
762 3166 821 3246 ίδίιμ
842 3167 888 3226 καὶ

111 3245 141 3301 έκ
161 3245 266 3303 πολλῶν
288 3250 466 3323 συνεγνωκυῖα
490 3250 638 3330 θεσράτων,
661 3251 703 3312 ότι
732 3257 889 3332 βασιλεῦσαι

110 3333 254 3411 Ῥωμαίων
279 3336 376 3394 ἐκεῖνον
403 3336 447 3396 τὸν
470 3339 552 3420 ἄνδρα
575 3338 694 3421 εἵμαρτο.
736 3341 837 3425 Ἔτυχε
861 3345 889 3403 δὲ

112 3424 179 3502 αὐτῇ
199 3423 302 3490 νεανίας
316 3423 365 3500 μέν
380 3429 445 3504 υίὸς,
462 3429 491 3487 ού
510 3429 561 3508 πρὸ
578 3431 678 3491 πολλοῦ
695 3432 889 3506 τετελευτηκὼς

55 3537 83 3577 ³5
110 3510 221 3590 χρόνον,
236 3514 329 3572 παιδία
353 3514 377 3572 δ’
399 3514 544 3583 νεικείω
566 3518 612 3579 δύο
631 3518 713 3590 νήπια
732 3523 889 3582 καταλειπό·

112 3621 191 3673 μενα.
231 3598 432 3680 Ἔνθυμουμίνη
447 3603 480 3674 δὴ
497 3605 546 3677 τὴν
557 3608 618 3687 περὶ
630 3608 674 3668 τδν
688 3599 758 3667 οἷκον
775 3612 888 3690 ἐρημίαν

112 3687 159 3744 καὶ
173 3686 292 3768 περιδεὴς
311 3680 396 3764 σδσα,
415 3692 453 3768 μὴ
469 3693 648 3774 κατασχόντες
664 3698 687 3755 οἱ
703 3696 821 3775 Μάρκιοι
841 3698 888 3771 τήν

108 3775 198 3856 Ιοἰρχιλν
216 3776 340 3858 αἴρωνται
355 3778 389 3840 τδι
403 3781 508 3856 παιδία,
520 3784 565 3841 καὶ
579 3792 669 3844 πᾶσαν
682 3784 732 3857 τὴν
747 3787 888 3862 βασιλικὴν

110 3865 264 3944 συγγένειαν
292 3869 455 3947 ἆρανέσωσι,
470 3875 573 3951 πρῶτον
594 3874 642 3951 μὲν
664 3874 711 3943 τδις
732 3879 784 3935 τῶν
808 3881 888 3956 βασι-

55 3976 83 4015 ιυ
109 3955 187 4014 λείων
206 3955 287 4035 θύρας
307 3956 427 4035 tutarer,
450 3961 496 4020 καλ
516 3962 635 4041 φύλακας
659 3965 703 4022 ἐπ’
719 3966 811 4034 αύταῐς
825 3966 886 4025 tnt-

109 4066 207 4118 στησε,
232 4046 457 4125 διακτλιυσαμένη
478 4050 579 4125 μηδένα
606 4052 728 4131 παριέναι
750 4054 819 4132 μήτε
834 4055 888 4115 ἔσω

109 4132 178 4210 μήτε
193 4131 258 4201 ἔξω·
275 4131 369 4193 ἔπειτα
396 4140 426 4196 tx
455 4145 501 4200 τοῦ
528 4140 663 4215 δωματίου
687 4142 789 4210 πάντας
814 4142 887 4212 ltil-

108 4227 161 4283 θιῑν
189 4221 339 4282 κελεύσασα
362 4223 422 4291 τούς
442 4226 555 4303 ἄλλους,
581 4219 647 4309 ένῷ
671 4228 715 4288 τδν
738 4232 887 4309 Ταρκύνιον

108 4316 241 4390 ἡμιθνῆτα
256 4313 365 4386 ἔθεσαν,
378 4313 426 4384 τὴν
451 4315 475 4374 δ’
496 4313 632 4395 Ὀκρισίαν
652 4319 757 4379 καὶτὸν
774 4322 887 4381 Τύλλιον

56 4428 82 4468 ,ς
109 4399 154 4459 καλ
167 4400 216 4470 τὴν
226 4401 366 4481 θυγατέρα,
379 4401 428 4474 τὴν
442 4410 612 4464 συνοικοῦσαν
625 4410 664 4487 τῷ
675 4408 794 4489 Τυλλίῳ,
804 4430 887 4467 κατα-

108 4494 212 4569 σχοῦσα
227 4490 273 4548 καλ
286 4489 321 4550 τά
336 4490 430 4549 παιδία
447 4491 497 4551 ύπδ
509 4499 562 4554 τῶν
576 4499 679 4576 τρορῶν
694 4498 832 4576 ἐνεχθῆναι
845 4521 889 4558 κε-

108 4576 242 4650 λεύσασα,
256 4578 327 4657 λίγιι
338 4580 402 4659 πρὸς
421 4580 528 4649 αὐτούς·
538 4610 551 4637 ε
564 4585 711 4663 Ταρκύνιος
724 4584 772 4663 μὲν
790 4586 855 4663 ἡμῖν
873 4591 888 4648 ὁ

109 4697 120 4720 ι
145 4667 284 4748 βασιλεὺς,
305 4657 328 4728 J,
350 4668 465 4742 Τύλλιε,
489 4675 553 4749 παρ’
581 4664 603 4754 ᾧ
627 4678 725 4755 τρορῆς
751 4672 798 4733 καλ
823 4697 887 4734 παι-

110 4781 122 4809 r
146 4756 216 4824 δείας
233 4756 335 4838 ἔτυχες,
353 4757 478 4818 ἁπάντων
497 4761 615 4833 μάλιστά
628 4787 658 4822 σε
675 4761 790 4838 τιμήσας
804 4761 887 4843 ρίλων

55 4869 83 4912 ω
110 4870 123 4898 ε
144 4846 191 4906 καὶ
203 4848 347 4923 συγγενῶν,
359 4846 451 4907 ἀνόσια
463 4848 553 4909 παθὼν
565 4850 753 4932 ἐκπεπλήρωκε
767 4851 815 4925 πλν
827 4855 888 4912 tau·

111 4940 190 4993 «τοῦ
221 4939 332 5017 μοῖραν,
360 4935 419 4997 οὔτε
451 4938 512 5019 περὶ
541 4941 594 4999 τῶν
625 4941 697 5000 ἰδίων
721 4941 886 5021 πραγμάτων

110 5051 123 5076 ι
144 5025 295 5102 διαθέμενος
312 5025 402 5105 οὐδὲν,
416 5026 476 5087 οὔτε
490 5028 551 5108 περὶ
566 5034 618 5090 τῶν
639 5033 733 5092 κοινῶν
748 5030 796 5091 καὶ
810 5032 886 5092 πολι·

109 5140 122 5166 ε
143 5117 224 5174 τικῶν
237 5115 399 5194 ἐπισκήψας,
412 5115 471 5177 ἀλλ’
483 5117 540 5177 οὐδ’
550 5117 723 5180 ἀσπάσασθαί
733 5142 791 5179 τινα
800 5123 888 5196 ἡμῶν,

108 5228 122 5256 ε
145 5202 190 5259 καλ
211 5207 420 5284 προσαγορεῦσαι
439 5202 497 5274 τοὺς
521 5204 650 5284 έσχάτως
671 5206 829 5285 ἀσπασμούς
844 5208 888 5269 δυ·

190 5320 304 5361 moniali.

1665 379 1721 440 193

942 522 1017 571 quam
1029 524 1058 560 ea
1070 525 1129 575 gens
1147 523 1174 561 se
1186 524 1293 574 suasque
1311 511 1386 563 urbes
1400 512 1425 563 iu
1437 512 1521 578 populi
1530 515 1633 567 Romani
1646 516 1722 568 ditio-

942 610 999 647 nem
1020 597 1122 659 dedidit,
1144 599 1209 661 quod
1235 597 1310 648 buius
1331 612 1430 665 quoque
1455 601 1564 650 victoriae
1588 603 1723 668 praecipuus

943 691 1027 736 auctor
1050 686 1184 752 Tarquinio
1201 687 1271 737 risus
1292 691 1344 747 est,
1369 688 1402 739 ab
1420 702 1450 739 eo
1472 689 1520 738 illis
1537 692 1648 745 coronis.
1667 706 1723 755 qum

944 774 1076 826 victoribus
1089 774 1143 825 dari
1162 776 1249 835 solent,
1267 776 1397 827 redimitus
1413 780 1459 828 est.
1493 781 1521 829 ln
1539 779 1612 830 rebus
1624 793 1724 845 quoque

943 863 1056 913 civilibus
1072 863 1277 928 prudentissimus
1291 870 1360 924 erat,
1378 870 1404 917 et
1420 865 1453 917 ad
1467 868 1570 918 consilia
1586 868 1670 919 serbis
1683 883 1724 920 ετ·

943 950 1068 1014 primenda
1087 952 1155 1002 nullo
1174 953 1281 1011 inferior,
1300 958 1326 1003 et
1346 955 1376 1004 ad
1395 955 1530 1019 quamlibet
1550 958 1673 1007 fortunam
1696 968 1724 1006 se

943 1040 1129 1090 accommodare
1142 1043 1167 1090 et
1177 1039 1209 1091 ad
1225 1041 1326 1104 quosvis
1341 1054 1423 1093 mores
1439 1057 1467 1094 se
1482 1047 1636 1098 conformare
1652 1044 1723 1094 facil-

944 1129 1112 1194 limepoterat.
1128 1133 1259 1195 Propterea
1281 1132 1365 1196 populi
1381 1134 1483 1184 Romani
1497 1135 1621 1198 suffragiis
1635 1134 1724 1199 dignm

944 1217 1068 1268 iudicatus
1080 1222 1134 1280 est,
1150 1220 1194 1283 qui
1213 1233 1244 1269 ex
1256 1220 1327 1284 plebe
1338 1221 1363 1272 in
1372 1222 1502 1287 patricium
1516 1223 1625 1274 ordinem
1639 1224 1723 1275 adsci-

943 1310 1062 1366 sceretur,
1071 1307 1136 1357 sicut
1142 1312 1212 1358 antea
1220 1308 1376 1372 Tarquinius,
1383 1314 1408 1360 et
1418 1314 1474 1360 ante
1483 1311 1549 1362 hunc
1556 1314 1635 1362 ltuma
1647 1315 1722 1363 Pom·

944 1394 1025 1458 pilius.
1059 1398 1111 1446 Rex
1125 1401 1208 1447 autem
1221 1411 1337 1461 generum
1347 1399 1459 1450 sibieum
1471 1401 1539 1461 fecit,
1549 1399 1625 1452 altera
1640 1403 1723 1453 efilia·

943 1485 991 1535 bus
1006 1484 1031 1534 in
1044 1485 1226 1537 matrimonium
1246 1486 1377 1552 desponsa,
1388 1491 1413 1538 et
1429 1503 1584 1554 quaecunque
1603 1490 1664 1554 ipse,
1684 1489 1724 1542 rei

945 1573 1030 1623 morbo
1051 1573 1092 1624 uel
1112 1575 1181 1625 seuio
1194 1574 1344 1640 impeditus,
1362 1576 1443 1628 facere
1462 1591 1510 1627 non
1529 1582 1636 1642 poterat,
1650 1581 1677 1628 ut
1695 1591 1725 1629 ea

944 1677 1046 1713 munera
1062 1662 1102 1713 hic
1118 1663 1198 1715 obiret
1212 1665 1363 1729 imperabat,
1379 1679 1427 1716 non
1445 1666 1524 1718 solum
1537 1667 1639 1717 domum
1652 1680 1724 1717 suam

944 1751 966 1801 ei
977 1752 1142 1811 committens,
1154 1752 1196 1801 sed
1207 1753 1281 1804 etiam
1296 1754 1398 1816 dignum
1410 1770 1467 1807 eum
1480 1755 1591 1805 iudicans
1601 1756 1643 1819 qni
1655 1769 1723 1807 rem-

945 1838 1067 1903 publicam
1082 1838 1271 1890 administraret.
1287 1841 1384 1898 Quibus
1404 1842 1516 1892 ommibus
1536 1842 1561 1891 in
1579 1842 1655 1892 rebus
1670 1842 1725 1893 eius

945 1924 1006 1976 fides
1014 1929 1040 1976 et
1054 1926 1146 1977 iustitia
1158 1926 1286 1991 explorata
1298 1932 1346 1988 est,
1359 1929 1554 1994 necquidquam
1566 1930 1660 1979 referre
1675 1943 1723 1993 pu-

944 2015 1030 2064 tabant
1043 2015 1119 2075 cives,
1135 2017 1219 2064 utrum
1231 2014 1379 2079 Tarquinius
1396 2029 1427 2065 an
1437 2015 1533 2066 Tullius
1546 2016 1724 2080 rempublicam

942 2099 1133 2163 administraret,
1153 2101 1213 2152 adeo
1230 2101 1338 2152 devincti
1352 2106 1423 2153 erant
1435 2102 1498 2154 illius
1511 2102 1644 2155 beneficiis.
1737 2150 1740 2157 .

973 2209 1017 2257 lv.
1037 2208 1124 2270 ltaque
1138 2207 1176 2257 nir
1188 2206 1234 2258 iste
1244 2207 1364 2272 proditus
1375 2209 1470 2273 ingenio
1479 2209 1510 2260 ad
1522 2209 1652 2274 imperium
1662 2209 1724 2261 satIs

943 2316 1045 2377 idoneo,
1058 2321 1084 2369 et
1095 2317 1128 2367 ab
1148 2317 1201 2383 ipsa
1214 2319 1311 2370 fortuna
1326 2318 1418 2371 multas
1428 2333 1577 2386 magnasque
1594 2320 1724 2372 facultates

942 2427 1060 2492 adeptus,
1081 2431 1212 2492 postquam
1232 2430 1321 2481 accidit
1338 2434 1367 2480 ut
1384 2431 1531 2495 Tarquinius
1552 2431 1666 2483 sublatus
1684 2432 1723 2484 tu-

943 2541 1012 2593 sirliis
1033 2541 1140 2592 filiorum
1162 2541 1222 2591 llnci
1240 2541 1335 2602 Marcii,
1353 2543 1396 2607 qui
1409 2546 1540 2608 paternum
1564 2558 1666 2610 regnum
1682 2558 1724 2596 re-

943 2664 1060 2717 cuperare
1074 2650 1189 2701 volebant
1212 2648 1292 2700 obiret
1306 2651 1351 2715 (ut
1364 2650 1489 2713 superiore
1503 2650 1566 2700 libro
1583 2650 1723 2716 declarari)

943 2765 1011 2813 ratus
1025 2776 1052 2813 se
1064 2761 1096 2812 ab
1105 2762 1164 2826 ipsis
1180 2761 1255 2813 rebus
1266 2762 1298 2812 ad
1309 2775 1409 2825 regnum
1421 2763 1520 2825 meari,
1534 2767 1563 2813 ut
1577 2765 1615 2813 sir
1627 2776 1685 2813 acer
1697 2767 1724 2814 et

943 2872 1089 2935 industrius,
1100 2886 1147 2922 non
1163 2886 1250 2937 passus
1263 2876 1301 2923 est
1313 2873 1377 2923 hanc
1392 2873 1546 2923 occasionem
1560 2871 1608 2923 sibi
1620 2885 1651 2923 ex
1667 2886 1721 2922 ma·

943 2982 1017 3034 nibus
1028 2982 1098 3034 elabi.
1132 2983 1234 3034 Aditum
1250 2987 1333 3034 aufem
1349 2983 1371 3034 ei
1387 2984 1420 3034 ad
1437 2954 1539 3047 reguum
1553 2983 1656 3047 pararit,
1667 2996 1721 3032 om-

943 3091 1062 3157 niumque
1075 3092 1195 3143 bonorum
1210 3096 1297 3143 auctor
1311 3092 1357 3143 fuit
1373 3091 1483 3143 defuncti
1499 3089 1564 3156 regis
1579 3105 1650 3153 uror,
1667 3095 1721 3143 tum

942 3204 1001 3268 quia
1012 3218 1101 3270 genero
1111 3205 1219 3265 ferebat,
1234 3208 1286 3255 tum
1301 3204 1359 3268 quia
1371 3218 1403 3255 ex
1413 3203 1500 3254 multis
1516 3205 1623 3254 oraculis
1635 3218 1724 3269 cogno-

943 3309 1046 3360 seratis
1056 3310 1182 3368 fatiscam,
1194 3312 1222 3360 ut
1235 3310 1275 3359 vir
1284 3309 1325 3360 ille
1338 3323 1382 3359 rea
1392 3313 1556 3361 Romanorum
1569 3309 1646 3360 tieret.
1659 3312 1722 3362 lam·

943 3418 1038 3481 pridem
1052 3421 1134 3470 autem
1150 3427 1204 3470 ems
1215 3418 1279 3470 filius
1290 3418 1386 3469 iuvenis
1401 3417 1509 3475 obierat,
1525 3431 1553 3468 ac
1565 3417 1616 3467 duo
1630 3431 1659 3467 er
1680 3416 1723 3467 illo

943 3522 1088 3586 superstites
1096 3521 1295 3573 eranlinfantuli.
1329 3526 1411 3582 Quare
1422 3522 1597 3573 animosecum
1607 3524 1722 3586 reputans

942 3626 1031 3675 domus
1043 3625 1210 3685 solitudinem.
1221 3631 1245 3676 et
1256 3626 1328 3677 valde
1340 3629 1451 3677 metuens
1460 3639 1491 3676 ne
1504 3625 1589 3676 Marcii
1600 3638 1674 3688 reguo
1683 3639 1722 3676 oc·

942 3736 1032 3795 cupato
1053 3731 1160 3783 infantes
1179 3732 1295 3783 tollerent
1309 3735 1335 3784 et
1352 3732 1492 3783 uniuersam
1512 3733 1602 3797 regiam
1619 3732 1722 3796 stirpem

942 3836 1139 3902 exstinguerent,
1154 3835 1262 3900 primum
1279 3837 1351 3901 regim
1370 3836 1435 3887 fores
1452 3835 1535 3887 claudi
1548 3836 1621 3887 iussit
1635 3839 1721 3888 custo-

942 3943 1035 4009 desque
1049 3942 1098 3993 illis
1116 3941 1244 4007 apposuit,
1258 3946 1283 3992 et
1297 3941 1429 4006 imperarit
1443 3955 1473 3991 ue
1487 3955 1552 4006 quos
1567 3941 1607 3991 vel
1628 3941 1722 4007 ingredi

942 4050 981 4100 rel
990 4050 1072 4115 egredi
1084 4052 1228 4114 paterentur
1239 4068 1245 4098 a
1258 4047 1347 4099 deinde
1360 4048 1434 4098 iussis
1446 4047 1546 4112 reliquis
1560 4047 1675 4099 omnibus
1690 4062 1722 4100 ex

941 4153 1064 4214 cubiculo,
1084 4154 1126 4205 ubi
1154 4152 1314 4217 Tarquinium
1343 4153 1531 4204 semimortuum
1551 4158 1720 4219 reposuerant,

941 4261 1016 4321 exire,
1028 4261 1122 4311 ocrisia
1137 4264 1161 4311 et
1171 4259 1252 4310 Tullio
1260 4262 1286 4309 et
1296 4259 1346 4309 tilia
1357 4259 1429 4309 Tullii
1439 4273 1516 4310 uxore
1525 4259 1592 4324 apud
1601 4275 1629 4312 se
1640 4266 1721 4314 reten-

941 4367 984 4428 tis,
1001 4369 1026 4418 et
1037 4366 1120 4417 accitis
1139 4380 1195 4416 cum
1207 4364 1345 4416 nutricibus
1354 4365 1498 4424 infantibus,
1512 4365 1547 4416 ita
1561 4380 1604 4417 eos
1616 4367 1721 4418 allocuta

942 4476 979 4524 est
993 4491 1022 4523 :r
1038 4476 1090 4524 llex
1107 4473 1263 4537 Tarquinius,
1281 4471 1355 4533 Tulli,
1374 4473 1418 4536 qui
1436 4475 1462 4523 te
1475 4472 1536 4525 aluit
1554 4477 1580 4524 et
1596 4471 1721 4535 educarit,

943 4581 1068 4643 «elprae
1089 4577 1205 4628 omnibus
1229 4577 1315 4628 amicis
1335 4580 1361 4628 et
1380 4577 1491 4642 cognatis
1510 4578 1536 4629 in
1558 4575 1651 4627 honore
1673 4577 1719 4626 lra-

943 4703 956 4728 «
973 4681 1042 4744 buit,
1061 4681 1136 4748 impie
1161 4694 1242 4732 cesus
1266 4681 1364 4733 fatalem
1387 4685 1479 4733 sortem
1499 4680 1620 4746 explerit,
1638 4679 1720 4744 prius-

943 4809 956 4834 ι
973 4802 1049 4852 quam
1065 4789 1150 4840 fecerit
1165 4791 1351 4851 testamentum,
1366 4804 1416 4854 quo
1431 4792 1474 4839 aut
1492 4801 1532 4838 res
1550 4787 1657 4851 privatas
1670 4785 1719 4834 dis-

945 4914 957 4938 r
972 4897 1073 4959 poneret
1093 4897 1135 4945 aut
1148 4894 1254 4958 publicis
1273 4896 1300 4945 et
1313 4893 1426 4945 ciuilibus
1440 4890 1601 4956 pmsplceret3
1615 4889 1675 4953 quin
1689 4903 1720 4942 ne

944 5019 958 5045 ι
972 5000 1085 5064 amplecti
1107 4999 1207 5064 quidem
1234 5013 1373 5065 quenquam
1398 4992 1524 5057 nostrum,
1549 5009 1630 5059 neque
1657 4996 1718 5048 ulti-

943 5127 957 5152 ·
972 5122 1038 5159 mam
1052 5109 1156 5161 salntem
1169 5109 1251 5161 dicere
1265 5109 1356 5175 potuit.
1390 5106 1441 5158 solt
1461 5109 1545 5157 autem
1562 5108 1589 5158 et
1604 5106 1658 5158 orbi
1678 5107 1721 5158 isti

943 5236 956 5262 ι
972 5217 1081 5270 infantes
1102 5218 1283 5285 relinquuntur,
1305 5230 1413 5285 quorum
1428 5215 1480 5269 rita
1498 5214 1550 5269 lam
1567 5218 1593 5268 in
1612 5217 1720 5269 maximo

1597 5320 1625 5368 tt
