3772 5828
200 318 261 377 626

201 472 256 516 κιος
271 446 299 507 δὲ
319 446 374 505 τότ’
391 447 584 525 ἀγορανομῶν,
604 443 741 523 δήμαρχος
763 444 791 503 δὲ
814 447 852 523 sigi
878 446 980 524 παριλ·

201 537 271 597 θόντι
286 536 338 594 ἔτει
352 532 480 613 γεγονὼς,
501 532 546 590 τὸν
567 530 655 612 ἕτερον
668 535 722 591 τῶν
743 535 891 611 περυσινῶν
907 533 979 591 ὑπά-

200 650 270 701 των,
287 625 368 685 Γάϊον
382 620 560 702 Οὐετούριον,
581 623 618 689 ιἰς
632 620 726 697 ὁμοίαν
738 620 813 693 δίκην
831 622 980 700 προικαλί-

204 737 277 774 εατο.
293 714 400 783 Πολλῆς
415 709 443 769 δὲ
458 708 600 788 γενομίνης
612 710 639 767 ἐν
658 713 693 787 τῷ
709 708 807 785 μεταξὺ
820 715 865 769 τοῦ
882 713 981 788 α’γῶνος

163 818 177 855 t»
203 801 289 881 χρόνῳ
306 800 421 871 σπουδῆς
436 822 465 859 τε
487 799 532 856 καΙ
554 796 750 876 παρακλήσεως
764 798 941 877 ιἰμροτέρων,
957 801 982 857 οἱ

204 892 252 966 μὲν
268 890 386 949 ὑπόδικοι
401 886 501 953 πολλλς
515 886 623 952 ἐλπίδας
640 876 711 966 εἶχον
732 886 820 965 ε’πίτῇ
838 890 919 965 βουλῇ
935 887 982 946 καὶ

203 983 232 1040 τὸ
247 981 404 1055 κινδὺνευμα
427 978 454 1035 Ιν
473 978 582 1058 ἔλαρρῷ
596 977 748 1047 ἐποιοῦντο,
765 975 981 1054 ὑπισχνουμένων

202 1072 290 1136 αὑτοῖς
315 1064 500 1147 πρεσθυτίρων
528 1087 556 1122 τε
582 1064 628 1122 καὶ
655 1062 720 1122 νίοιν
748 1065 795 1122 οὑκ
821 1066 909 1123 ἐάσειν
937 1064 980 1122 τόν

201 1163 292 1235 ἀγῶνα
316 1158 523 1226 ἐπιτελεσθῆναι.
567 1155 602 1212 Οἱ
624 1152 652 1211 <il
681 1151 816 1233 δήμαρχοι
841 1152 928 1211 πάντα
950 1155 982 1212 ἐκ

151 1263 175 1305 m
202 1250 301 1306 πολλοῦ
319 1244 527 1327 φυλαττόμενοι,
544 1242 590 1299 καὶ
605 1240 664 1300 οὔτε
678 1241 782 1313 δεήσεις
792 1239 853 1301 οὑτε
871 1243 981 1310 ἀπειλάς

203 1335 262 1394 οὑτι
277 1334 395 1392 κίνδυνον
420 1331 513 1390 οὐδένα
536 1328 765 1406 ὑπολογιζόμενοι,
787 1330 878 1400 ἐπειδὴ
898 1334 980 1401 καθῆ-

202 1448 246 1482 κεν
259 1426 273 1481 ὑ
287 1428 332 1481 τοῦ
353 1424 453 1498 ἀγῶνος
468 1417 578 1498 καιρὸς,
601 1418 710 1477 ἐκάλουν
726 1417 770 1477 τὸν
794 1420 887 1494 δῆμον·
903 1412 935 1490 ἦν
951 1418 979 1477 δὲ

202 1510 360 1591 παλαίτιρον
376 1512 414 1568 ἔτι
429 1503 611 1586 συνερρυηκῶς
626 1508 655 1565 ἐκ
678 1511 730 1566 τῶν
747 1510 833 1588 ἀγρῶν
857 1506 981 1587 ὑχεριή·

202 1624 248 1671 της
262 1599 308 1658 καὶ
320 1596 461 1678 αὐτουργὸς
475 1597 573 1675 όχλος,
592 1595 638 1654 καλ
652 1598 845 1676 προσνεμηθεὶς
859 1599 897 1675 τῷ
910 1596 979 1656 κατά

150 1693 173 1728 ¹³
200 1690 277 1747 πολιν
288 1686 337 1759 τήν
349 1711 377 1747 τε
393 1686 489 1766 ἀγορθιν
504 1681 632 1757 ἐνέπλησε
641 1733 650 1761 ,
668 1685 787 1754 καὶτοὺς
803 1684 928 1766 ρίροντας
944 1688 980 1752 εἰς

202 1776 282 1848 αὐτὴν
300 1774 456 1841 στενωπούς.

411 1861 417 1879 ’
544 1853 561 1888 '³
601 1864 610 1885 ν
628 1864 645 1881 u
807 1859 814 1882 ι
833 1858 841 1881 ι
942 1857 948 1881 ε

240 1866 341 1926 xiix.
357 1866 456 1944 ΙΙρωτη
470 1863 518 1938 μίν
530 1886 575 1922 ουν
588 1862 706 1932 εισηλθεν
719 1864 736 1932 ἡ
751 1883 820 1918 κατα
843 1862 979 1937 Ρωμιλιου

201 1956 272 2026 δίκη.
319 1953 372 2013 Καὶ
388 1951 524 2031 παρελθὼν
536 1955 550 2010 ὑ
562 1952 669 2017 Σίκκιος
687 1948 721 2007 τά
733 1971 761 2006 τε
776 1948 846 2007 άλλα
860 1948 980 2026 κατηγό-

201 2066 240 2121 ρει
253 2047 298 2101 τοὺ
312 2041 414 2120 ἀνδρὸς,
429 2039 478 2097 όοα
493 2039 630 2099 ὑπατεὺων
645 2037 690 2117 βίᾳ
707 2037 742 2102 εἰς
752 2035 812 2102 τοὺς
828 2035 980 2114 δημάρχους

146 2159 173 2197 20
200 2128 271 2197 ἔδοξε
293 2127 501 2207 διαπράξασθαι,
526 2129 571 2187 καί
597 2127 727 2186 τελευτῶν
754 2123 802 2195 τὴν
833 2123 977 2195 ίπιόουλὴν

201 2216 297 2293 διεξῄει
311 2217 359 2286 τὴν
375 2217 415 2294 ἐρ’
431 2217 519 2296 ἑαυτῷ
542 2237 571 2274 τε
592 2214 638 2273 καί
660 2238 694 2293 τη
711 2212 807 2291 στείρα
833 2217 976 2288 γενομένην

201 2306 252 2363 ὑπὸ
268 2311 312 2362 τοῦ
335 2308 499 2412 στρατηγοῦ·
516 2303 562 2363 κοιλ
581 2302 725 2383 παρείχετο
741 2304 826 2360 αὐτῶν
844 2303 978 2381 μάρτυρας

202 2390 261 2455 τῦθς
282 2395 501 2501 ἐπιφανεστάτους
525 2398 575 2452 τῶν
603 2400 872 2503 συστρατευσαμένων
887 2399 916 2456 οὑ
938 2399 984 2467 δη-

200 2478 324 2593 μοτικοὺς
351 2480 419 2539 ἀλλὰ
444 2484 619 2553 πατρικίους
648 2488 674 2543 ἐν
698 2508 735 2552 οις
756 2478 788 2555 ἦν
813 2486 963 2555 νεανίας’
938 2510 985 2547 ουκ

146 2598 172 2633 25
200 2571 317 2648 άρανης,
340 2569 399 2628 οὔτε
427 2594 477 2628 κατ
479 2570 496 2626 ά
518 2572 607 2647 γένους
626 2568 731 2638 ἀξίωσιν
757 2565 816 2627 οὑτε
837 2568 907 2626 κατὰ
932 2568 978 2639 τὴν

200 2632 267 2715 ἰοίαν
284 2658 403 2737 ἀρετὴν,
419 2656 512 2716 καὶτὰ
527 2657 692 2735 πολεμιαΙ
654 2682 724 2717 πανυ
737 2657 848 2735 ἀγαθός·
866 2655 979 2737 Σπόριος

199 2748 350 2824 Οὐεργίνιος
374 2738 407 2820 ἦν
429 2746 512 2824 ὄνομα
537 2714 621 2828 αὑτῶ.
672 2739 755 2816 eliso<
778 2750 827 2829 ἔρη
856 2748 978 2824 ΙΙΙοίρκιον

200 2834 337 2906 Ἰκιλλιον,
355 2834 411 2901 ἑνός
426 2838 478 2894 τῶν
506 2838 535 2894 ἐκ
561 2840 608 2908 τῆς
632 2836 743 2897 Σικκίου
769 2836 878 2914 σπείρας
902 2834 976 2907 υἱὸν,

198 2925 345 2997 ἡλικιώτην
363 2928 442 2983 αὑτοῦ
465 2924 509 2982 καὶ
535 2925 625 3005 ρίλον,
643 2928 808 2993 ἀπολυθῆναι
830 2930 876 2995 τῆς
889 2924 978 2993 ἐξόδου

145 3017 171 3054 ³⁵⁰
200 3014 350 3089 βουληθεὶς,
366 3015 400 3075 ὡς
415 3011 458 3067 ἐπὶ
474 3011 584 3069 θάνατον
601 3012 700 3076 ἐξιόντα
719 3011 788 3086 μετὰ
804 3017 849 3068 τοῦ
865 3012 975 3088 πατρὸς,

199 3092 287 3160 Αὖλον
303 3099 455 3178 Οὐεργίνιον
468 3099 512 3157 τὸν
528 3102 620 3156 ἑαυτοῦ
645 3105 725 3168 θεῖον,
741 3097 904 3177 πρεσὺεντὴν
919 3098 978 3157 τότε

199 3190 454 3270 συστρατευόμενον,
466 3188 657 3266 παρακαλέσας
673 3188 755 3245 ἐλθεῖν
773 3188 815 3244 ἐπὶ
832 3186 891 3252 robe
911 3188 977 3245 ὑπά-

198 3305 274 3352 τους,
293 3277 370 3345 άξιῶν
393 3300 465 3357 σρισι
482 3275 580 3346 ταύτην
595 3278 700 3347 δοθῆναι
716 3275 764 3346 τὴν
783 3275 878 3356 χάριν·
896 3278 978 3335 άντι-

197 3370 325 3447 λεγόντοιν
344 3367 370 3425 δὲ
391 3371 443 3424 τῶν
473 3365 596 3438 ὑπάτων,
624 3369 709 3446 ἑαυτῷ
728 3365 776 3441 μὲν
793 3367 910 3424 ἐπελθεῖν
932 3366 978 3424 θά-

144 3468 169 3503 35·
197 3481 279 3535 κροα,
306 3458 353 3528 τὴν
371 3456 508 3534 συμμορθιν
523 3462 569 3514 τοῦ
590 3453 693 3530 ἑταίρου
712 3455 976 3533 προανακλαιομένῳ,

196 3550 239 3603 τὀν
253 3546 280 3602 δὲ
292 3545 414 3611 νεανίαν,
432 3543 496 3622 ὑπὲρ
512 3535 542 3600 οὑ
554 3542 601 3605 τὰς
624 3543 726 3613 δεήσεις
741 3545 868 3617 ἐποιεῖτο,
890 3565 975 3600 πεπυ·

197 3636 290 3708 σμένον
302 3641 384 3691 ταῦτα
397 3637 480 3690 ελθεῖν
493 3631 537 3689 καλ
549 3632 626 3709 λόγον
642 3632 817 3707 αἰτησάμενον
829 3632 921 3705 εἰπεῖν,
935 3629 975 3687 δ’τι

196 3722 249 3787 τοῖς
269 3722 315 3798 μὲν
329 3721 459 3797 δεομένοις
476 3720 575 3791 πολλὴν
589 3711 642 3779 οἶδε
667 3722 763 3799 χάριν,
787 3719 863 3784 αὐτὸς
885 3719 912 3776 δὲ
928 3721 975 3778 οθιε

197 3809 227 3865 άν
240 3810 387 3884 ἀγαπήσειε
416 3808 502 3888 τυχῶν
518 3810 640 3889 χάριτος,
664 3809 721 3878 ἥτις
737 3808 816 3865 αὑτὸν
839 3809 973 3887 άρελεῐται

143 3918 169 3952 ιιι
196 3897 225 3952 τὸ
239 3898 303 3975 πρὸς
324 3899 442 3975 τὸγένος
465 3898 584 3970 cioches,
602 3896 659 3955 aiil
674 3896 704 3952 ἂν
735 3893 905 3973 ἀπολειφθείη
927 3902 971 3955 ros]

196 3984 310 4061 πατρὸς,
326 3988 425 4064 τοσῷδε
447 3986 564 4060 μᾶλλον,
584 3983 637 4062 όσιμ
653 4005 682 4060 γε
704 3981 914 4056 ἀποθανούμενος
930 3983 974 4061 ἔρ-

196 4091 288 4144 χεται,
304 4070 349 4127 καὶ
362 4072 456 4137 πάντες
468 4079 544 4131 τοῦτο
556 4070 657 4130 ἴσασιν·
677 4072 745 4130 ἀλλά
766 4069 887 4138 συνεξιῶν
910 4073 975 4128 ε’πα-

197 4157 272 4229 μυνεῖ
286 4182 313 4215 τε
328 4158 419 4216 ὑσα
392 4184 470 4217 ουνα
474 4185 573 4233 ιναι
588 4184 633 4227 τις
648 4185 728 4231 oure,
745 4159 976 4225 ἐκεινιικοινειιν

196 4268 270 4301 εἀι
283 4270 375 4323 ruse
420 4252 544 4307 Ταῦτα
530 4274 573 4306 οι
592 4272 729 4306 υειρακιου
747 4272 815 4326 μα
803 4271 975 4327 τρυησαντος,

143 4363 165 4398 ,ει
196 4335 277 4399 οὔδεις
293 4359 363 4406 νιος
379 4361 474 4394 eone
458 4338 544 4417 αοχέ
561 4363 586 4396 τι
602 4361 693 4417 προ
680 4363 728 4407 την
753 4337 836 4444 τύχην
857 4341 907 4395 τῶν
926 4342 976 4396 άν-

198 4423 272 4496 θρῶτ
264 4448 320 4483 ιον.
366 4423 456 4489 Ωςοέ
473 4450 517 4483 και
534 4451 595 4484 αν
583 4427 701 4497 Ικλνθ
690 4451 758 4493 ντε,
781 4430 813 4484 ε’τ·
806 4453 824 4484 ,ι
843 4451 889 4497 ιν
907 4451 1007 4505 μαρ

197 4512 322 4591 τυρίαν
303 4517 457 4593 παρῆλθον,
469 4515 511 4572 ό
499 4539 596 4574 ετα
599 4540 631 4592 ηρ
648 4516 767 4582 Ικιιιος
784 4541 828 4574 κα
841 4540 975 4594 τομειρα-
1003 4536 1006 4609 7

198 4625 252 4659 κιον
269 4625 356 4659 καιτο
371 4606 454 4659 καθ
444 4604 679 4675 εαυτοὺςελεξαν,
702 4628 761 4662 ont
764 4631 789 4664 τι
805 4629 855 4662 κα
846 4604 955 4683 ε’χ·ιν.
943 4605 976 4663 τά

197 4689 298 4768 δάκρυα
323 4715 346 4749 οι
338 4690 512 4757 ’πλείους
485 4692 593 4749 εοὺναντ
595 4717 608 4751 ο
624 4699 674 4752 τῶν
695 4718 857 4771 οημοτικιιν.
903 4694 962 4751 Ἀπ
942 4719 976 4752 o-

143 4797 168 4831 :e
196 4780 400 4885 λργηθέντοςθε
420 4785 466 4839 τοῦ
491 4780 654 4858 ΙιΙλνμιλίου,
677 4783 880 4847 καιόιελθόντςο
898 4782 974 4887 λόγον

197 4865 255 4924 οὔτε
279 4870 466 4948 θεραπευτικὸν
500 4870 559 4928 οὔτε
591 4873 755 4949 ἁρμόττοντα
779 4880 833 4936 τοῖς
859 4874 974 4948 καιροῖς,

197 4953 257 5010 ἁθἸλ
273 4932 351 5035 t'rW
308 4983 384 5028 ιον,
397 4959 488 5015 seris·
480 4957 780 5038 ιτιιιάνυπεοθόνιᾙ)
748 4982 794 5028 της
810 4961 841 5014 oio
829 4981 892 5036 377:
907 4955 940 5029 με’
928 4980 974 5065 γρ

196 5047 530 5119 υρονονντος,οιπλασίως
557 5046 762 5125 επερρῶσθησαν
788 5048 823 5108 εἰς
841 5070 887 5103 τνν
907 5044 974 5102 κατὰ

192 5130 275 5185 αὑτοῦ
293 5134 373 5210 ὀργὴν
391 5139 414 5191 οἱ
434 5137 550 5196 πολῖται.
595 5138 649 5193 Καὶ
664 5134 797 5211 γενόμενοι
817 5137 867 5190 τῶν
880 5133 973 5214 θηρῶν

1005 4330 1008 4373 Ι

725 312 894 373 illexisti
916 314 1293 377 llallcalta‘assultsls

1034 456 1147 508 tribunus
1164 458 1259 513 tuerat,
1274 460 1302 506 c.
1320 455 1460 517 t'etorlnm,
1474 455 1580 507 alterurn
1601 458 1748 521 superioris
1774 464 1832 514 anui

1034 552 1175 614 consulem,
1197 554 1222 603 in
1244 552 1324 604 simile
1341 550 1461 616 judicium
1479 551 1586 603 roserit.
1621 555 1712 612 Quum
1741 563 1831 610 autem

1035 647 1127 699 interea
1148 650 1281 700 antediem
1297 649 1385 710 iudicii
1400 662 1488 711 magna
1508 649 1592 700 studia
1615 654 1642 700 et
1667 650 1833 707 hortationes

1034 756 1053 793 ο
1070 746 1193 808 patriciis
1207 744 1329 795 ambobus
1352 742 1533 806 exhiberentur,
1558 744 1607 794 riri
1631 748 1788 802 oonsulares
1806 752 1830 803 in

1035 846 1135 894 senatus
1154 857 1201 909 ope
1223 858 1336 908 magnam
1360 856 1430 909 spem
1461 842 1603 904 habebant,
1631 851 1658 898 et
1685 851 1830 913 perieulum

1035 944 1263 1008 parvipendebant,
1288 945 1427 997 senioribus
1445 950 1470 997 et
1483 945 1625 1009 junioribus
1647 952 1830 1015 pollicentibus

1036 1050 1063 1088 se
1076 1053 1124 1089 non
1145 1042 1308 1104 permissuros
1328 1046 1356 1092 ut
1373 1042 1495 1107 judicium
1521 1050 1700 1108 perageretur.
1740 1055 1772 1101 At
1788 1054 1830 1102 tri-

1037 1136 1105 1198 buni,
1119 1150 1201 1188 omnia
1210 1139 1261 1202 jam
1278 1139 1359 1190 multo
1370 1142 1428 1191 ante
1438 1145 1626 1205 precaventes,
1643 1159 1696 1197 non
1710 1150 1830 1213 precibus

1035 1232 1139 1285 ubidies
1156 1235 1243 1299 indicri
1270 1239 1351 1298 venit,
1373 1236 1470 1302 plebem
1502 1243 1684 1293 conromrunt.
1721 1246 1755 1295 Et
1774 1246 1828 1309 jam

1035 1333 1093 1379 ante
1105 1330 1180 1380 turba
1200 1330 1301 1396 inopum
1322 1332 1419 1398 sibique
1437 1333 1534 1384 vietum
1552 1335 1671 1387 manibus
1685 1342 1828 1403 qneoritaa·

1035 1426 1137 1479 tiumex
1148 1431 1212 1491 agris
1230 1432 1391 1490 conbuxerat,
1415 1446 1473 1495 queo
1485 1432 1519 1482 ul
1537 1433 1662 1485 arbonam
1679 1438 1826 1489 multitudi-

1036 1537 1091 1574 nem
1112 1524 1228 1588 odjnncta
1248 1527 1328 1577 torum
1348 1527 1461 1592 replerit,
1484 1531 1511 1578 et
1532 1528 1616 1594 sices,
1636 1532 1682 1596 qui
1695 1535 1827 1600 adipsum

1035 1621 1125 1674 serunt.

1067 1930 1149 1979 llllli.
1179 1929 1263 1978 Priore
1290 1927 1365 1993 igitur
1388 1926 1444 1979 loeo
1462 1929 1564 1982 ltomilii
1581 1946 1671 1985 caussa
1700 1940 1741 1988 est
1759 1943 1825 1989 acta.

1037 2030 1100 2079 Tum
1114 2025 1217 2084 Siccius,
1236 2025 1260 2074 in
1273 2025 1381 2075 medinm
1404 2031 1592 2093 progressusei
1611 2046 1690 2095 quum
1702 2034 1753 2084 alia
1767 2036 1827 2085 leci·

1035 2140 1095 2177 uora
1116 2123 1206 2188 objecit
1232 2138 1305 2189 quoe,
1325 2125 1386 2175 dum
1400 2127 1488 2178 consul
1500 2131 1579 2192 esset,
1596 2143 1644 2195 per
1663 2131 1714 2180 rirn
1732 2137 1824 2183 eontra

1037 2223 1149 2275 tribunos
1171 2222 1258 2274 iecisse
1271 2224 1340 2273 risus
1361 2223 1458 2284 luisset,
1471 2226 1609 2275 tumeliam
1624 2230 1752 2290 postremo
1775 2231 1817 2279 in-

1035 2322 1112 2373 sidias
1132 2321 1180 2373 sibi
1200 2336 1301 2386 sueque
1319 2323 1417 2373 cohorti
1437 2324 1469 2374 ab
1490 2336 1519 2376 ea
1533 2322 1681 2389 θεραπείαις
1701 2316 1816 2378 'structas

1034 2419 1165 2471 onerariis
1192 2420 1329 2483 harumque
1351 2422 1429 2472 testes
1444 2420 1744 2486 produxitnohillssimos,
1765 2438 1816 2475 non

1035 2521 1123 2584 plebeii
1146 2518 1190 2569 sed
1211 2519 1305 2584 patricii
1327 2519 1421 2571 ordinis
1440 2522 1522 2578 viros,
1546 2521 1636 2586 quiin
1663 2536 1693 2573 ea
1709 2525 1817 2589 expedi·

1035 2620 1102 2668 tione
1119 2617 1217 2668 inerant
1241 2636 1247 2666 :
1269 2616 1337 2668 etin
1358 2618 1397 2668 his
1416 2622 1471 2669 erat
1491 2618 1591 2681 iuvenis
1610 2624 1637 2671 et
1655 2622 1754 2685 ρεαοιίο
1779 2623 1818 2673 di·

1035 2715 1127 2777 gnitate
1142 2718 1167 2766 et
1193 2712 1284 2764 rirtnte
1311 2715 1460 2776 snaclarus,
1476 2717 1502 2765 et
1524 2716 1599 2768 rebus
1624 2716 1723 2769 bellicis
1746 2720 1818 2771 valde

1035 2815 1167 2869 strenuus,
1195 2809 1234 2859 cui
1254 2822 1344 2859 nemen
1375 2811 1429 2859 erat
1453 2811 1497 2873 Sp.
1520 2809 1646 2873 virginio.
1680 2812 1727 2863 ilie
1744 2811 1817 2872 dixit,

1035 2917 1114 2968 quum
1146 2905 1180 2952 ll.
1208 2901 1317 2961 lcilinm,
1342 2903 1416 2953 nnius
1444 2917 1459 2955 e
1481 2902 1556 2955 Sicoii
1589 2906 1692 2958 cohorte
1722 2908 1817 2970 tihnm,

1036 2993 1155 3056 equalem
1175 3006 1248 3042 suum
1260 2998 1286 3043 et
1308 2992 1429 3054 amicum,
1444 3008 1461 3045 a
1477 2996 1631 3059 proiectione
1653 2998 1695 3048 illa
1714 2997 1818 3052 liberare

1036 3091 1146 3152 cuperet,
1160 3092 1188 3138 nt
1197 3088 1240 3149 qui
1259 3102 1317 3137 rrum
1332 3093 1400 3152 patre
1414 3090 1438 3138 in
1449 3102 1558 3153 praesens
1567 3092 1674 3141 esitium
1690 3094 1818 3146 emittere-

1037 3192 1085 3245 tur,
1096 3187 1171 3247 atque
1184 3182 1216 3231 ab
1231 3184 1354 3232 arurae-nlo
1367 3197 1422 3242 suo,
1437 3189 1467 3232 Α.
1479 3184 1606 3247 l'irginio,
1623 3186 1667 3249 qui
1689 3188 1714 3237 in
1731 3188 1818 3240 eadem

1037 3278 1190 3343 expeditione
1213 3276 1309 3337 legatus
1336 3281 1405 3337 erat,
1428 3274 1588 3335 obtinuisset,
1616 3281 1646 3328 ut
1666 3279 1689 3328 is
1703 3280 1818 3331 eonsules

1037 3372 1125 3429 adiret,
1142 3371 1285 3432 peteretque
1301 3372 1327 3419 nt
1341 3370 1389 3419 hoc.
1404 3370 1552 3421 beneficium
1564 3370 1610 3420 sibi
1620 3372 1816 3423 concederetur:

1036 3462 1181 3515 consulibus
1196 3476 1254 3511 rere
1268 3477 1295 3512 se
1311 3463 1337 3511 iel
1350 3465 1459 3513 tacturos
1475 3463 1640 3525 negantibus,
1652 3466 1755 3517 obortas
1768 3469 1819 3518 sibi

1036 3558 1170 3626 lacrymas,
1198 3560 1270 3610 amiei
1305 3557 1430 3608 fortunam
1453 3557 1561 3608 detlenti.
1596 3564 1718 3610 iuvenem
1743 3576 1819 3620 sero,

1035 3667 1080 3718 pro
1098 3669 1148 3718 qno
1170 3651 1357 3716 deprecabatur,
1374 3649 1413 3700 lris
1439 3648 1541 3711 auditis,
1563 3652 1674 3714 venisse,
1690 3658 1716 3703 et
1741 3656 1820 3719 petita

1035 3748 1135 3800 dicendi
1147 3747 1233 3811 copia,
1257 3745 1347 3795 dixisse
1367 3760 1393 3794 se
1408 3758 1520 3807 magnam
1540 3744 1645 3808 gratiam
1660 3747 1716 3795 suis
1727 3748 1820 3813 depre-

1035 3843 1160 3895 catoribus
1177 3840 1285 3900 habere;
1300 3840 1347 3888 sibi
1364 3842 1447 3889 tnrrren
1470 3837 1535 3888 lmud
1548 3842 1647 3900 gratum
1664 3839 1719 3890 tore
1734 3840 1759 3890 id
1770 3843 1820 3894 be-

1035 3932 1165 3992 neficium,
1178 3931 1245 3997 qnod
1260 3929 1373 3994 pietatem
1386 3940 1442 3990 erga
1452 3929 1567 3989 parentes
1575 3930 1644 3975 esset
1654 3931 1820 3991 ereptarum:

1035 4025 1164 4088 etpntrem
1188 4024 1257 4071 tanto
1280 4017 1360 4066 minus
1382 4015 1553 4077 deserturum,
1576 4018 1671 4078 qanto
1685 4018 1820 4072 certiorem

1036 4121 1140 4165 rnm'tem
1150 4119 1257 4178 peteret,
1279 4116 1300 4161 et
1317 4110 1363 4158 bne
1384 4108 1499 4157 orrrnilrus
1510 4107 1562 4157 iore.
1574 4111 1731 4170 compertum
1749 4131 1756 4160 :
1771 4115 1818 4162 sed

1029 4226 1056 4263 se
1067 4213 1160 4262 iturum
1170 4226 1219 4261 una
1229 4225 1285 4259 cum
1296 4209 1344 4265 illn,
1355 4212 1380 4260 et
1389 4223 1433 4273 pro
1443 4207 1538 4259 viribus
1549 4222 1606 4259 eum
1616 4208 1774 4261 defensurum
1783 4214 1812 4261 et

1029 4299 1140 4362 ejusdem
1150 4298 1188 4347 sm·
1191 4303 1257 4347 trrnm
1267 4296 1409 4360 participem
1418 4297 1484 4345 intur
1488 4311 1537 4345 ιιιιι.
1572 4301 1656 4356 Quum
1666 4297 1721 4346 dle
1711 4312 1755 4360 μιν
1757 4299 1815 4348 ernis

1004 4390 1134 4451 dixisset
1152 4391 1199 4439 lroe
1213 4388 1393 4448 testimonium,
1409 4402 1480 4439 nemo
1496 4388 1555 4448 init,
1574 4390 1636 4452 quin
1648 4389 1745 4439 illorum
1760 4389 1814 4440 ho·

956 4517 962 4533 ,
1004 4484 1122 4531 ·minum
1135 4483 1232 4530 fortuna
1242 4483 1381 4529 errrnmotus
1390 4477 1472 4530 fuerit.
1507 4480 1553 4529 Ubi
1562 4496 1622 4531 aero
1632 4481 1672 4532 ct
1665 4495 1716 4545 lpse
1727 4482 1817 4533 lcilius

1028 4574 1098 4633 pater
1117 4574 1141 4618 et
1154 4568 1365 4623 adolescentulus,
1383 4569 1413 4617 ad
1433 4568 1603 4619 testimonium
1616 4569 1714 4620 dicendi
1728 4570 1815 4621 citati

1028 4663 1058 4710 de
1070 4658 1158 4722 seipsis
1172 4658 1256 4707 testati
1270 4659 1335 4715 sunt
1351 4657 1460 4720 plerique
1473 4658 1504 4706 de
1520 4658 1591 4721 plebe
1605 4674 1619 4706 ·ι
1633 4659 1750 4708 lacramis
1763 4673 1816 4709 am·

1002 4752 1005 4817 Ι
1028 4749 1092 4813 plius
1103 4747 1150 4798 sibi
1159 4750 1294 4810 temperare
1306 4761 1353 4796 non
1364 4751 1504 4811 potuerunt.
1541 4751 1625 4806 Quum
1635 4752 1721 4799 autem
1733 4750 1815 4800 ltorni·

1027 4835 1074 4885 lius
1085 4835 1116 4884 ed
1128 4836 1183 4884 trec
1196 4833 1371 4897 respondisset,
1384 4838 1409 4885 et
1420 4835 1557 4885 orationem
1569 4832 1699 4885 habuisset
1711 4850 1756 4886 nec
1767 4836 1816 4885 hu·

1001 4955 1111 5003 mitem
1131 4967 1176 5002 ner
1197 4951 1349 5014 temporibus
1366 4947 1568 5001 corrrenientem
1589 4945 1634 4995 sed
1649 4943 1769 4994 tumidam
1787 4949 1813 4991 ct

1030 5063 1060 5098 ex
1075 5049 1203 5098 alisolutn
1197 5048 1291 5111 rrrrperii
1307 5049 1430 5110 potestate
1444 5043 1560 5103 elatam,¹
1554 5057 1616 5093 rram
1626 5043 1716 5093 uirium
1731 5038 1816 5089 multo

1030 5142 1146 5202 majorem
1168 5141 1192 5190 in
1219 5154 1245 5189 se
1269 5139 1379 5189 accendit
1403 5139 1428 5187 et
1451 5135 1591 5186 concitavit.
1626 5136 1706 5196 Atque
1730 5129 1816 5181 tribus
