3772 5828
56 1347 82 1385 10

58 1791 81 1829 lb

56 2221 83 2258 20

55 2678 82 2715 25

589 401 880 475 ANTIQUITATUM
902 400 1049 462 Roman.
1072 401 1143 461 LlB.
1168 401 1231 462 Vll.

110 564 123 589 ιι
140 559 199 606 τον,
225 532 311 593 πολλά
336 532 363 593 δὲ
389 533 457 593 ἀλλα
486 532 615 613 χρήματα
646 532 882 614 περιύαλομίνων,

111 647 124 673 ο
142 618 200 679 ούτε
221 622 259 698 τῷ
276 621 361 700 ταμίφ
385 625 471 677 ταῦτα
489 618 620 687 ἀπέδειξεν
637 619 696 680 οὔτε
718 619 796 687 αὐτὸς
818 623 883 679 ἀπο·

111 738 123 759 ιι
142 708 248 786 δόμενος
271 712 306 776 είς
327 710 357 768 τὸ
386 707 513 785 δημόσιον
536 709 662 787 ἀνήνεγκε
683 709 713 768 τὸ
742 708 884 788 ἀργύριον,

111 825 123 849 ιι
141 797 211 857 ἀλλὰ
227 800 338 875 διένειμε
353 798 398 856 καὶ
410 796 608 877 κατεχαρίσατο
622 805 675 864 τοῖς
690 801 784 857 ἑαυτοῦ
802 797 885 873 φίλοις

112 914 124 937 ιι
143 886 250 946 ἅπασαν
265 885 312 958 cir
328 885 411 947 λείαν.
456 887 543 945 Τοῦτο
562 886 595 959 δὴ
618 885 767 967 τυραννίδος
780 886 885 964 τεκμή-

112 1001 124 1025 ιι
145 999 198 1053 ριον
213 965 279 1033 είναί
290 997 358 1056 φημι
372 973 404 1032 τὸ
414 972 497 1053 ἔργον.
540 976 603 1041 Πῶς
616 974 668 1055 γάρ
682 973 729 1047 ού,
743 972 770 1043 ὅς
781 997 811 1053 γε
823 978 887 1034 icu-

112 1090 124 1115 ιι
144 1071 189 1123 τοῦ
202 1064 315 1132 κόλακάς
330 1088 357 1123 τε
381 1062 426 1123 καί
445 1063 674 1143 σωματοφύλακας
695 1063 741 1122 καί
761 1067 808 1135 τῆς
822 1064 886 1139 μελ·

113 1180 125 1203 ιι
140 1154 237 1225 λούσης
245 1154 394 1233 τυραννίδος
408 1151 545 1232 συνεργούς
558 1153 588 1210 ἐκ
597 1155 650 1210 τῶν
665 1152 800 1228 δημοσίων
813 1153 887 1233 εὗηρ·

112 1269 123 1293 ιι
142 1241 211 1320 γέτει
222 1245 377 1324 χρημάτων·
394 1241 438 1301 καλ
453 1241 535 1319 νόμου
553 1241 696 1301 κατάλυσιν
711 1231 893 1320 εἶναιφανερδιν

111 1358 123 1382 ιι
142 1332 239 1403 ταύτην
254 1333 335 1412 λέγω.
351 1335 428 1391 Δυεῖν
441 1330 473 1402 δὴ
485 1329 593 1411 θάτερον
612 1330 774 1411 ἀποφηνάτω
788 1330 887 1409 παρελ·

111 1417 192 1478 «θῶν
215 1420 353 1501 Μάρκιος,
370 1420 388 1490 ἢ
409 1423 444 1485 ῶς
470 1422 499 1478 ού
517 1421 629 1499 διένειμε
650 1418 685 1478 cd
708 1419 812 1498 λάφυρα
835 1423 888 1483 τοῖς

111 1534 123 1561 ιι
141 1511 234 1569 ἑαυτοῦ
257 1511 358 1590 φίλοις,
375 1509 393 1568 θ
416 1507 511 1567 ἔλαθεν
525 1509 555 1567 ἐκ
573 1511 620 1579 τῆς
640 1506 787 1579 πολεμίας,
813 1504 831 1577 ἢ
853 1507 888 1571 ῶς

111 1626 123 1650 ιι
141 1604 225 1657 ταῦτα
241 1602 324 1660 ποιῶν
334 1600 363 1658 οὗ
375 1595 501 1658 καταλύει
511 1597 570 1665 τοὺς
584 1597 685 1676 νόμους·
705 1587 741 1654 ῶν
756 1594 888 1676 οὐδέτερον

112 1713 125 1739 ιι
143 1687 195 1754 ἕξει
209 1686 273 1766 πρὸς
288 1690 357 1758 ὑμᾶς
370 1688 462 1747 είπεῖν.
507 1686 589 1747 Αὐτοὶ
599 1685 650 1764 γθιρ
669 1684 805 1766 ἀμφότερα
819 1681 886 1756 ίστε,

114 1805 126 1830 ιι
144 1776 190 1836 καλ
203 1777 248 1836 τὸν
267 1776 345 1853 νόμον
359 1776 404 1837 καί
416 1778 447 1836 τὸ
465 1776 559 1858 ἔργον,
587 1777 632 1837 καὶ
648 1781 695 1837 οὔκ
708 1776 806 1839 ἔνεστιν
825 1779 886 1852 ὑμῖν

115 1891 127 1916 ιι
146 1863 394 1945 ἀποψηφισαμένοις
411 1867 491 1925 αὐτοῦ
512 1866 545 1927 τά
561 1867 651 1926 δίκαια
672 1869 717 1928 καί
733 1869 828 1950 εὔορκα
843 1870 888 1929 δο-

114 1980 127 2006 «
145 1962 199 2012 κεῖν
217 1953 369 2034 ἐγνωκέναι.
415 1954 514 2022 Ἐάσας
530 1955 562 2029 δὴ
591 1956 650 2026 τοθς
680 1959 820 2040 στεφάνους
842 1957 888 2018 καὶ

114 2067 127 2094 ιι
144 2044 178 2101 τὰ
201 2046 319 2123 ἀριστεῖα
346 2042 390 2101 καὶ
417 2044 451 2102 τά
481 2043 622 2124 τραύματα
646 2049 691 2106 καί
720 2046 768 2120 τὴν
803 2048 887 2119 ἀλλην

114 2154 127 2181 ιι
143 2130 278 2210 τερατείαν
294 2130 357 2210 πρὸς
377 2136 462 2191 ταῦτα
478 2131 555 2212 λέγε,
585 2123 743 2216 ῶΜάρκιε·
771 2137 885 2216 παραδί·

112 2243 125 2271 ιι
143 2220 212 2294 δωμι
227 2219 277 2298 γὰρ
297 2220 349 2291 ἤδη
362 2222 402 2280 σοὶ
420 2220 465 2279 τὸν
481 2220 566 2299 λόγον,
580 2250 592 2274 ν

148 2308 250 2370 LXIV.
284 2312 370 2368 Τοῦτο
391 2309 421 2367 τὸ
446 2308 623 2390 κατηγόρημα
649 2311 750 2383 πολλὴν
777 2315 886 2387 ἐποίησε

107 2395 155 2467 τὴν
169 2395 214 2454 ἐπὶ
228 2395 325 2474 θάτερα
343 2396 504 2472 μεταόολάν.
547 2400 582 2455 Οἱ
598 2398 646 2474 μὲν
661 2397 711 2477 rip
728 2400 886 2461 ἐπιεικέστε·

110 2484 151 2563 ροί
164 2507 192 2541 τε
214 2483 260 2542 καλ
281 2486 472 2554 σπουδάζοντες
495 2484 560 2566 ὑπὲρ
585 2487 701 2567 ἀφέσεως
727 2493 773 2548 τοῦ
795 2489 887 2568 ἀνδρὸς

111 2572 295 2649 μαλακώτεροι
310 2570 410 2630 τούτοιν
430 2573 588 2640 ἀκούσαντες
610 2572 737 2651 ἐγένοντο·
752 2576 782 2634 τὸ
798 2575 825 2635 δέ
840 2601 887 2636 κα·

111 2660 203 2730 κόηθες
218 2659 304 2732 ἀπαν,
330 2658 404 2719 θεοῦ
426 2659 511 2736 δήμου
537 2663 660 2721 πλεῖστον
684 2663 762 2745 μέρος
787 2656 834 2739 ἦν,
856 2669 887 2727 ἐκ

12 2751 14 2755 ’
111 2749 209 2816 παντὸς
234 2748 364 2808 ἀπολέσαι
387 2748 431 2807 τὸν
459 2750 542 2829 ἀνδρα
568 2752 653 2824 δήπου
668 2754 885 2833 προθυμούμενον

109 2839 149 2899 ἔτι
162 2840 262 2917 μᾶλλον
279 2840 314 2905 εἰς
334 2843 419 2898 ταῦτα
433 2838 606 2953 ἐπερρώσθη,
627 2843 744 2919 μεγάλης
766 2845 886 2925 ἀφορμῆς

108 2929 153 2989 καί
168 2935 283 3010 φανεράς
295 2925 453 3003 λαάύμενον.
511 2932 549 2991 Ην
561 2929 612 3009 γὰρ
627 2928 726 3004 ἀληθὴς
740 2936 757 3004 ἠ
771 2936 822 2991 τῶν
837 2934 886 2992 λα-

109 3016 196 3098 φύρων
217 3016 331 3085 διάδοσις
345 3021 375 3077 οὐ
397 3021 452 3094 μὴν
466 3019 496 3077 ἐκ
511 3018 689 3100 προαιρέσεώς
712 3043 742 3099 γε
770 3031 886 3104 πονηράς

56 3112 59 3140 ³
109 3106 154 3166 καὶ
177 3107 219 3166 ἐπὶ
235 3110 388 3185 κατασκευῇ
403 3106 564 3187 τυραννίδος,
581 3110 646 3175 ciret
666 3109 758 3178 Δέκιος
773 3113 885 3192 ᾐτιᾶτο,

108 3193 250 3273 γενομένη,
266 3196 325 3254 ἀλλ’
341 3193 394 3253 ἀπὸ
415 3194 514 3263 παντὸς
535 3199 581 3255 τοῦ
598 3195 735 3275 βελτίστου
751 3199 797 3259 καί
821 3203 884 3260 ἐπα·

108 3281 257 3362 νορθύισεως
272 3282 348 3343 ἕνεκα
372 3287 424 3343 τῶν
447 3282 614 3362 κατεχόντων
630 3284 664 3344 cd
687 3287 762 3345 κοινὰ
784 3292 885 3351 κακῶν.

110 3371 300 3439 Στασιάζοντος
320 3370 371 3453 γθρ
390 3369 429 3430 ἐτι
450 3370 496 3429 καὶ
518 3371 685 3445 διεστηκότος
701 3371 755 3432 ἀπὸ
768 3378 821 3434 τῶν
835 3399 886 3434 πα·

109 3459 215 3537 τρικίων
232 3464 278 3517 τοῦ
292 3458 406 3532 πλήθους
417 3459 493 3533 τότε,
507 3462 756 3543 καταφρονήσαντες
771 3465 795 3522 oi
809 3465 887 3523 πολέ-

56 3563 82 3596 ·'›
112 3571 167 3623 μιοι
181 3548 350 3627 καταδρομάς
367 3551 414 3619 τῆς
433 3547 522 3627 χώρας
536 3552 671 3610 ἐποιοῦντο
685 3551 730 3609 καί
746 3552 887 3623 λεηλασίας

111 3642 239 3716 συνεχεῖς·
255 3634 301 3692 καί
312 3634 389 3694 ὁπότε
406 3634 486 3704 δόξειε
505 3638 538 3713 τῇ
556 3640 639 3718 βουλῇ
652 3637 700 3709 την
716 3639 887 3700 κωλύσουσαν

110 3725 195 3780 ταῦτα
218 3721 328 3798 δύναμιν
351 3722 479 3795 ἐξελθεῖν,
496 3724 577 3792 οὐδείς
599 3726 667 3805 ἐξῄει
679 3730 732 3786 τῶν
748 3729 886 3805 δημοτῶν,

111 3813 171 3870 ἀλλ’
187 3810 327 3891 ἐπέχαιρόν
346 3836 375 3871 τε
398 3810 443 3872 καί
457 3836 490 3870 πε
510 3813 608 3895 ιεάιρων
627 3816 661 3876 τθι
674 3817 814 3896 γινόμενα·
829 3826 845 3895 ἡ
860 3821 887 3882 δὲ

110 3903 163 3959 τῶν
177 3900 324 3980 πατρικίων
345 3901 404 3982 χείρ
419 3904 466 3963 οὐκ
488 3836 521 3977 ἀν
541 3909 601 3965 καθ’
617 3906 713 3980 ἑαυτὴν
736 3908 886 3992 ἀξιόμαχος.

110 3993 198 4051 Τοῦτο
212 3985 374 4066 καταμαθὼν
388 3993 403 4048 θ
418 3988 540 4071 Μάρκιος
554 3991 688 4073 ἀπέσχετο
704 3999 757 4061 τοῖς
769 3995 887 4072 ὑπάτοις,

112 4077 155 4137 ἑλν
181 4078 355 4159 ἐπιτρέψωσιν
383 4079 457 4160 αιἰτῷ
485 4078 533 4151 τὴν
564 4081 728 4159 ἡγεμονίαν,
762 4085 888 4163 στρατιθιν

111 4168 180 4238 ἄξειν
195 4168 314 4227 ἑκούσιον
336 4167 381 4228 ἐπὶ
400 4167 460 4237 τοὺς
479 4168 620 4248 πολεμίους
639 4170 685 4231 καί
700 4170 773 4248 δίκην
787 4174 888 4257 ληψεσ-

112 4265 154 4318 θαι
169 4256 233 4339 παρ’
248 4257 334 4316 αὐτῶν
356 4260 382 4317 ἐν
402 4256 490 4339 τάχει.
534 4256 635 4321 Δαδύιν
650 4259 679 4321 δὲ
698 4258 747 4334 τὴν
772 4259 888 4331 ἐξουσίαν

111 4348 248 4408 συνεκάλει
262 4347 321 4414 τούς
341 4369 370 4405 τε
385 4348 502 4416 πελάτας
517 4348 563 4407 καί
579 4347 639 4416 τοὺς
658 4347 749 4430 φίλους
769 4351 815 4410 καί
836 4356 889 4412 τῶν

112 4437 196 4496 ἄλλων
212 4440 342 4511 πολιτῶν,
360 4427 398 4505 οἷς
413 4428 445 4509 ἢν
461 4438 562 4517 βουλομ
577 4460 628 4503 νοις
644 4439 795 4499 ἀπολαῦσαί
807 4463 833 4498 τι
842 4446 889 4514 τῆς

111 4532 156 4584 τοῦ
171 4531 318 4606 στρατηγοῦ
334 4524 417 4608 τύχης
436 4524 506 4585 κατά
525 4525 560 4586 τθι
581 4526 697 4604 πολέμια
720 4527 766 4588 καί
784 4530 896 4605 ἀρετῆς.

113 4611 160 4678 Ὡς
177 4612 204 4671 δέ
226 4618 297 4693 αὐτῷ
316 4616 376 4696 χεὶρ
400 4614 544 4695 ἀξιόμαχος
565 4615 650 4677 ἐδόκει
672 4617 888 4694 συνεληλυθέναι,

113 4701 225 4776 προῆγεν
250 4701 292 4759 ἐπὶ
310 4701 369 4769 τοθς
391 4700 535 4779 πολεμίους
558 4701 633 4761 ούθάν
654 4725 698 4761 πω
723 4703 888 4781 προειδότας.

112 4786 257 4863 Ἐμθαλιλιν
278 4791 302 4848 δ’
318 4792 353 4858 εἰς
371 4790 461 4871 χώραν
481 4792 587 4850 πολλῶν
603 4793 709 4873 ἀγαθῶν
727 4792 826 4869 μεστὴν
840 4817 889 4874 γε-

111 4876 218 4952 νόμενος
231 4876 341 4955 ἀφθόνου
355 4878 428 4945 λείας
442 4877 530 4959 κύριος
544 4880 625 4961 ἐφῆκε
641 4888 696 4948 τοῖς
715 4881 889 4962 στρατιώταις

112 4963 219 5023 ἅπαντα
233 4965 267 5022 cd
279 4965 410 5046 ληφθέντα
426 4966 628 5045 διανείμασθαι,
649 4967 693 5027 ίνα
706 4971 730 5027 ol
748 4968 796 5047 μὲν
810 4993 889 5030 συνα-

113 5053 219 5134 ράμενοι
232 5057 279 5112 τοῦ
295 5052 371 5134 ἐργου
386 5053 431 5114 τθν
452 5059 504 5115 τῶν
520 5057 607 5117 πόνων
626 5058 728 5137 καρπὸν
739 5058 888 5136 κομισάμε-

111 5164 151 5202 νοι
165 5141 305 5221 προθύμως
321 5139 365 5202 ἐπί
374 5140 422 5210 τὰς
437 5144 520 5212 ἀλλας
532 5145 673 5226 στρατείας
688 5147 850 5206 ἀπαντῶσιν·
863 5151 888 5206 οἱ

112 5228 140 5289 δέ
159 5230 354 5304 ἀποκνήσαντες
376 5232 563 5312 θνθυμηθίντες
586 5234 654 5296 δσοιν
678 5236 783 5314 ἀγαθῶν
800 5235 889 5303 αὐτοῖς

1652 407 1709 467 lan

942 561 953 584 ι
969 541 1087 591 immenti
1109 541 1173 603 vim,
1196 545 1221 591 et
1250 555 1362 606 magnam
1383 556 1467 592 rerum
1494 543 1597 593 aliarum
1622 546 1716 608 copiam

941 628 1146 691 «acquisissetis,
1170 629 1224 679 tinec
1243 632 1326 678 minen
1354 642 1399 678 nec
1425 631 1544 691 quaestori
1568 630 1649 689 dedit,
1674 646 1718 681 nee

942 733 954 757 a
970 714 1023 776 ipse
1037 727 1068 763 ex
1080 712 1169 763 borum
1182 715 1323 766 venditione
1335 716 1465 780 pecuniam
1484 717 1608 766 redactam
1623 719 1647 766 in
1662 731 1719 767 rora·

942 800 1035 850 nrium
1053 800 1148 862 intulit3
1169 803 1211 853 sed
1224 804 1303 853 totam
1324 804 1432 867 praedam
1457 805 1544 855 amicis
1566 807 1618 857 suis
1635 805 1719 856 divisit

943 906 954 928 ιι
975 891 1001 937 et
1014 886 1117 950 largitus
1128 891 1173 938 eat.
1206 891 1260 939 Hoc
1283 889 1358 955 igitur
1384 891 1475 941 tractum
1490 893 1625 955 tyrannidis
1646 904 1720 955 argu·

943 993 956 1019 ι
971 979 1080 1024 mentum
1104 989 1159 1026 esse
1176 976 1245 1027 dieo.
1295 977 1384 1035 Quidni
1410 980 1493 1029 enim?
1515 981 1636 1045 siquidem
1661 993 1720 1031 suns

943 1078 956 1104 ι
971 1064 1137 1112 assentatores
1156 1067 1182 1113 et
1193 1063 1325 1125 satellites,
1339 1070 1364 1115 et
1380 1066 1470 1116 suturae
1486 1069 1623 1130 tyrannidis
1637 1082 1718 1118 asser·

945 1151 1037 1199 atores
1058 1149 1089 1201 de
1109 1150 1208 1215 publica
1235 1152 1338 1216 pecunia
1360 1152 1485 1204 benellciis
1510 1157 1592 1207 allecil
1616 1176 1622 1206 ε
1643 1159 1719 1219 alque

944 1257 957 1282 ιι
970 1239 1033 1291 lianc
1051 1242 1111 1306 legis
1130 1245 1284 1295 manifestam
1298 1247 1454 1298 violationem
1464 1262 1521 1299 esse
1536 1249 1598 1301 dico.
1613 1246 1720 1320 blaseius

945 1345 958 1376 ι
972 1329 1047 1395 igitrrr
1066 1335 1181 1398 prodeat,
1200 1342 1224 1388 et
1237 1352 1252 1389 e
1266 1339 1363 1388 duobus
1376 1338 1481 1390 alterum
1494 1340 1658 1398 demonstret,
1677 1336 1720 1385 ant

945 1442 957 1472 ι
977 1441 1004 1479 se
1022 1432 1131 1494 praedam
1150 1449 1182 1485 ex
1205 1436 1317 1487 hostibus
1332 1441 1430 1502 captam
1448 1436 1533 1487 amieis
1545 1434 1597 1485 suis
1612 1446 1659 1481 non
1680 1430 1719 1479 di·

946 1519 1070 1585 nrisisse,
1096 1530 1140 1576 aut
1168 1530 1260 1581 lactum
1285 1530 1398 1594 quidem,
1425 1530 1468 1578 sed
1495 1527 1570 1578 salvis
1590 1522 1685 1583 legibus
1713 1536 1719 1566 :

947 1627 959 1651 ι
975 1625 1078 1675 quorum
1091 1620 1206 1668 neutrum
1221 1621 1303 1672 dicere
1312 1622 1383 1673 robis
1394 1620 1485 1684 poterit
1528 1619 1579 1667 Vos
1596 1614 1661 1665 euim
1675 1607 1721 1674 ipsi

947 1713 959 1741 ιι
973 1701 1105 1764 utrumque
1118 1707 1208 1766 nostis,
1218 1716 1241 1758 et
1255 1697 1333 1773 legem
1348 1713 1373 1759 et
1385 1711 1477 1758 lactum
1492 1727 1498 1757 ι
1518 1718 1595 1771 quare
1608 1715 1658 1752 non
1672 1698 1721 1758 est,

948 1798 960 1827 ι
977 1786 1044 1848 quod
1059 1793 1164 1852 putetis.
1183 1795 1248 1845 hune
1264 1811 1279 1845 a
1293 1796 1365 1845 robis
1379 1794 1473 1845 absolvi
1490 1807 1577 1857 posse,
1594 1791 1640 1840 nisi
1661 1800 1719 1837 eon·

946 1890 957 1916 ιι
973 1877 1012 1924 tra
1021 1877 1087 1942 leges
1098 1883 1124 1932 et
1139 1883 1273 1935 iusiuramii
1286 1886 1452 1936 sanctitatem.
1466 1882 1570 1931 Omissis
1587 1880 1661 1941 igitur
1676 1889 1720 1926 co·

943 1989 957 2017 ιι
973 1975 1039 2024 ronis
1063 1980 1089 2027 et
1113 1978 1264 2029 tortitudinis
1284 1985 1335 2029 tum
1355 1977 1479 2043 praemiis,
1502 1980 1527 2027 et
1550 1973 1719 2027 cicatricibus,

945 2078 959 2105 ιι
973 2064 1108 2130 ceterisque
1131 2068 1274 2133 praestigiis,
1297 2067 1328 2116 ad
1349 2067 1403 2115 baec
1423 2064 1558 2130 responde,
1570 2062 1655 2112 lilarci.
1670 2063 1721 2110 lam

944 2166 956 2189 ι
974 2148 1039 2198 enim
1054 2150 1099 2201 tibi
1114 2151 1211 2204 dicendi
1227 2156 1373 2218 potestatem
1386 2152 1456 2201 lacto.
1472 2170 1484 2194 ν

976 2332 1061 2381 12le.
1079 2328 1158 2380 liuius
1171 2327 1278 2379 criminis
1289 2325 1395 2377 obiectio
1411 2325 1469 2375 tecit
1482 2337 1595 2389 magnam
1604 2320 1721 2372 mutatio·

944 2438 1001 2475 nem
1022 2429 1048 2475 et
1071 2425 1273 2475 tracti-rectionem
1297 2420 1322 2470 in
1343 2419 1446 2470 alteram
1469 2424 1572 2482 partem,
1605 2420 1666 2466 Nam
1681 2412 1722 2479 qui

945 2518 1013 2581 prius
1026 2517 1146 2580 aequiores
1159 2515 1183 2566 ei
1198 2518 1283 2574 erant,
1298 2515 1323 2563 el
1337 2511 1471 2562 studebant
1489 2509 1542 2559 eius
1557 2507 1720 2564 absolutioni.

945 2609 984 2659 bis
1003 2609 1109 2670 auditis,
1135 2609 1156 2658 ei
1183 2607 1263 2656 miuus
1284 2604 1409 2655 iacebant.
1455 2605 1486 2653 at
1503 2615 1589 2652 omnes
1607 2600 1721 2663 maligni,

945 2718 1052 2768 quorum
1067 2702 1175 2752 maxima
1187 2713 1245 2763 pars
1259 2700 1315 2748 erat
1330 2711 1361 2748 ex
1376 2695 1496 2760 plebeiis,
1519 2696 1561 2758 qui
1576 2694 1665 2759 quavis
1679 2706 1721 2744 ra·

947 2801 1013 2850 tione
1027 2798 1151 2849 bominem
1164 2793 1269 2859 perdere
1287 2793 1433 2858 cupiebant,
1448 2806 1537 2855 magna
1550 2796 1575 2842 et
1593 2791 1723 2842 manilesta

947 2893 1057 2946 criminis
1079 2890 1152 2940 huius
1171 2887 1315 2946 occasione,
1337 2900 1411 2949 quam
1440 2885 1613 2949 arripuerunt,
1632 2885 1722 2934 contir-

946 2981 1023 3045 mati,
1034 2980 1113 3031 multo
1128 2978 1206 3041 magis
1223 2976 1248 3025 iu
1272 2976 1335 3024 bane
1350 2980 1445 3039 partem
1459 2974 1616 3024 inclinarunt.
1631 2979 1723 3025 l'emm

946 3076 1011 3126 enim
1035 3074 1102 3131 erat,
1121 3070 1229 3135 praeclara
1253 3068 1285 3118 ab
1308 3082 1338 3118 eo
1357 3080 1411 3118 esse
1428 3067 1550 3124 cliricum,
1568 3080 1617 3115 non
1642 3070 1723 3117 tamen

946 3166 1011 3218 malo
1021 3165 1118 3223 animo,
1133 3176 1178 3213 nec
1191 3161 1223 3211 ad
1241 3160 1386 3211 struendam
1406 3159 1575 3222 tyrannidem,
1592 3163 1619 3208 ut
1632 3160 1723 3210 Decius

947 3256 1134 3313 criminabatur,
1149 3253 1193 3304 sed
1208 3253 1304 3317 optimo
1317 3252 1437 3312 consilio,
1452 3253 1479 3301 et
1497 3250 1602 3314 publicae
1623 3251 1722 3301 calami·

946 3351 1005 3400 tatis
1016 3348 1127 3401 lerandae
1138 3360 1234 3397 caussa.
1268 3348 1401 3396 Nemeum
1417 3344 1499 3394 adbuc
1513 3343 1583 3408 plebe
1597 3344 1718 3396 seditione

946 3442 1084 3503 laboraret,
1094 3442 1145 3491 ota
1158 3439 1267 3505 patriciis
1279 3437 1426 3499 dissideret,
1438 3440 1498 3489 tnnc
1508 3437 1593 3489 hostes
1606 3438 1722 3491 audacio·

945 3548 986 3586 res
999 3535 1056 3586 iacti
1072 3548 1157 3597 agrum
1174 3530 1355 3582 incursionibus
1375 3535 1400 3580 et
1423 3533 1545 3581 coutinuis
1559 3533 1722 3596 populationi-

945 3623 992 3675 bus
1003 3623 1151 3675 inlestabaut
1174 3642 1181 3671 ·.
1202 3625 1226 3671 et
1239 3619 1334 3683 quoties
1357 3623 1457 3670 senatus
1478 3619 1578 3671 volebat
1595 3621 1678 3684 copias
1691 3622 1721 3672 ad

944 3718 1000 3770 hec
1018 3714 1123 3766 arcenda
1136 3712 1247 3771 mittere,
1263 3710 1346 3761 nullus
1364 3710 1477 3774 plebeius
1494 3712 1592 3773 exibat;
1608 3713 1651 3763 sed
1662 3712 1721 3764 alie·

944 3810 984 3860 uis
1002 3807 1074 3859 malis
1088 3805 1248 3858 vehementer
1273 3803 1429 3869 gaudebant,
1451 3818 1528 3868 eaque
1547 3804 1721 3871 negligebant:

944 3905 1103 3973 patriciorum
1113 3916 1175 3953 rere
1186 3915 1278 3952 munus
1289 3914 1333 3966 per
1342 3913 1368 3952 se
1384 3900 1416 3951 ad
1430 3901 1544 3952 hostibus
1558 3901 1723 3952 resistendum

944 4010 993 4048 nou
1006 3997 1060 4046 erat
1079 3992 1139 4045 satis
1153 3989 1244 4042 valida.
1277 3993 1330 4042 liae
1350 4005 1378 4042 re
1401 3990 1589 4051 animadversa,
1615 3993 1723 4045 linceius

943 4087 1057 4153 promisit
1077 4084 1233 4145 consulibus,
1259 4082 1281 4134 si
1295 4096 1417 4134 summam
1436 4084 1532 4148 imperii
1551 4084 1657 4149 bellique
1676 4087 1723 4138 sibi

943 4182 1127 4250 permisissent,
1158 4194 1186 4231 sc
1208 4178 1408 4231 voluntariorum
1431 4180 1570 4230 exereitum
1594 4180 1619 4228 iu
1640 4181 1723 4232 hostes

943 4273 1107 4331 educturum,
1122 4270 1149 4320 et
1164 4269 1235 4320 breri
1259 4281 1351 4332 poenas
1368 4267 1399 4317 de
1418 4267 1466 4317 illis
1487 4271 1635 4318 sumturum.
1668 4272 1722 4326 Qua

943 4363 1067 4427 potestate
1082 4360 1230 4424 impetrata,
1256 4356 1402 4407 convocarit
1424 4356 1527 4407 clientes
1552 4359 1578 4407 et
1594 4356 1685 4406 amicos
1697 4359 1723 4406 et

945 4451 1006 4502 alios
1024 4448 1105 4509 eires,
1120 4448 1243 4512 qrrotquot
1265 4446 1321 4497 talis
1339 4445 1410 4496 ducis
1429 4446 1543 4497 felicitate
1553 4448 1580 4497 et
1595 4447 1686 4497 virtute
1697 4461 1721 4497 m

943 4537 1008 4589 bello
1026 4535 1075 4585 lrui
1090 4532 1223 4598 cupiebant
1247 4552 1253 4582 ι
1270 4533 1311 4583 ubi
1328 4545 1387 4583 vero
1409 4533 1576 4592 existimarit,
1599 4533 1648 4581 iem
1664 4536 1723 4583 ratis

942 4623 1052 4674 ualidam
1069 4635 1171 4672 manum
1186 4621 1346 4683 convenisse,
1371 4634 1427 4671 earn
1442 4619 1475 4671 ad
1487 4620 1571 4670 hostes
1587 4620 1669 4669 adbuc
1686 4619 1722 4667 rei

942 4712 1041 4779 ignaros
1050 4710 1129 4762 duxit.
1163 4714 1240 4761 Facta
1253 4716 1337 4761 autem
1350 4710 1484 4774 irmptiooe
1497 4708 1521 4758 in
1537 4723 1622 4773 agrum
1637 4706 1721 4756 multis

942 4802 1013 4855 bonis
1033 4800 1167 4862 retortum,
1192 4804 1217 4851 et
1241 4801 1333 4865 ingenti
1359 4800 1445 4865 praeda
1472 4799 1578 4863 potitus,
1600 4795 1721 4847 militibus

943 4890 1068 4956 permisit,
1085 4895 1114 4940 ut
1137 4889 1237 4951 omnia,
1264 4903 1323 4954 que
1347 4892 1480 4955 ceperant,
1494 4890 1558 4938 iuter
1581 4884 1720 4939 rediride·

942 4982 1014 5039 rent,
1025 4977 1109 5041 utqui
1123 4977 1170 5028 sibi
1184 4979 1211 5030 in
1229 4991 1259 5029 ea
1274 4976 1432 5042 expeditione
1451 4976 1549 5026 fueraut
1565 4974 1643 5038 socii,
1661 4988 1720 5041 par·

942 5067 1015 5129 copto
1026 5064 1139 5115 laborum
1149 5064 1247 5127 tractu,
1258 5064 1374 5130 prompto
1383 5061 1510 5127 manrique
1521 5061 1604 5113 auimo
1615 5060 1649 5113 ad
1657 5064 1721 5117 alias

942 5152 1112 5217 expeditiones
1123 5152 1252 5213 reuireut;
1268 5156 1295 5205 et
1306 5150 1340 5211 ei,
1350 5146 1587 5227 elperplssrlllan
1627 5204 1646 5215 f,
1676 5164 1729 5209 na.
1755 5220 1762 5229 Ι
1791 5212 1798 5219 ,
1857 5132 1862 5141 ’
