3772 5828
676 354 972 428 ANTIQUITATUM
995 355 1147 417 [tumuit.
1172 357 1245 418 ΗΒ.
1270 357 1305 418 11.
1746 362 1780 419 'il

173 502 176 510 '
222 489 264 548 ΙΙ.
284 489 365 568 Γενεᾷ
376 485 399 544 δ’
409 486 581 564 ἑκκαιδεκάτῃ
594 485 660 562 μετὰ
679 486 722 544 τὸν
735 486 853 566 Τρωικὸν
869 486 951 547 πόλε-

184 600 232 656 μον
251 574 371 637 litarat
393 574 578 644 συνοικίζουσιν
599 575 679 655 ἀμφω
698 575 732 633 τθ
752 576 837 655 χωρία
856 584 954 648 ταῦτα,

182 665 263 747 τείχει
283 662 470 742 περιλαύόντες
488 663 533 720 καί
546 663 648 744 τάφρῳ.
690 663 764 730 Τέως
783 665 806 722 δ’
825 655 857 736 ἧν
876 662 955 722 αύλια

182 751 345 833 βουφορόίων
364 749 457 810 τεκαὶ
478 749 605 826 ποιμνίων
625 749 671 809 καί
694 754 744 808 τῶν
767 751 853 810 ἄλλοιν
869 774 956 810 κατα-

140 865 154 901 ε
181 843 267 920 γωγαί
288 838 424 920 βοτήρων,
447 839 558 919 ἄφθονον
579 839 750 913 ἀναδιδούσης
768 841 835 898 πόαν
854 843 956 912 τῆςαὺ·

180 933 237 992 τόθι
256 935 305 1008 γῆς
331 932 361 990 ού
389 930 466 1007 μόνω
487 928 534 1001 τὴν
562 928 725 1010 χειμερινὴν,
752 930 820 990 ἀλλὰ
842 930 886 990 καλ
907 928 954 1004 τὴν

182 1019 328 1097 θερεινόμον
348 1017 391 1076 δεδι
410 1015 469 1084 τοὺς
494 1017 676 1098 ἀναψύχοντάς
696 1042 725 1077 τε
744 1018 789 1078 καλ
812 1017 954 1099 κατάρδον-

180 1131 229 1172 τας
247 1103 325 1178 αὐτὴν
344 1103 490 1183 ποταμούς,
545 1107 568 1166 Γ
569 1106 622 1172 ένος
642 1105 669 1165 δέ
696 1105 726 1164 τὸ
757 1104 889 1165 Ἆλόανῶν
911 1130 955 1183 μι-

182 1197 242 1255 κτὸν
264 1189 295 1266 ἦν
311 1195 341 1254 ίκ
359 1195 382 1254 τ’
402 1194 533 1272 Ἀρκάδων
549 1194 595 1253 καί
614 1194 727 1253 Ἐπειῶν
746 1197 797 1254 τῶν
823 1193 848 1263 ἐξ
868 1192 950 1255 Ἤλι-

130 1311 155 1354 ιο
180 1287 223 1352 δος
250 1284 376 1343 ἐλθόντοιν
406 1284 451 1341 καί
481 1280 641 1360 Πελασγῶν,
664 1282 821 1343 τελευταίοιν
851 1281 878 1344 δέ
901 1287 953 1342 τῶν
979 1264 982 1345 ί
1144 1335 1150 1348 .
1447 1336 1452 1347 .
1582 1337 1588 1349 .
1736 1336 1741 1349 .

979 1354 982 1409 γ
1009 1340 1034 1386 et
1056 1336 1174 1398 Pelasgia,
1191 1339 1315 1399 postremo
1341 1349 1372 1386 ex
1396 1336 1523 1398 Troianis,
1546 1351 1589 1401 qur
1610 1340 1666 1402 post
1685 1339 1785 1388 Troum

181 1376 239 1448 μετ’
259 1371 340 1432 Ἰλίου
362 1371 460 1430 ἅλωσιν
481 1370 644 1450 ἀφικομένων
664 1374 700 1440 είς
712 1371 954 1452 ’ίταλέαινἸ”ρώων,

180 1460 223 1525 οὑς
241 1452 305 1537 ἦγεν
325 1459 430 1525 Αίνείας
450 1458 601 1538 ὑἈγχίαου
624 1459 670 1519 καί
691 1461 852 1540 Ἀφροδίτης.
906 1462 955 1522 Εἰ·

181 1549 225 1615 κός
236 1550 262 1606 δέ
274 1571 299 1606 τι
321 1547 366 1605 καί
390 1544 548 1627 βαρύαρικθν
570 1551 598 1607 έκ
618 1550 672 1606 τῶν
691 1547 838 1627 προσοίκων
860 1548 877 1622 λ
900 1572 955 1608 πα-

181 1639 263 1697 λαιῶν
284 1635 426 1710 οἰκητόρων
451 1633 574 1702 ὑπολιπὲς
596 1638 633 1716 τῷ
653 1635 804 1716 Ἑλληνικῷ
822 1660 954 1716 συγκατα-

130 1749 154 1785 ιε
179 1725 298 1802 λεγῆναι.
350 1719 457 1798 Ὀνομα
487 1721 513 1780 δέ
541 1722 626 1782 κοινὸν
654 1726 677 1782 ol
706 1722 855 1800 σύμπαντες
886 1715 955 1784 οὑτοι

183 1814 291 1872 Λατῖνοι
319 1809 465 1881 initiarer
490 1811 533 1869 ἐπ’
560 1811 651 1888 ἀνδρὸς
668 1810 889 1878 δυναστεύσαντος
903 1813 954 1870 τῶν

182 1900 267 1958 τόπων
290 1898 421 1971 Λατίνου,
443 1900 489 1966 τάς
511 1903 571 1959 κατ’
596 1899 666 1969 ἔθνος
685 1901 827 1976 ὀνομασίας
846 1903 953 1980 ἀφαιρε-

184 1989 275 2051 θέντες.
327 1987 480 2068 Ἐτειχέσθη
502 1989 550 2064 μὲν
582 1980 626 2048 ούν
646 1993 662 2060 ἡ
683 1990 757 2055 πόλις
782 1989 833 2046 ὑπὸ
855 1989 954 2048 τούτων

183 2078 234 2133 τῶν
254 2078 332 2137 έθνῶν
352 2077 462 2153 ίνιαυτῷ
481 2075 593 2157 δευτέρῳ
611 2077 656 2136 καὶ
679 2080 826 2156 τριακοστῷ
846 2076 890 2134 καί
907 2099 951 2135 τε-

127 2188 155 2226 au
181 2168 359 2244 τρακοσιοστῷ
381 2164 438 2240 μετ’
468 2164 547 2225 Ἰλίου
575 2164 688 2234 ἀλωσιν,
711 2167 753 2224 ἐπὶ
777 2169 823 2233 πῶς
842 2163 956 2240 ίύδόμης

180 2251 349 2328 ὀλυμπιάδος.
390 2254 426 2310 Ol
446 2254 469 2311 δ’
495 2253 635 2329 ἀγαγόντες
653 2255 700 2323 τὴν
730 2253 851 2310 ἀποικίαν
871 2255 950 2313 ἀδελ·

181 2340 224 2422 pol
251 2341 353 2416 δίδυμοι
375 2345 419 2397 τοὺ
441 2338 574 2416 βασιλείου
594 2340 682 2414 γένους
709 2331 790 2409 ἦσαν·
817 2338 954 2415 Ῥωμύλος

182 2430 269 2485 οὔτῶν
297 2427 380 2504 ὄνομα
409 2424 526 2504 θατέρῳ,
552 2429 588 2504 τῷ
618 2427 639 2483 δ’
675 2425 755 2505 ἑτέρῳ
783 2425 956 2502 Ῥῶμος·τά

185 2515 311 2590 μητρόθεν
332 2512 379 2586 μὲν
402 2513 447 2567 ἀπ’
475 2511 576 2570 Αίνιίου
600 2535 627 2569 τε
646 2510 691 2570 καί
710 2513 886 2592 Δαρδανίδαι,
904 2538 957 2574 πα-

129 2622 157 2660 ασ
185 2601 245 2678 πρὸς
273 2600 296 2657 δ’
325 2597 460 2678 ἀκρίύειαν
485 2596 530 2674 μέν
562 2601 591 2657 oi
619 2598 704 2680 ῥᾴδιον
734 2601 814 2658 εἰπεῖν
843 2599 869 2668 έξ
898 2601 957 2661 ὀτου

186 2687 292 2767 φύντες,
319 2684 503 2744 πεπίστευνται
523 2687 546 2744 δ’
574 2686 623 2745 ὑπὸ
645 2685 787 2764 Ῥωμαίων
808 2688 956 2766 ἰθρτοςυίοί

185 2776 316 2850 γενέσθαι.
368 2775 409 2834 ού
435 2774 523 2850 μέντοι
547 2773 677 2852 διέμεινάν
700 2775 725 2856 γ’
743 2775 887 2856 ἀμφότεροι
912 2781 959 2848 τῆς

182 2861 305 2928 ἀποικίας
332 2860 456 2938 ἡγεμόνες
484 2863 547 2942 ὑπέρ
565 2867 611 2935 τῆς
639 2866 723 2946 ἀρχῆς
752 2865 957 2932 στασιάσαντες·

182 2949 241 3006 ἀλλ’
262 2953 275 3006 θ
310 2950 483 3028 περιλειφθεὶς
506 2954 591 3010 αὑτῶν
613 2949 767 3028 Ῥωμύλος,
794 2953 957 3028 ἀπολομένου

127 3058 154 3098 ao
181 3035 249 3095 κατά
264 3038 311 3106 τλν
333 3036 423 3114 μάχην
444 3039 561 3117 θατέρου,
576 3039 693 3110 οἰκιστὴς
718 3040 818 3116 γίνεται
842 3044 888 3111 τῆς
909 3040 956 3101 πό·

182 3125 247 3190 λεως
272 3125 318 3182 καὶ
339 3124 443 3198 τοῦνομ’
469 3127 535 3202 αὑτῇ
559 3129 606 3196 τῆς
628 3126 694 3192 ἰδέας
716 3125 834 3197 κλήσεως
856 3127 957 3186 ίπόινυ·

183 3235 232 3288 μον
255 3213 364 3273 τίθεται.
408 3212 527 3291 Ἀριθμὸς
551 3214 578 3273 δὲ
604 3219 655 3273 τῶν
684 3216 871 3294 μετασχόντων
886 3218 957 3296 αύτῷ

181 3303 228 3372 τῆς
251 3300 372 3367 ἀποικίας
402 3301 454 3358 ἀπὸ
483 3304 585 3362 πολλοῦ
608 3309 652 3361 τοὺ
673 3303 733 3362 κατ’
757 3301 840 3381 ἀρχάς
864 3302 957 3371 έξαπο-

182 3389 319 3455 σταλέντος
332 3387 417 3467 ὀλίγος
433 3381 463 3460 ἦν
478 3393 492 3449 ὁ
518 3392 714 3470 καταλειφθείς,
728 3391 869 3471 τρισχίλιοι
883 3395 956 3461 πεζοὶ

126 3496 153 3536 αα
181 3475 226 3533 καί
244 3477 332 3542 ίππεῖς
351 3475 506 3555 τριακόσιοι.

222 3562 272 3623 lll.
292 3563 369 3622 Ἐπεὶ
390 3553 465 3634 ούνῆ
486 3587 514 3623 τε
529 3564 625 3642 τάφρος
644 3566 730 3632 αὐτοῖς
744 3565 893 3643 ίξείργαστα
907 3566 953 3626 καί

182 3648 212 3706 τό
231 3649 313 3729 ἔρυμα
327 3652 400 3717 τέλος
423 3642 512 3730 εἶχεν,
533 3651 563 3709 αί
577 3653 717 3723 τὀίκήσιις
731 3652 778 3718 τὰς
799 3653 954 3730 ἀναγκαίους

180 3739 341 3807 κατασκιυθς
354 3742 543 3854 ἀπειλήφεσαν,
559 3742 654 3818 ἀπῄτει
669 3740 691 3800 δ’
706 3745 720 3801 ὑ
735 3739 823 3817 καιρὸς
834 3739 879 3799 καί
894 3746 953 3822 περὶ

179 3827 277 3905 κόσμου
294 3828 425 3894 πολιτείας
441 3854 463 3907 ῳ
479 3829 611 3907 χρήσονται
626 3837 748 3900 σκοπεῖν,
770 3827 865 3907 ἀγορδιν
877 3853 952 3903 ποιη-

122 3931 150 3972 te
179 3914 288 3990 τέμενος
311 3917 425 3974 αὐτῶνθ
444 3915 594 3994 Ῥωμύλος,
613 3915 772 3993 ὑποθεμένου
791 3920 835 3973 τοῦ
853 3940 952 3999 μητρο.

178 4002 290 4081 πάτορος
303 4003 348 4062 καί
358 3995 505 4073 διδάξαντος
519 4002 598 4085 ἀχρλ
615 4006 707 4082 λέγειν,
731 4032 742 4053 α
755 4003 803 4075 τὴν
814 4001 861 4079 μέν
877 4005 951 4065 πολιν

179 4115 190 4136 ι
205 4086 255 4169 ἔφη
266 4091 323 4156 ταῖς
336 4111 365 4148 τε
387 4089 525 4167 δημοσίαις
544 4092 588 4152 καί
608 4100 666 4159 ταῖς
684 4092 760 4159 ἰδέαις
777 4101 951 4159 κατασκευαῖς

178 4203 190 4227 a
206 4179 240 4244 ῶς
256 4179 401 4239 νεόκτιστον
420 4179 595 4260 ἀποχρώντως
617 4185 810 4255 κεκοσμῆσθαι*
831 4178 904 4249 ἠξίου
925 4180 949 4240 δ’

179 4292 190 4314 ἰ
206 4266 369 4341 ἐνθυμεῖσθαι
388 4267 488 4334 πάντας
508 4271 543 4336 ῶς
563 4270 676 4328 οὑταῦτ’
696 4269 752 4326 ἔστι
774 4265 807 4324 τὰ
825 4267 949 4326 πλείστου

122 4372 149 4413 ιε
178 4378 190 4402 ι
206 4353 265 4420 ἀξια
284 4356 310 4410 έν
330 4362 387 4422 ταῖς
406 4355 522 4415 πόλεσιν.
566 4354 636 4414 Ούτε
653 4355 703 4435 γθρ
724 4357 751 4412 έν
772 4354 825 4421 τοῖς
845 4355 950 4426 ὀθνείοις

176 4441 326 4515 επολέμοις
351 4443 394 4510 τάς
416 4442 520 4522 βαθείας
542 4444 654 4525 τάφρους
668 4441 713 4502 καί
733 4441 767 4500 τθ
786 4443 873 4520 ὑψηλὰ
892 4446 948 4523 ἐρύ-

176 4556 188 4579 s
206 4551 278 4603 ματα
300 4530 377 4589 ίκανά
400 4523 464 4590 εἶναι
497 4535 550 4598 τοῖς
570 4530 640 4591 ἔνδον
674 4531 833 4608 ἀπράγμονα
857 4555 948 4606 σωτη-

176 4645 188 4665 .
206 4617 264 4696 ρίας
287 4618 415 4698 ὑποληψιν
441 4623 606 4698 παρασχεῖν,
627 4619 688 4677 ἀλλ’
707 4620 734 4678 έν
758 4642 783 4678 τι
804 4619 883 4693 μόνον
901 4623 946 4699 έγ-

176 4734 187 4751 ·
203 4711 324 4783 γοᾶσθαι,
337 4706 368 4764 τὸ
382 4706 463 4782 μηδέν
478 4706 503 4774 ἐξ
523 4709 665 4786 ίπιόρομῆς
682 4705 764 4766 κακδν
780 4708 825 4764 ὑπ’
848 4711 946 4789 ἐχθρῶν

119 4805 145 4852 alr
175 4819 186 4838 α
205 4793 296 4850 παθεῖν
304 4793 582 4874 προκαταληφθέντας,
593 4793 648 4854 οὗθ’
658 4791 720 4853 ὅταν
731 4794 851 4872 ἐμφύλιοι
860 4818 945 4876 ταρα-

173 4879 247 4956 ·χαί
265 4879 296 4937 τθ
321 4880 405 4939 κοινὸν
433 4879 604 4962 κατάσχωσι,
623 4886 675 4942 τῶν
703 4882 776 4941 ἰδίων
802 4880 880 4940 οίκων
900 4889 945 4945 καὶ

171 4990 183 5013 a
202 4964 410 5041 ίνδιαιτημάτων
430 4966 639 5048 τθςκαταφυγθς
655 4969 785 5050 ὑπάρχειν
810 4969 860 5029 τινί
871 4974 941 5033 ἀκιν·

170 5080 182 5104 ε
199 5052 298 5122 δύνους.
350 5057 454 5135 Σχολῆς
491 5059 539 5137 γδιρ
562 5061 705 5140 ἀνθρώποις
725 5063 806 5116 ταῦτα
828 5059 871 5117 καλ
893 5065 941 5141 βφ-

169 5167 181 5188 ·
194 5140 293 5214 στόινης
315 5142 379 5223 βίοιν
399 5147 525 5224 εὑρῆσθαι
545 5146 715 5226 παραμύθια,
740 5142 798 5222 μεθ’
820 5134 856 5201 ὧν
885 5147 942 5208 ούτι

1042 499 1074 547 ll.
1093 499 1173 547 AEtale
1201 511 1260 547 aero
1287 510 1331 548 ιιιι
1352 499 1407 560 post
1431 495 1523 546 bellum
1544 497 1674 546 Troianum
1702 497 1790 548 Albani

1012 607 1144 665 utrumque
1169 602 1235 652 lrune
1264 601 1347 652 loeum
1368 615 1440 652 muro
1468 602 1583 666 romaque
1610 603 1789 654 communitum

1011 706 1124 757 lralritare
1140 709 1284 770 eruperunt.
1323 705 1361 756 liri
1382 709 1465 756 autem
1494 705 1525 754 ad
1547 703 1573 756 id
1595 719 1672 767 usque
1692 709 1791 771 tempus

1009 813 1107 863 lueraut
1114 812 1210 864 stabula
1217 815 1382 864 armentorum
1392 816 1417 863 et
1425 816 1564 864 ceterorum
1574 815 1701 876 pastorum
1709 813 1792 866 direr-

1010 913 1076 964 suria
1085 913 1152 976 quod
1171 926 1231 977 ager
1243 913 1283 964 illa
1296 927 1343 964 non
1358 912 1438 964 solum
1453 913 1548 964 triberni
1563 913 1607 964 sed
1617 913 1691 966 ctiam
1709 914 1791 987 eastirl

1010 1019 1091 1084 pabuli
1107 1020 1216 1082 copiam,
1237 1022 1336 1084 prepter
1360 1018 1448 1069 llurios
1462 1019 1542 1084 ipsum
1564 1019 1746 1083 refrigerantes,
1765 1023 1792 1071 et

1009 1123 1147 1187 irrigantes,
1157 1123 1254 1175 abunde
1267 1123 1441 1187 suppeditaret.
1475 1126 1596 1176 Albanum
1615 1128 1700 1175 autem
1714 1138 1792 1186 genus

1010 1229 1117 1279 mixtum
1134 1234 1188 1280 erat
1202 1243 1233 1283 ex
1255 1230 1392 1280 Arcadibus
1406 1235 1430 1280 et
1453 1232 1524 1295 Epris
1537 1246 1566 1283 cr
1582 1232 1650 1288 Ellrla
1672 1232 1790 1296 prefectis

1010 1444 1107 1503 captam
1124 1442 1188 1494 duee
1201 1444 1277 1492 AEnea
1288 1442 1401 1492 ltnelrlsru
1415 1447 1440 1493 et
1457 1442 1560 1494 Veneris
1572 1443 1622 1494 silio
1644 1442 1670 1493 iu
1688 1444 1785 1494 ltaliam

1008 1551 1134 1600 venerant.
1167 1546 1307 1597 verisimile
1322 1550 1404 1596 autem
1421 1550 1459 1596 est
1473 1546 1569 1609 aliquus
1579 1547 1654 1596 etiam
1668 1545 1787 1596 barbares

1009 1666 1041 1703 ex
1064 1650 1152 1703 accolis
1169 1656 1212 1701 aut
1232 1652 1318 1715 priscis
1341 1650 1433 1702 colonis
1458 1651 1574 1716 reliquos,
1609 1664 1666 1700 eum
1693 1648 1786 1700 uraecis

1009 1769 1065 1807 esse
1076 1756 1221 1821 permixtos.
1257 1757 1351 1804 llomm
1372 1759 1455 1804 autem
1474 1755 1584 1804 omnium
1599 1765 1728 1804 commone
1741 1764 1788 1801 uo·
1814 1724 1817 1731 ¹

1009 1860 1122 1911 mensuit
1136 1859 1295 1920 Latinorum,
1310 1859 1444 1911 deductum
1466 1873 1480 1908 a
1501 1860 1589 1911 Latino
1603 1858 1668 1908 illins
1684 1854 1791 1919 regionis

1010 1976 1083 2028 rege,
1104 1961 1194 2027 priscis
1216 1962 1366 2025 singularum
1380 1961 1488 2025 gentium
1505 1961 1708 2026 appellationibus
1728 1960 1790 2011 eub-

1016 2072 1082 2125 latis.
1115 2073 1151 2122 Ab
1172 2071 1212 2122 his
1238 2072 1313 2133 igitur
1328 2070 1442 2134 gentibus
1467 2070 1528 2120 urbs
1547 2070 1646 2121 condita
1666 2073 1705 2120 est
1725 2082 1790 2120 anuo

1010 2179 1114 2228 ccxxxii
1137 2179 1193 2241 post
1215 2176 1314 2226 Troiam
1340 2178 1453 2239 captam,
1475 2174 1613 2239 olympiada
1630 2187 1674 2232 ru.
1714 2174 1787 2225 colo·

1011 2283 1058 2333 nim
1075 2286 1159 2333 autem
1172 2281 1248 2332 duces
1263 2281 1364 2332 luerunt
1377 2279 1468 2345 gemini
1482 2281 1569 2329 tratres
1582 2277 1643 2341 regii
1655 2276 1790 2340 sauguinis,

1014 2401 1119 2451 quorum
1143 2385 1206 2436 alter
1226 2385 1359 2445 Romulus,
1387 2384 1450 2435 aller
1468 2385 1559 2434 Remus
1577 2382 1720 2444 vocabatur,
1735 2395 1789 2432 ma-

1011 2496 1081 2544 terno
1107 2505 1195 2556 genere
1216 2489 1364 2540 Dardanidae
1383 2488 1481 2539 oriumli
1507 2488 1537 2538 ab
1566 2489 1651 2539 AEnea.
1693 2486 1742 2538 Sed
1759 2500 1788 2538 ex

1013 2616 1063 2666 quo
1077 2605 1147 2663 patre
1158 2660 1161 2666 .
1167 2600 1284 2664 progeniti
1305 2599 1412 2658 tuerint,
1439 2597 1537 2650 uilueue
1556 2600 1596 2648 est
1618 2596 1712 2662 aliquid
1726 2594 1788 2647 certi

1012 2707 1120 2770 proferre
1135 2723 1141 2752 z
1160 2704 1203 2754 sed
1218 2704 1320 2754 itomaui
1332 2702 1378 2754 'ees
1389 2703 1475 2754 Martis
1495 2702 1557 2754 filios
1572 2715 1627 2754 esse
1638 2714 1783 2767 persuasum

1011 2809 1112 2860 habent.
1146 2812 1198 2858 lton
1210 2811 1293 2858 tumen
1306 2807 1379 2857 ambo
1390 2810 1575 2872 permanserunt
1590 2803 1791 2868 retentatores,

1012 2913 1180 2965 controversia
1197 2913 1228 2964 de
1250 2912 1386 2976 principatu
1405 2911 1469 2961 inter
1484 2925 1527 2961 eos
1544 2914 1631 2961 exorta
1651 2930 1657 2960 ι
1675 2910 1719 2962 sed
1741 2913 1790 2962 lio·

1011 3020 1108 3079 mulus,
1134 3019 1211 3070 allero
1237 3017 1363 3081 inpugna
1385 3030 1465 3080 caeso,
1492 3021 1618 3080 superstes
1642 3017 1711 3067 urbis
1729 3030 1790 3067 eou-

1010 3129 1076 3179 ditor
1098 3129 1158 3187 luit,
1186 3139 1289 3189 eamque
1307 3126 1338 3176 de
1369 3139 1414 3175 suo
1443 3125 1539 3175 nomine
1564 3124 1704 3188 appellarit.
1740 3124 1789 3177 Oe·

1012 3241 1092 3288 terum
1121 3249 1239 3286 numerus
1257 3248 1343 3285 eorum
1365 3234 1409 3296 qui
1431 3232 1540 3284 eiusdem
1566 3233 1667 3282 roloniae
1688 3230 1788 3297 partiri·

1009 3357 1054 3410 pes
1069 3344 1180 3405 luerunt,
1196 3351 1254 3394 eum
1262 3342 1382 3407 principio
1395 3343 1467 3393 multi
1483 3356 1539 3393 eum
1553 3343 1588 3393 eis
1599 3341 1725 3402 exiissent,
1736 3340 1787 3391 eni-

1009 3467 1085 3517 ssuum
1099 3453 1222 3514 restabat,
1241 3454 1289 3504 tria
1307 3452 1419 3516 peditum
1433 3451 1508 3501 millia
1524 3455 1550 3501 el
1562 3450 1665 3500 trecenti
1680 3449 1785 3513 equites.

1038 3564 1082 3614 lll.
1100 3567 1175 3613 Fossa
1186 3564 1261 3626 igitur
1271 3563 1302 3612 ab
1314 3563 1361 3612 illis
1371 3563 1480 3627 perlecta
1492 3567 1517 3612 et
1529 3562 1662 3611 munitione
1674 3559 1786 3612 absoluta

1008 3663 1168 3727 aedificiisque
1191 3676 1235 3726 pro
1258 3664 1372 3727 presenti
1391 3662 1536 3712 necessitate
1558 3662 1706 3721 exstructis,
1729 3674 1787 3710 cum

992 3766 1103 3827 ‚tempus
1117 3764 1164 3812 iam
1182 3763 1329 3826 postularet,
1349 3767 1377 3814 ut
1395 3762 1557 3826 dispicerelur
1578 3775 1626 3824 qua
1643 3761 1784 3823 reipublice

1006 3866 1084 3915 turma
1100 3864 1218 3914 utendum
1236 3869 1313 3924 esset,
1332 3864 1449 3914 Romulos
1465 3867 1598 3912 convocata
1610 3863 1726 3912 eorreioue
1741 3860 1783 3914 uri

1006 3967 1110 4016 materni
1122 3967 1226 4023 monitu,
1237 3971 1264 4016 el
1286 3965 1316 4015 ab
1335 3979 1365 4016 eo
1376 3965 1434 4028 quiid
1446 3968 1511 4014 esset
1523 3964 1653 4014 dicendum
1671 3966 1783 4025 edoctus,

1004 4066 1066 4118 dixit
1078 4085 1085 4116 ι
1099 4087 1111 4110 ι
1123 4066 1208 4117 urbem
1225 4068 1250 4116 et
1268 4065 1372 4129 publicis
1388 4070 1413 4114 et
1423 4066 1525 4128 privatis
1531 4064 1649 4125 edificiis,
1661 4069 1688 4116 ut
1698 4079 1783 4116 reeens

1005 4188 1017 4214 α
1031 4170 1163 4228 οουθίῑειιι,
1175 4170 1289 4218 salisase
1301 4171 1411 4217 ornatam
1423 4181 1475 4218 esse
1483 4188 1489 4229 ς
1498 4178 1584 4218 ornnes
1593 4171 1675 4218 autem
1688 4171 1783 4232 rogarit

1004 4291 1016 4315 a
1032 4272 1134 4323 utillud
1150 4271 1294 4334 cogitarent,
1308 4270 1447 4335 reipublicae
1470 4283 1590 4320 summam
1608 4272 1633 4321 iu
1656 4270 1694 4320 liis
1708 4270 1782 4329 rebus

1004 4392 1016 4413 «ι
1031 4386 1079 4421 uon
1098 4385 1152 4421 esse
1178 4372 1262 4420 sitam.
1299 4371 1383 4433 Neque
1394 4370 1458 4420 enirn
1473 4371 1499 4420 iu
1512 4371 1582 4422 bellis
1593 4371 1701 4421 externis
1723 4383 1780 4433 pru·

1003 4488 1015 4513 a
1031 4468 1119 4519 fundas
1135 4469 1213 4519 iussas
1226 4467 1323 4530 altaque
1343 4468 1495 4518 munimenta
1512 4469 1638 4519 satisesae
1648 4467 1733 4518 idonee
1746 4467 1778 4518 ad

1003 4586 1015 4608 «ι
1031 4565 1139 4628 quietam
1154 4564 1241 4615 salutis
1255 4577 1349 4614 secure
1361 4578 1429 4628 spem
1443 4563 1529 4615 ineolis
1550 4564 1714 4623 atterendam,
1732 4563 1778 4612 sed

1002 4686 1014 4710 o
1029 4665 1077 4717 hoe
1094 4680 1170 4717 unum
1183 4667 1300 4730 polliceri,
1311 4667 1434 4730 repentina
1454 4666 1561 4717 hostium
1575 4666 1712 4717 incursione
1729 4675 1776 4726 op-

1001 4783 1013 4806 u
1026 4776 1126 4827 presses
1139 4763 1234 4814 cladem
1243 4763 1335 4814 nullam
1347 4767 1491 4826 accepturos
1505 4774 1601 4824 sueque
1611 4798 1617 4820 ,
1629 4760 1650 4808 si
1666 4758 1777 4810 intestini

1002 4879 1013 4901 a
1029 4861 1152 4911 turnultus
1171 4860 1196 4910 in
1216 4861 1339 4924 republica
1359 4861 1437 4910 exorti
1460 4859 1565 4917 luerint,
1587 4855 1695 4917 privatas
1709 4854 1776 4910 εσθαι

1000 4981 1012 5005 α
1028 4964 1053 5012 et
1064 4962 1186 5010 domicilia
1198 4963 1314 5025 cuiquam
1334 4962 1457 5021 retugium
1479 4958 1538 5006 satis
1556 4960 1636 5005 tulum
1652 4955 1773 5018 prebere.

998 5079 1010 5103 a
1027 5059 1154 5108 advitam
1177 5059 1241 5109 enim
1265 5059 1346 5122 quiete
1367 5062 1399 5123 et
1412 5054 1540 5117 tranquille
1559 5053 1693 5116 degendam
1718 5055 1774 5106 hee

999 5177 1011 5200 a
1026 5156 1138 5206 subsidia
1160 5160 1185 5206 et
1198 5157 1285 5206 solatia
1302 5156 1553 5216 iuventutemque
1575 5167 1655 5217 neque
1673 5155 1772 5205 insidias
