3772 5828
176 363 237 420 ets

175 492 307 564 λούθησαν
320 490 365 551 καλ
379 492 572 570 Ταρκυνιῆται,
586 487 632 548 καί
646 489 798 547 τελευτῶσα
821 493 847 548 ἓν
863 488 953 555 ὅπλοις

176 573 209 655 ἀν
221 580 302 641 ἀπασ’
315 585 332 654 ἡ
347 578 494 660 Τυρρηνία.
538 569 624 644 otto<
645 581 659 636 ό
674 575 789 651 πόλεμος
808 574 890 636 είκοαι
905 575 956 635 διέ-

178 693 267 748 μεινεν
279 671 324 742 ἔτη
338 673 453 748 συνεχῶς
462 667 669 744 πολεμούμενος,
682 665 804 734 είσόολάς
813 689 843 724 τε
855 664 956 732 πολλάς

178 759 334 841 ἀμφοτέροιν
349 759 472 835 μεγάλοις
484 754 666 836 στρατεύμασι
679 754 842 830 ποιουμένων
855 756 891 821 είς
906 754 955 825 τὴν

138 862 152 901 b
179 847 300 919 ἀλλήλων
316 847 360 905 καί
372 842 531 924 παρατάξεις
546 842 628 909 tite<
642 845 682 901 ἀπ’
698 842 957 919 ἀλλαιςσυνισταμέ·

177 922 242 998 νων.
284 935 332 996 Ἐν
340 934 454 999 άπάσαις
462 932 488 991 δέ
496 939 554 998 ταῖς
564 927 957 1010 μάχαιςκοιτορθῶνόΤύλλιος,

178 1021 237 1084 θααι
249 1023 318 1084 κατὰ
326 1025 414 1088 πόλεις
424 1044 452 1079 τε
462 1020 507 1078 καὶ
517 1021 581 1100 πρὸς
591 1019 651 1077 ὅλον
666 1020 737 1099 αὐτῷ
745 1017 776 1077 τδ
787 1016 856 1087 έθνος
866 1017 958 1077 συνέσ-

178 1137 280 1184 τησαν,
296 1110 341 1169 καὶ
360 1111 443 1187 τρισὶν
466 1108 681 1190 ἐπιφανεστάτοις
703 1107 842 1181 κοσμηθεὶς
861 1107 956 1187 θριάμ-

179 1199 242 1275 όοις,
255 1201 382 1258 τελευτῶν
399 1196 534 1274 ἠνάγκασε
548 1195 608 1262 τοθς
620 1199 667 1254 οὐκ
681 1195 812 1263 ἀξιοῦντας
829 1195 958 1275 ἀρχεσθαι

127 1317 152 1356 10
178 1287 222 1346 τὸν
249 1286 358 1367 χαλινὸν
380 1286 486 1351 ἑκόντας
511 1284 613 1344 λαθεῖν.
659 1285 780 1364 Εἰκοστῷ
794 1287 817 1343 δ’
833 1277 877 1344 οῦν
905 1284 959 1344 ἔτει

179 1379 350 1436 συνελθοῦσαι
372 1375 452 1434 πάλιν
475 1376 501 1432 ui
518 1373 620 1432 δώδεκα
634 1371 737 1446 πόλεις,
759 1373 958 1451 ἐξανηλωμέναι

70 1530 73 1536 ,
178 1468 217 1546 τῷ
232 1463 342 1546 πολέμῳ
365 1463 400 1521 τά
414 1485 443 1521 τε
460 1463 573 1540 σιίματα
590 1461 635 1522 καί
652 1460 687 1521 sd
699 1461 829 1542 χρήματα
849 1462 958 1540 γνώμην

180 1554 259 1634 ίσχον
277 1554 442 1632 παραδοῦναι
457 1549 602 1629 Ῥωμαίοις
622 1550 671 1625 τὴν
683 1552 847 1630 Ιἡγεμονίαν,
862 1554 904 1634 ἀφ’
922 1544 959 1618 οἷς

179 1643 304 1723 πρότερον
320 1641 492 1723 έψηφίσαντο.
536 1639 591 1701 Καί
605 1644 728 1719 παρῆσαν
742 1641 794 1700 ἀπὸ
810 1641 899 1713 πάσης
912 1640 959 1700 πό-

129 1757 154 1797 ιε
180 1730 245 1796 λευες
258 1731 283 1788 οί
303 1727 527 1810 προχειρισθέντες
540 1725 588 1786 σὺν
602 1727 760 1807 ἱκετηρίαις,
779 1726 960 1809 ἐπιτρέποντες

180 1818 289 1898 Τυλλίῳ
304 1817 352 1886 nd<
373 1820 461 1885 πολιις
483 1820 528 1878 καί
548 1817 630 1894 μηδὲν
655 1817 798 1889 ἀνήκεστον
821 1820 960 1897 βουλεῦσαι

182 1911 244 1987 περὶ
256 1911 342 1968 αὐτῶν
358 1905 499 1975 ἀξιοῦντες.
541 1905 654 1973 Τύλλιος
669 1906 697 1965 δέ
716 1909 763 1978 τῆς
779 1904 826 1980 μὲν
841 1906 959 1986 ἀφροσύ-

180 2019 226 2067 νης
248 1994 324 2057 ἕνεκα
349 1995 408 2063 καίΙ
421 1999 473 2054 τῶν
489 1998 526 2061 είς
540 1993 601 2061 τοὺς
615 1993 687 2061 θεοὺς
707 1993 901 2071 ἀσιόημάτων,
916 1995 960 2063 οθς

180 2083 308 2164 ε’γγυητάς
323 2083 498 2160 ποιησάμενοι
516 2085 567 2141 τῶν
581 2083 726 2160 ὁμολογιῶν
748 2080 906 2162 παρέόησαν
925 2084 959 2142 τὰ

70 2176 73 2181 ’
127 2206 155 2247 20
181 2181 350 2253 συγκείμενα,
361 2173 466 2232 πολλῶν
478 2169 571 2238 αὐτοὺς
585 2171 635 2252 έφη
648 2173 780 2250 τιμωριῶν
794 2170 880 2241 ἀξίους
892 2161 958 2232 εἶναι

180 2262 226 2323 καλ
238 2263 377 2338 μεγάλων·
390 2263 437 2333 τῆς
449 2259 476 2319 δὲ
489 2258 634 2337 Ῥωμαίων
646 2261 786 2328 ἐπιεικείας
799 2260 844 2320 καὶ
854 2261 958 2342 μετριό·

180 2373 274 2427 τητος,
290 2347 381 2421 ἀπειδὴ
393 2348 545 2426 συγγνόντες
558 2349 656 2407 ἀδικεῖν
672 2348 807 2424 στέμμασι
820 2355 865 2409 καὶ
880 2353 957 2409 λιτα-

179 2438 260 2506 νείαις
281 2443 446 2518 παρῃτοῦντο
463 2437 511 2508 τὴν
534 2436 631 2518 ἀργὴν,
646 2435 720 2497 οὐδέν
742 2440 768 2497 έν
789 2442 827 2520 τῷ
851 2440 960 2520 παρόντι

182 2526 335 2608 ἀτυχήσειν.
379 2529 462 2587 ’Ταῦτ’
478 2524 568 2598 είπὼν,
587 2528 749 2586 καταλύεται
762 2524 806 2586 τόν
826 2527 892 2607 πρὸς
912 2528 961 2586 αθ·

126 2649 153 2688 25,
180 2614 239 2684 τοὶις
256 2614 386 2694 πόλεμον,
411 2617 469 2683 ταῖς
489 2616 537 2692 μὲν
553 2616 646 2684 ἀλλαις
668 2615 775 2676 πόλεσιν
800 2617 891 2684 ἁπλῶς
914 2615 961 2676 καί

180 2703 242 2786 δίχα
257 2709 336 2785 ὀργῆς
357 2704 520 2781 μνησικάκου
536 2704 719 2764 πολιτεύεσθαί
734 2704 905 2779 τε-ἀποδοὺς,
925 2709 966 2778 ῶς

180 2793 318 2874 πρότερον,
334 2794 379 2852 καλ
396 2791 428 2852 τά
449 2791 503 2851 ίδια
522 2796 685 2872 καρποῦσθαι
700 2795 839 2870 μενούσαις
853 2797 879 2852 έν
903 2798 960 2861 ταῖς

180 2882 334 2961 γραφείσαις
348 2881 412 2959 πρὸς
425 2883 507 2947 αὐτάς
521 2881 661 2948 συνθήκαις
674 2880 725 2939 θπὸ
741 2881 870 2961 βασιλέως
888 2884 960 2963 Ταρ-

182 2972 284 3031 κυνίου·
310 2972 379 3051 τρεῖς
401 2969 424 3030 δ’
438 2970 464 3038 ἐξ
480 2971 567 3029 αὐτῶν
589 2969 692 3041 πόλεις,
719 2968 748 3028 αθ
770 2967 961 3050 προεξανέστη-

126 3094 154 3135 ³0
184 3058 234 3119 σάν
256 3083 285 3119 τε
308 3061 354 3119 καί
374 3057 420 3125 τὰς
440 3058 523 3125 ἄλλας
546 3057 712 3136 ὑπηγάγοντο
733 3058 802 3116 κατά
816 3055 960 3132 Ῥωμαίων

183 3147 322 3227 ίξενεγκεῖν
337 3148 380 3207 τόν
390 3149 521 3221 πόλεμον,
537 3144 717 3224 Καιρητανοὺς
731 3143 777 3204 καὶ
789 3145 962 3212 Οὐῑεντανοὺς

182 3239 227 3297 καὶ
242 3237 427 3317 Ταρκυνιήτας
441 3234 560 3313 [ταύτας]
575 3232 712 3312 ἀφαιρέσει
731 3234 821 3315 χώρας
840 3256 961 3313 τιμωρη-

182 3326 310 3400 σάμενος,
326 3325 359 3395 ἣν
384 3323 617 3404 κατεκληρούχησε
637 3321 781 3401 Ῥωμαίων
794 3331 848 3391 τοῖς
867 3323 961 3382 νεωστί

180 3415 388 3495 προσεληλυθόσι
404 3414 469 3492 πρὸς
480 3412 527 3484 τὴν
543 3411 690 3473 πολιτείαν.
733 3415 828 3473 Ταῦτα
845 3413 960 3492 διαπρα·

127 3522 153 3563 τε
182 3501 291 3579 ξάμενος
315 3505 341 3560 έν
359 3502 448 3579 εἰρήνη
471 3523 500 3559 τε
523 3500 568 3559 καὶ
589 3499 657 3559 κατὰ
671 3501 815 3578 πολέμους,
827 3502 872 3559 καὶ
886 3500 960 3566 ναοὺς

182 3593 226 3654 δύο
247 3592 513 3668 κατασκευασάμενος
537 3590 643 3669 Τύχης,
666 3580 686 3663 ᾖ
706 3589 779 3670 παρὰ
804 3589 891 3649 πάντα
917 3589 960 3648 τὸν

183 3680 238 3760 βίον
255 3680 339 3748 ἔδοξεν
361 3683 445 3760 ἀγαθῇ
461 3684 625 3760 κεχρῆσθαι,
641 3679 685 3739 τδν
700 3679 748 3755 μέν
768 3683 794 3740 ἐν
812 3686 895 3762 ἀγορᾷ
910 3702 959 3739 κα·

181 3770 293 3850 λουμένῃ
313 3769 424 3849 Βοαρίᾳ,
436 3768 481 3848 ιτὸν
495 3771 517 3825 δ’
531 3769 618 3847 ἕτερον
632 3768 676 3826 tat
690 3776 748 3835 ταῖς
763 3767 835 3841 ἠῖόσι
846 3774 893 3826 τοῦ
913 3771 961 3829 Τι-

182 3857 284 3936 όέριος,
311 3859 343 3929 ἣν
365 3859 486 3937 ἀνδρείαν
502 3857 727 3936 προσηγόρευσεν,
737 3859 772 3923 ὡς
791 3856 837 3914 καί
851 3861 896 3915 νῦν
911 3856 962 3917 ὑπό

127 3965 155 4006 tu
182 3943 324 4021 ‘Perpetietur
340 3947 475 4018 καλεῖται,
490 3944 594 4017 ἡλικίας
608 3965 636 4002 τε
652 3943 825 4021 προόεόηκὼς
839 3947 882 4004 ἐπὶ
894 3946 961 4006 πολὺ

183 4033 228 4091 καλ
243 4038 289 4103 τῆς
315 4032 383 4092 κατά
408 4034 484 4114 φύσιν
512 4036 634 4104 τελευτῆς
656 4033 685 4090 οὖ
709 4034 812 4112 μακράν
838 4034 960 4112 ἀπέχειν,

185 4119 376 4188 ίπιόουλευθείς
390 4122 439 4180 ὑπὸ
454 4120 601 4202 Ταρκυνίου
619 4145 647 4180 τε
661 4127 706 4180 τοῦ
722 4120 845 4200 γαμόροῦ
856 4121 901 4179 καί
915 4125 961 4192 τῆς

181 4213 275 4270 ἑαυτοῦ
293 4211 417 4290 θυγατρός
449 4212 618 4282 ἀποθνήσκει.
662 4213 830 4287 Διηγηοομαι
860 4208 886 4267 δέ
915 4208 960 4267 καί

180 4304 227 4372 τῆς
241 4298 380 4367 ἐπιόουλῆς
402 4300 445 4357 τὀν
461 4299 555 4379 τρόπον
577 4298 659 4377 μικρά
682 4301 733 4356 τῶν
758 4297 902 4379 ἔμπροσθεν
917 4319 961 4375 γε·

128 4408 154 4446 ιε
181 4388 294 4466 νομένων
310 4385 460 4445 sociacus.

222 4477 355 4538 xxttlt.
380 4465 469 4535 Ἦσαν
486 4478 523 4556 τῷ
539 4477 645 4558 Τυλλίῳ
658 4476 704 4537 δύο
716 4476 855 4558 θυγατέρες
869 4480 899 4539 ἐκ
910 4502 960 4556 γυ-

181 4565 268 4633 ναικὸς
293 4564 430 4643 γενόμεναι
453 4565 617 4644 Ταρκυνίας,
645 4566 678 4638 ἣν
710 4567 863 4645 ἐνεγγύησεν
890 4569 961 4647 αὐτῷ

184 4652 304 4735 βασιλεὺς
321 4652 476 4734 Ταρκύνιος.
535 4656 642 4720 Ταύτας
657 4655 705 4723 τὰς
725 4658 804 4733 κόρας
818 4656 961 4731 ἐπιγάμους

182 4741 321 4822 γενομένας
344 4743 478 4801 ἐκδίδωσιν
497 4743 549 4809 τοῖς
565 4744 711 4822 ἀδελφιδοῖς
735 4748 782 4812 τῆς
797 4743 895 4822 μητρὸς
909 4743 960 4799 αὖ·

130 4857 156 4896 ω
182 4836 245 4904 τῶν,
269 4837 369 4899 υἱωνοῖς
393 4832 419 4890 δὲ
443 4832 609 4908 Ταρκυνίου,
626 4837 664 4911 τῷ
683 4856 710 4891 τε
728 4832 898 4911 πρεσόυτέρῳ
912 4835 960 4904 τήν

183 4921 363 5002 πρεσόυτέραν
386 4922 505 5003 ἁρμόσας
519 4922 563 4978 καί
578 4926 616 4999 τῷ
630 4920 748 5002 νεωτέρῳ
759 4921 807 4993 τὴν
818 4919 959 4997 νεωτέραν·

182 5004 262 5072 οίίτως
276 5011 389 5084 οἰόμενος
402 5012 483 5076 αὐτόις
490 5008 604 5085 μάλιστα
620 5011 785 5069 συνοίσεσθαι
796 5017 849 5074 τοῖς
863 5006 960 5065 λαόοῦ-

183 5114 235 5150 σιν.
277 5087 378 5171 Ἔτυχε
395 5098 422 5155 δέ
436 5102 488 5156 τῶν
505 5096 632 5175 γαμύρῶν
649 5096 768 5175 ἑκάτερος
782 5095 888 5173 έναντίορ
902 5115 962 5151 συν-

185 5177 273 5260 αφθελς
287 5183 359 5258 ψυχῇ
378 5185 447 5242 κατὰ
468 5184 516 5253 τὴν
531 5185 578 5261 οὐχ
596 5187 770 5262 ὁμοτροπίαν·
786 5182 890 5259 Λευκίῳ
912 5181 961 5256 μὲν

677 402 680 411 .
704 355 869 417 thNYstt
892 352 1269 417 tinniunttttnsstmsls

1008 500 1034 546 et
1045 495 1144 547 tandem
1158 499 1210 546 tuta
1228 495 1327 546 Etruria
1344 489 1369 544 in
1385 495 1461 546 armis
1478 495 1534 546 rute
1568 497 1622 547 Hoc
1638 494 1731 547 bellum
1745 487 1792 562 per

1009 592 1139 643 continuus
1147 606 1182 641 xx
1190 605 1266 642 annos
1279 592 1332 642 sine
1339 591 1389 642 ulta
1396 591 1577 642 intermissione
1587 595 1685 656 gestum
1696 598 1753 659 est;
1764 602 1790 650 et

1009 689 1108 753 utrique
1126 703 1184 739 eum
1199 689 1294 753 magnis
1307 689 1384 753 copiis
1397 690 1489 740 multas
1499 690 1649 755 irruptiones
1661 693 1686 743 ia
1700 707 1790 759 agrum

1010 785 1125 838 hostilem
1142 787 1269 847 iecerunt,
1284 792 1309 837 et
1326 788 1419 853 saepius
1435 788 1531 838 collatis
1547 789 1623 853 signis
1637 799 1787 856 pugnarunt,

1011 885 1076 934 Cum
1088 887 1171 934 autem
1190 885 1216 934 in
1227 882 1342 934 omnibus
1360 885 1455 948 prmbis
1471 889 1497 937 et
1509 901 1567 937 eum
1580 889 1684 952 singuiis
1704 892 1790 944 cirita·

1011 980 1079 1032 tibus
1091 985 1118 1033 et
1129 996 1185 1032 eum
1197 986 1250 1032 tota
1262 988 1334 1047 gente
1348 984 1498 1046 commissis,
1512 985 1607 1037 Tattius
1618 999 1671 1037 rem
1688 987 1790 1037 teticiter

1011 1082 1141 1148 gessisset,
1154 1085 1180 1132 et
1190 1083 1271 1133 tribus
1290 1083 1432 1135 clarissimis
1450 1084 1584 1151 triumphis
1600 1089 1702 1138 orantus
1714 1091 1790 1150 esset,

1012 1181 1113 1232 tandem
1125 1196 1184 1243 eos,
1198 1183 1243 1246 qui
1255 1182 1387 1247 imperimn
1407 1184 1591 1248 detrectabant,
1615 1190 1701 1251 sponte
1722 1188 1791 1240 trees

1012 1287 1122 1352 recipere
1136 1287 1225 1351 coegit.
1259 1287 1383 1352 Vigesimo
1397 1289 1471 1353 igitur
1488 1305 1566 1351 anno,
1579 1290 1709 1343 duodecim
1724 1291 1791 1342 ciri·
1840 1323 1842 1329 ,

1012 1386 1076 1436 tates
1096 1383 1122 1434 in
1144 1384 1226 1463 ¹tutius
1245 1385 1324 1448 gentis
1347 1387 1463 1449 esuritio,
1485 1388 1544 1441 riris
1569 1391 1595 1441 et
1615 1389 1704 1454 opibus
1725 1389 1790 1440 betto

1012 1483 1179 1548 consumptis,
1197 1484 1359 1536 decreverunt
1377 1486 1409 1537 ad
1430 1487 1549 1552 populum
1565 1491 1701 1540 itomanam
1721 1489 1793 1554 prin·

1012 1584 1121 1645 cipetum
1139 1582 1280 1635 deferretis
1297 1583 1494 1648 conditionibus,
1512 1586 1603 1653 quibus
1624 1588 1672 1639 iam
1693 1593 1750 1639 ante
1765 1590 1791 1642 td

1012 1683 1183 1734 decreverant.
1215 1687 1297 1742 Qtrarc
1320 1698 1352 1736 ex
1377 1684 1480 1748 singuiis
1502 1685 1646 1737 civitatibus
1667 1687 1791 1752 supplices

1013 1786 1135 1835 renerent
1148 1782 1250 1843 delecti,
1266 1789 1294 1835 ut
1308 1784 1382 1836 urbes
1393 1785 1473 1837 Tullio
1485 1785 1604 1838 dederent
1617 1788 1643 1837 et
1657 1800 1716 1839 eum
1730 1801 1788 1839 ora·
1839 1771 1843 1777 ⁴

1013 1888 1067 1935 rent
1081 1896 1112 1934 ne
1130 1883 1190 1946 quid
1206 1885 1342 1947 graviusin
1357 1898 1384 1936 se
1405 1888 1533 1937 statueret.
1567 1889 1600 1936 nt
1614 1887 1710 1940 Tullius
1725 1888 1793 1952 ipsos

1012 1986 1045 2035 ub
1060 1996 1131 2034 suem
1145 1982 1295 2034 dementiam
1310 1991 1336 2034 et
1360 1984 1567 2047 contemptionem
1587 1985 1705 2048 deornm,
1728 2001 1793 2050 quos

1015 2080 1136 2132 toederum
1155 2084 1233 2132 testes
1251 2085 1277 2132 et
1290 2093 1419 2147 sponsores
1437 2081 1557 2143 tererent,
1577 2086 1705 2134 ettamen
1717 2086 1792 2148 pacta

1013 2180 1147 2241 nomast,
1170 2180 1255 2232 multis
1267 2183 1292 2231 et
1309 2179 1424 2244 μετίοιεν
1432 2179 1558 2247 suppliciis
1568 2179 1655 2246 dignos
1664 2195 1721 2232 esse
1734 2195 1792 2234 res·

1013 2286 1099 2352 pendit
1125 2304 1131 2337 :
1149 2300 1236 2337 rerum
1254 2289 1418 2338 Romanorum
1430 2285 1572 2350 euuimtem
1584 2289 1610 2338 et
1621 2285 1789 2346 elementiam,

1014 2384 1131 2449 quonism
1146 2384 1228 2450 agnita
1251 2383 1341 2434 iniuria
1359 2398 1405 2434 sua
1418 2397 1474 2434 eum
1488 2380 1557 2435 vittis
1577 2387 1602 2434 et
1619 2383 1709 2434 ceteris
1729 2396 1791 2447 sup·-

1014 2472 1105 2551 'pncum
1131 2484 1264 2548 insignibus
1287 2483 1348 2534 nom
1366 2483 1522 2548 admoturi
1540 2483 1666 2544 vuemo,
1681 2483 1742 2547 ipsis
1767 2483 1792 2533 tn
1854 2503 1859 2514 ·

1014 2560 1124 2651 presens
1139 2598 1188 2634 non
1202 2585 1354 2635 defuturam.
1387 2582 1517 2634 iiisdictis
1539 2582 1631 2634 betium
1651 2586 1794 2633 eontra'ees

1016 2688 1158 2750 susceptum
1171 2683 1294 2747 deposuit,
1305 2685 1330 2733 et
1345 2681 1435 2733 ceteris
1448 2680 1549 2747 quidem
1564 2680 1706 2731 civitatibus
1722 2679 1794 2731 tacite

1015 2784 1106 2835 obiitus
1135 2784 1179 2835 irae
1203 2785 1362 2847 omniumque
1389 2782 1534 2834 iniuriarum
1558 2786 1615 2833 ante
1634 2784 1792 2847 acceptarum

1016 2881 1127 2947 permisit
1145 2886 1173 2931 ut
1186 2881 1272 2931 eedem
1286 2896 1334 2945 qua
1356 2885 1427 2931 antee
1441 2895 1524 2931 rerum
1540 2880 1693 2946 publicarum
1713 2880 1792 2929 tonna

1015 2988 1153 3041 uterentur,
1190 2985 1267 3044 utque
1294 2981 1346 3031 suis
1377 2981 1452 3031 rebus
1487 2981 1635 3040 fruerentur,
1666 2981 1793 3031 servantes

1015 3079 1170 3133 conditiones
1182 3078 1305 3128 tederiss
1321 3091 1378 3142 rege
1388 3079 1521 3142 Tarquinio
1532 3077 1698 3144 prescriptos.
1732 3079 1792 3128 Tres

1015 3201 1075 3238 vero
1092 3186 1219 3244 civitates,
1243 3196 1299 3246 qum
1319 3182 1404 3246 primm
1430 3183 1454 3232 in
1473 3186 1595 3233 Romanos
1619 3185 1792 3244 surrexerant,

1015 3298 1120 3352 qumque
1146 3282 1207 3332 alias
1232 3281 1265 3331 ad
1282 3280 1374 3331 bellum
1393 3279 1442 3331 iltis
1459 3279 1610 3331 inserendum
1632 3281 1793 3345 impulerant,

1015 3388 1041 3437 et
1067 3383 1182 3433 Veientes
1205 3380 1347 3430 caeretanus
1368 3381 1393 3428 et
1416 3379 1618 3442 Tarquinienses,
1645 3380 1697 3443 agri
1722 3386 1792 3444 parte

1016 3483 1129 3545 adempta
1147 3477 1276 3537 multavit,
1294 3489 1369 3541 quam
1392 3475 1477 3527 divisit
1496 3475 1540 3534 iis,
1555 3477 1599 3540 qui
1613 3475 1746 3526 novissime
1767 3478 1793 3528 in

1015 3584 1141 3635 civitatem
1162 3583 1296 3632 Romanam
1311 3577 1402 3640 recepti
1421 3580 1498 3626 erent.
1534 3577 1645 3640 Cumque
1658 3576 1713 3627 baec
1726 3575 1793 3629 domi

1014 3682 1157 3745 militiaeque
1181 3680 1312 3745 gessisset,
1335 3681 1362 3727 et
1375 3675 1427 3727 duo
1444 3674 1535 3737 tempta
1549 3676 1714 3726 exstruxisset
1730 3679 1793 3728 For-

1015 3785 1092 3840 tunm,
1104 3793 1154 3843 qua
1175 3783 1229 3827 toto
1243 3778 1303 3827 vite
1324 3778 1434 3837 tempore
1455 3771 1640 3823 secundamus
1657 3772 1792 3839 rideretur,

1016 3880 1120 3930 atterum
1142 3875 1241 3940 quidem
1258 3875 1284 3924 in
1301 3874 1354 3923 toro
1377 3870 1477 3932 Boario,
1506 3871 1610 3921 aiterum
1629 3885 1689 3922 rere
1710 3874 1741 3924 ad
1759 3874 1793 3925 ri·

1015 3996 1072 4047 pam
1093 3976 1200 4035 Tiberis,
1219 3985 1294 4037 quam
1314 3971 1409 4021 virilem
1422 3969 1566 4036 appellarit,
1590 3973 1619 4022 ut
1639 3971 1793 4024 nuncetiam

1016 4095 1032 4130 a
1050 4078 1167 4128 Romanis
1184 4076 1364 4138 nuncupatur:
1388 4071 1437 4122 iam
1463 4072 1538 4121 mtate
1554 4070 1704 4134 provectior,
1719 4084 1794 4122 neca

1016 4182 1121 4235 naturali
1147 4179 1204 4230 vito
1222 4179 1326 4228 termino
1345 4175 1416 4240 iunge
1435 4177 1556 4235 remotus,
1569 4174 1696 4238 Tarquinii
1711 4177 1794 4241 generi

1017 4288 1042 4336 et
1057 4284 1114 4334 titire
1131 4294 1183 4332 sum
1205 4277 1298 4328 insidiis
1325 4277 1439 4327 sublatus
1460 4275 1542 4340 periit.
1576 4276 1687 4327 Narrabo
1709 4281 1794 4330 eutem

1016 4388 1041 4436 et
1052 4384 1133 4448 ipsum
1153 4377 1296 4430 insidiarum
1317 4375 1432 4434 modurn,
1446 4388 1473 4425 re
1487 4374 1568 4438 paullo
1578 4375 1653 4425 nitius
1664 4375 1777 4440 repetita.

1047 4491 1159 4541 xxviii.
1178 4486 1272 4537 Tullius
1285 4485 1348 4534 enim
1362 4482 1425 4531 duas
1440 4480 1503 4531 iilias
1522 4494 1642 4531 exurere
1659 4480 1793 4545 Tarquinia

1016 4603 1158 4666 susceperat
1167 4638 1172 4660 ,
1181 4611 1255 4661 quam
1265 4597 1288 4645 ei
1299 4608 1342 4644 rex
1354 4590 1502 4652 Tarquinius
1520 4587 1544 4636 in
1558 4585 1741 4635 matrimonium
1749 4584 1792 4636 de-

1016 4703 1093 4753 derat.
1128 4703 1178 4750 Hos
1200 4698 1294 4761 puellas
1314 4696 1363 4743 iarn
1385 4690 1481 4742 nubiles
1501 4688 1570 4738 dedit
1592 4701 1682 4737 uxores
1704 4701 1793 4738 conso-

1016 4804 1107 4864 brinis,
1117 4799 1245 4864 Tarquinii
1258 4798 1400 4863 nepotibus,
1420 4808 1477 4844 eum
1490 4791 1575 4839 maiori
1589 4790 1647 4838 notu
1661 4786 1791 4849 nnaiorem,

1016 4916 1072 4953 curn
1086 4899 1174 4949 minori
1188 4898 1308 4947 minorem
1321 4895 1481 4954 coniungens,
1507 4896 1531 4939 et
1546 4889 1690 4939 existimans
1701 4885 1753 4934 iore
1765 4889 1794 4933 ut

1015 4997 1063 5049 boe
1073 5002 1145 5061 pacto
1162 4999 1255 5061 optime
1266 4996 1314 5045 iiim
1331 4992 1426 5043 meritis
1441 4990 1595 5053 prodessent.
1634 4985 1682 5036 sed
1694 4981 1794 5046 utrique

1016 5110 1105 5161 genero
1114 5096 1216 5159 obtigit,
1231 5098 1259 5145 ut
1270 5096 1368 5157 propter
1380 5091 1469 5139 borum
1486 5086 1656 5137 diversitatem
1671 5082 1794 5134 contraria

1016 5197 1081 5244 sorte
1098 5196 1225 5245 uteretur:
1246 5192 1323 5243 Lucio
1345 5189 1410 5242 enim
1422 5188 1479 5253 (qui
1490 5193 1549 5238 natu
1569 5191 1622 5238 erat
1635 5186 1723 5248 maior,
1733 5184 1793 5246 qui-
