<?xml version="1.0" encoding="UTF-8"?>
<!DOCTYPE html PUBLIC "-//W3C//DTD XHTML 1.0 Transitional//EN"
    "http://www.w3.org/TR/xhtml1/DTD/xhtml1-transitional.dtd">
<html xmlns="http://www.w3.org/1999/xhtml" xml:lang="en" lang="en">
 <head>
  <title>
</title>
<meta http-equiv="Content-Type" content="text/html;charset=utf-8" />
  <meta name='ocr-system' content='tesseract 3.04.00' />
  <meta name='ocr-capabilities' content='ocr_page ocr_carea ocr_par ocr_line ocrx_word'/>
</head>
<body>
  <div class='ocr_page' id='page_1' title='image "./dionysiihalicar00prougoog/dionysiihalicar00prougoog_0657.png"; bbox 0 0 3772 5828; ppageno 0'>
   <div class='ocr_carea' id='block_1_1' title="bbox 211 315 271 376">
    <p class='ocr_par' dir='ltr' id='par_1_1' title="bbox 211 315 271 376">
     <span class='ocr_line' id='line_1_1' title="bbox 211 315 271 376; baseline 0 -1"><span class='ocrx_word' id='word_1_1' title='bbox 211 315 271 376; x_wconf 86' lang='grc'><strong>610</strong></span> 
     </span>
    </p>
   </div>
   <div class='ocr_carea' id='block_1_2' title="bbox 159 444 994 5219">
    <p class='ocr_par' dir='ltr' id='par_1_2' title="bbox 171 444 990 974">
     <span class='ocr_line' id='line_1_2' title="bbox 212 444 987 528; baseline 0.009 -27"><span class='ocrx_word' id='word_1_2' title='bbox 212 451 351 524; x_wconf 71' lang='grc' dir='ltr'>«τιμᾶσθε</span> <span class='ocrx_word' id='word_1_3' title='bbox 366 444 396 506; x_wconf 87' lang='grc' dir='ltr'><strong>τδ</strong></span> <span class='ocrx_word' id='word_1_4' title='bbox 420 448 577 523; x_wconf 79' lang='grc' dir='ltr'>μεταδοῦναι</span> <span class='ocrx_word' id='word_1_5' title='bbox 599 450 637 526; x_wconf 83' lang='grc' dir='ltr'><strong>τῷ</strong></span> <span class='ocrx_word' id='word_1_6' title='bbox 658 445 735 528; x_wconf 80' lang='grc' dir='ltr'>δήμῳ</span> <span class='ocrx_word' id='word_1_7' title='bbox 759 452 806 519; x_wconf 77' lang='grc' dir='ltr'><strong>τῆς</strong></span> <span class='ocrx_word' id='word_1_8' title='bbox 833 449 987 527; x_wconf 81' lang='grc' dir='ltr'>ίσηγορίας,</span> 
     </span>
     <span class='ocr_line' id='line_1_3' title="bbox 214 534 990 617; baseline -0.003 -21"><span class='ocrx_word' id='word_1_9' title='bbox 214 566 226 589; x_wconf 92' lang='grc' dir='ltr'><strong>ιι</strong></span> <span class='ocrx_word' id='word_1_10' title='bbox 242 534 329 596; x_wconf 81' lang='grc' dir='ltr'>οὐκέτι</span> <span class='ocrx_word' id='word_1_11' title='bbox 351 537 546 616; x_wconf 79' lang='grc' dir='ltr'>ριλονεικοῦμεν</span> <span class='ocrx_word' id='word_1_12' title='bbox 569 536 642 613; x_wconf 83' lang='grc' dir='ltr'>ύμῖν·</span> <span class='ocrx_word' id='word_1_13' title='bbox 667 537 830 612; x_wconf 76' lang='grc' dir='ltr'>αἰτησόμεθα</span> <span class='ocrx_word' id='word_1_14' title='bbox 855 538 879 595; x_wconf 86' lang='grc' dir='ltr'><strong>δ’</strong></span> <span class='ocrx_word' id='word_1_15' title='bbox 898 538 990 617; x_wconf 79' lang='grc' dir='ltr'>ἱτέραν</span> 
     </span>
     <span class='ocr_line' id='line_1_4' title="bbox 214 615 989 706; baseline 0.005 -27"><span class='ocrx_word' id='word_1_16' title='bbox 214 653 226 679; x_wconf 85' lang='grc' dir='ltr'><strong>ιι</strong></span> <span class='ocrx_word' id='word_1_17' title='bbox 242 624 306 706; x_wconf 81' lang='grc' dir='ltr'>παρ’</span> <span class='ocrx_word' id='word_1_18' title='bbox 319 626 392 702; x_wconf 83' lang='grc' dir='ltr'>ὑμῶν</span> <span class='ocrx_word' id='word_1_19' title='bbox 406 621 500 703; x_wconf 90' lang='grc' dir='ltr'>χάριν,</span> <span class='ocrx_word' id='word_1_20' title='bbox 517 615 549 695; x_wconf 70' lang='grc' dir='ltr'><strong>ἧς</strong></span> <span class='ocrx_word' id='word_1_21' title='bbox 563 622 684 702; x_wconf 75' lang='grc' dir='ltr'>τυχόντες</span> <span class='ocrx_word' id='word_1_22' title='bbox 697 627 760 692; x_wconf 83' lang='grc' dir='ltr'>ἴσως</span> <span class='ocrx_word' id='word_1_23' title='bbox 771 624 801 684; x_wconf 84' lang='grc' dir='ltr'><strong>διν</strong></span> <span class='ocrx_word' id='word_1_24' title='bbox 817 625 875 685; x_wconf 74' lang='lat' dir='ltr'><strong>odit</strong></span> <span class='ocrx_word' id='word_1_25' title='bbox 892 629 989 685; x_wconf 82' lang='grc' dir='ltr'>καινῶν</span> 
     </span>
     <span class='ocr_line' id='line_1_5' title="bbox 215 712 989 794; baseline 0 -21"><span class='ocrx_word' id='word_1_26' title='bbox 215 743 226 765; x_wconf 89' lang='grc' dir='ltr'><strong>ιι</strong></span> <span class='ocrx_word' id='word_1_27' title='bbox 243 713 282 773; x_wconf 78' lang='grc' dir='ltr'><strong>ἔτι</strong></span> <span class='ocrx_word' id='word_1_28' title='bbox 298 712 451 788; x_wconf 87' lang='grc' dir='ltr'>δεηθείημεν</span> <span class='ocrx_word' id='word_1_29' title='bbox 463 712 561 789; x_wconf 87' lang='grc' dir='ltr'>νόμων.</span> <span class='ocrx_word' id='word_1_30' title='bbox 609 714 767 794; x_wconf 81' lang='grc' dir='ltr'>Κίσέρχεται</span> <span class='ocrx_word' id='word_1_31' title='bbox 781 713 804 771; x_wconf 88' lang='grc' dir='ltr'><strong>δ’</strong></span> <span class='ocrx_word' id='word_1_32' title='bbox 821 717 892 791; x_wconf 79' lang='grc' dir='ltr'>ἡμᾶς</span> <span class='ocrx_word' id='word_1_33' title='bbox 908 715 989 774; x_wconf 82' lang='grc' dir='ltr'>εὐλά-</span> 
     </span>
     <span class='ocr_line' id='line_1_6' title="bbox 171 794 990 882; baseline 0.001 -23"><span class='ocrx_word' id='word_1_34' title='bbox 171 814 185 853; x_wconf 78' lang='lat'><strong>⁶</strong></span> <span class='ocrx_word' id='word_1_35' title='bbox 215 829 227 854; x_wconf 95' lang='grc' dir='ltr'><strong>ιι</strong></span> <span class='ocrx_word' id='word_1_36' title='bbox 242 800 319 876; x_wconf 88' lang='grc' dir='ltr'>όεια,</span> <span class='ocrx_word' id='word_1_37' title='bbox 330 801 368 878; x_wconf 89' lang='grc' dir='ltr'>μή</span> <span class='ocrx_word' id='word_1_38' title='bbox 380 823 445 861; x_wconf 90' lang='grc' dir='ltr'>ποτε</span> <span class='ocrx_word' id='word_1_39' title='bbox 455 800 513 859; x_wconf 78' lang='lat' dir='ltr'><strong>otii</strong></span> <span class='ocrx_word' id='word_1_40' title='bbox 523 800 622 873; x_wconf 80' lang='grc' dir='ltr'>ταύτης</span> <span class='ocrx_word' id='word_1_41' title='bbox 631 799 766 881; x_wconf 79' lang='grc' dir='ltr'>τύχωμεν,</span> <span class='ocrx_word' id='word_1_42' title='bbox 778 800 805 871; x_wconf 76' lang='grc' dir='ltr'><strong>δί</strong></span> <span class='ocrx_word' id='word_1_43' title='bbox 816 794 847 874; x_wconf 76' lang='grc' dir='ltr'><strong>ής</strong></span> <span class='ocrx_word' id='word_1_44' title='bbox 861 807 894 881; x_wconf 80' lang='grc' dir='ltr'><strong>τῇ</strong></span> <span class='ocrx_word' id='word_1_45' title='bbox 908 804 990 882; x_wconf 83' lang='grc' dir='ltr'>βουλῇ</span> 
     </span>
     <span class='ocr_line' id='line_1_7' title="bbox 214 888 990 974; baseline 0.003 -25"><span class='ocrx_word' id='word_1_46' title='bbox 214 918 228 943; x_wconf 91' lang='grc' dir='ltr'><strong>ιι</strong></span> <span class='ocrx_word' id='word_1_47' title='bbox 242 889 291 968; x_wconf 74' lang='grc' dir='ltr'><strong>μὲν</strong></span> <span class='ocrx_word' id='word_1_48' title='bbox 306 889 377 951; x_wconf 74' lang='grc' dir='ltr'>οὐδέν</span> <span class='ocrx_word' id='word_1_49' title='bbox 389 889 464 949; x_wconf 77' lang='grc' dir='ltr'>ἔσται</span> <span class='ocrx_word' id='word_1_50' title='bbox 479 888 590 969; x_wconf 84' lang='grc' dir='ltr'>βλάύος,</span> <span class='ocrx_word' id='word_1_51' title='bbox 602 890 676 970; x_wconf 63' lang='lat' dir='ltr'><strong>epti</strong></span> <span class='ocrx_word' id='word_1_52' title='bbox 689 890 767 970; x_wconf 87' lang='grc' dir='ltr'>δήμῳ</span> <span class='ocrx_word' id='word_1_53' title='bbox 776 890 842 968; x_wconf 84' lang='grc' dir='ltr'>τιμή</span> <span class='ocrx_word' id='word_1_54' title='bbox 852 913 891 960; x_wconf 88' lang='grc' dir='ltr'><strong>τις</strong></span> <span class='ocrx_word' id='word_1_55' title='bbox 905 892 990 974; x_wconf 80' lang='grc' dir='ltr'>ὑπάρ-</span> 
     </span>
    </p>

    <p class='ocr_par' dir='ltr' id='par_1_3' title="bbox 159 979 994 5219">
     <span class='ocr_line' id='line_1_8' title="bbox 214 979 582 1060; baseline -0.005 -26"><span class='ocrx_word' id='word_1_56' title='bbox 214 1008 227 1034; x_wconf 84' lang='grc' dir='ltr'><strong>ιι</strong></span> <span class='ocrx_word' id='word_1_57' title='bbox 243 979 279 1049; x_wconf 81' lang='grc' dir='ltr'><strong>ξσι</strong></span> <span class='ocrx_word' id='word_1_58' title='bbox 292 979 339 1040; x_wconf 85' lang='grc' dir='ltr'><strong>καί</strong></span> <span class='ocrx_word' id='word_1_59' title='bbox 356 979 552 1060; x_wconf 74' lang='grc' dir='ltr'>φιλανθρωπία.</span> <span class='ocrx_word' id='word_1_60' title='bbox 569 1005 582 1032; x_wconf 83' lang='lat' dir='ltr'><strong>o</strong></span> 
     </span>
     <span class='ocr_line' id='line_1_9' title="bbox 252 1065 992 1137; baseline -0.009 -5"><span class='ocrx_word' id='word_1_61' title='bbox 252 1071 344 1132; x_wconf 82' lang='lat' dir='ltr'><strong>XXX.</strong></span> <span class='ocrx_word' id='word_1_62' title='bbox 370 1068 496 1137; x_wconf 81' lang='grc' dir='ltr'>Εἰπόντος</span> <span class='ocrx_word' id='word_1_63' title='bbox 518 1068 546 1127; x_wconf 84' lang='grc' dir='ltr'><strong>δδ</strong></span> <span class='ocrx_word' id='word_1_64' title='bbox 574 1071 620 1127; x_wconf 78' lang='grc' dir='ltr'><strong>τοῦ</strong></span> <span class='ocrx_word' id='word_1_65' title='bbox 648 1067 765 1137; x_wconf 85' lang='grc' dir='ltr'>ύπάτου,</span> <span class='ocrx_word' id='word_1_66' title='bbox 791 1065 832 1126; x_wconf 83' lang='grc' dir='ltr'><strong>ὅτι</strong></span> <span class='ocrx_word' id='word_1_67' title='bbox 859 1074 935 1127; x_wconf 79' lang='grc' dir='ltr'>τοῦτο</span> <span class='ocrx_word' id='word_1_68' title='bbox 962 1066 992 1125; x_wconf 89' lang='grc' dir='ltr'><strong>τδ</strong></span> 
     </span>
     <span class='ocr_line' id='line_1_10' title="bbox 194 1154 991 1237; baseline -0.003 -20"><span class='ocrx_word' id='word_1_69' title='bbox 194 1158 362 1236; x_wconf 75' lang='grc' dir='ltr'>πολίτευμα</span> <span class='ocrx_word' id='word_1_70' title='bbox 384 1161 418 1237; x_wconf 86' lang='grc' dir='ltr'><strong>τῇ</strong></span> <span class='ocrx_word' id='word_1_71' title='bbox 447 1159 529 1235; x_wconf 84' lang='grc' dir='ltr'>βουλῇ</span> <span class='ocrx_word' id='word_1_72' title='bbox 553 1160 750 1235; x_wconf 83' lang='grc' dir='ltr'>συγχωροῦντες</span> <span class='ocrx_word' id='word_1_73' title='bbox 778 1154 879 1223; x_wconf 89' lang='grc' dir='ltr'>ούθενδς</span> <span class='ocrx_word' id='word_1_74' title='bbox 909 1156 991 1215; x_wconf 82' lang='grc' dir='ltr'>ἀλλον</span> 
     </span>
     <span class='ocr_line' id='line_1_11' title="bbox 160 1241 993 1327; baseline -0.002 -23"><span class='ocrx_word' id='word_1_75' title='bbox 160 1274 186 1315; x_wconf 77' lang='lat' dir='ltr'><strong>qq</strong></span> <span class='ocrx_word' id='word_1_76' title='bbox 214 1245 414 1327; x_wconf 77' lang='grc' dir='ltr'>ἁμαρτήσονται</span> <span class='ocrx_word' id='word_1_77' title='bbox 441 1249 493 1304; x_wconf 83' lang='grc' dir='ltr'><strong>τῶν</strong></span> <span class='ocrx_word' id='word_1_78' title='bbox 512 1244 642 1324; x_wconf 76' lang='grc' dir='ltr'>μετρίων,</span> <span class='ocrx_word' id='word_1_79' title='bbox 666 1241 711 1303; x_wconf 81' lang='grc' dir='ltr'><strong>καί</strong></span> <span class='ocrx_word' id='word_1_80' title='bbox 734 1241 882 1310; x_wconf 81' lang='grc' dir='ltr'>κελεύοντος</span> <span class='ocrx_word' id='word_1_81' title='bbox 907 1242 993 1321; x_wconf 79' lang='grc' dir='ltr'>λέγειν</span> 
     </span>
     <span class='ocr_line' id='line_1_12' title="bbox 214 1331 992 1412; baseline -0.006 -18"><span class='ocrx_word' id='word_1_82' title='bbox 214 1333 273 1395; x_wconf 84' lang='grc' dir='ltr'>όταν</span> <span class='ocrx_word' id='word_1_83' title='bbox 288 1335 406 1404; x_wconf 81' lang='grc' dir='ltr'>δέονται,</span> <span class='ocrx_word' id='word_1_84' title='bbox 431 1333 507 1411; x_wconf 80' lang='grc' dir='ltr'>ὀλίγα</span> <span class='ocrx_word' id='word_1_85' title='bbox 535 1331 682 1412; x_wconf 75' lang='grc' dir='ltr'>διαλεχθείς</span> <span class='ocrx_word' id='word_1_86' title='bbox 700 1331 753 1400; x_wconf 83' lang='grc' dir='ltr'>τοῖς</span> <span class='ocrx_word' id='word_1_87' title='bbox 779 1331 954 1411; x_wconf 73' lang='grc' dir='ltr'>συνάρχουσιν</span> <span class='ocrx_word' id='word_1_88' title='bbox 978 1334 992 1389; x_wconf 88' lang='grc' dir='ltr'>ό</span> 
     </span>
     <span class='ocr_line' id='line_1_13' title="bbox 214 1418 993 1502; baseline -0.004 -21"><span class='ocrx_word' id='word_1_89' title='bbox 214 1423 382 1502; x_wconf 86' lang='grc' dir='ltr'>Οὐεργίνιος,</span> <span class='ocrx_word' id='word_1_90' title='bbox 398 1420 441 1480; x_wconf 81' lang='grc' dir='ltr'>ἐπὶ</span> <span class='ocrx_word' id='word_1_91' title='bbox 455 1425 502 1493; x_wconf 82' lang='grc' dir='ltr'><strong>τῆς</strong></span> <span class='ocrx_word' id='word_1_92' title='bbox 513 1424 608 1500; x_wconf 78' lang='grc' dir='ltr'>βουλῆς</span> <span class='ocrx_word' id='word_1_93' title='bbox 622 1418 717 1500; x_wconf 82' lang='grc' dir='ltr'>ἔρησεν</span> <span class='ocrx_word' id='word_1_94' title='bbox 732 1420 809 1498; x_wconf 80' lang='grc' dir='ltr'>ἀρεῐν.</span> <span class='ocrx_word' id='word_1_95' title='bbox 854 1418 909 1480; x_wconf 86' lang='grc' dir='ltr'><strong>Καὶ</strong></span> <span class='ocrx_word' id='word_1_96' title='bbox 925 1418 993 1496; x_wconf 87' lang='grc' dir='ltr'>μετδι</span> 
     </span>
     <span class='ocr_line' id='line_1_14' title="bbox 213 1506 993 1588; baseline -0.008 -20"><span class='ocrx_word' id='word_1_97' title='bbox 213 1516 316 1581; x_wconf 82' lang='grc' dir='ltr'>ταῦτα,</span> <span class='ocrx_word' id='word_1_98' title='bbox 330 1508 530 1588; x_wconf 84' lang='grc' dir='ltr'>συναγαγόντων</span> <span class='ocrx_word' id='word_1_99' title='bbox 544 1507 574 1568; x_wconf 83' lang='grc' dir='ltr'><strong>τὸ</strong></span> <span class='ocrx_word' id='word_1_100' title='bbox 587 1507 719 1586; x_wconf 81' lang='grc' dir='ltr'>συνέδριον</span> <span class='ocrx_word' id='word_1_101' title='bbox 738 1509 790 1565; x_wconf 80' lang='grc' dir='ltr'><strong>τῶν</strong></span> <span class='ocrx_word' id='word_1_102' title='bbox 811 1506 928 1577; x_wconf 74' lang='grc' dir='ltr'>ὑπάτων,</span> <span class='ocrx_word' id='word_1_103' title='bbox 940 1527 993 1563; x_wconf 84' lang='grc' dir='ltr'><strong>πα·</strong></span> 
     </span>
     <span class='ocr_line' id='line_1_15' title="bbox 215 1595 992 1679; baseline -0.006 -21"><span class='ocrx_word' id='word_1_104' title='bbox 215 1600 312 1679; x_wconf 86' lang='grc' dir='ltr'>ρελθὼν</span> <span class='ocrx_word' id='word_1_105' title='bbox 335 1603 381 1658; x_wconf 81' lang='grc' dir='ltr'><strong>καὶ</strong></span> <span class='ocrx_word' id='word_1_106' title='bbox 395 1600 429 1659; x_wconf 90' lang='grc' dir='ltr'><strong>τδι</strong></span> <span class='ocrx_word' id='word_1_107' title='bbox 446 1599 535 1658; x_wconf 88' lang='grc' dir='ltr'>δίκαια</span> <span class='ocrx_word' id='word_1_108' title='bbox 557 1603 603 1658; x_wconf 80' lang='grc' dir='ltr'><strong>τοῦ</strong></span> <span class='ocrx_word' id='word_1_109' title='bbox 629 1596 714 1672; x_wconf 89' lang='grc' dir='ltr'>δήμου</span> <span class='ocrx_word' id='word_1_110' title='bbox 738 1596 804 1676; x_wconf 87' lang='grc' dir='ltr'>πρὸς</span> <span class='ocrx_word' id='word_1_111' title='bbox 824 1595 871 1669; x_wconf 79' lang='grc' dir='ltr'><strong>τὴν</strong></span> <span class='ocrx_word' id='word_1_112' title='bbox 896 1595 992 1674; x_wconf 76' lang='grc' dir='ltr'>βουλὴν</span> 
     </span>
     <span class='ocr_line' id='line_1_16' title="bbox 161 1684 990 1766; baseline -0.01 -15"><span class='ocrx_word' id='word_1_113' title='bbox 161 1714 186 1751; x_wconf 86' lang='lat' dir='ltr'><strong>rs</strong></span> <span class='ocrx_word' id='word_1_114' title='bbox 215 1689 322 1747; x_wconf 70' lang='grc' dir='ltr'>ἅπαντα</span> <span class='ocrx_word' id='word_1_115' title='bbox 342 1690 378 1756; x_wconf 85' lang='grc' dir='ltr'><strong>είς</strong></span> <span class='ocrx_word' id='word_1_116' title='bbox 393 1687 422 1747; x_wconf 82' lang='grc' dir='ltr'>ἓν</span> <span class='ocrx_word' id='word_1_117' title='bbox 446 1687 682 1766; x_wconf 81' lang='grc' dir='ltr'>συνενεγκάμενος,</span> <span class='ocrx_word' id='word_1_118' title='bbox 706 1687 824 1764; x_wconf 75' lang='grc' dir='ltr'>ᾐτήσατο</span> <span class='ocrx_word' id='word_1_119' title='bbox 841 1684 990 1744; x_wconf 90' lang='grc' dir='ltr'>διπλασια-</span> 
     </span>
     <span class='ocr_line' id='line_1_17' title="bbox 214 1773 994 1858; baseline -0.006 -21"><span class='ocrx_word' id='word_1_120' title='bbox 214 1782 308 1850; x_wconf 82' lang='grc' dir='ltr'>σθῆναι</span> <span class='ocrx_word' id='word_1_121' title='bbox 322 1777 370 1850; x_wconf 67' lang='lat' dir='ltr'><strong>eqo</strong></span> <span class='ocrx_word' id='word_1_122' title='bbox 384 1777 469 1858; x_wconf 76' lang='grc' dir='ltr'>ἀρχὴν</span> <span class='ocrx_word' id='word_1_123' title='bbox 484 1775 530 1848; x_wconf 73' lang='grc' dir='ltr'><strong>τήν</strong></span> <span class='ocrx_word' id='word_1_124' title='bbox 553 1775 749 1856; x_wconf 87' lang='grc' dir='ltr'>προῖσταμίνην</span> <span class='ocrx_word' id='word_1_125' title='bbox 765 1779 811 1834; x_wconf 79' lang='grc' dir='ltr'><strong>τοῦ</strong></span> <span class='ocrx_word' id='word_1_126' title='bbox 826 1773 930 1851; x_wconf 87' lang='grc' dir='ltr'>δήμου,</span> <span class='ocrx_word' id='word_1_127' title='bbox 947 1773 994 1832; x_wconf 86' lang='grc' dir='ltr'><strong>καὶ</strong></span> 
     </span>
     <span class='ocr_line' id='line_1_18' title="bbox 213 1861 992 1947; baseline -0.006 -22"><span class='ocrx_word' id='word_1_128' title='bbox 213 1865 271 1925; x_wconf 84' lang='grc' dir='ltr'>ἀντὶ</span> <span class='ocrx_word' id='word_1_129' title='bbox 283 1872 335 1927; x_wconf 87' lang='grc' dir='ltr'><strong>τῶν</strong></span> <span class='ocrx_word' id='word_1_130' title='bbox 348 1868 427 1926; x_wconf 87' lang='grc' dir='ltr'>πίντε</span> <span class='ocrx_word' id='word_1_131' title='bbox 442 1867 588 1946; x_wconf 89' lang='grc' dir='ltr'>δημάρχων</span> <span class='ocrx_word' id='word_1_132' title='bbox 605 1865 669 1924; x_wconf 82' lang='grc' dir='ltr'>δέκα</span> <span class='ocrx_word' id='word_1_133' title='bbox 693 1868 729 1932; x_wconf 84' lang='grc' dir='ltr'><strong>είς</strong></span> <span class='ocrx_word' id='word_1_134' title='bbox 747 1862 860 1947; x_wconf 68' lang='grc' dir='ltr'><strong>Ιἕκαστον</strong></span> <span class='ocrx_word' id='word_1_135' title='bbox 874 1861 992 1922; x_wconf 83' lang='grc' dir='ltr'>ἀνιαυτδν</span> 
     </span>
     <span class='ocr_line' id='line_1_19' title="bbox 213 1949 993 2031; baseline -0.008 -18"><span class='ocrx_word' id='word_1_136' title='bbox 213 1955 428 2018; x_wconf 84' lang='grc' dir='ltr'>ἀποδείκνυσθαι.</span> <span class='ocrx_word' id='word_1_137' title='bbox 471 1956 559 2013; x_wconf 79' lang='grc' dir='ltr'>Ἱόῦτο</span> <span class='ocrx_word' id='word_1_138' title='bbox 569 1956 594 2013; x_wconf 82' lang='grc' dir='ltr'><strong>οἱ</strong></span> <span class='ocrx_word' id='word_1_139' title='bbox 607 1953 654 2031; x_wconf 82' lang='grc' dir='ltr'><strong>μὲν</strong></span> <span class='ocrx_word' id='word_1_140' title='bbox 666 1954 741 2011; x_wconf 85' lang='grc' dir='ltr'>ἄλλοι</span> <span class='ocrx_word' id='word_1_141' title='bbox 753 1950 855 2029; x_wconf 82' lang='grc' dir='ltr'>βλάύην</span> <span class='ocrx_word' id='word_1_142' title='bbox 868 1949 993 2025; x_wconf 82' lang='grc' dir='ltr'>οὐδεμίαν</span> 
     </span>
     <span class='ocr_line' id='line_1_20' title="bbox 212 2038 993 2126; baseline -0.006 -24"><span class='ocrx_word' id='word_1_143' title='bbox 212 2043 295 2126; x_wconf 82' lang='grc' dir='ltr'>ᾤοντο</span> <span class='ocrx_word' id='word_1_144' title='bbox 319 2048 357 2124; x_wconf 82' lang='grc' dir='ltr'><strong>τῷ</strong></span> <span class='ocrx_word' id='word_1_145' title='bbox 371 2046 451 2125; x_wconf 81' lang='grc' dir='ltr'>κοινῷ</span> <span class='ocrx_word' id='word_1_146' title='bbox 466 2042 566 2123; x_wconf 70' lang='grc' dir='ltr'>φέρειν,</span> <span class='ocrx_word' id='word_1_147' title='bbox 590 2041 660 2101; x_wconf 76' lang='grc' dir='ltr'>ἀλλὰ</span> <span class='ocrx_word' id='word_1_148' title='bbox 676 2041 774 2099; x_wconf 82' lang='grc' dir='ltr'>διδόναι</span> <span class='ocrx_word' id='word_1_149' title='bbox 795 2038 840 2098; x_wconf 84' lang='grc' dir='ltr'><strong>καὶ</strong></span> <span class='ocrx_word' id='word_1_150' title='bbox 864 2041 901 2115; x_wconf 79' lang='grc' dir='ltr'>μή</span> <span class='ocrx_word' id='word_1_151' title='bbox 918 2040 993 2098; x_wconf 83' lang='grc' dir='ltr'>ἀντι-</span> 
     </span>
     <span class='ocr_line' id='line_1_21' title="bbox 159 2127 993 2212; baseline -0.005 -22"><span class='ocrx_word' id='word_1_152' title='bbox 159 2151 186 2190; x_wconf 81' lang='grc' dir='ltr'><strong>ειι</strong></span> <span class='ocrx_word' id='word_1_153' title='bbox 213 2134 340 2212; x_wconf 87' lang='grc' dir='ltr'>πράττειν</span> <span class='ocrx_word' id='word_1_154' title='bbox 356 2133 509 2211; x_wconf 79' lang='grc' dir='ltr'>παρῄνουν,</span> <span class='ocrx_word' id='word_1_155' title='bbox 535 2132 662 2211; x_wconf 89' lang='grc' dir='ltr'>άρχσντος</span> <span class='ocrx_word' id='word_1_156' title='bbox 686 2134 734 2201; x_wconf 70' lang='grc' dir='ltr'><strong>τῆς</strong></span> <span class='ocrx_word' id='word_1_157' title='bbox 754 2127 861 2206; x_wconf 81' lang='grc' dir='ltr'>γνώμης</span> <span class='ocrx_word' id='word_1_158' title='bbox 882 2127 993 2189; x_wconf 78' lang='grc' dir='ltr'>Λευκίου</span> 
     </span>
     <span class='ocr_line' id='line_1_22' title="bbox 215 2215 992 2298; baseline -0.009 -19"><span class='ocrx_word' id='word_1_159' title='bbox 215 2220 355 2292; x_wconf 87' lang='grc' dir='ltr'>Κοϊντίου,</span> <span class='ocrx_word' id='word_1_160' title='bbox 384 2219 505 2278; x_wconf 80' lang='grc' dir='ltr'>ταῦτάτε</span> <span class='ocrx_word' id='word_1_161' title='bbox 531 2219 655 2298; x_wconf 90' lang='grc' dir='ltr'>με’γιστον</span> <span class='ocrx_word' id='word_1_162' title='bbox 680 2218 784 2296; x_wconf 83' lang='grc' dir='ltr'>ἔχοντος</span> <span class='ocrx_word' id='word_1_163' title='bbox 806 2219 833 2275; x_wconf 75' lang='grc' dir='ltr'>ἐν</span> <span class='ocrx_word' id='word_1_164' title='bbox 853 2219 886 2296; x_wconf 84' lang='grc' dir='ltr'><strong>τῇ</strong></span> <span class='ocrx_word' id='word_1_165' title='bbox 910 2215 992 2294; x_wconf 81' lang='grc' dir='ltr'>βουλῇ</span> 
     </span>
     <span class='ocr_line' id='line_1_23' title="bbox 212 2298 992 2387; baseline -0.008 -19"><span class='ocrx_word' id='word_1_166' title='bbox 212 2308 316 2387; x_wconf 85' lang='grc' dir='ltr'>κράτος.</span> <span class='ocrx_word' id='word_1_167' title='bbox 358 2298 405 2376; x_wconf 79' lang='grc' dir='ltr'><strong>Εἷς</strong></span> <span class='ocrx_word' id='word_1_168' title='bbox 417 2308 445 2368; x_wconf 77' lang='grc' dir='ltr'><strong>δὲ</strong></span> <span class='ocrx_word' id='word_1_169' title='bbox 460 2310 538 2385; x_wconf 82' lang='grc' dir='ltr'>μόνος</span> <span class='ocrx_word' id='word_1_170' title='bbox 548 2309 671 2386; x_wconf 82' lang='grc' dir='ltr'>ἀντίλεγε</span> <span class='ocrx_word' id='word_1_171' title='bbox 683 2307 761 2373; x_wconf 84' lang='grc' dir='ltr'>Γάϊος</span> <span class='ocrx_word' id='word_1_172' title='bbox 779 2303 922 2375; x_wconf 81' lang='grc' dir='ltr'>Κλαύδιος,</span> <span class='ocrx_word' id='word_1_173' title='bbox 939 2304 992 2371; x_wconf 82' lang='grc' dir='ltr'>υίὸς</span> 
     </span>
     <span class='ocr_line' id='line_1_24' title="bbox 213 2392 993 2476; baseline -0.009 -19"><span class='ocrx_word' id='word_1_174' title='bbox 213 2395 323 2458; x_wconf 82' lang='grc' dir='ltr'>Ἀππίου</span> <span class='ocrx_word' id='word_1_175' title='bbox 340 2397 492 2470; x_wconf 84' lang='grc' dir='ltr'>Κλαυδίου,</span> <span class='ocrx_word' id='word_1_176' title='bbox 507 2404 554 2457; x_wconf 83' lang='grc' dir='ltr'><strong>τοῦ</strong></span> <span class='ocrx_word' id='word_1_177' title='bbox 568 2395 641 2476; x_wconf 86' lang='grc' dir='ltr'>πσρά</span> <span class='ocrx_word' id='word_1_178' title='bbox 668 2394 755 2454; x_wconf 89' lang='grc' dir='ltr'>πάντα</span> <span class='ocrx_word' id='word_1_179' title='bbox 769 2393 814 2451; x_wconf 83' lang='grc' dir='ltr'><strong>τὸν</strong></span> <span class='ocrx_word' id='word_1_180' title='bbox 833 2392 926 2473; x_wconf 87' lang='grc' dir='ltr'>χρόνον</span> <span class='ocrx_word' id='word_1_181' title='bbox 938 2396 993 2460; x_wconf 88' lang='grc' dir='ltr'>τοῖς</span> 
     </span>
     <span class='ocr_line' id='line_1_25' title="bbox 213 2471 991 2564; baseline -0.01 -20"><span class='ocrx_word' id='word_1_182' title='bbox 213 2485 375 2564; x_wconf 82' lang='grc' dir='ltr'>είσηγήμασι</span> <span class='ocrx_word' id='word_1_183' title='bbox 389 2489 440 2544; x_wconf 86' lang='grc' dir='ltr'><strong>τῶν</strong></span> <span class='ocrx_word' id='word_1_184' title='bbox 456 2486 622 2562; x_wconf 84' lang='grc' dir='ltr'>δημοτικῶν,</span> <span class='ocrx_word' id='word_1_185' title='bbox 641 2482 665 2542; x_wconf 91' lang='grc' dir='ltr'><strong>εί</strong></span> <span class='ocrx_word' id='word_1_186' title='bbox 684 2504 743 2540; x_wconf 89' lang='grc' dir='ltr'>τινα</span> <span class='ocrx_word' id='word_1_187' title='bbox 766 2481 803 2558; x_wconf 82' lang='grc' dir='ltr'>μή</span> <span class='ocrx_word' id='word_1_188' title='bbox 825 2481 927 2557; x_wconf 89' lang='grc' dir='ltr'>νόμιμα</span> <span class='ocrx_word' id='word_1_189' title='bbox 942 2471 991 2553; x_wconf 69' lang='grc' dir='ltr'><strong>ἦν,</strong></span> 
     </span>
     <span class='ocr_line' id='line_1_26' title="bbox 160 2569 991 2646; baseline -0.011 -10"><span class='ocrx_word' id='word_1_190' title='bbox 160 2596 185 2636; x_wconf 74' lang='lat' dir='ltr'><strong>as</strong></span> <span class='ocrx_word' id='word_1_191' title='bbox 214 2575 427 2646; x_wconf 81' lang='grc' dir='ltr'>ἐναντιωθέντος,</span> <span class='ocrx_word' id='word_1_192' title='bbox 453 2572 650 2645; x_wconf 84' lang='grc' dir='ltr'>διαδεδεμένος</span> <span class='ocrx_word' id='word_1_193' title='bbox 676 2569 710 2629; x_wconf 85' lang='grc' dir='ltr'><strong>τδ</strong></span> <span class='ocrx_word' id='word_1_194' title='bbox 735 2571 918 2646; x_wconf 86' lang='grc' dir='ltr'>πολιτεύματα</span> <span class='ocrx_word' id='word_1_195' title='bbox 944 2574 991 2628; x_wconf 77' lang='grc' dir='ltr'><strong>τοῦ</strong></span> 
     </span>
     <span class='ocr_line' id='line_1_27' title="bbox 212 2597 989 2741; baseline -0.01 -18"><span class='ocrx_word' id='word_1_196' title='bbox 212 2665 325 2741; x_wconf 77' lang='grc' dir='ltr'>πατρὸς,</span> <span class='ocrx_word' id='word_1_197' title='bbox 341 2664 387 2722; x_wconf 81' lang='grc' dir='ltr'><strong>καὶ</strong></span> <span class='ocrx_word' id='word_1_198' title='bbox 405 2661 444 2721; x_wconf 84' lang='grc' dir='ltr'><strong>ὅτ’</strong></span> <span class='ocrx_word' id='word_1_199' title='bbox 462 2661 537 2730; x_wconf 81' lang='grc' dir='ltr'>αύτδς</span> <span class='ocrx_word' id='word_1_200' title='bbox 554 2597 609 2741; x_wconf 67' lang='grc' dir='ltr'>δίχα</span> <span class='ocrx_word' id='word_1_201' title='bbox 623 2657 671 2733; x_wconf 77' lang='grc' dir='ltr'><strong>τήν</strong></span> <span class='ocrx_word' id='word_1_202' title='bbox 694 2657 793 2717; x_wconf 77' lang='grc' dir='ltr'>ὕπατον</span> <span class='ocrx_word' id='word_1_203' title='bbox 814 2659 916 2738; x_wconf 76' lang='grc' dir='ltr'>ἀρχήν,</span> <span class='ocrx_word' id='word_1_204' title='bbox 933 2682 989 2718; x_wconf 89' lang='grc' dir='ltr'>κω-</span> 
     </span>
     <span class='ocr_line' id='line_1_28' title="bbox 213 2744 992 2827; baseline -0.006 -18"><span class='ocrx_word' id='word_1_205' title='bbox 213 2752 291 2818; x_wconf 83' lang='grc' dir='ltr'>λύσας</span> <span class='ocrx_word' id='word_1_206' title='bbox 314 2754 420 2823; x_wconf 80' lang='grc' dir='ltr'>δοθῆναι</span> <span class='ocrx_word' id='word_1_207' title='bbox 434 2757 487 2816; x_wconf 87' lang='grc' dir='ltr'>τοῖς</span> <span class='ocrx_word' id='word_1_208' title='bbox 506 2748 654 2827; x_wconf 80' lang='grc' dir='ltr'>δημάρχοις</span> <span class='ocrx_word' id='word_1_209' title='bbox 674 2744 722 2820; x_wconf 77' lang='grc' dir='ltr'><strong>τήν</strong></span> <span class='ocrx_word' id='word_1_210' title='bbox 736 2745 806 2806; x_wconf 91' lang='grc' dir='ltr'>κατδι</span> <span class='ocrx_word' id='word_1_211' title='bbox 824 2749 876 2805; x_wconf 79' lang='grc' dir='ltr'><strong>τῶν</strong></span> <span class='ocrx_word' id='word_1_212' title='bbox 888 2747 992 2806; x_wconf 79' lang='grc' dir='ltr'>ἱππέων</span> 
     </span>
     <span class='ocr_line' id='line_1_29' title="bbox 211 2833 991 2919; baseline -0.006 -21"><span class='ocrx_word' id='word_1_213' title='bbox 211 2843 264 2898; x_wconf 86' lang='grc' dir='ltr'><strong>τῶν</strong></span> <span class='ocrx_word' id='word_1_214' title='bbox 281 2839 324 2898; x_wconf 76' lang='grc' dir='ltr'>ἐπὶ</span> <span class='ocrx_word' id='word_1_215' title='bbox 338 2864 371 2919; x_wconf 90' lang='grc' dir='ltr'><strong>τη</strong></span> <span class='ocrx_word' id='word_1_216' title='bbox 388 2838 541 2918; x_wconf 75' lang='grc' dir='ltr'>συνωμοσία</span> <span class='ocrx_word' id='word_1_217' title='bbox 554 2835 770 2914; x_wconf 83' lang='grc' dir='ltr'>διαύαλλομένων</span> <span class='ocrx_word' id='word_1_218' title='bbox 794 2834 925 2904; x_wconf 74' lang='grc' dir='ltr'>ἐξέτασιν·</span> <span class='ocrx_word' id='word_1_219' title='bbox 945 2833 991 2894; x_wconf 78' lang='grc' dir='ltr'><strong>καί</strong></span> 
     </span>
     <span class='ocr_line' id='line_1_30' title="bbox 213 2922 993 3008; baseline -0.01 -20"><span class='ocrx_word' id='word_1_220' title='bbox 213 2929 314 3008; x_wconf 81' lang='grc' dir='ltr'>μακρὸν</span> <span class='ocrx_word' id='word_1_221' title='bbox 329 2927 464 2996; x_wconf 80' lang='grc' dir='ltr'>διεξελθὼν</span> <span class='ocrx_word' id='word_1_222' title='bbox 478 2926 556 3004; x_wconf 88' lang='grc' dir='ltr'>λόγον</span> <span class='ocrx_word' id='word_1_223' title='bbox 566 2925 716 2994; x_wconf 81' lang='grc' dir='ltr'>ἐδίδασκεν,</span> <span class='ocrx_word' id='word_1_224' title='bbox 732 2952 745 2975; x_wconf 89' lang='grc' dir='ltr'><strong>ι</strong></span> <span class='ocrx_word' id='word_1_225' title='bbox 762 2923 802 2982; x_wconf 84' lang='grc' dir='ltr'><strong>ὅτι</strong></span> <span class='ocrx_word' id='word_1_226' title='bbox 820 2922 993 3004; x_wconf 86' lang='grc' dir='ltr'>μετριώτερος</span> 
     </span>
     <span class='ocr_line' id='line_1_31' title="bbox 159 3011 992 3094; baseline -0.007 -18"><span class='ocrx_word' id='word_1_227' title='bbox 159 3039 186 3080; x_wconf 85' lang='lat' dir='ltr'><strong>ao</strong></span> <span class='ocrx_word' id='word_1_228' title='bbox 214 3046 226 3069; x_wconf 91' lang='grc' dir='ltr'><strong>ιι</strong></span> <span class='ocrx_word' id='word_1_229' title='bbox 242 3017 316 3094; x_wconf 85' lang='grc' dir='ltr'>μὲνδ</span> <span class='ocrx_word' id='word_1_230' title='bbox 332 3018 414 3092; x_wconf 76' lang='grc' dir='ltr'>δῆμος</span> <span class='ocrx_word' id='word_1_231' title='bbox 425 3015 482 3073; x_wconf 79' lang='lat' dir='ltr'><strong>otti</strong></span> <span class='ocrx_word' id='word_1_232' title='bbox 509 3012 684 3093; x_wconf 89' lang='grc' dir='ltr'>χρηστότερος</span> <span class='ocrx_word' id='word_1_233' title='bbox 699 3011 774 3070; x_wconf 82' lang='grc' dir='ltr'>ἔσται</span> <span class='ocrx_word' id='word_1_234' title='bbox 789 3011 992 3070; x_wconf 90' lang='grc' dir='ltr'>διπλασιασθεί-</span> 
     </span>
     <span class='ocr_line' id='line_1_32' title="bbox 214 3098 987 3183; baseline -0.004 -19"><span class='ocrx_word' id='word_1_235' title='bbox 214 3134 226 3157; x_wconf 92' lang='grc' dir='ltr'><strong>ιι</strong></span> <span class='ocrx_word' id='word_1_236' title='bbox 241 3129 288 3178; x_wconf 93' lang='grc' dir='ltr'><strong>σης</strong></span> <span class='ocrx_word' id='word_1_237' title='bbox 299 3108 372 3183; x_wconf 84' lang='grc' dir='ltr'>αὐτῷ</span> <span class='ocrx_word' id='word_1_238' title='bbox 384 3106 430 3174; x_wconf 81' lang='grc' dir='ltr'><strong>τῆς</strong></span> <span class='ocrx_word' id='word_1_239' title='bbox 447 3106 543 3182; x_wconf 82' lang='grc' dir='ltr'>ἀρχῆς,</span> <span class='ocrx_word' id='word_1_240' title='bbox 556 3101 725 3180; x_wconf 87' lang='grc' dir='ltr'>ἀνοητότερος</span> <span class='ocrx_word' id='word_1_241' title='bbox 736 3099 763 3158; x_wconf 82' lang='grc' dir='ltr'><strong>δὲ</strong></span> <span class='ocrx_word' id='word_1_242' title='bbox 778 3098 822 3158; x_wconf 81' lang='grc' dir='ltr'><strong>καί</strong></span> <span class='ocrx_word' id='word_1_243' title='bbox 836 3099 987 3180; x_wconf 90' lang='grc' dir='ltr'>βαρύτερος.</span> 
     </span>
     <span class='ocr_line' id='line_1_33' title="bbox 214 3187 990 3273; baseline -0.009 -19"><span class='ocrx_word' id='word_1_244' title='bbox 214 3221 225 3246; x_wconf 87' lang='grc' dir='ltr'><strong>ιι</strong></span> <span class='ocrx_word' id='word_1_245' title='bbox 241 3196 282 3254; x_wconf 80' lang='grc' dir='ltr'><strong>Οὐ</strong></span> <span class='ocrx_word' id='word_1_246' title='bbox 296 3194 347 3272; x_wconf 82' lang='grc' dir='ltr'><strong>γάρ</strong></span> <span class='ocrx_word' id='word_1_247' title='bbox 363 3191 406 3252; x_wconf 80' lang='grc' dir='ltr'>ἐπί</span> <span class='ocrx_word' id='word_1_248' title='bbox 429 3196 515 3273; x_wconf 76' lang='grc' dir='ltr'>ῥητοῖς</span> <span class='ocrx_word' id='word_1_249' title='bbox 534 3213 587 3248; x_wconf 91' lang='grc' dir='ltr'>τισι</span> <span class='ocrx_word' id='word_1_250' title='bbox 610 3187 816 3270; x_wconf 72' lang='grc' dir='ltr'>παραλήψεσθαι</span> <span class='ocrx_word' id='word_1_251' title='bbox 837 3187 886 3245; x_wconf 78' lang='grc' dir='ltr'><strong>τδν</strong></span> <span class='ocrx_word' id='word_1_252' title='bbox 902 3189 990 3267; x_wconf 78' lang='grc' dir='ltr'>ἀρχὴν</span> 
     </span>
     <span class='ocr_line' id='line_1_34' title="bbox 213 3275 991 3361; baseline -0.005 -19"><span class='ocrx_word' id='word_1_253' title='bbox 213 3313 225 3336; x_wconf 93' lang='grc' dir='ltr'><strong>ιι</strong></span> <span class='ocrx_word' id='word_1_254' title='bbox 241 3282 298 3350; x_wconf 83' lang='grc' dir='ltr'>τοὺς</span> <span class='ocrx_word' id='word_1_255' title='bbox 312 3281 419 3361; x_wconf 82' lang='grc' dir='ltr'>ύστιρον</span> <span class='ocrx_word' id='word_1_256' title='bbox 443 3278 730 3359; x_wconf 83' lang='grc' dir='ltr'>ἀποδειχθησομίνους,</span> <span class='ocrx_word' id='word_1_257' title='bbox 754 3275 822 3336; x_wconf 79' lang='grc' dir='ltr'>ὥστε</span> <span class='ocrx_word' id='word_1_258' title='bbox 844 3278 932 3355; x_wconf 83' lang='grc' dir='ltr'>μένειν</span> <span class='ocrx_word' id='word_1_259' title='bbox 948 3280 991 3338; x_wconf 77' lang='grc' dir='ltr'>ἐπὶ</span> 
     </span>
     <span class='ocr_line' id='line_1_35' title="bbox 213 3366 991 3446; baseline -0.006 -16"><span class='ocrx_word' id='word_1_260' title='bbox 213 3401 225 3424; x_wconf 93' lang='grc' dir='ltr'><strong>ιι</strong></span> <span class='ocrx_word' id='word_1_261' title='bbox 240 3380 293 3439; x_wconf 91' lang='grc' dir='ltr'>τοῖς</span> <span class='ocrx_word' id='word_1_262' title='bbox 312 3370 518 3442; x_wconf 86' lang='grc' dir='ltr'>καθεστηκόσιν,</span> <span class='ocrx_word' id='word_1_263' title='bbox 531 3367 600 3428; x_wconf 83' lang='grc' dir='ltr'><strong>ἀλλά</strong></span> <span class='ocrx_word' id='word_1_264' title='bbox 615 3369 659 3427; x_wconf 79' lang='grc' dir='ltr'><strong>καὶ</strong></span> <span class='ocrx_word' id='word_1_265' title='bbox 678 3366 722 3426; x_wconf 82' lang='grc' dir='ltr'><strong>τὸν</strong></span> <span class='ocrx_word' id='word_1_266' title='bbox 737 3367 859 3446; x_wconf 74' lang='grc' dir='ltr'>περὶτῆς</span> <span class='ocrx_word' id='word_1_267' title='bbox 878 3370 991 3446; x_wconf 86' lang='grc' dir='ltr'>κληρου-</span> 
     </span>
     <span class='ocr_line' id='line_1_36' title="bbox 213 3453 992 3540; baseline -0.008 -21"><span class='ocrx_word' id='word_1_268' title='bbox 213 3488 224 3512; x_wconf 92' lang='grc' dir='ltr'><strong>ιι</strong></span> <span class='ocrx_word' id='word_1_269' title='bbox 241 3461 302 3540; x_wconf 85' lang='grc' dir='ltr'>χίας</span> <span class='ocrx_word' id='word_1_270' title='bbox 316 3453 388 3525; x_wconf 76' lang='grc' dir='ltr'>αὖθις</span> <span class='ocrx_word' id='word_1_271' title='bbox 402 3457 543 3536; x_wconf 88' lang='grc' dir='ltr'>προθήσειν</span> <span class='ocrx_word' id='word_1_272' title='bbox 554 3456 634 3535; x_wconf 90' lang='grc' dir='ltr'>νόμον</span> <span class='ocrx_word' id='word_1_273' title='bbox 652 3455 698 3515; x_wconf 79' lang='grc' dir='ltr'><strong>καί</strong></span> <span class='ocrx_word' id='word_1_274' title='bbox 713 3454 756 3515; x_wconf 83' lang='grc' dir='ltr'><strong>τόν</strong></span> <span class='ocrx_word' id='word_1_275' title='bbox 767 3454 833 3536; x_wconf 83' lang='grc' dir='ltr'>ὑπὲρ</span> <span class='ocrx_word' id='word_1_276' title='bbox 851 3459 897 3526; x_wconf 79' lang='grc' dir='ltr'><strong>τῆς</strong></span> <span class='ocrx_word' id='word_1_277' title='bbox 911 3458 992 3515; x_wconf 84' lang='grc' dir='ltr'>ἰσοτι-</span> 
     </span>
     <span class='ocr_line' id='line_1_37' title="bbox 213 3545 989 3626; baseline -0.004 -18"><span class='ocrx_word' id='word_1_278' title='bbox 213 3578 225 3599; x_wconf 87' lang='grc' dir='ltr'><strong>ιι</strong></span> <span class='ocrx_word' id='word_1_279' title='bbox 241 3550 317 3626; x_wconf 87' lang='grc' dir='ltr'>μίας,</span> <span class='ocrx_word' id='word_1_280' title='bbox 335 3550 380 3608; x_wconf 81' lang='grc' dir='ltr'><strong>καὶ</strong></span> <span class='ocrx_word' id='word_1_281' title='bbox 395 3551 496 3616; x_wconf 82' lang='grc' dir='ltr'>πάντας</span> <span class='ocrx_word' id='word_1_282' title='bbox 517 3547 575 3618; x_wconf 79' lang='grc' dir='ltr'>ἑξῆς</span> <span class='ocrx_word' id='word_1_283' title='bbox 596 3546 738 3619; x_wconf 73' lang='grc' dir='ltr'>ζητήσειν,</span> <span class='ocrx_word' id='word_1_284' title='bbox 758 3545 773 3604; x_wconf 85' lang='grc' dir='ltr'>ό</span> <span class='ocrx_word' id='word_1_285' title='bbox 792 3570 819 3606; x_wconf 94' lang='grc' dir='ltr'><strong>τι</strong></span> <span class='ocrx_word' id='word_1_286' title='bbox 840 3545 989 3625; x_wconf 79' lang='grc' dir='ltr'>λέγοντες-δ,</span> 
     </span>
     <span class='ocr_line' id='line_1_38' title="bbox 213 3634 990 3717; baseline -0.001 -22"><span class='ocrx_word' id='word_1_287' title='bbox 213 3668 225 3690; x_wconf 89' lang='grc' dir='ltr'><strong>ιι</strong></span> <span class='ocrx_word' id='word_1_288' title='bbox 241 3639 399 3717; x_wconf 89' lang='grc' dir='ltr'>πράττοντες</span> <span class='ocrx_word' id='word_1_289' title='bbox 413 3638 443 3696; x_wconf 86' lang='grc' dir='ltr'><strong>τδ</strong></span> <span class='ocrx_word' id='word_1_290' title='bbox 459 3638 506 3716; x_wconf 84' lang='grc' dir='ltr'><strong>μὲν</strong></span> <span class='ocrx_word' id='word_1_291' title='bbox 518 3643 565 3695; x_wconf 80' lang='grc' dir='ltr'><strong>τοῦ</strong></span> <span class='ocrx_word' id='word_1_292' title='bbox 580 3637 665 3712; x_wconf 88' lang='grc' dir='ltr'>δήμου</span> <span class='ocrx_word' id='word_1_293' title='bbox 678 3636 772 3715; x_wconf 83' lang='grc' dir='ltr'>κράτος</span> <span class='ocrx_word' id='word_1_294' title='bbox 783 3634 932 3708; x_wconf 80' lang='grc' dir='ltr'>αὐξήσουσι,</span> <span class='ocrx_word' id='word_1_295' title='bbox 945 3636 990 3703; x_wconf 80' lang='grc' dir='ltr'><strong>τδς</strong></span> 
     </span>
     <span class='ocr_line' id='line_1_39' title="bbox 214 3723 990 3806; baseline -0.014 -21"><span class='ocrx_word' id='word_1_296' title='bbox 214 3754 225 3778; x_wconf 89' lang='grc' dir='ltr'><strong>ιι</strong></span> <span class='ocrx_word' id='word_1_297' title='bbox 242 3725 269 3785; x_wconf 87' lang='grc' dir='ltr'><strong>δὲ</strong></span> <span class='ocrx_word' id='word_1_298' title='bbox 283 3733 329 3799; x_wconf 81' lang='grc' dir='ltr'><strong>τῆς</strong></span> <span class='ocrx_word' id='word_1_299' title='bbox 347 3729 441 3806; x_wconf 76' lang='grc' dir='ltr'>βουλῆς</span> <span class='ocrx_word' id='word_1_300' title='bbox 456 3726 533 3802; x_wconf 84' lang='grc' dir='ltr'>τιμδις</span> <span class='ocrx_word' id='word_1_301' title='bbox 543 3723 730 3784; x_wconf 89' lang='grc' dir='ltr'>καταλύσουσι.</span> <span class='ocrx_word' id='word_1_302' title='bbox 744 3751 756 3776; x_wconf 78' lang='lat' dir='ltr'><strong>s</strong></span> <span class='ocrx_word' id='word_1_303' title='bbox 770 3758 810 3770; x_wconf 95' lang='lat'>-</span> <span class='ocrx_word' id='word_1_304' title='bbox 825 3725 877 3784; x_wconf 71' lang='grc' dir='ltr'>Καὶ</span> <span class='ocrx_word' id='word_1_305' title='bbox 890 3723 990 3804; x_wconf 59' lang='grc' dir='ltr'>σφόδρα</span> 
     </span>
     <span class='ocr_line' id='line_1_40' title="bbox 214 3810 989 3891; baseline -0.006 -18"><span class='ocrx_word' id='word_1_306' title='bbox 214 3815 316 3885; x_wconf 81' lang='grc' dir='ltr'>ἐκίνησε</span> <span class='ocrx_word' id='word_1_307' title='bbox 338 3814 396 3881; x_wconf 83' lang='grc' dir='ltr'>τοὺς</span> <span class='ocrx_word' id='word_1_308' title='bbox 420 3813 531 3880; x_wconf 78' lang='grc' dir='ltr'>πολλοὺς</span> <span class='ocrx_word' id='word_1_309' title='bbox 546 3819 560 3873; x_wconf 90' lang='grc' dir='ltr'>ό</span> <span class='ocrx_word' id='word_1_310' title='bbox 573 3813 659 3891; x_wconf 90' lang='grc' dir='ltr'>λόγος.</span> <span class='ocrx_word' id='word_1_311' title='bbox 702 3810 819 3872; x_wconf 80' lang='grc' dir='ltr'>Ἔπειτα</span> <span class='ocrx_word' id='word_1_312' title='bbox 841 3815 989 3890; x_wconf 85' lang='grc' dir='ltr'>μετήγαγεν</span> 
     </span>
     <span class='ocr_line' id='line_1_41' title="bbox 159 3899 990 3979; baseline -0.004 -20"><span class='ocrx_word' id='word_1_313' title='bbox 159 3933 186 3970; x_wconf 71' lang='lat'><strong>40</strong></span> <span class='ocrx_word' id='word_1_314' title='bbox 214 3902 333 3969; x_wconf 79' lang='grc' dir='ltr'>αύτούςό</span> <span class='ocrx_word' id='word_1_315' title='bbox 351 3903 481 3974; x_wconf 87' lang='grc' dir='ltr'>Κοίντιος,</span> <span class='ocrx_word' id='word_1_316' title='bbox 498 3901 628 3965; x_wconf 84' lang='grc' dir='ltr'>διδάσκων</span> <span class='ocrx_word' id='word_1_317' title='bbox 652 3928 663 3952; x_wconf 90' lang='grc' dir='ltr'><strong>ιι</strong></span> <span class='ocrx_word' id='word_1_318' title='bbox 679 3899 743 3959; x_wconf 85' lang='grc' dir='ltr'><strong>Ὅτι</strong></span> <span class='ocrx_word' id='word_1_319' title='bbox 754 3901 817 3979; x_wconf 85' lang='grc' dir='ltr'>πρὸς</span> <span class='ocrx_word' id='word_1_320' title='bbox 832 3904 878 3971; x_wconf 82' lang='grc' dir='ltr'><strong>τῆς</strong></span> <span class='ocrx_word' id='word_1_321' title='bbox 894 3901 990 3978; x_wconf 81' lang='grc' dir='ltr'>βουλῆς</span> 
     </span>
     <span class='ocr_line' id='line_1_42' title="bbox 215 3975 989 4066; baseline -0.003 -17"><span class='ocrx_word' id='word_1_322' title='bbox 215 4018 226 4040; x_wconf 87' lang='grc' dir='ltr'><strong>ιι</strong></span> <span class='ocrx_word' id='word_1_323' title='bbox 243 3993 298 4049; x_wconf 83' lang='grc' dir='ltr'>ἐστι</span> <span class='ocrx_word' id='word_1_324' title='bbox 312 3989 464 4056; x_wconf 75' lang='grc' dir='ltr'>τὸπολλοὺς</span> <span class='ocrx_word' id='word_1_325' title='bbox 476 3979 542 4048; x_wconf 75' lang='grc' dir='ltr'>εἶναι</span> <span class='ocrx_word' id='word_1_326' title='bbox 560 3994 606 4047; x_wconf 78' lang='grc' dir='ltr'><strong>τοῦ</strong></span> <span class='ocrx_word' id='word_1_327' title='bbox 621 3988 705 4065; x_wconf 86' lang='grc' dir='ltr'>δήμου</span> <span class='ocrx_word' id='word_1_328' title='bbox 717 3986 877 4066; x_wconf 86' lang='grc' dir='ltr'>προστάτας.</span> <span class='ocrx_word' id='word_1_329' title='bbox 918 3975 989 4047; x_wconf 59' lang='lat' dir='ltr'><strong>²&#39;Hr-</strong></span> 
     </span>
     <span class='ocr_line' id='line_1_43' title="bbox 215 4076 988 4159; baseline -0.003 -23"><span class='ocrx_word' id='word_1_330' title='bbox 215 4106 226 4129; x_wconf 89' lang='grc' dir='ltr'><strong>ιι</strong></span> <span class='ocrx_word' id='word_1_331' title='bbox 240 4102 284 4137; x_wconf 92' lang='grc' dir='ltr'><strong>τον</strong></span> <span class='ocrx_word' id='word_1_332' title='bbox 307 4079 359 4159; x_wconf 83' lang='grc' dir='ltr'>γδιρ</span> <span class='ocrx_word' id='word_1_333' title='bbox 379 4083 532 4156; x_wconf 78' lang='grc' dir='ltr'>ὁμονοήσειν</span> <span class='ocrx_word' id='word_1_334' title='bbox 551 4080 608 4145; x_wconf 80' lang='grc' dir='ltr'>τοὺς</span> <span class='ocrx_word' id='word_1_335' title='bbox 632 4077 737 4143; x_wconf 86' lang='grc' dir='ltr'>πλείους</span> <span class='ocrx_word' id='word_1_336' title='bbox 758 4081 811 4135; x_wconf 86' lang='grc' dir='ltr'><strong>τῶν</strong></span> <span class='ocrx_word' id='word_1_337' title='bbox 828 4076 988 4149; x_wconf 80' lang='grc' dir='ltr'>ἐλαττόνων,</span> 
     </span>
     <span class='ocr_line' id='line_1_44' title="bbox 215 4160 990 4246; baseline -0.001 -21"><span class='ocrx_word' id='word_1_338' title='bbox 215 4167 303 4244; x_wconf 79' lang='grc' dir='ltr'>«μίαν</span> <span class='ocrx_word' id='word_1_339' title='bbox 323 4168 350 4225; x_wconf 76' lang='grc' dir='ltr'><strong>δὲ</strong></span> <span class='ocrx_word' id='word_1_340' title='bbox 375 4170 495 4246; x_wconf 86' lang='grc' dir='ltr'>βοήθειαν</span> <span class='ocrx_word' id='word_1_341' title='bbox 516 4160 582 4228; x_wconf 73' lang='grc' dir='ltr'>εἶναι</span> <span class='ocrx_word' id='word_1_342' title='bbox 609 4175 661 4236; x_wconf 85' lang='grc' dir='ltr'>τοῖς</span> <span class='ocrx_word' id='word_1_343' title='bbox 686 4174 795 4237; x_wconf 88' lang='grc' dir='ltr'>κοινοῖς,</span> <span class='ocrx_word' id='word_1_344' title='bbox 819 4165 851 4237; x_wconf 79' lang='grc' dir='ltr'>ἣν</span> <span class='ocrx_word' id='word_1_345' title='bbox 876 4163 990 4225; x_wconf 80' lang='grc' dir='ltr'>Ἄππιον</span> 
     </span>
     <span class='ocr_line' id='line_1_45' title="bbox 214 4254 989 4335; baseline -0.004 -20"><span class='ocrx_word' id='word_1_346' title='bbox 214 4283 226 4307; x_wconf 89' lang='grc' dir='ltr'><strong>ιι</strong></span> <span class='ocrx_word' id='word_1_347' title='bbox 246 4255 375 4315; x_wconf 89' lang='grc' dir='ltr'>Κλαύδιον</span> <span class='ocrx_word' id='word_1_348' title='bbox 390 4255 433 4313; x_wconf 86' lang='grc' dir='ltr'><strong>τδν</strong></span> <span class='ocrx_word' id='word_1_349' title='bbox 448 4254 527 4317; x_wconf 80' lang='grc' dir='ltr'>Γαίου</span> <span class='ocrx_word' id='word_1_350' title='bbox 543 4255 646 4335; x_wconf 83' lang='grc' dir='ltr'>πατέρα</span> <span class='ocrx_word' id='word_1_351' title='bbox 658 4258 760 4334; x_wconf 78' lang='grc' dir='ltr'>πρῶτον</span> <span class='ocrx_word' id='word_1_352' title='bbox 774 4255 853 4327; x_wconf 86' lang='grc' dir='ltr'>ίδεῖν,</span> <span class='ocrx_word' id='word_1_353' title='bbox 870 4254 915 4314; x_wconf 79' lang='lat' dir='ltr'><strong>tto</strong></span> <span class='ocrx_word' id='word_1_354' title='bbox 926 4280 989 4314; x_wconf 88' lang='grc' dir='ltr'>στα·</span> 
     </span>
     <span class='ocr_line' id='line_1_46' title="bbox 159 4343 990 4423; baseline 0 -21"><span class='ocrx_word' id='word_1_355' title='bbox 159 4374 184 4411; x_wconf 71' lang='lat'><strong>45</strong></span> <span class='ocrx_word' id='word_1_356' title='bbox 214 4372 226 4396; x_wconf 91' lang='grc' dir='ltr'><strong>ιι</strong></span> <span class='ocrx_word' id='word_1_357' title='bbox 243 4345 319 4422; x_wconf 79' lang='grc' dir='ltr'>σιάζη</span> <span class='ocrx_word' id='word_1_358' title='bbox 335 4344 364 4401; x_wconf 85' lang='grc' dir='ltr'><strong>τὸ</strong></span> <span class='ocrx_word' id='word_1_359' title='bbox 380 4348 484 4423; x_wconf 79' lang='grc' dir='ltr'>ἀρχεῖον</span> <span class='ocrx_word' id='word_1_360' title='bbox 496 4346 542 4404; x_wconf 80' lang='grc' dir='ltr'><strong>καὶ</strong></span> <span class='ocrx_word' id='word_1_361' title='bbox 558 4344 595 4422; x_wconf 77' lang='grc' dir='ltr'>μή</span> <span class='ocrx_word' id='word_1_362' title='bbox 609 4354 675 4403; x_wconf 74' lang='grc' dir='ltr'>πᾶσι</span> <span class='ocrx_word' id='word_1_363' title='bbox 694 4344 724 4401; x_wconf 87' lang='grc' dir='ltr'><strong>τὸ</strong></span> <span class='ocrx_word' id='word_1_364' title='bbox 740 4343 803 4401; x_wconf 86' lang='grc' dir='ltr'>αὐτδ</span> <span class='ocrx_word' id='word_1_365' title='bbox 827 4347 900 4423; x_wconf 81' lang='grc' dir='ltr'>δοκῇ.</span> <span class='ocrx_word' id='word_1_366' title='bbox 918 4374 930 4394; x_wconf 88' lang='grc' dir='ltr'><strong>ιι</strong></span> <span class='ocrx_word' id='word_1_367' title='bbox 950 4380 990 4388; x_wconf 95' lang='grc'><strong>-</strong></span> 
     </span>
     <span class='ocr_line' id='line_1_47' title="bbox 212 4431 989 4513; baseline -0.004 -20"><span class='ocrx_word' id='word_1_368' title='bbox 212 4433 316 4493; x_wconf 85' lang='grc' dir='ltr'>Ἐδόκει</span> <span class='ocrx_word' id='word_1_369' title='bbox 327 4457 355 4491; x_wconf 84' lang='grc' dir='ltr'><strong>τε</strong></span> <span class='ocrx_word' id='word_1_370' title='bbox 373 4433 404 4500; x_wconf 77' lang='grc' dir='ltr'><strong>δὴ</strong></span> <span class='ocrx_word' id='word_1_371' title='bbox 418 4440 501 4492; x_wconf 79' lang='grc' dir='ltr'>ταῦτα</span> <span class='ocrx_word' id='word_1_372' title='bbox 525 4433 680 4513; x_wconf 75' lang='grc' dir='ltr'>καὶγίνεται</span> <span class='ocrx_word' id='word_1_373' title='bbox 697 4431 782 4513; x_wconf 88' lang='grc' dir='ltr'>δόγμα</span> <span class='ocrx_word' id='word_1_374' title='bbox 801 4437 908 4513; x_wconf 80' lang='grc' dir='ltr'>βουλῆς·</span> <span class='ocrx_word' id='word_1_375' title='bbox 926 4433 989 4501; x_wconf 77' lang='grc' dir='ltr'>ἐξεῖ-</span> 
     </span>
     <span class='ocr_line' id='line_1_48' title="bbox 212 4520 988 4604; baseline -0.003 -26"><span class='ocrx_word' id='word_1_376' title='bbox 212 4545 255 4580; x_wconf 93' lang='grc' dir='ltr'><strong>ναι</strong></span> <span class='ocrx_word' id='word_1_377' title='bbox 268 4526 304 4601; x_wconf 80' lang='grc' dir='ltr'><strong>τῷ</strong></span> <span class='ocrx_word' id='word_1_378' title='bbox 319 4521 396 4600; x_wconf 85' lang='grc' dir='ltr'>δήμῳ</span> <span class='ocrx_word' id='word_1_379' title='bbox 419 4520 480 4579; x_wconf 88' lang='grc' dir='ltr'>δέκα</span> <span class='ocrx_word' id='word_1_380' title='bbox 497 4524 650 4604; x_wconf 88' lang='grc' dir='ltr'>δημάρχους</span> <span class='ocrx_word' id='word_1_381' title='bbox 665 4524 723 4581; x_wconf 82' lang='grc' dir='ltr'>καθ’</span> <span class='ocrx_word' id='word_1_382' title='bbox 741 4522 850 4582; x_wconf 77' lang='grc' dir='ltr'>ἕκαστον</span> <span class='ocrx_word' id='word_1_383' title='bbox 873 4523 988 4581; x_wconf 82' lang='grc' dir='ltr'>ἐνιαυτὸν</span> 
     </span>
     <span class='ocr_line' id='line_1_49' title="bbox 213 4612 987 4691; baseline 0 -20"><span class='ocrx_word' id='word_1_384' title='bbox 213 4613 414 4687; x_wconf 79' lang='grc' dir='ltr'>ἀποδεικνύναι,</span> <span class='ocrx_word' id='word_1_385' title='bbox 439 4615 490 4670; x_wconf 83' lang='grc' dir='ltr'><strong>τῶν</strong></span> <span class='ocrx_word' id='word_1_386' title='bbox 502 4613 529 4672; x_wconf 79' lang='grc' dir='ltr'><strong>δὲ</strong></span> <span class='ocrx_word' id='word_1_387' title='bbox 545 4614 604 4672; x_wconf 89' lang='grc' dir='ltr'>τότε</span> <span class='ocrx_word' id='word_1_388' title='bbox 628 4612 708 4672; x_wconf 85' lang='grc' dir='ltr'>ὄντων</span> <span class='ocrx_word' id='word_1_389' title='bbox 736 4614 762 4671; x_wconf 81' lang='grc' dir='ltr'>έν</span> <span class='ocrx_word' id='word_1_390' title='bbox 781 4615 850 4691; x_wconf 80' lang='grc' dir='ltr'>ἀρχῇ</span> <span class='ocrx_word' id='word_1_391' title='bbox 875 4612 987 4688; x_wconf 86' lang='grc' dir='ltr'>μηδένα.</span> 
     </span>
     <span class='ocr_line' id='line_1_50' title="bbox 214 4700 994 4780; baseline -0.004 -19"><span class='ocrx_word' id='word_1_392' title='bbox 214 4706 300 4761; x_wconf 80' lang='grc' dir='ltr'>Ἰὀῖιτο</span> <span class='ocrx_word' id='word_1_393' title='bbox 308 4702 336 4758; x_wconf 85' lang='grc' dir='ltr'><strong>τὸ</strong></span> <span class='ocrx_word' id='word_1_394' title='bbox 348 4700 535 4780; x_wconf 79' lang='grc' dir='ltr'>προύσύλευμα</span> <span class='ocrx_word' id='word_1_395' title='bbox 544 4705 567 4758; x_wconf 89' lang='grc' dir='ltr'><strong>οί</strong></span> <span class='ocrx_word' id='word_1_396' title='bbox 580 4701 639 4780; x_wconf 81' lang='grc' dir='ltr'>περὶ</span> <span class='ocrx_word' id='word_1_397' title='bbox 651 4701 695 4757; x_wconf 76' lang='grc' dir='ltr'><strong>τὀν</strong></span> <span class='ocrx_word' id='word_1_398' title='bbox 705 4703 858 4780; x_wconf 86' lang='grc' dir='ltr'>Οὐεργίνιον</span> <span class='ocrx_word' id='word_1_399' title='bbox 870 4700 994 4767; x_wconf 79' lang='grc' dir='ltr'>λαίόντες</span> 
     </span>
     <span class='ocr_line' id='line_1_51' title="bbox 162 4788 992 4870; baseline -0.007 -21"><span class='ocrx_word' id='word_1_400' title='bbox 162 4812 187 4849; x_wconf 79' lang='lat' dir='ltr'><strong>to</strong></span> <span class='ocrx_word' id='word_1_401' title='bbox 214 4790 258 4847; x_wconf 86' lang='grc' dir='ltr'><strong>τὸν</strong></span> <span class='ocrx_word' id='word_1_402' title='bbox 278 4790 318 4847; x_wconf 81' lang='grc' dir='ltr'>ἐπ’</span> <span class='ocrx_word' id='word_1_403' title='bbox 334 4793 402 4869; x_wconf 84' lang='grc' dir='ltr'>αὐτῷ</span> <span class='ocrx_word' id='word_1_404' title='bbox 416 4790 549 4870; x_wconf 67' lang='grc' dir='ltr'>γραφέντα</span> <span class='ocrx_word' id='word_1_405' title='bbox 560 4788 639 4862; x_wconf 89' lang='grc' dir='ltr'>νόμον</span> <span class='ocrx_word' id='word_1_406' title='bbox 655 4790 719 4846; x_wconf 82' lang='grc' dir='ltr'>δέκα</span> <span class='ocrx_word' id='word_1_407' title='bbox 734 4790 884 4869; x_wconf 85' lang='grc' dir='ltr'>δημάρχους</span> <span class='ocrx_word' id='word_1_408' title='bbox 898 4791 933 4854; x_wconf 82' lang='grc' dir='ltr'><strong>εἰς</strong></span> <span class='ocrx_word' id='word_1_409' title='bbox 949 4789 992 4847; x_wconf 78' lang='grc' dir='ltr'><strong>τὸν</strong></span> 
     </span>
     <span class='ocr_line' id='line_1_52' title="bbox 216 4875 993 4954; baseline 0 -20"><span class='ocrx_word' id='word_1_410' title='bbox 216 4881 322 4936; x_wconf 77' lang='grc' dir='ltr'>ἐπιόντα</span> <span class='ocrx_word' id='word_1_411' title='bbox 333 4880 448 4938; x_wconf 88' lang='grc' dir='ltr'>ε’νιαυτδν</span> <span class='ocrx_word' id='word_1_412' title='bbox 458 4875 606 4943; x_wconf 82' lang='grc' dir='ltr'>ἀπέδειξαν.</span> <span class='ocrx_word' id='word_1_413' title='bbox 650 4878 830 4954; x_wconf 83' lang='grc' dir='ltr'>Παυσαμένης</span> <span class='ocrx_word' id='word_1_414' title='bbox 838 4880 864 4936; x_wconf 79' lang='grc' dir='ltr'><strong>δὲ</strong></span> <span class='ocrx_word' id='word_1_415' title='bbox 874 4881 919 4948; x_wconf 70' lang='grc' dir='ltr'><strong>τῆς</strong></span> <span class='ocrx_word' id='word_1_416' title='bbox 930 4877 993 4935; x_wconf 92' lang='grc' dir='ltr'>στά-</span> 
     </span>
     <span class='ocr_line' id='line_1_53' title="bbox 216 4963 993 5046; baseline 0.001 -24"><span class='ocrx_word' id='word_1_417' title='bbox 216 4988 292 5039; x_wconf 84' lang='grc' dir='ltr'>σεως,</span> <span class='ocrx_word' id='word_1_418' title='bbox 309 4970 525 5046; x_wconf 72' lang='grc' dir='ltr'>καταγράψαντες</span> <span class='ocrx_word' id='word_1_419' title='bbox 541 4963 587 5030; x_wconf 88' lang='grc' dir='ltr'>τδις</span> <span class='ocrx_word' id='word_1_420' title='bbox 603 4966 725 5041; x_wconf 87' lang='grc' dir='ltr'>δυνάμεις</span> <span class='ocrx_word' id='word_1_421' title='bbox 740 4970 763 5024; x_wconf 81' lang='grc' dir='ltr'><strong>οἱ</strong></span> <span class='ocrx_word' id='word_1_422' title='bbox 779 4970 872 5025; x_wconf 73' lang='grc' dir='ltr'>ὕπατοι</span> <span class='ocrx_word' id='word_1_423' title='bbox 889 4968 993 5038; x_wconf 81' lang='grc' dir='ltr'>διεκλη·</span> 
     </span>
     <span class='ocr_line' id='line_1_54' title="bbox 219 5047 993 5132; baseline 0.006 -22"><span class='ocrx_word' id='word_1_424' title='bbox 219 5053 334 5129; x_wconf 81' lang='grc' dir='ltr'>ρόισαντο</span> <span class='ocrx_word' id='word_1_425' title='bbox 358 5057 404 5122; x_wconf 79' lang='grc' dir='ltr'><strong>τὰς</strong></span> <span class='ocrx_word' id='word_1_426' title='bbox 423 5057 535 5121; x_wconf 78' lang='grc' dir='ltr'>ἐξόδους·</span> <span class='ocrx_word' id='word_1_427' title='bbox 551 5054 596 5110; x_wconf 82' lang='grc' dir='ltr'><strong>καὶ</strong></span> <span class='ocrx_word' id='word_1_428' title='bbox 612 5054 742 5132; x_wconf 85' lang='grc' dir='ltr'>Μηνυκίῳ</span> <span class='ocrx_word' id='word_1_429' title='bbox 761 5056 808 5128; x_wconf 84' lang='grc' dir='ltr'><strong>μὲν</strong></span> <span class='ocrx_word' id='word_1_430' title='bbox 828 5047 871 5114; x_wconf 75' lang='grc' dir='ltr'>σύν</span> <span class='ocrx_word' id='word_1_431' title='bbox 890 5057 903 5112; x_wconf 88' lang='grc' dir='ltr'>ό</span> <span class='ocrx_word' id='word_1_432' title='bbox 926 5058 993 5115; x_wconf 88' lang='grc' dir='ltr'><strong>κατά</strong></span> 
     </span>
     <span class='ocr_line' id='line_1_55' title="bbox 218 5138 992 5219; baseline 0.005 -21"><span class='ocrx_word' id='word_1_433' title='bbox 218 5138 339 5198; x_wconf 68' lang='lat' dir='ltr'><strong>Eetion</strong></span> <span class='ocrx_word' id='word_1_434' title='bbox 353 5144 466 5216; x_wconf 86' lang='grc' dir='ltr'>πόλεμος</span> <span class='ocrx_word' id='word_1_435' title='bbox 482 5139 569 5211; x_wconf 85' lang='grc' dir='ltr'>ἐδόθη.</span> <span class='ocrx_word' id='word_1_436' title='bbox 586 5138 703 5219; x_wconf 87' lang='grc' dir='ltr'>Ὁρατίῳ</span> <span class='ocrx_word' id='word_1_437' title='bbox 716 5141 771 5199; x_wconf 84' lang='grc' dir='ltr'><strong>άὲό</strong></span> <span class='ocrx_word' id='word_1_438' title='bbox 787 5143 845 5198; x_wconf 85' lang='grc' dir='ltr'>κατ’</span> <span class='ocrx_word' id='word_1_439' title='bbox 859 5142 992 5213; x_wconf 82' lang='grc' dir='ltr'>Αἰκανῶν,</span> 
     </span>
    </p>
   </div>
   <div class='ocr_carea' id='block_1_3' title="bbox 728 313 1298 380">
    <p class='ocr_par' dir='ltr' id='par_1_4' title="bbox 728 313 1298 380">
     <span class='ocr_line' id='line_1_56' title="bbox 728 313 1298 380; baseline 0.007 -4"><span class='ocrx_word' id='word_1_440' title='bbox 728 313 898 377; x_wconf 77' lang='lat' dir='ltr'><strong>DIONYSll</strong></span> <span class='ocrx_word' id='word_1_441' title='bbox 921 314 1298 380; x_wconf 75' lang='lat' dir='ltr'><strong>Hltlcnssussssltsls</strong></span> 
     </span>
    </p>
   </div>
   <div class='ocr_carea' id='block_1_4' title="bbox 1046 459 1838 969">
    <p class='ocr_par' dir='ltr' id='par_1_5' title="bbox 1046 459 1838 969">
     <span class='ocr_line' id='line_1_57' title="bbox 1048 459 1838 524; baseline 0.015 -16"><span class='ocrx_word' id='word_1_442' title='bbox 1048 479 1060 501; x_wconf 84' lang='lat'>«</span> <span class='ocrx_word' id='word_1_443' title='bbox 1077 460 1192 511; x_wconf 78' lang='lat' dir='ltr'><strong>censetis</strong></span> <span class='ocrx_word' id='word_1_444' title='bbox 1213 459 1343 510; x_wconf 81' lang='lat' dir='ltr'><strong>vobiscum</strong></span> <span class='ocrx_word' id='word_1_445' title='bbox 1357 473 1406 509; x_wconf 90' lang='lat' dir='ltr'><strong>non</strong></span> <span class='ocrx_word' id='word_1_446' title='bbox 1422 460 1528 524; x_wconf 89' lang='lat' dir='ltr'><strong>amplius</strong></span> <span class='ocrx_word' id='word_1_447' title='bbox 1537 460 1585 512; x_wconf 84' lang='lat' dir='ltr'><strong>hac</strong></span> <span class='ocrx_word' id='word_1_448' title='bbox 1594 462 1627 514; x_wconf 92' lang='lat' dir='ltr'><strong>de</strong></span> <span class='ocrx_word' id='word_1_449' title='bbox 1646 477 1675 514; x_wconf 87' lang='lat' dir='ltr'><strong>re</strong></span> <span class='ocrx_word' id='word_1_450' title='bbox 1690 466 1838 519; x_wconf 85' lang='lat' dir='ltr'><strong>contende·</strong></span> 
     </span>
     <span class='ocr_line' id='line_1_58' title="bbox 1046 547 1836 618; baseline -0.001 -21"><span class='ocrx_word' id='word_1_451' title='bbox 1046 566 1059 590; x_wconf 91' lang='grc' dir='ltr'><strong>ι</strong></span> <span class='ocrx_word' id='word_1_452' title='bbox 1073 548 1196 608; x_wconf 76' lang='grc' dir='ltr'>ιιιιιεςιοθ</span> <span class='ocrx_word' id='word_1_453' title='bbox 1212 547 1277 598; x_wconf 88' lang='lat' dir='ltr'><strong>aliud</strong></span> <span class='ocrx_word' id='word_1_454' title='bbox 1296 547 1443 599; x_wconf 88' lang='lat' dir='ltr'><strong>beneticium</strong></span> <span class='ocrx_word' id='word_1_455' title='bbox 1456 562 1471 599; x_wconf 89' lang='lat' dir='ltr'><strong>a</strong></span> <span class='ocrx_word' id='word_1_456' title='bbox 1486 549 1555 600; x_wconf 81' lang='lat' dir='ltr'><strong>robis</strong></span> <span class='ocrx_word' id='word_1_457' title='bbox 1566 555 1692 615; x_wconf 75' lang='lat' dir='ltr'><strong>petemus,</strong></span> <span class='ocrx_word' id='word_1_458' title='bbox 1710 568 1765 618; x_wconf 89' lang='lat' dir='ltr'><strong>quo</strong></span> <span class='ocrx_word' id='word_1_459' title='bbox 1783 556 1836 608; x_wconf 79' lang='lat' dir='ltr'><strong>im.</strong></span> 
     </span>
     <span class='ocr_line' id='line_1_59' title="bbox 1046 637 1836 707; baseline 0.016 -23"><span class='ocrx_word' id='word_1_460' title='bbox 1046 656 1058 678; x_wconf 91' lang='grc' dir='ltr'><strong>ι</strong></span> <span class='ocrx_word' id='word_1_461' title='bbox 1072 640 1177 699; x_wconf 83' lang='lat' dir='ltr'><strong>petreio,</strong></span> <span class='ocrx_word' id='word_1_462' title='bbox 1193 637 1298 687; x_wconf 81' lang='lat' dir='ltr'><strong>lortcsse</strong></span> <span class='ocrx_word' id='word_1_463' title='bbox 1316 651 1347 687; x_wconf 90' lang='lat' dir='ltr'><strong>ue</strong></span> <span class='ocrx_word' id='word_1_464' title='bbox 1370 639 1441 687; x_wconf 85' lang='lat' dir='ltr'><strong>novis</strong></span> <span class='ocrx_word' id='word_1_465' title='bbox 1456 637 1557 703; x_wconf 88' lang='lat' dir='ltr'><strong>quidem</strong></span> <span class='ocrx_word' id='word_1_466' title='bbox 1574 640 1671 705; x_wconf 79' lang='lat' dir='ltr'><strong>legibus</strong></span> <span class='ocrx_word' id='word_1_467' title='bbox 1688 657 1756 707; x_wconf 91' lang='lat' dir='ltr'><strong>opus</strong></span> <span class='ocrx_word' id='word_1_468' title='bbox 1773 646 1836 697; x_wconf 85' lang='lat' dir='ltr'><strong>erit.</strong></span> 
     </span>
     <span class='ocr_line' id='line_1_60' title="bbox 1046 726 1834 798; baseline 0.014 -24"><span class='ocrx_word' id='word_1_469' title='bbox 1046 728 1193 775; x_wconf 75' lang='lat' dir='ltr'><strong>«veremur</strong></span> <span class='ocrx_word' id='word_1_470' title='bbox 1214 729 1297 777; x_wconf 84' lang='lat' dir='ltr'><strong>nutem</strong></span> <span class='ocrx_word' id='word_1_471' title='bbox 1323 740 1354 776; x_wconf 89' lang='lat' dir='ltr'><strong>no</strong></span> <span class='ocrx_word' id='word_1_472' title='bbox 1379 726 1427 777; x_wconf 84' lang='lat' dir='ltr'><strong>hoc</strong></span> <span class='ocrx_word' id='word_1_473' title='bbox 1451 741 1550 793; x_wconf 86' lang='lat' dir='ltr'><strong>quoqne</strong></span> <span class='ocrx_word' id='word_1_474' title='bbox 1573 731 1648 782; x_wconf 84' lang='lat' dir='ltr'><strong>nobis</strong></span> <span class='ocrx_word' id='word_1_475' title='bbox 1671 731 1834 798; x_wconf 50' lang='lat' dir='ltr'><strong>denepetuR</strong></span> 
     </span>
     <span class='ocr_line' id='line_1_61' title="bbox 1047 813 1834 886; baseline 0.019 -26"><span class='ocrx_word' id='word_1_476' title='bbox 1047 813 1140 879; x_wconf 79' lang='lat' dir='ltr'><strong>«quod</strong></span> <span class='ocrx_word' id='word_1_477' title='bbox 1154 814 1249 865; x_wconf 89' lang='lat' dir='ltr'><strong>nullum</strong></span> <span class='ocrx_word' id='word_1_478' title='bbox 1261 814 1439 866; x_wconf 81' lang='lat' dir='ltr'><strong>detrimentum</strong></span> <span class='ocrx_word' id='word_1_479' title='bbox 1454 816 1549 868; x_wconf 75' lang='lat' dir='ltr'><strong>senatui</strong></span> <span class='ocrx_word' id='word_1_480' title='bbox 1564 817 1664 881; x_wconf 86' lang='lat' dir='ltr'><strong>alteret,</strong></span> <span class='ocrx_word' id='word_1_481' title='bbox 1679 821 1751 886; x_wconf 86' lang='lat' dir='ltr'><strong>plebi</strong></span> <span class='ocrx_word' id='word_1_482' title='bbox 1769 836 1834 875; x_wconf 85' lang='lat' dir='ltr'><strong>rem</strong></span> 
     </span>
     <span class='ocr_line' id='line_1_62' title="bbox 1048 902 1600 969; baseline 0.002 -20"><span class='ocrx_word' id='word_1_483' title='bbox 1048 922 1061 947; x_wconf 79' lang='grc' dir='ltr'><strong>ιι</strong></span> <span class='ocrx_word' id='word_1_484' title='bbox 1077 902 1149 954; x_wconf 80' lang='lat' dir='ltr'><strong>valde</strong></span> <span class='ocrx_word' id='word_1_485' title='bbox 1161 903 1325 954; x_wconf 82' lang='lat' dir='ltr'><strong>honorificum</strong></span> <span class='ocrx_word' id='word_1_486' title='bbox 1336 905 1363 955; x_wconf 92' lang='lat' dir='ltr'><strong>et</strong></span> <span class='ocrx_word' id='word_1_487' title='bbox 1375 906 1504 969; x_wconf 80' lang='lat' dir='ltr'><strong>acceptum</strong></span> <span class='ocrx_word' id='word_1_488' title='bbox 1519 905 1575 956; x_wconf 89' lang='lat' dir='ltr'><strong>erit.</strong></span> <span class='ocrx_word' id='word_1_489' title='bbox 1587 927 1600 950; x_wconf 75' lang='lat' dir='ltr'><strong>s</strong></span> 
     </span>
    </p>
   </div>
   <div class='ocr_carea' id='block_1_5' title="bbox 1044 1099 1833 5209">
    <p class='ocr_par' dir='ltr' id='par_1_6' title="bbox 1044 1099 1833 5209">
     <span class='ocr_line' id='line_1_63' title="bbox 1078 1099 1833 1167; baseline 0.017 -21"><span class='ocrx_word' id='word_1_490' title='bbox 1078 1099 1150 1147; x_wconf 79' lang='lat' dir='ltr'><strong>xllx.</strong></span> <span class='ocrx_word' id='word_1_491' title='bbox 1164 1100 1248 1156; x_wconf 86' lang='lat' dir='ltr'><strong>Quum</strong></span> <span class='ocrx_word' id='word_1_492' title='bbox 1268 1102 1353 1150; x_wconf 90' lang='lat' dir='ltr'><strong>autem</strong></span> <span class='ocrx_word' id='word_1_493' title='bbox 1376 1102 1463 1152; x_wconf 88' lang='lat' dir='ltr'><strong>consul</strong></span> <span class='ocrx_word' id='word_1_494' title='bbox 1486 1103 1665 1167; x_wconf 70' lang='lat' dir='ltr'><strong>respondisset,</strong></span> <span class='ocrx_word' id='word_1_495' title='bbox 1694 1105 1717 1156; x_wconf 89' lang='lat' dir='ltr'><strong>sl</strong></span> <span class='ocrx_word' id='word_1_496' title='bbox 1737 1107 1833 1160; x_wconf 83' lang='lat' dir='ltr'><strong>tribuni</strong></span> 
     </span>
     <span class='ocr_line' id='line_1_64' title="bbox 1047 1196 1831 1266; baseline 0.017 -21"><span class='ocrx_word' id='word_1_497' title='bbox 1047 1197 1169 1247; x_wconf 74' lang='lat' dir='ltr'><strong>actionem</strong></span> <span class='ocrx_word' id='word_1_498' title='bbox 1181 1196 1256 1248; x_wconf 69' lang='lat' dir='ltr'><strong>mlum</strong></span> <span class='ocrx_word' id='word_1_499' title='bbox 1269 1199 1364 1250; x_wconf 87' lang='lat' dir='ltr'><strong>senatui</strong></span> <span class='ocrx_word' id='word_1_500' title='bbox 1378 1201 1557 1264; x_wconf 87' lang='lat' dir='ltr'><strong>permitterent,</strong></span> <span class='ocrx_word' id='word_1_501' title='bbox 1577 1202 1638 1252; x_wconf 84' lang='lat' dir='ltr'><strong>nihil</strong></span> <span class='ocrx_word' id='word_1_502' title='bbox 1651 1203 1716 1266; x_wconf 74' lang='lat' dir='ltr'><strong>iusti</strong></span> <span class='ocrx_word' id='word_1_503' title='bbox 1728 1206 1767 1256; x_wconf 88' lang='lat' dir='ltr'><strong>eis</strong></span> <span class='ocrx_word' id='word_1_504' title='bbox 1782 1206 1831 1258; x_wconf 89' lang='lat' dir='ltr'><strong>de-</strong></span> 
     </span>
     <span class='ocr_line' id='line_1_65' title="bbox 1048 1298 1830 1373; baseline 0.015 -26"><span class='ocrx_word' id='word_1_505' title='bbox 1048 1300 1163 1361; x_wconf 77' lang='lat' dir='ltr'><strong>negatum</strong></span> <span class='ocrx_word' id='word_1_506' title='bbox 1179 1298 1217 1361; x_wconf 91' lang='lat' dir='ltr'><strong>iri,</strong></span> <span class='ocrx_word' id='word_1_507' title='bbox 1234 1300 1398 1366; x_wconf 85' lang='lat' dir='ltr'><strong>jussissetque</strong></span> <span class='ocrx_word' id='word_1_508' title='bbox 1421 1299 1492 1352; x_wconf 81' lang='lat' dir='ltr'><strong>efferi</strong></span> <span class='ocrx_word' id='word_1_509' title='bbox 1516 1302 1577 1366; x_wconf 89' lang='lat' dir='ltr'><strong>quid</strong></span> <span class='ocrx_word' id='word_1_510' title='bbox 1599 1307 1725 1368; x_wconf 85' lang='lat' dir='ltr'><strong>peterent,</strong></span> <span class='ocrx_word' id='word_1_511' title='bbox 1744 1309 1830 1373; x_wconf 79' lang='lat' dir='ltr'><strong>Virgi-</strong></span> 
     </span>
     <span class='ocr_line' id='line_1_66' title="bbox 1049 1402 1831 1475; baseline 0.014 -23"><span class='ocrx_word' id='word_1_512' title='bbox 1049 1402 1114 1463; x_wconf 86' lang='lat' dir='ltr'><strong>nius,</strong></span> <span class='ocrx_word' id='word_1_513' title='bbox 1136 1417 1215 1468; x_wconf 85' lang='lat' dir='ltr'><strong>pauco</strong></span> <span class='ocrx_word' id='word_1_514' title='bbox 1234 1403 1303 1468; x_wconf 90' lang='lat' dir='ltr'><strong>prius</strong></span> <span class='ocrx_word' id='word_1_515' title='bbox 1323 1418 1380 1455; x_wconf 92' lang='lat' dir='ltr'><strong>cum</strong></span> <span class='ocrx_word' id='word_1_516' title='bbox 1398 1403 1498 1469; x_wconf 75' lang='lat' dir='ltr'><strong>collegis</strong></span> <span class='ocrx_word' id='word_1_517' title='bbox 1522 1405 1681 1470; x_wconf 87' lang='lat' dir='ltr'><strong>collocutus&#39;,</strong></span> <span class='ocrx_word' id='word_1_518' title='bbox 1701 1412 1831 1475; x_wconf 75' lang='lat' dir='ltr'><strong>respondit</strong></span> 
     </span>
     <span class='ocr_line' id='line_1_67' title="bbox 1049 1504 1832 1564; baseline 0.013 -10"><span class='ocrx_word' id='word_1_519' title='bbox 1049 1504 1145 1555; x_wconf 89' lang='lat' dir='ltr'><strong>seidin</strong></span> <span class='ocrx_word' id='word_1_520' title='bbox 1162 1509 1250 1555; x_wconf 88' lang='lat' dir='ltr'><strong>senatu</strong></span> <span class='ocrx_word' id='word_1_521' title='bbox 1267 1504 1402 1556; x_wconf 85' lang='lat' dir='ltr'><strong>dicturum.</strong></span> <span class='ocrx_word' id='word_1_522' title='bbox 1436 1509 1540 1557; x_wconf 76' lang='lat' dir='ltr'><strong>lemos</strong></span> <span class='ocrx_word' id='word_1_523' title='bbox 1554 1514 1644 1560; x_wconf 87' lang='lat' dir='ltr'><strong>senatu</strong></span> <span class='ocrx_word' id='word_1_524' title='bbox 1659 1513 1832 1564; x_wconf 87' lang='lat' dir='ltr'><strong>aeonsulibus</strong></span> 
     </span>
     <span class='ocr_line' id='line_1_68' title="bbox 1049 1607 1829 1678; baseline 0.01 -21"><span class='ocrx_word' id='word_1_525' title='bbox 1049 1611 1144 1668; x_wconf 90' lang='lat' dir='ltr'><strong>coacto,</strong></span> <span class='ocrx_word' id='word_1_526' title='bbox 1157 1608 1198 1660; x_wconf 91' lang='lat' dir='ltr'><strong>ille</strong></span> <span class='ocrx_word' id='word_1_527' title='bbox 1218 1609 1243 1659; x_wconf 90' lang='lat' dir='ltr'><strong>iu</strong></span> <span class='ocrx_word' id='word_1_528' title='bbox 1258 1607 1366 1660; x_wconf 88' lang='lat' dir='ltr'><strong>medium</strong></span> <span class='ocrx_word' id='word_1_529' title='bbox 1381 1621 1538 1672; x_wconf 76' lang='lat' dir='ltr'><strong>progressus,</strong></span> <span class='ocrx_word' id='word_1_530' title='bbox 1555 1611 1673 1663; x_wconf 85' lang='lat' dir='ltr'><strong>omuibus</strong></span> <span class='ocrx_word' id='word_1_531' title='bbox 1682 1613 1758 1678; x_wconf 83' lang='lat' dir='ltr'><strong>plebis</strong></span> <span class='ocrx_word' id='word_1_532' title='bbox 1771 1617 1829 1678; x_wconf 89' lang='lat' dir='ltr'><strong>pri-</strong></span> 
     </span>
     <span class='ocr_line' id='line_1_69' title="bbox 1051 1706 1828 1777; baseline 0.012 -21"><span class='ocrx_word' id='word_1_533' title='bbox 1051 1706 1146 1772; x_wconf 75' lang='lat' dir='ltr'><strong>vilegiis</strong></span> <span class='ocrx_word' id='word_1_534' title='bbox 1159 1721 1244 1758; x_wconf 89' lang='lat' dir='ltr'><strong>secum</strong></span> <span class='ocrx_word' id='word_1_535' title='bbox 1256 1707 1281 1756; x_wconf 93' lang='lat' dir='ltr'><strong>in</strong></span> <span class='ocrx_word' id='word_1_536' title='bbox 1297 1707 1390 1757; x_wconf 89' lang='lat' dir='ltr'><strong>curiam</strong></span> <span class='ocrx_word' id='word_1_537' title='bbox 1402 1706 1492 1766; x_wconf 84' lang='lat' dir='ltr'><strong>allatis,</strong></span> <span class='ocrx_word' id='word_1_538' title='bbox 1504 1708 1586 1772; x_wconf 87' lang='lat' dir='ltr'><strong>petiit,</strong></span> <span class='ocrx_word' id='word_1_539' title='bbox 1602 1715 1631 1760; x_wconf 90' lang='lat' dir='ltr'><strong>ut</strong></span> <span class='ocrx_word' id='word_1_540' title='bbox 1642 1710 1720 1772; x_wconf 86' lang='lat' dir='ltr'><strong>plebis</strong></span> <span class='ocrx_word' id='word_1_541' title='bbox 1733 1714 1828 1777; x_wconf 81' lang='lat' dir='ltr'><strong>magis·</strong></span> 
     </span>
     <span class='ocr_line' id='line_1_70' title="bbox 1050 1804 1829 1873; baseline 0.008 -18"><span class='ocrx_word' id='word_1_542' title='bbox 1050 1808 1131 1855; x_wconf 89' lang='lat' dir='ltr'><strong>tratus</strong></span> <span class='ocrx_word' id='word_1_543' title='bbox 1142 1804 1318 1869; x_wconf 78' lang='lat' dir='ltr'><strong>duplicaretur,</strong></span> <span class='ocrx_word' id='word_1_544' title='bbox 1331 1806 1356 1854; x_wconf 88' lang='lat' dir='ltr'><strong>et</strong></span> <span class='ocrx_word' id='word_1_545' title='bbox 1367 1817 1411 1869; x_wconf 89' lang='lat' dir='ltr'><strong>pro</strong></span> <span class='ocrx_word' id='word_1_546' title='bbox 1420 1805 1529 1868; x_wconf 85' lang='lat' dir='ltr'><strong>quinque</strong></span> <span class='ocrx_word' id='word_1_547' title='bbox 1547 1804 1655 1858; x_wconf 83' lang='lat' dir='ltr'><strong>tribunis</strong></span> <span class='ocrx_word' id='word_1_548' title='bbox 1666 1808 1754 1861; x_wconf 88' lang='lat' dir='ltr'><strong>decem</strong></span> <span class='ocrx_word' id='word_1_549' title='bbox 1763 1808 1829 1873; x_wconf 77' lang='lat' dir='ltr'><strong>quo·</strong></span> 
     </span>
     <span class='ocr_line' id='line_1_71' title="bbox 1050 1902 1830 1973; baseline 0.012 -22"><span class='ocrx_word' id='word_1_550' title='bbox 1050 1902 1131 1953; x_wconf 89' lang='lat' dir='ltr'><strong>tannis</strong></span> <span class='ocrx_word' id='word_1_551' title='bbox 1139 1906 1291 1954; x_wconf 78' lang='lat' dir='ltr'><strong>crearentur.</strong></span> <span class='ocrx_word' id='word_1_552' title='bbox 1325 1905 1377 1953; x_wconf 89' lang='lat' dir='ltr'><strong>iloc</strong></span> <span class='ocrx_word' id='word_1_553' title='bbox 1388 1902 1429 1953; x_wconf 83' lang='lat' dir='ltr'><strong>ulii</strong></span> <span class='ocrx_word' id='word_1_554' title='bbox 1447 1902 1541 1953; x_wconf 89' lang='lat' dir='ltr'><strong>nullum</strong></span> <span class='ocrx_word' id='word_1_555' title='bbox 1552 1903 1673 1957; x_wconf 86' lang='lat' dir='ltr'><strong>dsnmum</strong></span> <span class='ocrx_word' id='word_1_556' title='bbox 1684 1908 1830 1973; x_wconf 77' lang='lat' dir='ltr'><strong>reipublice</strong></span> 
     </span>
     <span class='ocr_line' id='line_1_72' title="bbox 1051 1998 1831 2065; baseline 0.012 -16"><span class='ocrx_word' id='word_1_557' title='bbox 1051 1999 1181 2050; x_wconf 78' lang='lat' dir='ltr'><strong>allaturum</strong></span> <span class='ocrx_word' id='word_1_558' title='bbox 1205 2001 1402 2060; x_wconf 60' lang='lat' dir='ltr'><strong>ordinabantur,</strong></span> <span class='ocrx_word' id='word_1_559' title='bbox 1430 1998 1475 2050; x_wconf 86' lang='lat' dir='ltr'><strong>sed</strong></span> <span class='ocrx_word' id='word_1_560' title='bbox 1493 2000 1676 2055; x_wconf 85' lang='lat' dir='ltr'><strong>concedendum</strong></span> <span class='ocrx_word' id='word_1_561' title='bbox 1700 2019 1765 2065; x_wconf 81' lang='lat' dir='ltr'><strong>esse.</strong></span> <span class='ocrx_word' id='word_1_562' title='bbox 1786 2021 1831 2058; x_wconf 85' lang='lat' dir='ltr'><strong>nec</strong></span> 
     </span>
     <span class='ocr_line' id='line_1_73' title="bbox 1049 2097 1830 2162; baseline 0.01 -16"><span class='ocrx_word' id='word_1_563' title='bbox 1049 2097 1185 2161; x_wconf 79' lang='lat' dir='ltr'><strong>quidquem</strong></span> <span class='ocrx_word' id='word_1_564' title='bbox 1222 2099 1372 2149; x_wconf 86' lang='lat' dir='ltr'><strong>moliendum</strong></span> <span class='ocrx_word' id='word_1_565' title='bbox 1408 2099 1554 2161; x_wconf 80' lang='lat' dir='ltr'><strong>censebrut;</strong></span> <span class='ocrx_word' id='word_1_566' title='bbox 1587 2100 1658 2162; x_wconf 77' lang='lat' dir='ltr'><strong>cuius</strong></span> <span class='ocrx_word' id='word_1_567' title='bbox 1696 2105 1830 2155; x_wconf 79' lang='lat' dir='ltr'><strong>sententie</strong></span> 
     </span>
     <span class='ocr_line' id='line_1_74' title="bbox 1050 2195 1827 2261; baseline 0.005 -16"><span class='ocrx_word' id='word_1_568' title='bbox 1050 2195 1163 2261; x_wconf 87' lang='lat' dir='ltr'><strong>princeps</strong></span> <span class='ocrx_word' id='word_1_569' title='bbox 1187 2201 1240 2249; x_wconf 86' lang='lat' dir='ltr'><strong>erat</strong></span> <span class='ocrx_word' id='word_1_570' title='bbox 1264 2200 1293 2247; x_wconf 88' lang='lat' dir='ltr'><strong>L.</strong></span> <span class='ocrx_word' id='word_1_571' title='bbox 1308 2196 1443 2259; x_wconf 87' lang='lat' dir='ltr'><strong>Quintius,</strong></span> <span class='ocrx_word' id='word_1_572' title='bbox 1459 2196 1526 2259; x_wconf 80' lang='lat' dir='ltr'><strong>cujus</strong></span> <span class='ocrx_word' id='word_1_573' title='bbox 1536 2198 1590 2247; x_wconf 92' lang='lat' dir='ltr'><strong>tum</strong></span> <span class='ocrx_word' id='word_1_574' title='bbox 1604 2197 1713 2247; x_wconf 79' lang='lat' dir='ltr'><strong>mulina</strong></span> <span class='ocrx_word' id='word_1_575' title='bbox 1724 2202 1782 2248; x_wconf 85' lang='lat' dir='ltr'><strong>erat</strong></span> <span class='ocrx_word' id='word_1_576' title='bbox 1800 2199 1827 2249; x_wconf 88' lang='lat' dir='ltr'><strong>iu</strong></span> 
     </span>
     <span class='ocr_line' id='line_1_75' title="bbox 1049 2291 1825 2358; baseline 0.003 -15"><span class='ocrx_word' id='word_1_577' title='bbox 1049 2297 1136 2343; x_wconf 81' lang='lat' dir='ltr'><strong>senatu</strong></span> <span class='ocrx_word' id='word_1_578' title='bbox 1148 2294 1292 2345; x_wconf 77' lang='lat' dir='ltr'><strong>auctoritas.</strong></span> <span class='ocrx_word' id='word_1_579' title='bbox 1325 2296 1395 2344; x_wconf 89' lang='lat' dir='ltr'><strong>Unus</strong></span> <span class='ocrx_word' id='word_1_580' title='bbox 1406 2291 1633 2352; x_wconf 81' lang='lat' dir='ltr'><strong>solusccnlrsdixit,</strong></span> <span class='ocrx_word' id='word_1_581' title='bbox 1647 2294 1678 2344; x_wconf 85' lang='lat' dir='ltr'><strong>c.</strong></span> <span class='ocrx_word' id='word_1_582' title='bbox 1690 2294 1825 2358; x_wconf 86' lang='lat' dir='ltr'><strong>claudius,</strong></span> 
     </span>
     <span class='ocr_line' id='line_1_76' title="bbox 1051 2388 1828 2457; baseline 0.003 -17"><span class='ocrx_word' id='word_1_583' title='bbox 1051 2391 1122 2456; x_wconf 81' lang='lat' dir='ltr'><strong>Appii</strong></span> <span class='ocrx_word' id='word_1_584' title='bbox 1141 2390 1309 2454; x_wconf 73' lang='lat' dir='ltr'><strong>dimisum,</strong></span> <span class='ocrx_word' id='word_1_585' title='bbox 1331 2393 1373 2457; x_wconf 93' lang='lat' dir='ltr'><strong>qui</strong></span> <span class='ocrx_word' id='word_1_586' title='bbox 1397 2404 1494 2456; x_wconf 86' lang='lat' dir='ltr'><strong>semper</strong></span> <span class='ocrx_word' id='word_1_587' title='bbox 1512 2388 1625 2441; x_wconf 85' lang='lat' dir='ltr'><strong>omnibus</strong></span> <span class='ocrx_word' id='word_1_588' title='bbox 1648 2390 1728 2455; x_wconf 86' lang='lat' dir='ltr'><strong>plebis</strong></span> <span class='ocrx_word' id='word_1_589' title='bbox 1751 2392 1828 2442; x_wconf 85' lang='lat' dir='ltr'><strong>novis</strong></span> 
     </span>
     <span class='ocr_line' id='line_1_77' title="bbox 1050 2487 1828 2554; baseline 0.003 -16"><span class='ocrx_word' id='word_1_590' title='bbox 1050 2487 1169 2540; x_wconf 85' lang='lat' dir='ltr'><strong>institutis</strong></span> <span class='ocrx_word' id='word_1_591' title='bbox 1183 2489 1219 2552; x_wconf 90' lang='lat' dir='ltr'><strong>(si</strong></span> <span class='ocrx_word' id='word_1_592' title='bbox 1231 2504 1281 2554; x_wconf 92' lang='lat' dir='ltr'><strong>qua</strong></span> <span class='ocrx_word' id='word_1_593' title='bbox 1292 2489 1376 2552; x_wconf 89' lang='lat' dir='ltr'><strong>iniqua</strong></span> <span class='ocrx_word' id='word_1_594' title='bbox 1397 2492 1475 2552; x_wconf 87' lang='lat' dir='ltr'><strong>erant)</strong></span> <span class='ocrx_word' id='word_1_595' title='bbox 1497 2488 1642 2539; x_wconf 68' lang='lat' dir='ltr'><strong>adversatus</strong></span> <span class='ocrx_word' id='word_1_596' title='bbox 1667 2489 1764 2548; x_wconf 66' lang='lat' dir='ltr'><strong>luerat,</strong></span> <span class='ocrx_word' id='word_1_597' title='bbox 1781 2490 1828 2554; x_wconf 90' lang='lat' dir='ltr'><strong>qui</strong></span> 
     </span>
     <span class='ocr_line' id='line_1_78' title="bbox 1050 2585 1827 2651; baseline 0.003 -16"><span class='ocrx_word' id='word_1_598' title='bbox 1050 2599 1079 2635; x_wconf 84' lang='lat' dir='ltr'><strong>er</strong></span> <span class='ocrx_word' id='word_1_599' title='bbox 1100 2585 1177 2650; x_wconf 80' lang='lat' dir='ltr'><strong>patris</strong></span> <span class='ocrx_word' id='word_1_600' title='bbox 1198 2585 1326 2650; x_wconf 80' lang='lat' dir='ltr'><strong>disciplina</strong></span> <span class='ocrx_word' id='word_1_601' title='bbox 1343 2599 1420 2649; x_wconf 89' lang='lat' dir='ltr'><strong>quum</strong></span> <span class='ocrx_word' id='word_1_602' title='bbox 1431 2590 1458 2637; x_wconf 91' lang='lat' dir='ltr'><strong>et</strong></span> <span class='ocrx_word' id='word_1_603' title='bbox 1475 2586 1529 2651; x_wconf 84' lang='lat' dir='ltr'><strong>ipsc</strong></span> <span class='ocrx_word' id='word_1_604' title='bbox 1550 2585 1710 2637; x_wconf 82' lang='lat' dir='ltr'><strong>consulatum</strong></span> <span class='ocrx_word' id='word_1_605' title='bbox 1722 2590 1827 2649; x_wconf 76' lang='lat' dir='ltr'><strong>gereret,</strong></span> 
     </span>
     <span class='ocr_line' id='line_1_79' title="bbox 1050 2682 1828 2748; baseline 0.003 -15"><span class='ocrx_word' id='word_1_606' title='bbox 1050 2683 1179 2747; x_wconf 80' lang='lat' dir='ltr'><strong>impedivit</strong></span> <span class='ocrx_word' id='word_1_607' title='bbox 1193 2696 1223 2734; x_wconf 90' lang='lat' dir='ltr'><strong>ne</strong></span> <span class='ocrx_word' id='word_1_608' title='bbox 1235 2684 1361 2748; x_wconf 83' lang='lat' dir='ltr'><strong>inquisitio</strong></span> <span class='ocrx_word' id='word_1_609' title='bbox 1381 2685 1407 2734; x_wconf 92' lang='lat' dir='ltr'><strong>in</strong></span> <span class='ocrx_word' id='word_1_610' title='bbox 1421 2687 1567 2748; x_wconf 80' lang='lat' dir='ltr'><strong>equestrem</strong></span> <span class='ocrx_word' id='word_1_611' title='bbox 1586 2682 1708 2744; x_wconf 85' lang='lat' dir='ltr'><strong>ordinem,</strong></span> <span class='ocrx_word' id='word_1_612' title='bbox 1723 2686 1756 2735; x_wconf 89' lang='lat' dir='ltr'><strong>de</strong></span> <span class='ocrx_word' id='word_1_613' title='bbox 1766 2698 1828 2735; x_wconf 87' lang='lat' dir='ltr'><strong>non-</strong></span> 
     </span>
     <span class='ocr_line' id='line_1_80' title="bbox 1048 2781 1827 2847; baseline 0.005 -17"><span class='ocrx_word' id='word_1_614' title='bbox 1048 2783 1172 2846; x_wconf 83' lang='lat' dir='ltr'><strong>juratione</strong></span> <span class='ocrx_word' id='word_1_615' title='bbox 1187 2782 1248 2832; x_wconf 84' lang='lat' dir='ltr'><strong>luiso</strong></span> <span class='ocrx_word' id='word_1_616' title='bbox 1266 2786 1419 2846; x_wconf 84' lang='lat' dir='ltr'><strong>suspectum,</strong></span> <span class='ocrx_word' id='word_1_617' title='bbox 1443 2781 1551 2833; x_wconf 88' lang='lat' dir='ltr'><strong>tribunis</strong></span> <span class='ocrx_word' id='word_1_618' title='bbox 1568 2783 1764 2847; x_wconf 82' lang='lat' dir='ltr'><strong>permitteretur.</strong></span> <span class='ocrx_word' id='word_1_619' title='bbox 1780 2784 1827 2834; x_wconf 87' lang='lat' dir='ltr'><strong>liic</strong></span> 
     </span>
     <span class='ocr_line' id='line_1_81' title="bbox 1050 2879 1826 2945; baseline 0.004 -16"><span class='ocrx_word' id='word_1_620' title='bbox 1050 2880 1135 2945; x_wconf 84' lang='lat' dir='ltr'><strong>paucis</strong></span> <span class='ocrx_word' id='word_1_621' title='bbox 1161 2880 1243 2930; x_wconf 76' lang='lat' dir='ltr'><strong>verbis</strong></span> <span class='ocrx_word' id='word_1_622' title='bbox 1267 2880 1367 2940; x_wconf 87' lang='lat' dir='ltr'><strong>docuit,</strong></span> <span class='ocrx_word' id='word_1_623' title='bbox 1396 2879 1490 2944; x_wconf 86' lang='lat' dir='ltr'><strong>plebem</strong></span> <span class='ocrx_word' id='word_1_624' title='bbox 1513 2893 1560 2931; x_wconf 82' lang='lat' dir='ltr'><strong>nec</strong></span> <span class='ocrx_word' id='word_1_625' title='bbox 1580 2880 1755 2933; x_wconf 82' lang='lat' dir='ltr'><strong>modestiorem</strong></span> <span class='ocrx_word' id='word_1_626' title='bbox 1777 2894 1826 2932; x_wconf 87' lang='lat' dir='ltr'><strong>nec</strong></span> 
     </span>
     <span class='ocr_line' id='line_1_82' title="bbox 1050 2977 1825 3043; baseline 0.003 -15"><span class='ocrx_word' id='word_1_627' title='bbox 1050 2978 1177 3028; x_wconf 88' lang='lat' dir='ltr'><strong>meliorem</strong></span> <span class='ocrx_word' id='word_1_628' title='bbox 1200 2978 1309 3029; x_wconf 81' lang='lat' dir='ltr'><strong>suturam</strong></span> <span class='ocrx_word' id='word_1_629' title='bbox 1325 2978 1449 3043; x_wconf 86' lang='lat' dir='ltr'><strong>duplicato</strong></span> <span class='ocrx_word' id='word_1_630' title='bbox 1462 2977 1516 3040; x_wconf 85' lang='lat' dir='ltr'><strong>ejus</strong></span> <span class='ocrx_word' id='word_1_631' title='bbox 1540 2978 1700 3043; x_wconf 76' lang='lat' dir='ltr'><strong>magistratu,</strong></span> <span class='ocrx_word' id='word_1_632' title='bbox 1719 2978 1763 3030; x_wconf 87' lang='lat' dir='ltr'><strong>sed</strong></span> <span class='ocrx_word' id='word_1_633' title='bbox 1776 2979 1825 3031; x_wconf 89' lang='lat' dir='ltr'><strong>de-</strong></span> 
     </span>
     <span class='ocr_line' id='line_1_83' title="bbox 1050 3077 1825 3140; baseline 0.004 -14"><span class='ocrx_word' id='word_1_634' title='bbox 1050 3079 1195 3126; x_wconf 86' lang='lat' dir='ltr'><strong>mentiorem</strong></span> <span class='ocrx_word' id='word_1_635' title='bbox 1209 3091 1237 3126; x_wconf 84' lang='lat' dir='ltr'><strong>ac</strong></span> <span class='ocrx_word' id='word_1_636' title='bbox 1256 3077 1446 3128; x_wconf 87' lang='lat' dir='ltr'><strong>insolentiorem.</strong></span> <span class='ocrx_word' id='word_1_637' title='bbox 1479 3080 1566 3140; x_wconf 83' lang='lat' dir='ltr'><strong>Neque</strong></span> <span class='ocrx_word' id='word_1_638' title='bbox 1581 3078 1728 3129; x_wconf 88' lang='lat' dir='ltr'><strong>enimeertis</strong></span> <span class='ocrx_word' id='word_1_639' title='bbox 1738 3077 1825 3129; x_wconf 88' lang='lat' dir='ltr'><strong>condi·</strong></span> 
     </span>
     <span class='ocr_line' id='line_1_84' title="bbox 1050 3173 1826 3240; baseline 0.004 -17"><span class='ocrx_word' id='word_1_640' title='bbox 1050 3173 1160 3224; x_wconf 88' lang='lat' dir='ltr'><strong>tionibus</strong></span> <span class='ocrx_word' id='word_1_641' title='bbox 1174 3187 1226 3235; x_wconf 86' lang='lat' dir='ltr'><strong>eos,</strong></span> <span class='ocrx_word' id='word_1_642' title='bbox 1238 3177 1280 3238; x_wconf 89' lang='lat' dir='ltr'><strong>qui</strong></span> <span class='ocrx_word' id='word_1_643' title='bbox 1298 3176 1463 3240; x_wconf 88' lang='lat' dir='ltr'><strong>inposterum</strong></span> <span class='ocrx_word' id='word_1_644' title='bbox 1477 3176 1578 3226; x_wconf 89' lang='lat' dir='ltr'><strong>creandi</strong></span> <span class='ocrx_word' id='word_1_645' title='bbox 1589 3179 1683 3236; x_wconf 88' lang='lat' dir='ltr'><strong>essent,</strong></span> <span class='ocrx_word' id='word_1_646' title='bbox 1697 3176 1826 3238; x_wconf 78' lang='lat' dir='ltr'><strong>magistra·</strong></span> 
     </span>
     <span class='ocr_line' id='line_1_85' title="bbox 1050 3271 1828 3338; baseline 0.004 -17"><span class='ocrx_word' id='word_1_647' title='bbox 1050 3273 1103 3324; x_wconf 93' lang='lat' dir='ltr'><strong>tum</strong></span> <span class='ocrx_word' id='word_1_648' title='bbox 1118 3278 1279 3335; x_wconf 79' lang='lat' dir='ltr'><strong>accepturos,</strong></span> <span class='ocrx_word' id='word_1_649' title='bbox 1303 3274 1339 3323; x_wconf 83' lang='lat' dir='ltr'><strong>ite</strong></span> <span class='ocrx_word' id='word_1_650' title='bbox 1358 3276 1386 3323; x_wconf 91' lang='lat' dir='ltr'><strong>ut</strong></span> <span class='ocrx_word' id='word_1_651' title='bbox 1410 3271 1489 3338; x_wconf 84' lang='lat' dir='ltr'><strong>pactis</strong></span> <span class='ocrx_word' id='word_1_652' title='bbox 1509 3277 1618 3335; x_wconf 86' lang='lat' dir='ltr'><strong>starent;</strong></span> <span class='ocrx_word' id='word_1_653' title='bbox 1635 3273 1680 3325; x_wconf 88' lang='lat' dir='ltr'><strong>sed</strong></span> <span class='ocrx_word' id='word_1_654' title='bbox 1698 3274 1828 3325; x_wconf 89' lang='lat' dir='ltr'><strong>conleslim</strong></span> 
     </span>
     <span class='ocr_line' id='line_1_86' title="bbox 1049 3368 1828 3437; baseline 0.005 -19"><span class='ocrx_word' id='word_1_655' title='bbox 1049 3369 1081 3419; x_wconf 86' lang='lat' dir='ltr'><strong>de</strong></span> <span class='ocrx_word' id='word_1_656' title='bbox 1092 3368 1263 3433; x_wconf 81' lang='lat' dir='ltr'><strong>legeegrarin,</strong></span> <span class='ocrx_word' id='word_1_657' title='bbox 1288 3373 1313 3420; x_wconf 88' lang='lat' dir='ltr'><strong>ot</strong></span> <span class='ocrx_word' id='word_1_658' title='bbox 1328 3368 1359 3419; x_wconf 89' lang='lat' dir='ltr'><strong>de</strong></span> <span class='ocrx_word' id='word_1_659' title='bbox 1372 3368 1507 3419; x_wconf 87' lang='lat' dir='ltr'><strong>honoribus</strong></span> <span class='ocrx_word' id='word_1_660' title='bbox 1526 3371 1655 3437; x_wconf 77' lang='lat' dir='ltr'><strong>sequendis</strong></span> <span class='ocrx_word' id='word_1_661' title='bbox 1678 3371 1828 3422; x_wconf 79' lang='lat' dir='ltr'><strong>mentionem</strong></span> 
     </span>
     <span class='ocr_line' id='line_1_87' title="bbox 1051 3465 1830 3533; baseline 0.006 -18"><span class='ocrx_word' id='word_1_662' title='bbox 1051 3465 1173 3525; x_wconf 85' lang='lat' dir='ltr'><strong>tacturos,</strong></span> <span class='ocrx_word' id='word_1_663' title='bbox 1200 3480 1334 3531; x_wconf 87' lang='lat' dir='ltr'><strong>omnesque</strong></span> <span class='ocrx_word' id='word_1_664' title='bbox 1362 3466 1478 3532; x_wconf 80' lang='lat' dir='ltr'><strong>deinceps</strong></span> <span class='ocrx_word' id='word_1_665' title='bbox 1500 3467 1573 3519; x_wconf 85' lang='lat' dir='ltr'><strong>dictis</strong></span> <span class='ocrx_word' id='word_1_666' title='bbox 1600 3472 1627 3520; x_wconf 90' lang='lat' dir='ltr'><strong>et</strong></span> <span class='ocrx_word' id='word_1_667' title='bbox 1650 3469 1722 3520; x_wconf 82' lang='lat' dir='ltr'><strong>lectis</strong></span> <span class='ocrx_word' id='word_1_668' title='bbox 1748 3469 1830 3533; x_wconf 89' lang='lat' dir='ltr'><strong>plebis</strong></span> 
     </span>
     <span class='ocr_line' id='line_1_88' title="bbox 1051 3563 1829 3630; baseline 0.005 -16"><span class='ocrx_word' id='word_1_669' title='bbox 1051 3563 1186 3630; x_wconf 90' lang='lat' dir='ltr'><strong>potentiam</strong></span> <span class='ocrx_word' id='word_1_670' title='bbox 1198 3576 1295 3626; x_wconf 80' lang='lat' dir='ltr'><strong>sugere,</strong></span> <span class='ocrx_word' id='word_1_671' title='bbox 1310 3566 1336 3613; x_wconf 94' lang='lat' dir='ltr'><strong>et</strong></span> <span class='ocrx_word' id='word_1_672' title='bbox 1347 3568 1446 3614; x_wconf 87' lang='lat' dir='ltr'><strong>senstus</strong></span> <span class='ocrx_word' id='word_1_673' title='bbox 1463 3564 1570 3616; x_wconf 78' lang='lat' dir='ltr'><strong>honoms</strong></span> <span class='ocrx_word' id='word_1_674' title='bbox 1584 3566 1672 3616; x_wconf 89' lang='lat' dir='ltr'><strong>tollere</strong></span> <span class='ocrx_word' id='word_1_675' title='bbox 1686 3570 1829 3618; x_wconf 85' lang='lat' dir='ltr'><strong>conaturos.</strong></span> 
     </span>
     <span class='ocr_line' id='line_1_89' title="bbox 1051 3661 1828 3717; baseline 0.005 -4"><span class='ocrx_word' id='word_1_676' title='bbox 1051 3666 1110 3713; x_wconf 79' lang='lat' dir='ltr'><strong>llaec</strong></span> <span class='ocrx_word' id='word_1_677' title='bbox 1130 3662 1209 3712; x_wconf 86' lang='lat' dir='ltr'><strong>oratio</strong></span> <span class='ocrx_word' id='word_1_678' title='bbox 1227 3661 1318 3712; x_wconf 88' lang='lat' dir='ltr'><strong>multos</strong></span> <span class='ocrx_word' id='word_1_679' title='bbox 1331 3662 1492 3714; x_wconf 79' lang='lat' dir='ltr'><strong>vehementer</strong></span> <span class='ocrx_word' id='word_1_680' title='bbox 1510 3663 1597 3713; x_wconf 86' lang='lat' dir='ltr'><strong>morit.</strong></span> <span class='ocrx_word' id='word_1_681' title='bbox 1630 3663 1728 3716; x_wconf 82' lang='lat' dir='ltr'><strong>Deinde</strong></span> <span class='ocrx_word' id='word_1_682' title='bbox 1743 3668 1828 3717; x_wconf 89' lang='lat' dir='ltr'><strong>autem</strong></span> 
     </span>
     <span class='ocr_line' id='line_1_90' title="bbox 1050 3761 1829 3827; baseline 0.005 -15"><span class='ocrx_word' id='word_1_683' title='bbox 1050 3763 1166 3823; x_wconf 86' lang='lat' dir='ltr'><strong>Quintius</strong></span> <span class='ocrx_word' id='word_1_684' title='bbox 1180 3777 1222 3811; x_wconf 90' lang='lat' dir='ltr'><strong>eos</strong></span> <span class='ocrx_word' id='word_1_685' title='bbox 1231 3762 1255 3811; x_wconf 91' lang='lat' dir='ltr'><strong>in</strong></span> <span class='ocrx_word' id='word_1_686' title='bbox 1270 3761 1344 3811; x_wconf 90' lang='lat' dir='ltr'><strong>aliam</strong></span> <span class='ocrx_word' id='word_1_687' title='bbox 1353 3763 1499 3812; x_wconf 79' lang='lat' dir='ltr'><strong>senteutiam</strong></span> <span class='ocrx_word' id='word_1_688' title='bbox 1512 3762 1640 3824; x_wconf 82' lang='lat' dir='ltr'><strong>traduxit,</strong></span> <span class='ocrx_word' id='word_1_689' title='bbox 1651 3762 1745 3815; x_wconf 90' lang='lat' dir='ltr'><strong>docens</strong></span> <span class='ocrx_word' id='word_1_690' title='bbox 1754 3803 1761 3825; x_wconf 91' lang='lat'><strong>,</strong></span> <span class='ocrx_word' id='word_1_691' title='bbox 1771 3765 1829 3827; x_wconf 83' lang='lat' dir='ltr'><strong>jure</strong></span> 
     </span>
     <span class='ocr_line' id='line_1_91' title="bbox 1051 3863 1830 3930; baseline 0.001 -15"><span class='ocrx_word' id='word_1_692' title='bbox 1051 3870 1151 3915; x_wconf 88' lang='lat' dir='ltr'><strong>senatus</strong></span> <span class='ocrx_word' id='word_1_693' title='bbox 1170 3878 1239 3924; x_wconf 84' lang='lat' dir='ltr'><strong>esse,</strong></span> <span class='ocrx_word' id='word_1_694' title='bbox 1260 3865 1353 3914; x_wconf 92' lang='lat' dir='ltr'><strong>multos</strong></span> <span class='ocrx_word' id='word_1_695' title='bbox 1372 3879 1427 3915; x_wconf 86' lang='lat' dir='ltr'><strong>esse</strong></span> <span class='ocrx_word' id='word_1_696' title='bbox 1451 3865 1564 3915; x_wconf 85' lang='lat' dir='ltr'><strong>tribunos</strong></span> <span class='ocrx_word' id='word_1_697' title='bbox 1588 3863 1683 3928; x_wconf 88' lang='lat' dir='ltr'><strong>plebis;</strong></span> <span class='ocrx_word' id='word_1_698' title='bbox 1707 3865 1830 3930; x_wconf 83' lang='lat' dir='ltr'><strong>plurimos</strong></span> 
     </span>
     <span class='ocr_line' id='line_1_92' title="bbox 1049 3961 1829 4026; baseline 0.001 -13"><span class='ocrx_word' id='word_1_699' title='bbox 1049 3963 1114 4013; x_wconf 91' lang='lat' dir='ltr'><strong>euim</strong></span> <span class='ocrx_word' id='word_1_700' title='bbox 1132 3962 1213 4011; x_wconf 86' lang='lat' dir='ltr'><strong>miuus</strong></span> <span class='ocrx_word' id='word_1_701' title='bbox 1234 3962 1368 4012; x_wconf 86' lang='lat' dir='ltr'><strong>concordes</strong></span> <span class='ocrx_word' id='word_1_702' title='bbox 1384 3963 1449 4021; x_wconf 89' lang='lat' dir='ltr'><strong>lore,</strong></span> <span class='ocrx_word' id='word_1_703' title='bbox 1473 3976 1548 4026; x_wconf 81' lang='lat' dir='ltr'><strong>quom</strong></span> <span class='ocrx_word' id='word_1_704' title='bbox 1569 3961 1701 4026; x_wconf 79' lang='lat' dir='ltr'><strong>pauciores</strong></span> <span class='ocrx_word' id='word_1_705' title='bbox 1723 3983 1730 4013; x_wconf 90' lang='lat'><strong>:</strong></span> <span class='ocrx_word' id='word_1_706' title='bbox 1750 3977 1829 4014; x_wconf 88' lang='lat' dir='ltr'><strong>unum</strong></span> 
     </span>
     <span class='ocr_line' id='line_1_93' title="bbox 1050 4058 1829 4124; baseline -0.001 -13"><span class='ocrx_word' id='word_1_707' title='bbox 1050 4066 1131 4112; x_wconf 87' lang='lat' dir='ltr'><strong>autem</strong></span> <span class='ocrx_word' id='word_1_708' title='bbox 1156 4074 1211 4111; x_wconf 88' lang='lat' dir='ltr'><strong>esse</strong></span> <span class='ocrx_word' id='word_1_709' title='bbox 1235 4058 1378 4122; x_wconf 70' lang='lat' dir='ltr'><strong>reipublice</strong></span> <span class='ocrx_word' id='word_1_710' title='bbox 1393 4058 1529 4121; x_wconf 80' lang='lat' dir='ltr'><strong>auxilium,</strong></span> <span class='ocrx_word' id='word_1_711' title='bbox 1552 4058 1621 4122; x_wconf 88' lang='lat' dir='ltr'><strong>quod</strong></span> <span class='ocrx_word' id='word_1_712' title='bbox 1641 4058 1737 4124; x_wconf 75' lang='lat' dir='ltr'><strong>Appius</strong></span> <span class='ocrx_word' id='word_1_713' title='bbox 1753 4060 1829 4110; x_wconf 86' lang='lat' dir='ltr'><strong>clau·</strong></span> 
     </span>
     <span class='ocr_line' id='line_1_94' title="bbox 1048 4157 1829 4223; baseline -0.001 -12"><span class='ocrx_word' id='word_1_714' title='bbox 1048 4162 1119 4222; x_wconf 88' lang='lat' dir='ltr'><strong>dius,</strong></span> <span class='ocrx_word' id='word_1_715' title='bbox 1136 4161 1188 4210; x_wconf 83' lang='lat' dir='ltr'><strong>cnii</strong></span> <span class='ocrx_word' id='word_1_716' title='bbox 1210 4162 1288 4223; x_wconf 84' lang='lat' dir='ltr'><strong>puter,</strong></span> <span class='ocrx_word' id='word_1_717' title='bbox 1307 4159 1401 4223; x_wconf 91' lang='lat' dir='ltr'><strong>primus</strong></span> <span class='ocrx_word' id='word_1_718' title='bbox 1424 4157 1639 4219; x_wconf 80' lang='lat' dir='ltr'><strong>animadverterit,</strong></span> <span class='ocrx_word' id='word_1_719' title='bbox 1664 4157 1782 4209; x_wconf 80' lang='lat' dir='ltr'><strong>videlieet</strong></span> <span class='ocrx_word' id='word_1_720' title='bbox 1805 4160 1829 4210; x_wconf 88' lang='lat' dir='ltr'><strong>si</strong></span> 
     </span>
     <span class='ocr_line' id='line_1_95' title="bbox 1047 4254 1825 4323; baseline -0.008 -11"><span class='ocrx_word' id='word_1_721' title='bbox 1047 4262 1095 4312; x_wconf 93' lang='lat' dir='ltr'><strong>hoc</strong></span> <span class='ocrx_word' id='word_1_722' title='bbox 1107 4261 1236 4323; x_wconf 79' lang='lat' dir='ltr'><strong>collegium</strong></span> <span class='ocrx_word' id='word_1_723' title='bbox 1257 4257 1397 4317; x_wconf 85' lang='lat' dir='ltr'><strong>dissideret,</strong></span> <span class='ocrx_word' id='word_1_724' title='bbox 1418 4270 1463 4307; x_wconf 91' lang='lat' dir='ltr'><strong>nec</strong></span> <span class='ocrx_word' id='word_1_725' title='bbox 1474 4257 1587 4307; x_wconf 89' lang='lat' dir='ltr'><strong>omnibus</strong></span> <span class='ocrx_word' id='word_1_726' title='bbox 1603 4257 1669 4308; x_wconf 88' lang='lat' dir='ltr'><strong>idem</strong></span> <span class='ocrx_word' id='word_1_727' title='bbox 1685 4254 1825 4306; x_wconf 75' lang='lat' dir='ltr'><strong>rideretur.</strong></span> 
     </span>
     <span class='ocr_line' id='line_1_96' title="bbox 1047 4352 1825 4425; baseline -0.005 -15"><span class='ocrx_word' id='word_1_728' title='bbox 1047 4366 1076 4411; x_wconf 90' lang='lat' dir='ltr'><strong>ln</strong></span> <span class='ocrx_word' id='word_1_729' title='bbox 1091 4363 1153 4411; x_wconf 79' lang='lat' dir='ltr'><strong>lunc</strong></span> <span class='ocrx_word' id='word_1_730' title='bbox 1165 4361 1239 4425; x_wconf 82' lang='lat' dir='ltr'><strong>igitur</strong></span> <span class='ocrx_word' id='word_1_731' title='bbox 1248 4356 1393 4408; x_wconf 82' lang='lat' dir='ltr'><strong>sententium</strong></span> <span class='ocrx_word' id='word_1_732' title='bbox 1405 4356 1497 4404; x_wconf 87' lang='lat' dir='ltr'><strong>lactum</strong></span> <span class='ocrx_word' id='word_1_733' title='bbox 1511 4358 1550 4405; x_wconf 91' lang='lat' dir='ltr'><strong>est</strong></span> <span class='ocrx_word' id='word_1_734' title='bbox 1565 4352 1825 4406; x_wconf 70' lang='lat' dir='ltr'><strong>mustusconsultum:</strong></span> 
     </span>
     <span class='ocr_line' id='line_1_97' title="bbox 1049 4454 1828 4524; baseline -0.006 -15"><span class='ocrx_word' id='word_1_735' title='bbox 1049 4480 1060 4502; x_wconf 86' lang='grc' dir='ltr'><strong>ιι</strong></span> <span class='ocrx_word' id='word_1_736' title='bbox 1077 4461 1161 4510; x_wconf 80' lang='lat' dir='ltr'><strong>Licere</strong></span> <span class='ocrx_word' id='word_1_737' title='bbox 1185 4459 1249 4524; x_wconf 87' lang='lat' dir='ltr'><strong>plebi</strong></span> <span class='ocrx_word' id='word_1_738' title='bbox 1271 4458 1356 4507; x_wconf 84' lang='lat' dir='ltr'><strong>decem</strong></span> <span class='ocrx_word' id='word_1_739' title='bbox 1375 4455 1485 4506; x_wconf 88' lang='lat' dir='ltr'><strong>tribunos</strong></span> <span class='ocrx_word' id='word_1_740' title='bbox 1502 4454 1633 4518; x_wconf 88' lang='lat' dir='ltr'><strong>quotannis</strong></span> <span class='ocrx_word' id='word_1_741' title='bbox 1654 4465 1753 4514; x_wconf 81' lang='lat' dir='ltr'><strong>creare;</strong></span> <span class='ocrx_word' id='word_1_742' title='bbox 1780 4455 1828 4504; x_wconf 88' lang='lat' dir='ltr'><strong>sed</strong></span> 
     </span>
     <span class='ocr_line' id='line_1_98' title="bbox 1048 4551 1829 4623; baseline -0.003 -16"><span class='ocrx_word' id='word_1_743' title='bbox 1048 4580 1059 4601; x_wconf 93' lang='grc' dir='ltr'><strong>ιι</strong></span> <span class='ocrx_word' id='word_1_744' title='bbox 1075 4559 1169 4609; x_wconf 89' lang='lat' dir='ltr'><strong>nullum</strong></span> <span class='ocrx_word' id='word_1_745' title='bbox 1180 4574 1211 4609; x_wconf 81' lang='lat' dir='ltr'><strong>er</strong></span> <span class='ocrx_word' id='word_1_746' title='bbox 1220 4560 1274 4619; x_wconf 86' lang='lat' dir='ltr'><strong>illis,</strong></span> <span class='ocrx_word' id='word_1_747' title='bbox 1285 4560 1327 4623; x_wconf 91' lang='lat' dir='ltr'><strong>qui</strong></span> <span class='ocrx_word' id='word_1_748' title='bbox 1341 4563 1401 4608; x_wconf 89' lang='lat' dir='ltr'><strong>tunc</strong></span> <span class='ocrx_word' id='word_1_749' title='bbox 1407 4557 1579 4620; x_wconf 83' lang='lat' dir='ltr'><strong>magistratum</strong></span> <span class='ocrx_word' id='word_1_750' title='bbox 1588 4554 1712 4618; x_wconf 83' lang='lat' dir='ltr'><strong>gerebant.</strong></span> <span class='ocrx_word' id='word_1_751' title='bbox 1728 4574 1739 4596; x_wconf 91' lang='grc' dir='ltr'><strong>ιι</strong></span> <span class='ocrx_word' id='word_1_752' title='bbox 1749 4551 1829 4605; x_wconf 89' lang='lat' dir='ltr'><strong>ldse·</strong></span> 
     </span>
     <span class='ocr_line' id='line_1_99' title="bbox 1047 4649 1828 4718; baseline -0.01 -13"><span class='ocrx_word' id='word_1_753' title='bbox 1047 4657 1259 4706; x_wconf 86' lang='lat' dir='ltr'><strong>naluseonsultum</strong></span> <span class='ocrx_word' id='word_1_754' title='bbox 1276 4657 1404 4718; x_wconf 79' lang='lat' dir='ltr'><strong>acceptum</strong></span> <span class='ocrx_word' id='word_1_755' title='bbox 1420 4650 1544 4713; x_wconf 81' lang='lat' dir='ltr'><strong>Virginius</strong></span> <span class='ocrx_word' id='word_1_756' title='bbox 1561 4654 1586 4700; x_wconf 89' lang='lat' dir='ltr'><strong>et</strong></span> <span class='ocrx_word' id='word_1_757' title='bbox 1601 4649 1698 4713; x_wconf 74' lang='lat' dir='ltr'><strong>college</strong></span> <span class='ocrx_word' id='word_1_758' title='bbox 1710 4649 1828 4713; x_wconf 91' lang='lat' dir='ltr'><strong>promul-</strong></span> 
     </span>
     <span class='ocr_line' id='line_1_100' title="bbox 1046 4748 1827 4816; baseline -0.003 -14"><span class='ocrx_word' id='word_1_759' title='bbox 1046 4755 1132 4816; x_wconf 81' lang='lat' dir='ltr'><strong>garunt</strong></span> <span class='ocrx_word' id='word_1_760' title='bbox 1156 4757 1251 4816; x_wconf 83' lang='lat' dir='ltr'><strong>utque,</strong></span> <span class='ocrx_word' id='word_1_761' title='bbox 1283 4754 1361 4815; x_wconf 81' lang='lat' dir='ltr'><strong>legem</strong></span> <span class='ocrx_word' id='word_1_762' title='bbox 1388 4751 1419 4802; x_wconf 88' lang='lat' dir='ltr'><strong>de</strong></span> <span class='ocrx_word' id='word_1_763' title='bbox 1441 4765 1470 4802; x_wconf 89' lang='lat' dir='ltr'><strong>ea</strong></span> <span class='ocrx_word' id='word_1_764' title='bbox 1500 4765 1526 4801; x_wconf 90' lang='lat' dir='ltr'><strong>re</strong></span> <span class='ocrx_word' id='word_1_765' title='bbox 1554 4749 1671 4812; x_wconf 88' lang='lat' dir='ltr'><strong>scriptam</strong></span> <span class='ocrx_word' id='word_1_766' title='bbox 1695 4748 1827 4813; x_wconf 86' lang='lat' dir='ltr'><strong>plebiscito</strong></span> 
     </span>
     <span class='ocr_line' id='line_1_101' title="bbox 1045 4848 1824 4912; baseline -0.004 -11"><span class='ocrx_word' id='word_1_767' title='bbox 1045 4851 1232 4912; x_wconf 82' lang='lat' dir='ltr'><strong>confirmantes,</strong></span> <span class='ocrx_word' id='word_1_768' title='bbox 1253 4852 1337 4901; x_wconf 81' lang='lat' dir='ltr'><strong>elecem</strong></span> <span class='ocrx_word' id='word_1_769' title='bbox 1360 4850 1472 4900; x_wconf 85' lang='lat' dir='ltr'><strong>tribunos</strong></span> <span class='ocrx_word' id='word_1_770' title='bbox 1496 4850 1521 4898; x_wconf 90' lang='lat' dir='ltr'><strong>in</strong></span> <span class='ocrx_word' id='word_1_771' title='bbox 1536 4861 1628 4898; x_wconf 85' lang='lat' dir='ltr'><strong>annum</strong></span> <span class='ocrx_word' id='word_1_772' title='bbox 1652 4848 1824 4910; x_wconf 85' lang='lat' dir='ltr'><strong>insequentem</strong></span> 
     </span>
     <span class='ocr_line' id='line_1_102' title="bbox 1045 4945 1829 5014; baseline -0.009 -15"><span class='ocrx_word' id='word_1_773' title='bbox 1045 4950 1212 5014; x_wconf 76' lang='lat' dir='ltr'><strong>‹lesignnrunt</strong></span> <span class='ocrx_word' id='word_1_774' title='bbox 1261 4949 1351 4998; x_wconf 86' lang='lat' dir='ltr'><strong>Sedutn</strong></span> <span class='ocrx_word' id='word_1_775' title='bbox 1379 4948 1514 5009; x_wconf 85' lang='lat' dir='ltr'><strong>seditione,</strong></span> <span class='ocrx_word' id='word_1_776' title='bbox 1535 4948 1652 4997; x_wconf 86' lang='lat' dir='ltr'><strong>eonsules</strong></span> <span class='ocrx_word' id='word_1_777' title='bbox 1670 4945 1747 5010; x_wconf 87' lang='lat' dir='ltr'><strong>copiis</strong></span> <span class='ocrx_word' id='word_1_778' title='bbox 1766 4961 1829 4998; x_wconf 87' lang='lat' dir='ltr'><strong>eon.</strong></span> 
     </span>
     <span class='ocr_line' id='line_1_103' title="bbox 1046 5045 1830 5114; baseline 0 -15"><span class='ocrx_word' id='word_1_779' title='bbox 1046 5050 1145 5114; x_wconf 86' lang='lat' dir='ltr'><strong>scriptis</strong></span> <span class='ocrx_word' id='word_1_780' title='bbox 1156 5047 1294 5112; x_wconf 73' lang='lat' dir='ltr'><strong>provincias</strong></span> <span class='ocrx_word' id='word_1_781' title='bbox 1306 5051 1362 5096; x_wconf 82' lang='lat' dir='ltr'><strong>sunt</strong></span> <span class='ocrx_word' id='word_1_782' title='bbox 1373 5046 1468 5096; x_wconf 87' lang='lat' dir='ltr'><strong>sortiti:</strong></span> <span class='ocrx_word' id='word_1_783' title='bbox 1482 5060 1511 5096; x_wconf 81' lang='lat' dir='ltr'><strong>ec</strong></span> <span class='ocrx_word' id='word_1_784' title='bbox 1521 5045 1631 5096; x_wconf 83' lang='lat' dir='ltr'><strong>Minucio</strong></span> <span class='ocrx_word' id='word_1_785' title='bbox 1639 5045 1729 5096; x_wconf 85' lang='lat' dir='ltr'><strong>bellum</strong></span> <span class='ocrx_word' id='word_1_786' title='bbox 1738 5050 1830 5099; x_wconf 74' lang='lat' dir='ltr'><strong>contre</strong></span> 
     </span>
     <span class='ocr_line' id='line_1_104' title="bbox 1044 5143 1829 5209; baseline -0.006 -9"><span class='ocrx_word' id='word_1_787' title='bbox 1044 5150 1146 5200; x_wconf 74' lang='lat' dir='ltr'><strong>Sabutus</strong></span> <span class='ocrx_word' id='word_1_788' title='bbox 1164 5145 1338 5209; x_wconf 82' lang='lat' dir='ltr'><strong>commissum,</strong></span> <span class='ocrx_word' id='word_1_789' title='bbox 1359 5146 1461 5196; x_wconf 89' lang='lat' dir='ltr'><strong>lloratio</strong></span> <span class='ocrx_word' id='word_1_790' title='bbox 1477 5150 1563 5196; x_wconf 81' lang='lat' dir='ltr'><strong>corrtra</strong></span> <span class='ocrx_word' id='word_1_791' title='bbox 1582 5147 1688 5209; x_wconf 74' lang='lat' dir='ltr'><strong>AEquos5</strong></span> <span class='ocrx_word' id='word_1_792' title='bbox 1714 5143 1829 5196; x_wconf 83' lang='lat' dir='ltr'><strong>etambo</strong></span> 
     </span>
    </p>
   </div>
   <div class='ocr_carea' id='block_1_6' title="bbox 0 0 1890 5828">
    <p class='ocr_par' dir='ltr' id='par_1_7' title="bbox 0 0 1890 5828">
     <span class='ocr_line' id='line_1_105' title="bbox 0 0 1890 5828; baseline 0 0"><span class='ocrx_word' id='word_1_793' title='bbox 0 0 1890 5828; x_wconf 95' lang='lat' dir='ltr'><strong> </strong></span> 
     </span>
    </p>
   </div>
  </div>
 </body>
</html>
