3772 5828
224 292 285 351 5¹0

226 421 270 480 καί
292 419 346 479 τίσι
376 418 464 490 δεήσει
488 424 647 496 νεμηθῆναι.
693 419 830 498 Συνῄεσοίν
855 442 884 477 τε
910 421 1004 480 πολλοὶ

228 511 298 569 κατδι
321 508 468 589 συστροράς
482 511 542 587 περὶ
560 514 608 580 τῆς
621 507 724 582 ἀπάτης
740 508 866 568 έκοίστοτε
881 510 1003 588 διαλεγό-

227 622 315 674 μενοι,
328 598 372 655 καί
388 600 414 655 ἐν
431 597 502 676 αἰτία
526 599 584 666 τοὺς
601 600 743 680 προτέρους
759 590 830 678 ε’ίχον
851 600 1004 679 δημάρχους

225 691 260 754 ὡς
282 687 480 767 προδεδωκότας
499 687 528 745 τό
547 688 651 746 κοινόν·
672 688 812 754 ἐκκλησίαι
833 711 862 746 τε
887 696 1004 767 συνεχεῖς

183 798 197 835 a
225 777 276 835 ὑπὸ
290 779 341 834 τῶν
356 775 415 834 τότε
431 775 576 856 δημάρχων
592 775 707 851 ἐγίνοντο
720 776 766 835 καί
784 774 940 847 ἀπαιτήσεις
956 780 1003 847 τῆς

224 863 399 941 ὑποσχέσεως.
442 866 535 923 Ταῦτα
558 862 705 929 συνιδόντες
729 866 754 921 ol
779 862 878 921 ὕπατοι
893 861 1002 941 γνώμην

224 953 380 1023 ἐποιήσαντο
404 951 526 1028 πολέμων
543 951 675 1033 προράσεε
694 952 725 1013 τὸ
738 956 899 1032 παρακινοῦν
916 954 943 1011 ἐν
968 957 1001 1033 τῇ

223 1042 298 1099 πολει
327 1038 403 1119 μέρος
430 1042 476 1100 καὶ
500 1041 696 1119 ταραττόμενον
722 1043 902 1101 καταστεῖλαι·
924 1040 1001 1121 ἔτυχε

222 1132 273 1211 γὰρ
289 1132 315 1187 ἐν
331 1134 367 1208 τῷ
382 1133 455 1209 αύτῷ
471 1131 558 1210 χρόνῳ
580 1129 734 1208 λῃστηρίοις
748 1153 776 1189 τε
792 1130 843 1189 ὑπὸ
858 1133 909 1188 τῶν
924 1133 1000 1202 πλη-

170 1238 195 1275 ιυ
224 1219 360 1298 σιοχιύρων
383 1219 485 1278 πολεων
509 1220 689 1297 καταδρομαῖς
702 1224 804 1289 τισινὴ
825 1222 860 1298 γῆ
886 1221 1002 1297 βλαπτο·

226 1308 304 1381 μένη.
319 1304 455 1383 Τιμιορίας
468 1308 515 1377 μίν
530 1303 561 1373 δὴ
574 1309 627 1362 τῶν
641 1305 796 1365 ἀδικούντων
808 1308 884 1369 ἕνεκα
896 1308 1004 1389 προῦθε·

226 1417 273 1451 σαν
285 1392 317 1450 τδι
330 1399 375 1450 τοῦ
385 1391 503 1466 πολέμου
513 1400 610 1468 σημεῖα
617 1392 662 1450 καί
671 1395 717 1461 τάς
725 1395 847 1467 δυνάμεις
854 1396 1004 1465 τῆςπόλεως

225 1483 400 1560 κατέγραρον.
445 1482 485 1538 Οὐ
500 1482 663 1559 προσιόντων
687 1483 713 1540 δὲ
729 1489 762 1556 τῆ
777 1490 935 1565 καταγραφῇ
950 1491 1002 1544 τῶν

222 1573 346 1651 ἀπόρων,
363 1570 487 1630 ἀδύνατοι
511 1572 582 1639 ὄντες
598 1574 646 1647 τήν
663 1575 693 1631 ίκ
707 1578 759 1633 τῶν
780 1573 867 1651 νόμων
880 1573 998 1648 ἀνάγκην

170 1680 192 1714 rs
220 1670 273 1727 τοῖς
297 1664 431 1719 ἀπειθοῦσι
456 1662 610 1745 προρέρειν·
638 1662 857 1741 προειστήκεισαν
882 1661 934 1741 γδρ
953 1668 998 1721 τοῦ

220 1750 333 1819 πλήθους
348 1753 371 1811 ot
387 1751 520 1831 δήμαρχοι
544 1753 589 1811 καὶ
612 1751 741 1811 κωλύσειν
757 1749 885 1826 ἔμελλον,
911 1749 936 1809 εί
959 1774 997 1817 τις

219 1838 412 1919 ἐπιχειρήσειεν
438 1838 456 1910 ἢ
479 1840 513 1897 ri
538 1838 652 1917 σώματα
678 1842 731 1897 τῶν
750 1840 923 1899 ἐκλειπόντων
948 1839 996 1908 τήν

221 1929 360 2007 στρατείαν
378 1930 450 2007 ἄγειν
467 1927 529 1999 ἢτάι
541 1929 669 2009 χρήματα
686 1930 785 2010 φέρειν·
801 1929 922 1995 ἀπειλαῖς
934 1951 997 2007 χρη·

219 2018 329 2093 σάμενοι
341 2020 462 2087 πολλαῖς,
477 2019 525 2077 οὐκ
537 2018 719 2098 ἐπιτρέψοντες
735 2028 788 2084 τοῖς
805 2016 953 2076 ἀνασείουσι
966 2015 997 2075 τό

164 2124 191 2158 ur»
219 2107 332 2178 πλῆθος,
347 2106 616 2189 >circonscriptus
630 2106 787 2177 κατέλιπον,
802 2108 838 2170 ὡς
853 2103 996 2183 δικτάτορα

218 2194 409 2266 ἀποδείξοντες,
424 2192 576 2271 διέμελλε,
588 2193 739 2259 καταλύσας
754 2192 801 2259 τδς
816 2192 898 2261 ἄλλας
912 2194 996 2273 ἀρχὰς

217 2282 264 2352 τήν
280 2282 436 2360 τυραννικήν
448 2282 493 2341 καὶ
510 2284 683 2343 ἀνυπεύθυνον
694 2283 771 2357 μόνος
786 2282 852 2351 ἕξειν
864 2282 993 2350 ἐξουσίαν.

217 2368 264 2435 Ὡς
283 2368 309 2428 δέ
333 2370 431 2443 ταύτην
456 2371 552 2432 έλαόον
579 2370 627 2444 τήν
648 2371 770 2430 ὑπόνοιαν
786 2373 811 2430 οἱ
834 2372 995 2448 δημοτικοί,

216 2459 348 2526 δείσαντες
372 2460 411 2539 μὴ
431 2460 474 2519 τὀν
498 2461 610 2522 'alarios
639 2462 796 2529 ἀποδείξαντι
822 2462 914 2540 πικρόν
931 2460 995 2521 ὄντα

163 2562 189 2597 2¹5
216 2548 261 2605 καί
278 2548 417 2627 χαλεπὸν,
433 2550 520 2608 πάντα
536 2550 588 2629 πρό
604 2550 696 2608 τούτου
709 2552 821 2629 πάσχειν
836 2549 975 2625 ὑπέμενον.

256 2640 398 2699 lxxxii.
424 2639 502 2698 Ἐπεὶ
524 2639 551 2697 δὲ
566 2640 720 2719 κατεγράρη
736 2640 770 2696 rb
790 2638 992 2718 στρατεύματα,

215 2726 415 2802 παραλαύόντες
439 2731 463 2786 οἱ
484 2728 578 2788 ὕπατοι
594 2730 641 2794 τδις
665 2727 788 2804 δυναίμεις
802 2726 928 2805 ἐξήγαγον
950 2729 994 2787 ἐπὶ

214 2813 272 2879 τοὺς
287 2817 436 2893 πολεμίους.
485 2820 629 2897 Κορνήλιος
642 2816 689 2893 μὲν
702 2808 746 2875 ούν
761 2820 797 2883 είς
807 2817 854 2887 τήν
865 2819 994 2878 Οὐιεντα-

214 2905 265 2961 νῶν
284 2905 375 2985 χώραν
396 2907 538 2983 tudelam,
553 2907 600 2978 τὴν
622 2909 864 2985 ἐγκαταληρθεῖσαν
880 2904 950 2965 λείαν
966 2907 992 2963 έν

161 3006 188 3042 ³0
215 2993 281 3070 αὐτῇ
297 2995 427 3065 ἀπήλασε,
442 2994 486 3051 καὶ
501 2995 569 3068 μετδι
587 3000 669 3050 ταῦτα
686 2990 925 3072 πρεσδευσαμένων
940 2995 992 3050 τῶν

214 3083 394 3154 Οὐιεντανῶν,
419 3082 478 3149 τούς
501 3106 529 3140 τε
554 3082 739 3159 αἰχμαλώτους
764 3082 850 3146 αὐτοῖς
878 3083 992 3139 ἀπέλυσε

212 3173 373 3249 χρημάτων,
388 3171 433 3229 καὶ
448 3169 544 3249 ἀνοχάς
564 3175 609 3228 τοῦ
625 3171 741 3244 πολέμου
757 3167 878 3228 συνέθετο
901 3170 992 3229 ἐνιαυ-

213 3261 290 3327 σίους.
333 3259 434 3325 strideo<
450 3260 476 3317 δὲ
492 3261 540 3331 τήν
554 3259 644 3338 ἑτέραν
667 3258 776 3335 δύναμιν
800 3259 868 3338 ἔχων
885 3262 920 3327 εἷς
943 3259 991 3333 τὴν

213 3354 333 3409 Αἰκανῶν
356 3357 405 3428 γῆν
421 3349 559 3410 ἐνέὸαλεν·
576 3348 667 3408 ἔπειτα
691 3349 787 3409 ἐκεῖθεν
810 3352 845 3415 είς
861 3351 905 3422 τὴν
922 3353 992 3412 Οὐο-

159 3448 183 3485 ³³
211 3434 339 3501 λούσκων.
357 3438 457 3520 Χρόνον
473 3436 521 3513 μέν
541 3430 585 3497 σύν
601 3463 659 3496 τινα
670 3441 699 3498 οὐ
712 3437 794 3497 πολὺν
808 3439 951 3520 ἠνέσχοντο
968 3447 992 3503 ot

212 3532 373 3589 Οὐολοῦσκοι
399 3528 614 3607 διαρπαζομένων
642 3530 728 3595 αὐτοῖς
762 3529 808 3587 καί
833 3531 990 3609 κειρομένων

212 3623 262 3676 τῶν
289 3622 391 3698 ἀγρῶν·
424 3616 516 3676 ἔπειτα
551 3618 798 3699 καταρρονήσαντες
837 3621 889 3676 τῶν
923 3619 988 3679 Ῥω-

212 3708 297 3780 μαίων
323 3710 357 3772 ὡς
384 3708 413 3764 οὗ
442 3708 528 3783 πολλῇ
557 3707 665 3782 δυνάμει
695 3708 847 3786 παρόντοιν,
887 3707 990 3778 ἑξεδοή-

211 3800 270 3853 bani
296 3798 325 3852 ἐκ
351 3801 398 3866 τῆς
437 3793 576 3854 Ἀντιατῶν
609 3795 709 3874 χώρας,
737 3796 770 3852 τά
805 3795 875 3855 δ’πλα
906 3797 991 3876 ἀρπά-

157 3904 185 3941 tu
213 3905 303 3947 σαντες
330 3884 434 3962 ἀθρόοι,
461 3883 593 3963 ταχύτερα
621 3886 721 3958 μᾶλλον
759 3884 774 3953 ἢ
806 3887 990 3965 ἀσφαλέστερα

213 3970 428 4045 βουλευσόμενοι.
476 3974 509 4030 lii
528 3974 573 4047 μὲν
596 3962 640 4029 οὖν
659 3972 773 4049 {placer
791 3974 991 4048 ἐσκεδασμένοις

212 4062 266 4120 τοῖς
284 4056 428 4131 Ῥωμαίοις
452 4059 621 4139 ἐπιρανέντες
644 4062 673 4117 ἐκ
697 4063 743 4117 τοῦ
772 4060 990 4137 ἀπροσδοκήτου,

213 4143 330 4221 μεγαίλην
346 4146 376 4202 ἀν
390 4149 475 4204 αὐτῶν
491 4147 647 4227 etp-(tanao
661 4145 777 4227 τροπήν·
791 4151 836 4204 νῦν
853 4148 879 4206 δὲ
895 4171 990 4229 προαι-

213 4230 335 4306 σθόμενος
348 4232 394 4303 τὴν
411 4234 502 4314 ἔροδον
518 4239 604 4294 αὐτῶν
615 4243 628 4296 δ
639 4236 736 4303 ὕπατος
747 4236 789 4296 δεδι
805 4240 855 4295 τῶν
870 4239 990 4298 ἀποστα-

158 4349 184 4381 .::,
212 4322 310 4381 λέντιον
340 4323 381 4379 ἐπὶ
410 4326 455 4389 τάς
492 4332 677 4399 κατασκοπάς,
715 4328 859 4399 ἀνακλήσει
896 4328 989 4408 ταχείᾳ

213 4411 271 4477 τοὺς
308 4413 333 4468 έν
360 4413 416 4478 ταῖς
443 4425 586 4492 προνομαῖς
616 4416 822 4491 ἐσκεδασμένους
848 4419 989 4476 ἀναλαόῶν

211 4500 284 4566 τάξεν
301 4502 388 4565 αὐτοῖς
404 4502 525 4560 ἀπέδωκε
541 4504 588 4574 τήν
605 4508 640 4571 εἰς
656 4505 771 4579 πόλεμον
790 4507 987 4587 ἁρμόττουσαν.

211 4591 273 4654 Τοῖς
294 4589 320 4646 δὲ
346 4589 523 4658 Οὐολούσκοις
543 4592 589 4650 σὺν
617 4594 812 4674 καταρρονήσει
837 4595 882 4655 καί
899 4594 989 4674 θοίρσεε

211 4686 352 4759 χωροῦσιν,
368 4682 402 4744 ῶς
417 4678 491 4750 παρά
501 4681 577 4748 δόξαν
593 4685 674 4763 ipsine
691 4689 842 4743 συνεστῶσα
858 4688 885 4743 ἓν
896 4683 989 4765 κόσμῳ

158 4789 184 4826 νυ
211 4780 285 4827 πᾶσα
309 4770 392 4840 ἡτῶν
409 4769 542 4843 πολεμίων
567 4772 690 4848 δύναμις,
705 4773 760 4838 δέος
782 4773 908 4849 ἐμπίπτει
924 4773 988 4849 πρὸς

212 4858 259 4928 τήν
275 4858 403 4931 ἀδόκητον
419 4856 488 4934 ὄψιν,
504 4859 549 4915 καί
565 4866 609 4918 τοῦ
625 4861 672 4936 μέν
688 4868 774 4919 κοινοῦ
785 4866 831 4932 τῆς
844 4861 988 4940 ἀσφαλείας

213 4948 322 5023 οὐδεμία
336 4949 455 5028 ιρροντιλς,
469 4951 515 5017 τῆς
534 4947 560 5004 δὲ
578 4948 643 5015 ἰδίας
657 4947 761 5027 ἑκάστιμ
776 4949 906 5030 σωτηρίας
921 4949 986 5023 πρό·

211 5050 279 5092 νοια.
306 5033 535 5116 ’λ’ποστρέψαντες
557 5035 587 5105 δή
608 5039 643 5101 ὡς
668 5024 737 5113 έίχον
758 5033 866 5094 ἕκαστον
889 5033 986 5112 τάχους

210 5115 319 5204 {pteron
335 5121 410 5181 ἀλλον
422 5125 482 5180 κατ’
499 5122 581 5187 ἄλλας
600 5117 688 5185 ὁδούς·
705 5118 751 5177 καί
768 5124 792 5178 οἵ
808 5121 855 5197 μὲν
878 5120 985 5190 πλείους

743 286 915 348 elusisti
937 288 1321 351 tillienuxsssen'ffls

1062 430 1190 480 homiuum
1202 430 1233 480 de
1246 428 1333 487 fraude
1343 428 1385 481 ilia
1398 431 1500 483 assidue
1516 431 1755 496 conquerentium,
1773 440 1797 486 et
1807 451 1846 487 sn·

1059 526 1168 589 periorcs
1186 525 1295 587 tribuni,
1319 528 1348 578 ut
1363 525 1441 590 plebis
1461 526 1620 591 proditores,
1643 530 1844 585 accusabantur:

1058 626 1084 673 ct
1106 624 1138 673 ab
1161 622 1224 683 illls,
1247 623 1290 687 qni
1307 626 1449 675 tuncerant
1464 624 1573 685 tribuni,
1595 625 1698 678 crebrer
1720 630 1846 683 conciones

1059 720 1246 772 habebunturct
1254 722 1374 786 promissa
1384 722 1588 786 reposcebnlur.
1599 724 1704 784 Quibus
1713 728 1788 779 rebns
1796 744 1845 793 cog·

1058 819 1124 879 nilis,
1137 819 1252 870 consules
1263 821 1427 871 decreverunt
1441 818 1501 871 belli
1515 825 1644 886 pretextu
1660 824 1810 878 seditioearn
1823 832 1845 877 et

1058 917 1249 966 tumultuantem
1265 916 1351 981 populi
1362 920 1457 980 partem
1471 917 1560 969 sedam
1573 933 1580 962 ι
1592 919 1660 972 torte
1675 923 1746 974 enim
1762 925 1842 976 εοάοιιι

1057 1014 1099 1064 illo
1115 1021 1294 1077 temporeager
1316 1017 1442 1065 Romanus
1455 1013 1620 1066 finitimorum
1640 1018 1793 1083 populorum
1809 1022 1842 1071 la·

1058 1111 1184 1171 trociuiis,
1201 1116 1227 1161 et
1241 1110 1391 1173 quibusdam
1406 1113 1596 1164 excursionibus
1613 1115 1792 1168 infestabatur.
1813 1122 1840 1168 t't

1056 1209 1130 1271 igitur
1142 1209 1188 1259 has
1201 1207 1302 1259 iniurias
1326 1210 1516 1270 ulciscerentur,
1532 1210 1593 1262 belli
1615 1214 1687 1275 signa
1710 1228 1840 1280 proposue-

1056 1308 1128 1365 runt,
1143 1307 1169 1355 ct
1184 1304 1267 1368 copim
1279 1305 1386 1357 urbanas
1397 1307 1552 1359 conscribere
1565 1315 1708 1374 oeperunt.
1726 1313 1774 1365 Sed
1786 1327 1840 1364 cnm

1056 1414 1175 1465 pauperes
1189 1401 1290 1451 nomina
1304 1416 1353 1451 non
1366 1403 1469 1467 darent,
1482 1418 1529 1456 nec
1545 1406 1594 1471 ipsi
1611 1410 1773 1461 contumaces
1783 1424 1839 1475 pos·

1056 1501 1111 1548 sent
1135 1498 1229 1560 legibus
1255 1512 1342 1563 cogere
1365 1501 1472 1564 (tribuni
1504 1504 1573 1556 enim
1606 1520 1655 1571 pro
1684 1507 1838 1559 multitudine

1056 1590 1219 1651 resistebant,
1237 1592 1368 1657 paratique
1386 1592 1419 1643 ad
1431 1594 1638 1649 intercedendum
1647 1603 1733 1659 erant,
1749 1601 1835 1664 siquis

1056 1684 1096 1734 rel
1109 1683 1254 1748 corporibus
1268 1684 1460 1737 detrectantium
1487 1689 1540 1739 rim
1557 1692 1652 1743 alterne
1662 1692 1701 1743 rel
1712 1692 1774 1743 bona
1787 1708 1834 1743 au·

1057 1776 1120 1826 terre
1141 1779 1288 1840 conaretur)
1304 1784 1361 1843 post
1381 1780 1474 1831 multas
1492 1784 1574 1834 minas
1596 1785 1718 1848 intentas,
1738 1801 1764 1838 se
1787 1801 1835 1837 non

1055 1884 1172 1934 passuros
1186 1870 1282 1934 plebem
1296 1872 1327 1922 ab
1338 1872 1386 1922 illis
1397 1873 1534 1938 condunt,
1549 1877 1655 1931 tacitam
1675 1878 1835 1945 suspicionem

1055 1961 1218 2025 reliquemnt,
1235 1965 1302 2024 lore,
1317 1968 1346 2015 ut
1363 1966 1510 2018 dictatorem
1531 1974 1645 2022 crearent
1666 1975 1726 2036 qui,
1751 1974 1837 2023 ceteris

1055 2054 1241 2119 irragistratibus
1266 2059 1400 2123 abrogatis,
1429 2061 1500 2111 solus
1521 2066 1671 2127 potestatem
1695 2068 1789 2130 regiam
1815 2070 1837 2115 et

1054 2148 1129 2197 uultis
1151 2147 1287 2199 rationibus
1305 2150 1439 2203 reddendis
1454 2153 1584 2204 obnoxiam
1599 2159 1667 2205 esset
1690 2156 1836 2206 habiturus.

1053 2243 1115 2299 Quae
1129 2240 1210 2303 opinio
1219 2255 1297 2305 quum
1309 2243 1459 2306 plebeiorum
1476 2246 1567 2296 animoa
1574 2246 1738 2309 pervasisset,
1750 2249 1835 2305 veriti,

1054 2346 1085 2383 ue
1098 2332 1202 2395 triplum
1215 2338 1342 2393 crearent,
1361 2336 1443 2386 virum
1455 2350 1569 2401 asperam
1580 2339 1605 2388 et
1620 2350 1740 2403 gravem,
1755 2339 1836 2401 quid·

1055 2425 1093 2476 eis
1108 2426 1174 2477 aliud
1186 2427 1281 2490 perpeti
1294 2425 1444 2481 maluerunt.

1086 2649 1202 2702 lxxxii.
1220 2652 1378 2703 Exercitibus
1393 2653 1469 2717 igitur
1482 2656 1648 2722 conscriptis,
1663 2657 1778 2709 consules
1791 2672 1832 2709 co-

1053 2740 1106 2805 pias
1118 2742 1142 2791 in
1156 2743 1239 2794 lrosles
1254 2743 1406 2793 eduxerunt.
1443 2746 1575 2796 cornelius
1585 2748 1685 2805 nutem,
1699 2747 1833 2811 irruptione

1053 2828 1078 2878 in
1089 2831 1343 2893 Veientanumagrum
1353 2830 1425 2890 lacta,
1437 2829 1550 2894 praedam
1560 2831 1584 2879 in
1593 2843 1625 2880 co
1633 2831 1760 2881 collectam
1773 2830 1831 2881 abe·

1053 2918 1099 2979 git.
1116 2921 1151 2967 lo
1163 2931 1221 2967 mos
1233 2930 1311 2981 quum
1326 2916 1443 2969 Veientes
1456 2916 1604 2981 legationem
1622 2918 1759 2978 misissent,
1772 2931 1831 2982 cap-

1053 3004 1119 3054 tiros
1133 3005 1235 3068 pecunia
1253 3006 1377 3056 redemtos
1396 3005 1522 3069 reddidit,
1538 3010 1565 3057 et
1580 3006 1692 3058 incinctos
1701 3007 1726 3057 in
1740 3020 1832 3057 annum

1051 3096 1183 3142 concessit.
1217 3093 1306 3142 Fabius
1316 3108 1375 3144 rero
1384 3108 1441 3145 cum
1450 3094 1528 3144 altero
1539 3095 1651 3145 exercitu
1664 3094 1688 3145 in
1698 3098 1832 3159 :liquorum

1052 3195 1139 3244 agrum
1152 3182 1251 3245 irrupit,
1269 3183 1324 3233 inde
1338 3183 1364 3233 in
1378 3184 1533 3234 Volscorum.
1571 3184 1729 3247 tllqrrannliu
1747 3185 1830 3248 igitur,

1049 3270 1093 3320 sed
1109 3286 1157 3320 non
1177 3271 1220 3321 diu
1235 3274 1333 3329 tarrrcn,
1355 3271 1437 3321 Volsci
1454 3284 1526 3333 agros
1541 3285 1601 3320 suos
1614 3271 1687 3336 diripi
1702 3276 1724 3322 ct
1741 3272 1831 3322 uastari

1051 3364 1109 3409 sunt
1130 3361 1203 3424 passi.
1238 3363 1315 3415 Τυιυ,
1336 3362 1458 3409 contemta
1482 3361 1650 3410 Romanorum
1673 3362 1830 3424 praesentium

1051 3449 1190 3512 paucitate,
1213 3449 1333 3511 correptis
1344 3448 1418 3497 armis
1450 3448 1553 3497 conlecti
1575 3461 1604 3497 er
1631 3462 1692 3512 apro
1720 3448 1829 3505 nuntiate,

1050 3539 1170 3603 precipiti
1197 3538 1371 3601 potiusquam
1391 3539 1444 3587 tuto
1463 3535 1565 3586 consilio
1579 3542 1724 3587 eraserunt.
1757 3543 1792 3587 ,lc
1810 3539 1829 3586 sl

1050 3628 1160 3691 palantes
1173 3629 1294 3675 Romanos
1313 3623 1437 3687 inopinato
1458 3622 1567 3673 adientu
1581 3626 1774 3687 oppressissent,
1789 3638 1829 3675 eos

1048 3715 1074 3765 in
1095 3716 1184 3765 brutam
1207 3715 1291 3775 lugam
1315 3712 1454 3762 vertissent.
1489 3713 1540 3761 lam
1563 3725 1731 3777 rero,quum
1745 3712 1829 3763 consul

1049 3804 1183 3854 adrentum
1199 3816 1287 3850 eorrun
1309 3814 1352 3863 per
1367 3799 1536 3863 exploratores
1550 3811 1565 3848 a
1577 3812 1605 3849 se
1617 3801 1710 3849 missos
1721 3813 1826 3863 prasen-

1048 3895 1136 3953 sisset,
1151 3891 1270 3942 revocatis
1282 3892 1393 3940 celeriter
1402 3890 1434 3940 iis
1444 3928 1451 3951 ,
1463 3889 1507 3952 qui
1522 3888 1546 3938 in
1558 3889 1760 3953 pabulationibus
1775 3891 1826 3939 dis·

1047 3983 1111 4046 persi
1129 3985 1213 4039 erant,
1230 3980 1321 4037 aciani,
1337 3982 1408 4044 prout
1421 3979 1454 4029 rei
1470 3978 1582 4029 militaris
1595 3977 1726 4042 disciplina
1741 3980 1825 4044 postu·

1047 4071 1094 4130 lat,
1112 4070 1238 4119 instruxit.
1252 4069 1354 4119 t'olscos
1366 4084 1438 4128 cero,
1454 4069 1498 4131 qni
1513 4067 1658 4117 contemtim
1669 4071 1695 4117 et
1709 4067 1827 4118 audacter

1046 4159 1198 4215 incedebant,
1211 4172 1287 4221 cpunm
1296 4162 1386 4222 praeter
1396 4156 1605 4222 exspectationem
1617 4169 1703 4205 omnes
1716 4155 1826 4206 trostium

1046 4246 1129 4312 copias
1142 4246 1261 4296 uidissent
1281 4247 1429 4307 instructas,
1454 4246 1485 4295 ob
1500 4242 1654 4308 inopinatum
1676 4241 1824 4305 adspectum

1046 4335 1120 4385 tiriior
1139 4334 1247 4387 incasit:
1272 4335 1430 4401 neglectaque
1451 4332 1618 4385 incolumitate
1631 4330 1752 4379 communi
1767 4344 1823 4381 sure

1045 4424 1136 4487 ‹prriqne
1150 4422 1223 4470 scilliti
1240 4422 1355 4470 consulit.
1399 4426 1524 4471 Conversa
1539 4421 1612 4485 igitur
1627 4418 1727 4471 itinere,
1738 4430 1821 4466 unus-

1045 4514 1150 4576 quisqne
1164 4510 1269 4573 tripieliat
1282 4549 1287 4569 ,
1302 4515 1394 4573 qrrarrtn
1405 4514 1510 4562 masirnu
1522 4511 1645 4563 celeritate
1657 4511 1762 4571 peterat,
1780 4511 1822 4560 alii

1044 4616 1087 4665 per
1099 4603 1158 4650 alias
1172 4600 1237 4659 rias;
1254 4614 1282 4648 ac
1294 4600 1371 4649 rriaior
1383 4615 1440 4663 pars
1460 4601 1588 4651 incolumis
1604 4600 1627 4648 in
1639 4596 1726 4646 urbem
1739 4597 1819 4648 rediit.

1044 4690 1091 4739 Sed
1107 4702 1194 4752 paruos
1209 4689 1323 4752 ‹pirredam
1338 4693 1450 4743 caterva.
1476 4704 1531 4752 ιμιαο
1552 4690 1676 4740 manserat
1694 4688 1818 4743 contorta,

1043 4793 1120 4842 qrrnur
1140 4777 1164 4826 in
1180 4778 1270 4826 umus
1282 4778 1411 4827 eulrrsdam
1428 4779 1545 4827 uerticem
1558 4777 1721 4840 confugisset,
1738 4775 1819 4837 ibique

1042 4871 1124 4918 castra
1135 4868 1272 4931 possuisset,
1287 4873 1383 4917 noctem
1398 4872 1540 4930 seqimntem
1557 4867 1693 4931 permansit
1709 4882 1715 4909 t
1733 4864 1820 4915 ‹licbus

1043 4972 1101 5007 reru
1117 4958 1284 5019 secptrenlilrus.
1299 4971 1375 5020 ιμιιιιιι
1391 4958 1475 5005 coruul
1490 4956 1721 5017 praestolantium
1732 4955 1818 5003 collem

1042 5046 1174 5105 cinxisset,
1191 5059 1326 5108 orrrucsque
1346 5045 1428 5094 exitus
1445 5046 1518 5094 aretiis
1536 5044 1733 5104 interclusisset,
1755 5043 1818 5092 lame

1040 5135 1177 5199 corripulsi,
1203 5133 1301 5184 traditis
1320 5135 1397 5184 arnus
1421 5134 1445 5183 in
1466 5134 1519 5184 eius
1533 5136 1681 5198 potestatem
1698 5133 1818 5182 venerunt
