3772 5828
585 316 897 424 *anriouirnuus'r
918 348 1065 410 nonan.
1089 350 1163 412 aru.
1187 353 1241 413 xi.
1660 359 1720 422 ess

109 470 226 550 ὀλίγους,
245 475 305 533 ἀλλ’
320 478 349 535 ἐκ
362 484 408 538 τοῦ
424 486 536 559 φανεροῦ
555 480 601 540 καί
617 482 709 560 ἀθρόον
728 480 886 553 tilliacum

109 559 244 640 πατρίδα,
257 562 337 622 τέκνα
348 564 394 623 καί
410 575 536 644 γυναῖκας
550 567 721 645 ίπαγόμινον.
740 572 776 629 Οί
787 571 816 629 δὲ
827 567 888 649 περί

107 649 151 708 τόν
164 643 279 710 Ἄππιον
302 657 514 733 ἀγανακτοῦντες
533 662 586 722 τοῖς
608 656 770 733 γινομένοις,
791 656 888 717 ίπιόά·

108 741 184 799 λοντο
198 738 246 815 μίν
261 741 383 818 κωλύειν,
399 744 486 813 πύλας
507 766 537 803 τε
550 743 754 812 ἀποκλείσοντας
776 744 823 805 καὶ
842 748 889 804 ἄν·

68 854 81 891 a
109 828 228 908 θράνπους
241 829 314 899 τινδς
329 831 557 911 συναρπάσαντα,
574 831 679 893 ἔπειτα·
695 833 750 902 δέος
762 834 813 913 γὰρ
833 836 887 895 alu·

108 920 186 988 ἦλθεν
213 919 320 993 αὐτοῖς,
348 920 386 996 μὴ
411 920 476 1002 πρὸς
492 918 576 994 ἀλκὴν
599 927 623 981 οἱ
642 922 804 1000 κωλυόμενοι
823 922 888 1002 τρά·

109 1031 227 1080 πωνται,
244 1007 290 1068 καί
312 1009 436 1088 λογισμὸς
451 1010 524 1090 ipat<
546 1013 582 1078 ὡς
600 1019 717 1089 κρεῖττον
735 1010 776 1084 είη
800 1011 888 1093 σφίσιν

111 1096 227 1156 ἐκποδὼν
256 1089 321 1158 εἶναι
345 1096 406 1168 τοῦς
430 1099 538 1180 έχθροθς
560 1098 578 1171 ἣ
606 1099 729 1178 μένοντας
759 1103 888 1181 ἐνοχλεῖν·

111 1184 255 1255 ἀνοίξαντες
268 1187 314 1255 τδις
328 1187 413 1256 πύλας
431 1191 537 1270 ἀφῆκαν
555 1185 616 1249 τοῦτ
629 1188 749 1257 θέλοντας
763 1189 887 1265 ἀπιέναι,

59 1304 84 1342 ιο
110 1274 193 1342 οἰκίας
205 1274 232 1334 δί
248 1279 332 1336 αὐτῶν
346 1276 391 1336 καί
404 1275 584 1357 κλήρους,καλ
590 1271 640 1331 ὅσα
650 1274 718 1336 ἄλλα
734 1275 889 1336 ὑπελείπετο

111 1363 226 1423 ἀδύνατα
248 1366 311 1425 ὄντα
329 1369 355 1425 ἐν
371 1366 464 1447 φυγαῖς
478 1363 602 1446 φέρεσθαι
617 1364 805 1446 Λιποστρατίαν
824 1366 889 1425 έπε-

110 1452 243 1532 νεγκόντες
269 1453 418 1532 ἐδήμευσαν
442 1452 586 1536 τῷλόγῳ,
614 1451 646 1511 τδ
667 1450 695 1511 δδ
720 1452 890 1526 ἀληθίς,τοῖς

110 1544 210 1600 ἑαυτῶν
222 1543 349 1624 ἑταίροις,
361 1544 458 1602 ὡσανεί
484 1542 557 1620 παρὰ
575 1545 621 1600 τοῦ
636 1541 722 1616 δήμου
734 1541 899 1625 πριαμένοις,

110 1631 278 1711 ἐχαρίσαντο.
323 1634 418 1692 Ταῦτα
437 1629 469 1703 δὴ
491 1630 524 1692 nd
540 1627 697 1708 έγκλήματα
711 1630 887 1707 προστιθέντα

58 1750 82 1788 15
110 1721 163 1787 τοῖς
183 1719 317 1802 προτέροις
336 1723 428 1799 πολλῷ
452 1717 670 1800 δυσμενεστέρους
690 1719 801 1792 δποίησε
823 1717 888 1797 πρὸς

110 1806 158 1880 τὴν
181 1809 357 1889 δεκαδαρχίαν
382 1808 442 1877 τοὺς
456 1807 609 1889 πατρικίους
633 1805 678 1867 καί
702 1806 760 1874 τοὺς
781 1808 888 1886 δημοτι-

111 1899 182 1964 κούς.
226 1901 257 1960 Εἰ
273 1899 320 1976 μέν
337 1888 381 1958 οῦν
400 1897 483 1976 μηδλν
498 1895 679 1978 έπεξήμαρτον
695 1895 735 1956 tri
752 1896 817 1977 πρδς
835 1902 889 1964 τοῖς

112 1986 269 2067 εἰρημέναις,
296 1987 414 2047 δοκοῦσιν
438 1987 470 2046 οίν
497 2008 543 2064 μοι
565 1983 647 2045 πολῦν
675 1984 719 2045 ἐπί
738 1989 784 2058 τῆς
806 1986 889 2058 αὐτῆς

112 2077 227 2148 ἐξουσίας
251 2079 383 2157 διαμεῖναι
403 2076 545 2157 χρόνον·ἣ
571 2073 623 2155 γδρ
647 2072 814 2156 φυλάττουσα
839 2071 888 2146 τλν

56 2187 84 2228 ου
112 2168 267 2228 δυναστείαν
285 2168 371 2227 αὐτῶν
393 2165 486 2234 στάσις
500 2164 539 2225 ίτι
560 2164 675 2244 διέμενον
700 2166 726 2223 lu
742 2166 775 2245 τῇ
791 2162 887 2238 πόλει,

111 2256 154 2316 δεδι
166 2255 266 2324 πολλάς
286 2256 372 2324 αίτίας
392 2256 440 2316 καί
454 2258 484 2315 ίκ
500 2256 605 2316 πολλῶν
618 2252 757 2327 αὐξηθεῖσα
769 2251 888 2335 χρόνων,

110 2348 144 2405 δι’
156 2345 189 2418 ἣν
209 2344 315 2426 ἔχαιρον
331 2343 450 2424 ίκάτεροι
460 2351 513 2411 τοῖς
529 2342 652 2415 ἀλλήλων
666 2350 772 2409 κακοῖς·
793 2342 818 2402 οἱ
838 2341 887 2420 μίν

111 2433 262 2511 δημοτικοί,
277 2434 307 2492 τό
321 2433 444 2513 φρόνημα
455 2433 507 2489 τῶν
527 2430 672 2510 πατρικίων
688 2428 887 2507 τεταπεινωμί-

110 2544 152 2578 νον
172 2522 298 2600 δρῶντες,
314 2518 360 2577 καλ
373 2518 422 2590 τλν
442 2514 539 2597 βουλὴν
555 2515 656 2583 οῦδενδς
676 2515 715 2576 ίτι
731 2519 783 2575 τῶν
795 2520 887 2576 κοινῶν

56 2639 83 2679 25
111 2598 191 2668 οῦσαν
206 2607 314 2687 κυρίαν·
332 2611 357 2666 ol
379 2605 406 2665 δδ
425 2605 576 2684 πατρίκιοι,
591 2604 639 2675 τὴν
653 2604 799 2686 ἐλευθερίαν
816 2606 888 2668 δπο-

111 2694 245 2754 λωλεκότα
260 2693 304 2753 τδν
317 2695 400 2770 δῆμον
414 2692 460 2753 καλ
483 2692 550 2771 μηδδ
563 2692 612 2765 τὴν
629 2692 772 2772 ἐλαχίστην
792 2691 888 2773 έχοντα

112 2782 205 2864 ἰσχὺν,
220 2782 246 2852 t}
261 2773 291 2842 οῦ
305 2783 352 2850 τὴν
367 2780 536 2863 δημαρχικὴν
552 2781 667 2851 ἐξουσίαν
684 2783 772 2840 αὐτῶν
785 2785 811 2842 οἱ
824 2780 887 2842 δίκα

113 2873 263 2955 ιἰφείλοντο·
278 2872 404 2952 αὐθαδείᾳ
427 2871 456 2931 δέ
476 2873 562 2953 πολλῇ
577 2871 642 2952 πρδς
665 2870 747 2951 άμφω
766 2869 800 2930 τδι
817 2871 886 2952 μίρη

111 2960 258 3044 χρώμενοι,
279 2960 325 3022 καί
338 2959 392 3022 οὔτ’
418 2959 462 3022 ἐπὶ
484 2961 664 3039 στρατοπέδου
689 2957 886 3040 μετριάζοντας,

54 3078 82 3118 ευ
113 3057 167 3113 οὔτ’
188 3055 215 3112 δν
236 3056 268 3126 τῇ
289 3051 365 3111 πόλει
386 3056 593 3132 σωφρονοῦντες,
619 3052 763 3125 ὁμονοῆσαι
787 3048 887 3115 πάντας

111 3143 263 3220 ἠνάγκασαν
279 3140 324 3200 καί
339 3142 490 3199 καταλῦσαι
508 3138 556 3211 τλν
578 3137 661 3218 ἀρχὴν
677 3137 782 3209 αὐτῶν,
797 3135 885 3195 όπλων

109 3229 261 3309 γενηθέντας
275 3229 377 3308 κυρίους
391 3229 434 3288 διδ
443 3227 488 3287 τδν
504 3226 628 3303 πόλεμον.
667 3223 710 3285 T&
723 3221 751 3282 δί
766 3222 885 3303 ἁμαρτή-

110 3344 182 3397 ματα
205 3321 291 3378 ababa
312 3317 345 3376 τδι
369 3319 522 3390 τελευταῖα,
542 3315 589 3375 καί
605 3316 639 3373 δι’
663 3313 680 3373 δ
704 3312 884 3384 κατελύθησαν

110 3411 160 3468 lino
176 3413 221 3466 τοῦ
237 3405 340 3480 δήμου·
354 3411 443 3464 τοῦτον
461 3403 511 3485 γδρ
534 3402 567 3474 δὴ
582 3403 698 3480 μάλιστα
713 3401 882 3480 προπηλακί-

55 3527 82 3566 ³5
111 3501 196 3565 ζοντες
213 3494 386 3574 ἐξηγρίωσαν·
402 3493 483 3553 τοιάδ’
503 3484 547 3565 ἦν.
899 3485 900 3488 “

150 3586 256 3646 xxtlt.
280 3581 349 3641 Ὅτε
364 3582 394 3640 τὸ
408 3581 468 3662 περί
482 3581 656 3664 τοῦπολίμου
679 3577 805 3660 ψήφισμα
824 3577 883 3637 ίκύ·

112 3695 215 3752 ρωσαν,
232 3671 448 3750 καταγράψαντες
470 3670 497 3727 έν
523 3669 600 3748 τάχει
622 3670 669 3735 τδις
696 3666 819 3743 δυνάμεις
840 3666 885 3726 καλ

109 3767 188 3843 τριχῇ
204 3760 355 3835 νείμαντες,
372 3757 417 3817 δύο
436 3756 483 3836 μίν
497 3757 622 3839 τάγματα
644 3758 785 3817 κατέλιπον
802 3758 829 3816 ἐν
849 3763 882 3840 τῇ

108 3850 184 3911 πολει
210 3850 327 3930 φυλακῆς
350 3849 403 3907 τῶν
429 3845 501 3915 ίντδς
528 3845 631 3926 τείχους
664 3845 766 3905 ίνεκεν·
795 3849 883 3923 ἡγεῖτο

54 3965 82 4007 io
110 3939 137 3998 δὲ
151 3942 202 3997 τῶν
225 3935 271 3995 δύο
293 3935 391 3995 τούτων
412 3935 555 4012 ταγμάτοιν
571 3933 684 4003 Ἄππιος
703 3932 846 4007 Κλαύδιος,
870 3939 884 3996 δ

109 4024 277 4106 προεστηκὼς
291 4031 338 4099 τῆς
355 4027 529 4108 ὀλιγαρχίας,
551 4029 597 4089 καί
612 4028 659 4089 σδν
676 4032 746 4110 αὐτῷ
772 4030 886 4111 Σπόριος

109 4115 235 4184 Ὄππιος.
286 4115 355 4197 Τρία
386 4112 410 4175 δ’
439 4118 542 4197 δχοντες
563 4117 654 4196 ἐξῆγον
686 4118 730 4178 έπί
757 4120 886 4189 Σαόίνους

111 4208 220 4273 Κόϊντος
238 4204 358 4273 «littere,
375 4205 422 4263 καί
440 4205 549 4274 Κόϊντος
575 4206 727 4283 Ποιτίλιος,
754 4208 800 4268 καί
821 4209 886 4270 Μοί-

109 4320 161 4365 νιος
174 4293 342 4365 Ῥαόυλήῖος.
373 4290 457 4353 Πέντε
470 4292 498 4352 δέ
513 4292 548 4353 τθ
558 4295 638 4355 λοιπδ
658 4295 784 4375 τάγματα
798 4319 886 4377 παρα·

56 4413 81 4451 is
108 4385 232 4452 λαθόντες
269 4382 378 4462 Μάρκος
391 4405 419 4440 τε
437 4381 591 4463 Κορνήλιος,
606 4384 652 4444 καὶ
667 4385 777 4452 Λεύκιος
792 4385 886 4456 Μηνύ-

109 4496 161 4541 κιος
173 4519 181 4552 ,
194 4473 240 4533 καὶ
258 4473 367 4550 Μάρκος
384 4469 501 4551 Σέργιος,
514 4472 560 4533 καί
579 4474 659 4543 Τίτος
675 4473 825 4546 Ἀντώνιος,
838 4473 885 4534 καί

109 4565 253 4629 τελευταῖος
264 4561 373 4623 Καίσων
388 4561 537 4632 Δουίλλιος,
555 4563 599 4624 έπί
613 4563 659 4624 τδν
674 4563 738 4644 πρδς
756 4562 885 4631 Αἰκανούς

109 4648 223 4727 πόλεμον
238 4652 376 4732 ἀφίκοντο·
399 4653 616 4734 συνεστρατεύετο
636 4654 666 4713 δί
690 4653 778 4721 αύτοῖς
801 4649 885 4713 Λατί-

108 4758 159 4796 νων
184 4760 212 4795 τε
227 4738 271 4796 καὶ
289 4739 377 4799 ἄλλων
394 4740 544 4820 συμμάχων
561 4738 726 4818 ἐπικουρικόν
744 4740 792 4798 οῦκ
807 4739 886 4800 ίλατ·

55 4855 82 4893 ω
109 4849 152 4885 τον
167 4829 213 4883 τοῦ
227 4825 360 4885 πολιτικοῦ
377 4828 501 4899 πλήθους.
547 4827 617 4888 Ἀλλ’
631 4826 702 4887 οὐδὲν
718 4828 805 4894 αὐτοῖς
818 4826 886 4909 ἰχώ-

110 4938 147 4996 ρει
173 4913 242 4974 κατθι
264 4920 323 4974 νοῦν
337 4916 468 4992 τοσαύτην
486 4917 532 4997 μὶν
549 4918 647 4978 οἰκείαν
664 4917 773 4996 δύναμιν
788 4920 885 4994 ἔπαγο·

110 5003 213 5082 μένοις,
227 5003 358 5076 τοσαύτην
379 5003 407 5064 δθ
429 5006 597 5086 συμμαχίαν.
641 5009 676 5067 Οἱ
695 5004 747 5086 γάρ
765 5005 886 5081 πολέμιοι

108 5091 354 5174 καταφρονήσαντες
378 5095 479 5167 αὐτῶν,
506 5094 545 5152 ότι
570 5095 752 5155 νεοσύλλεκτοι
772 5085 841 5165 ἦσαν
862 5094 886 5151 οί

109 5181 328 5264 στρατευόμενοι,
343 5179 455 5252 πλησίον
479 5180 816 5262 άντιστρατοπεδεύσαντο,
840 5180 886 5240 καὶ

943 490 1038 556 Appius
1063 491 1166 555 eiusque
1194 492 1293 557 collega
1317 494 1417 554 terrent,
1437 496 1544 559 primum
1560 497 1659 560 quidem
1677 513 1721 552 eos

942 580 1071 646 probibere
1094 583 1174 632 conati
1197 585 1264 644 sunt,
1281 584 1358 648 portis
1375 585 1482 647 clausis,
1496 591 1523 637 et
1541 589 1721 643 nonnullisbo·

943 671 1050 722 minibus
1069 672 1209 738 correptis:
1225 672 1270 723 sed
1282 673 1372 725 deinde
1388 679 1445 736 (eos
1466 677 1532 727 enim
1551 677 1674 732 invaserat
1687 682 1721 733 ti-

942 778 996 815 mor
1007 779 1047 824 ne,
1071 765 1115 829 qui
1140 765 1345 830 prohibebantur,
1370 767 1400 816 ad
1427 767 1478 818 rim
1497 771 1675 834 populsandam
1696 788 1723 825 se

942 861 1122 920 converterent,
1136 862 1162 909 et
1175 861 1243 909 recta
1256 860 1320 910 ratio
1338 873 1381 910 eos
1393 861 1484 922 subiit,
1498 865 1577 913 satius
1590 864 1635 915 sibi
1656 866 1722 929 tore,

943 949 1054 1000 inimicos
1071 951 1184 1013 procula
1199 964 1246 1001 suo
1264 955 1398 1017 conspectu
1420 968 1489 1017 esse,
1504 970 1580 1019 quarn
1596 971 1723 1010 remanere

944 1044 969 1091 et
989 1041 1113 1104 negotium
1132 1041 1178 1092 sibi
1202 1042 1337 1107 facessere)
1360 1046 1450 1109 apertis
1465 1048 1549 1111 portis,
1568 1049 1720 1112 dimiserunt,

943 1136 1068 1197 quotquot
1085 1134 1152 1185 abiro
1168 1135 1313 1197 voluerunt,
1328 1150 1413 1188 eorum
1426 1152 1486 1190 vero
1497 1140 1586 1193 dumos
1607 1146 1632 1191 et
1644 1144 1722 1208 patri·

943 1227 1038 1288 monia,
1056 1231 1082 1276 et
1092 1241 1248 1291 quaecunque
1265 1227 1313 1278 alia
1337 1230 1422 1281 relicta
1436 1232 1542 1294 fuerant,
1557 1248 1614 1297 quae
1625 1235 1652 1285 in
1666 1236 1724 1299 tuga

943 1319 1088 1384 absportare
1098 1332 1146 1367 non
1159 1321 1280 1382 poterant,
1296 1319 1364 1370 illato
1384 1322 1486 1374 crimine
1500 1323 1607 1375 desertas
1616 1325 1721 1389 militiis,

944 1413 1026 1465 verbis
1045 1410 1145 1476 quidem
1167 1413 1338 1475 publicarunt,
1364 1414 1408 1465 sed
1423 1429 1450 1467 re
1468 1430 1528 1467 vera
1551 1419 1602 1469 suis
1623 1420 1721 1481 amicis,

945 1504 1016 1571 quasi
1027 1518 1057 1555 ea
1072 1505 1164 1569 populo
1186 1507 1310 1570 emissent,
1335 1511 1396 1557 sunt
1409 1507 1498 1574 largiti.
1513 1511 1574 1560 liaeo
1585 1514 1665 1574 initur
1675 1515 1722 1566 cri·

946 1600 1014 1650 mina
1023 1588 1145 1662 prioribus
1159 1598 1243 1650 addita
1263 1603 1289 1650 et
1306 1601 1423 1664 patricios
1434 1606 1460 1654 et
1476 1603 1583 1668 plebeios
1604 1605 1724 1658 decemvi-

947 1696 1012 1745 ratui
1035 1695 1106 1759 longe
1137 1695 1277 1746 infestiores
1301 1694 1469 1749 reddiderunt.
1494 1697 1520 1748 si
1544 1711 1604 1748 vero
1629 1699 1724 1751 nullum

947 1789 1053 1854 amplius
1074 1792 1202 1854 peccatum
1225 1792 1317 1852 praeter
1339 1791 1467 1855 superiora
1487 1792 1724 1857 commisissent,illi

947 1878 1008 1930 mibi
1018 1879 1133 1930 videam
1143 1879 1187 1928 diu
1205 1880 1229 1928 in
1241 1878 1330 1931 eadem
1344 1882 1467 1944 potestate
1480 1883 1635 1945 permansuri
1648 1885 1724 1936 tuisse

947 1970 1021 2034 (nam
1044 1968 1146 2031 seditio,
1173 1984 1230 2034 quaa
1256 1972 1352 2023 illorum
1376 1973 1509 2037 potentiam
1544 1976 1721 2040 conservabat,

948 2061 972 2111 in
984 2060 1046 2112 urbe
1057 2059 1140 2111 adbuc
1151 2061 1273 2122 manebat,
1286 2062 1318 2112 ob
1339 2061 1429 2113 multas
1448 2076 1551 2114 caussas
1566 2068 1592 2114 et
1604 2067 1724 2130 temporis

948 2152 1109 2204 diuturnitate
1129 2155 1217 2211 aucta;
1236 2153 1269 2202 ob
1283 2167 1358 2216 quam
1378 2154 1478 2216 utrique
1499 2155 1632 2207 alterorum
1652 2159 1724 2213 malis

949 2252 1035 2297 mutuo
1058 2245 1205 2310 gaudebant.
1242 2244 1349 2305 Plebeii,
1372 2245 1439 2308 quod
1459 2246 1725 2312 patriciorumsplritus

946 2339 1077 2404 depressos
1092 2336 1214 2397 viderent,
1229 2341 1255 2388 et
1267 2337 1357 2389 nullius
1373 2339 1514 2403 reipublice
1528 2340 1723 2394 administratio·

946 2445 1003 2482 nem
1012 2430 1117 2495 amplius
1134 2442 1207 2494 penes
1220 2435 1333 2479 senatum
1348 2443 1402 2480 esse
1417 2450 1423 2480 :
1436 2433 1540 2495 patricii,
1550 2434 1621 2497 pund
1632 2448 1722 2486 cerne·

946 2524 1003 2575 rent
1023 2522 1119 2588 plebem
1133 2522 1245 2573 libertate
1268 2521 1409 2586 spoliatam,
1426 2524 1451 2572 et
1468 2535 1498 2572 ne
1522 2523 1648 2574 minimam
1667 2527 1724 2590 qui·

946 2614 1003 2664 dem
1021 2612 1156 2677 potentiam
1172 2612 1277 2672 babere,
1291 2626 1323 2662 en
1344 2626 1392 2677 quo
1412 2611 1545 2663 decemviri
1570 2614 1724 2666 tribunitiam

945 2710 1091 2773 potestatem
1112 2707 1133 2756 ei
1151 2706 1315 2770 eripuerant),
1327 2706 1370 2756 sed
1389 2718 1468 2771 quum
1484 2706 1525 2756 liti
1548 2705 1573 2756 in
1594 2711 1725 2771 utramque

945 2803 1040 2863 partem
1052 2810 1139 2862 magna
1163 2795 1303 2860 arrogantia
1321 2800 1460 2858 uterentur,
1473 2810 1552 2860 neque
1564 2797 1625 2847 toris
1636 2798 1724 2850 mode·

946 2895 998 2942 rate
1011 2905 1038 2942 sc
1048 2895 1168 2956 gererent,
1184 2903 1263 2953 neque
1273 2890 1341 2940 domi
1353 2893 1519 2955 temperantes
1532 2898 1625 2953 essent,
1641 2908 1726 2960 coege-

945 2987 1003 3034 runt
1010 2996 1095 3034 omnes
1110 2982 1243 3034 concordes
1256 2982 1318 3043 lieri,
1331 2987 1356 3033 et
1366 2996 1440 3033 suum
1453 2983 1586 3048 imperium
1599 2991 1720 3051 evertere,

944 3083 1020 3134 quum
1031 3072 1130 3133 propter
1142 3067 1233 3119 bellum
1247 3082 1316 3119 arma
1323 3082 1399 3134 penes
1414 3084 1442 3120 se
1459 3071 1586 3123 baberent.
1597 3077 1724 3129 Postrema

944 3166 1027 3214 autem
1047 3176 1131 3213 eorum
1150 3165 1264 3226 peccam,
1287 3165 1313 3212 et
1336 3163 1368 3213 ob
1384 3176 1440 3227 qum
1458 3179 1544 3217 eorum
1567 3169 1725 3232 imperiumn

943 3255 1154 3319 plebefsublatum
1177 3257 1216 3303 est
1237 3256 1304 3316 (nam
1326 3267 1383 3305 eam
1405 3256 1512 3309 manime
1538 3264 1724 3316 contemnentes

940 3348 1248 3414 etiemrantllineiuerunt.

972 3593 1062 3644 xltlll.
1075 3593 1159 3648 Quum
1172 3591 1413 3643 senatusconsultum
1421 3592 1453 3644 de
1462 3593 1525 3645 bello
1536 3595 1628 3646 iactum
1636 3597 1723 3649 confir·

942 3684 1061 3740 manserit,
1086 3679 1163 3743 copiis
1183 3691 1287 3743 propere
1316 3680 1477 3745 conscriptis,
1504 3682 1584 3746 iisqne
1605 3684 1723 3738 trifariam

943 3771 1038 3832 divisis,
1051 3768 1114 3819 duas
1132 3767 1274 3830 legionario
1288 3768 1352 3818 urbe
1364 3768 1524 3832 reliquerunt,
1536 3771 1567 3820 ad
1582 3773 1723 3835 presidium

943 3872 1037 3918 eorum,
1051 3855 1095 3920 qni
1110 3856 1174 3905 intra
1188 3858 1350 3905 muroserant
1365 3855 1518 3907 :bisantem
1537 3857 1632 3908 duabus
1647 3861 1723 3925 legio-

943 3947 1017 3999 nibus
1039 3945 1170 4011 proiectus
1186 3944 1240 3992 erat
1266 3941 1358 4005 Appius
1382 3941 1516 4004 Claudius,
1543 3944 1724 4001 decemviratus

944 4036 1073 4102 princeps.
1095 4034 1121 4082 et
1136 4043 1193 4080 curn
1209 4042 1239 4079 eo
1260 4031 1304 4094 sp.
1320 4028 1425 4094 Oppius.
1450 4032 1512 4082 Tres
1532 4046 1592 4083 vero
1612 4034 1725 4097 legiones

943 4139 1028 4176 seeum
1043 4123 1068 4173 in
1093 4119 1196 4170 Sabinos
1213 4119 1335 4169 duxerunt
1357 4120 1387 4176 Q.
1402 4118 1492 4170 Fabius
1513 4125 1538 4171 et
1552 4124 1583 4179 Q.
1605 4124 1725 4178 Poetelius

943 4220 969 4268 et
983 4220 1017 4268 lit.
1054 4212 1196 4266 Rabuleius.
1238 4212 1301 4261 cum
1332 4209 1432 4274 reliquis
1457 4211 1567 4276 qunque
1588 4213 1723 4277 legionibus

943 4305 977 4355 Μ.
991 4303 1134 4362 cornelius,
1158 4304 1184 4351 L.
1209 4296 1338 4358 Minucius,
1349 4300 1383 4348 bt.
1401 4299 1509 4364 Sergius,
1523 4302 1551 4350 T.
1566 4305 1685 4352 antonius
1699 4303 1725 4352 et

943 4395 1082 4458 postremus
1097 4395 1168 4442 (taeso
1183 4389 1303 4448 Duellius,
1315 4387 1345 4437 ad
1358 4386 1451 4439 beilum
1464 4394 1550 4440 contra
1564 4395 1656 4455 AEquos
1666 4395 1725 4441 sunt

947 4481 1057 4547 protecti.
1068 4483 1131 4532 cum
1146 4480 1194 4530 illis
1211 4481 1294 4528 autern
1315 4478 1453 4529 militabant
1465 4478 1608 4528 Latinorum
1626 4482 1653 4529 et
1665 4478 1723 4527 alio·

946 4582 1002 4618 rum
1016 4568 1138 4618 sociorum
1152 4564 1255 4624 auxilia,
1274 4562 1365 4612 urbana
1379 4564 1536 4614 multitudine
1551 4580 1598 4614 non
1619 4566 1721 4625 niinorn

944 4659 992 4708 Sed
1016 4658 1076 4708 nibil
1096 4655 1156 4720 ipsis
1178 4670 1208 4706 ex
1225 4655 1300 4707 animi
1315 4654 1438 4706 sententia
1460 4652 1592 4710 successit,
1610 4647 1724 4712 quamvis

942 4744 1025 4794 tantas
1043 4741 1192 4792 domesticas
1230 4740 1353 4791 sociorum
1374 4739 1457 4803 copias
1479 4748 1563 4785 secum
1593 4733 1719 4783 ducerent.

943 4838 1003 4886 Nam
1016 4835 1108 4891 hostes,
1124 4832 1173 4883 illis
1189 4833 1331 4891 contemtis,
1346 4833 1410 4895 quod
1420 4829 1511 4880 milites
1524 4829 1607 4875 essent
1615 4825 1720 4887 tirones,

942 4927 1022 4974 castra
1036 4936 1081 4973 sua
1095 4921 1194 4986 propius
1209 4935 1252 4971 eos
1266 4935 1297 4969 ex
1312 4920 1415 4970 adverso
1440 4919 1589 4981 posuerunt,
1610 4918 1636 4963 et
1656 4924 1722 4962 com·

942 5014 1046 5068 meatus,
1058 5008 1102 5072 qui
1121 5006 1325 5071 apportabantur,
1342 5005 1503 5062 auferebant,
1514 5003 1608 5052 insidiis
1621 5016 1665 5066 per
1680 5001 1719 5052 iti·

941 5097 1146 5154 neracotlocatis,
1168 5107 1260 5157 eosque
1282 5093 1423 5156 pabulatum
1445 5094 1562 5142 exeuntes
1583 5092 1721 5144 adorieban-

942 5190 984 5237 tnr
996 5207 1003 5237 ι
1017 5199 1047 5237 ac
1056 5186 1077 5236 si
1086 5184 1186 5250 quando
1196 5184 1292 5249 equites
1302 5197 1360 5233 cuni
1372 5180 1507 5246 equitibus,
1519 5183 1545 5233 et
1558 5181 1654 5248 pedites
1663 5192 1723 5232 euin
