3772 5828
162 351 224 411 aab
314 412 316 416 a

165 483 192 539 el
214 487 353 558 γυναῖκες,
378 475 519 556 ἕφθίγξατο
540 478 646 536 πολλῶν
667 482 807 557 παρουσῶν
833 477 939 557 γλώττῃ

166 568 266 647 Λατίνῃ
280 568 369 646 φωνὴν
383 565 520 627 εὐσύνετόν
530 589 560 625 τε
574 566 619 623 καὶ
631 566 760 643 γεγωνόν·
775 558 805 638 ἧς
816 569 873 626 ἐστι
885 590 942 649 φω-

164 664 209 730 νῆς
224 654 456 736 ἐξερμηνευόμενος
478 659 492 715 ὁ
512 660 571 721 νοῦς
593 658 628 720 εἰς
643 654 692 727 την
704 654 824 715 Ἑλλάδα
837 656 943 715 διάλεκ-

164 769 209 804 τον
221 746 337 804 τοιόσδε·
354 743 466 824 «Ὁσίῳ
487 746 587 811 πόλεως
603 745 676 826 νόμῳ
690 752 810 822 γυναῖκες
826 744 942 823 γαμεταὶ

123 852 137 889 ⁵
166 864 178 889 ιι
195 835 326 896 δεδώκατέ
340 860 409 911 με.»
425 831 482 900 Οἷα
493 837 520 894 88
537 838 608 915 φιλεῖ
617 834 735 911 γίνεσθαι
748 833 809 915 περὶ
821 835 869 901 τὰς
888 858 941 893 πα·

166 924 287 1005 ραδόξυυς
304 924 391 1004 φωνάς
405 947 434 982 τε
448 925 495 983 καὶ
509 924 595 1003 ὄψεις,
617 921 704 993 πολλὴ
720 929 777 988 ταῖς
797 921 943 1001 παρούσαις

164 1013 300 1073 ἐνέπιπτεν
338 1013 467 1092 ἀπιστία,
494 1011 616 1088 μήποτε
642 1013 670 1070 88
694 1010 725 1070 τδ
740 1011 830 1079 ξόανον
845 1011 887 1080 εἴη
911 1009 942 1069 τὸ

165 1102 260 1182 φθεγξ’
245 1126 353 1178 εμενον,
373 1100 524 1212 ἀνθρῳπίνη
548 1098 578 1159 88
603 1122 642 1167 τις
663 1100 751 1182 φωνή
768 1100 885 1178 μάλιστα
900 1097 943 1174 δὲ,

165 1190 227 1251 ὅσαι
242 1193 306 1270 πρὸς
320 1190 393 1271 ἄλλῳ
408 1214 458 1250 τινι
473 1189 517 1249 τδν
529 1192 589 1248 νοῦν
603 1186 711 1268 ἔχουσαι
723 1194 869 1261 τηνικαῦτα
884 1187 942 1246 ἔτυ-

111 1302 138 1341 ro
165 1303 232 1359 χον,
253 1283 300 1339 οὐκ
318 1252 457 1337 ἰδοῦδαι
433 1301 463 1337 το
476 1276 653 1360 φθεγγόμενον
672 1275 728 1335 ὅτε
747 1300 799 1336 ποτ
799 1268 892 1348 ’ἦν’
877 1273 942 1334 ταύ-

164 1392 213 1438 την
235 1361 305 1446 εἶχον
322 1366 371 1437 τὴν
385 1366 449 1448 πρός
463 1365 510 1434 τάς
523 1363 662 1433 θδούσας’
647 1364 782 1426 απεστίαν.
824 1363 941 1426 'Ecetra

164 1447 237 1521 αυθις
257 1454 418 1526 πληθύοντος
433 1460 479 1514 τοῦ
493 1479 544 1514 νεω
526 1453 604 1514 καὶ
619 1476 720 1526 σιωπης
733 1453 860 1526 πλείστης
871 1452 941 1513 κατά

164 1542 276 1616 δαίμονα
290 1542 448 1619 γενομένης,
463 1542 501 1601 ἔτι
521 1542 620 1658 μείζφνι
635 1548 709 1621 φωνῇ
723 1540 754 1600 τδ
767 1540 832 1601 αὐτὸ
851 1539 942 1609 ξόανον

164 1631 241 1712 ἀφθίγ
214 1630 362 1699 ξατοτὴν
378 1632 461 1704 αὐτὴν
476 1630 596 1707 λε’ξιν,”
576 1657 645 1694 ωστε
661 1634 715 1709 μηδ
701 1631 743 1691 δδν
771 1632 810 1691 ἔτι
828 1620 936 1689 εἶναι
912 1652 942 1688 το

111 1742 137 1780 νε
163 1720 322 1799 ἀμφίλογον.
379 1718 413 1780 ‘tl
440 1711 539 1797 pb
509 1744 554 1779 ουν
582 1719 701 1800 88888‘
687 1746 723 1788 ως
744 1724 829 1781 ταῦτα
845 1718 942 1796 ἀμαθεν

163 1808 311 1889 ἐψηφίσατο
330 1809 422 1875 θυσίας
442 1808 525 1875 ἀλλας
549 1812 596 1869 καὶ
587 1807 779 1887 ισεῦασμούς,
801 1805 881 1877 οῦς
868 1832 900 1868 αν
917 1808 941 1868 ol

163 1899 215 1955 τῶν
244 1900 320 1977 ἱερῶν
344 1898 470 1977 ἐξηγηταὶ
492 1899 650 1978 παραδῶσι,
668 1903 728 1959 καθ’
745 1901 858 1959 ἕκαστον
884 1896 942 1965 ἔτος

163 1987 302 2047 ἀποτελεῖν.
357 1991 392 2047 Αἱ
415 1987 442 2046 88
466 1996 588 2064 γυναῖκες
609 1991 635 2048 ἀν
662 1989 715 2048 ἔθεε
742 1986 941 2059 κατεστήσαντο

163 2078 257 2154 τῇτῆς
277 2076 372 2156 ἱερείας
388 2076 557 2156 χρησάμεναι
582 2075 676 2158 γνώμῃ
702 2079 739 2155 τῷ
766 2075 848 2155 ξοάνῳ
875 2073 941 2133 τού-

110 2182 138 2220 το
164 2187 202 2246 τῳ
225 2167 292 2240 μήτε
315 2166 458 2244 στεφάνους
483 2166 641 2237 ἀπιτεθάναε,
669 2164 738 2241 μήτε
759 2172 851 2244 χεῖρας
872 2185 941 2243 προ-

164 2252 269 2330 σφέρειν
288 2253 414 2329 γυναῖκας
429 2252 490 2313 ὅσαι
502 2252 629 2333 δευτέρων
644 2256 818 2334 ἀπειράθησαν
836 2253 939 2333 γάμων,

162 2338 261 2410 τ·δ,ν“ί
235 2362 261 2398 οε
283 2340 364 2416 τιμὴν
378 2342 424 2401 καὶ
436 2340 619 2421 θεραπείαν’
590 2349 669 2402 αυτοῦ
683 2350 772 2402 πᾶσαν
795 2340 939 2402 ἀποδεδόσ-

162 2432 205 2486 θαι
230 2437 286 2497 ταῑς
312 2430 458 2508 νεογάμοις.
500 2428 581 2492 Ἀλλά
607 2431 669 2511 περὶ
694 2429 742 2510 μὲν
763 2432 863 2491 τούτων
881 2429 941 2489 ούτε

162 2519 302 2596 παρελθεῖν
314 2516 363 2591 τὴν
377 2516 518 2599 ἐπιχώριον
541 2518 658 2599 ἱστορίαν
677 2522 764 2588 καλῶς
779 2510 866 2600 εἶχεν,
881 2518 940 2579 οὔτε

111 2627 136 2665 τε
163 2605 272 2665 πλείονα
287 2607 392 2687 περὶ’
362 2609 443 2677 αυτῆς
463 2612 593 2667 ποιεῖσθαι
618 2607 705 2688 λόγον.
748 2608 891 2684 ’Ennirerpr
911 2605 940 2666 88

163 2692 219 2750 ὅθεν
234 2697 270 2759 εἰς
281 2699 372 2754 τοῦτον
392 2693 523 2768 izimo
499 2718 544 2755 τον
546 2694 647 2809 λόγρν.

205 2782 295 2840 bvii.
319 2780 397 2844 birri
412 2782 461 2854 τὴν
476 2785 506 2842 ἀει
518 2789 563 2843 τοῦ
581 2784 698 2865 χάρακος
713 2786 923 2865 semissis*
887 2810 940 2845 των

162 2872 293 2946 γυναικῶν
312 2870 531 2983 όΜάρκερς
474 2895 535 2951 περι
547 2871 591 2930 τὸν
602 2871 725 2951 όρθρον’
710 2897 860 2945 αναστησας
892 2898 939 2945 την

164 2979 211 3034 στρ
215 2982 247 3015 ατ
249 2958 320 3018 ιάν’
305 2982 408 3067 απηγεγ
430 2962 465 3026 ὡς
479 2960 523 3017 διὰ
535 2960 635 3067 φιλίας.
690 2962 745 3020 Καὶ
760 2962 851 3033 ἐπειδὴ
868 2964 941 3020 ἀν’·
907 2986 941 3043 τη

109 3061 136 3100 ao
163 3047 376 3106 ούολούσκων’
364 3047 435 3123 εγίνε
437 3069 484 3122 το,
505 3046 593 3105 πάντα
609 3044 659 3105 ὅσα
684 3049 771 3106 ἐκ
735 3071 788 3106 των
816 3048 941 3130 λαφύρων

163 3131 242 3192 {lece
257 3131 441 3214 δωρησάμενος
459 3142 513 3201 τοῖς
532 3137 725 3213 στρατιώταις,
740 3136 826 3215 ἐαυτῳ
840 3137 864 3193 δ
879 3136 938 3197 8888

162 3224 247 3281 ὁτιοῦν
262 3220 467 3298 ὑπολιπόμενος,
493 3222 623 3282 ἀπέλυσεν
645 3222 689 3281 ἐπὶ
712 3222 745 3281 τδι
768 3227 862 3284 οἰκεῖα.
904 3226 940 3287 Ἡ

163 3312 210 3388 μὲν
241 3302 285 3370 σύν
310 3311 494 3385 κοινωνήσασα
520 3316 573 3371 τῶν
600 3312 709 3392 ἀγώνων
731 3315 802 3394 αιἐτῶ
829 3314 941 3396 στρατιά

164 3401 271 3481 πλούτῳ
289 3401 383 3479 βαρεῖα
402 3400 566 3482 ἀφικομένη,
593 3403 641 3476 τήν
664 3428 693 3463 τε
715 3404 871 3464 ἀνάπαυλαν
893 3408 941 3466 οὒκ

110 3511 136 3549 as
164 3491 250 3558 ἀηδῶς
264 3490 369 3558 ἐδέξατο
383 3496 430 3548 τοῦ
444 3490 562 3567 πολέμου
588 3491 634 3551 καὶ
656 3492 689 3551 δι’
704 3495 804 3562 εὐνοίας
818 3485 873 3576 εἶχε
895 3497 940 3556 τὸν

163 3577 261 3655 ἄνδρα,
259 3577 470 3683 Α,συγγνώμηςά
484 3579 514 3650 άξ
518 3604 554 3639 ιον
571 3584 678 3658 ἡγεῖτο,
699 3584 769 3641 εἰ
736 3608 774 3660 μη
790 3584 889 3651 τέλες’
878 3583 940 3642 επί·

163 3669 225 3733 θηκε
242 3665 521 3747 τοιπολειεω,ητρος
533 3693 634 3737 οικτου
646 3670 781 3739 καιλιτάς
792 3673 938 3750 ἐντραπείς.

168 3749 237 3811 li
223 3774 237 3810 8
240 3730 287 3812 ’δν
302 3778 360 3822 ταις
373 3756 517 3814 πολεσεν
506 3757 674 3831 υπομείνασα
698 3761 788 3832 νεότης
812 3766 940 3841 φθονοῦσα

165 3842 212 3914 μὲν
237 3847 289 3909 τοῖς
316 3845 360 3901 ἰπι
384 3844 562 3922 στρατοπέδου
588 3843 736 3921 γενομένοις
761 3870 813 3904 των
836 3849 941 3907 πολλῶν

109 3953 137 3991 ιο
164 3929 311 4035 ὠφελειῶν,
324 3932 560 4010 διημαρτηκυῖαδ’
536 3923 752 4004 δῶνῆλπεσεν,
774 3936 940 4017 εἰκαθαιρε-

165 4015 266 4084 θείη
242 4038 271 4072 το
296 4017 440 4166 ζιΡιιμριίωγ
465 4018 587 4101 φρόνημα
615 4022 661 4090 τῆς
685 4018 787 4086 πόλεως
813 4020 941 4097 ἀλούσης,

165 4101 387 4209 ἐτραχύνετορδ
336 4130 356 4163 π
388 4108 457 4175 ςτδν
469 4107 586 4186 ἡγεμόνα
610 4108 654 4166 καί
679 4131 743 4187 πικρ
745 4107 761 4165 8
776 4108 877 4190 σφόδρα
860 4103 940 4184 αωῆ

165 4189 211 4247 καὶ
229 4131 392 4266 τελευτῶσάι,
412 4198 502 4269 ἐπειδὴ
524 4200 571 4256 τοῦ
593 4194 691 4274 μύσους
711 4197 841 4276 ἡγεμόνας
861 4198 941 4258 ἔλαύε

164 4278 225 4345 τοὺς
239 4282 361 4339 πλεῖστον
375 4286 451 4342 ἐν”
415 4310 454 4343 τω
475 4286 501 4345 88
489 4293 541 4346 θνει
563 4286 737 4364 δυναμένους.
752 4287 896 4368 ἐξηγριώθη
911 4314 941 4349 τε

109 4392 136 4430 ιε
165 4392 209 4427 και
223 4368 296 4447 ἔργον
313 4370 421 4450 ἔδρασεν
442 4376 557 4436 ἀνόσιον.
610 4368 663 4438 ἾΙν
681 4377 708 4436 88
725 4379 795 4438 Τύλ)
794 4402 827 4444 o<
840 4377 941 4446 Ἄττιος

164 4459 178 4513 8
199 4455 245 4521 τὰς
268 4458 345 4536 ὀργὰς
374 4462 460 4519 αὐτῶν
486 4464 654 4542 παραθήξας,
679 4464 747 4543 ἔχων
775 4467 835 4547 περὶ
862 4465 940 4525 αὑτὸν

164 4544 281 4657 ἑτφιρίμν
306 4546 360 4614 ἐξ
347 4547 451 4620 απάσης
471 4553 611 4619 πόλεως
586 4578 633 4612 ουκ
655 4554 755 4632 ὀλίγην
799 4554 893 4632 Τούτῳ
912 4554 940 4613 88

163 4633 207 4711 ἀρ’
220 4634 261 4690 ἐδε
255 4635 325 4690 δοκτ
327 4638 542 4717 οπαλαίτερον
528 4665 568 4699 ert
588 4643 631 4701 τὸν
645 4644 782 4723 φθόνον’
757 4668 785 4704 ου
802 4642 940 4725 δυναμένῳ

164 4722 301 4802 κατέχειν,
314 4725 336 4780 εἷ
350 4723 397 4800 μὲν
410 4716 437 4782 εδ
452 4730 521 4806 προίς
511 4728 579 4795 αςό
594 4733 713 4811 Μάρκιος
737 4757 782 4791 και
773 4732 848 4804 τὴν
864 4732 937 4794 Ρω-

110 4836 136 4875 80
165 4813 250 4886 μαίων
265 4811 341 4871 πόλιν
356 4813 506 4925 διαφθείρας
521 4820 556 4884 εἰς
568 4820 804 4888 Οὐολούσκουςέλθ
791 4828 839 4896 θοι,
854 4823 940 4903 κρύφα

165 4899 255 4955 καί
230 4925 276 4959 συν
299 4902 418 4982 δολῳ’
389 4903 467 4962 αυτὸν
490 4907 602 4965 ἀνελεῖν·
621 4911 679 4966 εί
665 4907 692 4967 88
715 4910 869 5024 διαμαρτών
893 4916 940 4982 τῆς

163 4986 209 5041 πῑί
211 5008 255 5062 ρας
269 4991 361 5061 ἀτελὴς
375 4997 420 5051 τοῦ
435 4992 511 5073 ἔργου
530 4997 642 5074 ἀναστρε
636 4997 767 5074 ’,ψειεν“
753 5024 789 5065 ως
810 5022 861 5079 προ
848 4996 940 5069 οδότην

163 5075 315 5149 παραδόντα
335 5083 368 5155 τῇ
389 5083 450 5160 περὶ
472 5084 550 5140 αὑτὸν
571 5083 704 5165 ἑταιρίορ’
689 5094 861 5146 αποκτεῑναι·
853 5086 939 5167 ·δπερ

163 5158 246 5220 indier
268 5184 315 5221 το
316 5186 337 5222 ε
380 5168 435 5226 Καὶ
451 5167 605 5247 συναγαγὼν
619 5179 697 5249 χεῖρα
709 5177 757 5232 οὐκ
777 5175 868 5254 ὀλίγην
892 5199 938 5234 κα-

685 345 851 406 ῠΙΟΝΥΒΙΙ
878 343 1256 406 Haercnsnassuitsrs

996 485 1045 535 isle
1062 490 1100 535 est
1121 500 1220 543 sensus,
1234 485 1256 534 si
1275 486 1363 536 Graeco
1380 497 1496 535 sannone
1508 495 1567 535 rctrs
1584 484 1786 551 intepreierlsr

997 593 1010 617 s
1017 572 1096 639 Ὀσίῳ
1104 574 1195 631 πόλεως
1201 574 1267 638 νόμῳ
1274 579 1383 636 γυναῖκες
1391 575 1496 637 γαμεταὶ
1505 573 1630 626 δεδώκατέ
1637 592 1679 641 με,
1690 597 1705 622 ι
1718 582 1789 638 Quo.

996 662 1159 713 madmodum
1170 667 1254 713 autem
1268 660 1382 713 accidere
1391 660 1455 712 solet
1473 661 1500 711 in
1511 661 1587 713 noris
1596 666 1623 713 et
1633 663 1785 731 inopinatis,

997 751 1037 802 rel
1049 751 1160 809 vocibus,
1173 752 1213 801 rel
1226 749 1372 810 visionibus,
1388 763 1424 801 ere
1434 762 1494 815 qma
1503 749 1611 801 aderam
1620 753 1696 805 valde
1705 754 1785 809 dubi·

998 844 1093 899 terunt,
1105 841 1208 891 nolonte
1221 853 1269 890 non
1284 839 1446 890 simulacrum
1458 842 1533 899 esset,
1546 840 1619 905 quod
1631 854 1720 895 τοσεεει
1729 844 1784 897 lru·

999 943 1098 979 manarn
1114 928 1242 979 edidisset.
1289 928 1416 993 Praeipue
1431 940 1492 979 reru
1511 929 1576 989 illoe,
1599 944 1659 995 qna
1681 934 1743 984 iuno
1756 933 1782 985 in

997 1019 1107 1082 aliquam
1120 1018 1193 1068 aliam
1210 1032 1263 1068 rem
1274 1017 1363 1069 animis
1385 1016 1489 1069 intente
1506 1022 1596 1079 erant,
1610 1034 1696 1087 neque
1710 1022 1781 1075 rida-

997 1111 1052 1158 rani
1069 1107 1189 1172 quidnam
1211 1107 1237 1157 id
1247 1110 1314 1157 esset
1326 1103 1395 1171 quod
1413 1119 1500 1159 rocem
1518 1109 1653 1170 emiserat,
1675 1111 1708 1163 iis
1724 1126 1779 1177 quar

998 1196 1112 1247 viderant
1140 1195 1217 1245 iidem
1239 1209 1286 1245 non
1308 1194 1441 1248 habebant.
1486 1199 1577 1248 Postea
1600 1198 1698 1251 iterum
1722 1215 1778 1253 curu

1000 1286 1121 1351 templum
1146 1299 1234 1349 magna
1255 1283 1397 1350 frequentia
1420 1283 1540 1338 reiertum
1566 1292 1651 1349 esset,
1672 1304 1778 1357 eumque

1000 1371 1175 1423 fortefortnna
1195 1372 1334 1423 maximum
1351 1376 1417 1424 aaut
1443 1374 1586 1435 silentium,
1601 1376 1700 1429 maiore
1719 1392 1777 1429 τοσε

999 1461 1065 1512 idem
1084 1461 1247 1512 simulacrum
1265 1461 1352 1512 eadem
1373 1462 1450 1513 rerba
1472 1464 1610 1528 protulisse
1632 1466 1731 1525 ierunt,
1745 1467 1777 1517 ita

999 1554 1029 1600 ut
1046 1550 1114 1600 nullo
1129 1550 1205 1600 modo
1217 1550 1324 1615 amplius
1341 1564 1375 1602 eo
1387 1551 1420 1601 de
1432 1550 1640 1606 rednbitaretur.
1674 1557 1778 1607 Sensim

1000 1638 1076 1701 igitur
1094 1637 1134 1688 bis
1153 1638 1230 1689 rebus
1252 1638 1370 1703 cognitis,
1387 1638 1436 1690 alia
1458 1654 1542 1691 annua
1559 1656 1632 1693 sacra
1648 1644 1731 1693 cultus
1746 1657 1777 1695 ex

1000 1725 1145 1791 pontificum
1164 1726 1308 1791 proscripto
1327 1726 1447 1779 decrerit.
1473 1729 1594 1782 liulieres
1611 1745 1711 1784 νεεοετ
1722 1745 1776 1784 ενα

1001 1813 1138 1866 sacerdotis
1160 1816 1282 1867 sententia
1308 1830 1403 1867 morem
1428 1818 1627 1879 eonsilium-unt,
1654 1824 1684 1871 nt
1698 1833 1777 1886 aequa

999 1917 1102 1954 coronas
1124 1903 1185 1954 huic
1203 1904 1335 1955 simulacro
1355 1904 1524 1970 imponerent,
1542 1922 1627 1975 neque
1649 1911 1778 1963 manuari

998 1991 1159 2044 admoverent
1177 1992 1296 2043 mulieres
1317 1994 1439 2047 secundas
1467 1996 1569 2061 nuptias
1591 2004 1720 2063 experta,
1736 1999 1778 2051 sed

1000 2094 1086 2132 recens
1102 2082 1188 2145 nuptis
1209 2082 1287 2132 bonor
1310 2082 1358 2134 late
1378 2081 1529 2146 deferretur,
1552 2090 1578 2136 et
1593 2087 1673 2138 huius
1695 2089 1780 2139 cultus

999 2182 1059 2220 cura
1075 2170 1157 2219 omnis
1174 2169 1205 2220 iis
1225 2170 1431 2224 committeretur.
1465 2175 1554 2225 vernn
1571 2174 1605 2225 de
1617 2175 1659 2225 luis
1673 2176 1778 2240 quidem

998 2260 1089 2319 rebus,
1102 2274 1148 2311 neo
1159 2274 1187 2310 ea
1201 2260 1323 2326 preteriri
1334 2300 1340 2319 ,
1364 2275 1422 2326 que
1436 2262 1469 2315 ab
1477 2262 1529 2315 eius
1539 2263 1620 2327 gentis
1629 2262 1778 2316 domesticis

999 2348 1160 2414 scriptoribus
1183 2348 1330 2414 produntur,
1347 2364 1393 2401 nec
1415 2350 1448 2403 da
1466 2350 1497 2405 br
1511 2352 1644 2419 prolixiore
1662 2354 1777 2406 oratioue

998 2437 1037 2501 agi
1049 2442 1136 2503 aptum
1150 2438 1247 2488 fuisset.
1281 2437 1430 2499 sedredeo,
1442 2438 1509 2493 uude
1521 2438 1555 2493 ad
1576 2440 1641 2493 banc
1650 2441 1775 2493 narratio·

998 2541 1123 2578 nemsum
1136 2526 1269 2591 digressus.
1643 2524 1745 2579 M

1639 2632 1743 2689 ‚sorem
1769 2614 1798 2685 s

1635 2712 1656 2763 t.
1691 2715 1712 2763 li

1029 2792 1106 2841 Lvll.
1122 2788 1332 2841 Postdiscessum
1344 2789 1479 2841 mulierum
1497 2804 1529 2843 ex
1548 2716 1774 2946 senff.

998 2879 1046 2929 sub
1056 2878 1197 2929 diluculum
1211 2879 1287 2929 motis
1296 2879 1399 2939 castris,
1412 2878 1562 2941 exercitum,
1574 2883 1603 2930 nt
1711 2880 1776 2932 'curu

997 2983 1092 3034 agrum,
1105 2969 1219 3019 abduxit.
1253 2972 1285 3020 lit
1300 2984 1358 3020 cum
1373 2969 1398 3020 in
1410 2970 1560 3021 Volscorurn
1570 2970 1633 3023 dues
1648 2971 1775 3036 ingressus

996 3058 1070 3113 essct,
1085 3058 1215 3120 totamque
1228 3055 1352 3120 predam,
1366 3070 1442 3122 quam
1453 3060 1562 3122 ceperat,
1575 3058 1699 3110 militibus
1712 3058 1776 3109 dono

997 3142 1122 3202 dedisset,
1138 3158 1170 3194 ne
1187 3145 1289 3195 minima
1300 3145 1403 3210 quidem
1413 3160 1440 3196 re
1455 3146 1503 3197 sibi
1513 3147 1562 3211 ipsi
1577 3154 1719 3209 reservam,
1731 3163 1778 3200 co·

997 3233 1051 3298 pias
1062 3231 1164 3282 domum
1182 3232 1285 3283 dimisit.
1320 3232 1453 3284 Exercitus
1474 3233 1564 3299 igitur,
1580 3236 1626 3300 qui
1648 3237 1713 3287 banc
1729 3237 1777 3288 mi·

998 3321 1077 3372 litiam
1090 3334 1148 3370 cum
1164 3335 1194 3371 eo
1210 3325 1348 3385 peregerat,
1361 3322 1457 3373 divitiis
1468 3324 1552 3388 gravis
1566 3324 1670 3377 domurn
1693 3342 1778 3379 rerer·

997 3424 1048 3470 sus,
1070 3410 1184 3462 lubenter
1199 3411 1257 3462 belli
1271 3411 1382 3475 quietem
1397 3412 1508 3477 accepit,
1523 3413 1660 3479 animoque
1678 3415 1705 3466 in
1719 3430 1777 3468 euru

998 3500 1117 3550 benevolo
1137 3504 1205 3559 erat,
1221 3515 1328 3565 eumque
1353 3501 1425 3552 nenia
1445 3501 1547 3565 dignum
1567 3518 1624 3555 esse
1647 3506 1772 3566 comebat,

998 3590 1065 3654 quod
1077 3590 1182 3641 mntemi
1197 3590 1313 3641 luctuset
1330 3604 1431 3654 precum
1450 3593 1588 3644 reverentia
1605 3596 1692 3644 motus
1703 3594 1776 3645 finem

998 3680 1063 3731 bello
1079 3695 1127 3731 non
1139 3680 1306 3743 imposuisset.
1340 3682 1372 3728 nt
1385 3693 1415 3730 ea
1430 3679 1564 3741 iuventus,
1582 3696 1642 3747 quus
1654 3683 1723 3735 dorni
1737 3698 1778 3735 re-

997 3773 1135 3826 manserat,
1155 3769 1277 3819 militibus
1290 3769 1322 3819 ob
1341 3769 1463 3832 ingentem
1485 3768 1598 3834 predam
1617 3772 1733 3825 inridens
1752 3778 1778 3826 et

997 3870 1041 3920 spe
1061 3871 1106 3906 sua
1135 3854 1269 3914 frustrata,
1286 3871 1363 3921 quarn
1384 3862 1542 3921 conceperat,
1570 3860 1591 3910 si
1615 3861 1677 3912 urbe
1702 3868 1779 3929 capta

997 3944 1073 3993 animi
1086 3947 1253 3993 Romanorum
1267 3945 1486 4005 contunderentur.
1497 3951 1585 3999 contra
1601 3950 1692 4001 ducem
1706 3964 1778 4004 eras·

996 4031 1139 4096 parabatur,
1159 4036 1184 4081 et
1196 4033 1269 4083 rulde
1283 4033 1381 4086 infensa
1393 4038 1448 4086 erni
1462 4055 1470 4086 ε
1482 4040 1508 4087 et
1527 4036 1637 4099 undem,
1651 4038 1777 4093 adsumtis

997 4119 1096 4169 sceleris
1114 4121 1259 4171 auctoribus
1274 4122 1311 4179 iis,
1329 4136 1437 4187 qnorum
1453 4123 1564 4176 maxima
1572 4130 1626 4177 erat
1639 4129 1776 4182 anderius

996 4206 1022 4257 in
1035 4221 1064 4257 en
1080 4212 1160 4271 gente,
1181 4208 1284 4258 efferata
1303 4212 1341 4259 est
1362 4209 1511 4276 facinusque
1529 4211 1634 4278 impium
1651 4213 1771 4276 patravit.

996 4300 1031 4346 Ac
1044 4299 1167 4362 precipue
1188 4299 1271 4348 Attius
1294 4299 1397 4360 Tullus,
1423 4315 1473 4352 nou
1492 4315 1594 4366 parram
1610 4314 1641 4351 ex
1666 4300 1776 4365 singulis

994 4389 1164 4452 pepulissem
1185 4387 1297 4439 cretionis
1320 4405 1421 4442 manum
1438 4393 1503 4446 circa
1526 4408 1551 4446 se
1575 4391 1683 4450 babens,
1706 4393 1775 4446 iram

996 4478 1225 4526 eorurnexeitarit.
1260 4481 1285 4527 is
1316 4479 1365 4529 inm
1382 4483 1462 4531 mulio
1477 4487 1549 4542 ante,
1570 4495 1626 4532 cum
1648 4481 1774 4536 insidiam

995 4566 1121 4615 continere
1135 4581 1182 4615 non
1197 4571 1294 4630 posset,
1308 4569 1328 4618 si
1346 4571 1472 4630 Marcius,
1490 4586 1518 4623 re
1535 4570 1639 4622 feliciter
1658 4576 1731 4637 gesta
1748 4578 1774 4626 et

995 4657 1072 4704 lloma
1084 4660 1241 4717 expugnatu.
1261 4657 1293 4706 ad
1312 4660 1414 4708 Volscos
1435 4674 1552 4711 reversus
1572 4664 1645 4719 esset,
1662 4659 1729 4713 clam
1747 4668 1773 4715 et

995 4756 1038 4806 per
1055 4742 1159 4792 insidias
1171 4758 1227 4793 eum
1245 4745 1382 4797 interficere
1394 4749 1539 4800 decreverat
1553 4770 1559 4800 :
1575 4751 1595 4801 si
1609 4764 1670 4802 vero
1682 4754 1773 4803 conatu

994 4847 1039 4882 suo
1051 4833 1185 4882 frustratus
1199 4834 1324 4895 rediisset,
1338 4850 1394 4886 eum
1403 4841 1429 4886 ut
1441 4839 1596 4902 proditorem
1608 4853 1660 4890 sum
1671 4837 1774 4891 ismioni

994 4920 1192 4969 interficiendum
1206 4921 1303 4972 tradere
1316 4927 1451 4975 statueret
1467 4939 1476 4972 .·
1493 4925 1562 4991 quod
1581 4930 1642 4976 tuuc
1653 4924 1721 4975 tecit.
1735 4928 1772 4976 Ac

995 5012 1121 5058 eontracta
1136 5023 1183 5058 non
1194 5009 1283 5072 exigua
1294 5025 1376 5069 manu,
1396 5015 1522 5065 accusarit
1536 5016 1711 5074 hominemex
1725 5026 1774 5065 re·

994 5101 1029 5150 ris
1041 5094 1104 5150 salsa
1118 5100 1274 5159 coniectans,
1288 5105 1312 5151 et
1336 5116 1384 5152 non
1400 5102 1486 5155 sutura
1506 5119 1520 5156 e
1544 5107 1617 5158 lactis
1635 5103 1770 5170 colligerem

993 5187 1117 5253 iussitque
1131 5189 1244 5254 deposito
1264 5189 1367 5255 imperio
1388 5191 1446 5244 belli
1471 5206 1525 5245 ase
1544 5193 1712 5246 adrninistrati
1728 5206 1772 5244 ra·
