<?xml version="1.0" encoding="UTF-8"?>
<!DOCTYPE html PUBLIC "-//W3C//DTD XHTML 1.0 Transitional//EN"
    "http://www.w3.org/TR/xhtml1/DTD/xhtml1-transitional.dtd">
<html xmlns="http://www.w3.org/1999/xhtml" xml:lang="en" lang="en">
 <head>
  <title>
</title>
<meta http-equiv="Content-Type" content="text/html;charset=utf-8" />
  <meta name='ocr-system' content='tesseract 3.04.00' />
  <meta name='ocr-capabilities' content='ocr_page ocr_carea ocr_par ocr_line ocrx_word'/>
</head>
<body>
  <div class='ocr_page' id='page_1' title='image "./dionysiihalicar00prougoog_0192.png"; bbox 0 0 3772 5828; ppageno 0'>
   <div class='ocr_carea' id='block_1_1' title="bbox 202 289 261 347">
    <p class='ocr_par' dir='ltr' id='par_1_1' title="bbox 202 289 261 347">
     <span class='ocr_line' id='line_1_1' title="bbox 202 289 261 347; baseline 0.017 -1"><span class='ocrx_word' id='word_1_1' title='bbox 202 289 261 347; x_wconf 84' lang='grc' dir='ltr'>ΠΟ</span> 
     </span>
    </p>
   </div>
   <div class='ocr_carea' id='block_1_2' title="bbox 135 416 975 1203">
    <p class='ocr_par' dir='ltr' id='par_1_2' title="bbox 135 416 975 1203">
     <span class='ocr_line' id='line_1_2' title="bbox 201 416 971 504; baseline 0.009 -29"><span class='ocrx_word' id='word_1_2' title='bbox 201 416 323 497; x_wconf 66' lang='grc' dir='ltr'>Κυψέλου</span> <span class='ocrx_word' id='word_1_3' title='bbox 337 417 485 495; x_wconf 68' lang='grc' dir='ltr'>τυραννίδος</span> <span class='ocrx_word' id='word_1_4' title='bbox 498 418 707 494; x_wconf 75' lang='grc' dir='ltr'>ἐπανισταμένης</span> <span class='ocrx_word' id='word_1_5' title='bbox 721 426 774 490; x_wconf 83' lang='grc' dir='ltr'>τοῖς</span> <span class='ocrx_word' id='word_1_6' title='bbox 794 425 971 504; x_wconf 73' lang='grc' dir='ltr'>Βακχιάδαις,</span> 
     </span>
     <span class='ocr_line' id='line_1_3' title="bbox 199 497 973 587; baseline 0.01 -23"><span class='ocrx_word' id='word_1_7' title='bbox 199 507 243 564; x_wconf 84' lang='grc' dir='ltr'>οὐκ</span> <span class='ocrx_word' id='word_1_8' title='bbox 260 508 375 586; x_wconf 78' lang='grc' dir='ltr'>ἀσφαλὲς</span> <span class='ocrx_word' id='word_1_9' title='bbox 388 497 454 564; x_wconf 75' lang='grc' dir='ltr'>εἶναι</span> <span class='ocrx_word' id='word_1_10' title='bbox 468 508 551 565; x_wconf 82' lang='grc' dir='ltr'>δοκῶν</span> <span class='ocrx_word' id='word_1_11' title='bbox 567 511 592 566; x_wconf 86' lang='grc' dir='ltr'>ἐν</span> <span class='ocrx_word' id='word_1_12' title='bbox 610 509 742 587; x_wconf 83' lang='grc' dir='ltr'>τυραννίδι</span> <span class='ocrx_word' id='word_1_13' title='bbox 766 515 812 582; x_wconf 82' lang='grc' dir='ltr'>ζῆν</span> <span class='ocrx_word' id='word_1_14' title='bbox 829 513 913 570; x_wconf 82' lang='grc' dir='ltr'>πολλὰ</span> <span class='ocrx_word' id='word_1_15' title='bbox 930 537 973 572; x_wconf 84' lang='grc' dir='ltr'>κε·</span> 
     </span>
     <span class='ocr_line' id='line_1_4' title="bbox 199 594 972 676; baseline 0.009 -24"><span class='ocrx_word' id='word_1_16' title='bbox 199 594 343 670; x_wconf 83' lang='grc' dir='ltr'>κτημένος,</span> <span class='ocrx_word' id='word_1_17' title='bbox 354 594 440 662; x_wconf 79' lang='grc' dir='ltr'>ἄλλως</span> <span class='ocrx_word' id='word_1_18' title='bbox 449 619 476 653; x_wconf 90' lang='grc' dir='ltr'>τε</span> <span class='ocrx_word' id='word_1_19' title='bbox 490 597 535 653; x_wconf 86' lang='grc' dir='ltr'>καί</span> <span class='ocrx_word' id='word_1_20' title='bbox 547 600 593 666; x_wconf 87' lang='grc' dir='ltr'>τῆς</span> <span class='ocrx_word' id='word_1_21' title='bbox 608 598 779 676; x_wconf 73' lang='grc' dir='ltr'>ὀλιγαρχικῆς</span> <span class='ocrx_word' id='word_1_22' title='bbox 791 600 873 665; x_wconf 86' lang='grc' dir='ltr'>οίκίας</span> <span class='ocrx_word' id='word_1_23' title='bbox 888 600 940 659; x_wconf 87' lang='grc' dir='ltr'>ὐποί</span> <span class='ocrx_word' id='word_1_24' title='bbox 960 636 972 647; x_wconf 92' lang='grc'><em>·</em></span> 
     </span>
     <span class='ocr_line' id='line_1_5' title="bbox 199 625 972 761; baseline 0.01 -23"><span class='ocrx_word' id='word_1_25' title='bbox 199 705 268 760; x_wconf 87' lang='grc' dir='ltr'>χων,</span> <span class='ocrx_word' id='word_1_26' title='bbox 289 684 523 758; x_wconf 73' lang='grc' dir='ltr'>συνεσκευασμένος</span> <span class='ocrx_word' id='word_1_27' title='bbox 547 685 594 754; x_wconf 80' lang='grc' dir='ltr'>τὴν</span> <span class='ocrx_word' id='word_1_28' title='bbox 621 683 709 742; x_wconf 82' lang='grc' dir='ltr'>οὐσίαν</span> <span class='ocrx_word' id='word_1_29' title='bbox 733 685 796 755; x_wconf 80' lang='grc' dir='ltr'>ὅσην</span> <span class='ocrx_word' id='word_1_30' title='bbox 820 679 871 754; x_wconf 77' lang='grc' dir='ltr'>οἷός</span> <span class='ocrx_word' id='word_1_31' title='bbox 891 692 916 747; x_wconf 87' lang='grc' dir='ltr'>τ’</span> <span class='ocrx_word' id='word_1_32' title='bbox 941 625 972 761; x_wconf 67' lang='grc' dir='ltr'>ῆν</span> 
     </span>
     <span class='ocr_line' id='line_1_6' title="bbox 159 769 970 856; baseline 0.011 -28"><span class='ocrx_word' id='word_1_33' title='bbox 159 801 172 837; x_wconf 74' lang='grc' dir='ltr'>ς</span> <span class='ocrx_word' id='word_1_34' title='bbox 199 769 286 850; x_wconf 83' lang='grc' dir='ltr'>ᾤχετο</span> <span class='ocrx_word' id='word_1_35' title='bbox 307 772 393 831; x_wconf 82' lang='grc' dir='ltr'>πλέων</span> <span class='ocrx_word' id='word_1_36' title='bbox 412 773 442 829; x_wconf 87' lang='grc' dir='ltr'>ἐκ</span> <span class='ocrx_word' id='word_1_37' title='bbox 467 774 512 841; x_wconf 85' lang='grc' dir='ltr'>τῆς</span> <span class='ocrx_word' id='word_1_38' title='bbox 535 769 673 850; x_wconf 89' lang='grc' dir='ltr'>Κορίνθου.</span> <span class='ocrx_word' id='word_1_39' title='bbox 716 770 809 852; x_wconf 72' lang='grc' dir='ltr'>Ἰἰχων</span> <span class='ocrx_word' id='word_1_40' title='bbox 832 775 859 834; x_wconf 77' lang='grc' dir='ltr'>δέ</span> <span class='ocrx_word' id='word_1_41' title='bbox 882 776 970 856; x_wconf 86' lang='grc' dir='ltr'>φίλους</span> 
     </span>
     <span class='ocr_line' id='line_1_7' title="bbox 135 857 973 943; baseline 0.006 -26"><span class='ocrx_word' id='word_1_42' title='bbox 135 886 142 903; x_wconf 87' lang='grc'><em>·</em></span> <span class='ocrx_word' id='word_1_43' title='bbox 199 859 309 927; x_wconf 81' lang='grc' dir='ltr'>πολλοὺς</span> <span class='ocrx_word' id='word_1_44' title='bbox 322 859 366 917; x_wconf 82' lang='grc' dir='ltr'>καὶ</span> <span class='ocrx_word' id='word_1_45' title='bbox 379 857 489 936; x_wconf 79' lang='grc' dir='ltr'>ἀγαθοὺς</span> <span class='ocrx_word' id='word_1_46' title='bbox 508 861 651 938; x_wconf 84' lang='grc' dir='ltr'>Τυρρηνῶν</span> <span class='ocrx_word' id='word_1_47' title='bbox 667 859 709 917; x_wconf 82' lang='grc' dir='ltr'>διὰ</span> <span class='ocrx_word' id='word_1_48' title='bbox 724 863 770 927; x_wconf 70' lang='grc' dir='ltr'>τίς</span> <span class='ocrx_word' id='word_1_49' title='bbox 785 871 901 943; x_wconf 80' lang='grc' dir='ltr'>συνεχεῖς</span> <span class='ocrx_word' id='word_1_50' title='bbox 916 866 973 922; x_wconf 85' lang='grc' dir='ltr'>ἐπι-</span> 
     </span>
     <span class='ocr_line' id='line_1_8' title="bbox 199 947 972 1030; baseline 0.006 -25"><span class='ocrx_word' id='word_1_51' title='bbox 199 947 302 1025; x_wconf 81' lang='grc' dir='ltr'>μιξίας,</span> <span class='ocrx_word' id='word_1_52' title='bbox 315 947 431 1023; x_wconf 87' lang='grc' dir='ltr'>μάλιστα</span> <span class='ocrx_word' id='word_1_53' title='bbox 446 948 468 1004; x_wconf 84' lang='grc' dir='ltr'>δ’</span> <span class='ocrx_word' id='word_1_54' title='bbox 487 951 513 1006; x_wconf 93' lang='grc' dir='ltr'>ἐν</span> <span class='ocrx_word' id='word_1_55' title='bbox 531 948 705 1025; x_wconf 85' lang='grc' dir='ltr'>Ταρκυνίοις,</span> <span class='ocrx_word' id='word_1_56' title='bbox 726 951 800 1007; x_wconf 88' lang='grc' dir='ltr'>πόλει</span> <span class='ocrx_word' id='word_1_57' title='bbox 825 952 929 1030; x_wconf 81' lang='grc' dir='ltr'>μεγάλη</span> <span class='ocrx_word' id='word_1_58' title='bbox 944 976 972 1010; x_wconf 90' lang='grc' dir='ltr'>τε</span> 
     </span>
     <span class='ocr_line' id='line_1_9' title="bbox 198 1026 975 1113; baseline 0.004 -17"><span class='ocrx_word' id='word_1_59' title='bbox 198 1037 243 1096; x_wconf 81' lang='grc' dir='ltr'>καί</span> <span class='ocrx_word' id='word_1_60' title='bbox 255 1035 386 1111; x_wconf 79' lang='grc' dir='ltr'>εὐδαίμονι</span> <span class='ocrx_word' id='word_1_61' title='bbox 406 1034 458 1094; x_wconf 89' lang='grc' dir='ltr'>τότ’</span> <span class='ocrx_word' id='word_1_62' title='bbox 470 1034 552 1113; x_wconf 83' lang='grc' dir='ltr'>οὐσῃ,</span> <span class='ocrx_word' id='word_1_63' title='bbox 572 1026 641 1093; x_wconf 76' lang='grc' dir='ltr'>οἶκόν</span> <span class='ocrx_word' id='word_1_64' title='bbox 661 1038 685 1092; x_wconf 79' lang='grc' dir='ltr'>τ’</span> <span class='ocrx_word' id='word_1_65' title='bbox 704 1038 793 1095; x_wconf 79' lang='grc' dir='ltr'>αὐτόθι</span> <span class='ocrx_word' id='word_1_66' title='bbox 807 1041 975 1100; x_wconf 86' lang='grc' dir='ltr'>κατασκευαί-</span> 
     </span>
     <span class='ocr_line' id='line_1_10' title="bbox 199 1122 973 1203; baseline 0.004 -21"><span class='ocrx_word' id='word_1_67' title='bbox 199 1128 269 1192; x_wconf 81' lang='grc' dir='ltr'>ζεται</span> <span class='ocrx_word' id='word_1_68' title='bbox 283 1122 328 1181; x_wconf 81' lang='grc' dir='ltr'>καὶ</span> <span class='ocrx_word' id='word_1_69' title='bbox 341 1126 443 1200; x_wconf 84' lang='grc' dir='ltr'>γυναῖκ’</span> <span class='ocrx_word' id='word_1_70' title='bbox 459 1125 571 1203; x_wconf 79' lang='grc' dir='ltr'>ἐπιφανῆ</span> <span class='ocrx_word' id='word_1_71' title='bbox 582 1123 650 1181; x_wconf 87' lang='grc' dir='ltr'>κατδι</span> <span class='ocrx_word' id='word_1_72' title='bbox 662 1122 734 1198; x_wconf 89' lang='grc' dir='ltr'>γε’νος</span> <span class='ocrx_word' id='word_1_73' title='bbox 749 1125 851 1202; x_wconf 82' lang='grc' dir='ltr'>ἄγεται.</span> <span class='ocrx_word' id='word_1_74' title='bbox 894 1129 917 1188; x_wconf 87' lang='grc' dir='ltr'><strong>Γ</strong></span> <span class='ocrx_word' id='word_1_75' title='bbox 918 1151 973 1187; x_wconf 77' lang='grc' dir='ltr'>ινο·</span> 
     </span>
    </p>
   </div>
   <div class='ocr_carea' id='block_1_3' title="bbox 74 1210 974 1290">
    <p class='ocr_par' dir='ltr' id='par_1_3' title="bbox 74 1210 974 1290">
     <span class='ocr_line' id='line_1_11' title="bbox 74 1210 974 1290; baseline 0.003 -22"><span class='ocrx_word' id='word_1_76' title='bbox 74 1212 76 1217; x_wconf 46' lang='lat'><strong>⁴</strong></span> <span class='ocrx_word' id='word_1_77' title='bbox 147 1237 171 1274; x_wconf 76' lang='grc' dir='ltr'>,ιι</span> <span class='ocrx_word' id='word_1_78' title='bbox 199 1210 283 1289; x_wconf 81' lang='grc' dir='ltr'>μένων</span> <span class='ocrx_word' id='word_1_79' title='bbox 300 1212 321 1268; x_wconf 79' lang='grc' dir='ltr'>δ’</span> <span class='ocrx_word' id='word_1_80' title='bbox 337 1213 407 1290; x_wconf 81' lang='grc' dir='ltr'>αὐτῷ</span> <span class='ocrx_word' id='word_1_81' title='bbox 431 1212 499 1270; x_wconf 84' lang='grc' dir='ltr'>δυεῖν</span> <span class='ocrx_word' id='word_1_82' title='bbox 515 1210 626 1283; x_wconf 85' lang='grc' dir='ltr'>παίδων,</span> <span class='ocrx_word' id='word_1_83' title='bbox 641 1212 793 1290; x_wconf 77' lang='grc' dir='ltr'>Τυρρηνικὰ</span> <span class='ocrx_word' id='word_1_84' title='bbox 807 1214 912 1288; x_wconf 78' lang='grc' dir='ltr'>θέμενος</span> <span class='ocrx_word' id='word_1_85' title='bbox 927 1215 974 1271; x_wconf 85' lang='grc' dir='ltr'>αὖ·</span> 
     </span>
    </p>
   </div>
   <div class='ocr_carea' id='block_1_4' title="bbox 143 1295 973 4106">
    <p class='ocr_par' dir='ltr' id='par_1_4' title="bbox 197 1295 973 1641">
     <span class='ocr_line' id='line_1_12' title="bbox 197 1295 972 1379; baseline 0.001 -22"><span class='ocrx_word' id='word_1_86' title='bbox 197 1301 249 1363; x_wconf 83' lang='grc' dir='ltr'>τοῖς</span> <span class='ocrx_word' id='word_1_87' title='bbox 263 1300 397 1375; x_wconf 84' lang='grc' dir='ltr'>ὀνόματα,</span> <span class='ocrx_word' id='word_1_88' title='bbox 421 1303 458 1377; x_wconf 83' lang='grc' dir='ltr'>τῷ</span> <span class='ocrx_word' id='word_1_89' title='bbox 482 1298 529 1373; x_wconf 74' lang='grc' dir='ltr'>μίν</span> <span class='ocrx_word' id='word_1_90' title='bbox 552 1295 691 1379; x_wconf 75' lang='grc' dir='ltr'>Ἄρροντα,</span> <span class='ocrx_word' id='word_1_91' title='bbox 705 1301 743 1378; x_wconf 84' lang='grc' dir='ltr'>τῷ</span> <span class='ocrx_word' id='word_1_92' title='bbox 764 1299 791 1359; x_wconf 72' lang='lat' dir='ltr'>di</span> <span class='ocrx_word' id='word_1_93' title='bbox 816 1299 972 1375; x_wconf 78' lang='grc' dir='ltr'>Λοκόμωνα,</span> 
     </span>
     <span class='ocr_line' id='line_1_13' title="bbox 198 1385 972 1467; baseline 0.001 -21"><span class='ocrx_word' id='word_1_94' title='bbox 198 1389 242 1446; x_wconf 82' lang='grc' dir='ltr'>καὶ</span> <span class='ocrx_word' id='word_1_95' title='bbox 257 1385 399 1453; x_wconf 83' lang='grc' dir='ltr'>παιδεύσας</span> <span class='ocrx_word' id='word_1_96' title='bbox 414 1389 573 1467; x_wconf 69' lang='grc' dir='ltr'>ἀμφοτέρους</span> <span class='ocrx_word' id='word_1_97' title='bbox 586 1385 747 1458; x_wconf 76' lang='grc' dir='ltr'>Ἑλληνικήν</span> <span class='ocrx_word' id='word_1_98' title='bbox 760 1410 790 1445; x_wconf 86' lang='grc' dir='ltr'>τε</span> <span class='ocrx_word' id='word_1_99' title='bbox 807 1388 851 1446; x_wconf 86' lang='grc' dir='ltr'>καὶ</span> <span class='ocrx_word' id='word_1_100' title='bbox 866 1390 972 1467; x_wconf 82' lang='grc' dir='ltr'>Τυρρη·</span> 
     </span>
     <span class='ocr_line' id='line_1_14' title="bbox 198 1475 973 1554; baseline -0.003 -20"><span class='ocrx_word' id='word_1_101' title='bbox 198 1475 272 1546; x_wconf 76' lang='grc' dir='ltr'>νικῆν</span> <span class='ocrx_word' id='word_1_102' title='bbox 284 1475 418 1549; x_wconf 87' lang='grc' dir='ltr'>παιδείαν,</span> <span class='ocrx_word' id='word_1_103' title='bbox 439 1478 475 1541; x_wconf 84' lang='grc' dir='ltr'>είς</span> <span class='ocrx_word' id='word_1_104' title='bbox 498 1475 592 1554; x_wconf 86' lang='grc' dir='ltr'>ἀνδρας</span> <span class='ocrx_word' id='word_1_105' title='bbox 611 1476 726 1533; x_wconf 72' lang='grc' dir='ltr'>ἐλθοῦσιν</span> <span class='ocrx_word' id='word_1_106' title='bbox 746 1475 832 1541; x_wconf 85' lang='grc' dir='ltr'>αὐτοῖς</span> <span class='ocrx_word' id='word_1_107' title='bbox 847 1481 973 1553; x_wconf 81' lang='grc' dir='ltr'>γυναῖκας</span> 
     </span>
     <span class='ocr_line' id='line_1_15' title="bbox 198 1559 789 1641; baseline 0 -20"><span class='ocrx_word' id='word_1_108' title='bbox 198 1565 228 1621; x_wconf 87' lang='grc' dir='ltr'>ἐκ</span> <span class='ocrx_word' id='word_1_109' title='bbox 242 1565 293 1620; x_wconf 83' lang='grc' dir='ltr'>τῶν</span> <span class='ocrx_word' id='word_1_110' title='bbox 312 1562 524 1641; x_wconf 75' lang='grc' dir='ltr'>ἐπιφανεστάτων</span> <span class='ocrx_word' id='word_1_111' title='bbox 548 1559 625 1619; x_wconf 80' lang='grc' dir='ltr'>οἴκων</span> <span class='ocrx_word' id='word_1_112' title='bbox 648 1559 789 1636; x_wconf 83' lang='grc' dir='ltr'>λαμύάνιι.</span> 
     </span>
    </p>

    <p class='ocr_par' dir='ltr' id='par_1_5' title="bbox 143 1648 973 4106">
     <span class='ocr_line' id='line_1_16' title="bbox 149 1648 970 1731; baseline 0.001 -20"><span class='ocrx_word' id='word_1_113' title='bbox 149 1685 173 1723; x_wconf 67' lang='grc' dir='ltr'>ις</span> <span class='ocrx_word' id='word_1_114' title='bbox 238 1650 354 1711; x_wconf 76' lang='lat' dir='ltr'>XLVII.</span> <span class='ocrx_word' id='word_1_115' title='bbox 379 1648 432 1708; x_wconf 76' lang='lat' dir='ltr'><strong>itai</strong></span> <span class='ocrx_word' id='word_1_116' title='bbox 454 1652 512 1725; x_wconf 85' lang='grc' dir='ltr'>μετ’</span> <span class='ocrx_word' id='word_1_117' title='bbox 529 1650 558 1706; x_wconf 87' lang='grc' dir='ltr'>οὐ</span> <span class='ocrx_word' id='word_1_118' title='bbox 583 1649 664 1707; x_wconf 89' lang='grc' dir='ltr'>πολύν</span> <span class='ocrx_word' id='word_1_119' title='bbox 687 1650 811 1729; x_wconf 83' lang='grc' dir='ltr'>χρόνονθ</span> <span class='ocrx_word' id='word_1_120' title='bbox 833 1649 880 1727; x_wconf 90' lang='grc' dir='ltr'>μέν</span> <span class='ocrx_word' id='word_1_121' title='bbox 905 1675 970 1731; x_wconf 90' lang='grc' dir='ltr'>πρε·</span> 
     </span>
     <span class='ocr_line' id='line_1_17' title="bbox 201 1735 973 1816; baseline 0 -20"><span class='ocrx_word' id='word_1_122' title='bbox 201 1737 326 1816; x_wconf 80' lang='grc' dir='ltr'>εόύτερος</span> <span class='ocrx_word' id='word_1_123' title='bbox 358 1741 436 1797; x_wconf 77' lang='grc' dir='ltr'>αὐτοῦ</span> <span class='ocrx_word' id='word_1_124' title='bbox 474 1740 525 1795; x_wconf 80' lang='grc' dir='ltr'>τῶν</span> <span class='ocrx_word' id='word_1_125' title='bbox 554 1735 653 1794; x_wconf 84' lang='grc' dir='ltr'>παίδων</span> <span class='ocrx_word' id='word_1_126' title='bbox 684 1738 760 1815; x_wconf 83' lang='grc' dir='ltr'>,γένος</span> <span class='ocrx_word' id='word_1_127' title='bbox 793 1738 864 1798; x_wconf 75' lang='grc' dir='ltr'>οὐδὲν</span> <span class='ocrx_word' id='word_1_128' title='bbox 891 1763 973 1798; x_wconf 91' lang='grc' dir='ltr'>κατα-</span> 
     </span>
     <span class='ocr_line' id='line_1_18' title="bbox 197 1823 972 1907; baseline 0.001 -22"><span class='ocrx_word' id='word_1_129' title='bbox 197 1826 281 1885; x_wconf 81' lang='grc' dir='ltr'>λιπὼν</span> <span class='ocrx_word' id='word_1_130' title='bbox 302 1824 414 1903; x_wconf 87' lang='grc' dir='ltr'>ἐμφανές</span> <span class='ocrx_word' id='word_1_131' title='bbox 437 1823 614 1896; x_wconf 74' lang='grc' dir='ltr'>ἀποθνήσκει,</span> <span class='ocrx_word' id='word_1_132' title='bbox 629 1825 676 1882; x_wconf 86' lang='grc' dir='ltr'>καὶ</span> <span class='ocrx_word' id='word_1_133' title='bbox 691 1824 747 1901; x_wconf 86' lang='grc' dir='ltr'>μετ’</span> <span class='ocrx_word' id='word_1_134' title='bbox 770 1827 859 1903; x_wconf 80' lang='grc' dir='ltr'>ὀλίγας</span> <span class='ocrx_word' id='word_1_135' title='bbox 872 1827 972 1907; x_wconf 75' lang='grc' dir='ltr'>ἡμέρας</span> 
     </span>
     <span class='ocr_line' id='line_1_19' title="bbox 198 1911 971 1993; baseline 0.004 -22"><span class='ocrx_word' id='word_1_136' title='bbox 198 1915 274 1979; x_wconf 84' lang='grc' dir='ltr'>αὐτὸς</span> <span class='ocrx_word' id='word_1_137' title='bbox 298 1916 312 1970; x_wconf 86' lang='grc' dir='ltr'>θ</span> <span class='ocrx_word' id='word_1_138' title='bbox 334 1911 493 1992; x_wconf 76' lang='grc' dir='ltr'>Δημάρατος</span> <span class='ocrx_word' id='word_1_139' title='bbox 516 1911 566 1971; x_wconf 83' lang='grc' dir='ltr'>ὐπὸ</span> <span class='ocrx_word' id='word_1_140' title='bbox 589 1911 674 1984; x_wconf 88' lang='grc' dir='ltr'>λύπης</span> <span class='ocrx_word' id='word_1_141' title='bbox 700 1915 809 1993; x_wconf 75' lang='grc' dir='ltr'>τελευτᾷ</span> <span class='ocrx_word' id='word_1_142' title='bbox 843 1914 971 1991; x_wconf 91' lang='grc' dir='ltr'>κληρονό-</span> 
     </span>
     <span class='ocr_line' id='line_1_20' title="bbox 198 2000 971 2080; baseline 0.004 -22"><span class='ocrx_word' id='word_1_143' title='bbox 198 2025 246 2076; x_wconf 88' lang='grc' dir='ltr'>μον</span> <span class='ocrx_word' id='word_1_144' title='bbox 270 2000 372 2073; x_wconf 81' lang='grc' dir='ltr'>ἁπιίσης</span> <span class='ocrx_word' id='word_1_145' title='bbox 388 2003 434 2072; x_wconf 83' lang='grc' dir='ltr'>τῆς</span> <span class='ocrx_word' id='word_1_146' title='bbox 452 2001 540 2067; x_wconf 81' lang='grc' dir='ltr'>οὐσίας</span> <span class='ocrx_word' id='word_1_147' title='bbox 555 2000 599 2058; x_wconf 82' lang='grc' dir='ltr'>τόν</span> <span class='ocrx_word' id='word_1_148' title='bbox 614 2001 828 2080; x_wconf 83' lang='grc' dir='ltr'>περιλειπόμενον</span> <span class='ocrx_word' id='word_1_149' title='bbox 844 2005 896 2061; x_wconf 85' lang='grc' dir='ltr'>τῶν</span> <span class='ocrx_word' id='word_1_150' title='bbox 909 2002 971 2061; x_wconf 88' lang='grc' dir='ltr'>παί-</span> 
     </span>
     <span class='ocr_line' id='line_1_21' title="bbox 145 2088 973 2169; baseline 0.002 -20"><span class='ocrx_word' id='word_1_151' title='bbox 145 2115 172 2155; x_wconf 79' lang='lat' dir='ltr'>an</span> <span class='ocrx_word' id='word_1_152' title='bbox 198 2091 248 2149; x_wconf 89' lang='grc' dir='ltr'>δων</span> <span class='ocrx_word' id='word_1_153' title='bbox 273 2090 421 2167; x_wconf 78' lang='grc' dir='ltr'>Λοκόμωνα</span> <span class='ocrx_word' id='word_1_154' title='bbox 440 2088 601 2148; x_wconf 88' lang='grc' dir='ltr'>καταλιπών·</span> <span class='ocrx_word' id='word_1_155' title='bbox 628 2089 655 2157; x_wconf 89' lang='grc' dir='ltr'>θς</span> <span class='ocrx_word' id='word_1_156' title='bbox 677 2090 841 2169; x_wconf 82' lang='grc' dir='ltr'>παραλαόὼν</span> <span class='ocrx_word' id='word_1_157' title='bbox 857 2093 900 2150; x_wconf 89' lang='grc' dir='ltr'>τδν</span> <span class='ocrx_word' id='word_1_158' title='bbox 923 2117 973 2151; x_wconf 88' lang='grc' dir='ltr'>πα·</span> 
     </span>
     <span class='ocr_line' id='line_1_22' title="bbox 197 2175 971 2257; baseline 0.005 -22"><span class='ocrx_word' id='word_1_159' title='bbox 197 2178 284 2257; x_wconf 85' lang='grc' dir='ltr'>τρικδν</span> <span class='ocrx_word' id='word_1_160' title='bbox 303 2180 415 2236; x_wconf 84' lang='grc' dir='ltr'>πλοῦτον</span> <span class='ocrx_word' id='word_1_161' title='bbox 438 2175 522 2255; x_wconf 88' lang='grc' dir='ltr'>μίγαν</span> <span class='ocrx_word' id='word_1_162' title='bbox 546 2175 628 2250; x_wconf 82' lang='grc' dir='ltr'>ὄντα,</span> <span class='ocrx_word' id='word_1_163' title='bbox 658 2176 841 2236; x_wconf 89' lang='grc' dir='ltr'>πολιτεύεσθαί</span> <span class='ocrx_word' id='word_1_164' title='bbox 868 2200 897 2238; x_wconf 85' lang='grc' dir='ltr'>τε</span> <span class='ocrx_word' id='word_1_165' title='bbox 926 2178 971 2239; x_wconf 79' lang='grc' dir='ltr'>καί</span> 
     </span>
     <span class='ocr_line' id='line_1_23' title="bbox 196 2265 971 2346; baseline 0 -22"><span class='ocrx_word' id='word_1_166' title='bbox 196 2267 231 2324; x_wconf 81' lang='lat' dir='ltr'>ad</span> <span class='ocrx_word' id='word_1_167' title='bbox 254 2265 329 2326; x_wconf 87' lang='grc' dir='ltr'>κοινδι</span> <span class='ocrx_word' id='word_1_168' title='bbox 363 2265 486 2346; x_wconf 88' lang='grc' dir='ltr'>πράττειν</span> <span class='ocrx_word' id='word_1_169' title='bbox 519 2266 563 2324; x_wconf 84' lang='grc' dir='ltr'>καί</span> <span class='ocrx_word' id='word_1_170' title='bbox 591 2267 617 2325; x_wconf 85' lang='grc' dir='ltr'>ἐν</span> <span class='ocrx_word' id='word_1_171' title='bbox 643 2269 696 2332; x_wconf 88' lang='grc' dir='ltr'>τοῖς</span> <span class='ocrx_word' id='word_1_172' title='bbox 720 2266 832 2344; x_wconf 82' lang='grc' dir='ltr'>πρώτοις</span> <span class='ocrx_word' id='word_1_173' title='bbox 859 2269 911 2325; x_wconf 83' lang='grc' dir='ltr'>τῶν</span> <span class='ocrx_word' id='word_1_174' title='bbox 940 2268 971 2324; x_wconf 85' lang='grc' dir='ltr'>ἀ·</span> 
     </span>
     <span class='ocr_line' id='line_1_24' title="bbox 198 2345 971 2433; baseline -0.003 -20"><span class='ocrx_word' id='word_1_175' title='bbox 198 2358 267 2413; x_wconf 84' lang='grc' dir='ltr'>στῶν</span> <span class='ocrx_word' id='word_1_176' title='bbox 291 2345 358 2412; x_wconf 74' lang='grc' dir='ltr'>εἶναι</span> <span class='ocrx_word' id='word_1_177' title='bbox 387 2353 532 2433; x_wconf 76' lang='grc' dir='ltr'>προῄρητο.</span> <span class='ocrx_word' id='word_1_178' title='bbox 601 2352 819 2428; x_wconf 80' lang='grc' dir='ltr'>Ἀπελαονόμενος</span> <span class='ocrx_word' id='word_1_179' title='bbox 842 2352 870 2413; x_wconf 74' lang='grc' dir='ltr'>δέ</span> <span class='ocrx_word' id='word_1_180' title='bbox 902 2376 971 2413; x_wconf 86' lang='grc' dir='ltr'>παν-</span> 
     </span>
     <span class='ocr_line' id='line_1_25' title="bbox 198 2439 971 2523; baseline -0.001 -21"><span class='ocrx_word' id='word_1_181' title='bbox 198 2442 308 2522; x_wconf 86' lang='grc' dir='ltr'>ταχόθεν</span> <span class='ocrx_word' id='word_1_182' title='bbox 322 2442 372 2502; x_wconf 86' lang='grc' dir='ltr'>ὐπὸ</span> <span class='ocrx_word' id='word_1_183' title='bbox 386 2446 438 2501; x_wconf 85' lang='grc' dir='ltr'>τῶν</span> <span class='ocrx_word' id='word_1_184' title='bbox 462 2439 624 2523; x_wconf 82' lang='grc' dir='ltr'>ἐπιχωρίων,</span> <span class='ocrx_word' id='word_1_185' title='bbox 642 2441 687 2501; x_wconf 84' lang='grc' dir='ltr'>καί</span> <span class='ocrx_word' id='word_1_186' title='bbox 710 2444 760 2521; x_wconf 88' lang='grc' dir='ltr'>οὐχ</span> <span class='ocrx_word' id='word_1_187' title='bbox 778 2441 849 2509; x_wconf 73' lang='grc' dir='ltr'>ὅπως</span> <span class='ocrx_word' id='word_1_188' title='bbox 871 2445 897 2501; x_wconf 88' lang='grc' dir='ltr'>ἐν</span> <span class='ocrx_word' id='word_1_189' title='bbox 916 2450 971 2510; x_wconf 85' lang='grc' dir='ltr'>τοῖς</span> 
     </span>
     <span class='ocr_line' id='line_1_26' title="bbox 144 2527 971 2610; baseline 0 -20"><span class='ocrx_word' id='word_1_190' title='bbox 144 2556 172 2596; x_wconf 75' lang='grc' dir='ltr'>ιι</span> <span class='ocrx_word' id='word_1_191' title='bbox 197 2528 311 2610; x_wconf 78' lang='grc' dir='ltr'>πρώτοις</span> <span class='ocrx_word' id='word_1_192' title='bbox 322 2529 525 2610; x_wconf 79' lang='grc' dir='ltr'>ἀριθμούμενος,</span> <span class='ocrx_word' id='word_1_193' title='bbox 540 2527 598 2588; x_wconf 84' lang='grc' dir='ltr'>ἀλλ’</span> <span class='ocrx_word' id='word_1_194' title='bbox 609 2530 663 2589; x_wconf 90' lang='grc' dir='ltr'>οὐδ’</span> <span class='ocrx_word' id='word_1_195' title='bbox 676 2532 703 2588; x_wconf 85' lang='grc' dir='ltr'>ἐν</span> <span class='ocrx_word' id='word_1_196' title='bbox 717 2533 769 2596; x_wconf 87' lang='grc' dir='ltr'>τοῖς</span> <span class='ocrx_word' id='word_1_197' title='bbox 784 2529 882 2607; x_wconf 87' lang='grc' dir='ltr'>μέσοις,</span> <span class='ocrx_word' id='word_1_198' title='bbox 898 2533 971 2590; x_wconf 89' lang='grc' dir='ltr'>ἀνια·</span> 
     </span>
     <span class='ocr_line' id='line_1_27' title="bbox 199 2616 971 2700; baseline 0.003 -23"><span class='ocrx_word' id='word_1_199' title='bbox 199 2622 249 2700; x_wconf 81' lang='grc' dir='ltr'>ρῶς</span> <span class='ocrx_word' id='word_1_200' title='bbox 271 2618 345 2700; x_wconf 79' lang='grc' dir='ltr'>ἔφερε</span> <span class='ocrx_word' id='word_1_201' title='bbox 365 2618 413 2691; x_wconf 75' lang='grc' dir='ltr'>τῆν</span> <span class='ocrx_word' id='word_1_202' title='bbox 428 2616 545 2694; x_wconf 78' lang='grc' dir='ltr'>ἀτιμίαν.</span> <span class='ocrx_word' id='word_1_203' title='bbox 588 2617 701 2678; x_wconf 83' lang='grc' dir='ltr'>’Λκούων</span> <span class='ocrx_word' id='word_1_204' title='bbox 725 2619 751 2677; x_wconf 81' lang='grc' dir='ltr'>δὲ</span> <span class='ocrx_word' id='word_1_205' title='bbox 768 2620 828 2698; x_wconf 81' lang='grc' dir='ltr'>περὶ</span> <span class='ocrx_word' id='word_1_206' title='bbox 846 2625 893 2691; x_wconf 83' lang='grc' dir='ltr'>τῆς</span> <span class='ocrx_word' id='word_1_207' title='bbox 905 2619 971 2679; x_wconf 84' lang='grc' dir='ltr'>Ῥω·</span> 
     </span>
     <span class='ocr_line' id='line_1_28' title="bbox 198 2706 970 2787; baseline 0.001 -22"><span class='ocrx_word' id='word_1_208' title='bbox 198 2707 284 2785; x_wconf 89' lang='grc' dir='ltr'>μαίων</span> <span class='ocrx_word' id='word_1_209' title='bbox 296 2707 411 2780; x_wconf 87' lang='grc' dir='ltr'>πόλεως,</span> <span class='ocrx_word' id='word_1_210' title='bbox 420 2708 459 2764; x_wconf 82' lang='grc' dir='ltr'>ὅτι</span> <span class='ocrx_word' id='word_1_211' title='bbox 471 2708 571 2772; x_wconf 78' lang='grc' dir='ltr'>πάντας</span> <span class='ocrx_word' id='word_1_212' title='bbox 584 2707 703 2782; x_wconf 89' lang='grc' dir='ltr'>ἀσμένως</span> <span class='ocrx_word' id='word_1_213' title='bbox 716 2707 899 2787; x_wconf 73' lang='grc' dir='ltr'>ὑποδεχομένη</span> <span class='ocrx_word' id='word_1_214' title='bbox 910 2706 970 2774; x_wconf 90' lang='grc' dir='ltr'>τούς</span> 
     </span>
     <span class='ocr_line' id='line_1_29' title="bbox 198 2793 970 2875; baseline 0 -21"><span class='ocrx_word' id='word_1_215' title='bbox 198 2794 282 2864; x_wconf 82' lang='grc' dir='ltr'>ξένους</span> <span class='ocrx_word' id='word_1_216' title='bbox 296 2794 389 2863; x_wconf 86' lang='grc' dir='ltr'>ἀστοὺς</span> <span class='ocrx_word' id='word_1_217' title='bbox 408 2799 521 2855; x_wconf 86' lang='grc' dir='ltr'>ποιεῖται</span> <span class='ocrx_word' id='word_1_218' title='bbox 537 2795 580 2854; x_wconf 80' lang='grc' dir='ltr'>καὶ</span> <span class='ocrx_word' id='word_1_219' title='bbox 599 2804 665 2875; x_wconf 74' lang='grc' dir='ltr'>τιμᾷ</span> <span class='ocrx_word' id='word_1_220' title='bbox 680 2794 749 2853; x_wconf 81' lang='grc' dir='ltr'>κατὰ</span> <span class='ocrx_word' id='word_1_221' title='bbox 762 2796 810 2866; x_wconf 80' lang='grc' dir='ltr'>τῆν</span> <span class='ocrx_word' id='word_1_222' title='bbox 824 2793 898 2862; x_wconf 81' lang='grc' dir='ltr'>ἀξίαν</span> <span class='ocrx_word' id='word_1_223' title='bbox 913 2794 970 2854; x_wconf 65' lang='lat' dir='ltr'><strong>Saa-</strong></span> 
     </span>
     <span class='ocr_line' id='line_1_30' title="bbox 197 2881 969 2962; baseline 0 -20"><span class='ocrx_word' id='word_1_224' title='bbox 197 2906 276 2958; x_wconf 91' lang='grc' dir='ltr'>στον,</span> <span class='ocrx_word' id='word_1_225' title='bbox 298 2888 353 2943; x_wconf 86' lang='grc' dir='ltr'>ἐκεῖ</span> <span class='ocrx_word' id='word_1_226' title='bbox 373 2884 577 2962; x_wconf 83' lang='grc' dir='ltr'>μιττνίγκασθαι</span> <span class='ocrx_word' id='word_1_227' title='bbox 591 2883 639 2953; x_wconf 79' lang='grc' dir='ltr'>τῆν</span> <span class='ocrx_word' id='word_1_228' title='bbox 654 2881 754 2954; x_wconf 82' lang='grc' dir='ltr'>οἴκησιν</span> <span class='ocrx_word' id='word_1_229' title='bbox 768 2881 864 2960; x_wconf 84' lang='grc' dir='ltr'>Ιἔγνω,</span> <span class='ocrx_word' id='word_1_230' title='bbox 885 2884 919 2941; x_wconf 87' lang='grc' dir='ltr'>τό</span> <span class='ocrx_word' id='word_1_231' title='bbox 939 2885 969 2942; x_wconf 81' lang='grc' dir='ltr'>’τε</span> 
     </span>
     <span class='ocr_line' id='line_1_31' title="bbox 143 2971 969 3052; baseline -0.001 -22"><span class='ocrx_word' id='word_1_232' title='bbox 143 2989 171 3030; x_wconf 73' lang='grc' dir='ltr'>ειι</span> <span class='ocrx_word' id='word_1_233' title='bbox 198 2971 326 3052; x_wconf 78' lang='grc' dir='ltr'>χρήματα</span> <span class='ocrx_word' id='word_1_234' title='bbox 347 2972 434 3030; x_wconf 77' lang='grc' dir='ltr'>πάντα</span> <span class='ocrx_word' id='word_1_235' title='bbox 461 2971 703 3046; x_wconf 82' lang='grc' dir='ltr'>συσκευασάμενος,</span> <span class='ocrx_word' id='word_1_236' title='bbox 731 2972 776 3028; x_wconf 84' lang='grc' dir='ltr'>καί</span> <span class='ocrx_word' id='word_1_237' title='bbox 801 2971 848 3042; x_wconf 76' lang='grc' dir='ltr'>τὴν</span> <span class='ocrx_word' id='word_1_238' title='bbox 866 2972 969 3046; x_wconf 80' lang='grc' dir='ltr'>γυναῖκ’</span> 
     </span>
     <span class='ocr_line' id='line_1_32' title="bbox 198 3055 968 3138; baseline -0.005 -19"><span class='ocrx_word' id='word_1_239' title='bbox 198 3060 357 3138; x_wconf 87' lang='grc' dir='ltr'>ἐπαγόμενος</span> <span class='ocrx_word' id='word_1_240' title='bbox 380 3059 491 3118; x_wconf 79' lang='grc' dir='ltr'>καὶτῶν</span> <span class='ocrx_word' id='word_1_241' title='bbox 508 3058 594 3117; x_wconf 86' lang='grc' dir='ltr'>ἀλλων</span> <span class='ocrx_word' id='word_1_242' title='bbox 618 3060 699 3137; x_wconf 88' lang='grc' dir='ltr'>φίλων</span> <span class='ocrx_word' id='word_1_243' title='bbox 721 3056 766 3115; x_wconf 82' lang='grc' dir='ltr'>καὶ</span> <span class='ocrx_word' id='word_1_244' title='bbox 792 3055 893 3115; x_wconf 78' lang='grc' dir='ltr'>οἰκείων</span> <span class='ocrx_word' id='word_1_245' title='bbox 908 3055 968 3125; x_wconf 86' lang='grc' dir='ltr'>τούς</span> 
     </span>
     <span class='ocr_line' id='line_1_33' title="bbox 199 3144 971 3227; baseline -0.005 -20"><span class='ocrx_word' id='word_1_246' title='bbox 199 3146 379 3227; x_wconf 82' lang='grc' dir='ltr'>βουλομένους·</span> <span class='ocrx_word' id='word_1_247' title='bbox 397 3144 515 3224; x_wconf 84' lang='grc' dir='ltr'>ἐγένοντο</span> <span class='ocrx_word' id='word_1_248' title='bbox 540 3144 563 3204; x_wconf 87' lang='grc' dir='ltr'>δ’</span> <span class='ocrx_word' id='word_1_249' title='bbox 581 3147 605 3205; x_wconf 80' lang='lat' dir='ltr'>ei</span> <span class='ocrx_word' id='word_1_250' title='bbox 630 3144 798 3221; x_wconf 85' lang='grc' dir='ltr'>συναπαίρειν</span> <span class='ocrx_word' id='word_1_251' title='bbox 820 3145 891 3223; x_wconf 85' lang='grc' dir='ltr'>αὐτῷ</span> <span class='ocrx_word' id='word_1_252' title='bbox 907 3167 971 3224; x_wconf 89' lang='grc' dir='ltr'>προ-</span> 
     </span>
     <span class='ocr_line' id='line_1_34' title="bbox 198 3230 970 3315; baseline -0.006 -21"><span class='ocrx_word' id='word_1_253' title='bbox 198 3237 353 3311; x_wconf 87' lang='grc' dir='ltr'>θυμηθέντες</span> <span class='ocrx_word' id='word_1_254' title='bbox 376 3235 476 3315; x_wconf 88' lang='grc' dir='ltr'>συχνοί.</span> <span class='ocrx_word' id='word_1_255' title='bbox 519 3234 567 3300; x_wconf 86' lang='grc' dir='ltr'>Ὡς</span> <span class='ocrx_word' id='word_1_256' title='bbox 597 3231 624 3291; x_wconf 73' lang='grc' dir='ltr'>δὲ</span> <span class='ocrx_word' id='word_1_257' title='bbox 650 3233 719 3292; x_wconf 77' lang='grc' dir='ltr'>κατὰ</span> <span class='ocrx_word' id='word_1_258' title='bbox 747 3231 777 3289; x_wconf 88' lang='grc' dir='ltr'>τδ</span> <span class='ocrx_word' id='word_1_259' title='bbox 810 3230 970 3308; x_wconf 85' lang='grc' dir='ltr'>καλούμενον</span> 
     </span>
     <span class='ocr_line' id='line_1_35' title="bbox 197 3314 971 3399; baseline -0.006 -16"><span class='ocrx_word' id='word_1_260' title='bbox 197 3324 339 3386; x_wconf 86' lang='grc' dir='ltr'>Ἰανίκολον</span> <span class='ocrx_word' id='word_1_261' title='bbox 357 3314 434 3395; x_wconf 73' lang='grc' dir='ltr'>ἦσαν,</span> <span class='ocrx_word' id='word_1_262' title='bbox 459 3323 515 3381; x_wconf 80' lang='grc' dir='ltr'>ὅθεν</span> <span class='ocrx_word' id='word_1_263' title='bbox 536 3320 663 3396; x_wconf 72' lang='grc' dir='ltr'>ῆῬώμη</span> <span class='ocrx_word' id='word_1_264' title='bbox 687 3330 739 3385; x_wconf 88' lang='grc' dir='ltr'>τοῖς</span> <span class='ocrx_word' id='word_1_265' title='bbox 754 3319 806 3377; x_wconf 86' lang='grc' dir='ltr'>ἀπδ</span> <span class='ocrx_word' id='word_1_266' title='bbox 821 3319 971 3399; x_wconf 88' lang='grc' dir='ltr'>Τυρρηνίας</span> 
     </span>
     <span class='ocr_line' id='line_1_36' title="bbox 198 3408 972 3495; baseline -0.006 -23"><span class='ocrx_word' id='word_1_267' title='bbox 198 3413 347 3495; x_wconf 78' lang='grc' dir='ltr'>ἐρχομένοις</span> <span class='ocrx_word' id='word_1_268' title='bbox 368 3414 471 3489; x_wconf 84' lang='grc' dir='ltr'>πρῶτον</span> <span class='ocrx_word' id='word_1_269' title='bbox 491 3413 633 3490; x_wconf 80' lang='grc' dir='ltr'>ἀφορᾶται,</span> <span class='ocrx_word' id='word_1_270' title='bbox 653 3408 789 3475; x_wconf 65' lang='grc' dir='ltr'>καταπτὰς</span> <span class='ocrx_word' id='word_1_271' title='bbox 804 3408 877 3475; x_wconf 84' lang='grc' dir='ltr'>ἀετδς</span> <span class='ocrx_word' id='word_1_272' title='bbox 899 3408 972 3489; x_wconf 81' lang='grc' dir='ltr'>ἀφνω</span> 
     </span>
     <span class='ocr_line' id='line_1_37' title="bbox 198 3495 971 3576; baseline -0.006 -17"><span class='ocrx_word' id='word_1_273' title='bbox 198 3503 300 3559; x_wconf 84' lang='grc' dir='ltr'>καὶτὸν</span> <span class='ocrx_word' id='word_1_274' title='bbox 319 3502 394 3558; x_wconf 83' lang='grc' dir='ltr'>πῖλον</span> <span class='ocrx_word' id='word_1_275' title='bbox 418 3501 496 3558; x_wconf 77' lang='grc' dir='ltr'>αὐτοῦ</span> <span class='ocrx_word' id='word_1_276' title='bbox 520 3497 563 3555; x_wconf 84' lang='grc' dir='ltr'>τὸν</span> <span class='ocrx_word' id='word_1_277' title='bbox 589 3498 632 3557; x_wconf 80' lang='grc' dir='ltr'>ἐπὶ</span> <span class='ocrx_word' id='word_1_278' title='bbox 646 3501 693 3568; x_wconf 87' lang='grc' dir='ltr'>τῆς</span> <span class='ocrx_word' id='word_1_279' title='bbox 716 3499 832 3576; x_wconf 77' lang='grc' dir='ltr'>κεφαλῆς</span> <span class='ocrx_word' id='word_1_280' title='bbox 853 3495 971 3572; x_wconf 85' lang='grc' dir='ltr'>κείμενον</span> 
     </span>
     <span class='ocr_line' id='line_1_38' title="bbox 200 3585 970 3670; baseline -0.008 -23"><span class='ocrx_word' id='word_1_281' title='bbox 200 3589 341 3670; x_wconf 80' lang='grc' dir='ltr'>ἀρπάσας,</span> <span class='ocrx_word' id='word_1_282' title='bbox 365 3587 467 3668; x_wconf 79' lang='grc' dir='ltr'>ἀνέπτη</span> <span class='ocrx_word' id='word_1_283' title='bbox 487 3586 567 3646; x_wconf 81' lang='grc' dir='ltr'>πόλιν</span> <span class='ocrx_word' id='word_1_284' title='bbox 596 3585 652 3644; x_wconf 78' lang='grc' dir='ltr'>ἀνω</span> <span class='ocrx_word' id='word_1_285' title='bbox 673 3586 744 3645; x_wconf 76' lang='grc' dir='ltr'>κατὰ</span> <span class='ocrx_word' id='word_1_286' title='bbox 764 3585 811 3654; x_wconf 75' lang='grc' dir='ltr'>τὴν</span> <span class='ocrx_word' id='word_1_287' title='bbox 836 3586 970 3663; x_wconf 78' lang='grc' dir='ltr'>ἐγκύκλιον</span> 
     </span>
     <span class='ocr_line' id='line_1_39' title="bbox 199 3670 970 3755; baseline -0.006 -20"><span class='ocrx_word' id='word_1_288' title='bbox 199 3676 298 3753; x_wconf 83' lang='grc' dir='ltr'>αέόιραν</span> <span class='ocrx_word' id='word_1_289' title='bbox 326 3676 481 3755; x_wconf 86' lang='grc' dir='ltr'>φερόμενος,</span> <span class='ocrx_word' id='word_1_290' title='bbox 505 3674 549 3732; x_wconf 84' lang='grc' dir='ltr'>καὶ</span> <span class='ocrx_word' id='word_1_291' title='bbox 571 3675 606 3741; x_wconf 81' lang='grc' dir='ltr'>εἰς</span> <span class='ocrx_word' id='word_1_292' title='bbox 625 3673 656 3731; x_wconf 89' lang='grc' dir='ltr'>τδ</span> <span class='ocrx_word' id='word_1_293' title='bbox 677 3671 754 3751; x_wconf 86' lang='grc' dir='ltr'>βάθος</span> <span class='ocrx_word' id='word_1_294' title='bbox 775 3678 819 3732; x_wconf 82' lang='grc' dir='ltr'>τοῦ</span> <span class='ocrx_word' id='word_1_295' title='bbox 837 3670 970 3751; x_wconf 87' lang='grc' dir='ltr'>περιέχον-</span> 
     </span>
     <span class='ocr_line' id='line_1_40' title="bbox 198 3758 971 3842; baseline -0.004 -22"><span class='ocrx_word' id='word_1_296' title='bbox 198 3784 241 3827; x_wconf 89' lang='grc' dir='ltr'>τος</span> <span class='ocrx_word' id='word_1_297' title='bbox 263 3762 335 3842; x_wconf 87' lang='grc' dir='ltr'>ἀέρος</span> <span class='ocrx_word' id='word_1_298' title='bbox 350 3763 508 3841; x_wconf 73' lang='grc' dir='ltr'>ἀπέκρυψεν·</span> <span class='ocrx_word' id='word_1_299' title='bbox 535 3760 616 3819; x_wconf 82' lang='grc' dir='ltr'>ἔπειτ’</span> <span class='ocrx_word' id='word_1_300' title='bbox 644 3759 762 3840; x_wconf 79' lang='grc' dir='ltr'>ἐξαίφνης</span> <span class='ocrx_word' id='word_1_301' title='bbox 781 3758 911 3828; x_wconf 84' lang='grc' dir='ltr'>ἐπιτίθησι</span> <span class='ocrx_word' id='word_1_302' title='bbox 934 3762 971 3838; x_wconf 82' lang='grc' dir='ltr'>τῷ</span> 
     </span>
     <span class='ocr_line' id='line_1_41' title="bbox 200 3846 971 3927; baseline -0.004 -18"><span class='ocrx_word' id='word_1_303' title='bbox 200 3851 338 3927; x_wconf 83' lang='grc' dir='ltr'>Λοκόμωνι</span> <span class='ocrx_word' id='word_1_304' title='bbox 356 3853 399 3910; x_wconf 79' lang='grc' dir='ltr'>τὸν</span> <span class='ocrx_word' id='word_1_305' title='bbox 426 3853 500 3909; x_wconf 79' lang='grc' dir='ltr'>πῖλον</span> <span class='ocrx_word' id='word_1_306' title='bbox 521 3852 565 3908; x_wconf 82' lang='grc' dir='ltr'>ἐπί</span> <span class='ocrx_word' id='word_1_307' title='bbox 588 3854 634 3920; x_wconf 86' lang='grc' dir='ltr'>τῆς</span> <span class='ocrx_word' id='word_1_308' title='bbox 655 3851 769 3926; x_wconf 80' lang='grc' dir='ltr'>κεφαλῆς</span> <span class='ocrx_word' id='word_1_309' title='bbox 795 3846 913 3927; x_wconf 83' lang='grc' dir='ltr'>ἁρμόσας</span> <span class='ocrx_word' id='word_1_310' title='bbox 936 3853 971 3916; x_wconf 87' lang='grc' dir='ltr'>ὡς</span> 
     </span>
     <span class='ocr_line' id='line_1_42' title="bbox 199 3933 971 4020; baseline -0.006 -21"><span class='ocrx_word' id='word_1_311' title='bbox 199 3938 323 4020; x_wconf 88' lang='grc' dir='ltr'>πρότερον</span> <span class='ocrx_word' id='word_1_312' title='bbox 340 3939 470 4018; x_wconf 78' lang='grc' dir='ltr'>ἥρμοστο.</span> <span class='ocrx_word' id='word_1_313' title='bbox 516 3942 680 4009; x_wconf 81' lang='grc' dir='ltr'>Θαυμαστοῦ</span> <span class='ocrx_word' id='word_1_314' title='bbox 704 3935 731 3993; x_wconf 75' lang='grc' dir='ltr'>δὲ</span> <span class='ocrx_word' id='word_1_315' title='bbox 760 3935 804 3993; x_wconf 82' lang='grc' dir='ltr'>καὶ</span> <span class='ocrx_word' id='word_1_316' title='bbox 823 3933 971 4012; x_wconf 78' lang='grc' dir='ltr'>παραδόξου</span> 
     </span>
     <span class='ocr_line' id='line_1_43' title="bbox 199 4023 969 4106; baseline -0.006 -20"><span class='ocrx_word' id='word_1_317' title='bbox 199 4034 266 4086; x_wconf 81' lang='grc' dir='ltr'>πᾶσι</span> <span class='ocrx_word' id='word_1_318' title='bbox 289 4033 334 4085; x_wconf 79' lang='grc' dir='ltr'>τοῦ</span> <span class='ocrx_word' id='word_1_319' title='bbox 352 4027 460 4103; x_wconf 88' lang='grc' dir='ltr'>σημείου</span> <span class='ocrx_word' id='word_1_320' title='bbox 476 4027 611 4106; x_wconf 81' lang='grc' dir='ltr'>φανέντος,</span> <span class='ocrx_word' id='word_1_321' title='bbox 628 4029 644 4095; x_wconf 83' lang='grc' dir='ltr'>ἠ</span> <span class='ocrx_word' id='word_1_322' title='bbox 660 4024 725 4101; x_wconf 82' lang='grc' dir='ltr'>γυνὴ</span> <span class='ocrx_word' id='word_1_323' title='bbox 740 4029 784 4081; x_wconf 83' lang='grc' dir='ltr'>τοῦ</span> <span class='ocrx_word' id='word_1_324' title='bbox 798 4023 969 4098; x_wconf 88' lang='grc' dir='ltr'>Λοκόμωνος,</span> 
     </span>
    </p>
   </div>
   <div class='ocr_carea' id='block_1_5' title="bbox 199 4109 988 4192">
    <p class='ocr_par' dir='ltr' id='par_1_6' title="bbox 199 4109 988 4192">
     <span class='ocr_line' id='line_1_44' title="bbox 199 4109 988 4192; baseline -0.011 -17"><span class='ocrx_word' id='word_1_325' title='bbox 199 4113 281 4191; x_wconf 79' lang='grc' dir='ltr'>ὄνομα</span> <span class='ocrx_word' id='word_1_326' title='bbox 307 4114 466 4187; x_wconf 86' lang='grc' dir='ltr'>Τανακύλα,</span> <span class='ocrx_word' id='word_1_327' title='bbox 496 4113 632 4192; x_wconf 85' lang='grc' dir='ltr'>ἐμπειρίαν</span> <span class='ocrx_word' id='word_1_328' title='bbox 664 4109 758 4182; x_wconf 79' lang='grc' dir='ltr'>ίκανῆν</span> <span class='ocrx_word' id='word_1_329' title='bbox 788 4111 817 4167; x_wconf 81' lang='grc' dir='ltr'>ἐκ</span> <span class='ocrx_word' id='word_1_330' title='bbox 848 4109 988 4188; x_wconf 81' lang='grc' dir='ltr'>πατέρων</span> 
     </span>
    </p>
   </div>
   <div class='ocr_carea' id='block_1_6' title="bbox 146 4197 970 5160">
    <p class='ocr_par' dir='ltr' id='par_1_7' title="bbox 146 4197 970 5160">
     <span class='ocr_line' id='line_1_45' title="bbox 199 4197 970 4283; baseline -0.01 -20"><span class='ocrx_word' id='word_1_331' title='bbox 199 4204 296 4283; x_wconf 87' lang='grc' dir='ltr'>ίχουσα</span> <span class='ocrx_word' id='word_1_332' title='bbox 311 4206 357 4271; x_wconf 80' lang='grc' dir='ltr'>τῆς</span> <span class='ocrx_word' id='word_1_333' title='bbox 367 4205 531 4281; x_wconf 78' lang='grc' dir='ltr'>Τυρρηνικῆς</span> <span class='ocrx_word' id='word_1_334' title='bbox 545 4198 746 4269; x_wconf 81' lang='grc' dir='ltr'>οἰωνοσκοπίας,</span> <span class='ocrx_word' id='word_1_335' title='bbox 758 4197 877 4255; x_wconf 74' lang='grc' dir='ltr'>λαθοῦσα</span> <span class='ocrx_word' id='word_1_336' title='bbox 893 4199 970 4273; x_wconf 84' lang='grc' dir='ltr'>μόνον</span> 
     </span>
     <span class='ocr_line' id='line_1_46' title="bbox 199 4287 970 4364; baseline -0.01 -12"><span class='ocrx_word' id='word_1_337' title='bbox 199 4293 275 4352; x_wconf 83' lang='grc' dir='ltr'>αὐτὸν</span> <span class='ocrx_word' id='word_1_338' title='bbox 299 4291 351 4349; x_wconf 87' lang='grc' dir='ltr'>ἀπὸ</span> <span class='ocrx_word' id='word_1_339' title='bbox 374 4293 426 4347; x_wconf 84' lang='grc' dir='ltr'>τῶν</span> <span class='ocrx_word' id='word_1_340' title='bbox 444 4291 570 4349; x_wconf 87' lang='grc' dir='ltr'>συνόντων</span> <span class='ocrx_word' id='word_1_341' title='bbox 594 4288 734 4360; x_wconf 75' lang='grc' dir='ltr'>ἠσπάσατό</span> <span class='ocrx_word' id='word_1_342' title='bbox 747 4309 775 4344; x_wconf 84' lang='grc' dir='ltr'>τε</span> <span class='ocrx_word' id='word_1_343' title='bbox 796 4287 841 4345; x_wconf 82' lang='grc' dir='ltr'>καί</span> <span class='ocrx_word' id='word_1_344' title='bbox 868 4289 970 4364; x_wconf 83' lang='grc' dir='ltr'>ἀγαθῶν</span> 
     </span>
     <span class='ocr_line' id='line_1_47' title="bbox 198 4375 966 4454; baseline -0.009 -15"><span class='ocrx_word' id='word_1_345' title='bbox 198 4380 310 4440; x_wconf 84' lang='grc' dir='ltr'>ἐλπίδων</span> <span class='ocrx_word' id='word_1_346' title='bbox 327 4378 485 4451; x_wconf 85' lang='grc' dir='ltr'>ἐνέπλησεν,</span> <span class='ocrx_word' id='word_1_347' title='bbox 506 4382 540 4446; x_wconf 84' lang='grc' dir='ltr'>ὡς</span> <span class='ocrx_word' id='word_1_348' title='bbox 559 4377 585 4445; x_wconf 77' lang='grc' dir='ltr'>ἐξ</span> <span class='ocrx_word' id='word_1_349' title='bbox 607 4379 739 4446; x_wconf 85' lang='grc' dir='ltr'>ἰδιωτικῆς</span> <span class='ocrx_word' id='word_1_350' title='bbox 753 4375 834 4454; x_wconf 87' lang='grc' dir='ltr'>τύχης</span> <span class='ocrx_word' id='word_1_351' title='bbox 849 4377 884 4442; x_wconf 82' lang='grc' dir='ltr'>εἰς</span> <span class='ocrx_word' id='word_1_352' title='bbox 897 4375 966 4443; x_wconf 77' lang='grc' dir='ltr'>ἐξου-</span> 
     </span>
     <span class='ocr_line' id='line_1_48' title="bbox 199 4462 969 4546; baseline -0.01 -19"><span class='ocrx_word' id='word_1_353' title='bbox 199 4470 258 4527; x_wconf 88' lang='grc' dir='ltr'>σίαν</span> <span class='ocrx_word' id='word_1_354' title='bbox 273 4466 411 4546; x_wconf 76' lang='grc' dir='ltr'>βασιλικὴν</span> <span class='ocrx_word' id='word_1_355' title='bbox 435 4467 614 4544; x_wconf 81' lang='grc' dir='ltr'>ἐλευσόμενον.</span> <span class='ocrx_word' id='word_1_356' title='bbox 664 4467 777 4524; x_wconf 81' lang='grc' dir='ltr'>Σκοπεῖν</span> <span class='ocrx_word' id='word_1_357' title='bbox 800 4462 889 4539; x_wconf 83' lang='grc' dir='ltr'>μέντοι</span> <span class='ocrx_word' id='word_1_358' title='bbox 908 4486 969 4521; x_wconf 86' lang='grc' dir='ltr'>συν-</span> 
     </span>
     <span class='ocr_line' id='line_1_49' title="bbox 198 4550 968 4632; baseline -0.008 -18"><span class='ocrx_word' id='word_1_359' title='bbox 198 4556 333 4615; x_wconf 79' lang='grc' dir='ltr'>εόούλευεν</span> <span class='ocrx_word' id='word_1_360' title='bbox 349 4553 419 4619; x_wconf 83' lang='grc' dir='ltr'>ὅπως</span> <span class='ocrx_word' id='word_1_361' title='bbox 433 4557 496 4632; x_wconf 88' lang='grc' dir='ltr'>παρ’</span> <span class='ocrx_word' id='word_1_362' title='bbox 512 4555 623 4613; x_wconf 79' lang='grc' dir='ltr'>ἑκόντων</span> <span class='ocrx_word' id='word_1_363' title='bbox 635 4552 749 4631; x_wconf 68' lang='grc' dir='ltr'>λήψεται</span> <span class='ocrx_word' id='word_1_364' title='bbox 763 4551 905 4627; x_wconf 81' lang='grc' dir='ltr'>Ῥωμαίων</span> <span class='ocrx_word' id='word_1_365' title='bbox 920 4550 968 4623; x_wconf 74' lang='grc' dir='ltr'>τὴν</span> 
     </span>
     <span class='ocr_line' id='line_1_50' title="bbox 198 4638 966 4723; baseline -0.013 -19"><span class='ocrx_word' id='word_1_366' title='bbox 198 4644 348 4723; x_wconf 81' lang='grc' dir='ltr'>ἠγεμονίαν,</span> <span class='ocrx_word' id='word_1_367' title='bbox 367 4642 437 4709; x_wconf 80' lang='grc' dir='ltr'>ἀξιον</span> <span class='ocrx_word' id='word_1_368' title='bbox 450 4645 497 4712; x_wconf 91' lang='grc' dir='ltr'>τῆς</span> <span class='ocrx_word' id='word_1_369' title='bbox 511 4645 587 4717; x_wconf 89' lang='grc' dir='ltr'>τιμῆς</span> <span class='ocrx_word' id='word_1_370' title='bbox 596 4641 693 4710; x_wconf 80' lang='grc' dir='ltr'>ταύτης</span> <span class='ocrx_word' id='word_1_371' title='bbox 704 4640 794 4698; x_wconf 72' lang='grc' dir='ltr'>ἑαυτὸν</span> <span class='ocrx_word' id='word_1_372' title='bbox 809 4638 966 4719; x_wconf 80' lang='grc' dir='ltr'>παρασχών.</span> 
     </span>
     <span class='ocr_line' id='line_1_51' title="bbox 146 4726 965 4808; baseline -0.015 -14"><span class='ocrx_word' id='word_1_373' title='bbox 146 4753 174 4793; x_wconf 77' lang='lat' dir='ltr'><strong>ou</strong></span> <span class='ocrx_word' id='word_1_374' title='bbox 240 4733 367 4794; x_wconf 76' lang='lat' dir='ltr'>XLVIII.</span> <span class='ocrx_word' id='word_1_375' title='bbox 385 4729 419 4788; x_wconf 88' lang='grc' dir='ltr'><strong>Ὁ</strong></span> <span class='ocrx_word' id='word_1_376' title='bbox 440 4729 466 4785; x_wconf 78' lang='grc' dir='ltr'>δὲ</span> <span class='ocrx_word' id='word_1_377' title='bbox 486 4730 629 4808; x_wconf 73' lang='grc' dir='ltr'>περιχαρὴς</span> <span class='ocrx_word' id='word_1_378' title='bbox 646 4731 682 4808; x_wconf 81' lang='grc' dir='ltr'>τῷ</span> <span class='ocrx_word' id='word_1_379' title='bbox 702 4727 802 4805; x_wconf 84' lang='grc' dir='ltr'>σημείῳ</span> <span class='ocrx_word' id='word_1_380' title='bbox 821 4726 965 4804; x_wconf 85' lang='grc' dir='ltr'>γενόμενος,</span> 
     </span>
     <span class='ocr_line' id='line_1_52' title="bbox 199 4814 969 4894; baseline -0.008 -17"><span class='ocrx_word' id='word_1_381' title='bbox 199 4820 288 4889; x_wconf 79' lang='grc' dir='ltr'>ἐπειδὴ</span> <span class='ocrx_word' id='word_1_382' title='bbox 310 4829 366 4883; x_wconf 87' lang='grc' dir='ltr'>ταῖς</span> <span class='ocrx_word' id='word_1_383' title='bbox 390 4816 484 4881; x_wconf 88' lang='grc' dir='ltr'>πύλαις</span> <span class='ocrx_word' id='word_1_384' title='bbox 502 4816 552 4888; x_wconf 79' lang='grc' dir='ltr'>ἤδη</span> <span class='ocrx_word' id='word_1_385' title='bbox 568 4816 739 4894; x_wconf 77' lang='grc' dir='ltr'>συνήγγιζεν,</span> <span class='ocrx_word' id='word_1_386' title='bbox 759 4814 894 4890; x_wconf 81' lang='grc' dir='ltr'>εὐξάμενος</span> <span class='ocrx_word' id='word_1_387' title='bbox 916 4822 969 4879; x_wconf 85' lang='grc' dir='ltr'>τοῖς</span> 
     </span>
     <span class='ocr_line' id='line_1_53' title="bbox 200 4903 968 4984; baseline -0.009 -21"><span class='ocrx_word' id='word_1_388' title='bbox 200 4910 378 4978; x_wconf 82' lang='grc' dir='ltr'>θιοῑςίπιτελῆ</span> <span class='ocrx_word' id='word_1_389' title='bbox 388 4904 507 4984; x_wconf 89' lang='grc' dir='ltr'>γενέσθαι</span> <span class='ocrx_word' id='word_1_390' title='bbox 519 4903 552 4962; x_wconf 80' lang='lat' dir='ltr'>ad</span> <span class='ocrx_word' id='word_1_391' title='bbox 565 4903 737 4979; x_wconf 88' lang='grc' dir='ltr'>μαντεύματα</span> <span class='ocrx_word' id='word_1_392' title='bbox 747 4903 791 4960; x_wconf 85' lang='grc' dir='ltr'>καλ</span> <span class='ocrx_word' id='word_1_393' title='bbox 803 4904 849 4960; x_wconf 86' lang='grc' dir='ltr'>οὐν</span> <span class='ocrx_word' id='word_1_394' title='bbox 861 4905 968 4977; x_wconf 85' lang='grc' dir='ltr'>ἀγαθαῖς</span> 
     </span>
     <span class='ocr_line' id='line_1_54' title="bbox 200 4990 967 5075; baseline -0.003 -29"><span class='ocrx_word' id='word_1_395' title='bbox 200 4993 321 5051; x_wconf 73' lang='grc' dir='ltr'>εἰσελθεῖν</span> <span class='ocrx_word' id='word_1_396' title='bbox 335 4993 441 5073; x_wconf 80' lang='grc' dir='ltr'>τύχαις,</span> <span class='ocrx_word' id='word_1_397' title='bbox 468 4995 598 5075; x_wconf 87' lang='grc' dir='ltr'>παρῆλθεν</span> <span class='ocrx_word' id='word_1_398' title='bbox 614 4995 650 5056; x_wconf 85' lang='grc' dir='ltr'>είς</span> <span class='ocrx_word' id='word_1_399' title='bbox 667 4991 714 5060; x_wconf 75' lang='grc' dir='ltr'>τῆν</span> <span class='ocrx_word' id='word_1_400' title='bbox 731 4990 815 5048; x_wconf 85' lang='grc' dir='ltr'>πολιν·</span> <span class='ocrx_word' id='word_1_401' title='bbox 831 4990 876 5047; x_wconf 83' lang='grc' dir='ltr'>καὶ</span> <span class='ocrx_word' id='word_1_402' title='bbox 900 4990 967 5063; x_wconf 81' lang='grc' dir='ltr'>μετὰ</span> 
     </span>
     <span class='ocr_line' id='line_1_55' title="bbox 199 5076 966 5160; baseline 0 -27"><span class='ocrx_word' id='word_1_403' title='bbox 199 5081 274 5133; x_wconf 79' lang='grc' dir='ltr'>τοῦτο</span> <span class='ocrx_word' id='word_1_404' title='bbox 285 5081 412 5137; x_wconf 89' lang='grc' dir='ltr'>συνελθὼν</span> <span class='ocrx_word' id='word_1_405' title='bbox 423 5083 458 5148; x_wconf 83' lang='grc' dir='ltr'>εἷς</span> <span class='ocrx_word' id='word_1_406' title='bbox 464 5082 554 5160; x_wconf 88' lang='grc' dir='ltr'>λόγους</span> <span class='ocrx_word' id='word_1_407' title='bbox 566 5077 679 5159; x_wconf 80' lang='grc' dir='ltr'>Μαρκίῳ</span> <span class='ocrx_word' id='word_1_408' title='bbox 694 5081 731 5156; x_wconf 82' lang='grc' dir='ltr'>τῷ</span> <span class='ocrx_word' id='word_1_409' title='bbox 742 5076 855 5155; x_wconf 86' lang='grc' dir='ltr'>βασιλεῖ,</span> <span class='ocrx_word' id='word_1_410' title='bbox 864 5079 966 5153; x_wconf 84' lang='grc' dir='ltr'>πρῶτον</span> 
     </span>
    </p>
   </div>
   <div class='ocr_carea' id='block_1_7' title="bbox 722 291 1285 361">
    <p class='ocr_par' dir='ltr' id='par_1_8' title="bbox 722 291 1285 361">
     <span class='ocr_line' id='line_1_56' title="bbox 722 291 1285 361; baseline 0.02 -12"><span class='ocrx_word' id='word_1_411' title='bbox 722 291 890 353; x_wconf 78' lang='lat' dir='ltr'><strong>uloulsll</strong></span> <span class='ocrx_word' id='word_1_412' title='bbox 913 295 1285 361; x_wconf 81' lang='lat' dir='ltr'><strong>HALICARNASSENSIS</strong></span> 
     </span>
    </p>
   </div>
   <div class='ocr_carea' id='block_1_8' title="bbox 1026 443 1802 1734">
    <p class='ocr_par' dir='ltr' id='par_1_9' title="bbox 1026 443 1802 1646">
     <span class='ocr_line' id='line_1_57' title="bbox 1027 443 1802 512; baseline 0.019 -20"><span class='ocrx_word' id='word_1_413' title='bbox 1027 443 1072 494; x_wconf 84' lang='lat' dir='ltr'><strong>rit.</strong></span> <span class='ocrx_word' id='word_1_414' title='bbox 1106 445 1217 496; x_wconf 90' lang='lat' dir='ltr'><strong>Sedcum</strong></span> <span class='ocrx_word' id='word_1_415' title='bbox 1231 447 1320 498; x_wconf 90' lang='lat' dir='ltr'><strong>seditio</strong></span> <span class='ocrx_word' id='word_1_416' title='bbox 1335 449 1446 499; x_wconf 80' lang='lat' dir='ltr'><strong>corinthi</strong></span> <span class='ocrx_word' id='word_1_417' title='bbox 1462 453 1527 502; x_wconf 88' lang='lat' dir='ltr'><strong>esset</strong></span> <span class='ocrx_word' id='word_1_418' title='bbox 1538 455 1602 512; x_wconf 87' lang='lat' dir='ltr'><strong>orta,</strong></span> <span class='ocrx_word' id='word_1_419' title='bbox 1617 455 1642 503; x_wconf 88' lang='lat' dir='ltr'>et</span> <span class='ocrx_word' id='word_1_420' title='bbox 1656 454 1802 508; x_wconf 79' lang='lat' dir='ltr'><strong>Bacchiade</strong></span> 
     </span>
     <span class='ocr_line' id='line_1_58' title="bbox 1026 534 1802 607; baseline 0.021 -27"><span class='ocrx_word' id='word_1_421' title='bbox 1026 545 1041 580; x_wconf 88' lang='lat' dir='ltr'>a</span> <span class='ocrx_word' id='word_1_422' title='bbox 1054 534 1152 596; x_wconf 78' lang='lat' dir='ltr'><strong>Cypseli</strong></span> <span class='ocrx_word' id='word_1_423' title='bbox 1170 536 1296 598; x_wconf 79' lang='lat' dir='ltr'><strong>tyrannide</strong></span> <span class='ocrx_word' id='word_1_424' title='bbox 1307 541 1489 600; x_wconf 84' lang='lat' dir='ltr'><strong>premerentur,</strong></span> <span class='ocrx_word' id='word_1_425' title='bbox 1504 539 1647 589; x_wconf 85' lang='lat' dir='ltr'><strong>existimans</strong></span> <span class='ocrx_word' id='word_1_426' title='bbox 1657 541 1705 593; x_wconf 88' lang='lat' dir='ltr'><strong>sibi</strong></span> <span class='ocrx_word' id='word_1_427' title='bbox 1716 547 1802 607; x_wconf 84' lang='lat' dir='ltr'><strong>utpote</strong></span> 
     </span>
     <span class='ocr_line' id='line_1_59' title="bbox 1026 618 1801 690; baseline 0.017 -24"><span class='ocrx_word' id='word_1_428' title='bbox 1026 618 1096 668; x_wconf 85' lang='lat' dir='ltr'><strong>diviti</strong></span> <span class='ocrx_word' id='word_1_429' title='bbox 1111 633 1196 682; x_wconf 90' lang='lat' dir='ltr'><strong>parum</strong></span> <span class='ocrx_word' id='word_1_430' title='bbox 1206 634 1259 671; x_wconf 87' lang='lat' dir='ltr'><strong>esse</strong></span> <span class='ocrx_word' id='word_1_431' title='bbox 1271 626 1354 672; x_wconf 90' lang='lat' dir='ltr'><strong>tutum</strong></span> <span class='ocrx_word' id='word_1_432' title='bbox 1366 623 1390 672; x_wconf 91' lang='lat' dir='ltr'>in</span> <span class='ocrx_word' id='word_1_433' title='bbox 1402 623 1532 684; x_wconf 79' lang='lat' dir='ltr'><strong>tyrannide</strong></span> <span class='ocrx_word' id='word_1_434' title='bbox 1546 624 1645 686; x_wconf 82' lang='lat' dir='ltr'><strong>virere,</strong></span> <span class='ocrx_word' id='word_1_435' title='bbox 1663 630 1801 690; x_wconf 79' lang='lat' dir='ltr'><strong>praesertim</strong></span> 
     </span>
     <span class='ocr_line' id='line_1_60' title="bbox 1026 708 1798 777; baseline 0.01 -23"><span class='ocrx_word' id='word_1_436' title='bbox 1026 718 1083 755; x_wconf 91' lang='lat' dir='ltr'>cum</span> <span class='ocrx_word' id='word_1_437' title='bbox 1093 710 1158 756; x_wconf 87' lang='lat' dir='ltr'><strong>esset</strong></span> <span class='ocrx_word' id='word_1_438' title='bbox 1168 723 1197 758; x_wconf 84' lang='lat' dir='ltr'>ex</span> <span class='ocrx_word' id='word_1_439' title='bbox 1209 708 1354 771; x_wconf 89' lang='lat' dir='ltr'><strong>optimatum</strong></span> <span class='ocrx_word' id='word_1_440' title='bbox 1366 713 1446 771; x_wconf 79' lang='lat' dir='ltr'><strong>gente,</strong></span> <span class='ocrx_word' id='word_1_441' title='bbox 1458 710 1567 761; x_wconf 80' lang='lat' dir='ltr'><strong>collectis</strong></span> <span class='ocrx_word' id='word_1_442' title='bbox 1581 712 1655 762; x_wconf 89' lang='lat' dir='ltr'><strong>rebus</strong></span> <span class='ocrx_word' id='word_1_443' title='bbox 1664 714 1714 763; x_wconf 89' lang='lat' dir='ltr'><strong>suis</strong></span> <span class='ocrx_word' id='word_1_444' title='bbox 1724 729 1798 777; x_wconf 85' lang='lat' dir='ltr'><strong>quas-</strong></span> 
     </span>
     <span class='ocr_line' id='line_1_61' title="bbox 1027 796 1799 860; baseline 0.012 -18"><span class='ocrx_word' id='word_1_445' title='bbox 1027 806 1124 856; x_wconf 89' lang='lat' dir='ltr'><strong>cunque</strong></span> <span class='ocrx_word' id='word_1_446' title='bbox 1132 808 1216 844; x_wconf 92' lang='lat' dir='ltr'><strong>secum</strong></span> <span class='ocrx_word' id='word_1_447' title='bbox 1228 796 1292 847; x_wconf 88' lang='lat' dir='ltr'><strong>ierre</strong></span> <span class='ocrx_word' id='word_1_448' title='bbox 1309 798 1389 860; x_wconf 91' lang='lat' dir='ltr'><strong>potuit</strong></span> <span class='ocrx_word' id='word_1_449' title='bbox 1400 798 1517 848; x_wconf 82' lang='lat' dir='ltr'><strong>cerintho</strong></span> <span class='ocrx_word' id='word_1_450' title='bbox 1530 799 1589 849; x_wconf 89' lang='lat' dir='ltr'><strong>nari</strong></span> <span class='ocrx_word' id='word_1_451' title='bbox 1602 798 1722 852; x_wconf 88' lang='lat' dir='ltr'><strong>discessit.</strong></span> <span class='ocrx_word' id='word_1_452' title='bbox 1736 805 1799 852; x_wconf 82' lang='lat' dir='ltr'><strong>Cum</strong></span> 
     </span>
     <span class='ocr_line' id='line_1_62' title="bbox 1028 882 1800 946; baseline 0.012 -17"><span class='ocrx_word' id='word_1_453' title='bbox 1028 883 1110 930; x_wconf 87' lang='lat' dir='ltr'><strong>autem</strong></span> <span class='ocrx_word' id='word_1_454' title='bbox 1123 882 1214 931; x_wconf 90' lang='lat' dir='ltr'><strong>multos</strong></span> <span class='ocrx_word' id='word_1_455' title='bbox 1229 896 1319 946; x_wconf 88' lang='lat' dir='ltr'><strong>eosque</strong></span> <span class='ocrx_word' id='word_1_456' title='bbox 1337 884 1413 934; x_wconf 89' lang='lat' dir='ltr'><strong>bonos</strong></span> <span class='ocrx_word' id='word_1_457' title='bbox 1430 883 1523 934; x_wconf 90' lang='lat' dir='ltr'><strong>amices</strong></span> <span class='ocrx_word' id='word_1_458' title='bbox 1544 885 1569 935; x_wconf 88' lang='lat' dir='ltr'>ln</span> <span class='ocrx_word' id='word_1_459' title='bbox 1588 887 1685 936; x_wconf 79' lang='lat' dir='ltr'><strong>Etruria</strong></span> <span class='ocrx_word' id='word_1_460' title='bbox 1697 887 1800 938; x_wconf 77' lang='lat' dir='ltr'><strong>liaberet</strong></span> 
     </span>
     <span class='ocr_line' id='line_1_63' title="bbox 1027 967 1800 1040; baseline 0.01 -23"><span class='ocrx_word' id='word_1_461' title='bbox 1027 967 1182 1017; x_wconf 84' lang='lat' dir='ltr'><strong>obcontinua</strong></span> <span class='ocrx_word' id='word_1_462' title='bbox 1197 969 1356 1030; x_wconf 87' lang='lat' dir='ltr'><strong>commercia,</strong></span> <span class='ocrx_word' id='word_1_463' title='bbox 1374 970 1496 1036; x_wconf 76' lang='lat' dir='ltr'><strong>precipue</strong></span> <span class='ocrx_word' id='word_1_464' title='bbox 1511 985 1570 1021; x_wconf 86' lang='lat' dir='ltr'><strong>rere</strong></span> <span class='ocrx_word' id='word_1_465' title='bbox 1583 974 1732 1038; x_wconf 68' lang='lat' dir='ltr'><strong>Tarquiniis,</strong></span> <span class='ocrx_word' id='word_1_466' title='bbox 1744 990 1800 1040; x_wconf 86' lang='lat' dir='ltr'><strong>quae</strong></span> 
     </span>
     <span class='ocr_line' id='line_1_64' title="bbox 1028 1054 1798 1124; baseline 0.014 -20"><span class='ocrx_word' id='word_1_467' title='bbox 1028 1054 1087 1105; x_wconf 86' lang='lat' dir='ltr'><strong>urbs</strong></span> <span class='ocrx_word' id='word_1_468' title='bbox 1098 1059 1159 1105; x_wconf 90' lang='lat' dir='ltr'><strong>tunc</strong></span> <span class='ocrx_word' id='word_1_469' title='bbox 1170 1057 1288 1121; x_wconf 88' lang='lat' dir='ltr'><strong>temporis</strong></span> <span class='ocrx_word' id='word_1_470' title='bbox 1300 1072 1385 1121; x_wconf 73' lang='lat' dir='ltr'><strong>magna</strong></span> <span class='ocrx_word' id='word_1_471' title='bbox 1395 1073 1424 1109; x_wconf 90' lang='lat' dir='ltr'>ac</span> <span class='ocrx_word' id='word_1_472' title='bbox 1440 1061 1562 1110; x_wconf 82' lang='lat' dir='ltr'><strong>tortumia</strong></span> <span class='ocrx_word' id='word_1_473' title='bbox 1575 1065 1635 1124; x_wconf 87' lang='lat' dir='ltr'><strong>erat,</strong></span> <span class='ocrx_word' id='word_1_474' title='bbox 1649 1063 1798 1115; x_wconf 84' lang='lat' dir='ltr'><strong>domicilium</strong></span> 
     </span>
     <span class='ocr_line' id='line_1_65' title="bbox 1027 1140 1801 1209; baseline 0.014 -18"><span class='ocrx_word' id='word_1_475' title='bbox 1027 1140 1062 1191; x_wconf 86' lang='lat' dir='ltr'>ihi</span> <span class='ocrx_word' id='word_1_476' title='bbox 1076 1142 1122 1192; x_wconf 82' lang='lat' dir='ltr'><strong>sibi</strong></span> <span class='ocrx_word' id='word_1_477' title='bbox 1134 1144 1301 1207; x_wconf 85' lang='lat' dir='ltr'><strong>comparavit,</strong></span> <span class='ocrx_word' id='word_1_478' title='bbox 1313 1149 1338 1195; x_wconf 92' lang='lat' dir='ltr'>et</span> <span class='ocrx_word' id='word_1_479' title='bbox 1351 1145 1477 1197; x_wconf 88' lang='lat' dir='ltr'><strong>mulierem</strong></span> <span class='ocrx_word' id='word_1_480' title='bbox 1494 1161 1581 1209; x_wconf 83' lang='lat' dir='ltr'><strong>genere</strong></span> <span class='ocrx_word' id='word_1_481' title='bbox 1592 1149 1712 1199; x_wconf 89' lang='lat' dir='ltr'><strong>illustrem</strong></span> <span class='ocrx_word' id='word_1_482' title='bbox 1728 1151 1801 1202; x_wconf 80' lang='lat' dir='ltr'><strong>duxit</strong></span> 
     </span>
     <span class='ocr_line' id='line_1_66' title="bbox 1027 1231 1800 1301; baseline 0.012 -21"><span class='ocrx_word' id='word_1_483' title='bbox 1027 1231 1052 1280; x_wconf 93' lang='lat' dir='ltr'>iu</span> <span class='ocrx_word' id='word_1_484' title='bbox 1063 1233 1252 1283; x_wconf 81' lang='lat' dir='ltr'><strong>matrimonium.</strong></span> <span class='ocrx_word' id='word_1_485' title='bbox 1286 1237 1322 1283; x_wconf 82' lang='lat' dir='ltr'>Ex</span> <span class='ocrx_word' id='word_1_486' title='bbox 1332 1248 1381 1296; x_wconf 89' lang='lat' dir='ltr'>qua</span> <span class='ocrx_word' id='word_1_487' title='bbox 1393 1235 1491 1285; x_wconf 91' lang='lat' dir='ltr'><strong>duobus</strong></span> <span class='ocrx_word' id='word_1_488' title='bbox 1501 1235 1556 1285; x_wconf 85' lang='lat' dir='ltr'><strong>liliis</strong></span> <span class='ocrx_word' id='word_1_489' title='bbox 1566 1238 1688 1301; x_wconf 82' lang='lat' dir='ltr'><strong>susceptis</strong></span> <span class='ocrx_word' id='word_1_490' title='bbox 1697 1242 1800 1289; x_wconf 84' lang='lat' dir='ltr'><strong>Etrusca</strong></span> 
     </span>
     <span class='ocr_line' id='line_1_67' title="bbox 1027 1317 1799 1383; baseline 0.01 -17"><span class='ocrx_word' id='word_1_491' title='bbox 1027 1318 1123 1367; x_wconf 86' lang='lat' dir='ltr'><strong>aomina</strong></span> <span class='ocrx_word' id='word_1_492' title='bbox 1137 1317 1268 1383; x_wconf 78' lang='lat' dir='ltr'><strong>imposuit,</strong></span> <span class='ocrx_word' id='word_1_493' title='bbox 1279 1320 1384 1370; x_wconf 87' lang='lat' dir='ltr'><strong>alterum</strong></span> <span class='ocrx_word' id='word_1_494' title='bbox 1402 1324 1535 1380; x_wconf 72' lang='lat' dir='ltr'><strong>aruntem,</strong></span> <span class='ocrx_word' id='word_1_495' title='bbox 1551 1322 1654 1373; x_wconf 86' lang='lat' dir='ltr'><strong>alterum</strong></span> <span class='ocrx_word' id='word_1_496' title='bbox 1674 1327 1799 1375; x_wconf 90' lang='lat' dir='ltr'><strong>Lucumo-</strong></span> 
     </span>
     <span class='ocr_line' id='line_1_68' title="bbox 1026 1406 1799 1472; baseline 0.01 -17"><span class='ocrx_word' id='word_1_497' title='bbox 1026 1418 1082 1456; x_wconf 89' lang='lat' dir='ltr'>nem</span> <span class='ocrx_word' id='word_1_498' title='bbox 1101 1406 1225 1470; x_wconf 88' lang='lat' dir='ltr'><strong>appellans</strong></span> <span class='ocrx_word' id='word_1_499' title='bbox 1240 1425 1247 1456; x_wconf 76' lang='grc' dir='ltr'>ι</span> <span class='ocrx_word' id='word_1_500' title='bbox 1262 1411 1302 1468; x_wconf 92' lang='lat' dir='ltr'>et,</span> <span class='ocrx_word' id='word_1_501' title='bbox 1317 1420 1375 1458; x_wconf 89' lang='lat' dir='ltr'>cum</span> <span class='ocrx_word' id='word_1_502' title='bbox 1394 1412 1527 1472; x_wconf 88' lang='lat' dir='ltr'><strong>utmmque</strong></span> <span class='ocrx_word' id='word_1_503' title='bbox 1544 1411 1631 1461; x_wconf 78' lang='lat' dir='ltr'><strong>Graeca</strong></span> <span class='ocrx_word' id='word_1_504' title='bbox 1649 1415 1674 1463; x_wconf 90' lang='lat' dir='ltr'>et</span> <span class='ocrx_word' id='word_1_505' title='bbox 1695 1415 1799 1463; x_wconf 80' lang='lat' dir='ltr'><strong>Etrusca</strong></span> 
     </span>
     <span class='ocr_line' id='line_1_69' title="bbox 1026 1493 1801 1558; baseline 0.012 -14"><span class='ocrx_word' id='word_1_506' title='bbox 1026 1493 1154 1558; x_wconf 88' lang='lat' dir='ltr'><strong>disciplina</strong></span> <span class='ocrx_word' id='word_1_507' title='bbox 1178 1495 1336 1558; x_wconf 82' lang='lat' dir='ltr'><strong>instituisset,</strong></span> <span class='ocrx_word' id='word_1_508' title='bbox 1359 1497 1395 1548; x_wconf 90' lang='lat' dir='ltr'>eis</span> <span class='ocrx_word' id='word_1_509' title='bbox 1417 1499 1467 1548; x_wconf 87' lang='lat' dir='ltr'>iam</span> <span class='ocrx_word' id='word_1_510' title='bbox 1487 1499 1545 1549; x_wconf 82' lang='lat' dir='ltr'><strong>viris</strong></span> <span class='ocrx_word' id='word_1_511' title='bbox 1560 1499 1632 1551; x_wconf 86' lang='lat' dir='ltr'><strong>iactis</strong></span> <span class='ocrx_word' id='word_1_512' title='bbox 1651 1515 1746 1553; x_wconf 82' lang='lat' dir='ltr'><strong>uxores</strong></span> <span class='ocrx_word' id='word_1_513' title='bbox 1770 1516 1801 1553; x_wconf 85' lang='lat' dir='ltr'>er</span> 
     </span>
     <span class='ocr_line' id='line_1_70' title="bbox 1027 1579 1408 1646; baseline 0.01 -17"><span class='ocrx_word' id='word_1_514' title='bbox 1027 1581 1196 1631; x_wconf 80' lang='lat' dir='ltr'><strong>illustrissimis</strong></span> <span class='ocrx_word' id='word_1_515' title='bbox 1211 1579 1309 1632; x_wconf 74' lang='lat' dir='ltr'><strong>familiis</strong></span> <span class='ocrx_word' id='word_1_516' title='bbox 1332 1582 1408 1646; x_wconf 83' lang='lat' dir='ltr'><strong>dedit.</strong></span> 
     </span>
    </p>

    <p class='ocr_par' dir='ltr' id='par_1_10' title="bbox 1056 1669 1798 1734">
     <span class='ocr_line' id='line_1_71' title="bbox 1056 1669 1798 1734; baseline 0.008 -16"><span class='ocrx_word' id='word_1_517' title='bbox 1056 1671 1150 1718; x_wconf 85' lang='lat' dir='ltr'><strong>llLVll.</strong></span> <span class='ocrx_word' id='word_1_518' title='bbox 1169 1672 1218 1719; x_wconf 87' lang='lat' dir='ltr'><strong>ltec</strong></span> <span class='ocrx_word' id='word_1_519' title='bbox 1229 1669 1308 1720; x_wconf 91' lang='lat' dir='ltr'><strong>multe</strong></span> <span class='ocrx_word' id='word_1_520' title='bbox 1316 1671 1484 1734; x_wconf 88' lang='lat' dir='ltr'><strong>postilliorum</strong></span> <span class='ocrx_word' id='word_1_521' title='bbox 1494 1673 1572 1723; x_wconf 88' lang='lat' dir='ltr'><strong>maior</strong></span> <span class='ocrx_word' id='word_1_522' title='bbox 1585 1675 1642 1723; x_wconf 86' lang='lat' dir='ltr'><strong>natu</strong></span> <span class='ocrx_word' id='word_1_523' title='bbox 1653 1674 1721 1724; x_wconf 89' lang='lat' dir='ltr'><strong>nulla</strong></span> <span class='ocrx_word' id='word_1_524' title='bbox 1729 1676 1798 1724; x_wconf 88' lang='lat' dir='ltr'><strong>certa</strong></span> 
     </span>
    </p>
   </div>
   <div class='ocr_carea' id='block_1_9' title="bbox 1024 1774 1801 4686">
    <p class='ocr_par' dir='ltr' id='par_1_11' title="bbox 1024 1774 1801 4686">
     <span class='ocr_line' id='line_1_72' title="bbox 1025 1774 1797 1841; baseline 0.006 -20"><span class='ocrx_word' id='word_1_525' title='bbox 1025 1774 1138 1837; x_wconf 76' lang='lat' dir='ltr'><strong>progenie</strong></span> <span class='ocrx_word' id='word_1_526' title='bbox 1154 1774 1238 1824; x_wconf 86' lang='lat' dir='ltr'><strong>relicta</strong></span> <span class='ocrx_word' id='word_1_527' title='bbox 1246 1774 1321 1835; x_wconf 67' lang='lat' dir='ltr'><strong>oblita</strong></span> <span class='ocrx_word' id='word_1_528' title='bbox 1337 1777 1364 1826; x_wconf 85' lang='lat' dir='ltr'>et</span> <span class='ocrx_word' id='word_1_529' title='bbox 1376 1776 1461 1839; x_wconf 86' lang='lat' dir='ltr'><strong>paucis</strong></span> <span class='ocrx_word' id='word_1_530' title='bbox 1476 1781 1531 1841; x_wconf 92' lang='lat' dir='ltr'><strong>post</strong></span> <span class='ocrx_word' id='word_1_531' title='bbox 1542 1776 1629 1827; x_wconf 87' lang='lat' dir='ltr'><strong>diebus</strong></span> <span class='ocrx_word' id='word_1_532' title='bbox 1642 1777 1694 1841; x_wconf 88' lang='lat' dir='ltr'><strong>ipse</strong></span> <span class='ocrx_word' id='word_1_533' title='bbox 1706 1780 1797 1827; x_wconf 76' lang='lat' dir='ltr'><strong>liema-</strong></span> 
     </span>
     <span class='ocr_line' id='line_1_73' title="bbox 1025 1877 1797 1940; baseline 0.006 -15"><span class='ocrx_word' id='word_1_534' title='bbox 1025 1882 1094 1926; x_wconf 91' lang='lat' dir='ltr'><strong>ratus</strong></span> <span class='ocrx_word' id='word_1_535' title='bbox 1103 1877 1358 1940; x_wconf 78' lang='lat' dir='ltr'><strong>praedoloremoritur,</strong></span> <span class='ocrx_word' id='word_1_536' title='bbox 1365 1879 1450 1931; x_wconf 90' lang='lat' dir='ltr'><strong>relicte</strong></span> <span class='ocrx_word' id='word_1_537' title='bbox 1459 1880 1567 1930; x_wconf 87' lang='lat' dir='ltr'><strong>omnium</strong></span> <span class='ocrx_word' id='word_1_538' title='bbox 1577 1894 1678 1930; x_wconf 87' lang='lat' dir='ltr'><strong>suarum</strong></span> <span class='ocrx_word' id='word_1_539' title='bbox 1690 1881 1797 1930; x_wconf 87' lang='lat' dir='ltr'><strong>ioriuna·</strong></span> 
     </span>
     <span class='ocr_line' id='line_1_74' title="bbox 1025 1983 1799 2051; baseline 0.006 -20"><span class='ocrx_word' id='word_1_540' title='bbox 1025 1995 1083 2033; x_wconf 93' lang='lat' dir='ltr'>rum</span> <span class='ocrx_word' id='word_1_541' title='bbox 1096 1983 1186 2033; x_wconf 87' lang='lat' dir='ltr'><strong>herede</strong></span> <span class='ocrx_word' id='word_1_542' title='bbox 1197 1986 1347 2046; x_wconf 84' lang='lat' dir='ltr'><strong>Lucumone,</strong></span> <span class='ocrx_word' id='word_1_543' title='bbox 1363 1985 1414 2036; x_wconf 84' lang='lat' dir='ltr'><strong>tilio</strong></span> <span class='ocrx_word' id='word_1_544' title='bbox 1430 1987 1572 2050; x_wconf 88' lang='lat' dir='ltr'><strong>superstite.</strong></span> <span class='ocrx_word' id='word_1_545' title='bbox 1585 1988 1609 2036; x_wconf 93' lang='lat' dir='ltr'>ls</span> <span class='ocrx_word' id='word_1_546' title='bbox 1621 1986 1738 2051; x_wconf 90' lang='lat' dir='ltr'><strong>adeptum</strong></span> <span class='ocrx_word' id='word_1_547' title='bbox 1749 1991 1799 2036; x_wconf 87' lang='lat' dir='ltr'>tam</span> 
     </span>
     <span class='ocr_line' id='line_1_75' title="bbox 1026 2085 1797 2151; baseline 0.003 -15"><span class='ocrx_word' id='word_1_548' title='bbox 1026 2085 1135 2149; x_wconf 89' lang='lat' dir='ltr'><strong>amplum</strong></span> <span class='ocrx_word' id='word_1_549' title='bbox 1156 2086 1343 2150; x_wconf 83' lang='lat' dir='ltr'><strong>patrimonium,</strong></span> <span class='ocrx_word' id='word_1_550' title='bbox 1366 2088 1526 2150; x_wconf 78' lang='lat' dir='ltr'><strong>magistratus</strong></span> <span class='ocrx_word' id='word_1_551' title='bbox 1551 2100 1697 2151; x_wconf 86' lang='lat' dir='ltr'><strong>capessere,</strong></span> <span class='ocrx_word' id='word_1_552' title='bbox 1714 2091 1739 2138; x_wconf 92' lang='lat' dir='ltr'>et</span> <span class='ocrx_word' id='word_1_553' title='bbox 1756 2100 1797 2138; x_wconf 92' lang='lat' dir='ltr'>res</span> 
     </span>
     <span class='ocr_line' id='line_1_76' title="bbox 1026 2191 1796 2260; baseline 0.006 -19"><span class='ocrx_word' id='word_1_554' title='bbox 1026 2191 1134 2254; x_wconf 87' lang='lat' dir='ltr'><strong>publicas</strong></span> <span class='ocrx_word' id='word_1_555' title='bbox 1151 2205 1236 2255; x_wconf 80' lang='lat' dir='ltr'><strong>gerere</strong></span> <span class='ocrx_word' id='word_1_556' title='bbox 1242 2198 1268 2244; x_wconf 90' lang='lat' dir='ltr'>et</span> <span class='ocrx_word' id='word_1_557' title='bbox 1279 2194 1342 2245; x_wconf 89' lang='lat' dir='ltr'><strong>inter</strong></span> <span class='ocrx_word' id='word_1_558' title='bbox 1356 2196 1490 2260; x_wconf 77' lang='lat' dir='ltr'><strong>praecipuos</strong></span> <span class='ocrx_word' id='word_1_559' title='bbox 1506 2195 1572 2245; x_wconf 88' lang='lat' dir='ltr'><strong>eires</strong></span> <span class='ocrx_word' id='word_1_560' title='bbox 1583 2194 1675 2245; x_wconf 88' lang='lat' dir='ltr'><strong>censeri</strong></span> <span class='ocrx_word' id='word_1_561' title='bbox 1688 2194 1796 2246; x_wconf 80' lang='lat' dir='ltr'><strong>volebat.</strong></span> 
     </span>
     <span class='ocr_line' id='line_1_77' title="bbox 1025 2295 1799 2362; baseline 0.001 -16"><span class='ocrx_word' id='word_1_562' title='bbox 1025 2295 1072 2346; x_wconf 86' lang='lat' dir='ltr'>sed</span> <span class='ocrx_word' id='word_1_563' title='bbox 1086 2296 1193 2359; x_wconf 90' lang='lat' dir='ltr'><strong>undique</strong></span> <span class='ocrx_word' id='word_1_564' title='bbox 1202 2297 1234 2347; x_wconf 86' lang='lat' dir='ltr'>ab</span> <span class='ocrx_word' id='word_1_565' title='bbox 1247 2297 1367 2360; x_wconf 74' lang='lat' dir='ltr'><strong>indigenis</strong></span> <span class='ocrx_word' id='word_1_566' title='bbox 1380 2297 1492 2362; x_wconf 89' lang='lat' dir='ltr'><strong>repulsus</strong></span> <span class='ocrx_word' id='word_1_567' title='bbox 1502 2299 1528 2349; x_wconf 90' lang='lat' dir='ltr'>et</span> <span class='ocrx_word' id='word_1_568' title='bbox 1542 2311 1572 2346; x_wconf 91' lang='lat' dir='ltr'>ne</span> <span class='ocrx_word' id='word_1_569' title='bbox 1586 2297 1650 2348; x_wconf 91' lang='lat' dir='ltr'><strong>iuter</strong></span> <span class='ocrx_word' id='word_1_570' title='bbox 1661 2296 1799 2347; x_wconf 88' lang='lat' dir='ltr'><strong>mediocres</strong></span> 
     </span>
     <span class='ocr_line' id='line_1_78' title="bbox 1025 2399 1795 2465; baseline 0.001 -15"><span class='ocrx_word' id='word_1_571' title='bbox 1025 2399 1125 2465; x_wconf 85' lang='lat' dir='ltr'><strong>quidem</strong></span> <span class='ocrx_word' id='word_1_572' title='bbox 1138 2399 1219 2449; x_wconf 89' lang='lat' dir='ltr'><strong>locum</strong></span> <span class='ocrx_word' id='word_1_573' title='bbox 1239 2400 1365 2460; x_wconf 87' lang='lat' dir='ltr'><strong>obtinens,</strong></span> <span class='ocrx_word' id='word_1_574' title='bbox 1385 2400 1476 2452; x_wconf 88' lang='lat' dir='ltr'><strong>nedum</strong></span> <span class='ocrx_word' id='word_1_575' title='bbox 1500 2401 1564 2452; x_wconf 88' lang='lat' dir='ltr'><strong>inter</strong></span> <span class='ocrx_word' id='word_1_576' title='bbox 1579 2400 1721 2465; x_wconf 86' lang='lat' dir='ltr'><strong>primarios,</strong></span> <span class='ocrx_word' id='word_1_577' title='bbox 1740 2413 1795 2451; x_wconf 88' lang='lat' dir='ltr'>eam</span> 
     </span>
     <span class='ocr_line' id='line_1_79' title="bbox 1025 2503 1795 2570; baseline -0.001 -14"><span class='ocrx_word' id='word_1_578' title='bbox 1025 2505 1182 2570; x_wconf 80' lang='lat' dir='ltr'><strong>ignominiam</strong></span> <span class='ocrx_word' id='word_1_579' title='bbox 1194 2519 1260 2569; x_wconf 78' lang='lat' dir='ltr'><strong>aegre</strong></span> <span class='ocrx_word' id='word_1_580' title='bbox 1272 2505 1373 2556; x_wconf 79' lang='lat' dir='ltr'><strong>terebat.</strong></span> <span class='ocrx_word' id='word_1_581' title='bbox 1393 2513 1471 2568; x_wconf 80' lang='lat' dir='ltr'><strong>Quare</strong></span> <span class='ocrx_word' id='word_1_582' title='bbox 1483 2518 1542 2555; x_wconf 87' lang='lat' dir='ltr'>cum</span> <span class='ocrx_word' id='word_1_583' title='bbox 1556 2503 1665 2555; x_wconf 78' lang='lat' dir='ltr'><strong>audisset</strong></span> <span class='ocrx_word' id='word_1_584' title='bbox 1676 2503 1795 2568; x_wconf 85' lang='lat' dir='ltr'><strong>populum</strong></span> 
     </span>
     <span class='ocr_line' id='line_1_80' title="bbox 1025 2610 1797 2675; baseline 0.001 -14"><span class='ocrx_word' id='word_1_585' title='bbox 1025 2614 1161 2663; x_wconf 80' lang='lat' dir='ltr'><strong>Romanum</strong></span> <span class='ocrx_word' id='word_1_586' title='bbox 1174 2625 1259 2661; x_wconf 88' lang='lat' dir='ltr'><strong>omnes</strong></span> <span class='ocrx_word' id='word_1_587' title='bbox 1271 2611 1410 2675; x_wconf 87' lang='lat' dir='ltr'><strong>peregrinos</strong></span> <span class='ocrx_word' id='word_1_588' title='bbox 1423 2611 1535 2661; x_wconf 86' lang='lat' dir='ltr'><strong>lubenter</strong></span> <span class='ocrx_word' id='word_1_589' title='bbox 1543 2611 1652 2675; x_wconf 86' lang='lat' dir='ltr'><strong>recipere</strong></span> <span class='ocrx_word' id='word_1_590' title='bbox 1663 2610 1797 2662; x_wconf 80' lang='lat' dir='ltr'><strong>etcirltaic</strong></span> 
     </span>
     <span class='ocr_line' id='line_1_81' title="bbox 1025 2714 1800 2780; baseline 0.003 -18"><span class='ocrx_word' id='word_1_591' title='bbox 1025 2715 1117 2765; x_wconf 87' lang='lat' dir='ltr'><strong>donare</strong></span> <span class='ocrx_word' id='word_1_592' title='bbox 1135 2728 1164 2766; x_wconf 89' lang='lat' dir='ltr'>ac</span> <span class='ocrx_word' id='word_1_593' title='bbox 1183 2728 1227 2778; x_wconf 89' lang='lat' dir='ltr'><strong>pro</strong></span> <span class='ocrx_word' id='word_1_594' title='bbox 1241 2715 1358 2779; x_wconf 77' lang='lat' dir='ltr'><strong>dignitate</strong></span> <span class='ocrx_word' id='word_1_595' title='bbox 1369 2728 1568 2780; x_wconf 87' lang='lat' dir='ltr'><strong>unumquemque</strong></span> <span class='ocrx_word' id='word_1_596' title='bbox 1581 2714 1676 2765; x_wconf 85' lang='lat' dir='ltr'><strong>honora</strong></span> <span class='ocrx_word' id='word_1_597' title='bbox 1689 2714 1800 2774; x_wconf 85' lang='lat' dir='ltr'><strong>allicere,</strong></span> 
     </span>
     <span class='ocr_line' id='line_1_82' title="bbox 1024 2793 1798 2882; baseline -0.004 -12"><span class='ocrx_word' id='word_1_598' title='bbox 1024 2833 1054 2870; x_wconf 91' lang='lat' dir='ltr'>eo</span> <span class='ocrx_word' id='word_1_599' title='bbox 1063 2793 1134 2870; x_wconf 83' lang='lat' dir='ltr'><strong>sedes</strong></span> <span class='ocrx_word' id='word_1_600' title='bbox 1143 2821 1276 2870; x_wconf 75' lang='lat' dir='ltr'><strong>transferre</strong></span> <span class='ocrx_word' id='word_1_601' title='bbox 1286 2820 1388 2882; x_wconf 82' lang='lat' dir='ltr'><strong>statuit,</strong></span> <span class='ocrx_word' id='word_1_602' title='bbox 1401 2821 1453 2870; x_wconf 92' lang='lat' dir='ltr'><strong>suis</strong></span> <span class='ocrx_word' id='word_1_603' title='bbox 1465 2819 1579 2870; x_wconf 91' lang='lat' dir='ltr'><strong>omnihus</strong></span> <span class='ocrx_word' id='word_1_604' title='bbox 1595 2827 1667 2870; x_wconf 77' lang='lat' dir='ltr'><strong>mous</strong></span> <span class='ocrx_word' id='word_1_605' title='bbox 1678 2818 1798 2879; x_wconf 90' lang='lat' dir='ltr'><strong>collectis,</strong></span> 
     </span>
     <span class='ocr_line' id='line_1_83' title="bbox 1025 2922 1799 2988; baseline -0.003 -13"><span class='ocrx_word' id='word_1_606' title='bbox 1025 2930 1051 2975; x_wconf 91' lang='lat' dir='ltr'>et</span> <span class='ocrx_word' id='word_1_607' title='bbox 1064 2925 1171 2976; x_wconf 87' lang='lat' dir='ltr'><strong>adducta</strong></span> <span class='ocrx_word' id='word_1_608' title='bbox 1186 2939 1262 2976; x_wconf 82' lang='lat' dir='ltr'><strong>uxore</strong></span> <span class='ocrx_word' id='word_1_609' title='bbox 1279 2927 1416 2988; x_wconf 87' lang='lat' dir='ltr'><strong>ceterisque</strong></span> <span class='ocrx_word' id='word_1_610' title='bbox 1429 2926 1516 2976; x_wconf 90' lang='lat' dir='ltr'><strong>amicis</strong></span> <span class='ocrx_word' id='word_1_611' title='bbox 1526 2938 1556 2975; x_wconf 88' lang='lat' dir='ltr'>ae</span> <span class='ocrx_word' id='word_1_612' title='bbox 1568 2922 1711 2976; x_wconf 79' lang='lat' dir='ltr'><strong>domesticis</strong></span> <span class='ocrx_word' id='word_1_613' title='bbox 1723 2927 1799 2988; x_wconf 87' lang='lat' dir='ltr'><strong>quot·</strong></span> 
     </span>
     <span class='ocr_line' id='line_1_84' title="bbox 1025 3030 1799 3095; baseline 0.001 -14"><span class='ocrx_word' id='word_1_614' title='bbox 1025 3035 1086 3095; x_wconf 88' lang='lat' dir='ltr'><strong>quot</strong></span> <span class='ocrx_word' id='word_1_615' title='bbox 1100 3034 1171 3094; x_wconf 80' lang='lat' dir='ltr'><strong>repat</strong></span> <span class='ocrx_word' id='word_1_616' title='bbox 1186 3033 1337 3092; x_wconf 70' lang='lat' dir='ltr'><strong>voluissent,</strong></span> <span class='ocrx_word' id='word_1_617' title='bbox 1356 3045 1458 3095; x_wconf 77' lang='lat' dir='ltr'><strong>magnus</strong></span> <span class='ocrx_word' id='word_1_618' title='bbox 1473 3037 1555 3081; x_wconf 88' lang='lat' dir='ltr'><strong>autem</strong></span> <span class='ocrx_word' id='word_1_619' title='bbox 1569 3030 1615 3081; x_wconf 85' lang='lat' dir='ltr'><strong>iuli</strong></span> <span class='ocrx_word' id='word_1_620' title='bbox 1627 3043 1745 3082; x_wconf 85' lang='lat' dir='ltr'><strong>uumerus</strong></span> <span class='ocrx_word' id='word_1_621' title='bbox 1755 3043 1799 3082; x_wconf 87' lang='lat' dir='ltr'><strong>co·</strong></span> 
     </span>
     <span class='ocr_line' id='line_1_85' title="bbox 1025 3137 1801 3199; baseline 0 -13"><span class='ocrx_word' id='word_1_622' title='bbox 1025 3151 1080 3187; x_wconf 92' lang='lat' dir='ltr'>rum</span> <span class='ocrx_word' id='word_1_623' title='bbox 1090 3138 1197 3199; x_wconf 85' lang='lat' dir='ltr'><strong>quicum</strong></span> <span class='ocrx_word' id='word_1_624' title='bbox 1210 3151 1239 3187; x_wconf 93' lang='lat' dir='ltr'>eo</span> <span class='ocrx_word' id='word_1_625' title='bbox 1250 3138 1363 3188; x_wconf 81' lang='lat' dir='ltr'><strong>lubenter</strong></span> <span class='ocrx_word' id='word_1_626' title='bbox 1381 3137 1547 3189; x_wconf 85' lang='lat' dir='ltr'><strong>discedebant.</strong></span> <span class='ocrx_word' id='word_1_627' title='bbox 1582 3138 1646 3188; x_wconf 75' lang='lat' dir='ltr'><strong>Cum</strong></span> <span class='ocrx_word' id='word_1_628' title='bbox 1666 3140 1751 3187; x_wconf 84' lang='lat' dir='ltr'><strong>autem</strong></span> <span class='ocrx_word' id='word_1_629' title='bbox 1769 3137 1801 3186; x_wconf 88' lang='lat' dir='ltr'>ad</span> 
     </span>
     <span class='ocr_line' id='line_1_86' title="bbox 1026 3242 1800 3307; baseline -0.001 -13"><span class='ocrx_word' id='word_1_630' title='bbox 1026 3242 1164 3294; x_wconf 81' lang='lat' dir='ltr'><strong>ianiculum</strong></span> <span class='ocrx_word' id='word_1_631' title='bbox 1183 3245 1248 3307; x_wconf 92' lang='lat' dir='ltr'><strong>qued</strong></span> <span class='ocrx_word' id='word_1_632' title='bbox 1268 3249 1372 3295; x_wconf 82' lang='lat' dir='ltr'><strong>vacatur</strong></span> <span class='ocrx_word' id='word_1_633' title='bbox 1392 3245 1529 3305; x_wconf 79' lang='lat' dir='ltr'><strong>venissent,</strong></span> <span class='ocrx_word' id='word_1_634' title='bbox 1542 3244 1607 3294; x_wconf 89' lang='lat' dir='ltr'><strong>uude</strong></span> <span class='ocrx_word' id='word_1_635' title='bbox 1627 3246 1705 3294; x_wconf 83' lang='lat' dir='ltr'><strong>Roma</strong></span> <span class='ocrx_word' id='word_1_636' title='bbox 1717 3243 1747 3294; x_wconf 87' lang='lat' dir='ltr'>iis</span> <span class='ocrx_word' id='word_1_637' title='bbox 1758 3244 1800 3306; x_wconf 88' lang='lat' dir='ltr'><strong>qul</strong></span> 
     </span>
     <span class='ocr_line' id='line_1_87' title="bbox 1026 3347 1799 3415; baseline -0.003 -14"><span class='ocrx_word' id='word_1_638' title='bbox 1026 3364 1058 3401; x_wconf 85' lang='lat' dir='ltr'>ex</span> <span class='ocrx_word' id='word_1_639' title='bbox 1066 3353 1163 3403; x_wconf 81' lang='lat' dir='ltr'><strong>Etruria</strong></span> <span class='ocrx_word' id='word_1_640' title='bbox 1172 3352 1273 3404; x_wconf 87' lang='lat' dir='ltr'><strong>veniunt</strong></span> <span class='ocrx_word' id='word_1_641' title='bbox 1284 3352 1391 3415; x_wconf 87' lang='lat' dir='ltr'><strong>primum</strong></span> <span class='ocrx_word' id='word_1_642' title='bbox 1405 3350 1560 3413; x_wconf 82' lang='lat' dir='ltr'><strong>conspicitur,</strong></span> <span class='ocrx_word' id='word_1_643' title='bbox 1571 3350 1654 3413; x_wconf 87' lang='lat' dir='ltr'><strong>aquila</strong></span> <span class='ocrx_word' id='word_1_644' title='bbox 1667 3347 1799 3412; x_wconf 88' lang='lat' dir='ltr'><strong>derepente</strong></span> 
     </span>
     <span class='ocr_line' id='line_1_88' title="bbox 1026 3451 1799 3520; baseline -0.005 -15"><span class='ocrx_word' id='word_1_645' title='bbox 1026 3454 1144 3508; x_wconf 84' lang='lat' dir='ltr'><strong>devolans</strong></span> <span class='ocrx_word' id='word_1_646' title='bbox 1166 3457 1257 3520; x_wconf 89' lang='lat' dir='ltr'><strong>pileum</strong></span> <span class='ocrx_word' id='word_1_647' title='bbox 1275 3468 1349 3518; x_wconf 84' lang='lat' dir='ltr'><strong>quem</strong></span> <span class='ocrx_word' id='word_1_648' title='bbox 1366 3454 1485 3516; x_wconf 87' lang='lat' dir='ltr'><strong>incapite</strong></span> <span class='ocrx_word' id='word_1_649' title='bbox 1505 3453 1617 3514; x_wconf 80' lang='lat' dir='ltr'><strong>gestabat</strong></span> <span class='ocrx_word' id='word_1_650' title='bbox 1637 3451 1760 3516; x_wconf 87' lang='lat' dir='ltr'><strong>abripuit,</strong></span> <span class='ocrx_word' id='word_1_651' title='bbox 1776 3455 1799 3501; x_wconf 90' lang='lat' dir='ltr'>et</span> 
     </span>
     <span class='ocr_line' id='line_1_89' title="bbox 1024 3555 1799 3626; baseline -0.01 -13"><span class='ocrx_word' id='word_1_652' title='bbox 1024 3576 1111 3613; x_wconf 87' lang='lat' dir='ltr'><strong>mrsus</strong></span> <span class='ocrx_word' id='word_1_653' title='bbox 1124 3576 1150 3612; x_wconf 91' lang='lat' dir='ltr'>se</span> <span class='ocrx_word' id='word_1_654' title='bbox 1171 3564 1197 3612; x_wconf 92' lang='lat' dir='ltr'>in</span> <span class='ocrx_word' id='word_1_655' title='bbox 1219 3562 1296 3611; x_wconf 89' lang='lat' dir='ltr'><strong>allum</strong></span> <span class='ocrx_word' id='word_1_656' title='bbox 1320 3558 1418 3609; x_wconf 89' lang='lat' dir='ltr'><strong>sustulit</strong></span> <span class='ocrx_word' id='word_1_657' title='bbox 1435 3571 1507 3621; x_wconf 69' lang='lat' dir='ltr'><strong>gyros</strong></span> <span class='ocrx_word' id='word_1_658' title='bbox 1521 3556 1632 3626; x_wconf 80' lang='lat' dir='ltr'><strong>ducens,</strong></span> <span class='ocrx_word' id='word_1_659' title='bbox 1650 3555 1799 3620; x_wconf 85' lang='lat' dir='ltr'><strong>eumquein</strong></span> 
     </span>
     <span class='ocr_line' id='line_1_90' title="bbox 1026 3660 1799 3729; baseline -0.01 -11"><span class='ocrx_word' id='word_1_660' title='bbox 1026 3669 1089 3718; x_wconf 90' lang='lat' dir='ltr'><strong>aeris</strong></span> <span class='ocrx_word' id='word_1_661' title='bbox 1105 3667 1248 3718; x_wconf 81' lang='lat' dir='ltr'><strong>circumfusi</strong></span> <span class='ocrx_word' id='word_1_662' title='bbox 1263 3664 1428 3729; x_wconf 81' lang='lat' dir='ltr'><strong>profunditate</strong></span> <span class='ocrx_word' id='word_1_663' title='bbox 1442 3661 1575 3712; x_wconf 86' lang='lat' dir='ltr'><strong>occultavit</strong></span> <span class='ocrx_word' id='word_1_664' title='bbox 1589 3678 1595 3708; x_wconf 89' lang='lat'><strong>:</strong></span> <span class='ocrx_word' id='word_1_665' title='bbox 1610 3660 1698 3710; x_wconf 86' lang='lat' dir='ltr'><strong>deinde</strong></span> <span class='ocrx_word' id='word_1_666' title='bbox 1711 3674 1743 3710; x_wconf 84' lang='lat' dir='ltr'>ex</span> <span class='ocrx_word' id='word_1_667' title='bbox 1755 3660 1799 3710; x_wconf 90' lang='lat' dir='ltr'>im·</span> 
     </span>
     <span class='ocr_line' id='line_1_91' title="bbox 1026 3764 1797 3838; baseline -0.016 -13"><span class='ocrx_word' id='word_1_668' title='bbox 1026 3775 1123 3838; x_wconf 85' lang='lat' dir='ltr'><strong>proviso</strong></span> <span class='ocrx_word' id='word_1_669' title='bbox 1131 3773 1220 3837; x_wconf 88' lang='lat' dir='ltr'><strong>pileum</strong></span> <span class='ocrx_word' id='word_1_670' title='bbox 1230 3771 1379 3821; x_wconf 88' lang='lat' dir='ltr'><strong>Lucumonis</strong></span> <span class='ocrx_word' id='word_1_671' title='bbox 1392 3768 1466 3831; x_wconf 87' lang='lat' dir='ltr'><strong>capiti</strong></span> <span class='ocrx_word' id='word_1_672' title='bbox 1478 3769 1534 3830; x_wconf 87' lang='lat' dir='ltr'><strong>apte</strong></span> <span class='ocrx_word' id='word_1_673' title='bbox 1546 3768 1574 3815; x_wconf 90' lang='lat' dir='ltr'>ut</span> <span class='ocrx_word' id='word_1_674' title='bbox 1589 3769 1646 3814; x_wconf 91' lang='lat' dir='ltr'><strong>aute</strong></span> <span class='ocrx_word' id='word_1_675' title='bbox 1656 3779 1743 3816; x_wconf 90' lang='lat' dir='ltr'><strong>rursus</strong></span> <span class='ocrx_word' id='word_1_676' title='bbox 1754 3764 1797 3814; x_wconf 93' lang='lat' dir='ltr'>im·</span> 
     </span>
     <span class='ocr_line' id='line_1_92' title="bbox 1026 3869 1797 3942; baseline -0.012 -15"><span class='ocrx_word' id='word_1_677' title='bbox 1026 3878 1116 3942; x_wconf 87' lang='lat' dir='ltr'><strong>posuit.</strong></span> <span class='ocrx_word' id='word_1_678' title='bbox 1149 3879 1262 3940; x_wconf 78' lang='lat' dir='ltr'><strong>(luraque</strong></span> <span class='ocrx_word' id='word_1_679' title='bbox 1290 3875 1314 3924; x_wconf 86' lang='lat' dir='ltr'>id</span> <span class='ocrx_word' id='word_1_680' title='bbox 1335 3872 1472 3938; x_wconf 77' lang='lat' dir='ltr'><strong>prodigium</strong></span> <span class='ocrx_word' id='word_1_681' title='bbox 1492 3869 1606 3920; x_wconf 91' lang='lat' dir='ltr'><strong>omnibus</strong></span> <span class='ocrx_word' id='word_1_682' title='bbox 1627 3869 1797 3919; x_wconf 88' lang='lat' dir='ltr'><strong>admirandum</strong></span> 
     </span>
     <span class='ocr_line' id='line_1_93' title="bbox 1026 3973 1797 4048; baseline -0.012 -16"><span class='ocrx_word' id='word_1_683' title='bbox 1026 3985 1052 4033; x_wconf 90' lang='lat' dir='ltr'>et</span> <span class='ocrx_word' id='word_1_684' title='bbox 1061 3985 1148 4047; x_wconf 83' lang='lat' dir='ltr'><strong>praeter</strong></span> <span class='ocrx_word' id='word_1_685' title='bbox 1160 3980 1299 4044; x_wconf 89' lang='lat' dir='ltr'><strong>opinionem</strong></span> <span class='ocrx_word' id='word_1_686' title='bbox 1312 3977 1475 4042; x_wconf 85' lang='lat' dir='ltr'><strong>apparuisset,</strong></span> <span class='ocrx_word' id='word_1_687' title='bbox 1497 3973 1647 4025; x_wconf 83' lang='lat' dir='ltr'><strong>Lucumonis</strong></span> <span class='ocrx_word' id='word_1_688' title='bbox 1659 3988 1732 4048; x_wconf 77' lang='lat' dir='ltr'><strong>uror,</strong></span> <span class='ocrx_word' id='word_1_689' title='bbox 1750 3988 1797 4024; x_wconf 93' lang='lat' dir='ltr'><strong>uo·</strong></span> 
     </span>
     <span class='ocr_line' id='line_1_94' title="bbox 1024 4079 1797 4150; baseline -0.009 -12"><span class='ocrx_word' id='word_1_690' title='bbox 1024 4088 1088 4138; x_wconf 91' lang='lat' dir='ltr'><strong>mine</strong></span> <span class='ocrx_word' id='word_1_691' title='bbox 1100 4086 1230 4150; x_wconf 85' lang='lat' dir='ltr'><strong>Tanaquil,</strong></span> <span class='ocrx_word' id='word_1_692' title='bbox 1247 4100 1262 4134; x_wconf 89' lang='lat' dir='ltr'>a</span> <span class='ocrx_word' id='word_1_693' title='bbox 1279 4082 1410 4133; x_wconf 81' lang='lat' dir='ltr'><strong>maioribus</strong></span> <span class='ocrx_word' id='word_1_694' title='bbox 1419 4085 1546 4132; x_wconf 85' lang='lat' dir='ltr'><strong>Etruscam</strong></span> <span class='ocrx_word' id='word_1_695' title='bbox 1562 4079 1728 4143; x_wconf 89' lang='lat' dir='ltr'><strong>auspiciorum</strong></span> <span class='ocrx_word' id='word_1_696' title='bbox 1745 4079 1797 4131; x_wconf 91' lang='lat' dir='ltr'><strong>dis·</strong></span> 
     </span>
     <span class='ocr_line' id='line_1_95' title="bbox 1025 4176 1798 4249; baseline -0.01 -13"><span class='ocrx_word' id='word_1_697' title='bbox 1025 4185 1137 4249; x_wconf 89' lang='lat' dir='ltr'><strong>ciplinam</strong></span> <span class='ocrx_word' id='word_1_698' title='bbox 1161 4183 1221 4233; x_wconf 84' lang='lat' dir='ltr'><strong>lene</strong></span> <span class='ocrx_word' id='word_1_699' title='bbox 1237 4182 1343 4240; x_wconf 85' lang='lat' dir='ltr'><strong>edocta,</strong></span> <span class='ocrx_word' id='word_1_700' title='bbox 1359 4180 1440 4243; x_wconf 90' lang='lat' dir='ltr'><strong>ipsum</strong></span> <span class='ocrx_word' id='word_1_701' title='bbox 1463 4190 1572 4228; x_wconf 90' lang='lat' dir='ltr'><strong>seorsum</strong></span> <span class='ocrx_word' id='word_1_702' title='bbox 1589 4176 1723 4227; x_wconf 85' lang='lat' dir='ltr'><strong>abductum</strong></span> <span class='ocrx_word' id='word_1_703' title='bbox 1744 4191 1798 4228; x_wconf 85' lang='lat' dir='ltr'>am·</span> 
     </span>
     <span class='ocr_line' id='line_1_96' title="bbox 1024 4288 1798 4358; baseline -0.01 -13"><span class='ocrx_word' id='word_1_704' title='bbox 1024 4294 1121 4358; x_wconf 78' lang='lat' dir='ltr'><strong>plexaia</strong></span> <span class='ocrx_word' id='word_1_705' title='bbox 1132 4297 1178 4352; x_wconf 82' lang='lat' dir='ltr'><strong>cst,</strong></span> <span class='ocrx_word' id='word_1_706' title='bbox 1191 4291 1317 4354; x_wconf 90' lang='lat' dir='ltr'><strong>etoptimn</strong></span> <span class='ocrx_word' id='word_1_707' title='bbox 1327 4303 1425 4354; x_wconf 88' lang='lat' dir='ltr'><strong>sperare</strong></span> <span class='ocrx_word' id='word_1_708' title='bbox 1443 4288 1514 4338; x_wconf 91' lang='lat' dir='ltr'><strong>iussit</strong></span> <span class='ocrx_word' id='word_1_709' title='bbox 1524 4291 1648 4349; x_wconf 88' lang='lat' dir='ltr'><strong>tamquam</strong></span> <span class='ocrx_word' id='word_1_710' title='bbox 1658 4302 1688 4338; x_wconf 83' lang='lat' dir='ltr'>er</span> <span class='ocrx_word' id='word_1_711' title='bbox 1703 4288 1798 4352; x_wconf 85' lang='lat' dir='ltr'><strong>privata</strong></span> 
     </span>
     <span class='ocr_line' id='line_1_97' title="bbox 1025 4398 1796 4461; baseline -0.001 -11"><span class='ocrx_word' id='word_1_712' title='bbox 1025 4402 1121 4450; x_wconf 77' lang='lat' dir='ltr'><strong>seduna</strong></span> <span class='ocrx_word' id='word_1_713' title='bbox 1137 4398 1169 4448; x_wconf 91' lang='lat' dir='ltr'>ad</span> <span class='ocrx_word' id='word_1_714' title='bbox 1183 4398 1273 4461; x_wconf 78' lang='lat' dir='ltr'><strong>regiam</strong></span> <span class='ocrx_word' id='word_1_715' title='bbox 1288 4400 1434 4460; x_wconf 86' lang='lat' dir='ltr'><strong>potestatem</strong></span> <span class='ocrx_word' id='word_1_716' title='bbox 1450 4411 1593 4449; x_wconf 85' lang='lat' dir='ltr'><strong>erasurum.</strong></span> <span class='ocrx_word' id='word_1_717' title='bbox 1620 4398 1702 4448; x_wconf 87' lang='lat' dir='ltr'><strong>Suasit</strong></span> <span class='ocrx_word' id='word_1_718' title='bbox 1714 4400 1796 4449; x_wconf 79' lang='lat' dir='ltr'><strong>lanan</strong></span> 
     </span>
     <span class='ocr_line' id='line_1_98' title="bbox 1024 4508 1794 4575; baseline -0.01 -12"><span class='ocrx_word' id='word_1_719' title='bbox 1024 4518 1053 4563; x_wconf 93' lang='lat' dir='ltr'>ut</span> <span class='ocrx_word' id='word_1_720' title='bbox 1066 4524 1166 4575; x_wconf 87' lang='lat' dir='ltr'><strong>operam</strong></span> <span class='ocrx_word' id='word_1_721' title='bbox 1178 4508 1248 4559; x_wconf 89' lang='lat' dir='ltr'><strong>daret</strong></span> <span class='ocrx_word' id='word_1_722' title='bbox 1259 4508 1389 4572; x_wconf 88' lang='lat' dir='ltr'><strong>imperium</strong></span> <span class='ocrx_word' id='word_1_723' title='bbox 1402 4512 1428 4557; x_wconf 93' lang='lat' dir='ltr'>ut</span> <span class='ocrx_word' id='word_1_724' title='bbox 1440 4523 1455 4558; x_wconf 92' lang='lat' dir='ltr'>a</span> <span class='ocrx_word' id='word_1_725' title='bbox 1472 4510 1586 4559; x_wconf 86' lang='lat' dir='ltr'><strong>Romanis</strong></span> <span class='ocrx_word' id='word_1_726' title='bbox 1598 4509 1739 4559; x_wconf 79' lang='lat' dir='ltr'><strong>nolentibus</strong></span> <span class='ocrx_word' id='word_1_727' title='bbox 1749 4508 1794 4556; x_wconf 89' lang='lat' dir='ltr'>im·</span> 
     </span>
     <span class='ocr_line' id='line_1_99' title="bbox 1025 4617 1595 4686; baseline -0.009 -15"><span class='ocrx_word' id='word_1_728' title='bbox 1025 4623 1148 4686; x_wconf 86' lang='lat' dir='ltr'><strong>petraret,</strong></span> <span class='ocrx_word' id='word_1_729' title='bbox 1161 4633 1189 4669; x_wconf 92' lang='lat' dir='ltr'>se</span> <span class='ocrx_word' id='word_1_730' title='bbox 1203 4632 1233 4668; x_wconf 90' lang='lat' dir='ltr'>oo</span> <span class='ocrx_word' id='word_1_731' title='bbox 1250 4618 1342 4668; x_wconf 89' lang='lat' dir='ltr'><strong>honore</strong></span> <span class='ocrx_word' id='word_1_732' title='bbox 1353 4617 1454 4680; x_wconf 77' lang='lat' dir='ltr'><strong>dignum</strong></span> <span class='ocrx_word' id='word_1_733' title='bbox 1467 4620 1595 4679; x_wconf 77' lang='lat' dir='ltr'><strong>prestans.</strong></span> 
     </span>
    </p>
   </div>
   <div class='ocr_carea' id='block_1_10' title="bbox 1022 4724 1797 5145">
    <p class='ocr_par' dir='ltr' id='par_1_12' title="bbox 1022 4724 1797 5145">
     <span class='ocr_line' id='line_1_100' title="bbox 1057 4724 1797 4790; baseline -0.009 -9"><span class='ocrx_word' id='word_1_734' title='bbox 1057 4734 1166 4781; x_wconf 87' lang='lat' dir='ltr'><strong>llLvlll.</strong></span> <span class='ocrx_word' id='word_1_735' title='bbox 1186 4729 1228 4779; x_wconf 91' lang='lat' dir='ltr'><strong>lile</strong></span> <span class='ocrx_word' id='word_1_736' title='bbox 1251 4743 1309 4778; x_wconf 86' lang='lat' dir='ltr'><strong>vero</strong></span> <span class='ocrx_word' id='word_1_737' title='bbox 1328 4730 1401 4779; x_wconf 79' lang='lat' dir='ltr'><strong>lutus</strong></span> <span class='ocrx_word' id='word_1_738' title='bbox 1417 4741 1446 4778; x_wconf 89' lang='lat' dir='ltr'>eo</span> <span class='ocrx_word' id='word_1_739' title='bbox 1467 4725 1594 4790; x_wconf 83' lang='lat' dir='ltr'><strong>prodigio,</strong></span> <span class='ocrx_word' id='word_1_740' title='bbox 1615 4740 1671 4775; x_wconf 93' lang='lat' dir='ltr'>cum</span> <span class='ocrx_word' id='word_1_741' title='bbox 1693 4727 1741 4775; x_wconf 91' lang='lat' dir='ltr'>iam</span> <span class='ocrx_word' id='word_1_742' title='bbox 1765 4724 1797 4774; x_wconf 87' lang='lat' dir='ltr'>ad</span> 
     </span>
     <span class='ocr_line' id='line_1_101' title="bbox 1024 4813 1795 4885; baseline -0.009 -17"><span class='ocrx_word' id='word_1_743' title='bbox 1024 4824 1120 4885; x_wconf 89' lang='lat' dir='ltr'><strong>portam</strong></span> <span class='ocrx_word' id='word_1_744' title='bbox 1140 4818 1277 4878; x_wconf 87' lang='lat' dir='ltr'><strong>accederet,</strong></span> <span class='ocrx_word' id='word_1_745' title='bbox 1300 4818 1361 4868; x_wconf 89' lang='lat' dir='ltr'><strong>dees</strong></span> <span class='ocrx_word' id='word_1_746' title='bbox 1373 4821 1489 4881; x_wconf 86' lang='lat' dir='ltr'><strong>precatus</strong></span> <span class='ocrx_word' id='word_1_747' title='bbox 1503 4819 1533 4864; x_wconf 91' lang='lat' dir='ltr'>ut</span> <span class='ocrx_word' id='word_1_748' title='bbox 1553 4814 1578 4862; x_wconf 91' lang='lat' dir='ltr'>id</span> <span class='ocrx_word' id='word_1_749' title='bbox 1594 4813 1731 4878; x_wconf 87' lang='lat' dir='ltr'><strong>auspicium</strong></span> <span class='ocrx_word' id='word_1_750' title='bbox 1753 4827 1795 4861; x_wconf 90' lang='lat' dir='ltr'>ra·</span> 
     </span>
     <span class='ocr_line' id='line_1_102' title="bbox 1023 4899 1796 4969; baseline -0.013 -10"><span class='ocrx_word' id='word_1_751' title='bbox 1023 4914 1076 4959; x_wconf 92' lang='lat' dir='ltr'>tum</span> <span class='ocrx_word' id='word_1_752' title='bbox 1090 4908 1197 4957; x_wconf 87' lang='lat' dir='ltr'><strong>iacerent</strong></span> <span class='ocrx_word' id='word_1_753' title='bbox 1209 4919 1331 4969; x_wconf 90' lang='lat' dir='ltr'><strong>suumque</strong></span> <span class='ocrx_word' id='word_1_754' title='bbox 1343 4904 1468 4955; x_wconf 90' lang='lat' dir='ltr'><strong>introitum</strong></span> <span class='ocrx_word' id='word_1_755' title='bbox 1485 4903 1647 4961; x_wconf 82' lang='lat' dir='ltr'><strong>tortumrent,</strong></span> <span class='ocrx_word' id='word_1_756' title='bbox 1664 4903 1699 4949; x_wconf 88' lang='lat' dir='ltr'>ita</span> <span class='ocrx_word' id='word_1_757' title='bbox 1710 4899 1796 4949; x_wconf 92' lang='lat' dir='ltr'><strong>urbem</strong></span> 
     </span>
     <span class='ocr_line' id='line_1_103' title="bbox 1022 4985 1795 5055; baseline -0.014 -10"><span class='ocrx_word' id='word_1_758' title='bbox 1022 4999 1060 5044; x_wconf 91' lang='lat' dir='ltr'>est</span> <span class='ocrx_word' id='word_1_759' title='bbox 1081 4995 1206 5055; x_wconf 85' lang='lat' dir='ltr'><strong>ingressus</strong></span> <span class='ocrx_word' id='word_1_760' title='bbox 1222 5005 1228 5035; x_wconf 79' lang='grc' dir='ltr'>ι</span> <span class='ocrx_word' id='word_1_761' title='bbox 1249 4996 1273 5041; x_wconf 90' lang='lat' dir='ltr'>et</span> <span class='ocrx_word' id='word_1_762' title='bbox 1287 4995 1388 5054; x_wconf 88' lang='lat' dir='ltr'><strong>postea,</strong></span> <span class='ocrx_word' id='word_1_763' title='bbox 1408 5004 1464 5039; x_wconf 93' lang='lat' dir='ltr'>cum</span> <span class='ocrx_word' id='word_1_764' title='bbox 1484 4989 1509 5038; x_wconf 87' lang='lat' dir='ltr'>in</span> <span class='ocrx_word' id='word_1_765' title='bbox 1527 4987 1674 5048; x_wconf 87' lang='lat' dir='ltr'><strong>colloquium</strong></span> <span class='ocrx_word' id='word_1_766' title='bbox 1688 4985 1795 5034; x_wconf 87' lang='lat' dir='ltr'><strong>venisset</strong></span> 
     </span>
     <span class='ocr_line' id='line_1_104' title="bbox 1023 5071 1795 5145; baseline -0.016 -14"><span class='ocrx_word' id='word_1_767' title='bbox 1023 5096 1079 5131; x_wconf 89' lang='lat' dir='ltr'><strong>curn</strong></span> <span class='ocrx_word' id='word_1_768' title='bbox 1098 5094 1154 5145; x_wconf 82' lang='lat' dir='ltr'><strong>rege</strong></span> <span class='ocrx_word' id='word_1_769' title='bbox 1166 5079 1271 5137; x_wconf 82' lang='lat' dir='ltr'><strong>llareie,</strong></span> <span class='ocrx_word' id='word_1_770' title='bbox 1286 5080 1394 5142; x_wconf 92' lang='lat' dir='ltr'><strong>primum</strong></span> <span class='ocrx_word' id='word_1_771' title='bbox 1411 5075 1543 5126; x_wconf 87' lang='lat' dir='ltr'><strong>declaravit</strong></span> <span class='ocrx_word' id='word_1_772' title='bbox 1554 5073 1692 5138; x_wconf 75' lang='lat' dir='ltr'><strong>quisesset.</strong></span> <span class='ocrx_word' id='word_1_773' title='bbox 1706 5071 1795 5121; x_wconf 88' lang='lat' dir='ltr'><strong>deinde</strong></span> 
     </span>
    </p>
   </div>
   <div class='ocr_carea' id='block_1_11' title="bbox 0 0 1890 5828">
    <p class='ocr_par' dir='ltr' id='par_1_13' title="bbox 0 0 1890 5828">
     <span class='ocr_line' id='line_1_105' title="bbox 0 0 1890 5828; baseline 0 1"><span class='ocrx_word' id='word_1_774' title='bbox 0 0 1890 5828; x_wconf 95' lang='lat' dir='ltr'> </span> 
     </span>
    </p>
   </div>
  </div>
 </body>
</html>
