3772 5828
204 295 264 357 ber
726 289 894 351 DlONYSll
917 290 1298 355 flttlctttlmssssrtsts

203 425 338 484 «πάντων
370 424 493 500 ἀξιοῦμεν
528 426 663 498 eptem)
640 410 784 500 ῶβουλή,
814 420 1052 502 micantes«
1039 451 1135 500 «hem
1163 441 1251 491 mm
1266 439 1414 504 conscripti
1429 437 1551 505 petimus,
1576 438 1648 505 qnod
1664 441 1709 493 ας
1723 444 1830 510 (ψη.

205 523 361 592 «πρᾶγμα,
383 513 449 589 ὅπερ
472 511 568 570 tori
554 509 735 585 οικιιιότατον,
758 509 807 582 τὴν
837 509 903 590 trip
930 514 982 570 τῶν
1038 538 1143 587 smum,
1161 526 1273 577 utrobis
1290 526 1399 578 tribunis
1410 526 1560 591 ptcblsbanc
1571 525 1757 580 bustorum·
1747 534 1834 597 rnqni·

204 630 218 657 ιι
233 600 405 680 μηνυομίνων
420 600 529 672 ζήτησιν
544 603 587 680 ὑφ’
610 602 736 677 ἡμῶν”
702 623 753 659 των
776 599 921 679 δημάρχων
941 600 983 680 γί-

205 722 217 747 ι
231 698 332 753 νεσθαι.
374 690 465 770 Χωρλς
476 689 527 767 γάρ
542 696 588 749 τοῦ
605 687 707 747 δικαίου
728 685 773 745 καί
788 685 981 767 ἀκριόεστάτιις

163 791 177 828 ι
205 782 336 859 «ἀνάγκη
357 778 474 855 γίνεσθαι
495 777 631 850 ζητήσεις,
645 777 676 842 ἀς
693 776 725 834 ἂν
747 777 771 834 ci
792 774 983 842 κινδυνεύοντες

205 898 218 924 ι
233 869 300 948 ὑπὲρ
318 868 404 926 αὑτῶν
423 863 597 935 ποιήσωνται.
643 865 677 923 Ei
697 860 726 921 δί
747 885 813 930 τινες
827 863 900 939 iptio
917 865 982 923 είσιν

205 987 218 1011 ιι
232 947 282 1016 οἶοι
297 955 365 1032 μηδὲ
381 951 438 1013 καθ’
455 950 483 1009 δν
499 953 694 1029 εὐγνωμονεῖν,
716 951 785 1010 ἀλλὰ
809 951 876 1033 πρὸς
899 951 984 1011 ἀπαν-

206 1074 218 1099 ι
233 1068 280 1112 τας
293 1042 353 1108 τοὺς
367 1042 434 1120 ὑπὲρ
451 1045 497 1099 τοῦ
513 1040 598 1116 δήμου
617 1040 742 1117 λέγοντας
761 1040 981 1112 ἀντιτάττεσθαι,

205 1162 218 1188 ιι
232 1134 315 1207 ἡδίως
335 1133 365 1191 ἀν
381 1131 514 1206 πυθοίμην
525 1128 590 1208 παρ’
606 1132 710 1201 αὐτῶν,
730 1129 774 1188 ἀπὶ
785 1132 825 1208 τῷ
840 1128 980 1210 δυσχεραί·

152 1245 178 1284 ιιι
205 1251 218 1275 ιι
234 1245 307 1282 νουσι
319 1224 372 1279 τῶν
387 1217 545 1295 ἀξιουμίνων
566 1218 612 1277 καί
630 1218 657 1277 τί
677 1217 816 1294 μελλουσιν
838 1221 906 1295 ὑμᾶς
926 1217 983 1276 πεί·

204 1339 216 1362 ιι
230 1314 298 1370 θειν·
322 1308 422 1384 πότερα
447 1305 579 1383 μηδεμίαν
605 1312 737 1365 ποιεῖσθαι
764 1305 889 1380 ζήτησιν,
912 1303 981 1364 ἀλλά

205 1430 216 1451 ·‹
233 1399 362 1477 ὑπεριδεῖν
377 1395 452 1475 ἔργον
467 1393 535 1453 οὕτω
548 1392 618 1471 μίγα
630 1393 675 1453 καὶ
689 1394 782 1473 μιαρὸν
798 1393 842 1452 ίπὶ
855 1392 983 1474 τῷδήμῳ

205 1513 218 1533 ιι
233 1483 434 1558 συνιστάμενον,
451 1479 503 1540 Καί
537 1480 577 1547 τίς
602 1478 634 1538 ἀν
661 1479 720 1546 τοὺς
747 1484 831 1539 ταῦτα
859 1481 983 1556 λε’γοντας

206 1602 217 1625 ιι
235 1572 358 1649 ὑγιαίνειν
376 1571 500 1646 φήσειεν,
512 1571 571 1627 ἀλλ’
585 1570 643 1650 οὐχὶ
656 1568 855 1650 συνδιεφθάρθαι
870 1570 915 1628 καί
928 1592 982 1628 κοι-

153 1685 211 1722 ιιι
212 1665 322 1720 νωνιῖν
340 1664 386 1731 τῆς
405 1658 588 1767 συνωμοσίας,
605 1657 697 1717 ίπειτα
715 1657 779 1736 ὑπὲρ
792 1661 878 1716 αὑτῶν
899 1659 981 1717 istst·

204 1771 296 1826 ιιτας,
326 1746 370 1806 lun
397 1749 434 1825 μὴ
455 1746 583 1823 γίνωνται
608 1748 781 1828 καταφανεῖς,
805 1740 980 1807 ἀποσπεάδειν

203 1865 216 1890 ι
235 1836 283 1910 τὴν
307 1842 355 1911 τῆς
378 1837 502 1909 ἀληθείας
523 1835 653 1909 ἀξίτασιν;
685 1826 770 1903 οίς’
744 1858 792 1894 ουκ
814 1833 846 1893 ἀν
874 1833 982 1903 δικαίως

203 1953 216 1979 ιι
232 1926 388 2032 προσίχοιτε
415 1924 543 1996 δήπου
521 1948 564 1984 τον
579 1946 648 1984 νουν.
692 1920 789 1985 '‘it
755 1948 802 2033 της
817 1922 982 2003 διαγνώσεως

203 2042 216 2070 ι
233 2018 286 2076 τῶν
303 2015 475 2093 μηνυομένων
491 2013 541 2093 υθχ
562 2016 633 2091 ἡμᾶς
648 2001 714 2071 εἶναι
729 2011 832 2093 κυρίους
853 2011 980 2079 cirsiaco-

150 2133 177 2171 οι
203 2130 216 2157 ιι
231 2126 286 2177 σιν,
303 2103 371 2161 ἀλλά
385 2101 432 2174 τλν
450 2100 546 2177 βουλὴν
563 2102 609 2159 καλ
626 2100 686 2167 τοὺς
703 2098 833 2170 ὑπάτους,
839 2087 918 2159 [ι’
888 2118 932 2156 ουν
950 2097 982 2157 τὸ

203 2219 217 2245 ιι
235 2150 334 2251 κωλόον
353 2188 463 2247 ἔσται
440 2210 470 2246 το
484 2187 549 2247 atti
563 2192 641 2248 τοῦτο
654 2183 752 2245 καί
713 2209 773 2252 τους
787 2183 981 2288 προεστηκότας

204 2307 217 2331 ιι
233 2284 279 2337 τοῦ
297 2275 383 2353 δήμου
397 2276 531 2350 λίγειν,’
520 2276 564 2334 εάν
576 2299 641 2341 τινες
659 2277 688 2333 ἐκ
709 2278 762 2332 τῶν
776 2274 925 2348 δημοτικῶν
938 2272 981 2330 ἐπὶ

204 2395 216 2419 ιι
231 2370 285 2432 τοῖς
302 2365 410 2429 ὑπάτοις
426 2364 471 2423 καί
485 2369 518 2442 τῇ
532 2367 614 2445 βουλῇ
628 2362 768 2428 συστάντες
782 2362 918 2441 πράττωσι
932 2359 980 2430 τὴν

203 2460 276 2513 «τοῦ
296 2454 429 2515 συνεδοίου
450 2453 613 2525 κατάλυσην
632 2452 673 2512 ότι
689 2450 738 2524 τλν
755 2449 861 2525 περί
825 2473 877 2509 των
897 2450 980 2560 δημρ·

151 2557 177 2597 ει
204 2540 286 2595 ιιτῶν
309 2534 476 2604 ίξίτασεν’
447 2560 497 2594 αν
487 2558 541 2602 ους
564 2535 664 2595 δίκαιόν
688 2537 744 2595 iou
768 2539 900 2596 ποιεῖσθαι
923 2537 982 2603 τους

205 2653 217 2679 ιι
233 2624 454 2704 ἀνειληφότας
424 2649 474 2695 την
503 2649 548 2685 του
532 2624 650 2703 δημου
665 2625 803 2706 ρυλακόν;
826 2616 913 2688 Τί
883 2648 928 2685 ουν
951 2626 981 2684 tx

205 2742 218 2768 ιι
234 2713 327 2773 τούτου
354 2713 537 2789 συμόήσεται;
561 2714 703 2790 Μηδεμίαν
728 2715 836 2774 πώποτε
860 2712 982 2794 γενίσθαι

204 2835 217 2859 ιι
233 2805 342 2879 ζήτησιν
354 2805 413 2886 περὶ
431 2805 539 2883 μηθενὸς
549 2804 704 2887 πράγματος
720 2802 881 2884 ἀπορρήτου.
899 2800 981 2863 ’Alii

205 2923 217 2948 ιι
233 2894 292 2955 οὗτε
308 2900 385 2972 ἡμεῖς
408 2895 439 2952 ἀν
459 2901 542 2953 ταῦτα
560 2894 732 2970 ἀξιώσαιμεν·
759 2892 875 2959 ὕποπτος
896 2888 979 2972 γάρὴ

148 3008 175 3047 su
204 3011 217 3037 ιι
235 2985 386 3065 φιλοτιμία·
408 2988 481 3060 ὑμεῖς
495 3007 524 3041 τε
538 2985 585 3043 οὐκ
597 2981 629 3039 ἀν
644 2984 725 3060 ὀρθῶς
738 2992 855 3053 ποιοῖτε,
874 2987 927 3045 τοῖς
946 2978 980 3039 rt

204 3102 216 3125 ιι
230 3072 308 3151 teon
334 3071 403 3149 [otc]
427 3070 528 3135 ἀξιοῦσι
555 3073 613 3127 καθ’
634 3074 711 3143 ἡμῶν
737 3067 910 3148 προσέχοντες
934 3067 978 3126 τὸν

204 3189 214 3211 ιι
231 3165 307 3232 νοῦν,
323 3156 392 3216 ἀλλά
407 3181 505 3224 κοινους
520 3156 661 3234 Ιηγοόμενοι
680 3181 725 3227 της
739 3156 839 3224 πόλεως
859 3156 976 3265 ἐγθροός.

203 3277 215 3301 ιι
234 3250 316 3310 Οὐδι
292 3273 316 3306 εν
320 3248 344 3312 ὸς
360 3245 477 3324 μέντοιγε
492 3246 627 3319 οὔτως,ω
605 3239 745 3324 ῶβευλή,
761 3269 814 3312 τοις
825 3268 979 3327 πραγμασιν

203 3366 214 3390 ιι
230 3362 265 3403 ως
280 3360 376 3415 ταγους
390 3337 439 3395 tn
483 3334 564 3397 Ὁ
536 3357 586 3413 ιιρ
602 3335 717 3401 κινδυνος
732 3333 922 3411 δξὺς,καὶὴ
917 3335 980 3394 μίλ·

203 3454 215 3477 ιι
230 3427 304 3495 λησις
320 3428 365 3494 τῆς
386 3422 564 3504 ἀσραλείας
547 3447 630 3502 αωρος
647 3424 712 3481 ἕν’
686 3446 715 3480 ου
734 3420 892 3501 μίλλουσι
877 3425 977 3490 οεινοῒς.

202 3543 214 3567 ιι
229 3513 316 3575 Ὥστε
341 3513 446 3594 ἀρέντες
461 3514 492 3572 τὸ
506 3514 660 3592 φιλονεικεῖν
674 3513 720 3571 καὶ
742 3511 835 3591 λόγους
856 3511 977 3580 διεξιέναι

202 3633 214 3657 ιι
230 3608 362 3683 μακροὺς,
384 3602 531 3683 ·’,νηρίσασθε
549 3602 565 3661 ό
575 3627 600 3661 τι
615 3602 647 3662 ἀν
663 3605 727 3683 δοκῇ
744 3607 817 3682 κοινῇ
833 3602 973 3684 συμρέρειν

202 3721 214 3745 ιι
229 3693 291 3764 ἤδη,
309 3721 319 3743 ιι

242 3785 305 3842 llll.
327 3786 420 3840 Ταῦτα
443 3780 560 3849 εἰπόντος
575 3782 675 3855 αὐτοῦ,
694 3780 780 3852 πολλή
800 3804 838 3847 τις
853 3781 976 3851 ἔκπληξις

146 3887 173 3924 ιιι
202 3869 315 3948 κατέαγε
342 3894 370 3927 το
399 3871 530 3949 συνέδριον
555 3871 601 3929 καὶ
626 3871 780 3950 ἀμηχανία,
804 3870 977 3947 διελογίζοντό

201 3961 290 4017 τεκαὶ
314 3959 470 4019 συνελάλουν
495 3957 669 4033 ἀλληλοις,ί
655 3983 691 4026 ως
715 3958 833 4038 χαλεπὸν
855 3959 978 4033 ἑκάτερον

201 4067 249 4115 ην,
276 4047 319 4102 καὶ
342 4046 532 4126 rocu77orpsis
558 4071 610 4113 τοις
625 4046 772 4124 οηιιαργοις
797 4044 948 4114 ζητήσεις
936 4050 976 4128 ιμ’

201 4135 299 4191 ἑαυτιιν
322 4136 451 4194 ποιεῖσθαι
466 4136 527 4215 περὶ
541 4135 689 4193 κοινουκαλ
714 4132 831 4211 μεγάλου
848 4137 978 4247 πράγμα-

201 4245 259 4330 τρς,
274 4246 319 4279 και
334 4247 363 4279 το
382 4223 419 4300 μὴ
439 4234 595 4304 συγχωρεῖν.
642 4221 828 4289 Ὑποπτεόσας
844 4224 919 4281 δε’
891 4229 976 4285 αυτῶν

145 4331 171 4368 ιι
200 4310 246 4380 τὴν
260 4310 378 4421 γνώμην,
391 4338 486 4384 ανεστη
498 4339 549 4372 των
563 4317 633 4372 unu
624 4338 669 4372 ων
685 4312 761 4371 ἅτεο
719 4335 761 4393 εορ
763 4338 784 4383 ς,
800 4314 876 4380 Ιιίϊυς
892 4316 978 4375 litat

201 4401 266 4468 διος,
288 4425 331 4458 και
348 4401 403 4466 ile}
405 4403 556 4460 ετοιάδεπ
550 4402 676 4461 ιΟὐδέ
650 4426 752 4473 -ο,οικα
769 4401 924 4482 Οὐεργίνιε,
939 4405 977 4481 μή

201 4482 537 4562 cruciationum
558 4489 680 4548 ιιοινιονδν
704 4513 769 4547 ειναι
788 4516 834 4563 της
859 4515 977 4566 συνωμο-

201 4602 213 4626 ιι
229 4599 302 4646 σιας
321 4577 377 4647 ἣν
340 4580 406 4655 vc7’
424 4603 484 4652 υιιιν
501 4603 546 4637 και
562 4605 599 4638 τω
613 4602 785 4660 ινμωπρα
774 4604 818 4638 εσ
820 4580 976 4658 αιλγτε,

201 4694 212 4716 ιι
228 4664 285 4736 ἤτοι
301 4664 365 4742 ὑπὲρ
380 4669 495 4740 ἐμαυτοῦ
518 4669 619 4728 δεδιότα
640 4668 656 4739 ἢ
679 4672 731 4727 τῶν
749 4672 819 4745 ἐμῶν
835 4692 902 4734 τινος
918 4669 977 4746 [ὡς]

200 4781 211 4801 ιι
228 4754 320 4831 ἐνόχου
333 4761 389 4818 ταῖς
400 4755 494 4822 αἰτίαις
507 4755 594 4829 ὄντος,
610 4758 750 4818 ἀνεστάναι
771 4757 896 4815 τάναντία
917 4760 977 4830 ὑμῖν

200 4868 212 4890 ιι
229 4843 350 4916 ἐροῦντα·
377 4847 390 4899 ὁ
412 4843 462 4922 γὰρ
491 4845 544 4920 βίος
568 4846 677 4905 ἀπολύει
704 4871 736 4922 με
762 4847 849 4917 πάσης
865 4843 978 4922 ὑποψίας

200 4954 211 4975 ιι
227 4931 356 5000 τοιαύτης.
382 4929 413 4990 Ἃ
430 4930 457 4988 δὲ
477 4929 576 5007 νομίζω
590 4938 623 5011 τῇ
639 4957 666 4992 τε
686 4939 768 5013 βουλῇ
789 4935 834 4991 καὶ
848 4937 886 5012 τῷ
902 4931 978 5010 δήμῳ

200 5039 212 5061 ιι
228 5019 384 5094 συμφέρειν,
401 5021 454 5078 ἀπὸ
469 5026 514 5078 τοῦ
530 5020 670 5099 κρατίστου
685 5021 730 5078 καί
750 5022 812 5100 3373
828 5024 917 5090 πάσης
930 5023 977 5078 εὐ-

198 5124 211 5149 ιι
228 5100 335 5170 latria<
352 5109 411 5184 ἐρῶ.
430 5110 534 5167 Πολλοῦ
551 5111 651 5186 μᾶλλον
672 5109 698 5166 δὲ
714 5114 760 5165 τοῦ
778 5109 875 5175 παντὸς
891 5110 975 5187 ἆμαρ.

1039 615 1179 667 coitionem
1196 622 1280 668 restro
1301 616 1402 669 decreto
1418 616 1589 668 committatis.
1629 620 1700 670 Nam
1717 625 1829 684 preter-

1039 726 1051 756 ι
1066 723 1151 774 quam,
1163 712 1230 775 quod
1243 711 1297 776 ipsa
1305 711 1413 776 equitas
1425 710 1473 762 boc
1488 710 1614 776 postulat,
1628 725 1739 765 necesm
1749 716 1828 767 et'um

1038 821 1050 845 ι
1065 806 1113 863 est,
1125 802 1340 854 accuratissimam
1353 803 1538 868 inquisitionem
1558 802 1614 854 lieri
1630 803 1665 856 ab
1680 805 1749 869 illis.
1762 822 1827 872 quus

1039 916 1051 945 ιι
1067 898 1204 963 periculum
1217 900 1324 950 manime
1336 899 1423 963 tanqtt.
1456 899 1531 958 Quod
1544 900 1621 968 siqui
1632 904 1752 955 vestrum
1766 904 1825 956 nibil

1039 1013 1051 1036 ι
1066 996 1201 1057 maturari
1214 999 1332 1058 possunt,
1346 996 1391 1045 sed
1405 994 1566 1046 adversantur
1576 996 1708 1063 omnibus,
1720 998 1768 1063 qui
1781 1014 1826 1065 pro

1039 1106 1052 1128 ι
1068 1085 1138 1150 plebe
1151 1086 1244 1151 dicum,
1259 1086 1373 1138 lubenter
1390 1101 1422 1139 εκ
1442 1088 1493 1140 illis
1515 1102 1673 1154 quaterem,
1696 1092 1825 1157 quodnam

1039 1195 1052 1219 ι
1068 1178 1208 1227 ιιοεειοιιιιιι
1220 1179 1402 1241 postulatorum
1416 1179 1515 1245 indigne
1530 1180 1621 1243 ierant,
1633 1186 1663 1234 ct
1678 1182 1743 1248 quid
1753 1185 1824 1238 nobb

1040 1267 1166 1320 alaudem
1177 1267 1226 1318 sint
1243 1270 1349 1321 suasuri.
1383 1277 1421 1323 An
1439 1285 1470 1323 ne
1491 1272 1565 1324 ullam
1581 1273 1776 1339 inquisitionem
1790 1282 1824 1330 ia·

1039 1373 1052 1397 ιι
1066 1353 1169 1413 ciamus,
1182 1354 1226 1404 sed
1243 1356 1341 1406 tantum
1355 1356 1450 1407 lacinus
1469 1361 1496 1408 et
1509 1356 1572 1408 adeo
1584 1359 1712 1413 netarium
1727 1363 1755 1413 in
1771 1363 1821 1428 ple·

1040 1474 1053 1498 ιι
1066 1453 1123 1504 bem
1139 1454 1276 1505 condatum
1292 1456 1453 1523 negligamus⁴
1487 1461 1518 1509 lit
1532 1460 1650 1525 quisnam
1669 1476 1732 1514 sana
1742 1469 1822 1516 ιιιειιῑτ

1039 1565 1052 1591 ι
1065 1543 1185 1610 proditos
1198 1546 1289 1599 dixerit
1311 1561 1371 1613 eos,
1382 1549 1427 1614 qui
1446 1548 1483 1600 ita
1500 1550 1723 1618 loquanturque
1740 1557 1822 1620 putus

1040 1661 1111 1699 neus
1122 1645 1197 1698 simul
1217 1652 1367 1714 corruptos,
1388 1652 1416 1701 et
1435 1648 1549 1701 eiusdem
1569 1652 1751 1717 conjurationis
1767 1669 1819 1707 ease

1039 1760 1052 1785 ιι
1067 1739 1168 1792 socios:
1185 1739 1275 1791 deinde
1293 1739 1342 1792 sibi
1360 1739 1422 1808 ipsis
1438 1739 1570 1802 timentes,
1586 1756 1619 1793 ne
1630 1741 1783 1811 detegantur,
1802 1761 1817 1797 a

1040 1852 1052 1876 ιι
1066 1829 1179 1882 veritatis
1190 1830 1362 1894 inquisitiones
1371 1831 1523 1884 abhorrere?
1534 1831 1628 1899 qulbus
1639 1832 1712 1887 haud
1721 1851 1817 1903 acquum

1042 1943 1053 1966 ιι
1068 1923 1108 1972 est
1119 1934 1163 1971 ros
1175 1934 1250 1972 aures
1273 1925 1401 1989 prebere,
1414 1926 1436 1977 sl
1450 1925 1515 1976 torte
1532 1924 1600 1976 hane
1620 1925 1772 1981 indiciorum·
1783 1934 1819 1981 in·

1042 2038 1055 2062 ιι
1066 2019 1236 2082 quintiorum
1244 2018 1271 2066 ct
1285 2015 1449 2082 cognitionem
1461 2029 1511 2066 uun
1522 2014 1611 2079 uobis,
1625 2017 1672 2068 sed
1686 2020 1784 2071 seusun
1796 2027 1822 2072 et

1040 2132 1053 2156 ιι
1065 2109 1209 2162 oonsulibus
1243 2109 1444 2160 committendam
1482 2114 1608 2161 censeam
1650 2112 1717 2170 Quid
1753 2114 1819 2165 enirn

1040 2221 1052 2244 ιι
1065 2198 1196 2265 probibet,
1209 2213 1260 2263 quo
1276 2200 1359 2251 minus
1374 2199 1421 2266 ipsi
1442 2213 1544 2264 quoquc
1556 2200 1736 2266 tribuniplebis
1750 2203 1815 2254 idern

1041 2319 1053 2342 ι
1068 2299 1161 2359 dicant,
1174 2297 1247 2362 siqui
1269 2297 1368 2362 plebeii,
1385 2295 1450 2345 lacta
1461 2292 1637 2359 conspiratione
1658 2293 1684 2343 in
1697 2295 1814 2346 mucules

1041 2410 1054 2432 ι
1067 2395 1094 2442 et
1102 2393 1198 2456 patres
1224 2391 1338 2439 senatum
1364 2386 1449 2437 tollere
1466 2385 1615 2437 murmure
1644 2398 1745 2450 anquam
1767 2387 1817 2437 sri-

1041 2484 1124 2535 slicet
1137 2498 1206 2545 esse,
1226 2485 1255 2534 ut
1276 2483 1330 2532 inec
1350 2479 1382 2530 de
1404 2477 1509 2543 plebeiis
1534 2476 1675 2530 bominibus
1691 2479 1819 2543 inquisitio

1040 2595 1053 2620 ι
1069 2575 1113 2627 liat
1127 2575 1232 2637 abillis,
1249 2573 1376 2639 quiplebis
1393 2572 1559 2637 patrocinium
1569 2574 1740 2638 susceperunt.
1770 2573 1817 2623 Sed

1041 2666 1128 2731 «quid
1151 2666 1207 2715 inde
1229 2665 1364 2729 sequetur?
1407 2665 1439 2712 Ut
1468 2660 1536 2711 nuda
1561 2675 1673 2727 uuquam
1694 2662 1727 2714 de
1748 2663 1822 2716 rebus

1041 2755 1172 2806 «occultis
1190 2754 1297 2819 questio
1315 2753 1444 2804 habeatnr.
1479 2752 1527 2804 sed
1541 2766 1625 2819 neque
1643 2768 1692 2806 nos
1702 2756 1758 2808 lraec
1767 2772 1820 2822 pos·

1041 2867 1054 2891 ιι
1067 2846 1204 2897 tularemus
1218 2848 1344 2910 (suspecta
1364 2844 1429 2895 enim
1443 2847 1481 2895 cst
1503 2844 1569 2896 tulis
1590 2846 1721 2912 ambitio),
1743 2860 1818 2913 neque

1040 2960 1053 2989 ι
1068 2953 1114 2991 vos
1131 2944 1197 2990 recte
1213 2941 1333 3000 feceritis,
1347 2940 1369 2990 si
1390 2940 1459 2997 istoc,
1474 2939 1547 3003 quia
1562 2939 1635 2991 nobis
1652 2955 1752 3009 semper
1768 2942 1816 2994 dis·

1041 3036 1185 3092 «sentiunt,
1214 3031 1367 3088 audiveritis,
1392 3028 1437 3079 sed
1455 3027 1476 3078 sl
1487 3041 1530 3079 eos
1552 3042 1703 3082 communes
1714 3032 1820 3084 ornum

1041 3128 1155 3178 «lrostes
1170 3126 1298 3177 duxeritis.
1334 3127 1362 3174 tn
1388 3121 1614 3188 praesumsero,
1644 3126 1735 3176 Patres
1754 3140 1819 3177 cons

1041 3218 1150 3281 scripti,
1169 3217 1401 3281 nulluremagisest
1412 3228 1482 3279 opus,
1498 3228 1575 3278 quam
1592 3215 1724 3268 celeritate
1738 3239 1745 3269 :
1757 3218 1818 3283 peri·

1040 3312 1154 3362 «culum
1169 3312 1234 3363 enirn
1250 3314 1289 3362 esi
1302 3323 1423 3375 praesens,
1444 3312 1471 3359 et
1487 3309 1613 3359 cunctatio
1627 3308 1652 3359 in
1668 3311 1749 3362 salute
1766 3325 1819 3362 cun

1040 3409 1187 3460 «servanda
1201 3411 1225 3458 in
1242 3407 1314 3460 mulis
1326 3422 1376 3458 non
1392 3404 1566 3457 cunctantibus
1579 3410 1618 3456 est
1636 3406 1816 3472 intempestiua.

1040 3519 1051 3543 ι
1067 3502 1170 3564 ltaque,
1183 3499 1283 3550 omissis
1298 3496 1495 3548 contentionibus
1505 3500 1531 3547 et
1540 3496 1646 3560 prolixis
1657 3497 1818 3555 orationibus.

1040 3609 1052 3639 ιι
1065 3592 1189 3644 decernite
1201 3593 1266 3654 iam,
1282 3590 1371 3656 quode
1387 3589 1512 3655 republica
1526 3590 1580 3640 tore
1589 3590 1740 3643 indicabitis.
1754 3614 1765 3634 ι

1069 3806 1122 3855 llll.
1144 3805 1189 3854 llis
1205 3805 1236 3854 nb
1246 3817 1277 3855 eo
1291 3803 1379 3861 dictis.
1390 3805 1475 3868 patrea
1488 3802 1559 3853 valde
1568 3801 1738 3868 obstupefacti
1752 3811 1817 3866 sunt.

1036 3899 1062 3943 et
1079 3894 1111 3943 ad
1130 3907 1243 3956 magnam
1258 3891 1352 3943 consilii
1373 3890 1480 3954 inopiam
1493 3889 1586 3941 redacti
1599 3906 1605 3936 :
1620 3894 1648 3939 el
1661 3903 1748 3943 secum
1766 3894 1819 3943 inec

1038 3973 1197 4036 reputabunt.
1226 3971 1373 4035 collatisque
1409 3971 1474 4020 inter
1497 3983 1525 4019 sc
1550 3968 1675 4033 capitibus
1705 3973 1818 4027 aiebant,

1038 4063 1172 4124 utrumque
1189 4073 1263 4123 grave
1280 4072 1313 4109 cc
1325 4058 1576 4122 periculorumesse,
1595 4061 1648 4107 tam
1661 4058 1819 4109 tribunoruin

1037 4150 1137 4201 arbitrio
1151 4149 1337 4212 inquisitionem
1353 4147 1385 4197 de
1406 4146 1504 4210 publiea
1521 4151 1546 4195 et
1565 4160 1654 4211 magna
1667 4161 1695 4198 re
1711 4149 1816 4212 permit-

1038 4242 1100 4296 tere,
1125 4252 1199 4301 quarn
1221 4250 1318 4300 rregure.
1352 4234 1400 4285 Sed
1428 4235 1455 4285 c.
1476 4233 1611 4296 Claudius,
1630 4235 1693 4286 aller
1713 4235 1815 4292 consul,

1036 4330 1175 4390 suspectam
1202 4324 1295 4373 liabens
1314 4338 1399 4372 eurum
1424 4325 1549 4380 mentem,
1567 4324 1682 4382 surrexit,
1696 4326 1772 4385 atque
1789 4322 1816 4371 in

1037 4413 1103 4463 hune
1118 4413 1217 4462 modum
1245 4412 1342 4460 locutus
1357 4414 1394 4460 est
1417 4429 1423 4458 ι
1441 4431 1452 4451 ι
1471 4413 1523 4459 iton
1538 4424 1635 4473 vereor,
1655 4409 1765 4471 i'irgini,
1782 4425 1817 4462 ne

1038 4516 1104 4551 «ine
1120 4502 1161 4551 isti
1186 4501 1363 4563 ‹eorrjurntionis
1388 4499 1533 4563 participem
1558 4513 1613 4549 esse
1632 4500 1818 4563 puteni,quam

1037 4608 1047 4629 ιι
1064 4592 1149 4637 corrtra
1162 4602 1205 4637 ros
1216 4591 1241 4637 et
1253 4588 1347 4651 piebem
1362 4587 1450 4637 lactum
1464 4585 1556 4645 dicitis,
1575 4587 1681 4650 ideoque
1697 4586 1737 4636 rel
1754 4589 1817 4638 milri

1036 4696 1047 4716 ιι
1066 4675 1206 4735 timentem,
1222 4676 1260 4724 rel
1278 4675 1352 4724 alicui
1374 4689 1405 4725 ex
1427 4675 1491 4725 meis
1509 4675 1568 4725 huic
1583 4678 1664 4741 culpae
1686 4677 1767 4735 altini,
1782 4680 1817 4728 ita

1035 4782 1047 4805 ι
1063 4765 1246 4824 surrexissent
1260 4767 1346 4814 contra
1356 4778 1400 4813 ros
1412 4763 1529 4814 dicerem.
1564 4767 1626 4815 Narra
1640 4767 1691 4815 rita
1705 4770 1818 4817 anteacto

1037 4871 1048 4894 ι
1066 4852 1096 4900 alr
1110 4852 1156 4901 hac
1171 4853 1309 4916 suspicione
1325 4866 1364 4902 rue
1380 4853 1450 4915 piune
1465 4852 1561 4902 liberal.
1596 4854 1669 4912 Quod
1689 4858 1774 4904 autern
1792 4856 1817 4905 in

1035 4961 1045 4981 ιι
1062 4954 1114 4988 rein
1129 4944 1228 4990 senatus
1244 4939 1377 5003 populique
1403 4940 1506 4990 liunrani
1522 4941 1572 4989 lore
1582 4941 1677 5004 judico,
1695 4943 1719 4991 it
1735 4944 1819 4994 animo

1036 5052 1047 5073 ιι
1063 5030 1229 5080 sincerissimo
1253 5033 1278 5079 et
1302 5030 1427 5081 liberrime
1446 5029 1534 5078 ilicum.
1571 5028 1658 5086 Valde,
1683 5030 1735 5081 lino
1760 5046 1819 5081 sero

1036 5139 1046 5160 ιι
1065 5122 1117 5168 toln
1143 5118 1203 5168 ιωΙιι
1229 5131 1310 5167 errare
1335 5117 1396 5166 inihi
1415 5118 1512 5168 ridetur
1528 5114 1669 5181 i'irginius,
1696 5119 1719 5169 si
1742 5133 1819 5184 quem
