3772 5828
141 308 200 369 1θὲ

140 436 200 499 οὔτε
220 432 294 499 πύλις
306 434 392 491 αὐτῶν
406 431 515 509 οὐδεμία
529 431 637 511 πολίμφι
649 434 808 510 κρατηθεῖσα
820 454 906 488 κατα-

142 526 245 602 σκαφῆς
266 520 282 589 i,
299 519 512 597 ἀνδραποδισμοῦ
531 517 550 587 ἢ
572 519 653 588 ἄλλης
673 519 739 582 τινδς
763 517 906 587 ἀνηκέστου

142 614 274 686 συμφορᾶς
288 605 428 681 ίπειραίθη·
442 602 502 660 ἀλλ’
513 603 670 681 ίμίαλόντες
682 605 716 668 είς
727 602 775 674 τὴν
787 604 907 674 ἀλλήλων

140 700 190 771 γῆν
208 691 260 750 tei
281 690 330 760 τὴν
354 689 443 767 ἀκμὴν
460 695 505 748 τοῦ
526 690 598 750 σίτου
619 690 664 750 καὶ
684 691 908 769 προνομεύσαντες

103 810 113 848 g
140 782 242 854 ἀπῆγον
261 777 303 836 ἐπ’
327 775 399 836 οἴκου
418 778 464 843 τδις
484 778 621 854 δυνάμεις,
636 777 829 855 διαμειδόμενοι
850 777 908 845 τυθς

140 866 336 944 αἰχμαλώτους.
380 865 451 925 Μίαν
464 866 492 922 δὲ
502 866 577 922 πολιν
592 867 622 923 ἐκ
632 869 677 923 τοῦ
690 864 811 925 Λατίνων
824 866 908 931 ἔθνους

141 953 329 1025 Μεδύλλειαν,
345 953 501 1032 παλαίτερον
516 950 554 1009 ίτι
569 951 709 1027 Ῥωμαίων
726 951 848 1010 ἀποικίαν
860 976 903 1030 γε·

138 1049 253 1127 νομίνην
269 1053 313 1112 liri
325 1056 372 1123 τῆς
383 1050 519 1124 Ῥωμύλου
534 1051 632 1126 ἀρχῆς,
645 1051 680 1113 ὡς
694 1049 721 1105 ἰν
733 1052 770 1128 τῷ
787 1048 838 1128 πρὸ
849 1046 909 1108 τυύ-

141 1160 188 1196 του
215 1140 353 1210 δεδήλωκα
375 1137 462 1213 λόγῳ,
490 1134 669 1211 μεταθεμένην
693 1126 764 1204 αθθις
791 1139 826 1202 ὡς
850 1135 909 1202 τοθς

103 1242 114 1281 υ
141 1228 273 1303 ὁμοεθνεῖς
282 1224 417 1305 πολιορκίη
429 1223 666 1300 παραστησάμενος
679 1225 755 1281 ὁτῶν
766 1222 909 1298 Ῥωμαίων

143 1314 265 1428 ξασιλεδς
279 1314 365 1373 ίπεισε
382 1308 462 1385 μηθίν
476 1308 513 1367 ἔτι
529 1310 704 1388 νεωτερίζειν·
721 1311 820 1370 ἄλλοθ’
836 1311 908 1372 aitte

143 1426 179 1459 ων
197 1403 221 1458 οἱ
240 1402 352 1475 πόλεμοι
368 1396 472 1473 φέρωσι
489 1397 580 1454 δεινῶν
602 1396 744 1476 οὐδετέροις
759 1399 785 1456 lv
799 1401 837 1478 τῷ
852 1399 910 1458 τότε

141 1486 239 1556 συνίίη
254 1485 351 1564 χρόνῳ.
393 1483 533 1561 Τοιγοίρτοε
549 1483 636 1563 ῥᾴδιαί
650 1508 678 1542 τε
693 1485 738 1544 καὶ
748 1484 821 1545 οθδλν
836 1486 911 1564 ἔγκο-

138 1596 182 1632 τον
208 1572 316 1650 ίχουσαι
337 1570 554 1651 προθυμηθίντων
568 1569 711 1648 Ῥωμαίων
734 1576 761 1632 αἱ
782 1574 910 1640 διαλύσεις

103 1678 112 1716 t
138 1661 355 1731 ίττετελίσθησαν.

177 1748 297 1808 XXXV.
315 1748 409 1807 Ταῦτα
418 1744 625 1824 διαπραξάμενος
635 1748 730 1819 ίπὶτῆς
745 1749 812 1818 ἰδίας
826 1753 911 1830 ἀρχῆς

139 1832 261 1911 βασιλεὺς
274 1834 375 1897 Τύλλος
385 1833 529 1904 Ὁστίλιος,
537 1833 603 1913 ἀνὴρ
612 1838 638 1894 ἐν
649 1834 745 1914 ὀλίγοις
755 1836 824 1906 ἄξιος
832 1839 907 1897 τύλο-

138 1923 239 2002 γεῖσθαι
252 1927 298 1993 τῆς
313 1925 337 1981 τ’
352 1922 489 1994 εὐτολμίας
504 1920 582 1979 ἕνεκα
596 1926 643 1993 τῆς
656 1923 719 2002 πρὸς
733 1923 766 1982 sd
781 1927 908 2002 πολέμια,

138 2011 184 2072 καί
202 2015 249 2081 τῆς
263 2009 410 2090 φρονήσεως
424 2011 471 2076 τῆς
485 2008 545 2087 περὶ
556 2009 591 2066 sd
603 2009 689 2082 δεινδι,
705 2011 770 2090 ὑπὲρ
790 2012 869 2091 ἄμφω
882 2013 909 2072 θλ

103 2112 112 2150 t
139 2106 240 2172 ταῦτα,
260 2097 300 2157 δτι
327 2100 355 2155 ού
373 2095 454 2174 ταχὺς
473 2091 511 2154 ὧν
532 2102 567 2163 είς
582 2098 695 2173 πόλεμον
714 2100 779 2158 ἰέναι
806 2101 911 2179 βίθαιος

138 2180 172 2260 ἦν
185 2184 315 2251 καταστίτς
328 2187 363 2247 είς
377 2183 454 2242 αύτδν
469 2185 496 2241 ἐν
509 2183 593 2244 ἅπασι
607 2189 657 2243 τῶν
671 2187 820 2246 ἀντιπάλων
833 2190 910 2268 προέ-

137 2298 206 2354 χειν.
249 2267 319 2342 'Em
335 2269 362 2327 δί
377 2270 520 2350 κατασχὼν
543 2270 590 2341 την
611 2271 694 2352 ἀρχὴν
710 2273 754 2333 δύο
771 2273 817 2333 καί
833 2276 908 2356 τριαί-

138 2385 217 2421 κοντα
233 2361 343 2438 τελευτᾷ
364 2357 408 2416 τὸν
429 2358 504 2437 βίον,
529 2362 724 2439 ἐμπρησθείσης
744 2365 790 2434 τῆς
811 2364 909 2432 οίκίας·

136 2451 182 2507 καὶ
201 2446 247 2509 σθν
267 2449 339 2525 αύτῷ
363 2447 429 2524 γυνή
451 2447 474 2506 τ’
491 2448 639 2507 ἀπυλλυται
657 2447 704 2509 καί
725 2448 803 2509 τέκνα
828 2451 874 2510 καλ
896 2456 910 2511 θ

103 2569 106 2591 ι
137 2538 214 2603 ἄλλος
241 2535 365 2601 οἰκετικὸς
388 2536 466 2615 ὄχλος
488 2535 558 2604 ἅπας
589 2537 765 2616 καταληφθείς
795 2539 846 2599 ὑπὸ
864 2544 910 2598 τοῦ

136 2626 225 2706 πυρός.
270 2626 499 2701 Καταπρησθῆναι
520 2623 547 2682 δὲ
572 2623 619 2696 τὴν
640 2625 725 2683 οἰκίαν
743 2631 767 2686 οἱ
788 2627 837 2703 μίν
859 2627 910 2686 θπδ

137 2715 267 2794 κεραυνῶν
281 2711 400 2789 λέγουσι,
415 2713 569 2786 μηνίσαντος
585 2717 630 2771 τοῦ
647 2719 704 2774 θεοῦ
721 2716 755 2773 δι’
771 2714 910 2795 ὀλιγωρίαν

138 2802 214 2877 ἱερῶν
228 2822 323 2856 τινων·
340 2802 455 2859 ἐκλιπεῖν
467 2800 518 2879 γθρ
531 2800 573 2859 ἐπὶ
590 2804 634 2872 τῆς
651 2802 735 2880 ἀρχῆς
750 2806 797 2874 τῆς
811 2803 910 2862 ίκείνυυ

138 2886 263 2965 πατρίους
286 2885 358 2952 τινδις
380 2887 486 2960 θυσίας,
508 2888 598 2966 ἑτέρας
619 2888 643 2945 δ’
666 2891 717 2967 οὐχ
744 2888 911 2968 ὑπαρχούσας

139 2974 294 3052 ίπιχωρίους
315 2973 459 3047 Ῥωμαίοις
479 2991 658 3052 παραγαγεῖν·
673 2976 697 3033 οἱ
714 2974 742 3032 δὲ
761 2976 866 3042 πλείους
885 2976 911 3043 ἐξ

138 3060 301 3143 ἀνθρωπίνης
313 3060 391 3141 φασίν
406 3061 545 3132 ἐπιδουλῆς
557 3063 588 3119 τδ
601 3061 683 3125 πύθος
697 3061 831 3139 γενέσθαι,
842 3065 908 3120 οἰνα-

136 3151 248 3216 ττθίντες
269 3151 299 3209 τὸ
319 3150 392 3229 ἔργον
422 3148 535 3228 Μαρκίῳ
553 3151 590 3227 τῷ
612 3151 669 3215 μετ’
692 3151 787 3207 ἐκεῖνον
804 3149 910 3227 ἄρξαντι

137 3244 183 3312 τῆς
199 3239 310 3304 πόλεως.
354 3239 456 3297 Τοῦτον
481 3238 530 3313 γὰρ
549 3237 578 3293 ίκ
593 3241 640 3308 τῆς
656 3238 735 3312 Νόμα
760 3239 910 3312 Πομπιλίου

137 3326 264 3406 θυγατρὸς
280 3326 417 3402 γενόμενον
434 3324 560 3402 ἄχθεσθαί
574 3326 597 3379 θ’
609 3326 650 3383 δτι
669 3328 698 3384 ἐκ
714 3324 847 3402 βασιλείου
861 3326 908 3403 γε’-

103 3441 109 3479 t
136 3438 194 3483 νους
207 3413 330 3496 πεφυκὼς
347 3412 424 3477 αὐτὸς
440 3411 544 3483 ἰδιώτης
556 3404 603 3485 ἦν,
628 3412 673 3471 καί
687 3411 760 3490 γίνος
773 3416 909 3496 ἐπιτρεφύ·

137 3525 213 3582 μενον
226 3508 329 3583 δρῶντα
343 3506 381 3581 τῷ
394 3506 492 3580 Τύλλῳ
507 3501 601 3568 παντὸς
615 3502 723 3578 μάλισθ’
742 3502 907 3583 ὑποπτεύειν,

137 3589 162 3650 εί
176 3613 202 3648 τι
219 3592 297 3648 πείθοι
310 3590 411 3655 Τύλλος
425 3594 460 3654 είς
475 3588 532 3654 τοὺς
548 3590 646 3649 ἐκείνου
661 3591 757 3655 παῖδας
772 3591 842 3661 ἥξειν
861 3592 909 3664 τὴν

137 3677 235 3759 δρχήν.
277 3679 370 3738 Ταῦτα
387 3677 418 3739 δὴ
443 3676 622 3751 διανοούμενον
645 3678 674 3733 ἐκ
693 3678 790 3735 πολλοῦ
814 3677 910 3746 στήσα·

140 3772 201 3825 σθαι
216 3765 283 3823 κατὰ
300 3770 344 3822 τοῦ
363 3764 490 3843 βασιλέως
510 3763 667 3839 ἓπιύουλὴν,
684 3765 796 3831 πολλοὺς
814 3764 908 3844 ἔχοντα

139 3852 282 3928 Ῥωμαίων
298 3852 357 3917 τούς
373 3854 664 3929 συγκατασκευάζοντας
683 3853 815 3930 αὐτῷτὴν
834 3856 909 3912 δυνα-

139 3943 239 4015 στείαν,
253 3941 326 4022 φίλον
342 3940 364 3998 δ’
379 3939 441 3998 ὄντα
449 3946 494 3998 τοῦ
506 3940 610 3998 ’Τύλλου
621 3940 666 3997 καὶ
678 3941 704 3995 ἐν
721 3949 772 4007 τοῖς
792 3941 909 4014 μάλιστα

138 4029 323 4105 πιστευόμενον
334 4027 493 4106 φυλάττειν,
505 4026 546 4084 ὅτε
561 4026 649 4105 καιρδς
662 4027 804 4096 ἐπιτήδειος
816 4031 909 4107 φανείη

139 4122 187 4189 τῆς
211 4121 359 4181 ἐπιθέσεως.
404 4116 551 4180 Μίλλοντος
575 4113 601 4172 δὲ
624 4122 670 4173 τοῦ
689 4115 795 4173 Τύλλου
819 4118 909 4176 θυσίαν

139 4198 198 4257 τινδ
212 4202 270 4257 κατ’
287 4192 356 4258 οἶκον
372 4205 515 4270 ἐπιτελεῖν,
531 4203 563 4273 ἣν
579 4202 672 4267 αὐτοὺς
687 4201 765 4274 μόνον
786 4202 909 4264 itatius

139 4284 200 4353 ταθς
213 4289 372 4361 ἀναγκαίους
387 4290 495 4360 εἰδέναι,
509 4290 553 4345 καὶ
568 4290 635 4344 κατὰ
651 4288 763 4363 δαίμονα
777 4294 824 4360 τῆς
839 4293 907 4366 ἡμέ-

141 4395 187 4452 ρας
208 4373 303 4442 ἐκείνης
317 4376 450 4452 χειμερίου
465 4376 563 4455 σφόδρα
575 4375 715 4451 γενομένης
736 4381 804 4435 κατοί
823 4382 847 4435 τ’
860 4381 909 4452 ὄμ-

139 4461 200 4539 ὄρον
215 4462 258 4519 καί
279 4461 360 4531 ζάλην
376 4463 420 4520 καί
435 4464 539 4534 σκότος,
555 4462 617 4521 ὥστ’
633 4464 731 4542 ἔρημον
744 4467 906 4548 ἀπολειφθῆ-

137 4571 181 4606 ναι
205 4549 248 4605 τδν
274 4550 324 4626 πρὸ
347 4554 392 4618 τῆς
417 4553 499 4617 υίκίας
522 4550 600 4609 τόπον
629 4554 680 4610 τῶν
708 4552 904 4631 φυλαττόντων,

139 4635 285 4706 ἐπιτήδειον
298 4638 521 4711 ύπολαμθοίνοντα
536 4637 580 4696 τὸν
596 4641 685 4717 καιρὸν
699 4637 756 4714 ἅμα
769 4645 822 4706 τοῖς
836 4644 908 4701 ἑταί-

103 4762 113 4801 ,
140 4745 192 4802 ροις
207 4725 313 4802 ἔχουσιν
333 4724 383 4781 ὑπὸ
404 4732 461 4791 ταῖς
475 4725 628 4805 περιύολαῖς
642 4728 675 4786 τδι
696 4726 755 4808 ίίφη
772 4731 910 4806 παρελθεῖν

139 4808 203 4868 τίσω
224 4815 276 4869 τῶν
291 4815 393 4894 θυρῶν·
414 4814 604 4872 ἀποκτείναντα
624 4815 650 4871 δὲ
665 4815 709 4871 τδν
731 4815 842 4892 βασιλέα
866 4816 911 4873 καί

139 4895 197 4967 rebe
208 4902 304 4967 παῖδας
319 4903 398 4959 αὐτοῦ
414 4901 459 4959 καὶ
474 4905 523 4959 τῶν
540 4901 624 4959 σίλλων
640 4901 708 4966 ὅσοις
722 4902 856 4980 ἐνέτυχεν,
871 4904 911 4959 ἐν·

139 4984 205 5044 εἶναι
221 4994 272 5066 πῦρ
287 4991 321 5055 εἰς
334 4987 382 5060 τὴν
395 4989 479 5047 οἰκίαν
495 4988 562 5045 κατὰ
577 4991 689 5053 πολλοὺς
703 4991 811 5053 τόπους·
826 4993 909 5044 ταῦτα

140 5072 168 5131 δί
186 5073 322 5150 προίίαντα
344 5078 388 5136 τὸν
403 5077 468 5158 ὑπὲρ
482 5080 528 5148 τῆς
549 5077 733 5155 κεραυνώσεως
756 5078 908 5154 διασπεῖραι

654 300 820 393 ΒΙΟΝΤΈΜ
842 300 1213 362 flnttcnurtnssttrtsts
1294 278 1298 285 ¹

962 444 1007 491 aut
1019 441 1042 490 in
1056 441 1202 491 servitutem
1213 439 1312 491 redacta
1323 444 1366 491 aut
1379 441 1460 505 aliqua
1471 443 1519 494 alia
1528 443 1655 494 insanabili
1666 446 1734 498 cala·

962 546 1048 597 mitate
1063 546 1153 597 allecta
1169 549 1227 596 est:
1248 544 1293 595 aed
1306 546 1466 609 irruptionem
1487 547 1605 598 iacientes
1623 550 1693 602 atteri
1709 553 1734 603 in

962 648 1096 699 alterorum
1109 663 1211 711 agrum,
1224 662 1274 711 qua
1290 651 1398 712 tempore
1418 650 1568 700 trumentum
1583 650 1614 700 ad
1630 654 1734 704 maturi·

961 754 1037 804 tatem
1049 753 1188 814 accederet,
1202 753 1394 817 populantesque
1406 752 1527 816 regionem
1545 753 1646 804 demum
1655 744 1759 807 reta-'¹³³

962 857 1048 908 cebant
1071 859 1154 922 capias
1171 858 1392 922 permutabantqua
1413 858 1532 922 captives.
1565 862 1644 910 Unam
1673 873 1733 911 rere

962 959 1048 1011 urbem
1057 961 1161 1011 nominis
1171 960 1249 1010 Latini
1259 942 1410 1021 Medulliar'a',
1419 976 1469 1027 qno
1480 963 1622 1028 iampridem
1631 963 1735 1016 Romam·

963 1067 1076 1127 regnante
1094 1066 1196 1115 ilemuio
1210 1066 1328 1116 colomam
1348 1066 1514 1128 deduxerant,
1530 1069 1595 1117 utin
1608 1068 1735 1132 superiora

962 1165 1026 1216 libro
1038 1180 1053 1215 a
1066 1181 1105 1217 me
1121 1167 1216 1218 dictum
1232 1172 1284 1230 est,
1294 1169 1352 1233 quia
1366 1182 1451 1219 rursus
1464 1170 1497 1220 ad
1509 1169 1634 1234 gentilium
1652 1172 1735 1233 partes

962 1267 1107 1328 transierat,
1121 1281 1165 1319 rea
1178 1270 1341 1318 Romanorum
1353 1269 1478 1319 obsidione
1489 1271 1654 1333 expugnatam
1665 1282 1680 1316 a
1694 1281 1734 1318 re·

963 1365 1010 1416 bus
1017 1367 1041 1416 in
1052 1370 1176 1430 pasterum
1185 1367 1303 1416 novandis
1311 1366 1433 1418 deterruit
1443 1386 1450 1416 ι
1462 1368 1557 1418 nullum
1568 1381 1626 1418 vcro
1635 1369 1735 1431 praeter·

963 1469 1109 1532 οαιυεΙυω,
1124 1471 1189 1533 quod
1198 1470 1261 1519 bella
1277 1484 1360 1520 secum
1378 1471 1670 1530 aiterrecunsuererunt,
1682 1469 1736 1518 toto

963 1571 1006 1621 ilio
1016 1575 1126 1636 tempore
1139 1571 1264 1622 alterutris
1277 1570 1374 1622 accidit.
1407 1574 1489 1630 Quare
1502 1571 1617 1622 Romanis
1629 1568 1735 1620 auctori·

964 1672 1011 1722 bus
1024 1685 1072 1735 pax
1085 1671 1163 1722 iacills
1175 1674 1199 1721 et
1214 1672 1304 1722 macera
1317 1673 1383 1724 lecta
1395 1677 1440 1724 est.

995 1775 1089 1824 xxxv.
1103 1776 1163 1824 Ηωο
1174 1773 1260 1823 Tullus
1272 1774 1391 1825 Hostilius
1402 1773 1471 1838 regni
1478 1773 1516 1824 sui
1525 1775 1635 1837 tempere
1646 1768 1732 1834 gessit,

964 1881 1002 1930 vir
1016 1880 1145 1945 singularis
1160 1886 1185 1933 et
1207 1882 1296 1933 eximia
1307 1881 1380 1931 laude
1391 1879 1493 1943 dignus,
1507 1892 1565 1930 eum
1577 1876 1610 1928 ob
1626 1877 1736 1928 murum

965 1988 1091 2035 strenuum
1103 1985 1128 2036 ln
1139 1986 1214 2036 rebus
1226 1984 1334 2041 bellicis,
1348 1988 1403 2034 tum
1414 1983 1446 2033 ob
1461 1980 1630 2046 prudentiam,
1642 1992 1692 2043 qua
1709 1977 1735 2027 in

964 2084 1078 2150 periculis
1087 2085 1203 2135 utebatur
1215 2103 1222 2133 ι
1235 2083 1357 2148 precipue
1369 2095 1429 2131 vere
1441 2080 1509 2145 quod
1532 2081 1557 2131 in
1568 2079 1633 2129 bello
1655 2076 1734 2128 susci·

963 2184 1051 2249 piendo
1070 2186 1151 2235 tentans
1164 2196 1193 2233 eo
1212 2184 1326 2246 suscepte
1344 2180 1370 2230 in
1388 2178 1501 2250 omnibus
1521 2177 1595 2229 rebus
1616 2177 1734 2226 adversa·

964 2285 1014 2335 rios
1032 2284 1167 2334 constantia
1180 2280 1320 2345 superabat.
1354 2282 1415 2332 dum
1427 2283 1509 2328 autem
1522 2280 1645 2340 regnasset
1658 2288 1735 2324 annos

964 2385 1063 2449 triginta
1073 2389 1099 2435 et
1111 2385 1185 2443 duos,
1199 2383 1259 2433 obiit
1270 2383 1343 2432 dorne
1355 2381 1467 2441 mcensa,
1484 2383 1510 2430 et
1524 2391 1581 2428 cum
1593 2390 1623 2427 ee
1633 2379 1659 2426 et
1672 2387 1735 2424 uror

964 2499 988 2544 et
1010 2493 1103 2554 reliqua
1122 2490 1257 2541 domestica
1274 2487 1349 2538 turba
1371 2484 1483 2536 mesndto
1501 2483 1633 2545 absumpta
1649 2478 1731 2543 periit.

963 2591 1070 2649 Quidam
1079 2594 1162 2641 autem
1171 2591 1240 2640 aiunt
1250 2590 1351 2640 domum
1361 2589 1463 2639 fulmine
1474 2587 1550 2637 ictam
1561 2587 1732 2650 contlagraase,

964 2695 1027 2744 irato
1041 2694 1087 2745 deo
1107 2694 1139 2744 ob
1156 2693 1311 2757 quonmdam
1327 2706 1454 2743 sacmrum
1470 2704 1555 2741 curam
1569 2690 1705 2754 neglectam
1726 2708 1734 2739 ι

964 2811 993 2847 eo
1002 2797 1067 2846 enirn
1078 2800 1193 2861 regnante
1202 2795 1318 2846 sacrificia
1333 2793 1447 2859 quiedam
1456 2792 1535 2856 patria
1548 2790 1697 2849 intermissa,
1710 2792 1735 2838 et

964 2897 1010 2947 alia
1022 2896 1136 2960 quiedam
1150 2896 1265 2947 Romanis
1283 2895 1371 2946 ritibus
1383 2908 1430 2943 nnn
1443 2896 1542 2957 recepta
1556 2891 1582 2941 in
1599 2890 1735 2955 rempubli-

964 3012 1017 3048 cam
1033 2998 1172 3048 introducta
1186 3011 1249 3048 esse.
1282 2996 1393 3059 Plerique
1409 3000 1492 3045 tamen
1504 2993 1529 3044 id
1545 2993 1610 3044 εἰει
1620 2993 1735 3044 humanis

964 3100 1058 3150 insidiis
1092 3098 1221 3162 corrtigisse
1249 3099 1329 3156 aiunt,
1356 3097 1449 3147 Marcie
1476 3091 1577 3153 lacinus,
1609 3093 1653 3156 qui
1680 3097 1737 3158 pest

964 3217 1019 3257 eum
1037 3202 1159 3265 regnarit,
1177 3199 1347 3249 attribuentes.
1380 3200 1452 3247 ttunc
1463 3197 1528 3245 euim
1538 3197 1626 3244 Numae
1638 3192 1735 3257 Pompi-

964 3298 990 3348 lii
1016 3311 1047 3348 cx
1066 3297 1115 3346 titis
1133 3299 1246 3358 nepotem
1274 3308 1337 3358 aegre
1358 3294 1427 3343 aiunt
1454 3293 1556 3351 tulisse,
1581 3291 1646 3355 quod
1670 3292 1736 3355 regia

964 3402 1039 3464 stirpe
1057 3402 1129 3449 natus
1146 3397 1256 3460 privatus
1277 3395 1390 3458 degeret;
1413 3395 1452 3453 et,
1475 3406 1531 3442 cum
1558 3391 1653 3442 rideret
1674 3391 1737 3440 tilios

963 3495 1033 3546 Tullo
1050 3507 1219 3554 succrescere,
1230 3494 1381 3557 suspicatum
1396 3504 1463 3551 esse,
1483 3489 1503 3538 si
1518 3490 1576 3552 quid
1594 3488 1736 3538 humanitus

964 3591 1034 3641 Tulin
1047 3589 1189 3649 accidisset,
1207 3589 1238 3638 ad
1250 3588 1304 3638 eius
1316 3586 1406 3638 liberos
1419 3599 1521 3649 regnum
1534 3584 1680 3634 devolutum
1694 3583 1733 3633 iri.

964 3690 1023 3738 llaec
1040 3689 1113 3748 igitur
1124 3688 1272 3751 cogitantem
1290 3685 1332 3734 diu
1353 3684 1405 3746 rugi
1420 3682 1521 3733 insidias
1541 3683 1663 3733 struxisse
1680 3696 1735 3731 cum

964 3785 1051 3835 multis
1067 3784 1191 3844 Romanis,
1206 3783 1249 3845 qui
1263 3782 1287 3830 in
1301 3793 1376 3844 regnu
1388 3778 1552 3843 comparando
1565 3792 1621 3828 eum
1631 3776 1735 3827 adiura-

966 3882 1038 3939 baut;
1062 3895 1167 3941 cumque
1191 3882 1257 3949 esset
1272 3877 1338 3926 Tulli
1362 3876 1454 3925 amicus
1470 3879 1499 3924 et
1519 3875 1582 3924 inter
1606 3874 1737 3925 fidissimus

964 3986 1114 4034 censeretur.
1138 3980 1283 4029 observasse
1302 3981 1400 4041 tempus
1416 3977 1482 4041 quod
1497 3977 1528 4026 ad
1544 3976 1735 4041 aggrediendum

963 4084 1128 4145 opportunum
1155 4077 1288 4128 rideretur.
1320 4080 1381 4127 cum
1402 4077 1486 4139 itaque
1506 4076 1594 4127 Tullm
1616 4076 1738 4127 domesti-

964 4196 1021 4232 cum
1033 4181 1156 4245 quoddam
1170 4182 1278 4231 tacturus
1292 4183 1358 4230 esset
1371 4179 1535 4239 sacrificium,
1549 4178 1616 4242 qued
1630 4178 1689 4228 solis
1699 4179 1736 4228 ta·

964 4281 1135 4331 miliarissimis
1152 4284 1236 4329 notum
1249 4294 1303 4330 esse
1318 4279 1428 4338 volebat,
1449 4281 1474 4327 et
1491 4280 1553 4328 torte
1567 4278 1609 4327 iilo
1619 4278 1659 4327 die
1671 4283 1736 4327 tern-

964 4384 1047 4444 pestas
1057 4384 1112 4428 orta
1123 4383 1188 4428 esset
1204 4392 1261 4428 cnm
1276 4378 1396 4428 imbribus
1418 4380 1442 4426 et
1454 4377 1567 4440 procellis
1587 4376 1736 4437 stratigius,

964 4481 999 4530 ita
1011 4486 1038 4531 ut
1052 4485 1131 4531 totum
1142 4481 1214 4544 regim
1226 4479 1376 4530 uestibulum
1390 4493 1405 4528 a
1417 4479 1561 4528 custodibus
1573 4476 1736 4537 desereretur,

964 4588 1095 4636 Marcium
1104 4587 1184 4631 ratum
1196 4583 1220 4631 id
1231 4582 1347 4631 idoneum
1357 4594 1411 4630 esse
1423 4585 1529 4643 tempus,
1540 4593 1596 4628 cum
1607 4578 1678 4626 sociis
1689 4580 1736 4630 sub

965 4690 1034 4735 reste
1049 4685 1141 4746 gladios
1164 4683 1316 4747 gestantibus
1336 4683 1400 4732 tores
1419 4680 1541 4729 introiisse
1558 4693 1640 4728 :casso
1653 4683 1737 4729 antem

965 4796 1020 4847 rege
1036 4782 1136 4843 eiusque
1148 4782 1229 4830 liberis
1240 4785 1264 4830 et
1276 4781 1330 4828 aliis
1342 4779 1366 4828 in
1381 4792 1443 4839 quos
1454 4776 1549 4837 incidit,
1562 4777 1642 4837 ignem
1655 4777 1679 4825 in
1693 4790 1737 4826 ra·

964 4887 1014 4937 rias
1029 4886 1121 4936 edium
1142 4889 1226 4947 partes
1242 4883 1367 4940 iniecisse,
1385 4886 1459 4943 atque
1473 4881 1520 4929 liae
1532 4893 1558 4929 re
1577 4882 1677 4943 peracta
1692 4891 1737 4928 ru·
1815 4880 1819 4889 '

965 4998 1059 5036 merem
1070 4983 1137 5032 illum
1151 4984 1181 5031 de
1195 4982 1302 5031 fulminis
1319 4981 1370 5029 ictu
1382 4979 1508 5040 sparsisse.
1543 4980 1593 5037 Ego
1605 4976 1738 5027 verebare

968 5084 1076 5133 inbutam
1090 5097 1136 5131 non
1156 5082 1273 5139 astruitis,
1293 5092 1367 5142 quam
1387 5090 1466 5139 neqrre
1480 5090 1563 5126 reram
1588 5088 1667 5138 neque
1684 5088 1738 5138 prn-
