3772 5828
589 352 884 426 anrloutrnruh
906 349 1052 411 λῖΟΜΑΝ.
1076 351 1146 410 LlB.
1169 351 1206 411 Χ.

110 495 166 562 δέος
182 485 213 562 ἦν
231 493 269 570 μὴ
288 491 366 562 πῖν’
352 510 368 549 α
371 491 438 598 ρχὴν
455 488 685 571 ἀραιρεθῶσιν,’
672 509 769 563 ασμενι
771 511 791 555 ις
808 484 888 553 δεξά-

110 607 182 663 μενοι
203 582 234 642 τδ
258 580 404 659 συμόδιν
389 602 442 638 απο
462 583 510 650 τῆς
525 580 622 657 τύχης,
641 576 683 636 τὸν
699 597 832 656 στρατιωτ
821 597 888 633 ικον

111 678 244 733 ἐποιοῦντο
265 669 429 747 κατάλογον,
444 666 490 727 καλ
508 665 681 746 μερισάμενοι
699 667 780 744 τριχῇ
795 663 842 729 τάς
862 685 889 720 τε

111 763 208 829 οῖκείας
221 759 298 820 καῖ
283 758 353 827 τὰς
343 758 417 838 napis
431 759 483 816 τῶν
499 755 649 836 συμμάχων
663 754 804 828 δυνάμεις,
822 748 887 829 μίαν

114 852 145 929 μὲ
148 878 161 908 ν
175 854 201 909 ἐν
216 875 249 930 τῃ
233 848 340 908 ”πόλει
353 855 447 927 μοῖραν
466 844 624 916 κατίλιπον,
640 834 704 914 ἧς’
692 847 780 920 ηγεῑτο
806 837 889 898 Κόῖν-

113 965 155 1006 τος
178 918 280 1004 (latina
295 935 472 1003 Οὐῖύολανός·
485 933 532 1000 τὰς
551 932 578 992 δὲ
599 930 692 997 λοιπδις
707 928 781 988 αὐτοὶ
797 950 889 1004 παρα-

112 1027 238 1093 λαύόντες
266 1024 374 1103 ἐξῄεσαν
398 1023 441 1080 διδι
466 1020 586 1101 ταχέων,
615 1018 657 1077 ίπλ
684 1017 732 1093 μὲν
761 1013 890 1081 Σαόίνους

114 1117 237 1191 Ναύτιος,
249 1113 293 1174 ἐπὶ
305 1115 332 1172 δὲ·
344 1109 473 1177 Αἰκανούς
488 1109 634 1179 Μηνύκιος.
679 1104 825 1184 Ἀμφότεροι
839 1103 890 1181 γὰρ

113 1229 196 1265 ταυτα
210 1203 244 1263 τά
255 1205 315 1275 ίθνη
331 1200 442 1261 κατδ“
418 1222 463 1258 τον
475 1198 553 1257 αὐτὸν
569 1196 664 1276 χρόνον
677 1193 830 1274 άρειστήκει
844 1195 891 1262 τῆς

113 1291 287 1367 Ρωμαίων’
273 1293 412 1370 αρχῆς,..
389 1284 498 1347 Σαόῑνοι
514 1282 561 1361 μὲν
578 1287 608 1342 ίκ
621 1303 744 1361 ρανερου,
755 1280 800 1337 καὶ
811 1276 890 1357 με’χρι

113 1379 344 1451 ψιδηνηςπόλιως
357 1375 477 1447 ἤλασαν,
489 1364 654 1452 ἧςῖκράτουν
671 1369 814 1444 Ρωμαῖοι·
831 1390 890 1424 τετ-

111 1471 259 1547 ταράκοντα
279 1468 336 1526 δ”
314 1465 380 1525 εισῖν
396 1462 476 1523 οίδιδι
496 1461 577 1538 με’σου
588 1465 640 1520 τῶν
656 1458 758 1518 πόλεων
778 1456 889 1517 στάδιοι

114 1559 222 1618 Αἰκανοὶ
238 1556 264 1614 δὲ
273 1556 369 1664 ,λόγιμ
384 1553 432 1630 μίν
448 1551 622 1633 φυλάττοντες
634 1549 713 1607 et
682 1572 728 1618 της
740 1547 834 1605 νεωστὶ
849 1567 889 1653 γε·

113 1650 222 1723 νομίιης
237 1643 392 1724 συμμαχίας
408 1640 498 1700 δίκαια
506 1639 599 1721 ,ἔργῳ
614 1639 641 1698 88
660 1638 706 1696 καῖ
721 1627 792 1695 οθτοι
805 1633 889 1714 πράτ-

115 1758 201 1802 τοντες
215 1738 296 1795 τδι
262 1759 313 1792 των
324 1732 469 1809 πολεμίων.
514 1730 578 1792 Ἐπὶ
593 1729 644 1808 γδιρ
659 1724 718 1794 τούς
733 1723 891 1803 συμμάχους

115 1828 200 1884 αὐτῶν
224 1823 381 1890 Λατίνους
369 1821 563 1902 εστράτευσαν,
580 1823 615 1884 ιἰς
629 1819 659 1876 οὐ
672 1817 825 1895 γενομένων
834 1814 890 1871 αύ-

113 1920 165 1977 τοῖς
182 1911 246 1992 πρδς
260 1911 370 1978 ίκείνους
381 1912 527 1988 ὁμολογιῶν
539 1908 599 1987 περὶ
615 1906 713 1988 ριλίας.
741 1903 847 1981 Ἠγεῖτο
862 1900 889 1958 δὲ

112 2005 158 2072 τῆς
169 1999 356 2079 στρατιᾶςίρ’
326 2022 423 2080 ρακχος
438 1998 558 2070 Κοίλιος,
572 1931 640 2077 άνὴρ
655 1993 820 2075 δραστήριος,
837 1992 888 2071 aip-

112 2093 155 2198 χῇ
165 2089 304 2164 κοσμηθεὶς
324 2088 487 2168 αὐτοκράτορ
490 2113 498 2146 ι
511 2086 569 2160 ,ἣν
582 2085 662 2144 irri⁸
638 2107 668 2143 το
685 2082 888 2164 βασιλικώτερον

112 2177 248 2257 εξήᾛγαγιν
293 2177 409 2244 Ἐλάσας
425 2177 452 2236 δὲ
473 2179 554 2256 με’χρι
573 2176 696 2237 Τύσκλου
718 2174 833 2245 πόλιως,
856 2172 888 2241 ἢν

112 2268 224 2328 Αῖκανοῖ
237 2292 277 2326 τω
258 2265 424 2377 πρόρθεν
412 2271 523 2345 ἐνιαυτῷ
534 2263 745 2340 καταλαόόμενοι
759 2261 805 2320 καῖ
818 2261 890 2339 διαρ·

111 2355 262 2427 πάσαντες,
281 2356 331 2411 ύπο
347 2352 489 2431 Ῥωμαίων
506 2324 722 2431 ίξεκρούσθησαν,
737 2347 817 2429 άνθρ
801 2371 888 2414 ωπους

111 2467 139 2503 τε
154 2441 265 2510 πολλοὺς
279 2445 357 2500 dn*
323 2466 374 2499 των
386 2446 473 2551 ἀγρῶν
489 2442 657 2547 συνήρπασε,
672 2463 717 2497 και
707 2436 889 2546 βοσκηματα

112 2530 161 2590 ὅσα
175 2528 321 2602 κατέλαύε,
331 2533 376 2586 καὶ
391 2529 451 2595 τοὺς
468 2528 583 2607 καρπούς
596 2532 643 2598 τῆς
654 2532 702 2604 γῆς
715 2529 774 2584 ίν
760 2529 831 2602 ακμῇ
847 2522 890 2581 όν-

56 2647 68 2684 2
113 2641 160 2684 τας
178 2619 301 2697 ἔφθειρεν.
346 2616 517 2696 ’λριιιομίνης
533 2617 559 2675 δὲ
583 2615 739 2696 πρεσόείας,
760 2615 792 2686 ἣν
806 2612 890 2674 άπάσ-

113 2708 197 2763 τειλεν
209 2710 226 2774 ἡ
240 2703 383 2781 Ῥωμαίων
397 2707 488 2784 βουλή,
505 2711 597 2781 μαθεῖν
612 2704 718 2773 ἀξιοῦσα
730 2704 754 2762 τί
766 2703 889 2768 παθόντες

113 2795 222 2854 Αἰκανοὶ
235 2794 381 2869 πολεμοῦσι
394 2794 447 2859 τοῖς
462 2791 606 2870 Ῥωμαίων
622 2792 790 2872 συμμάχοις,
802 2792 889 2872 φιλίας

110 2907 140 2943 τε
155 2883 240 2951 αὐτοῖς
255 2881 448 2959 ὀμωμοσμένης
463 2883 556 2941 νεωστὶ
569 2880 615 2940 καῖ
632 2881 733 2948 οὐδενός
748 2883 773 2939 ἐν
790 2883 828 2962 τῷ
840 2904 888 2960 μι·

112 2971 174 3040 ταξύ
196 2971 283 3053 χρόνῳ
305 2971 445 3049 γενομένου
463 2972 697 3053 προσκρούσματος
724 2971 777 3038 τοῖς
792 2971 887 3044 ἔθνεσι,

112 3061 157 3119 καὶ
182 3059 360 3139 παραινούσης
384 3065 423 3141 τῷ
452 3062 551 3141 Κοιλιῳ
575 3061 633 3127 τούς
656 3063 679 3117 τ’
704 3060 889 3139 αἰχμαλώτους

113 3152 213 3223 αὐτῶν,
230 3148 273 3216 οὓς
289 3140 376 3228 εἶχεν,
391 3148 496 3230 οῖριίναι
515 3150 560 3207 καὶ
578 3147 625 3220 τδν
640 3148 765 3228 στρατιὰν
778 3148 888 3226 ἀπάγειν

113 3238 157 3297 καῖ
171 3239 229 3319 περὶ
242 3231 277 3298 ὧν
296 3239 421 3311 ἠδίκησεν
435 3236 452 3307 ἦ
466 3237 616 3318 κατίύλαψε
635 3239 802 3302 Τυσκλάνους
815 3237 889 3309 δίκην

113 3328 252 3406 ὑποσχεῖν,
269 3325 351 3386 πολύν
365 3325 412 3404 μὲν
425 3327 518 3405 χρόνον
531 3326 658 3406 διέτριψεν
672 3331 686 3385 ό
701 3327 819 3407 Γράκχος
830 3329 888 3388 οὐδὲ

113 3417 148 3480 εἰς
172 3417 262 3493 λόγους
284 3424 336 3482 τοῖς
351 3414 522 3495 πρεαύευταῖς
541 3414 698 3495 ἐρχόμενος,
715 3418 749 3480 ὡς
764 3419 790 3473 ἐν
805 3420 890 3495 ἀσχο-

113 3503 182 3571 λίαις
202 3503 233 3575 δι’,
249 3528 301 3562 τισι
326 3502 449 3583 γεγονώς.
495 3503 572 3564 Ἐπεί
599 3502 625 3564 δὲ
642 3495 686 3562 τόν
711 3503 795 3571 ἔδοξεν
818 3508 890 3566 αὐτῶ

115 3592 255 3698 πρρσάγειν
269 3615 327 3659 τους
341 3591 476 3674 πρίσόεις,
492 3597 608 3652 κάκεῖνοι
622 3593 680 3658 τοὺς
701 3593 888 3663 ἐπισταλέντας

116 3681 165 3739 ὑπὸ
178 3705 222 3751 της
245 3681 339 3758 βουλῆς
356 3681 448 3760 λόγους
463 3680 611 3752 διεξῆλθον·
631 3705 646 3736 ι
660 3682 816 3755 Θαυμάζω,
834 3707 887 3761 ρη-

116 3770 199 3841 ισίν,
211 3772 297 3845 ὑμῶν,
313 3794 334 3827 ω
348 3768 492 3846 Ρωμαῖοι,
505 3794 529 3830 τι
523 3771 645 3845 ’δήποτ’
663 3772 713 3830 αὐτ
698 3769 738 3828 οὶ
751 3768 889 3846 μὲνάπαν·

117 3882 190 3925 ιιτας
205 3858 351 3938 ἀνθρώπους
365 3860 468 3937 ἡγεῖσθε
477 3861 631 3938 πολεμίους,
651 3884 695 3921 και
685 3852 785 3943 'tq‘
765 3886 802 3921 ων
815 3860 888 3920 οὐδὲν

62 3977 88 4013 ιιι
117 3974 129 4000 ιι
146 3948 226 4006 κακὸν
238 3950 400 4028 πεπόνθατε,
415 3951 500 4029 ἀρχῆς
513 3951 559 4009 καῖ
570 3950 717 4031 τυραννίδος
730 3950 816 4011 ἕνεκα·
839 3953 889 4011 Ai-

117 4064 128 4088 ιι
146 4038 232 4103 κανοῖς
247 4037 273 4096 δὲ
289 4040 318 4097 οὔ
331 4039 491 4118 συγχωρεῖττ
508 4040 581 4119 παρδι
596 4040 704 4099 τουτωνί
725 4042 888 4101 Ἰὐσκλάνων

116 4127 274 4205 ιέχθρῶν
259 4150 339 4185 οντων
354 4128 568 4206 ἀναπράττεσθαι
587 4128 679 4198 δίκας,
698 4129 835 4197 ούθενδς’
822 4131 885 4207 ημῖν

116 4213 376 4294 ιιδιωμολογημένου
400 4239 432 4274 πε
436 4214 513 4296 ρῖ’
483 4220 584 4288 αυτῶν,
607 4216 696 4275 θτε
670 4241 716 4284 τας
732 4218 798 4330 πρὸς
821 4221 889 4293 ὑμᾶς

115 4305 279 4381 ιίποιούμεθ
266 4309 298 4362 θα
322 4304 462 4376 συνθήκας.
510 4304 595 4364 iti8
564 4328 611 4381 μ.ν
629 4296 673 4364 ουν
688 4308 739 4363 τῶν
755 4305 889 4416 ὑμετέρων

59 4417 84 4454 ιι
114 4419 126 4445 ιι
145 4393 216 4452 ἰδίων
231 4367 378 4452 άδικεῖσθ’
334 4399 377 4452 θαι
393 4416 419 4451 τι
434 4392 599 4471 ἢβλάπτεσθ
602 4393 785 4472 αιλίγετε’
743 4418 777 4473 υρ
800 4397 888 4469 ἡμῶν,

115 4507 126 4532 ιι
142 4480 214 4539 ab*
190 4505 280 4541 οικαια
295 4480 422 4561 θρέξομεν
437 4485 499 4557 ὑμῖν
512 4484 581 4541 κατὰ
595 4480 642 4549 τδις
653 4484 807 4560 ὁμολογίας·
824 4507 846 4542 ει
838 4481 889 4540 ’δί

115 4595 126 4619 ιι
141 4571 202 4650 περὶ
216 4572 380 4631 Τυσκλάνων
393 4570 603 4679 άναπραξόμιμοι
614 4571 687 4638 δίκας
700 4570 793 4644 ἥκετε,
807 4569 890 4637 οὐθείς

115 4660 212 4717 ιὶστιν
229 4662 290 4737 ύμῖν
301 4660 366 4740 πρὸς
382 4658 427 4738 ἐμὲ
441 4660 502 4739 περὶ
522 4660 621 4717 τούτων
636 4660 730 4738 λόγος,
744 4658 812 4719 ἄλλά
823 4656 888 4737 πρὸς

115 4717 252 4818 «ταυτηνί
269 4750 374 4807 λαλεῖτε
399 4748 448 4821 τὴν
470 4747 571 4828 φηγόν·
589 4744 707 4816 ιδεῖξας
731 4770 818 4815 αυτοις
830 4771 889 4806 τινα

58 4862 85 4899 ,ο
116 4833 395 4915 πλησίονπερυκυῖαν.

154 4923 265 4982 llxlll.
297 4923 465 5000 Ρωμαῖοιδ
451 4923 479 4983 δῖ
511 4930 622 4984 τοιαῦτα
652 4924 817 5007 ύύρισθίντις
839 4923 889 4982 tat

112 5031 158 5069 του
175 5009 284 5089 ἀνδρὸς,
300 5013 348 5069 οὐκ
366 5011 438 5078 tribue
456 5014 522 5093 ὀργῇ
542 5011 806 5095 ἐπιτρίψαντες,ή
760 5011 806 5084 tbi
808 5034 889 5090 γαγον

111 5098 159 5172 τὴν
176 5099 321 5178 στρατιάν,
344 5098 413 5159 ellit
437 5099 483 5158 καῖ
502 5101 577 5161 δευτί
565 5125 626 5182 εραν
649 5105 684 5169 ίις
702 5100 779 5160 αὐτον
805 5099 889 5161 cirrin-

1661 356 1720 416 603

943 494 1108 555 arripuerunt,
1121 492 1285 558 delectusque
1297 494 1450 556 habuerunt,
1470 500 1496 546 et
1510 497 1592 560 copias
1605 502 1660 549 tum
1673 499 1722 550 do·

942 593 1067 653 mestieas,
1083 596 1160 643 tuma
1173 592 1246 643 sociis
1256 594 1353 654 missas,
1372 593 1492 643 trifariam
1502 594 1649 656 diviserunt,
1664 610 1721 662 par·

942 695 1040 756 temque
1067 705 1141 742 unam
1166 692 1199 742 ad
1224 693 1294 743 urbis
1317 693 1460 758 praesidium
1488 695 1657 758 reliquerunt,
1684 700 1724 750 cui

942 797 1048 859 praeerat
1071 796 1102 850 Q.
1131 792 1222 843 Fabius
1238 792 1389 856 Vibulanus,
1414 808 1471 845 curn
1503 797 1606 860 reliquis
1627 799 1725 852 duabus

944 895 1110 961 ipsicclcriter
1123 893 1228 958 profecti
1239 897 1306 953 sunt,
1319 895 1426 945 nautius
1435 895 1461 946 iu
1476 896 1588 959 Sabinos,
1600 898 1725 950 Minucius

945 996 1081 1059 iuAEquos.
1116 992 1203 1043 Ambae
1219 992 1283 1043 enirn
1307 993 1346 1043 ha
1367 999 1453 1057 gentes
1468 997 1556 1046 eodem
1572 999 1725 1062 temporeab

945 1097 1048 1161 imperio
1064 1096 1148 1161 populi
1173 1094 1276 1144 Romani
1292 1094 1455 1146 defecerant:
1474 1110 1503 1146 ae
1528 1097 1613 1148 Sabini
1626 1100 1725 1162 quidem

944 1204 1087 1270 propalam,
1106 1207 1133 1252 et
1145 1215 1224 1264 usque
1245 1200 1276 1250 ad
1300 1200 1418 1253 Fidenam
1432 1202 1535 1265 urbem,
1557 1204 1725 1268 quaesatio

946 1313 1066 1374 intestato
1079 1312 1259 1360 Rouranorum.
1277 1307 1376 1357 inerunt
1399 1325 1404 1356 :
1423 1307 1495 1371 (lineo
1517 1312 1601 1361 autern
1619 1313 1651 1362 ab
1664 1311 1725 1363 urbe
1824 1314 1828 1327 ¹

944 1417 1108 1482 quadraginta
1127 1414 1208 1465 stadia
1219 1414 1354 1476 distabat),
1367 1416 1438 1478 AEqui
1449 1430 1508 1467 vero
1524 1417 1610 1468 verbis
1623 1420 1724 1482 quidem

945 1521 1090 1571 societatem
1114 1532 1200 1569 recens
1216 1517 1303 1568 initam
1314 1519 1455 1579 servabant,
1471 1520 1545 1570 factis
1564 1522 1723 1584 semetipsi

946 1632 1068 1683 hostiliter
1098 1643 1125 1680 se
1149 1630 1272 1693 gerebant.
1307 1629 1402 1680 Latinis
1430 1631 1496 1681 enirn
1519 1631 1603 1694 populi
1624 1631 1727 1680 horrrani

946 1734 1028 1795 sociis,
1038 1732 1110 1797 quasi
1128 1745 1186 1781 curu
1204 1730 1344 1782 illisfoedus
1358 1746 1407 1781 non
1419 1732 1543 1793 fecissent,
1556 1733 1648 1784 bellurn
1657 1734 1725 1783 intu-

945 1834 1037 1886 lerunt.
1069 1831 1137 1882 rlhus
1148 1835 1234 1881 autem
1246 1834 1369 1882 exercilus
1384 1832 1436 1881 dux
1451 1836 1505 1882 erat
1520 1834 1647 1883 Gracchus
1669 1837 1727 1884 cu·

947 1939 1002 1995 lius,
1015 1937 1054 1986 vir
1063 1934 1173 1999 impiger,
1182 1934 1225 1998 qui
1241 1948 1365 1985 summum
1380 1935 1511 1999 imperium
1527 1935 1600 1986 adse
1617 1936 1727 1985 delatum

948 2038 1059 2104 proxime
1083 2035 1114 2085 ad
1139 2037 1301 2100 protestatem
1327 2036 1419 2098 regiam
1447 2038 1568 2086 evexerat.
1603 2037 1649 2085 llic
1668 2050 1726 2086 curn

947 2133 1059 2185 exercitu
1083 2131 1219 2181 Tusculum
1242 2144 1322 2193 usque
1347 2144 1497 2200 progressus,
1512 2132 1577 2196 quod
1597 2131 1727 2196 abAEquis

947 2236 1073 2300 snperiore
1083 2248 1147 2283 anno
1158 2236 1259 2298 captum
1272 2235 1299 2282 et
1308 2230 1433 2296 direptum
1450 2231 1566 2287 humani,
1577 2232 1624 2281 illia
1639 2232 1727 2297 expul-

947 2332 991 2394 sis,
1015 2333 1165 2394 receperant,
1188 2328 1267 2378 multa
1293 2325 1415 2389 mancipia
1440 2340 1471 2376 ex
1503 2328 1582 2389 agris,
1601 2331 1627 2378 et
1642 2342 1726 2392 pecus,

947 2427 1111 2494 quodeunque
1123 2429 1163 2477 est
1185 2430 1274 2476 nactus
1292 2423 1391 2487 abegit,
1408 2429 1434 2474 el
1447 2425 1529 2486 fruges
1544 2426 1595 2486 jam
1617 2429 1728 2476 maturas

947 2525 1064 2588 corrupit.
1099 2526 1183 2581 Quum
1196 2526 1281 2573 autem
1294 2523 1325 2572 ad
1334 2537 1390 2574 eum
1401 2522 1498 2584 legatia
1513 2525 1603 2572 senatu
1618 2526 1727 2574 llomano

946 2619 1161 2676 missisenisseut,
1189 2632 1304 2668 caussam
1329 2617 1467 2681 quaesituri,
1492 2631 1536 2668 cur
1550 2618 1623 2679 AEqui
1647 2619 1728 2669 socios

946 2715 1030 2780 populi
1042 2714 1144 2765 Romani
1172 2713 1237 2763 hello
1269 2715 1424 2773 infestarent,
1442 2727 1520 2777 quum
1539 2712 1622 2764 lodus
1640 2728 1727 2765 recens

946 2820 1024 2868 ictum
1040 2816 1135 2877 luisset,
1151 2829 1196 2865 nec
1206 2814 1299 2866 interea
1313 2813 1364 2865 ulla
1379 2815 1484 2865 offensio
1496 2816 1560 2866 inter
1569 2815 1629 2864 istas
1643 2818 1728 2879 gentes

947 2915 1095 2975 exstitisset,
1118 2918 1141 2965 el
1166 2913 1243 2967 Caelio
1262 2913 1362 2963 suasuri
1376 2916 1413 2973 ut,
1428 2916 1551 2977 quotquot
1575 2912 1680 2976 cepisset
1696 2912 1727 2963 de

947 3014 999 3064 suis
1008 3012 1157 3071 dimitteret,
1171 3013 1195 3059 ct
1208 3010 1347 3061 exereitum
1374 3010 1524 3073 abduceret,
1544 3012 1619 3072 atque
1633 3012 1728 3060 Tuscu·

946 3113 1008 3163 lanis
1018 3111 1051 3161 ob
1064 3109 1166 3175 injurias
1180 3108 1261 3159 ihatas
1272 3111 1298 3159 et
1312 3107 1402 3159 damna
1414 3107 1581 3170 satisfaceret,
1600 3108 1727 3159 Gracchus

946 3215 1051 3263 multum
1063 3212 1181 3277 temporis
1193 3209 1339 3267 consumsit,
1352 3212 1379 3259 et
1388 3221 1419 3257 ue
1428 3207 1454 3256 in
1466 3206 1614 3269 colloquium
1626 3206 1726 3268 quidem

946 3322 1004 3359 eum
1014 3307 1101 3372 legatis
1115 3306 1191 3367 uenit,
1207 3318 1234 3355 se
1249 3305 1274 3354 in
1294 3303 1443 3367 quibusdam
1459 3302 1563 3364 negotiis
1581 3305 1726 3365 occupatum

947 3420 1002 3458 esse
1009 3405 1136 3455 simulans.
1171 3402 1281 3454 Tandem
1294 3404 1388 3459 autem,
1401 3415 1479 3463 quum
1494 3403 1516 3449 el
1531 3402 1622 3463 legatos
1636 3399 1727 3449 allinit-

947 3506 1000 3555 tere
1018 3502 1163 3567 placuisset.
1180 3503 1205 3550 et
1225 3500 1260 3551 illi
1278 3503 1378 3551 senatus
1393 3498 1509 3548 mandata
1529 3494 1699 3561 exposuissent
1717 3514 1723 3545 ι

949 3614 960 3642 ι
976 3596 1098 3647 Βειιιῖτοι.
1113 3593 1200 3656 inquit.
1214 3608 1269 3653 vos,
1285 3594 1395 3651 Romani,
1410 3607 1455 3642 cur
1467 3605 1511 3641 ros
1521 3590 1562 3641 nel
1577 3606 1619 3643 cos
1630 3604 1725 3650 ornnes,

949 3700 1093 3766 «aquibus
1108 3696 1202 3748 uullarn
1216 3694 1331 3746 iniuriam
1345 3692 1488 3756 accepistis,
1500 3691 1595 3754 imperii
1608 3694 1633 3740 el
1643 3694 1727 3754 tyran·

949 3819 960 3848 ι
976 3799 1040 3850 nidis
1055 3796 1190 3861 eupiditate
1210 3806 1255 3857 pro
1275 3789 1389 3840 hostibus
1413 3788 1537 3853 lrabeatis3
1560 3788 1646 3851 AEquis
1666 3802 1726 3838 reru

948 3914 1027 3950 «non
1039 3895 1187 3964 permittatis
1201 3895 1232 3944 de
1240 3891 1296 3943 istis
1308 3889 1462 3949 Tusculanis,
1477 3889 1583 3939 inimicis
1594 3890 1653 3950 suis,
1669 3902 1725 3953 ρω-

949 4017 961 4041 ι
977 4010 1022 4047 nas
1032 4007 1143 4052 sumere,
1159 4005 1238 4057 quum
1254 3990 1321 4041 nullo
1341 3988 1414 4038 ruodo
1434 3988 1459 4037 in
1484 3986 1574 4038 foedere
1597 3989 1726 4038 vobiscum

949 4095 1043 4144 efacta
1057 4092 1105 4142 illis
1118 4091 1151 4141 sit
1162 4094 1271 4140 cautum.
1305 4086 1420 4150 siquam
1443 4084 1519 4148 igitur
1541 4084 1664 4149 injuriam,
1682 4094 1725 4135 aut

949 4191 1104 4250 «damnum,
1127 4187 1154 4237 in
1164 4185 1252 4236 vestris
1265 4183 1372 4248 propriis
1396 4182 1471 4231 rebus
1483 4196 1556 4231 rosa
1571 4183 1642 4232 nobis
1659 4197 1727 4233 arue-

948 4288 1044 4350 episse
1063 4285 1154 4345 dicitis,
1169 4281 1241 4332 nobis
1259 4293 1291 4330 en
1307 4279 1399 4328 laedere
1416 4278 1616 4329 satisfaciemus:
1638 4279 1680 4328 sed
1705 4280 1725 4327 sl

949 4398 961 4428 ι
975 4395 1016 4432 res
1028 4382 1224 4431 Tusculanorum
1235 4377 1367 4440 repetitum
1379 4376 1478 4434 venitis,
1490 4375 1522 4426 de
1533 4375 1573 4425 his
1589 4390 1619 4425 nc
1628 4388 1724 4425 mecum

948 4498 961 4529 ιι
975 4481 1061 4545 agatis,
1077 4479 1119 4530 sed
1135 4491 1193 4527 curu
1205 4476 1254 4526 ista
1264 4476 1319 4539 fago
1328 4472 1472 4535 loquamhni.
1484 4493 1497 4518 ι
1512 4476 1543 4524 Et
1558 4472 1631 4523 simul
1645 4484 1725 4535 quan·

946 4586 1003 4636 dam
1014 4584 1107 4651 [oquin
1120 4582 1258 4648 proximam
1266 4579 1287 4629 ci
1295 4576 1412 4628 ostendit.

976 4935 1067 4985 lllllll.
1091 4933 1201 4992 Romani,
1221 4933 1269 4985 bae
1284 4932 1435 4984 contumelia
1449 4930 1480 4980 ab
1502 4928 1543 4977 illo
1557 4925 1650 4982 affecti.
1675 4938 1724 4975 non

946 5022 1031 5073 statim
1045 5021 1083 5072 ira
1101 5022 1190 5087 perdh'
1203 5020 1288 5087 coplas
1305 5021 1462 5080 muranum
1484 5014 1528 5066 sad
1541 5017 1567 5064 et
1589 5013 1724 5064 secundam

946 5110 1107 5174 legationem,
1118 5113 1144 5162 et
1154 5102 1446 5183 ωετυεειιασεᾙστῖιῖεα
1466 5102 1500 5157 ad
1512 5114 1571 5155 euru
1588 5102 1722 5167 misenum,

113 5190 203 5248 τειλαν
218 5186 380 5270 πρεσόείαν,
403 5186 448 5247 καί
472 5187 531 5257 τούς
556 5190 691 5272 ρητιάλεις
712 5188 890 5269 καλουμίνους
939 5194 1144 5265 denegabimus
