3772 5828
185 312 246 375 606
710 306 876 367 DIONYSH
898 304 1279 367 HALICARNASSENSIS

184 466 227 512 τες
240 443 285 502 τὸν
300 439 422 520 Γράκχον
437 437 483 498 καί
498 436 558 504 τοθς
572 436 621 497 σθν
641 441 714 519 αὐτῷ
728 437 894 515 δεδεμένους·
912 441 960 496 αθ·

184 532 226 590 τοὶ
249 530 293 597 δὲ,
309 530 340 586 ri
366 526 436 584 ὅπλα
460 523 560 599 θέντες,
582 526 699 594 ἐξέλιπον
718 524 766 599 τήν
789 524 963 605 παρεμόολὴν

187 615 418 697 διαπορευόμενοι,
434 613 555 695 καθάπερ
568 618 584 674 δ
600 613 747 694 στρατηγὸς
770 615 904 684 ἐκέλευσε,
920 612 964 673 διδ

185 712 231 766 τοῦ
246 704 390 780 Ῥωμαίων
406 702 523 783 χάρακος
535 702 592 761 καθ’
608 702 654 762 ἕνα
670 704 720 761 ὑπὸ
737 706 828 779 ζυγὸν,
849 702 896 760 καί
915 700 963 771 τήν

147 829 160 865 ι,
188 794 326 875 Κορόιῶνα
340 790 410 852 κατά
423 791 471 859 τάς
485 792 625 870 ὁμολογίας
646 791 813 870 παρέδοσαν,
835 790 869 848 τθι
888 789 962 850 ε’λεύ·

186 894 248 966 θιρα
262 885 374 961 σώματα
402 882 480 960 μόνον
498 882 607 952 ἐξελθεῖν
633 879 822 958 αἰτησάμενοι,
841 880 908 961 ὑπὲρ
927 905 963 939 ων

185 974 326 1045 διήλλαξαν
342 972 400 1040 τοὺς
417 971 579 1033 Τυσκλάνων
593 969 789 1049 αἰχμαλώτους.

224 1065 315 1126 XXV.
339 1060 510 1137 Παραλαύών
526 1059 554 1120 δέ
572 1063 586 1117 δ
603 1053 723 1124 Κοίντιος
745 1059 795 1129 τήν
816 1058 909 1130 πόλιν,
930 1056 964 1115 τά

186 1154 233 1229 μὲν
247 1151 442 1234 ἐπιφανέστατα
457 1153 510 1208 τῶν
526 1148 650 1228 λαφύρων
664 1150 699 1213 εἶς
716 1145 828 1224 Ῥώμην
844 1144 964 1206 ἐκέλευσε

135 1269 160 1309 ιο
187 1243 285 1323 φέρειν,
309 1238 343 1298 τά
367 1238 394 1298 δέ
420 1239 488 1297 ἄλλα
510 1236 597 1296 πάντα
622 1233 753 1295 διελέσθαι
780 1233 851 1293 κατά
870 1233 965 1315 λάχους

185 1329 312 1409 ἐπέτριψε
325 1335 379 1395 τοῖς
393 1350 421 1385 τε
440 1324 487 1384 σθν
500 1327 572 1405 αὐτῷ
591 1325 815 1403 παραγινομένοις
830 1323 963 1402 στρατιώ-

186 1440 244 1482 ταις
257 1416 303 1477 καί
318 1422 371 1481 τοῖς
386 1414 443 1489 άμα
455 1413 570 1492 Κοϊντίῳ
581 1417 619 1492 τῷ
634 1412 719 1493 ταμίφ
730 1412 965 1491 προαποσταλεῖσι.

187 1510 249 1572 Ἰὀῑς
266 1505 292 1563 δέ
308 1504 375 1582 μετά
400 1505 538 1575 Μηνυκίου
556 1508 601 1562 τοῦ
616 1502 717 1560 ὑπάτου
737 1501 963 1560 κατακλιιαθεῖσιν

187 1597 213 1652 έν
227 1594 271 1672 τῷ
291 1593 390 1672 χάρακι
428 1592 546 1669 μεγάλην
571 1590 621 1672 ἔφη
647 1588 788 1650 δεδωκέναι
805 1588 905 1670 δωρεάν
929 1590 963 1649 τά

135 1708 159 1746 ru
186 1682 298 1758 σώματα
309 1684 395 1740 αὐτῶν
409 1683 439 1739 έκ
449 1680 559 1739 θανάτου
573 1680 727 1760 ῥυσάμενος.
745 1681 839 1739 Ταῦτα
850 1678 962 1758 πράξας,

186 1770 290 1830 καὶτὸν
311 1769 448 1841 Μηνύκιον
464 1767 607 1829 ἀποθέσθαι
622 1768 673 1841 τήν,
685 1767 771 1849 ἀρχὴν
794 1769 958 1848 ἀναγκάσας,

186 1860 341 1941 ἀνέστρεψεν
358 1862 393 1925 είς
414 1858 463 1929 τήν
479 1857 591 1933 Ῥώμην
615 1856 661 1917 καί
685 1855 820 1935 κατήγαγε
840 1857 962 1936 λαμπρό·

186 1972 263 2007 τατον
279 1948 404 2007 ἁπάντων
427 1945 564 2025 ἡγεμόνων
580 1945 723 2026 θρίαμθον,
748 1948 773 2005 ἐν
788 1947 900 2027 ἡμέραις
915 1950 963 2007 έκ-

187 2037 295 2095 καίδεκα
310 2037 367 2102 ταῖς
381 2035 492 2109 πάσαις,
508 2037 554 2117 ἀφ’
575 2028 607 2107 ής
630 2034 764 2117 παρέλαύε
787 2033 835 2108 τήν
859 2037 962 2118 ἀρχὴν,

133 2144 160 2181 au
186 2125 362 2207 στρατόπεδόν
378 2147 405 2183 τε
421 2124 508 2191 σώσας
521 2124 605 2206 φίλιον
628 2124 674 2186 καί
698 2123 830 2203 πολεμίων
852 2125 963 2202 δύναμιν

186 2216 357 2290 ἀκμάζουσαν
372 2212 508 2289 καθελών,
530 2213 606 2272 πόλιν
621 2236 650 2272 τε
665 2216 751 2274 αὐτῶν
766 2211 899 2294 πορθήσας
917 2213 961 2274 καί

186 2303 299 2384 φρουρδιν
313 2305 393 2373 αὐτῆς
416 2300 551 2361 θπολιπδνν
574 2301 659 2362 τόντε
678 2302 796 2381 ἡγεμόνα
816 2311 862 2364 τοῦ
883 2305 961 2365 πσλέ·

188 2414 237 2467 μου
258 2389 378 2457 καὶτοὺς
394 2389 490 2457 ἄλλους
509 2390 642 2471 ἐπιφανεῖς
662 2390 757 2469 ἄνδρας
781 2389 871 2451 άλύσει
892 2393 962 2452 δεδι·

188 2486 279 2555 μένους
298 2479 380 2556 άγων.
424 2479 480 2540 Καὶ
500 2479 515 2538 δ
543 2479 659 2555 μάλιστα
675 2478 780 2538 πάντων
800 2483 880 2539 αὐτοῦ
900 2486 963 2541 θαυ·

133 2596 160 2634 σι,
189 2570 279 2646 μάζειν
295 2568 382 2641 άξισν,
397 2568 438 2629 δτι
453 2568 501 2640 τήν
515 2566 647 2640 τοσαύτην
663 2567 749 2649 ἀρχὴν
771 2571 807 2636 είς
833 2568 962 2647 ἑξάμηνον

187 2663 316 2738 εἰληφώς,
330 2660 378 2717 οὐκ
393 2657 527 2737 ἐχρήσατο
540 2656 620 2715 παντὶ
634 2660 672 2736 τῷ
686 2656 788 2739 χρόνῳ,
800 2656 869 2719 ἀλλά
883 2682 964 2719 συνα-

186 2747 274 2827 γαγὼν
287 2747 331 2805 τὸν
346 2750 429 2823 δῆμον
450 2747 485 2813 εἰς
498 2746 640 2816 ἐκκλησίαν
655 2745 701 2804 καί
721 2747 845 2825 περὶτῶν
863 2770 965 2830 πεπρα-

186 2833 289 2912 γμένων
309 2834 387 2913 λόγον
402 2834 532 2910 ἀποδούς,
558 2832 709 2910 ἐξωμόσατο
731 2833 779 2904 τήν
802 2837 900 2915 ἀρχήν,
916 2840 964 2908 τῆς

187 2949 216 2985 τε
233 2926 328 3004 βουλῆς
343 2923 467 2999 δεομένης
484 2926 533 2998 γῆν
552 2945 581 2980 τε
604 2923 668 2994 θσην
685 2922 808 2983 έθσύλετο
827 2922 918 2983 λαόεῖν
935 2927 965 2984 ἐκ

132 3049 160 3088 ,η
186 3017 233 3084 τῆς
251 3012 419 3091 δορικτήτου,
437 3011 482 3069 καὶ
497 3010 648 3087 ἀνδράποδα
668 3011 715 3068 καί
724 3013 852 3090 χρήματα
869 3014 899 3070 έκ
910 3019 962 3072 τῶν

186 3102 323 3181 λαφύρων,
349 3100 528 3177 ἐπανορθῶσαι
552 3100 599 3176 [τε]
621 3097 669 3169 τήν
685 3098 776 3156 πενίαν
801 3099 906 3180 πλούτῳ
925 3103 961 3161 δι-

186 3191 272 3269 καίῳ,
297 3190 325 3248 ὃν
352 3189 404 3246 άπὸ
423 3186 557 3261 πολεμίων
584 3186 725 3244 κάλλιστον
753 3187 884 3258 ἐκτήσατο
913 3198 966 3256 τοῖς

187 3280 259 3346 ἰδίοις
274 3278 377 3347 πόνοις,
389 3277 437 3334 ούκ
450 3274 560 3346 ἠξίωσε,
574 3273 657 3354 φίλων
669 3296 697 3333 τε
711 3276 755 3334 καί
768 3280 900 3354 συγγενῶν
917 3280 964 3337 διυ-

187 3366 246 3447 ρεδς
260 3364 457 3446 προσφερόντων
474 3362 590 3443 μεγάλας
606 3362 651 3422 καί
673 3364 731 3422 ἀντὶ
750 3367 846 3433 παντὸς
863 3369 963 3446 ἀγαθοῦ

132 3484 158 3522 ar,
185 3456 327 3533 τιθεμένων
348 3458 444 3514 έκεῖνον
468 3453 511 3511 τὸν
537 3453 620 3531 ἄνδρα
642 3444 670 3511 εδ
695 3462 792 3525 ποιεῖν,
822 3455 962 3524 ἐπαινέσας

186 3547 279 3612 αὐτούς
296 3551 342 3616 τῆς
354 3544 515 3624 προθυμίας,
530 3542 603 3601 οὐδὲν
620 3546 671 3601 τῶν
694 3542 835 3620 διδομένων
853 3544 962 3619 ἔλαθεν,

186 3637 244 3694 ἀλλ’
262 3637 364 3705 άπῆλθε
378 3633 459 3691 πάλιν
476 3634 512 3698 εἷς
531 3631 560 3689 τὸ
579 3630 671 3709 μικρὸν
690 3633 773 3690 έκεῖνο
788 3634 897 3712 χωρίον,
914 3635 960 3694 καί

186 3723 229 3781 τὸν
254 3722 395 3802 αὐτουργόν
412 3713 483 3787 αύθις
499 3722 556 3779 uiuri
580 3728 626 3780 τοῦ
650 3724 786 3801 βασιλικοῦ
811 3725 961 3807 μετειλήφιε

188 3809 261 3887 βίον,
276 3811 362 3886 μεῖζον
375 3814 476 3890 φρονῶν
493 3807 537 3868 ἐπὶ
561 3809 636 3887 πενία
653 3809 669 3878 ἢ
686 3812 761 3869 άλλοι
787 3813 831 3869 ἐπὶ
847 3811 961 3893 πλούτῳ.

132 3922 159 3960 to
188 3900 256 3957 Μετ’
272 3902 300 3957 οὐ
318 3897 399 3957 πολὺν
418 3898 446 3957 δὲ
465 3899 556 3977 χρόνον
583 3897 628 3956 καὶ
651 3896 780 3969 Ναύτιος,
798 3899 888 3979 ἅτερος
910 3907 962 3960 τῶν

185 3986 310 4058 ὑπάτων,
325 3987 434 4058 νικήσας
450 3986 580 4054 Σαόίνους
595 3989 624 4046 ἐκ
646 3987 830 4064 παρατάξεως,
848 3989 893 4047 καί
918 3995 965 4062 τῆς

184 4071 273 4150 χώρας
287 4076 372 4132 αὐτῶν
388 4075 489 4147 πολλὴν
506 4077 700 4158 καταδραμὼν,
719 4080 819 4154 ἀπῆγεν
836 4079 878 4134 ἐπ’
892 4077 962 4138 οἴκου

184 4161 230 4226 τθις
245 4163 375 4237 δυνάμεις.

226 4252 334 4310 xxvi.
359 4253 436 4311 Merit
448 4253 475 4311 δὲ
489 4254 593 4320 τούτους
619 4253 748 4330 ὀλυμπιὰς
762 4253 808 4331 μέν
822 4247 853 4326 ἦν
866 4257 962 4334 ὀγδοη-

130 4374 156 4412 45
186 4340 266 4410 κοστδ·Ι
289 4341 334 4398 καὶ
358 4341 466 4419 πρώτη,
488 4343 520 4415 ἣν
546 4344 618 4403 ἐνίκα
643 4343 748 4403 στάδιον
776 4345 965 4421 Πολύμναστος

187 4429 347 4506 Κυρηναῖος,
370 4428 492 4499 Ἀθήνησι
510 4432 537 4487 δέ
555 4433 645 4511 άρχων
663 4433 799 4503 Καλλίας,
819 4436 858 4512 ἐφ’
870 4427 899 4492 σύ
916 4434 964 4507 τήν

186 4516 285 4574 ύπατον
296 4516 380 4595 ἀρχὴν
392 4519 417 4575 ἐν
429 4516 522 4597 Ῥώμη
538 4519 689 4601 παρέλαόον
700 4522 777 4586 Γάϊος
789 4520 910 4600 Ὁράτιος
918 4524 963 4582 καὶ

186 4607 295 4671 Κόϊντος
309 4608 450 4677 Μηνύκιος.
466 4607 530 4667 ’tiri
545 4609 643 4668 τούτοιν
658 4610 768 4670 Σαόῑνοι
782 4609 862 4670 πάλιν
877 4634 960 4690 στρα-

183 4697 319 4762 τεύσαντες
345 4697 388 4754 ἐπὶ
405 4697 571 4774 Ῥωμαίους,
591 4699 691 4771 πολλὴν
707 4705 753 4771 τῆς
772 4700 860 4780 χώρας
878 4703 963 4758 αὐτῶν

130 4821 156 4857 5„
184 4787 318 4864 ἐδῄωσαν,
336 4787 379 4843 καί
395 4777 458 4843 iiior
477 4790 500 4844 oi
515 4788 637 4867 φυγόντες
652 4791 681 4845 ἐκ
696 4792 747 4846 τῶν
765 4792 850 4867 ἀγρῶν
865 4788 961 4868 ἀθρόοι,

184 4883 335 4951 κρατεῖσθαι
352 4876 439 4933 etsta
462 4879 506 4935 ὑπ’
528 4879 613 4935 αὐτῶν
627 4876 659 4934 τδι
677 4876 773 4952 μεταξὺ
792 4881 963 4955 Κρουστομε-

185 4962 254 5038 ρείας
269 4968 352 5022 τεκαὶ
370 4965 490 5038 (Ιιιδήνης
506 4966 634 5042 λέγοντες·
663 4966 771 5024 Αἰκανοί
784 4990 820 5035 τε,
837 4971 860 5025 oi
871 4967 962 5025 νεωστὶ

183 5054 495 5128 καταπυλεμηθέντες,ἐν
516 5064 568 5120 τοῖς
595 5055 684 5121 όπλοις
709 5047 783 5119 αύθις
804 5048 879 5125 ἦσαν.
909 5056 962 5116 Καὶ

184 5139 207 5197 οἱ
222 5138 270 5215 μὲν
282 5141 456 5215 ἀκμαιότατοι
470 5147 565 5215 αὐτῶν,
580 5143 670 5211 νυκτὸς
682 5143 822 5210 ἐλάσαντες
833 5144 877 5202 ἐπὶ
893 5150 962 5226 Καρ·

1021 447 1176 496 trauseuntes
1193 446 1233 509 (ιιι
1253 445 1389 508 imperator
1409 443 1554 510 mandaret)
1568 445 1729 512 subjugum
1743 452 1823 503 missi

1020 554 1128 613 dierunt,
1142 550 1287 603 Corbionem
1303 553 1422 615 expecto
1443 551 1590 604 dediderunt
1600 573 1609 619 ;
1621 555 1672 607 boc
1693 570 1748 607 uno
1769 558 1820 608 ἰιιι-

1019 658 1123 719 petrato,
1136 658 1164 705 ut
1179 653 1303 719 ingenuis,
1315 656 1460 718 antequam
1468 656 1532 706 ures
1545 658 1728 723 diriperetur,
1735 674 1813 711 exce·

1019 756 1079 809 dere
1101 758 1193 818 liceret,
1206 772 1252 823 pro
1261 757 1354 822 quibus
1371 758 1643 822 cuptirosTuseuianoe
1655 763 1714 814 sine
1728 763 1816 827 pretio

930 871 947 906 e
1019 862 1172 914 dimiserunt.

1050 1065 1126 1114 xxv.
1153 1060 1279 1123 Quintius,
1294 1065 1397 1126 eooepta
1413 1062 1485 1126 urbe,
1504 1063 1597 1128 prmdtc
1617 1067 1743 1131 quicquid
1756 1075 1812 1121 erat

1021 1155 1183 1207 lectissimum
1206 1156 1308 1206 Romam
1328 1155 1386 1205 terri
1399 1154 1475 1217 jussit
1492 1156 1608 1222 :reliqua
1619 1160 1707 1210 orunia
1715 1166 1811 1212 centu-

1021 1248 1102 1300 riatim
1124 1247 1203 1297 dividi
1227 1245 1346 1311 permisit,
1364 1250 1420 1298 tum
1439 1247 1537 1313 iis,qui
1555 1263 1640 1301 secum
1666 1258 1807 1316 venerunt,

1021 1348 1076 1395 tum
1090 1341 1130 1404 ris,
1143 1340 1188 1405 qui
1201 1353 1259 1389 cum
1282 1343 1407 1405 questore
1425 1341 1528 1401 Quintio
1540 1345 1662 1408 premissi
1687 1345 1806 1399 tuerent:

1021 1435 1052 1485 iis
1065 1448 1133 1493 rere,
1154 1432 1198 1496 qui
1215 1447 1272 1482 cum
1286 1432 1400 1485 Minucio
1415 1435 1526 1486 nonsuie
1548 1434 1615 1487 iutra
1636 1441 1719 1489 castra
1738 1452 1807 1491 com·

1021 1526 1085 1593 puisi
1109 1526 1223 1584 tuerent,
1251 1537 1279 1574 se
1300 1536 1417 1589 magnum
1446 1526 1541 1578 donum
1569 1527 1665 1579 dedisse
1683 1528 1801 1593 dicebat,

1021 1618 1090 1684 quod
1102 1631 1187 1668 eorum
1199 1629 1302 1680 corpora
1313 1629 1344 1666 ex
1360 1619 1441 1668 morte
1451 1618 1592 1683 eripuisset.
1615 1621 1657 1671 iiis
1674 1621 1797 1684 peractis,

1022 1716 1048 1762 et
1056 1715 1142 1761 coacto
1160 1709 1268 1760 itinucio
1279 1709 1452 1774 magistreturu
1465 1711 1598 1776 deponere,
1610 1715 1709 1763 Ιιοιιιαιιι
1716 1712 1799 1773 rediit,

1022 1813 1048 1859 et
1064 1805 1218 1871 triumphum
1227 1806 1277 1868 egit
1291 1804 1429 1867 clariorem,
1449 1818 1525 1869 quam
1540 1805 1608 1856 ullus
1627 1819 1737 1872 uuquam
1751 1806 1802 1856 irn-

1021 1902 1134 1964 perator3
1159 1895 1228 1961 quod
1249 1896 1313 1946 intra
1339 1900 1437 1948 sextum
1458 1896 1582 1949 decimum
1601 1898 1683 1960 diem
1698 1911 1730 1948 ex
1755 1912 1804 1962 quo

1022 1994 1193 2058 magistratum
1218 1996 1361 2056 acceperat,
1390 2005 1493 2042 suorum
1519 1993 1601 2042 costm
1622 1993 1805 2061 servasset,et

1022 2084 1149 2135 florentem
1178 2082 1288 2132 bostium
1311 2082 1449 2133 exercitum
1468 2082 1635 2149 profligasset,
1664 2093 1805 2146 eorumque

1022 2179 1107 2230 urbem
1130 2175 1286 2240 diripuisset,
1303 2174 1500 2240 pcaesidiuurque
1513 2174 1539 2225 in
1556 2189 1586 2226 ea
1604 2175 1767 2240 reliquisset,
1778 2175 1804 2224 et

1021 2269 1080 2321 beiti
1100 2268 1190 2318 ducem
1207 2271 1282 2332 atque
1296 2267 1357 2318 aiios
1372 2268 1439 2318 virus
1460 2266 1568 2319 illustres
1587 2268 1687 2317 catenis
1708 2267 1804 2317 rinctus

1022 2380 1073 2431 prce
1091 2380 1119 2416 se
1141 2366 1240 2429 egisset.
1273 2363 1393 2428 Et,quod
1409 2363 1514 2415 maxime
1527 2363 1553 2414 in
1575 2375 1607 2415 eo
1621 2363 1677 2413 viro
1691 2362 1804 2413 admira·

1021 2454 1265 2520 tionedignumiuit,
1284 2455 1357 2507 titud
1372 2459 1419 2518 est,
1438 2456 1611 2520 quudteutum
1625 2454 1760 2520 imperium
1777 2456 1803 2506 iu

1022 2566 1066 2604 ses
1076 2564 1173 2602 meooes
1188 2553 1319 2614 acceptum
1337 2563 1386 2599 non
1404 2549 1544 2613 retinuerit,
1567 2552 1691 2614 quantum
1703 2550 1745 2601 ier
1753 2550 1801 2614 ipsi

1021 2645 1179 2710 permittebat
1197 2663 1204 2694 ι
1226 2643 1270 2695 sod
1280 2647 1416 2693 convocato
1434 2643 1467 2693 ad
1484 2643 1628 2695 condouem
1639 2643 1740 2709 populo,
1760 2655 1801 2692 re·

1021 2752 1153 2803 rumquea
1170 2752 1197 2789 so
1221 2740 1347 2803 gestarum
1366 2736 1461 2788 ratione
1486 2736 1593 2798 reddita,
1616 2750 1643 2789 ae
1654 2737 1801 2801 magistratu

1022 2829 1181 2881 abdicaverit.
1221 2833 1356 2894 Quumque
1374 2843 1433 2880 enm
1447 2832 1547 2892 rogaret
1559 2831 1655 2881 ιοιιειιιε
1665 2832 1703 2887 ιιι,
1715 2839 1797 2890 quan·

1023 2927 1077 2973 tum
1103 2922 1178 2974 retici
1205 2935 1235 2973 ex
1271 2936 1329 2985 agro
1353 2921 1431 2973 armis
1464 2921 1574 2984 qutesito
1596 2921 1701 2984 caperet,
1718 2919 1744 2968 et
1764 2930 1797 2968 ex

1022 3017 1105 3082 prede
1125 3015 1248 3080 mancipia
1264 3018 1289 3066 ct
1307 3016 1433 3078 pecunias,
1449 3019 1525 3080 etque
1545 3013 1620 3080 justis
1631 3011 1724 3064 diuitiis
1748 3011 1798 3062 bo·

1022 3110 1160 3161 nestissime
1179 3111 1231 3159 suis
1256 3108 1383 3159 laboribus
1402 3122 1433 3159 er
1447 3109 1519 3159 hoste
1536 3109 1614 3174 partis
1632 3108 1802 3173 paupertatem

1021 3204 1124 3262 levaret,
1139 3215 1265 3265 quumque
1278 3203 1388 3253 amiciet
1402 3201 1499 3266 cognati
1513 3216 1602 3267 magna
1613 3200 1679 3251 dona
1691 3201 1715 3251 ei
1726 3200 1801 3251 otter-

1022 3297 1085 3353 rent,
1099 3296 1124 3343 et
1142 3293 1202 3344 nibil
1215 3295 1294 3358 magis
1316 3300 1447 3358 cuperent,
1464 3309 1540 3358 quarn
1556 3299 1582 3345 ut
1605 3294 1663 3344 tuiis
1680 3294 1718 3343 vir
1732 3293 1803 3344 diros

1021 3395 1099 3453 essct,
1112 3391 1164 3451 ilic,
1181 3391 1281 3441 laudata
1302 3405 1388 3441 eorum
1402 3392 1498 3456 egregia
1519 3391 1657 3450 uoluntate,
1674 3390 1735 3440 nibil
1760 3405 1801 3440 eo·

1022 3503 1087 3549 rum,
1098 3503 1155 3552 quen
1169 3487 1349 3550 atterebantur,
1374 3487 1513 3553 acceperit,
1537 3487 1581 3538 sed
1593 3487 1624 3537 ad
1643 3502 1719 3537 suum
1733 3485 1803 3536 iitunr

1021 3590 1128 3652 agellum
1140 3589 1247 3651 redierit,
1263 3591 1289 3640 et
1307 3589 1456 3639 laboriosam
1470 3588 1546 3638 vitum
1565 3587 1656 3638 iterum
1671 3587 1746 3651 regite
1757 3600 1802 3636 an-

1022 3685 1172 3749 teposuerit,
1197 3685 1231 3735 ob
1258 3699 1328 3735 suain
1352 3688 1524 3750 paupertatem
1542 3684 1622 3748 magis
1645 3698 1673 3734 se
1687 3683 1802 3740 etterens,

1021 3797 1097 3846 quam
1116 3784 1157 3833 alii
1181 3782 1214 3832 ob
1237 3782 1344 3832 divitias.
1378 3784 1432 3832 Non
1453 3781 1533 3832 multo
1559 3784 1616 3847 post
1636 3785 1663 3831 et
1680 3780 1802 3840 Nautius,

1020 3877 1083 3927 atter
1099 3877 1194 3934 consui,
1218 3877 1314 3926 Sabinis
1335 3877 1387 3927 scie
1407 3876 1488 3937 victis,
1505 3880 1530 3927 et
1550 3889 1610 3941 egro
1630 3890 1717 3926 eorum
1740 3876 1804 3925 bona

1020 3982 1051 4019 ex
1063 3971 1134 4032 purte
1153 3969 1342 4020 excursionibus
1356 3973 1468 4029 vastato,
1480 3969 1563 4032 copias
1577 3968 1681 4018 doraum
1691 3967 1803 4021 reduxit.

1051 4280 1133 4328 xxvt
1148 4281 1199 4328 Hos
1231 4280 1346 4328 eonsules
1371 4279 1467 4343 excepit
1484 4279 1605 4344 olympias
1627 4281 1730 4336 Lxxxt,
1749 4294 1803 4342 que

1020 4375 1079 4424 vicit
1093 4377 1117 4425 in
1139 4375 1220 4424 stadio
1242 4375 1413 4438 Polymnestus
1434 4378 1579 4438 Gyrenoeus,
1597 4375 1711 4425 archonte
1726 4375 1802 4425 Athe·

1021 4473 1059 4520 nis
1069 4471 1155 4532 Callia,
1165 4485 1215 4535 quo
1225 4486 1289 4521 annu
1310 4475 1338 4521 c.
1363 4470 1480 4522 Horatius
1496 4476 1521 4522 et
1534 4477 1565 4531 Q.
1579 4474 1701 4524 Minucius
1713 4474 1802 4522 iiornae

1020 4569 1132 4618 consules
1154 4572 1239 4620 υιυυιι.
1272 4570 1315 4620 tiis
1338 4571 1481 4621 consulibus
1504 4571 1600 4633 Sebini,
1622 4586 1708 4622 rursus
1727 4587 1801 4637 expe·

1019 4665 1112 4715 ditione
1133 4671 1219 4717 contra
1236 4671 1359 4717 Romanos
1387 4669 1465 4727 tacta,
1488 4682 1603 4732 magnam
1626 4669 1678 4732 agri
1704 4674 1802 4732 partun

1020 4768 1161 4823 vastarunt,
1178 4766 1255 4828 etqui
1268 4779 1297 4815 ex
1311 4767 1376 4827 agris
1395 4768 1520 4828 ingerant,
1539 4766 1684 4816 catervatim
1697 4767 1799 4817 venien·

1019 4865 1066 4919 tes,
1084 4860 1241 4919 nunciabant,
1257 4864 1337 4912 omnia
1349 4877 1363 4912 a
1373 4864 1543 4915 Crustumerio
1559 4864 1663 4914 Fidenas
1674 4878 1756 4927 usque
1774 4864 1800 4913 in

1018 4974 1103 5011 coruus
1114 4964 1261 5024 potestatem
1279 4965 1383 5014 vonisse.
1402 4966 1474 5027 AEqui
1483 4977 1591 5028 quoque,
1606 4977 1686 5027 nuper
1695 4963 1798 5023 devicti,

1020 5058 1127 5107 inarmis
1148 5058 1236 5109 iterum
1255 5065 1339 5120 crant3
1364 5065 1389 5111 et
1409 5066 1484 5113 noctu
1507 5062 1635 5113 lectissimi
1657 5062 1751 5125 quique
1766 5075 1799 5112 ex

1020 5156 1068 5206 iliis
1082 5157 1227 5208 Corbionem
1238 5160 1352 5222 protecti,
1364 5159 1430 5224 quud
1453 5161 1572 5224 oppidum
1590 5161 1720 5224 superiore
1733 5173 1802 5210 enno
