3772 5828
165 342 223 399 lai

165 501 178 526 ι
198 470 296 543 νηθείς.
338 470 451 548 'Eprius
466 469 493 528 δὲ
513 467 559 527 καὶ
572 466 675 547 θρρανθι
687 466 720 525 τθι
735 466 851 538 δύστηνα
865 465 943 524 ταυτὶ

84 574 91 587 “
166 589 177 612 ιι
200 559 295 619 παιδία
314 558 520 629 καταλείπεται,
545 555 661 615 κίνδυνον
685 556 715 612 οθ
738 553 782 613 τὸν
804 553 943 632 ἐλάχιστον

165 677 179 703 ι
200 648 266 728 ὑπὲρ
275 655 321 720 τῆς
333 652 419 729 ψυχῆς
431 648 571 729 τρέχοντα·
585 647 607 705 εί
620 645 671 724 γὰρ
682 644 725 703 ἐπὶ
741 642 879 722 Μαρκίοις,
892 646 945 708 τοῖς

166 763 179 790 ιι
200 740 322 798 ἀνελοῦσι
340 736 384 796 τὸν
405 737 514 794 πάππον
529 738 628 807 αὐτῶν,
643 735 676 792 τθι
691 738 737 804 τῆς
755 734 856 800 πόλεως
870 732 945 792 ἔσται

125 849 138 887 s
166 854 178 879 ι
200 828 364 904 πράγματα,
383 824 427 883 τὸν
448 824 576 883 οἴκτιστον
596 824 756 882 ἀπολοῦνται
778 822 873 901 τρόπον
900 821 944 880 ὑπ’

166 942 179 967 ι
201 917 295 973 αὐτῶν·
306 915 379 974 ἔσται
391 914 444 970 οὐδ’
455 915 518 986 ύμῖν
530 912 673 993 ἀσραλήςό
687 911 751 990 βίος,
759 900 795 977 οἷς
806 909 944 989 ἐνεγγύησε

167 1031 178 1054 ιι
200 1003 352 1082 Ταρκύνιος,
362 1001 409 1065 τάς
423 1001 516 1060 ἑαυτοῦ
525 1000 669 1078 θυγατέρας
682 999 792 1065 ἐκείνους
804 998 944 1078 ὑπεριδὼν,

118 1146 121 1151 .
167 1119 179 1145 ιι
201 1091 247 1149 ili
267 1092 290 1149 οἱ
311 1091 483 1170 φονεύσαντες
503 1088 581 1148 αθτθν
599 1089 647 1158 τήν
664 1088 748 1168 ἀρχὴν
763 1087 944 1166 κατάσχωσιν,

166 1204 179 1232 ιι
200 1178 259 1237 obii
273 1180 327 1247 τοῖς
342 1180 429 1246 ἄλλοις
444 1180 524 1237 αθτοῦ
543 1176 627 1259 ρίλοις
646 1177 690 1234 καὶ
707 1175 873 1256 συγγενέσιν,
893 1177 945 1235 οὐδ’

113 1287 139 1328 lo
167 1292 179 1319 ι
200 1270 264 1343 ἡμῖν
281 1275 338 1335 ταῖς
355 1267 457 1332 ἀθλίαις
471 1265 601 1345 γυναιξίν,
617 1262 685 1323 ἀλλά
699 1263 800 1330 πάντας
813 1267 883 1340 ἡμᾶς
895 1287 945 1345 φα·

167 1382 179 1410 ι
201 1361 281 1433 νερῶς
294 1356 380 1416 τεκαὶ
394 1356 480 1435 κρύρα
499 1355 670 1436 πειράσονται
681 1353 807 1413 διολέσαι.
850 1355 945 1413 Ταῦτα

168 1469 181 1498 ι
201 1437 247 1505 οθν
256 1444 459 1523 ἐνθυμουμένους
469 1450 540 1519 ἡμᾶς
549 1447 588 1504 δεῖ
596 1442 633 1520 μή
646 1452 768 1524 περιορᾶν
779 1440 838 1508 τοῦς
849 1442 945 1500 ἐκεῖνον

169 1559 182 1585 ιι
205 1533 408 1600 ἀποκτείναντας
437 1535 533 1612 ἀνδρας
560 1533 679 1598 ἀνοσίους
703 1531 748 1589 καί
775 1539 857 1590 πᾶσιν
881 1535 946 1609 ἡμῖν

169 1649 182 1674 ι
204 1622 312 1701 ἐχθρούς
330 1622 459 1694 τοσαύτην
483 1620 566 1702 ἀρχὴν
589 1623 776 1700 κτησαμένους,
797 1622 857 1683 ἀλλ’
876 1627 947 1685 irm-

116 1733 141 1771 ιο
169 1736 182 1764 ιι
203 1715 321 1770 τιοῦσθαι
344 1711 389 1770 καὶ
412 1714 535 1786 κωλύειν,
555 1716 600 1770 νῦν
624 1711 671 1788 μίν
696 1712 786 1792 ἀπάτη
812 1711 858 1773 καί
880 1714 948 1794 δόλῳ

170 1826 182 1853 ιι
204 1800 400 1880 χρησαμένους·
415 1801 515 1861 τούτων
528 1801 578 1881 γάρ
593 1804 620 1860 ἐν
635 1805 674 1883 τῷ
690 1803 799 1881 παρόντι
815 1806 868 1863 δεῖ·
884 1801 948 1862 όταν

170 1915 183 1942 ιι
204 1888 232 1948 δὲ
247 1887 281 1949 τὰ
297 1892 390 1969 πρῶτα
405 1894 469 1966 ἡμῖν
485 1890 596 1971 χωρήσῃ
611 1890 680 1950 κατίι
694 1897 770 1966 νοῦν,
784 1892 843 1953 τότε
858 1891 905 1953 καί
919 1893 949 1951 ἐκ

171 2004 184 2031 ιι
205 1983 251 2037 τοῦ
267 1983 377 2059 φανεροῦ
391 1979 465 2058 πάσῃ
482 1979 592 2055 δυνάμει
606 1984 652 2038 καὶ
670 1979 729 2055 μεθ’
749 1979 838 2041 ὅπλων
860 1983 948 2047 αὐτοῖς

170 2093 183 2119 ι
203 2067 284 2143 όμόσε
298 2072 463 2147 χωροῦντας,
483 2068 527 2126 its
542 2067 593 2147 ἀρα
608 2068 654 2127 καὶ
668 2069 760 2128 τούτου
776 2070 833 2149 δέῃ.
878 2068 947 2129 Ἀλλ’

116 2174 143 2211 ao
170 2182 182 2207 ι
202 2156 231 2212 οὗ
246 2156 333 2226 δεήσει
349 2155 528 2232 βουληθέντων
553 2158 631 2231 ἡμῶν
649 2157 773 2235 πράττειν
796 2161 841 2214 νῦν
865 2155 946 2213 ἀδεῖ.

44 2238 47 2243 ’
170 2271 183 2297 ι
204 2244 272 2305 Τίνα
281 2246 402 2303 δὲταῦτα
413 2245 483 2315 ἐστίς
494 2248 596 2323 πρῶτον
609 2246 655 2322 μὲν
663 2246 842 2324 κρυπτώμεθα
850 2245 895 2304 τὸν
902 2250 948 2305 τοῦ

171 2359 183 2385 ι
207 2333 334 2410 βασιλέως
357 2333 483 2403 θάνατον,
505 2332 631 2413 καὶπρὸς
650 2332 767 2401 ἅπαντας
784 2333 949 2415 ἐξενεχθῆναι

172 2449 184 2472 ι
205 2421 464 2500 παρασκευάσωμεν,
485 2424 525 2479 ότι
549 2420 652 2498 πληγὴν
675 2423 797 2496 οὐδεμίαν
816 2421 872 2504 ἔχει
892 2425 950 2482 καί·

170 2525 192 2564 ιι·
206 2532 278 2583 pror,
295 2508 322 2568 οί
329 2533 356 2569 τε
367 2512 452 2579 ἰατροὶ
463 2511 612 2586 λεγέτωσαν
628 2513 654 2568 ἐν
668 2510 768 2590 ὀλίγαις
779 2514 890 2592 ἡμέραις
904 2515 949 2572 αθ·

124 2612 149 2653 aa
171 2619 184 2646 ι
205 2590 249 2651 τθν
261 2592 405 2660 ἀποδείξειν
412 2597 486 2672 ὑγιῆ·
497 2597 579 2655 ἔπειτ’
585 2596 637 2675 ἐγὼ
649 2601 812 2676 προελθοῦσα
823 2601 861 2665 είς
869 2600 946 2674 τούμ-

169 2709 182 2735 ι
204 2680 282 2763 ρανίς
307 2685 359 2763 ἐρῶ
378 2683 441 2762 πρδς
460 2686 503 2744 τόν
523 2685 615 2766 όχλον,
630 2690 665 2753 ὡς
684 2687 717 2759 δή
738 2686 888 2765 Ταρκυνίου
903 2709 947 2763 μοι

170 2796 182 2819 ι
203 2771 276 2827 ταῦτ’
289 2773 371 2829 εἰπεῖν
382 2772 584 2853 ἐπισκήψαντος,
595 2775 635 2834 ότι
646 2775 752 2835 πάντων
765 2774 947 2836 ἀποδείκνυσιν

171 2889 183 2914 ι
204 2860 367 2939 ἐπιμελητὴν
377 2861 422 2922 καί
430 2861 535 2944 φύλακα
545 2864 596 2921 τῶν
604 2886 632 2922 τι
641 2863 715 2922 ἰδίων
726 2864 771 2925 καλ
783 2866 833 2924 τῶν
842 2866 946 2937 κοινῶν,

171 2979 183 3002 ι
204 2952 252 3017 ἕως
276 2951 352 3018 αὐτός
370 2953 400 3011 ἐκ
420 2957 471 3011 τῶν
487 2952 647 3031 τραυμάτων
667 2953 741 3029 ὑγιής
758 2953 879 3032 γένηται,
903 2951 947 3010 τδν

113 3057 141 3099 συ
170 3067 182 3091 ι
205 3038 292 3116 ἕτερον
304 3042 356 3096 τῶν
367 3042 461 3098 ἑαυτοῦ
473 3038 611 3119 γαμόρων,
621 3038 651 3097 τό
665 3040 709 3097 σὸν
726 3043 835 3099 εἰποῦσα
850 3042 946 3115 ὄνομα,

171 3154 181 3177 ι
202 3115 225 3184 εἶν
237 3129 348 3187 Τύλλιε·
363 3128 437 3187 ἔσται
450 3130 472 3186 δ’
487 3130 534 3187 οὐκ
546 3127 639 3188 ἀκουσι
650 3127 793 3205 Ῥωμαίοις
803 3128 872 3186 ἀλλὰ
886 3134 948 3207 βου-

170 3244 182 3269 ι
203 3217 321 3293 λομένοις
331 3217 382 3275 ὑπὸ
394 3224 440 3276 σοῦ
457 3217 506 3288 τήν
522 3217 598 3275 πόλιν
611 3217 841 3295 ἐπιτροπεύεσθαι,
858 3221 901 3298 ῦρ’
917 3209 947 3277 οῦ

169 3331 181 3356 ιι
202 3305 329 3373 πολλάκις
348 3305 400 3378 ἤδη
424 3305 609 3387 καὶπρότερον
630 3306 818 3385 ἐπετροπεύθη.
860 3304 946 3366 Ὅταν

168 3424 180 3448 ι
203 3395 230 3454 δὲ
245 3397 288 3454 τὸν
300 3394 418 3475 παρόντα
434 3395 550 3454 κίνδυνον
563 3394 793 3470 διασκεδάσωμεν·
807 3394 880 3452 οὐδέν
896 3393 947 3472 γάρ

114 3510 141 3552 σε
169 3513 181 3539 ιι
204 3486 242 3545 ἔτι
260 3489 312 3544 τῶν
325 3487 425 3564 ἐχθρῶν
442 3487 548 3566 ἰσχυρόν
560 3488 615 3545 ἐστι
630 3490 676 3558 ζῆν
691 3490 737 3546 τοῦ
756 3485 886 3566 βασιλέως
900 3489 948 3565 ἀγ·

169 3602 181 3626 ι
202 3576 373 3652 γελλομένου·
395 3575 560 3654 παραλαόὼν
589 3574 620 3634 σὺ
644 3576 691 3642 τάς
718 3599 746 3635 τε
770 3576 880 3657 ράόδους
901 3577 947 3635 καὶ

169 3691 181 3714 ι
202 3664 250 3736 τὴν
270 3666 321 3721 τῶν
342 3664 429 3722 όπλων
446 3663 577 3735 ἐξουσίαν,
592 3665 668 3725 κάλει
681 3663 741 3731 τοθς
756 3666 948 3742 βουλεύσαντας

169 3777 181 3804 ιι
203 3754 356 3812 ἀποκτεῖναι
383 3753 528 3833 Ταρκύνιον
555 3753 600 3812 ἐπί
629 3754 673 3813 τὸν
697 3754 792 3829 δῆμον,
813 3755 866 3812 ἀπὸ
897 3759 947 3814 τῶν

168 3866 181 3889 ιι
202 3841 323 3918 Μαρκίου
338 3841 438 3899 παίδοιν
455 3840 610 3920 ἀρξάμενος,
633 3841 678 3898 καί
698 3841 791 3920 πρόθες
806 3845 893 3910 αὐτοῖς
910 3843 948 3901 δί-

114 3951 141 3990 ιιι
168 3954 181 3977 ι
202 3950 265 3995 κας·
280 3928 496 4007 τιμωρησάμενος
512 3930 538 3988 δὲ
554 3928 661 3995 τούτους
685 3928 815 3996 ἅπαντας,
837 3930 881 3989 lia
899 3930 947 4006 μὲν

169 4041 182 4066 ι
204 4016 363 4092 ὑπομείνωσι
380 4016 426 4083 τάς
447 4016 543 4097 κρίσεις
565 4018 698 4090 θανάτοις,
720 4017 764 4076 ἐάν
787 4017 813 4074 δὲ
836 4017 946 4097 ἐρήμους

169 4130 182 4153 ι
203 4103 343 4182 ἀρῶσιν,δ
363 4106 462 4178 μᾶλλον
479 4104 572 4171 αὐτούς
583 4095 659 4181 οἶμαι
672 4106 809 4176 ποιήσειν,
826 4104 947 4184 ἀειρυγίρ

169 4221 181 4245 ι
203 4190 248 4251 καί
264 4190 390 4267 δημεύσει
413 4197 464 4252 τῶν
482 4194 667 4272 θπαρχόντων,
682 4193 827 4252 καθίστατο
845 4194 897 4264 ἤδη
914 4196 947 4251 τὰ

170 4309 181 4334 ιι
205 4278 265 4359 περὶ
278 4278 325 4348 τήν
340 4281 438 4359 ἀρχήν,
454 4280 569 4358 ὁμιλίαις
582 4305 610 4340 τε
624 4281 815 4363 φιλανθρώποις
826 4281 857 4341 τὸ
874 4285 944 4353 πλῆ-

114 4391 142 4431 lb
170 4398 181 4421 ι
205 4375 245 4435 θος
258 4366 465 4446 ἀναλαμῦάνων,
479 4370 524 4427 καὶ
540 4375 584 4429 τοῦ
599 4368 681 4444 μηδὲν
696 4370 814 4443 ἀδίκημα
830 4367 947 4447 γενέσθαι

170 4483 181 4506 ι
203 4459 302 4527 πολλήν
323 4456 391 4539 ἔχων
408 4458 541 4534 φροντίδα,
557 4461 603 4515 καὶ
620 4457 679 4525 τούς
698 4457 811 4538 ἀπόρους
825 4462 877 4516 τῶν
897 4481 947 4517 πο·

170 4573 181 4596 ι
204 4547 282 4603 λιτῶν
309 4547 467 4623 εὐεργεσίαις
487 4547 539 4603 τισὶ
565 4546 609 4604 καὶ
636 4547 744 4625 δωρεαῖς
772 4547 946 4624 ὑπαγόμενος·

171 4663 182 4685 ι
204 4634 294 4693 ἔπειτα
309 4633 371 4691 όταν
389 4636 450 4709 ἡμῖν
465 4636 553 4714 καιρὸς
566 4626 632 4693 εἶναι
648 4636 727 4713 δοκῇ,
747 4636 806 4694 τότε
829 4635 946 4714 λέγωμεν

169 4754 180 4778 ι
202 4729 354 4795 τεθνηκέναι
376 4723 533 4802 Ταρκύνιον,
558 4724 603 4783 καὶ
628 4724 711 4798 ταφάς
733 4727 812 4783 αὐτοῦ
830 4729 946 4801 ποιῶμεν

116 4828 143 4865 oo
170 4837 181 4860 ι
204 4814 232 4869 ἐκ
251 4818 296 4871 τοῦ
317 4817 440 4893 φανεροῦ.
484 4813 590 4879 Δίκαιος
610 4813 638 4871 δὲ
655 4804 693 4891 εί,
710 4813 822 4885 Τύλλιε,
842 4815 948 4894 τραφείς

172 4925 184 4948 ι
204 4922 232 4956 τε
245 4903 286 4979 bp‘
300 4906 375 4977 ἡμῶν
387 4901 432 4960 καὶ
443 4901 589 4969 παιδευθείς
599 4902 644 4960 καί
660 4904 765 4962 πάντων
778 4899 947 4981 μετεσχηκὼς

173 5009 183 5033 ι
204 4987 321 5062 ἀγαθῶν,
341 4990 408 5049 ὅσων
432 4990 506 5069 παρὰ
535 4991 633 5068 μητρός
651 5013 681 5050 τε
700 4990 746 5049 καὶ
775 4990 874 5068 πατρὸς
898 4989 947 5048 olai

171 5098 183 5121 ι
205 5077 456 5151 μεταλαμόάνουσι,
473 5080 518 5139 καί
535 5080 644 5158 θυγατρὶ
664 5080 791 5137 συνοικῶν
811 5078 945 5157 ἡμετέρᾳ,

171 5187 184 5217 ιι
207 5160 250 5218 ἐὰν
265 5160 297 5231 δὴ
315 5163 359 5220 καί
378 5167 501 5243 βασιλεὺς
512 5170 549 5228 ἔτι
568 5167 631 5247 γένῃ
649 5166 805 5246 Ῥωμαίων,
822 5168 887 5244 ἐμοῦ
901 5172 946 5225 καὶ

690 332 858 394 DIONYSH
881 329 1259 393 HnLlcnnnnssansls

1001 492 1013 515 ι
1029 472 1168 523 discrimine
1185 477 1306 523 versatur.
1340 474 1402 522 llam
1415 471 1436 521 si
1447 471 1479 522 ad
1494 470 1599 523 Marcios
1612 472 1653 523 ari
1663 472 1780 524 interloc-

1001 592 1013 615 ι
1030 577 1098 624 tores
1118 571 1258 637 reipublicae
1275 571 1455 623 administratio
1473 571 1629 637 pervenerit,
1642 572 1782 623 miserrimo

1000 695 1013 719 ι
1031 675 1117 726 mortis
1137 689 1226 740 genere
1243 674 1338 725 abillis
1356 675 1521 736 necabuntur,
1536 679 1562 726 et
1586 689 1617 727 ne
1636 675 1708 727 robis
1728 676 1783 740 qui-

1002 798 1014 822 ιι
1031 777 1088 829 dem
1103 778 1180 828 vitam
1196 780 1252 829 tuto
1269 780 1404 841 transigere
1416 779 1508 837 licebit,
1528 780 1621 844 quibus
1632 779 1783 843 Tarquinius

1001 900 1014 924 ι
1031 881 1093 931 tilias
1108 880 1256 945 contemptis
1276 881 1322 932 illis
1339 882 1363 932 in
1380 884 1564 934 matrimonium
1586 883 1708 944 dedil‚si
1727 884 1782 935 eius

1002 1004 1014 1028 ιι
1032 997 1188 1050 percussores
1209 998 1284 1050 reguo
1304 986 1378 1051 potiti
1398 987 1498 1049 luerint,
1520 1000 1600 1052 neque
1623 987 1712 1039 celeris
1728 987 1783 1039 eius

1002 1105 1014 1130 ι
1032 1086 1119 1136 amicis
1132 1088 1157 1136 cl
1174 1088 1293 1151 cognatis,
1307 1102 1388 1152 neque
1409 1089 1482 1140 nobis
1499 1089 1596 1141 miseris
1612 1089 1783 1142 mulieribus:

1002 1210 1015 1233 ι
1032 1189 1077 1240 sed
1088 1204 1133 1240 nos
1145 1204 1231 1241 omnes
1247 1194 1290 1241 aut
1304 1191 1383 1254 palam
1400 1197 1444 1243 aut
1463 1193 1527 1243 olam
1542 1193 1645 1258 perdere
1657 1193 1783 1244 conabun-

1002 1313 1014 1335 ι
1032 1297 1081 1344 tur.
1115 1295 1177 1351 Qua
1202 1293 1225 1343 si
1249 1294 1467 1356 considerabimus,
1495 1299 1593 1360 oportet
1616 1310 1661 1346 uos
1683 1296 1783 1348 minime

1002 1421 1014 1443 ιι
1032 1399 1082 1464 pati
1102 1399 1169 1461 illos,
1189 1400 1233 1464 qui
1257 1401 1350 1452 nelarie
1372 1415 1428 1451 eum
1447 1401 1637 1464 iuterfecerunt,
1662 1402 1784 1467 nobisque

1003 1522 1016 1546 ι
1033 1503 1148 1553 omnibus
1162 1502 1253 1553 inimici
1267 1507 1335 1564 sunt,
1348 1507 1446 1554 tantum
1457 1504 1589 1568 imperium
1605 1506 1722 1567 nancisci,
1740 1505 1782 1557 sod

1003 1625 1015 1647 ι
1034 1607 1156 1669 resistere,
1171 1620 1264 1671 eosque
1286 1618 1350 1656 nuno
1371 1606 1474 1671 quidem
1486 1605 1573 1658 fraude
1587 1611 1613 1658 el
1632 1607 1690 1660 dolo
1703 1609 1782 1674 impe-

1004 1729 1016 1753 ι
1034 1707 1089 1760 dire
1099 1713 1168 1770 (nam
1181 1722 1290 1773 praesens
1299 1710 1525 1760 rerumstatusboc
1533 1712 1662 1775 postulat),
1675 1712 1784 1764 ubirero

1005 1833 1016 1860 ι
1034 1815 1129 1879 primur
1144 1817 1246 1864 conatus
1258 1812 1330 1864 nobis
1348 1827 1379 1863 ex
1394 1814 1468 1863 animi
1488 1813 1610 1865 sententia
1625 1813 1782 1874 successerit,

1005 1935 1017 1958 ιι
1034 1918 1094 1966 tunc
1110 1918 1193 1978 aperte
1209 1914 1331 1979 oportebit
1349 1916 1409 1966 totis
1424 1915 1519 1966 viribus
1532 1918 1558 1966 ei
1574 1915 1666 1978 armis,
1681 1916 1703 1966 si
1721 1929 1784 1980 opus

1006 2039 1019 2064 ι
1037 2019 1121 2081 luerit,
1136 2032 1194 2069 cum
1216 2018 1265 2069 illis
1287 2018 1409 2084 congredi.
1443 2021 1555 2070 Attamen
1576 2032 1639 2082 opus
1660 2019 1783 2080 nouerit,

1005 2142 1016 2167 ι
1034 2121 1155 2187 siquidem
1166 2136 1233 2172 nuno
1249 2135 1278 2172 ea
1289 2136 1345 2187 quaa
1357 2136 1420 2187 opus
1434 2125 1494 2172 sunt
1507 2122 1628 2186 perticere
1639 2123 1712 2173 uobis
1724 2138 1783 2184 pro·

1004 2246 1015 2269 ιι
1033 2226 1194 2293 posuerimus.
1227 2226 1277 2277 Sed
1288 2226 1462 2292 quaenambuc
1473 2229 1548 2276 sunt?
1558 2225 1668 2279 Primum
1678 2227 1782 2290 quidem

1004 2347 1016 2370 ιι
1033 2327 1097 2391 regis
1116 2330 1222 2378 mortem
1236 2328 1353 2389 celemus.
1374 2332 1401 2379 et
1423 2340 1539 2378 curemus
1563 2330 1592 2377 ut
1608 2327 1674 2391 apud
1696 2341 1783 2379 omnes

1004 2459 1016 2483 ιι
1033 2443 1163 2502 spargatur
1177 2453 1261 2490 rumor
1278 2454 1335 2490 cum
1355 2440 1422 2491 nulla
1439 2438 1504 2489 letali
1520 2437 1591 2503 plaga
1605 2437 1739 2500 allectum;
1757 2443 1783 2491 et

1004 2558 1017 2583 ι
1032 2538 1122 2589 medici
1132 2539 1214 2589 dicant
1227 2542 1288 2599 lore,
1301 2542 1329 2589 ut
1340 2539 1404 2588 intra
1415 2550 1507 2602 paucos
1518 2536 1572 2587 dies
1582 2536 1673 2586 eumin
1686 2536 1780 2587 sanita-

1003 2661 1016 2687 ι
1033 2645 1084 2693 lem
1094 2644 1242 2694 restituant:
1256 2644 1344 2693 deinde
1356 2656 1401 2706 ego
1412 2654 1542 2706 pmgressa
1556 2641 1582 2691 in
1597 2640 1724 2705 publicum
1738 2656 1783 2706 po·

1003 2765 1016 2789 ι
1032 2745 1234 2810 pulodeclarabo,
1240 2746 1312 2810 quasi
1320 2745 1453 2808 Tarquinio
1459 2743 1601 2805 mandante,
1609 2756 1691 2807 rogem
1699 2757 1785 2795 rerum

1003 2860 1015 2884 ι
1032 2842 1143 2893 omnium
1160 2856 1218 2892 cum
1234 2843 1386 2905 privatorum
1408 2845 1462 2890 torn
1479 2838 1634 2903 publicarum
1651 2851 1736 2889 curam
1757 2843 1784 2888 ct

1003 2957 1015 2980 ιι
1033 2936 1181 2996 custodiam,
1196 2937 1274 2986 donce
1292 2937 1345 3000 ipse
1362 2950 1394 2987 ex
1412 2935 1558 2986 vulneribus
1569 2935 1731 2996 convaluerit,
1745 2934 1782 2987 ai·

1003 3053 1015 3076 ιι
1033 3034 1079 3084 teri
1089 3046 1181 3096 genem
1192 3032 1346 3083 committere
1354 3032 1439 3082 Servio
1448 3031 1528 3083 Tullio
1538 3030 1606 3092 (nam
1616 3033 1687 3081 tuum
1695 3044 1784 3081 nomen

1003 3149 1015 3173 ι
1032 3130 1178 3194 proteram).
1193 3132 1246 3179 lloc
1264 3133 1347 3180 aulem
1359 3143 1408 3179 non
1425 3129 1509 3180 invitis
1522 3128 1566 3178 sed
1579 3126 1719 3178 volentibus
1731 3129 1784 3177 llo·

1003 3247 1014 3270 ιι
1032 3226 1173 3289 munisset,
1185 3229 1213 3276 ut
1224 3227 1364 3290 respublica
1377 3229 1425 3276 ata
1437 3230 1544 3290 regatur,
1555 3238 1570 3274 a
1582 3238 1632 3289 quo
1646 3223 1696 3274 iam
1714 3238 1783 3289 saepe

1003 3344 1015 3367 ιι
1033 3327 1058 3375 ct
1068 3328 1141 3376 antea
1154 3324 1290 3390 gubernata
1307 3322 1388 3373 luerit.
1422 3324 1485 3371 cum
1499 3324 1583 3371 aulem
1594 3302 1703 3383 praesens
1718 3319 1783 3382 peri·

1003 3444 1014 3468 ιι
1033 3428 1117 3475 culum
1135 3440 1151 3474 a
1171 3425 1241 3474 nobis
1258 3422 1419 3487 repulerimus
1434 3419 1608 3483 (omncsenim
1629 3417 1783 3467 inimicorum

1003 3541 1014 3563 ι
1034 3521 1098 3572 vires
1115 3521 1267 3572 collabantur
1281 3520 1429 3583 simulatque
1443 3531 1524 3582 regem
1539 3518 1623 3568 virere
1641 3516 1784 3566 nuntiatum

1003 3639 1015 3661 ι
1035 3619 1124 3683 luerit)
1138 3623 1197 3670 tunc
1213 3623 1249 3680 tu,
1265 3618 1397 3682 assumptis
1411 3616 1517 3666 fascibus
1526 3618 1552 3666 et
1563 3628 1689 3665 armorum
1703 3616 1785 3678 potes·

1003 3741 1015 3763 ι
1033 3722 1085 3771 tate
1096 3733 1152 3781 eos,
1167 3718 1211 3783 qui
1222 3719 1253 3769 de
1263 3717 1330 3767 caede
1341 3714 1464 3780 Tarquinii
1475 3713 1602 3764 consilium
1618 3713 1735 3775 inierunt,
1751 3711 1783 3761 ad

1003 3840 1015 3865 ι
1033 3820 1117 3887 popuii
1132 3818 1250 3868 iudicium
1262 3829 1331 3874 roca,
1345 3816 1410 3863 lacto
1423 3812 1491 3862 initio
1505 3810 1537 3860 ab
1550 3811 1609 3874 ipsis
1619 3809 1706 3861 Marcii
1717 3809 1782 3871 liliis,

1002 3936 1013 3958 ι
1032 3915 1096 3965 etin
1113 3914 1152 3963 ins
1166 3912 1273 3975 postula.
1310 3909 1432 3958 Onuribus
1448 3910 1531 3957 auteur
1543 3907 1664 3970 supplicio
1683 3903 1782 3970 capitali

1003 4032 1015 4053 ιι
1032 4011 1145 4069 allectis,
1165 4011 1187 4059 si
1205 4007 1386 4071 comparuerint
1399 4010 1424 4056 et
1438 4004 1556 4055 iudicium
1578 4005 1699 4055 subierint
1717 4022 1724 4054 r
1745 4002 1784 4054 sin

1003 4128 1015 4152 ι
1032 4109 1113 4158 autem
1131 4105 1298 4155 vadimonium
1314 4102 1474 4165 deseruerint,
1489 4101 1556 4166 quod
1568 4115 1611 4152 eos
1627 4102 1710 4166 polius
1729 4107 1783 4152 iac·

1002 4222 1013 4245 ι
1032 4207 1102 4253 turos
1113 4202 1227 4260 arbitror,
1234 4201 1321 4251 exsilio
1332 4204 1451 4264 perpetuo
1460 4204 1486 4250 et
1494 4201 1613 4250 bonorum
1620 4198 1784 4262 publicatione

1002 4319 1015 4343 ιι
1032 4298 1174 4357 mulctatis,
1193 4302 1245 4347 tum
1260 4312 1361 4362 regnum
1381 4298 1464 4359 tirma,
1484 4296 1652 4347 multitudinis
1672 4297 1782 4346 furorem

1003 4417 1015 4440 «
1032 4389 1153 4447 comitate
1165 4400 1190 4446 et
1203 4398 1289 4446 oliiciis
1307 4397 1352 4446 tibi
1369 4397 1509 4458 concilians,
1528 4397 1650 4460 praecipuc
1666 4406 1727 4443 roro
1738 4407 1783 4443 ca·

1002 4517 1015 4539 ι
1033 4508 1103 4555 rens,
1119 4508 1149 4543 no
1162 4494 1220 4558 quid
1237 4494 1326 4544 iniuste
1345 4493 1396 4554 fiat,
1411 4497 1435 4544 ct
1450 4494 1516 4544 circs
1530 4506 1619 4555 egenos
1635 4491 1783 4541 liberalitate

1003 4611 1014 4634 ιι
1032 4595 1057 4642 ct
1068 4591 1237 4657 beneficientia
1248 4592 1357 4642 alliciens
1370 4591 1472 4641 :deiude
1480 4604 1537 4640 cum
1549 4588 1619 4639 nobis
1629 4592 1727 4653 tempus
1735 4601 1783 4652 op·

1003 4709 1015 4732 ι
1033 4692 1166 4753 portorium
1192 4691 1272 4739 risum
1300 4690 1382 4751 luerit,
1410 4695 1470 4739 tunc
1492 4690 1603 4739 dicamus
1621 4689 1783 4752 Tarquinium

1003 4804 1015 4829 ιι
1032 4785 1132 4845 obiisse,
1143 4791 1167 4836 ct
1177 4787 1257 4850 palam
1267 4787 1336 4836 ilium
1346 4786 1478 4850 sepulturae
1487 4785 1640 4836 mandemus.
1674 4787 1783 4848 AEquum

1002 4886 1183 4945 «autumem,
1202 4886 1280 4945 Tulli,
1294 4883 1418 4949 siquidem
1436 4898 1451 4934 a
1469 4884 1539 4934 nobis
1560 4883 1630 4933 luisti
1651 4884 1677 4932 ci
1698 4883 1782 4933 nutri-

1003 4999 1014 5022 ιι
1033 4983 1104 5028 tusci
1114 4978 1250 5039 institutus,
1262 4984 1286 5029 et
1298 4979 1421 5043 particeps
1431 4978 1511 5029 lactus
1525 4980 1637 5029 omnium
1648 4978 1781 5040 bonorum,

1003 5096 1016 5119 ι
1033 5089 1090 5138 quse
1106 5089 1121 5123 a
1142 5075 1283 5138 parentibus
1305 5075 1389 5126 liberis
1408 5075 1528 5138 impertiri
1547 5075 1635 5137 solent,
1659 5076 1685 5123 at
1705 5072 1782 5124 filiam

1008 5194 1019 5218 ιι
1035 5177 1146 5223 nostram
1156 5187 1261 5224 uxorem
1271 5172 1349 5224 babes
1360 5174 1396 5234 ut,
1404 5171 1426 5224 si
1435 5186 1479 5223 rer
1488 5175 1652 5225 Romanorum
1659 5186 1698 5224 nra
1708 5174 1783 5225 adiu·
