3772 5828
618 355 912 429 ANTIQUITATUM
934 357 1083 417 ttortan'.
1108 359 1182 419 Lib.
1207 361 1242 419 ΙΙ.

128 509 195 564 μος,
219 483 277 546 ἀλλ’
306 489 323 556 ἡ
346 483 451 544 πάντων
473 483 615 562 ἐπιθυμία,
633 484 735 563 πρᾶγμ’
758 488 787 546 ού
813 486 903 549 καλόν.

127 574 198 634 Ἀλλ’
215 573 283 654 ὑπίρ
295 572 343 649 μέν
360 573 459 634 τούτων
474 574 568 652 ἑτέροις
580 575 707 651 παρίεμεν
724 574 842 635 σκοπεῖν.

165 663 283 724 LXXV·
293 659 360 721 Ὀδέ
371 662 464 737 Νόμας
472 663 506 728 είς
512 659 560 740 μέν
571 662 701 721 εὐτέλειαν
712 661 758 720 καὶ
768 661 902 743 σωφροούι

125 774 170 824 νην
176 749 221 810 tit
226 750 349 810 τοιούτων
361 750 507 809 συνέστειλε
517 749 604 825 νόμων
614 750 663 821 τὴν
670 752 756 810 πόλιν·
771 753 807 817 είς
818 750 845 809 δὲ
856 750 902 822 τὴν

83 863 97 902 a
125 839 186 919 περὶ
206 837 240 896 τθ
263 837 414 916 συμθόλαια
437 838 604 910 δικαιοσύνην
621 838 788 917 ὑπηγάγετο,
801 842 902 919 πρᾶγμ’

124 926 236 1007 ἐξευρὼν
251 925 411 1005 ἠγνοημένον
437 925 488 985 ὑπὸ
508 926 613 985 πάντων
628 929 680 985 τῶν
695 927 902 1005 καταστησαμέ-

125 1039 177 1074 νων
194 1014 240 1082 τάς
253 1016 405 1094 ἐλλογίμους
426 1014 571 1081 πολιτείας.
618 1015 706 1095 Ὁρῶν
729 1014 780 1097 γθρ
794 1015 834 1074 ὅτι
851 1019 902 1074 τῶν

128 1102 296 1180 συμίίολαίων
320 1105 352 1163 τθ
368 1102 416 1182 μίν
438 1107 464 1163 tr
489 1108 592 1185 φανερῷ
617 1103 662 1163 καί
680 1103 748 1181 μετά
763 1104 901 1184 μαρτύρων

126 1193 285 1271 πραττόμεν’
318 1195 336 1264 ἦ
359 1197 411 1253 τῶν
433 1192 561 1252 συνόντων
587 1191 666 1260 aiibi
690 1192 832 1270 φυλάττει,
857 1203 901 1252 καῖ

72 1293 96 1332 Ιθ
126 1281 230 1340 σπάνιοί
252 1281 320 1348 τινές
339 1283 404 1341 είσιν
427 1283 451 1340 οί
480 1281 539 1360 περὶ
562 1281 595 1341 τά
617 1278 717 1341 τοιαῦτ’
735 1282 899 1354 ἀδικοῦντες,

123 1369 156 1430 τθ
171 1370 194 1428 δ’
210 1370 350 1448 ἀμάρτυρα
367 1372 458 1450 πολλῷ
480 1369 564 1429 πλείω
577 1374 629 1428 τῶν
643 1370 739 1449 ἑτέρων
762 1369 824 1429 ὄντα
838 1370 900 1446 μίαν

124 1458 180 1538 ίχει
194 1457 314 1538 φυλακὴν
344 1457 392 1529 τὴν
416 1460 468 1516 τῶν
488 1457 677 1534 συμίίαλόντων
704 1460 812 1532 πίστιν,
840 1459 896 1538 περ’

124 1547 222 1618 ταύτην
237 1549 302 1628 ᾤετο
317 1547 371 1605 δεῖν
386 1547 534 1607 σπουδάσαι
554 1546 651 1613 παντὸς
675 1548 757 1606 ἄλλον
774 1550 900 1623 μάλιστα,

123 1635 168 1694 καί
185 1640 294 1706 ποιῆσαι
309 1635 384 1693 θείων
401 1634 543 1710 σεύασμῶν
558 1633 642 1703 ἀξίαν.
683 1636 767 1708 Δίκην
782 1635 830 1712 μέν
848 1637 899 1716 γθρ

122 1724 167 1781 καί
188 1725 275 1800 Θέμιν
295 1721 340 1781 καί
367 1721 482 1797 Νέμεσιν
505 1723 550 1783 καὶ
574 1724 622 1791 τάς
644 1725 809 1801 καλουμένας
834 1729 898 1804 παρ’

122 1808 254 1883 Ἕλλησιν
267 1804 405 1886 Ἰἰριννύας
419 1811 464 1870 καί
478 1810 527 1870 ὅσα
543 1811 641 1879 τούτοις
665 1814 762 1890 ὅμοια,
782 1814 833 1872 ὑπὸ
846 1816 898 1872 τῶν

122 1900 257 1979 προτέρων
269 1898 444 1979 ἀποχρώντως
456 1903 638 1961 ἀκτεθειῶσθαί
650 1926 679 1961 τε
699 1901 744 1961 καί
760 1906 896 1962 καθωσιῶ·

123 1993 182 2047 σθαι
203 1989 319 2065 ίνάμισε·
336 1989 431 2050 Πίστιν
449 1988 493 2063 δέ,
514 1981 547 2061 ἧς
568 1988 627 2049 ούτε
642 1995 729 2068 μεῖζον
750 1988 802 2049 οὗθ’
818 1991 897 2070 ἱερώ-

123 2099 196 2156 τερον
218 2077 300 2141 πάθος
325 2080 352 2137 ε’ν
373 2077 520 2158 ἀνθρώποις
545 2078 633 2151 οὐδέν,
657 2077 730 2138 ούιτω
755 2078 896 2156 σεύασμῶν

67 2194 71 2206 ·
122 2165 273 2244 τυγχάνειν,
289 2165 344 2225 οὔτ’
362 2171 389 2228 ἐν
404 2169 458 2232 τοῖς
472 2174 565 2233 κοινοῖς
585 2171 635 2225 τῶν
658 2170 760 2227 πολεων
775 2169 898 2248 πράγμα·

121 2276 161 2312 σιν
179 2254 231 2314 οὔτ’
247 2258 274 2314 ίν
289 2263 342 2323 τοῖς
356 2255 440 2320 ἰδίοις.
483 2257 577 2314 Ταῦτα
594 2254 625 2326 δὴ
641 2257 783 2327 διανοηθείς
796 2260 897 2337 πρῶτος

120 2342 262 2421 ἀνθρώπων
287 2344 356 2423 ίερθν
380 2342 505 2420 ἱδρύσατο
529 2341 651 2409 Πίστεως
678 2344 824 2420 δημοσίας,
852 2347 896 2404 καί

121 2431 212 2497 θυσίας
235 2432 301 2508 αὐτῇ
326 2431 509 2500 κατεστήσατο
524 2426 644 2510 καθάπερ
668 2432 713 2488 καί
727 2436 780 2499 τοῖς
810 2433 897 2500 ἄλλοις

123 2521 189 2582 θεοῖς
207 2518 390 2592 δημοτελεῖς.’
426 2515 543 2591 Ἔμελλε
572 2518 593 2572 δ’
618 2518 669 2595 ἄρα
690 2517 737 2575 σὐν
756 2518 843 2599 χρόνῳ
867 2524 896 2579 τὀ

122 2603 207 2662 κοινὸν
234 2607 280 2675 τῆς
302 2604 402 2670 πόλεως
425 2594 505 2675 ἦθος,
533 2603 626 2662 πιστὸν
649 2605 694 2663 καί
711 2605 815 2684 βέθαιον
834 2609 897 2690 πρθς

121 2691 274 2772 ἀνθρώπους
296 2691 446 2769 γενόμενον,
470 2691 599 2758 τοιούτους
627 2694 826 2772 ἀπεργάσασθαι
851 2697 896 2755 καί

119 2778 180 2846 τοὺς
199 2782 252 2838 τῶν
280 2781 390 2840 ίδιωτῶν
404 2779 523 2860 τρόπους.
565 2779 644 2841 Οὕτω
662 2785 688 2862 γ’
700 2771 745 2841 σύν
768 2783 895 2855 σεύαστόν

116 2893 142 2928 τι
163 2877 275 2947 πρᾶγμα
299 2868 344 2928 καί
366 2869 492 2947 ἀμίαντον
516 2869 638 2947 ίνομίσθη
661 2871 691 2930 τὸ
704 2871 809 2946 πιστὸν,
830 2873 894 2934 ὥσθ’

116 2956 192 3033 ὅρκον
208 2979 235 3014 τε
252 2956 375 3035 μέγιστον
394 2958 516 3035 γενέσθαι
531 2956 580 3029 τὴν
596 2958 663 3017 ίδίαν
678 2959 790 3020 ἑκάστου
806 2961 893 3022 πίστιν

115 3043 161 3102 καί
182 3046 327 3126 μαρτυρίας
355 3049 497 3122 συμπάσης
533 3049 721 3127 ἰσχυροτάτην·
734 3118 737 3126 Ι
750 3050 796 3109 καὶ
822 3053 894 3111 ὁπόθ’

116 3131 181 3213 ὑπὲρ
195 3135 349 3214 ἀμαρτύρου
364 3137 580 3214 συναλλάγματος
597 3136 743 3217 ἀμφίλογόν
760 3162 786 3196 τι
800 3139 894 3216 γένοιθ’

116 3220 153 3278 ἐνί
167 3222 232 3301 πρὸς
244 3223 302 3301 ένα,
318 3227 335 3294 ἡ
351 3225 487 3298 διαιροῦσα
510 3224 540 3284 τὸ
564 3234 646 3291 νεῖκος
669 3226 714 3283 καί
733 3227 894 3307 προσωτέρω

114 3311 207 3388 χωρεῖν
238 3313 286 3371 οὐκ
307 3314 378 3371 ἐῶσα
403 3308 453 3382 τθς
479 3315 637 3391 φιλονεικίας
663 3317 680 3384 ἡ
707 3316 815 3396 θατέρου
841 3319 893 3374 τῶν

116 3399 335 3476 διαδικαζομένων
365 3402 452 3459 αὐτῶν
468 3401 556 3467 πίστις
576 3394 621 3474 ἦν·
646 3401 675 3460 αἴ
697 3404 720 3460 τ’
742 3404 823 3484 ἀρχαί
848 3404 892 3463 καὶ

59 3503 87 3542 as
117 3484 151 3544 τά
165 3488 322 3568 δικαστήρια
333 3490 368 3550 τά
383 3491 496 3548 πλεῖστα
513 3493 564 3548 τῶν
576 3490 825 3571 ἀμφισίίητημάτων
840 3494 893 3560 τοῖς

117 3571 148 3628 ἐκ
168 3575 214 3643 τῆς
233 3573 345 3642 πίστεως
366 3575 452 3655 ὅρκοις
484 3576 591 3655 διῄτων.
636 3580 756 3637 Τοιαῦτα
785 3579 833 3654 μέν
859 3580 891 3652 δὴ

117 3659 283 3740 σωφροσύνης
301 3686 330 3722 τε
344 3664 534 3743 παρακλητικὰ
556 3664 600 3722 καὶ
617 3665 782 3736 δικαιοσύνης
809 3669 891 3748 ἀναγ-

113 3747 236 3828 καστηρί
250 3750 299 3811 ὑπὸ
311 3757 358 3811 τοῦ
381 3752 461 3828 Νόμα
471 3753 526 3810 τότ’
538 3751 701 3831 ἐξευρεθέντα
714 3757 892 3838 κοσμιωτέραν

112 3837 200 3903 οἰκίας
213 3842 258 3908 τῆς
279 3840 398 3919 κράτιστ’
420 3840 573 3916 οἰκουμένης
592 3841 639 3910 rip
655 3840 798 3918 Ῥωμαίων
815 3847 890 3904 πόλιν

56 3953 84 3992 to
112 3926 304 4004 ἀπειργάσατο.

151 4013 326 4075 LXXV1.⁶A
341 4013 367 4074 δέ
383 4017 473 4094 μελλω
487 4021 532 4074 ν’ύν
547 4015 632 4095 λέγειν
644 4019 756 4093 ἐπιμελῆ
769 4020 792 4077 τ’
808 4019 889 4091 αύτλν

110 4099 232 4160 ἀπέδωκε
250 4106 303 4161 τῶν
325 4104 476 4182 ἀναγκαίων
502 4103 548 4164 καὶ
571 4108 624 4163 τῶν
647 4108 750 4184 ἀγαθῶν
771 4109 887 4188 ἐργάτιν.

112 4186 323 4266 Ἐνθυμούμενος
336 4192 386 4271 γθρ
400 4198 414 4252 b
430 4193 508 4274 ἀνὴρ,
524 4192 565 4252 ὅτι
586 4194 661 4255 πολιν
674 4195 721 4265 τὴν
742 4197 888 4273 μέλλουσαν

112 4276 259 4353 ἀγαπήσειν
271 4278 304 4337 τὰ
315 4280 402 4338 δίκαια
416 4282 461 4341 καί
472 4281 559 4359 μένειν
570 4285 595 4340 έν
607 4289 646 4363 τῷ
656 4283 769 4365 σώφρονι
783 4284 832 4367 βίῳ
843 4292 890 4359 τῆς

56 4390 82 4429 to
113 4364 259 4441 ἀναγκαίου
279 4369 317 4426 δεῖ
332 4369 459 4448 χορηγίας
484 4371 613 4450 εὐπορεῖν,
635 4373 713 4431 διεῖλε
727 4372 774 4444 τὴν
798 4374 887 4456 χώραν

112 4451 219 4512 άπασαν
234 4458 270 4521 εἷς
279 4455 339 4521 τοὺς
354 4459 529 4536 καλουμένους
544 4458 654 4540 πάγους,
667 4463 713 4521 καί
727 4463 888 4535 κατέστησεν

110 4541 150 4618 ἀφ’
166 4544 279 4602 ἑκάστου
300 4549 353 4604 τῶν
377 4549 471 4624 πάγων
492 4547 598 4628 ἄρχοντ’
623 4551 765 4610 ἐπίσκοπόν
787 4576 816 4611 τε
842 4554 886 4612 καί

109 4629 248 4709 περίπολον
264 4637 311 4705 τῆς
330 4634 395 4701 itia<
420 4638 525 4719 μοίρας.
570 4630 650 4698 Οὗτοι
674 4640 725 4718 γάρ
745 4643 887 4721 περιϊόντες

110 4720 208 4794 θαμινὰ
223 4723 282 4788 τοὺς
296 4712 324 4782 εὖ
338 4746 366 4781 τε
380 4724 426 4782 καὶ
436 4730 525 4793 κακῶς
538 4728 720 4805 εἰργασμένους
735 4733 785 4788 τῶν
799 4735 886 4810 ἀγρῶν

57 4826 83 4865 ου
109 4807 286 4889 θπεγράφοντο
307 4811 435 4891 καὶπρὸς
460 4814 504 4871 τὸν
529 4816 631 4892 βασιλέ’
645 4817 800 4899 ἀπέφαινον·
824 4822 838 4877 θ
858 4820 885 4880 δέ

108 4893 167 4963 τούς
192 4896 240 4974 μὲν
262 4901 394 4977 ἐπιμελεῖς
409 4901 539 4982 γεωργούς
553 4903 667 4971 ἐπαίνοις
686 4929 713 4964 τε
729 4908 775 4966 καί
792 4910 884 4989 φιλαν·

108 4985 233 5060 θρωπίαις
257 4987 435 5065 ἀνελάμύανε,
470 4989 529 5060 τοθς
553 4987 576 5050 δ’
605 4991 698 5075 ἀργούς
731 4995 883 5074 [γεωργοὺς]

108 5074 236 5143 ὀνειδίζων
258 5076 353 5134 τεκαὶ
374 5081 474 5156 ζημιῶν
488 5079 533 5138 ἐπὶ
549 5079 579 5138 τὸ
604 5084 755 5161 θεραπεύειν
780 5085 884 5159 ἄμεινον

106 5160 155 5233 τὴν
168 5167 217 5240 γῆν
239 5166 428 5245 προύτρέπετο.
465 5169 605 5248 Τοιγάρτοι
626 5171 747 5246 πολέμων
762 5173 784 5229 τ’
798 5173 883 5243 ἀπηλ·

1678 367 1736 428 ίῖδ

960 509 1008 546 non
1021 496 1082 560 iege,
1102 497 1169 560 quod
1189 501 1228 547 est
1243 498 1392 548 indecorum.
1410 500 1458 549 Sed
1479 500 1532 550 baec
1553 502 1606 552 aiiis
1624 506 1736 557 rorrside·

959 585 1035 635 runda
1058 586 1228 649 relinquimus.

989 687 1084 735 LXXV.
1108 689 1189 735 Numa
1209 686 1283 749 igitur
1305 686 1336 734 ad
1360 686 1524 749 frugalitatem
1549 692 1574 738 et
1600 694 1726 754 temperari

957 777 1018 825 tiam
1036 780 1197 829 exercendam
1218 780 1284 830 cives
1314 780 1352 831 iris
1373 781 1467 843 iegibus
1491 787 1661 848 propensiores
1680 791 1735 839 red·

957 871 1020 921 didit
1051 891 1058 921 ε
1092 877 1120 922 ut
1148 888 1206 923 uero
1226 876 1251 924 in
1283 878 1451 928 contractibus
1476 892 1575 942 aequum
1600 893 1736 944 sequeren-

957 970 999 1018 tur
1019 969 1140 1031 adduxit,
1166 984 1219 1022 rem
1246 974 1386 1037 ermgitans
1409 976 1440 1027 ab
1468 977 1584 1029 omnibus
1604 980 1647 1042 qui
1672 981 1736 1030 eete-

958 1062 1079 1113 berrimas
1095 1066 1346 1130 rerumpublicarum
1372 1071 1463 1121 formas
1493 1072 1651 1123 instituerant
1673 1074 1737 1137 igno

957 1163 1043 1206 ratam.
1077 1157 1168 1208 videns
1193 1159 1260 1209 enim
1292 1165 1433 1212 contractus
1458 1177 1509 1214 eos
1539 1164 1581 1227 qui
1604 1164 1685 1226 palam
1710 1168 1737 1212 et

957 1246 1062 1297 testibus
1089 1249 1205 1300 adhibitis
1224 1250 1301 1313 tiunt,
1324 1254 1357 1303 ob
1388 1255 1552 1305 reverentiam
1574 1257 1734 1320 praesentium

957 1340 1050 1391 servari
1063 1344 1088 1391 et
1104 1357 1119 1390 a
1139 1346 1268 1408 perpaucis
1279 1345 1380 1394 violari:
1404 1360 1448 1397 eos
1462 1361 1521 1397 vero
1532 1348 1576 1410 qni
1597 1349 1649 1399 sine
1661 1348 1732 1398 testi-

957 1433 1002 1482 bus
1014 1434 1074 1488 tinnt
1084 1436 1198 1499 (quorum
1206 1437 1278 1499 longe
1290 1439 1368 1487 maior
1380 1442 1419 1488 est
1427 1451 1545 1489 numerus
1555 1453 1630 1502 quam
1641 1443 1734 1489 cetero

955 1525 1025 1589 rum)
1039 1526 1092 1577 sola
1105 1527 1304 1578 contrahentium
1321 1528 1369 1579 trde
1382 1529 1517 1590 custodiri,
1537 1529 1595 1579 huic
1610 1530 1734 1593 praecipue
1832 1548 1836 1557 ·

954 1621 1045 1680 praeter
1056 1622 1139 1668 cetera
1151 1620 1232 1669 omnia
1250 1633 1352 1683 operam
1365 1620 1487 1681 dandam,
1509 1620 1620 1683 hancque
1641 1619 1732 1671 divitiis

953 1707 1087 1758 honoribus
1100 1709 1227 1760 colendam
1244 1710 1348 1760 censuit.
1377 1713 1439 1761 Nam
1451 1711 1578 1761 iustitiam
1591 1714 1616 1761 et
1629 1711 1731 1761 Themin

953 1805 979 1850 et
999 1801 1126 1862 Nemesin,
1146 1805 1172 1851 et
1187 1815 1230 1850 eas
1243 1816 1329 1865 quma
1353 1803 1447 1853 Graecis
1463 1806 1583 1853 vocantur
1598 1805 1729 1866 firmares,

953 1896 978 1942 et
987 1905 1149 1956 quecumque
1162 1895 1274 1943 nurnine
1286 1893 1325 1943 bis
1335 1896 1391 1943 sunt
1404 1893 1501 1955 simitia,
1515 1894 1676 1944 amatoribus
1693 1909 1729 1944 sa-

952 1983 986 2031 tia
1003 1982 1097 2046 amplos
1111 1983 1217 2034 bonores
1237 1986 1263 2034 et
1284 1983 1378 2035 cultum
1396 1988 1532 2034 consecuta
1546 1984 1705 2035 existimavit
1722 2005 1729 2034 ι

952 2077 997 2126 sed
1010 2075 1103 2139 Fidem,
1114 2091 1163 2140 qua
1177 2076 1244 2140 apud
1260 2076 1378 2128 mortales
1394 2076 1462 2127 nulia
1477 2090 1516 2127 res
1527 2080 1566 2126 est
1577 2079 1622 2126 aut
1631 2077 1730 2140 gravior
1806 2134 1808 2139 4

951 2171 997 2218 aut
1008 2169 1124 2230 sanctior,
1135 2170 1338 2230 orrirnodeorttt,
1352 2169 1434 2219 nultos
1446 2168 1506 2219 dum
1516 2168 1597 2218 cultus
1609 2166 1649 2217 rel
1665 2169 1729 2232 apud

951 2262 1104 2326 respublicas
1124 2263 1164 2313 ret
1190 2262 1257 2326 apud
1286 2263 1397 2328 privatos
1424 2261 1535 2313 bondaes
1563 2264 1728 2311 consecutam.

951 2354 1011 2402 Hac
1030 2351 1105 2416 igitur
1125 2355 1242 2416 reputans
1257 2351 1351 2415 primas
1370 2352 1479 2402 omnium
1500 2352 1641 2402 mortalium
1663 2354 1729 2401 tem·

951 2442 1020 2506 pium
1033 2443 1101 2493 Fidei
1113 2442 1218 2506 pubtieae
1237 2443 1326 2505 erexit,
1338 2442 1413 2506 eique
1434 2443 1555 2492 saenfieia
1572 2442 1688 2501 instituit,
1701 2446 1729 2492 ut

950 2538 974 2585 ot
987 2534 1043 2585 aliis
1053 2535 1108 2594 diis,
1121 2549 1179 2598 quae
1192 2534 1290 2598 publiea
1306 2537 1407 2596 sumptu
1424 2533 1522 2585 tierent.
1554 2536 1615 2584 Nam
1632 2532 1729 2595 publiea

950 2628 1059 2678 civitatis
1074 2627 1135 2677 ides
1156 2632 1182 2677 et
1196 2628 1334 2677 constantia
1347 2641 1404 2691 erpa
1417 2615 1531 2677 homines
1540 2626 1660 2690 temporis
1671 2639 1726 2688 pro·

949 2733 1036 2783 gressu
1056 2721 1208 2782 privatorum
1228 2733 1325 2783 quoque
1340 2733 1421 2771 moras
1437 2720 1497 2770 talea
1517 2723 1571 2769 erat
1591 2717 1726 2770 redditura.

951 2822 1024 2872 Fides
1037 2826 1120 2873 autem
1141 2835 1179 2871 res
1196 2822 1258 2873 adeo
1274 2822 1413 2873 veneranda
1434 2825 1460 2871 et
1478 2835 1526 2870 non
1547 2820 1661 2870 violanda
1686 2821 1727 2871 ba-

949 2913 1060 2976 bebatur,
1072 2918 1100 2962 ut
1111 2928 1154 2977 per
1162 2927 1233 2963 suam
1242 2914 1331 2977 cuique
1348 2912 1420 2962 tidem
1430 2911 1637 2962 maximumesset
1647 2913 1727 2963 iusiu-

947 3005 1051 3056 randum
1061 3008 1099 3058 rei
1114 3006 1180 3056 omni
1189 3004 1328 3055 testimonio
1336 3001 1538 3066 tangeretidius:
1553 3005 1578 3051 et
1589 3000 1687 3064 quoties
1695 3003 1727 3054 de

948 3101 1076 3147 contractu
1090 3096 1141 3147 sine
1156 3095 1263 3146 testibus
1280 3097 1346 3146 tacto
1368 3094 1434 3145 inter
1447 3094 1541 3158 aliquos
1559 3096 1726 3146 controversia

947 3190 1002 3236 orta
1027 3187 1129 3247 suisset,
1149 3186 1202 3250 ipsa
1231 3185 1293 3234 fides
1320 3185 1421 3234 alterius
1439 3182 1627 3248 disceptantium
1656 3185 1725 3235 iitem

947 3276 1091 3337 dirimebat,
1104 3289 1182 3339 neque
1207 3276 1311 3325 ulterius
1327 3276 1505 3326 contentionem
1526 3276 1638 3339 progredi
1656 3277 1723 3326 aine-

947 3367 991 3435 bat
1013 3387 1019 3417 :
1041 3372 1067 3419 et
1088 3369 1246 3429 magistratus
1270 3371 1296 3416 et
1318 3367 1411 3416 iudices
1433 3367 1565 3416 maximam
1580 3370 1723 3416 controver-

947 3462 1038 3511 siarum
1071 3464 1166 3525 partem
1195 3473 1238 3523 per
1252 3460 1325 3509 tidem
1348 3458 1505 3510 iureiurando
1525 3459 1669 3521 interposito
1683 3458 1722 3507 di·

947 3551 1076 3602 timebant.
1112 3554 1191 3613 atque
1209 3550 1264 3599 haee
1288 3563 1317 3599 ea
1337 3554 1396 3601 sunt
1408 3565 1465 3615 qum
1485 3555 1580 3607 durna,
1596 3554 1625 3599 ut
1641 3549 1723 3600 homi·

946 3658 990 3693 nes
1000 3643 1032 3693 ad
1050 3641 1236 3704 temperantiam
1251 3640 1387 3703 impelleret
1402 3646 1428 3692 et
1439 3641 1470 3691 ad
1485 3641 1604 3691 iustitiam
1617 3646 1722 3705 cogeret,

947 3741 1005 3786 tunc
1016 3734 1166 3797 excogitavit
1178 3751 1184 3782 ι
1197 3732 1288 3796 quibus
1300 3733 1427 3783 meliorem
1441 3734 1550 3784 ordinem
1561 3735 1585 3783 in
1599 3732 1724 3797 republica

945 3828 1054 3874 Romana
1072 3824 1215 3885 constituit,
1230 3838 1305 3888 quam
1320 3825 1362 3888 qni
1373 3838 1427 3875 esse
1438 3830 1520 3888 posset
1535 3826 1560 3873 in
1571 3824 1645 3874 domo
1658 3825 1722 3889 opti·

945 3929 984 3966 me
998 3914 1178 3965 administrata.

975 4012 1083 4063 LXXVI.
1109 4016 1170 4070 Qua·
1186 4017 1270 4063 autem
1284 4014 1369 4064 statim
1384 4027 1438 4061 sum
1458 4012 1570 4063 dicturus
1588 4015 1723 4065 etieceruat

943 4113 972 4160 ut
994 4124 1022 4160 ea
1045 4112 1069 4161 in
1094 4110 1168 4161 rebus
1191 4113 1334 4162 necessariis
1346 4116 1413 4162 esset
1428 4111 1532 4175 diligens
1547 4115 1621 4176 atque
1641 4115 1723 4164 omnia

943 4206 1047 4257 honesta
1060 4207 1160 4257 taceret.
1194 4208 1256 4257 Cum
1268 4209 1334 4258 enim
1347 4208 1386 4258 vir
1405 4208 1446 4258 itte
1467 4208 1563 4259 rideret
1588 4211 1721 4270 civitatem,

943 4315 999 4365 que
1010 4303 1130 4353 iustitiam
1141 4317 1256 4355 exercere
1269 4306 1365 4355 etrite
1382 4306 1570 4369 temperantiam
1582 4311 1722 4357 constanter

943 4403 1022 4451 coiere
1047 4401 1137 4463 vellet,
1155 4405 1268 4466 oportere
1295 4401 1369 4453 rebus
1393 4403 1424 4454 ad
1452 4405 1547 4455 rictum
1576 4403 1720 4455 necessariis

942 4498 1075 4559 abundare,
1088 4498 1173 4552 divisit
1186 4504 1266 4551 toturn
1280 4516 1366 4566 agrum
1382 4502 1407 4552 in
1423 4507 1519 4567 partes,
1529 4517 1586 4568 que
1598 4503 1653 4567 pagi
1673 4516 1720 4551 ro·

941 4597 1036 4656 cantur,
1052 4600 1077 4647 et
1086 4597 1188 4662 singuiis
1197 4599 1266 4663 pagis
1275 4599 1382 4663 singulos
1393 4601 1522 4665 magistros
1534 4600 1658 4664 praetecit,
1676 4599 1719 4663 qui

941 4700 1024 4745 emeat
1036 4694 1141 4759 regionis
1152 4696 1200 4746 sibi
1213 4697 1352 4748 commissa
1363 4698 1512 4763 inspectores
1523 4699 1548 4748 et
1562 4697 1713 4747 circuitores.

940 4793 972 4842 iti
983 4806 1050 4844 earm
1059 4794 1197 4859 frequenter
1204 4796 1366 4847 circumibant
1380 4802 1407 4848 et
1426 4811 1513 4848 eornm
1529 4797 1572 4858 qui
1594 4808 1664 4859 agros
1679 4795 1718 4846 rei

941 4890 1057 4940 benerei
1075 4891 1139 4942 mate
1158 4892 1284 4944 coluerant
1307 4895 1405 4944 nomina
1425 4893 1564 4955 conscripta
1583 4891 1616 4940 ad
1636 4903 1719 4956 regem

940 4985 1092 5037 deferebant.
1126 4988 1169 5038 iiie
1194 5002 1255 5039 vero
1278 4989 1405 5054 diligentes
1424 4988 1542 5053 agricolas
1568 4987 1720 5041 collaudatos

941 5096 1038 5132 somma
1047 5082 1201 5135 humanitate
1222 5084 1371 5149 excipiebam
1384 5086 1410 5135 at
1424 5096 1509 5148 segnes
1520 5083 1620 5137 colonos
1632 5087 1719 5140 obiur-
1790 5154 1793 5159 Ι

941 5180 1040 5242 gatione
1053 5181 1127 5243 atque
1139 5179 1214 5230 etiam
1234 5179 1313 5230 muita
1334 5179 1466 5244 castigatos
1483 5181 1515 5233 ad
1536 5195 1609 5248 agros
1631 5184 1720 5236 meam
