3772 5828
579 365 871 440 ANTIQUITATUM
891 367 1038 430 ROMAN.
1062 369 1134 430 LlB.
1157 371 1222 431 Vll.

1634 380 1690 438 tul

13 486 25 499 ν
80 527 155 564 νοντο
173 506 224 570 τοῖς
239 499 386 582 δημάρχοις
398 499 464 580 πρὸς
478 498 537 567 τοὺς
559 500 673 568 ὑπάτους
688 501 853 579 ἀντιλογίαι,
911 510 1028 562 bunoset
1042 513 1156 564 eonsules
1176 514 1350 566 altercationes
1367 516 1427 566 sunt
1445 519 1548 575 secutae,
1569 519 1594 566 et
1616 532 1695 584 neque

82 593 127 653 καί
152 591 210 651 οὑτε
231 595 245 651 ὁ
264 593 346 666 δῆμος
374 588 483 660 όιτόσ’ή
504 586 586 668 βουλὴ
609 591 754 670 ψηρίσαιτο
778 589 857 667 κύρια
911 600 965 664 ipsa
979 600 1049 666 plebs
1067 604 1282 655 senatusconsulta
1299 608 1353 655 rata
1371 603 1494 663 babebat,
1517 618 1598 667 neque
1622 621 1695 656 sena-

81 683 180 762 ήγιῖτο,
197 678 251 739 οὗθ’
266 671 303 739 ὧν
320 683 334 738 θ
348 679 431 755 δῆμος
443 678 518 756 γνοίη
534 683 568 758 τῇ
585 681 665 758 βουλιῗΙ
680 680 755 759 ρίλον
767 703 793 738 τι
806 672 858 752 ήν·
916 694 958 741 tus
979 690 1033 755 ipae
1048 690 1098 741 ulla
1119 691 1246 754 plebiscita
1263 694 1422 757 approbabat.
1456 693 1504 743 Sed
1525 707 1612 757 magna
1636 708 1696 743 con·

82 765 370 849 ἀντιπαρατεταγμένοι
392 765 419 825 δέ
435 766 481 825 καί
495 766 529 826 δι’
551 767 664 848 ὑποψίας
681 767 787 848 ἔχοντες
813 768 859 827 ἀλ·

920 775 1032 827 tentione
1048 778 1150 840 utrique
1169 778 1255 829 alteris
1274 778 1480 840 adversabantur,
1501 784 1526 830 et
1547 794 1573 830 se
1592 779 1695 830 invicem

42 858 175 930 ῦλήλους
197 856 339 917 διετέλουν.
381 855 423 917 ot
448 852 500 933 μήν
524 854 555 914 τό
572 879 603 935 γε
621 859 696 933 μίσος
716 859 801 916 αὐτῶν
824 859 861 923 εἷς
914 867 1044 928 suspectos
1052 863 1187 915 habebant.
1221 869 1399 917 verumtamen
1410 866 1472 917 illud
1482 866 1567 917 odium
1580 880 1628 917 non
1638 880 1697 931 pro-

81 948 156 1028 ἔργον
175 946 323 1018 ἀνήκεστον
343 943 494 1025 ἐχώρησεν,
520 937 562 1004 οἷα
587 947 613 1004 ἐν
643 956 700 1013 ταῖς
725 945 862 1013 τοιαύταις
915 952 991 1003 cessit
1003 952 1105 1003 ulterius
1119 953 1152 1002 ad
1169 953 1266 1003 lacinus
1277 954 1375 1017 aliquod
1399 956 1508 1019 gravius,
1522 959 1551 1007 ut
1566 956 1591 1006 in
1612 956 1698 1006 istius·

82 1037 152 1114 φιλεῖ
172 1034 288 1114 γίνεσθαι
308 1033 449 1112 ταραχαῖς.
492 1031 563 1093 Ούτε
578 1031 630 1115 γδιρ
647 1039 671 1095 οἱ
691 1033 802 1108 πένητες
817 1033 863 1094 ἐπὶ
916 1042 984 1093 modi
996 1040 1147 1093 tumultibus
1161 1043 1274 1092 accidere
1290 1043 1360 1094 solet.
1397 1045 1459 1094 Nam
1476 1059 1557 1110 neque
1575 1058 1699 1110 pauperes

82 1122 130 1190 τδις
143 1120 226 1188 οἰκίας
235 1120 363 1201 ὥρμησαν
378 1125 430 1180 τῶν
441 1122 586 1194 πλουσίοιν,
598 1122 659 1181 ἔνθα
674 1121 862 1199 ὑπελάμύανόν
917 1134 1036 1198 impetum
1052 1135 1163 1185 lecerunt
1177 1134 1202 1184 in
1223 1134 1329 1185 divitum
1347 1135 1447 1197 domos,
1476 1137 1518 1187 ubi
1538 1139 1657 1201 putarunt
1669 1149 1697 1187 ae

84 1235 156 1277 τινας
171 1209 290 1290 εὑρήσειν
305 1211 484 1287 ἀποκειμένας
499 1210 640 1290 τρορίις,ἢ
658 1211 705 1283 τήν
717 1214 744 1270 ἐν
758 1215 796 1292 τῷ
810 1233 863 1291 ροι-
916 1222 1061 1273 inventuros
1078 1222 1160 1285 aliqua
1178 1221 1294 1272 alimenta
1306 1222 1442 1283 recondita,
1469 1226 1513 1274 aut
1530 1227 1696 1275 commeatum

30 1336 57 1374 ,ῃ
83 1303 150 1380 νερῷ
171 1298 269 1381 ἀγορδιν
284 1299 410 1376 ἁρπάζειν
426 1298 673 1373 ἐπεόάλοντο,διλλ’
690 1298 864 1375 ὑπομένοντες
917 1311 1044 1376 propalam
1065 1308 1178 1360 venalem
1202 1311 1343 1374 expositum
1360 1309 1489 1363 auai'sunt
1511 1312 1630 1377 diripere;
1652 1315 1696 1364 sed

83 1389 204 1446 ὠνεῖσθαι
220 1388 319 1446 πολλοῦ
333 1385 457 1468 διαρόρου
470 1385 624 1467 μικρδι,καὶ
639 1388 718 1448 θπότε
730 1387 863 1472 ἐξαπορη-
917 1412 991 1463 aequo
1002 1398 1086 1448 animo
1110 1412 1230 1448 annonam
1248 1412 1351 1462 parram
1369 1413 1458 1464 magno
1471 1401 1551 1465 pretio
1568 1402 1697 1465 emebant,

84 1482 149 1535 θεῖεν
169 1475 293 1556 ἀργυρίου
310 1475 356 1542 τάς
375 1479 405 1534 ἐκ
425 1481 473 1555 γῆς
489 1478 561 1554 βίζας
587 1479 675 1538 τεκαὶ
692 1478 805 1557 βοτάνας
820 1500 863 1536 σι-

83 1564 359 1643 τούμενοιάνείχοντο·
380 1561 440 1624 οὔτε
458 1567 481 1624 οἱ
496 1566 615 1627 πλούσιοι
631 1568 786 1646 βιασάμενοι
804 1563 863 1635 τοὺς

919 1494 1013 1541 etcum
1034 1489 1194 1554 pecuniosos
1208 1489 1347 1551 deficiebat,
1360 1492 1486 1543 radicibus
1499 1506 1530 1574 ex
1546 1496 1614 1542 terra
1624 1493 1696 1542 evul-

918 1576 953 1628 sis
967 1580 993 1627 et
1006 1576 1089 1627 herbis
1101 1590 1156 1628 sese
1175 1582 1304 1642 pascentes
1327 1579 1417 1630 tamem
1437 1579 1598 1630 tolerabant:
1618 1592 1701 1641 nequa

85 1656 283 1735 ἀσθενεστέρους
297 1659 370 1735 τῇσι
384 1655 468 1737 οέκιίορ
483 1655 603 1734 δυνάμει,
619 1657 706 1735 καλτῇ
722 1655 796 1735 παρδ
810 1659 863 1716 τῶν
916 1663 1008 1714 divites
1020 1663 1044 1712 ri
1055 1663 1258 1715 imbecillioribus
1268 1666 1352 1727 allata,
1366 1667 1423 1717 treti
1432 1665 1485 1716 suis
1500 1669 1526 1716 et
1535 1665 1701 1717 clientelamm

32 1780 58 1820 ,γ
84 1747 204 1804 πελατῶν
229 1746 315 1823 πολλῇ
346 1741 410 1824 ούσῃ
433 1748 576 1826 κατασχεῖν
607 1747 680 1805 αὐτοὶ
713 1744 760 1816 τήν
786 1745 863 1805 πολιν
917 1751 1013 1816 maguis
1025 1750 1123 1814 opibus,
1136 1751 1224 1802 urbem
1237 1752 1283 1802 soli
1301 1753 1538 1812 tenereuoluerunt,
1552 1753 1655 1817 reliquis
1669 1767 1700 1804 ex

84 1831 211 1905 ἠξίωσαν,
228 1831 286 1899 τοὺς
301 1830 347 1909 μὲν
359 1830 526 1901 ἐξελάσαντες
540 1835 567 1903 ἐξ
578 1835 669 1909 αὐτῆς,
681 1833 743 1901 τοθς
754 1833 783 1894 δέ
797 1835 863 1894 ἀπο·

85 1920 249 1986 κτείναντες·
269 1918 337 1979 ἀλλά
361 1920 487 1996 διέμενον,
501 1921 593 2003 ὥσπερ
614 1926 638 1984 οἱ
659 1921 862 2004 σωφρονέστατα

84 2007 282 2085 πολιτευόμενοι
296 2007 361 2087 πρὸς
374 2009 433 2077 τοὺς
447 2009 517 2078 υίοίις
532 2011 655 2088 πατέρες,
669 2010 794 2092 εὐνοούσῃ
815 2011 861 2072 καὶ

85 2096 217 2175 κηδομένῃ
236 2102 269 2178 τῇ
285 2099 349 2178 ὀργῇ
362 2097 427 2177 πρὸς
442 2098 490 2166 τάς
508 2099 666 2182 ἁμαρτάδας
685 2102 772 2162 αὐτῶν
791 2099 862 2181 χρώ·

27 2210 59 2249 ‘20
87 2207 171 2259 μενοι.
214 2183 345 2258 Τοιαύτης
368 2187 396 2245 δέ
424 2189 614 2254 καταστάσεως
637 2189 715 2262 οὔσης
730 2189 792 2268 περὶ
812 2188 861 2260 τήν

86 2273 206 2352 Ῥώμην,
222 2278 249 2334 σί
259 2276 440 2355 πλησιόχωροι
455 2276 544 2342 πόλεις
560 2278 670 2337 ἐκάλουν
685 2274 745 2344 τοὺς
765 2278 862 2356 βουλο-

85 2362 177 2440 μένους
196 2367 275 2423 οέκεῖν
285 2365 360 2443 παρά
370 2386 444 2442 σρισι
455 2362 610 2440 Ῥωμαίων,
630 2365 762 2434 πολιτείας
772 2388 801 2425 τε
815 2389 863 2442 με·

84 2453 193 2511 ταδόσει
209 2453 254 2511 καί
266 2453 353 2511 ἀλλων
369 2454 561 2532 φιλανθρώπων
576 2452 678 2513 ἐλπίσιν
688 2452 862 2529 ὑπαγόμεναι,

87 2543 114 2598 αἱ
129 2539 177 2615 μὲν
194 2541 302 2600 ἀπὸτοῦ
319 2539 456 2619 βελτίστου
472 2538 506 2597 δι’
519 2539 619 2598 εὔνοιάν
632 2564 660 2598 τε
674 2538 720 2599 καί
730 2541 800 2600 ἐλεον
816 2545 863 2610 τῆς

27 2648 57 2689 aa
86 2637 235 2708 συμφορᾶς,
249 2633 276 2689 αί
293 2628 321 2688 δέ
338 2627 445 2696 πλείους
466 2628 510 2686 διὰ
524 2628 616 2711 ρθόνον
633 2632 681 2701 τῆς
694 2628 778 2688 πάλαι
799 2631 862 2690 ποτὲ

86 2717 221 2797 εὐτυχίας.
265 2718 320 2778 Καὶ
331 2708 399 2789 ήσαν
410 2720 433 2778 οί
444 2719 640 2786 ἀπαναστάντες
650 2717 807 2800 πανοικεσίᾳ
818 2719 863 2778 καί

85 2804 259 2883 μεταθέμενοι
275 2805 325 2874 τάς
348 2807 464 2879 οἰκήσεις
489 2807 601 2887 ἑτέρωσε
620 2806 714 2867 πολλοὶ
726 2806 809 2867 πάνυ·
825 2798 863 2867 οἷν

84 2898 108 2955 oi
131 2895 179 2972 μὲν
199 2897 343 2969 ἐνόστησαν
358 2888 441 2971 α’ύθις,
466 2897 559 2970 ἐπειδὴ
583 2896 699 2969 κατέστη
720 2895 754 2958 τά
776 2895 862 2977 πρύγ·

85 3008 157 3062 ματα
171 2988 218 3058 τῆς
231 2986 341 3058 πόλεως,
356 2989 380 3047 οἱ
396 2989 424 3046 δέ
443 2987 489 3048 καὶ
502 2987 643 3066 διέμειναν.

30 3091 58 3134 ao
123 3077 201 3136 xlii.
224 3079 317 3136 Ταῦτα
346 3075 373 3137 δέ
396 3079 478 3158 ἐρῶσι
496 3084 551 3145 τοῖς
575 3077 684 3144 ὑπάτοις
710 3075 793 3136 ἐδόκει
815 3079 864 3149 τῆς

87 3168 181 3243 βουλῆς
208 3165 397 3247 ἐπιτρεπούσης
424 3166 604 3247 στρατοπέδου
627 3171 759 3248 ποιεῖσθαι
780 3188 863 3224 κοιτα-

86 3253 203 3334 γροιρήν.
218 3255 263 3314 καὶ
282 3253 383 3332 ἐξάγειν
402 3253 453 3325 ἐξω
471 3255 520 3328 τὴν
542 3256 663 3332 δύναμιν.
709 3255 861 3335 Εἱλήρεσαν

87 3340 114 3399 δέ
135 3341 256 3421 ἀρορμήν
277 3345 315 3422 τῷ
332 3341 506 3423 ἐγχειρήματι
519 3341 690 3423 πρέπουσαν,
705 3342 861 3423 ἐπιδρομαῖς

87 3451 115 3486 τε
139 3428 185 3486 καί
201 3427 353 3498 λεηλασίαις
374 3428 540 3506 κακουμένης
561 3433 609 3501 τῆς
629 3428 719 3509 χώρας
738 3428 788 3486 ὑπὸ
807 3431 861 3486 τῶν

31 3541 59 3581 aa
88 3515 220 3584 πολεμίων
236 3514 394 3590 θαμινά,τά
412 3539 440 3576 τι
454 3517 524 3576 ἄλλα
542 3514 592 3575 tea
607 3519 637 3575 ἐκ
648 3522 694 3576 τοὺ
706 3517 864 3597 πράγματος

88 3603 195 3684 χρηστά
215 3595 248 3676 ήν
272 3602 492 3681 ἐπιλογιζόμενοι,
515 3604 653 3684 ὑπερορίου
675 3615 797 3684 στρατιᾶς
817 3604 863 3663 ἐκ·

87 3692 250 3771 πεμφθείσης
278 3694 314 3760 ὡς
336 3691 504 3775 ιθπορωτίρομ
533 3693 580 3771 μέν
608 3693 694 3763 ἕξουσι
720 3696 753 3773 τῇ
780 3696 864 3775 ἀγορᾷ

87 3784 204 3862 χρῆσθαι
217 3783 241 3840 οί
255 3781 450 3862 ὑπολειφθέντα
465 3782 589 3850 ἐλάττους
603 3783 754 3859 γενόμενοι,
770 3782 797 3839 ἐν
812 3783 865 3860 ἀρ-

88 3869 239 3951 θονουτέροις
259 3869 288 3930 δέ
308 3870 423 3940 διάξουσι
443 3880 497 3940 τοῖς
518 3873 672 3944 ἐπιτηδείοις
694 3873 719 3930 οἱ
740 3867 776 3928 τά
793 3867 865 3931 όπλα

33 3991 61 4028 ςυ
88 3961 192 4040 ἔχοντες
209 3963 240 4020 ἐκ
263 3964 316 4020 τῶν
337 3956 471 4038 πολεμίων
496 3959 718 4037 ἐπισιτιζόμενοι,
745 3958 865 4042 λωρήοιι

88 4048 117 4108 δέ
133 4052 151 4119 ή
166 4048 257 4115 στάσις
276 4050 335 4108 ὅσον
350 4047 382 4108 ἀν
396 4052 414 4121 ή
429 4050 555 4131 στρατεία
570 4049 672 4130 κατέχῃ
687 4049 794 4131 χρόνον·
809 4050 865 4128 pat·

87 4139 166 4197 λιστα
181 4137 208 4197 δέ
229 4138 348 4217 ἐφαίνετο
362 4135 431 4220 ἐργιμ
454 4137 610 4216 βεύαιόισειν
626 4140 711 4198 αὐτῶν
725 4140 772 4208 τίις
790 4141 864 4201 διαλ-

87 4225 172 4305 λαγάς
195 4225 422 4308 συστρατευόντων
446 4228 569 4300 ἀλλήλοις
587 4227 733 4306 πατρικίων
748 4228 795 4288 καὶ
816 4231 863 4301 δη·

89 4317 175 4391 μοτῶν
196 4319 213 4385 ή
231 4314 393 4395 γενησομένη
414 4316 488 4395 παρά
509 4314 568 4395 τούς
582 4316 714 4386 κινδύνους
729 4319 818 4377 κακῶν
835 4340 864 4377 τε

34 4424 63 4463 ιο
89 4401 135 4461 καί
150 4406 255 4483 ἀγαθῶν
270 4402 413 4483 ἰσομοιρία.
458 4403 527 4486 llll'
539 4407 588 4465 οὐκ
599 4398 631 4480 ἦν
643 4408 672 4467 τδ
686 4410 782 4479 πλῆθος
797 4407 866 4481 ὑπή·

90 4513 149 4550 κοον
167 4493 269 4565 αὐτοῖς,
291 4490 348 4552 obet
372 4491 463 4574 ὥσπερ
484 4492 610 4574 πρότερον
633 4495 748 4557 ἑκούσιον
764 4495 867 4569 ὑπήντα

90 4579 154 4655 πρὸς
167 4580 214 4650 τήν
227 4580 412 4664 καταγραρήν.
458 4581 587 4662 Ἀνάγκην
603 4582 631 4642 δέ
645 4583 798 4666 προσρέρειν
813 4591 867 4650 τοῖς

93 4664 131 4740 μὴ
147 4669 310 4745 βουλομένοις
325 4672 373 4729 οὑκ
393 4668 524 4728 ἐδικαίουν
544 4669 592 4742 τήν
612 4672 642 4729 ἐκ
659 4673 711 4731 τῶν
733 4668 821 4747 νόμων
841 4671 866 4730 οἱ

93 4753 203 4825 ὕπατοι,
218 4755 278 4813 ἀλλ’
299 4760 400 4818 ἐκτῶν
420 4757 566 4839 πατρικίων
584 4759 715 4818 ἐθελονταί
730 4781 797 4826 τινες
816 4782 867 4818 κα-

35 4876 64 4915 ,ο
92 4841 262 4922 τεγράρησαν
284 4845 341 4922 ἅμα
362 4850 418 4915 τοῖς
431 4847 572 4920 πελάταις,
588 4846 634 4908 καί
649 4849 735 4917 αὑτοῖς
756 4847 868 4917 ἐξιοῦσιν

92 4930 178 5008 ὀλίγον
189 4953 213 4988 τι
226 4929 333 4992 ἀπὸτοῦ
345 4935 430 5010 δήμου
441 4935 520 5016 μέρος
532 4935 743 5015 ουνιστράτευεν.
786 4933 868 5014 Ἧγε·
906 4970 911 4986 ι

93 5016 149 5096 μὼν
166 5017 194 5079 δέ
208 5023 260 5080 τῶν
276 5019 431 5089 ἐξελθόντων
445 5016 478 5099 ήν
493 5029 572 5091 Γοίῖος
586 5024 704 5104 Μάρκιος
719 5026 733 5083 θ
746 5023 793 5093 τήν
811 5027 867 5084 Κο-

93 5109 219 5189 ριολάνων
232 5111 309 5169 πολιν
324 5109 396 5171 ἑλών
405 5113 452 5174 καὶ
466 5114 519 5194 [ἐν]
536 5117 570 5193 τῇ
584 5112 648 5191 πρός
663 5111 797 5178 Ἀντιάτας
810 5112 867 5192 ἀρι·

93 5194 204 5264 στιύσας
218 5199 305 5280 μάχῃ.
330 5200 386 5262 Καί
399 5201 554 5263 οἱπλεῖστοι
568 5203 620 5261 τῶν
631 5197 817 5285 συναραμένων
832 5195 868 5256 τά

187 5317 300 5357 οιονιειι.

919 1859 949 1896 ea
957 1841 1076 1906 expulsis,
1086 1839 1127 1891 vel
1136 1842 1221 1900 ceals,
1231 1839 1277 1891 sed
1286 1843 1315 1890 ut
1323 1843 1415 1904 patres,
1426 1840 1469 1903 qui
1477 1854 1503 1890 se
1511 1841 1701 1903 prudentissime

921 1945 950 1982 ac
972 1927 1169 1980 moderatissime
1194 1940 1253 1992 erga
1275 1927 1338 1976 salios
1361 1929 1460 1991 gerunt,
1485 1940 1571 1976 eorum
1599 1931 1700 1990 peccata

920 2018 1040 2071 benevolo
1054 2032 1083 2070 ac
1102 2018 1209 2070 sollicito
1225 2017 1307 2067 animo
1321 2017 1462 2066 constanter
1481 2015 1601 2065 terebant.
1636 2017 1699 2066 cum

919 2108 996 2173 igitur
1006 2107 1145 2172 respublica
1158 2109 1266 2157 Romana
1275 2104 1301 2155 in
1313 2103 1356 2153 tali
1368 2106 1433 2154 esset
1446 2105 1522 2160 statu.
1534 2104 1608 2155 vicini
1617 2105 1702 2169 populi

920 2197 1059 2248 invitabant
1079 2200 1202 2247 Romanos
1215 2195 1291 2253 cives,
1317 2195 1429 2258 quoquot
1443 2193 1510 2257 apud
1536 2208 1563 2245 se
1589 2193 1700 2246 babitare

921 2286 1023 2346 vellent,
1037 2285 1120 2335 oblato
1135 2285 1189 2336 inre
1208 2282 1318 2335 civitatis
1342 2286 1367 2334 et
1383 2295 1427 2346 spe
1444 2283 1551 2332 aliomm
1563 2283 1702 2334 ollrciorum

921 2377 996 2437 atque
1018 2372 1179 2423 humanitatis
1202 2385 1245 2423 eos
1266 2370 1400 2421 allicientes
1423 2369 1465 2419 alii
1487 2370 1587 2434 quidem
1609 2372 1703 2435 optima

922 2464 1014 2522 mente,
1029 2461 1062 2512 ob
1077 2475 1149 2511 auam
1173 2474 1230 2523 erpa
1249 2460 1371 2525 populum
1390 2459 1528 2509 Romanum
1549 2459 1701 2511 benevolen-

923 2548 992 2608 liam,
1003 2550 1029 2597 et
1048 2547 1081 2596 ob
1094 2546 1160 2596 illius
1172 2546 1249 2597 cladis
1264 2544 1523 2605 commiserationem,
1546 2546 1625 2595 maior
1642 2561 1701 2597 sero
1736 2547 1740 2555 ’

922 2647 980 2698 para
992 2633 1024 2684 ob
1041 2634 1150 2698 pristina
1163 2634 1287 2686 telieitatis
1305 2633 1432 2683 invidiam.
1463 2634 1494 2683 Et
1509 2631 1579 2683 valde
1597 2647 1700 2698 magnus

922 2719 970 2769 luit
987 2730 1107 2768 numerus
1125 2731 1220 2778 eorum,
1237 2720 1281 2782 qui
1301 2732 1360 2769 cum
1379 2719 1438 2770 totis
1453 2719 1550 2770 familiis
1561 2723 1637 2772 Roma
1654 2722 1701 2772 mi·

922 2810 1032 2872 parone
1051 2805 1152 2856 sedibus
1166 2808 1218 2857 suis
1236 2808 1284 2858 allo
1296 2808 1436 2869 translatis3
1456 2823 1564 2873 quorum
1579 2812 1621 2862 alii
1638 2825 1702 2864 eom·

922 2902 1003 2968 posito
1013 2901 1154 2965 reipublice
1166 2906 1233 2954 statu
1252 2903 1387 2965 redierunt,
1402 2902 1444 2955 alii
1455 2903 1489 2956 ibi
1504 2910 1700 2970 permansemnt.

954 3097 1020 3146 xlx.
1039 3096 1186 3147 consulibus
1213 3099 1296 3148 autem
1317 3096 1372 3148 baec
1391 3097 1534 3149 videntibus
1559 3096 1652 3162 placuit
1669 3113 1701 3151 ex

923 3189 1137 3240 senatusconsulto
1163 3189 1288 3242 delectam
1313 3190 1406 3242 babere
1430 3194 1456 3242 et
1477 3190 1614 3241 exercitum
1638 3192 1699 3243 edu·

922 3295 986 3333 cere.
1020 3284 1103 3344 Home
1116 3285 1201 3333 autem
1217 3283 1312 3335 consilii
1333 3284 1372 3334 sui
1394 3282 1550 3334 occasionem
1572 3283 1701 3334 honestam

922 3378 988 3427 nacti
1002 3380 1069 3437 sunt,
1084 3375 1151 3440 quod
1171 3375 1266 3426 crebris
1280 3376 1465 3427 incursionibus
1486 3381 1512 3427 et
1525 3376 1697 3440 depopulatio·

921 3468 994 3519 nibus
1005 3480 1064 3532 ager
1077 3468 1110 3517 ab
1127 3466 1241 3517 hostibus
1257 3471 1407 3528 vastaretur,
1422 3471 1564 3532 reputantes
1582 3482 1640 3520 cum
1653 3468 1701 3520 ntia

921 3562 1050 3614 commoda
1068 3575 1097 3612 er
1115 3561 1162 3611 bac
1179 3574 1205 3611 re
1225 3565 1353 3623 secutura,
1375 3563 1397 3613 si
1414 3563 1539 3614 exercitus
1560 3567 1630 3614 extra
1647 3564 1700 3629 agri

923 3655 1026 3707 Romani
1039 3651 1100 3702 lines
1117 3651 1265 3713 mitteretur,
1281 3653 1350 3718 quod
1364 3655 1407 3718 qui
1427 3654 1496 3706 domi
1513 3658 1699 3724 remansissent,

923 3748 955 3798 ad
968 3746 1087 3798 minorem
1106 3757 1235 3795 numerum
1251 3744 1358 3805 redacti,
1379 3747 1491 3799 viliorem
1511 3763 1632 3802 annonam
1652 3749 1699 3803 ba·

922 3838 999 3889 bituri
1010 3837 1102 3898 essent,
1113 3840 1139 3888 et
1151 3837 1253 3887 armatis
1264 3836 1345 3887 maior
1354 3843 1539 3890 commeatuum
1552 3842 1622 3906 copia
1631 3844 1699 3894 esset

922 3932 1015 3989 lutura,
1035 3941 1064 3979 ex
1085 3927 1181 3979 boetico
1208 3940 1264 3979 sese
1290 3927 1421 3991 alentibus,
1440 3930 1576 3995 seditioqua
1593 3932 1700 3985 durante

922 4025 1011 4076 militia
1023 4025 1137 4090 quietura
1157 4024 1233 4083 esset,
1260 4025 1314 4072 tum
1331 4035 1391 4072 rero
1409 4021 1532 4086 precipue
1547 4022 1615 4085 quod
1630 4035 1699 4074 mm·

922 4115 1005 4168 munis
1017 4105 1176 4181 patriciorum
1188 4116 1214 4164 et
1227 4110 1382 4176 plebeiorum
1394 4110 1489 4174 militia,
1504 4114 1531 4161 et
1545 4111 1571 4161 in
1584 4111 1701 4176 periculis

922 4223 1049 4277 prosperae
1063 4207 1221 4268 adversaeque
1240 4203 1347 4254 fortune
1359 4215 1388 4252 ex
1399 4215 1472 4265 aequo
1486 4200 1570 4250 lutura
1584 4201 1701 4263 societas,

922 4304 1017 4367 reipsa
1035 4313 1120 4353 eorum
1132 4293 1353 4348 reconciliationem
1372 4293 1549 4343 confirmatura
1560 4292 1698 4344 videbatur.

922 4398 1015 4447 Verum
1028 4392 1097 4457 plebs
1107 4390 1156 4441 illis
1167 4403 1216 4440 non
1228 4387 1424 4452 obtemperabat,
1439 4399 1518 4448 neque
1530 4389 1557 4434 ut
1567 4389 1624 4434 ante
1632 4385 1699 4435 ultro

922 4488 954 4539 ad
967 4485 1068 4539 nomina
1084 4483 1165 4535 danda
1177 4483 1299 4534 ueniebat.
1334 4483 1395 4531 Eam
1414 4492 1474 4529 vero
1485 4477 1590 4528 inritam
1603 4475 1699 4539 legibus

918 4592 1009 4665 ¹copem
1019 4574 1269 4633 consulesnolebant;
1289 4572 1332 4622 sed
1345 4569 1479 4620 voluntarii
1495 4565 1698 4633 quidampatriell

922 4684 971 4720 una
985 4683 1045 4720 cnm
1061 4667 1191 4718 clientibus
1212 4662 1344 4726 conscripti
1365 4665 1433 4720 sunt,
1451 4673 1514 4724 quos
1533 4658 1565 4709 ad
1586 4657 1702 4706 militiam

921 4758 1104 4824 proficiscentes
1118 4754 1188 4820 pauci
1204 4755 1235 4803 de
1248 4751 1318 4816 plebe
1338 4755 1396 4802 sunt
1414 4749 1502 4800 secuti.
1535 4747 1603 4797 lllius
1616 4746 1700 4793 autem

922 4847 1046 4898 exercitus
1057 4845 1109 4896 dux
1128 4847 1182 4895 erat
1194 4844 1222 4892 θ.
1237 4842 1353 4899 blarcius,
1365 4838 1409 4903 qui
1426 4837 1538 4888 coriolos
1554 4833 1660 4895 ceperat,
1673 4832 1700 4881 et

923 4936 949 4983 ia
962 4931 1047 4997 proelio
1062 4935 1147 4981 contra
1160 4929 1272 4978 Antiates
1287 4925 1419 4977 eomrnlsso
1431 4937 1485 4973 rem
1497 4917 1629 4971 fortissime
1646 4928 1699 4978 ges·

923 5025 1002 5080 serat3
1019 5023 1044 5070 et
1061 5019 1240 5082 maximopere
1258 5015 1421 5081 plebeiomm,
1434 5011 1476 5073 qui
1490 5021 1516 5057 se
1530 5006 1561 5056 ad
1573 5005 1641 5055 illam
1654 5018 1699 5056 ex-

922 5108 1071 5174 peditionem
1083 5106 1164 5156 socios
1177 5104 1334 5161 addiderant,
1347 5112 1403 5148 cum
1413 5111 1470 5148 eum
1485 5096 1517 5146 ad
1532 5091 1644 5145 militiam
1654 5107 1700 5144 re·

924 5197 1029 5247 alentem
1039 5195 1166 5255 vidissent,
1177 5193 1264 5244 animis
1277 5187 1415 5242 confirmati
1427 5189 1493 5251 sunt,
1507 5185 1557 5246 alii,
1567 5182 1633 5246 quod
1644 5195 1700 5232 eum

1576 5296 1606 5342 26
