3772 5828
593 408 886 482 ANTIQUITATUM
910 408 1055 472 ROMAN.
1080 409 1154 468 ΗΒ.
1177 411 1224 470 tlt.

108 542 187 625 ταχὺς
198 545 239 602 ἐπ’
255 540 333 600 αὐτὸν
347 539 393 598 καὶ
407 539 494 601 πολλδι
509 537 556 617 μέν
572 538 713 617 τραύματα
727 538 799 612 δοὺς,
815 543 879 596 πολ·

107 629 140 688 λδι
164 629 187 689 δ’
200 626 277 695 αὐτὸς
298 625 388 686 λαόὼν
407 626 531 705 τυγχάνει
556 649 609 692 πως
629 625 698 685 κατά
713 631 759 698 τῆς
780 630 882 704 σφαγῆς

107 803 236 876 όαλοιίσης
261 802 288 861 δέ
307 807 353 874 τῆς
368 803 449 881 τύχης
469 805 496 861 ἐν
511 802 591 880 ὀλίγῳ
612 802 643 858 τά
658 824 687 860 τε
710 804 761 859 τῶν
783 804 881 879 α’γωνι-

66 906 79 943 ⁶
106 893 219 970 ζομένων
250 890 313 972 ίργα
335 890 380 950 καλ
409 889 443 948 rb
474 892 525 947 τῶν
557 889 694 967 θεωμένων
714 890 803 962 πάθη,
837 888 882 947 καλ

106 979 250 1056 Ῥωμαίων
263 980 311 1057 μὲν
326 976 563 1058 ἀναθαρρησάντων
579 981 608 1037 ἐκ
627 983 673 1049 τῆς
694 977 819 1057 πρότερον
834 1001 882 1036 κα-

107 1070 230 1148 τηφείας,
251 1067 378 1129 Attalen
399 1069 421 1124 δ’
440 1066 614 1146 ἀφῃρημένων
631 1067 662 1124 τό
676 1070 779 1146 χαῖρον,
805 1065 881 1144 ίτέρα

108 1159 188 1216 πάλιν
202 1156 392 1217 ἀντιπνεύσασα
406 1163 458 1220 τοῖς
477 1157 529 1212 τῶν
542 1153 683 1231 Ῥωμαίων
695 1152 883 1232 κατορθώμασι

108 1245 174 1322 τύχη
186 1245 282 1303 τούτων
297 1244 344 1319 μίν
359 1241 520 1303 ἐταπείνωσε
533 1243 579 1310 τδις
594 1243 721 1315 ἐλπίδας,
737 1242 771 1300 τδι
786 1240 814 1300 δέ
830 1243 882 1298 τῶν

53 1347 78 1383 10
107 1332 238 1407 πολεμίοιν
253 1332 400 1412 φρονήματ’
416 1333 521 1412 ἐπ’ήρεν.
557 1333 612 1390 Τοῦ
627 1331 677 1412 γδιρ
691 1328 821 1389 Ἀλόανοθ
836 1352 882 1388 πε.

107 1420 213 1492 σόντος,
234 1425 248 1478 δ
267 1421 314 1490 τήν
333 1417 444 1491 πλησίον
461 1421 538 1479 αὐτοῦ
563 1419 632 1498 έχων
655 1419 746 1479 στάσιν
771 1418 880 1496 decipi<

106 1509 286 1584 enuntiaretur
302 1513 339 1590 τῷ
355 1507 543 1567 καταόαλόντι·
567 1508 613 1568 καί
633 1509 808 1587 τυγχάνουσιν
830 1511 884 1582 δμ-

106 1599 207 1678 φότεροι
222 1596 292 1655 κατὰ
305 1596 350 1655 τόν
362 1597 440 1655 αὐτὸν
456 1596 549 1674 χρόνον
565 1596 669 1674 πληγδις
682 1596 810 1664 ἐξαισίους
825 1596 880 1665 lke-

106 1686 243 1764 νέγκαντετ
256 1684 313 1743 κατ’
328 1684 459 1755 ἀλλήλων·
470 1689 483 1743 ὁ
494 1682 542 1756 μέν
552 1682 675 1749 Ἀλόανδς
687 1689 733 1741 τοῦ
748 1682 883 1761 Ῥωμαίου

52 1785 78 1823 ¹⁶
106 1772 174 1834 κατὰ
200 1778 245 1833 τοῦ
280 1772 437 1851 μεταφρένου
464 1772 509 1830 καὶ
539 1772 617 1850 μέχρι
642 1776 693 1830 τῶν
723 1773 883 1851 σπλάγχνων

109 1862 194 1942 βάψας
216 1859 251 1933 τόΙ
266 1858 342 1940 ξίφος·
362 1862 376 1918 θ
402 1858 429 1919 δὲ
453 1857 586 1935 Ῥωμαῖος
611 1859 727 1918 ὑπελθὼν
752 1859 800 1930 τήν
820 1881 883 1938 προ·

109 1951 189 2016 όολιλν
204 1955 249 2007 τοῦ
263 1948 389 2024 πολεμίου
405 1947 449 2005 καί
463 1952 515 2006 τῶν
536 1951 630 2025 ἰγνυῶν
647 1948 694 2020 τήν
708 1945 799 2028 ἑτέραν
815 1950 883 2008 ὕπο-

111 2035 209 2113 τεμών.

146 2124 210 2185 XX.
225 2124 267 2208 ΙὉ
282 2125 329 2200 μὲν
348 2124 379 2195 δή
398 2122 427 2181 rb
447 2124 546 2205 καίριον
568 2128 674 2204 τραῦμα
689 2124 780 2184 λαθὼν
802 2123 878 2191 attii<

48 2221 79 2258 ²⁰
108 2213 248 2287 ἐτεθνήκει,
264 2217 277 2272 ό
291 2215 318 2270 δέ
333 2210 380 2281 τήν
395 2211 482 2291 ἰγνύαν
497 2215 658 2290 τετρωμένος
672 2212 758 2271 οὐκέτι
777 2212 883 2292 βέόαιος

107 2293 138 2372 ήν
150 2302 272 2373 ἑστάναι,
292 2303 397 2369 σκάζων
419 2300 504 2358 δὲκαὶ
525 2300 559 2357 τδι
577 2297 664 2357 πολλδ.
682 2302 719 2379 τῷ
733 2304 816 2380 θυρεῷ
831 2301 883 2358 διε·

109 2390 257 2466 ρειδόμενος
273 2391 392 2466 ἀντεῖχεν
407 2388 477 2462 ὅμως
500 2386 555 2460 ἐτι,
569 2388 614 2449 καί
624 2385 691 2462 μετδι
705 2392 751 2445 τοῦ
767 2389 883 2465 περιλει-

107 2477 221 2551 πομένου
233 2481 285 2534 τῶν
298 2477 417 2554 ἀδελφῶν
438 2476 483 2534 ἐπὶ
506 2474 550 2532 τὸν
571 2474 735 2549 θπομένοντα
749 2473 884 2549 Ῥωμαῖον

111 2563 211 2641 ἐχώρει·
224 2560 401 2641 περιέστησάν
412 2566 436 2619 τ’
451 2562 528 2621 αὐτὸν
547 2564 619 2636 buis
635 2562 659 2630 ἐζ
671 2561 788 2628 ἐναντίας
802 2585 883 2641 προσ-

46 2663 79 2699 25
113 2649 206 2721 ιδιν,θ
229 2649 258 2707 δὲ
280 2650 349 2709 κατὰ
370 2648 463 2708 νώτου.
509 2651 556 2728 Τῷ
578 2649 605 2707 δέ
618 2647 747 2729 Ῥωμαίῳ
770 2648 883 2709 δείσαντι

109 2737 149 2811 μή
175 2737 317 2805 κυκλωθεὶς
337 2737 400 2816 πρὸς
430 2739 516 2796 αὐτῶν
541 2737 748 2815 εὐκατέργαστος
775 2738 884 2817 γένηται

110 2824 170 2883 δυσί
184 2848 213 2882 τε
229 2824 378 2904 μαχόμενος
387 2825 432 2883 καλ
447 2826 547 2905 διχόθεν
562 2815 688 2897 ἐπιοῦσιν,
703 2816 734 2896 ήν
750 2827 774 2884 δ’
789 2829 884 2906 ἀκραι-

108 2912 173 2994 φνὴς
198 2912 256 2982 ἔτι,
282 2912 407 2990 λογισμός
437 2914 583 2992 εἰσέρχεται
611 2913 702 2971 διελεῖν
722 2912 779 2979 τοὺς
803 2915 882 2973 πολε-

109 3004 181 3079 μίους
208 3003 256 3061 ἀπ’
271 3003 407 3075 ἀλλήλων,
432 3006 477 3063 καὶ
499 2998 579 3083 χωρὶς
602 3001 718 3082 ἐκατέρῳ
739 3003 883 3082 μάχεσθαι.

51 3100 82 3138 ³⁰
109 3091 211 3153 Ῥᾶστα
227 3091 254 3150 δὲ
270 3090 419 3162 διαστήσειν
440 3091 531 3157 αὐτοὺς
555 3087 748 3165 θπελάμόανιν,
764 3091 787 3147 εί
807 3089 883 3158 δόξαν

107 3155 239 3260 παράσχοι
255 3186 347 3260 φυγῆς·
372 3180 400 3238 οὔ
423 3179 473 3258 γάρ
499 3181 544 3238 ὑπ’
571 3178 725 3258 ἀμφοτέρων
748 3177 883 3246 διώξεσθαι

107 3271 158 3326 τῶν
174 3267 320 3339 Ἀλόανῶν,
329 3270 386 3326 ἀλλ’
402 3269 445 3347 ὑφ’
458 3266 525 3343 ἐνὸς,
535 3269 603 3345 δρῶν
613 3266 657 3325 τδν
670 3266 781 3346 ἀδελφὸν
798 3268 883 3325 οὐκέτι

108 3357 233 3434 καρτερθν
245 3355 290 3414 τὸν
308 3355 386 3415 πόδα.
397 3358 491 3415 Ταῦτα
504 3354 648 3426 διανοηθεὶς
663 3356 698 3421 όις
715 3342 770 3433 εἶχε
787 3356 884 3433 τάχους

109 3443 226 3524 ἔφευγεν,
240 3443 286 3502 καὶ
301 3441 438 3502 συνέπεσεν
454 3445 525 3522 αὐτῷ
538 3440 575 3516 μή
588 3442 739 3521 διαμαρτεῖν
753 3445 799 3512 τῆς
814 3442 884 3501 ἐλπί·

54 3556 83 3594 aa
110 3533 160 3598 δος.
200 3531 233 3592 ‘0
244 3532 290 3607 μὲν
304 3530 356 3610 γάρ
370 3530 455 3610 ἕτερος
468 3534 519 3588 τῶν
531 3528 664 3589 Ἀλόανῶν
680 3528 803 3603 οὐδεμίαν
817 3529 883 3609 έχων

110 3619 214 3696 πληγήν
227 3618 325 3698 καίριον
342 3617 446 3677 ἐδίωκεν
466 3619 542 3676 αὐτὸν
558 3620 588 3677 ἐκ
604 3618 696 3688 ποδὸς,
710 3621 724 3675 ὁ
739 3619 760 3674 δ’
777 3618 885 3676 lactet-

110 3729 164 3765 νειν
185 3706 309 3774 θδόνατος
326 3703 363 3764 ὢν
377 3707 444 3765 πολὺ
466 3711 510 3765 τοῦ
527 3707 625 3771 δέοντος
644 3703 757 3783 ὑστέρει.
799 3703 885 3764 Ἔνθα

110 3794 144 3867 δή
158 3797 209 3854 τῶν
224 3793 354 3855 Ἀλόανῶν
369 3803 422 3861 τοῖς
439 3795 571 3874 σφετέροις
585 3791 821 3868 ἐπικελευομένων,
832 3796 883 3851 τῶν

110 3882 138 3943 δέ
154 3881 296 3960 Ῥωμαίων
309 3885 353 3943 τὸν
376 3886 462 3942 αὑτῶν
482 3883 630 3960 ἀγωνιστήν
651 3881 825 3953 κακιζόντων,
839 3882 884 3940 καὶ

56 3993 83 4032 ιο
107 3976 159 4032 τῶν
180 3973 227 4049 μὲν
247 3972 280 4044 δή
297 3970 483 4040 παιανιζόντων
498 3994 526 4029 τε
546 3970 592 4030 καλ
613 3970 825 4049 στεφανουμένων
849 3972 885 4038 ίυς

106 4059 151 4118 ἐπλ
166 4054 366 4140 κατορθουμένῳ
384 4061 422 4140 τῷ
438 4061 534 4138 α’γῶνι,
551 4061 603 4116 τῶν
629 4058 652 4115 δ’
672 4056 835 4134 ὀδυρομένων
849 4060 885 4125 ὡς

106 4152 154 4208 αλκ
166 4147 198 4208 δν
214 4148 252 4208 ἐτι
266 4152 312 4218 τῆς
323 4148 405 4228 τόχης
421 4156 487 4227 σφᾶς
503 4146 758 4222 διαναστησομένης,
775 4168 884 4222 ταμιευ-

109 4240 222 4312 σάμενος
237 4238 280 4295 τὸν
303 4235 392 4315 καιρόν
406 4240 420 4295 θ
435 4233 570 4311 Ῥωμαῖος
584 4236 738 4314 ὑποστρέφει
752 4233 776 4290 τ’
790 4232 882 4304 ὀξέως,

109 4326 155 4384 καλ
167 4323 230 4406 πρλν
244 4323 263 4397 ή
276 4323 438 4404 φυλάξασθαι
453 4323 496 4382 τὸν
513 4321 637 4382 Ἀλθανδν
653 4321 743 4400 φθάνει
758 4322 796 4399 τῷ
816 4319 882 4397 ζίφει

60 4419 83 4457 ⁸⁶
108 4413 178 4472 κατδ
191 4419 237 4473 τοῦ
255 4411 393 4492 βραχίονος
413 4409 517 4488 πληγὴν
540 4411 645 4487 ἐνέγκας
665 4409 711 4467 καλ
730 4406 822 4466 διελὼν
835 4409 879 4468 τὸν

108 4504 227 4581 ἀγκῶνα.
270 4498 409 4569 Πεσοόσης
429 4497 457 4557 δέ
482 4501 570 4579 χαμαὶ
590 4505 637 4571 τῆς
653 4496 738 4576 χειρὸς
765 4496 822 4572 ἅμα
845 4501 883 4572 τῷ

108 4588 193 4668 ξίφει,
209 4595 272 4666 μίαν
290 4586 330 4646 ἐτι
344 4584 449 4662 πληγήν
464 4588 565 4666 καίριον
586 4585 718 4664 ἐξενέγκας
738 4582 884 4643 ἀποκτείνει

107 4943 148 5000 λιν
167 4941 308 5018 ἠπείγετο,
331 4943 433 5018 πρῶτος
449 4940 607 5019 ἀπαγγεῖλαι
619 4939 701 4998 θέλων
724 4937 773 5008 τήν
787 4939 880 4994 ἐαυτοῦ
909 4976 911 5029 ,

909 5036 911 5107 t
936 5036 999 5101 patri
1014 5033 1101 5083 altcrre
1119 5029 1200 5079 vellet.

107 5027 180 5100 νίκην
193 5030 232 5104 τῷ
245 5027 337 5106 πατρί.

1657 418 1713 476 ίδθ

937 568 1005 614 nens,
1021 555 1129 605 celeriter
1141 555 1165 604 iu
1177 569 1234 605 eum
1248 555 1307 604 lacit
1321 555 1457 619 impetum;
1471 560 1497 605 et
1510 558 1593 607 multis
1611 561 1715 611 vulneri·

109 719 187 777 αὐτοῦ
203 718 291 797 βάψας
316 715 346 773 τὸ
361 713 429 794 ξίφος
445 714 490 771 κα,
513 714 733 791 &mmmmm
789 715 882 771 Mm-
907 682 910 742 t
936 671 983 720 bus
1003 670 1096 729 illatis,
1123 671 1207 720 multis
1224 671 1299 720 etiam
1320 671 1442 734 acceptis,
1459 670 1511 734 ipse
1533 672 1714 733 quodammado

936 785 1044 848 gladium
1055 784 1080 833 in
1091 784 1146 833 eius
1158 782 1268 848 iugulum
1283 784 1373 846 infixit,
1386 797 1494 848 curaque
1504 784 1636 834 interfecit.
1647 785 1710 834 tium

936 898 1095 949 autembrevr
1108 900 1324 963 temperelortuna
1333 903 1358 950 et
1372 899 1451 963 ipsam
1467 899 1638 949 dimicantium
1654 911 1713 948 con·

935 1017 1056 1067 ditionem
1071 1023 1097 1067 et
1117 1020 1280 1081 spectantium
1297 1019 1402 1070 allectus
1422 1024 1554 1077 mutasset,
1570 1023 1595 1068 et
1612 1017 1714 1069 Romani

936 1146 967 1182 cx
980 1132 1083 1195 pristino
1095 1146 1200 1183 rnoerore
1217 1133 1310 1183 animos
1324 1134 1479 1198 collegissent
1489 1138 1515 1185 et
1527 1134 1615 1183 Albani
1629 1134 1715 1185 laetitia

936 1247 1107 1313 privaremur,
1132 1262 1218 1300 rursus
1244 1247 1308 1299 alius
1332 1249 1452 1300 adversus
1484 1264 1556 1301 maus
1591 1251 1715 1302 secundas

936 1358 1102 1406 Romanorum
1123 1368 1163 1405 res
1178 1359 1252 1419 atque
1267 1369 1324 1420 spes
1337 1356 1427 1407 alllirit
1440 1360 1467 1408 et
1487 1356 1598 1407 bostium
1618 1359 1713 1408 antuus

937 1462 1024 1514 erenrit.
1056 1462 1149 1513 Albano
1169 1464 1234 1513 enim
1259 1478 1340 1525 ceso,
1363 1466 1440 1514 trater
1462 1466 1504 1527 qui
1524 1464 1559 1514 illi
1579 1467 1714 1528 proximam

937 1575 1069 1626 stationem
1082 1576 1179 1626 tenebat
1199 1589 1256 1625 cum
1274 1588 1421 1639 percussore
1432 1587 1521 1623 manns
1540 1575 1679 1635 conseruit,
1689 1577 1715 1625 et

937 1687 1024 1735 eodem
1036 1688 1146 1748 tempore
1158 1684 1257 1747 utrique
1271 1683 1412 1748 ingentibus
1427 1685 1571 1734 vulneribus
1590 1699 1616 1735 se
1628 1690 1715 1737 mutua

937 1795 1071 1845 affecerunt
1088 1795 1217 1844 :Albanus
1228 1795 1294 1844 cuim
1315 1795 1424 1857 gladium
1441 1809 1485 1858 per
1499 1796 1601 1845 Rorrrani
1617 1799 1715 1859 tergora

938 1902 969 1951 ad
994 1901 1090 1952 viscera
1113 1915 1191 1964 usque
1216 1901 1313 1963 adegit,
1344 1905 1468 1953 Romanus
1500 1917 1558 1954 vero
1581 1905 1716 1956 adversarii

939 2015 1037 2063 scutum
1056 2012 1145 2072 subiit,
1160 2016 1185 2062 et
1203 2012 1309 2062 alterum
1323 2012 1442 2077 poplitem
1465 2014 1488 2063 ei
1504 2015 1618 2065 succidit.

969 2135 1019 2183 rx.
1035 2130 1344 2195 Quligiturletatevulnus
1354 2135 1482 2195 acceperat
1499 2132 1649 2182 statimobiit
1661 2150 1667 2181 ι
1681 2134 1716 2184 al·

938 2226 977 2273 ter
987 2234 1056 2283 uero,
1070 2221 1113 2284 qui
1123 2220 1214 2284 poplite
1223 2221 1351 2272 sauciatos
1363 2225 1431 2281 erat,
1443 2236 1491 2271 nnn
1501 2225 1596 2286 poterat
1610 2224 1716 2288 amplius

936 2311 1009 2361 tinne
1024 2310 1100 2373 gradu
1117 2311 1197 2368 stare,
1212 2309 1255 2358 scd
1273 2307 1413 2359 claudicans
1429 2314 1454 2359 et
1467 2310 1612 2374 plerumque
1626 2324 1653 2362 se
1668 2312 1715 2362 cti·

936 2401 1134 2464 peosusteutans
1144 2396 1295 2460 aliquamdiu
1310 2398 1393 2446 tamen
1405 2395 1560 2446 adversario
1575 2398 1716 2457 restituant

937 2504 994 2540 eura
1015 2489 1089 2539 tratre
1105 2487 1199 2549 reliquo
1213 2489 1365 2545 Rornanum,
1386 2485 1430 2548 qul
1453 2484 1522 2535 solua
1540 2491 1669 2550 superfiat
1690 2490 1715 2538 ct

936 2578 1046 2641 ipsorum
1067 2576 1185 2639 impetum
1204 2574 1356 2633 sustinebat,
1376 2585 1507 2637 aggressus
1533 2579 1587 2636 est,
1608 2588 1715 2638 euntque

940 2665 1158 2723 circumdederunt,
1174 2665 1234 2713 alter
1255 2663 1353 2726 quidem
1368 2676 1399 2713 ex
1408 2664 1515 2714 adverso
1529 2665 1640 2728 adortus,
1653 2665 1715 2716 alter

937 2770 1017 2807 verna
1031 2759 1108 2818 tergo.
1124 2757 1232 2803 Romano
1242 2755 1325 2802 autem
1333 2752 1413 2802 terito
1422 2766 1452 2802 nc
1463 2752 1494 2801 ab
1506 2752 1553 2802 illis
1565 2755 1716 2803 circumsca-

938 2850 977 2895 tus
995 2845 1066 2895 tacite
1086 2842 1258 2899 conticerctur,
1279 2839 1346 2903 quod
1360 2854 1416 2890 cum
1433 2841 1531 2889 rlrrotms
1550 2843 1669 2904 pugnaret
1689 2845 1716 2891 et

920 2972 923 2979 .
938 2935 1062 2996 utrimque
1072 2930 1238 2989 invaderetur,
1252 2928 1392 2977 inruentem
1406 2928 1472 2977 venit
1482 2928 1545 2991 (erat
1556 2929 1620 2979 enim
1632 2928 1714 2980 adbuc

938 3024 1030 3085 integer
1040 3023 1048 3083 l
1058 3019 1142 3070 hostes
1151 3030 1278 3082 segregare
1289 3021 1313 3066 et
1321 3030 1379 3066 cum
1387 3020 1492 3077 utroque
1505 3017 1638 3078 separatim
1649 3031 1712 3080 pug-

939 3126 1004 3163 nare.
1024 3108 1149 3160 Facillime
1168 3110 1252 3157 autem
1278 3105 1332 3155 illos
1356 3105 1464 3168 separari
1487 3118 1559 3168 pesse
1575 3104 1714 3158 arbitraba·

937 3207 987 3261 tur,
996 3201 1016 3249 si
1026 3200 1090 3264 lugia
1101 3196 1240 3261 opiuionem
1250 3197 1313 3257 lpsls
1324 3194 1477 3258 praebuisset.
1487 3195 1548 3244 Nam
1554 3206 1714 3255 persuasum

937 3288 1049 3340 babebat
1067 3300 1114 3335 nou
1135 3288 1269 3346 utrumque
1293 3282 1395 3331 tratrem
1415 3296 1441 3331 se
1465 3282 1658 3335 insecutorum,
1670 3284 1712 3332 sed

937 3394 1013 3430 unum
1041 3381 1154 3433 tantum,
1178 3374 1237 3437 quia
1256 3372 1361 3422 alterum
1387 3372 1449 3434 pede
1470 3371 1567 3420 infirmo
1587 3371 1624 3419 uti
1650 3370 1716 3420 virle·

938 3467 989 3517 bat.
1024 3467 1101 3526 Capto
1120 3462 1193 3525 igitur
1206 3461 1254 3509 hoc
1269 3459 1379 3520 consilio,
1399 3464 1491 3522 quanta
1511 3459 1620 3508 rrraxima
1632 3460 1715 3522 putuit

938 3554 1062 3605 celeritate
1075 3549 1152 3612 fugit,
1169 3549 1242 3612 eique
1262 3546 1354 3597 accidit
1370 3549 1398 3595 ut
1412 3560 1455 3609 spe
1476 3560 1521 3594 sua
1542 3545 1644 3595 minime
1663 3545 1715 3596 iru-

939 3643 1067 3696 straretur.
1101 3636 1250 3685 abonorum
1273 3633 1337 3681 enim
1349 3631 1421 3692 alter,
1443 3632 1487 3694 qui
1505 3631 1596 3681 nullam
1616 3632 1715 3682 letalem

939 3734 1035 3798 plagam
1051 3725 1188 3786 acceperat,
1203 3735 1217 3771 c
1232 3719 1336 3782 uestigio
1356 3732 1413 3768 eum
1435 3717 1612 3780 insequebatur
1632 3719 1715 3770 :alter

939 3831 1012 3875 uero,
1027 3813 1068 3876 qui
1092 3809 1206 3861 incedere
1217 3821 1266 3858 uon
1279 3809 1383 3870 peterat,
1397 3806 1494 3868 longius
1517 3820 1592 3869 quam
1605 3807 1715 3871 oportuit

939 3901 1064 3955 remansit.
1108 3901 1178 3949 Tunc
1199 3895 1300 3946 Albanis
1329 3895 1437 3944 clamore
1467 3907 1526 3945 suos
1553 3895 1713 3947 accendenti-

939 3998 998 4056 bus,
1023 3991 1138 4044 Romanis
1152 4002 1211 4038 vero
1230 4000 1275 4043 suo
1290 3983 1463 4049 propugnaturi
1487 3982 1608 4047 ignaviam
1620 3998 1713 4048 expro-

938 4083 1077 4142 brantibus,
1090 4084 1164 4142 atque
1172 4077 1220 4130 illis
1229 4074 1330 4138 quidem
1343 4073 1393 4123 iam
1403 4084 1488 4134 praem
1497 4071 1642 4123 canentibus
1651 4074 1677 4124 et
1687 4087 1715 4125 so

938 4174 1009 4238 quasi
1020 4174 1088 4236 parta
1100 4170 1149 4219 iam
1172 4165 1276 4217 victoria
1295 4160 1482 4221 coronantibus,
1498 4161 1537 4211 bis
1548 4174 1607 4212 vero
1628 4162 1715 4227 lugeo.

938 4260 1019 4320 tibus,
1033 4256 1131 4321 quasia
1147 4254 1246 4303 torluna
1268 4249 1328 4313 erigi
1346 4246 1454 4310 amplius
1467 4259 1517 4295 non
1532 4250 1713 4308 pussenanc-

938 4361 1026 4399 manus
1037 4346 1171 4410 prudenter
1184 4341 1316 4392 observato
1330 4341 1439 4400 tempore
1448 4335 1563 4386 celeriter
1574 4351 1600 4386 se
1610 4350 1712 4387 conver·

937 4436 982 4496 tit,
997 4438 1022 4484 et
1033 4432 1154 4482 Albanum
1173 4431 1303 4490 antequam
1325 4422 1372 4473 sibi
1390 4422 1527 4473 caveretiu
1543 4423 1644 4472 brachio
1657 4422 1713 4471 vul·

938 4523 1046 4582 neravit,
1068 4519 1229 4580 cubitumque
1247 4513 1361 4564 abscidit.
1396 4511 1514 4575 Prolapsa
1536 4516 1620 4561 autem
1645 4509 1713 4559 bumi

910 4630 913 4693 γ
937 4624 1012 4661 marro
1024 4623 1071 4658 una
1082 4621 1137 4656 cum
1149 4606 1203 4668 ipso
1212 4602 1300 4668 gladio,
1313 4601 1360 4650 alio
1373 4600 1476 4650 vulnere
1485 4600 1552 4650 letali
1563 4599 1631 4648 illato
1642 4599 1715 4648 Alba·

107 4678 151 4737 τὸ*
166 4677 300 4738 mm*
325 4675 370 4735 καί
394 4677 462 4753 lmat
490 4680 580 4735 τοῦτον
605 4677 648 4734 ἐπ’*
670 4675 712 4733 τὸν
735 4676 883 4732 ἳῑλῑυῖαῖθν
910 4700 913 4767 γ
937 4708 997 4743 num
1017 4692 1155 4750 interfecit,
1174 4691 1270 4752 hocque
1292 4700 1357 4737 caso
1375 4687 1495 4751 impeturn
1514 4686 1538 4734 in
1554 4690 1712 4748 postremam

109 4766 246 4839 ὠσάμενος
266 4768 397 4841 ἧμῑθνῆῒα
411 4765 456 4823 καί
474 4766 633 4842 παρῑῑμὲνθν
649 4761 880 4843 ἕπῑκῦτασφᾶῖτῑῑ·
910 4798 912 4853 γ
937 4778 1003 4837 lecit,
1015 4792 1121 4840 eumque
1134 4777 1184 4825 iam
1202 4776 1392 4825 semimortuum
1406 4774 1431 4822 et
1448 4771 1604 4834 languentem
1616 4765 1714 4829 iugula-

58 4875 84 4915 ⁸⁰
108 4853 260 4920 Σῐϋλῑῦῦῑς
277 4851 304 4910 δὲ
317 4852 377 4919 τὼ(
390 4855 442 4910 τῶν
457 4854 569 4932 ἆνῑψῑῶν
590 4849 695 4930 νεκροὺς
718 4851 753 4915 εἷς
768 4850 815 4920 τὴν
831 4848 881 4906 πό·
909 4880 912 4931 l
936 4864 973 4914 vit
986 4884 992 4913 :
1007 4868 1081 4926 atque
1102 4860 1213 4925 stantialis
1232 4858 1437 4908 consobrinorum
1451 4852 1596 4917 corporibus
1618 4850 1649 4898 ad
1669 4863 1712 4898 ur·

937 4947 993 4997 bem
1003 4946 1158 5011 properabat,
1172 4944 1238 5007 quod
1251 4944 1302 5006 ipse
1314 4943 1408 5004 primus
1421 4953 1473 4987 sum
1483 4935 1591 4986 victoria
1599 4932 1712 4983 nuntium

148 5117 227 5177 XXI.
248 5111 324 5175 Ἔδει
344 5115 368 5171 δ’
385 5115 437 5196 άρα
451 5114 495 5173 καλ
508 5118 599 5174 τοῦτον
616 5114 751 5194 ἄνθρωπον
765 5112 828 5172 ὄντα
843 5111 880 5187 μή
907 5124 911 5191 Ξ
967 5126 1031 5176 xlll.
1057 5119 1105 5172 sed
1127 5116 1255 5182 oportebat
1275 5115 1342 5164 bunc
1368 5111 1455 5170 ctiam,
1474 5104 1713 5196 utpotenlroruinem,

106 5204 193 5263 πάντα
222 5203 383 5282 διευτυχεῖν,
403 5205 461 5262 ἀλλ’
486 5201 636 5262 ἀπολαῦσαί
659 5225 685 5259 τι
714 5204 761 5259 τοῦ
789 5204 881 5280 φθονε-
908 5198 911 5256 ἶ
935 5218 985 5256 nou
1000 5211 1179 5266 usquequaque
1202 5196 1298 5246 felicem
1319 5202 1373 5242 esse
1391 5187 1435 5238 sed
1454 5184 1547 5249 aldimd
1564 5183 1714 5233 ¹⁰⁰⁰¹⁰¹¹¹⁰d¹

1060 5456 1065 5465 .
1150 5410 1428 5471 Q
