<?xml version="1.0" encoding="UTF-8"?>
<!DOCTYPE html PUBLIC "-//W3C//DTD XHTML 1.0 Transitional//EN"
    "http://www.w3.org/TR/xhtml1/DTD/xhtml1-transitional.dtd">
<html xmlns="http://www.w3.org/1999/xhtml" xml:lang="en" lang="en">
 <head>
  <title>
</title>
<meta http-equiv="Content-Type" content="text/html;charset=utf-8" />
  <meta name='ocr-system' content='tesseract 3.04.00' />
  <meta name='ocr-capabilities' content='ocr_page ocr_carea ocr_par ocr_line ocrx_word'/>
</head>
<body>
  <div class='ocr_page' id='page_1' title='image "./dionysiihalicar00prougoog_0296.png"; bbox 0 0 3772 5828; ppageno 0'>
   <div class='ocr_carea' id='block_1_1' title="bbox 176 327 236 385">
    <p class='ocr_par' dir='ltr' id='par_1_1' title="bbox 176 327 236 385">
     <span class='ocr_line' id='line_1_1' title="bbox 176 327 236 385; baseline -0.017 0"><span class='ocrx_word' id='word_1_1' title='bbox 176 327 236 385; x_wconf 74' lang='lat' dir='ltr'>als</span> 
     </span>
    </p>
   </div>
   <div class='ocr_carea' id='block_1_2' title="bbox 69 450 954 4963">
    <p class='ocr_par' dir='ltr' id='par_1_2' title="bbox 69 450 954 4963">
     <span class='ocr_line' id='line_1_2' title="bbox 175 450 951 537; baseline -0.006 -21"><span class='ocrx_word' id='word_1_2' title='bbox 175 455 315 537; x_wconf 85' lang='grc' dir='ltr'>χησάντων</span> <span class='ocrx_word' id='word_1_3' title='bbox 330 452 409 521; x_wconf 78' lang='grc' dir='ltr'>αὐτάς</span> <span class='ocrx_word' id='word_1_4' title='bbox 425 456 473 512; x_wconf 81' lang='grc' dir='ltr'>οῦκ</span> <span class='ocrx_word' id='word_1_5' title='bbox 489 452 629 522; x_wconf 80' lang='grc' dir='ltr'>ἀξιούντων</span> <span class='ocrx_word' id='word_1_6' title='bbox 650 453 813 513; x_wconf 73' lang='grc' dir='ltr'>ἀποδιδόναι.</span> <span class='ocrx_word' id='word_1_7' title='bbox 859 450 951 529; x_wconf 75' lang='grc' dir='ltr'>Ὺύρί-</span> 
     </span>
     <span class='ocr_line' id='line_1_3' title="bbox 174 537 950 620; baseline -0.006 -19"><span class='ocrx_word' id='word_1_8' title='bbox 174 550 263 612; x_wconf 78' lang='grc' dir='ltr'>ζεσθαι</span> <span class='ocrx_word' id='word_1_9' title='bbox 276 539 361 620; x_wconf 75' lang='grc' dir='ltr'>φήσας</span> <span class='ocrx_word' id='word_1_10' title='bbox 384 538 434 598; x_wconf 80' lang='grc' dir='ltr'>ὑπὸ</span> <span class='ocrx_word' id='word_1_11' title='bbox 449 537 592 616; x_wconf 85' lang='grc' dir='ltr'>Ῥωμαίων</span> <span class='ocrx_word' id='word_1_12' title='bbox 608 538 652 597; x_wconf 82' lang='grc' dir='ltr'>καὶ</span> <span class='ocrx_word' id='word_1_13' title='bbox 671 537 743 598; x_wconf 84' lang='grc' dir='ltr'>δεινά</span> <span class='ocrx_word' id='word_1_14' title='bbox 763 542 889 617; x_wconf 81' lang='grc' dir='ltr'>πάσχειν,</span> <span class='ocrx_word' id='word_1_15' title='bbox 910 539 950 596; x_wconf 82' lang='grc' dir='ltr'>ὅτι</span> 
     </span>
     <span class='ocr_line' id='line_1_4' title="bbox 174 626 950 706; baseline -0.008 -18"><span class='ocrx_word' id='word_1_16' title='bbox 174 635 227 688; x_wconf 91' lang='grc' dir='ltr'>τῶν</span> <span class='ocrx_word' id='word_1_17' title='bbox 247 627 408 703; x_wconf 76' lang='grc' dir='ltr'>ἀξιουμένων</span> <span class='ocrx_word' id='word_1_18' title='bbox 429 627 565 705; x_wconf 70' lang='grc' dir='ltr'>οὐδετέρου</span> <span class='ocrx_word' id='word_1_19' title='bbox 581 630 645 706; x_wconf 82' lang='grc' dir='ltr'>παρ’</span> <span class='ocrx_word' id='word_1_20' title='bbox 660 629 746 686; x_wconf 83' lang='grc' dir='ltr'>αὐτῶν</span> <span class='ocrx_word' id='word_1_21' title='bbox 762 628 865 706; x_wconf 80' lang='grc' dir='ltr'>ἔτυχεν,</span> <span class='ocrx_word' id='word_1_22' title='bbox 884 626 950 706; x_wconf 77' lang='grc' dir='ltr'>ἀνὴρ</span> 
     </span>
     <span class='ocr_line' id='line_1_5' title="bbox 175 713 951 794; baseline -0.004 -20"><span class='ocrx_word' id='word_1_23' title='bbox 175 717 287 787; x_wconf 83' lang='grc' dir='ltr'>αύθάδης</span> <span class='ocrx_word' id='word_1_24' title='bbox 303 715 348 772; x_wconf 83' lang='grc' dir='ltr'>καί</span> <span class='ocrx_word' id='word_1_25' title='bbox 363 713 547 794; x_wconf 65' lang='grc' dir='ltr'>διεφθαρμένος</span> <span class='ocrx_word' id='word_1_26' title='bbox 562 713 609 787; x_wconf 78' lang='grc' dir='ltr'>τὴν</span> <span class='ocrx_word' id='word_1_27' title='bbox 631 713 739 792; x_wconf 78' lang='grc' dir='ltr'>γνώμην</span> <span class='ocrx_word' id='word_1_28' title='bbox 753 714 805 774; x_wconf 85' lang='grc' dir='ltr'>ύπό</span> <span class='ocrx_word' id='word_1_29' title='bbox 818 737 847 773; x_wconf 91' lang='grc' dir='ltr'>τε</span> <span class='ocrx_word' id='word_1_30' title='bbox 866 713 951 774; x_wconf 81' lang='grc' dir='ltr'>πλού·</span> 
     </span>
     <span class='ocr_line' id='line_1_6' title="bbox 135 802 951 886; baseline -0.005 -20"><span class='ocrx_word' id='word_1_31' title='bbox 135 830 148 866; x_wconf 86' lang='grc' dir='ltr'>ι</span> <span class='ocrx_word' id='word_1_32' title='bbox 174 831 219 867; x_wconf 91' lang='grc' dir='ltr'>του</span> <span class='ocrx_word' id='word_1_33' title='bbox 229 811 275 866; x_wconf 81' lang='grc' dir='ltr'>καί</span> <span class='ocrx_word' id='word_1_34' title='bbox 285 805 431 886; x_wconf 89' lang='grc' dir='ltr'>χρημάτων</span> <span class='ocrx_word' id='word_1_35' title='bbox 445 805 491 864; x_wconf 82' lang='grc' dir='ltr'>καὶ</span> <span class='ocrx_word' id='word_1_36' title='bbox 506 806 590 884; x_wconf 78' lang='grc' dir='ltr'>ἀρχῆς</span> <span class='ocrx_word' id='word_1_37' title='bbox 603 804 736 882; x_wconf 86' lang='grc' dir='ltr'>μεγέθους,</span> <span class='ocrx_word' id='word_1_38' title='bbox 752 802 873 883; x_wconf 79' lang='grc' dir='ltr'>ἀφορμάς</span> <span class='ocrx_word' id='word_1_39' title='bbox 885 803 951 862; x_wconf 85' lang='grc' dir='ltr'>ῦπέ·</span> 
     </span>
     <span class='ocr_line' id='line_1_7' title="bbox 174 890 951 974; baseline -0.009 -21"><span class='ocrx_word' id='word_1_40' title='bbox 174 893 253 955; x_wconf 80' lang='grc' dir='ltr'>λαῦεν</span> <span class='ocrx_word' id='word_1_41' title='bbox 272 894 341 974; x_wconf 83' lang='grc' dir='ltr'>ἔχειν</span> <span class='ocrx_word' id='word_1_42' title='bbox 362 891 446 961; x_wconf 77' lang='grc' dir='ltr'>καλάς</span> <span class='ocrx_word' id='word_1_43' title='bbox 460 894 609 951; x_wconf 91' lang='grc' dir='ltr'>καταλῦσαι</span> <span class='ocrx_word' id='word_1_44' title='bbox 628 891 675 962; x_wconf 77' lang='grc' dir='ltr'>τὴν</span> <span class='ocrx_word' id='word_1_45' title='bbox 697 890 840 968; x_wconf 85' lang='grc' dir='ltr'>Ῥωμαίων</span> <span class='ocrx_word' id='word_1_46' title='bbox 855 890 951 971; x_wconf 74' lang='grc' dir='ltr'>ἀρχὴν,</span> 
     </span>
     <span class='ocr_line' id='line_1_8' title="bbox 173 980 952 1063; baseline 0 -24"><span class='ocrx_word' id='word_1_47' title='bbox 173 981 332 1062; x_wconf 76' lang='grc' dir='ltr'>παλαίτερον</span> <span class='ocrx_word' id='word_1_48' title='bbox 354 982 393 1041; x_wconf 86' lang='grc' dir='ltr'>ἐτι</span> <span class='ocrx_word' id='word_1_49' title='bbox 409 986 488 1042; x_wconf 90' lang='grc' dir='ltr'>τοῦτο</span> <span class='ocrx_word' id='word_1_50' title='bbox 509 981 678 1061; x_wconf 89' lang='grc' dir='ltr'>βουλόμενος,</span> <span class='ocrx_word' id='word_1_51' title='bbox 696 980 742 1040; x_wconf 85' lang='grc' dir='ltr'>καὶ</span> <span class='ocrx_word' id='word_1_52' title='bbox 762 981 885 1063; x_wconf 79' lang='grc' dir='ltr'>προεῖπεν</span> <span class='ocrx_word' id='word_1_53' title='bbox 904 982 952 1039; x_wconf 86' lang='grc' dir='ltr'>αὖ·</span> 
     </span>
     <span class='ocr_line' id='line_1_9' title="bbox 174 1066 952 1149; baseline -0.004 -20"><span class='ocrx_word' id='word_1_54' title='bbox 174 1073 228 1137; x_wconf 86' lang='grc' dir='ltr'>τοῖς</span> <span class='ocrx_word' id='word_1_55' title='bbox 249 1071 292 1130; x_wconf 83' lang='grc' dir='ltr'>τὸν</span> <span class='ocrx_word' id='word_1_56' title='bbox 317 1071 441 1148; x_wconf 89' lang='grc' dir='ltr'>πόλεμον.</span> <span class='ocrx_word' id='word_1_57' title='bbox 487 1068 622 1149; x_wconf 76' lang='grc' dir='ltr'>Συνῄρετο</span> <span class='ocrx_word' id='word_1_58' title='bbox 637 1070 660 1126; x_wconf 90' lang='grc' dir='ltr'>δ’</span> <span class='ocrx_word' id='word_1_59' title='bbox 679 1071 750 1149; x_wconf 81' lang='grc' dir='ltr'>αὐτῷ</span> <span class='ocrx_word' id='word_1_60' title='bbox 769 1072 813 1129; x_wconf 88' lang='grc' dir='ltr'>τοῦ</span> <span class='ocrx_word' id='word_1_61' title='bbox 835 1066 952 1144; x_wconf 91' lang='grc' dir='ltr'>πολέμου</span> 
     </span>
     <span class='ocr_line' id='line_1_10' title="bbox 173 1152 952 1240; baseline -0.003 -24"><span class='ocrx_word' id='word_1_62' title='bbox 173 1167 263 1218; x_wconf 77' lang='grc' dir='ltr'>πᾶσαν</span> <span class='ocrx_word' id='word_1_63' title='bbox 279 1158 426 1240; x_wconf 80' lang='grc' dir='ltr'>προθυμίαν</span> <span class='ocrx_word' id='word_1_64' title='bbox 447 1156 583 1227; x_wconf 81' lang='grc' dir='ltr'>ἀποδεῖξαι</span> <span class='ocrx_word' id='word_1_65' title='bbox 603 1153 787 1237; x_wconf 83' lang='grc' dir='ltr'>βουλόμενοςδ</span> <span class='ocrx_word' id='word_1_66' title='bbox 805 1152 952 1235; x_wconf 85' lang='grc' dir='ltr'>Ταρκυνίου</span> 
     </span>
     <span class='ocr_line' id='line_1_11' title="bbox 125 1241 954 1328; baseline -0.012 -17"><span class='ocrx_word' id='word_1_67' title='bbox 125 1273 151 1311; x_wconf 89' lang='lat' dir='ltr'>m</span> <span class='ocrx_word' id='word_1_68' title='bbox 173 1246 303 1328; x_wconf 82' lang='grc' dir='ltr'>γαμθρδς,</span> <span class='ocrx_word' id='word_1_69' title='bbox 317 1246 471 1312; x_wconf 83' lang='grc' dir='ltr'>Ὀκταούϊος</span> <span class='ocrx_word' id='word_1_70' title='bbox 485 1243 628 1320; x_wconf 84' lang='grc' dir='ltr'>Μαμίλιος,</span> <span class='ocrx_word' id='word_1_71' title='bbox 644 1245 673 1301; x_wconf 86' lang='grc' dir='ltr'>ἐκ</span> <span class='ocrx_word' id='word_1_72' title='bbox 686 1241 786 1311; x_wconf 89' lang='grc' dir='ltr'>πόλεως</span> <span class='ocrx_word' id='word_1_73' title='bbox 801 1243 954 1322; x_wconf 79' lang='grc' dir='ltr'>ὁρμώμενος</span> 
     </span>
     <span class='ocr_line' id='line_1_12' title="bbox 175 1328 952 1415; baseline -0.008 -20"><span class='ocrx_word' id='word_1_74' title='bbox 175 1336 308 1409; x_wconf 85' lang='grc' dir='ltr'>Τύσκλου,</span> <span class='ocrx_word' id='word_1_75' title='bbox 332 1333 495 1415; x_wconf 80' lang='grc' dir='ltr'>Καμερινοῦς</span> <span class='ocrx_word' id='word_1_76' title='bbox 523 1333 570 1408; x_wconf 78' lang='grc' dir='ltr'>μίν</span> <span class='ocrx_word' id='word_1_77' title='bbox 595 1329 641 1391; x_wconf 80' lang='grc' dir='ltr'>καί</span> <span class='ocrx_word' id='word_1_78' title='bbox 657 1331 841 1408; x_wconf 78' lang='grc' dir='ltr'>Ἀντεμνάτας,</span> <span class='ocrx_word' id='word_1_79' title='bbox 861 1328 888 1388; x_wconf 75' lang='lat' dir='ltr'>ot</span> <span class='ocrx_word' id='word_1_80' title='bbox 907 1335 952 1389; x_wconf 90' lang='grc' dir='ltr'>τοῦ</span> 
     </span>
     <span class='ocr_line' id='line_1_13' title="bbox 174 1418 954 1503; baseline -0.008 -20"><span class='ocrx_word' id='word_1_81' title='bbox 174 1421 295 1483; x_wconf 78' lang='grc' dir='ltr'>Λατίνων</span> <span class='ocrx_word' id='word_1_82' title='bbox 306 1434 425 1503; x_wconf 77' lang='grc' dir='ltr'>μετεῖχον</span> <span class='ocrx_word' id='word_1_83' title='bbox 435 1422 533 1500; x_wconf 83' lang='grc' dir='ltr'>γένους,</span> <span class='ocrx_word' id='word_1_84' title='bbox 544 1418 663 1488; x_wconf 77' lang='grc' dir='ltr'>ἅπαντας</span> <span class='ocrx_word' id='word_1_85' title='bbox 672 1419 834 1497; x_wconf 79' lang='grc' dir='ltr'>ἐπαγόμενος</span> <span class='ocrx_word' id='word_1_86' title='bbox 843 1421 954 1500; x_wconf 87' lang='grc' dir='ltr'>ἀφεστη·</span> 
     </span>
     <span class='ocr_line' id='line_1_14' title="bbox 176 1506 952 1590; baseline -0.004 -20"><span class='ocrx_word' id='word_1_87' title='bbox 176 1511 251 1578; x_wconf 82' lang='grc' dir='ltr'>κότος</span> <span class='ocrx_word' id='word_1_88' title='bbox 271 1511 322 1583; x_wconf 79' lang='grc' dir='ltr'>ἤδη</span> <span class='ocrx_word' id='word_1_89' title='bbox 341 1511 484 1588; x_wconf 86' lang='grc' dir='ltr'>Ῥωμαίων</span> <span class='ocrx_word' id='word_1_90' title='bbox 507 1513 537 1569; x_wconf 79' lang='grc' dir='ltr'>ἐκ</span> <span class='ocrx_word' id='word_1_91' title='bbox 551 1514 595 1568; x_wconf 91' lang='grc' dir='ltr'>τοῦ</span> <span class='ocrx_word' id='word_1_92' title='bbox 611 1515 740 1590; x_wconf 89' lang='grc' dir='ltr'>φανεροῦ·</span> <span class='ocrx_word' id='word_1_93' title='bbox 763 1506 836 1589; x_wconf 81' lang='grc' dir='ltr'>παρά</span> <span class='ocrx_word' id='word_1_94' title='bbox 855 1506 882 1568; x_wconf 78' lang='grc' dir='ltr'>δέ</span> <span class='ocrx_word' id='word_1_95' title='bbox 900 1510 952 1567; x_wconf 80' lang='grc' dir='ltr'>τῶν</span> 
     </span>
     <span class='ocr_line' id='line_1_15' title="bbox 174 1590 953 1678; baseline -0.008 -19"><span class='ocrx_word' id='word_1_96' title='bbox 174 1603 262 1662; x_wconf 91' lang='grc' dir='ltr'>ἀλλων</span> <span class='ocrx_word' id='word_1_97' title='bbox 283 1606 424 1678; x_wconf 86' lang='grc' dir='ltr'>ὁμοεθνῶν,</span> <span class='ocrx_word' id='word_1_98' title='bbox 447 1590 486 1666; x_wconf 82' lang='grc' dir='ltr'>οἷς</span> <span class='ocrx_word' id='word_1_99' title='bbox 508 1601 555 1657; x_wconf 78' lang='grc' dir='ltr'>οὐκ</span> <span class='ocrx_word' id='word_1_100' title='bbox 575 1590 608 1670; x_wconf 65' lang='grc' dir='ltr'>ἦν</span> <span class='ocrx_word' id='word_1_101' title='bbox 634 1596 801 1674; x_wconf 79' lang='grc' dir='ltr'>βουλομένοις</span> <span class='ocrx_word' id='word_1_102' title='bbox 828 1597 953 1672; x_wconf 83' lang='grc' dir='ltr'>πολεμεῖν</span> 
     </span>
     <span class='ocr_line' id='line_1_16' title="bbox 69 1682 952 1773; baseline -0.009 -22"><span class='ocrx_word' id='word_1_103' title='bbox 69 1688 71 1695; x_wconf 68' lang='grc'><strong>’</strong></span> <span class='ocrx_word' id='word_1_104' title='bbox 123 1702 147 1742; x_wconf 80' lang='lat'>¹⁶</span> <span class='ocrx_word' id='word_1_105' title='bbox 173 1693 320 1773; x_wconf 81' lang='grc' dir='ltr'>ἀναφανδὸν</span> <span class='ocrx_word' id='word_1_106' title='bbox 340 1688 473 1769; x_wconf 77' lang='grc' dir='ltr'>ἐνσπόνδῳ</span> <span class='ocrx_word' id='word_1_107' title='bbox 487 1709 515 1746; x_wconf 92' lang='grc' dir='ltr'>τε</span> <span class='ocrx_word' id='word_1_108' title='bbox 535 1687 581 1744; x_wconf 83' lang='grc' dir='ltr'>καὶ</span> <span class='ocrx_word' id='word_1_109' title='bbox 603 1682 722 1762; x_wconf 78' lang='grc' dir='ltr'>μεγάλην</span> <span class='ocrx_word' id='word_1_110' title='bbox 753 1683 828 1764; x_wconf 79' lang='grc' dir='ltr'>ἰσχύν</span> <span class='ocrx_word' id='word_1_111' title='bbox 855 1683 952 1766; x_wconf 75' lang='grc' dir='ltr'>ἐχούσῃ</span> 
     </span>
     <span class='ocr_line' id='line_1_17' title="bbox 173 1777 954 1860; baseline -0.004 -21"><span class='ocrx_word' id='word_1_112' title='bbox 173 1781 259 1852; x_wconf 91' lang='grc' dir='ltr'>πόλει,</span> <span class='ocrx_word' id='word_1_113' title='bbox 283 1780 327 1839; x_wconf 83' lang='grc' dir='ltr'>διδι</span> <span class='ocrx_word' id='word_1_114' title='bbox 347 1780 488 1860; x_wconf 87' lang='grc' dir='ltr'>προφάσεις</span> <span class='ocrx_word' id='word_1_115' title='bbox 502 1780 549 1837; x_wconf 87' lang='grc' dir='ltr'>ούκ</span> <span class='ocrx_word' id='word_1_116' title='bbox 574 1777 717 1856; x_wconf 78' lang='grc' dir='ltr'>ἀναγκαίας</span> <span class='ocrx_word' id='word_1_117' title='bbox 741 1778 875 1846; x_wconf 79' lang='grc' dir='ltr'>ἐθελοντάς</span> <span class='ocrx_word' id='word_1_118' title='bbox 888 1801 954 1858; x_wconf 80' lang='grc' dir='ltr'>συχ·</span> 
     </span>
     <span class='ocr_line' id='line_1_18' title="bbox 172 1867 554 1950; baseline -0.013 -19"><span class='ocrx_word' id='word_1_119' title='bbox 172 1869 229 1931; x_wconf 81' lang='grc' dir='ltr'>νοῦς</span> <span class='ocrx_word' id='word_1_120' title='bbox 244 1870 298 1950; x_wconf 78' lang='grc' dir='ltr'>ἰδίῳ</span> <span class='ocrx_word' id='word_1_121' title='bbox 309 1868 440 1933; x_wconf 84' lang='grc' dir='ltr'>πεπεικὼς</span> <span class='ocrx_word' id='word_1_122' title='bbox 452 1867 554 1946; x_wconf 80' lang='grc' dir='ltr'>χάριτι.</span> 
     </span>
     <span class='ocr_line' id='line_1_19' title="bbox 215 1954 952 2034; baseline -0.005 -16"><span class='ocrx_word' id='word_1_123' title='bbox 215 1958 306 2018; x_wconf 83' lang='lat' dir='ltr'>xliii.</span> <span class='ocrx_word' id='word_1_124' title='bbox 330 1959 425 2016; x_wconf 84' lang='grc' dir='ltr'>Ταῦτα</span> <span class='ocrx_word' id='word_1_125' title='bbox 441 1954 566 2032; x_wconf 83' lang='grc' dir='ltr'>μαθόντες</span> <span class='ocrx_word' id='word_1_126' title='bbox 579 1957 602 2015; x_wconf 75' lang='lat' dir='ltr'>ot</span> <span class='ocrx_word' id='word_1_127' title='bbox 617 1959 669 2015; x_wconf 85' lang='grc' dir='ltr'>τῶν</span> <span class='ocrx_word' id='word_1_128' title='bbox 689 1954 832 2034; x_wconf 76' lang='grc' dir='ltr'>Ῥωμαίων</span> <span class='ocrx_word' id='word_1_129' title='bbox 848 1955 952 2031; x_wconf 80' lang='grc' dir='ltr'>ὕπατοι,</span> 
     </span>
     <span class='ocr_line' id='line_1_20' title="bbox 173 2041 954 2126; baseline -0.005 -22"><span class='ocrx_word' id='word_1_130' title='bbox 173 2041 340 2126; x_wconf 77' lang='grc' dir='ltr'>πρῶτονμὲν</span> <span class='ocrx_word' id='word_1_131' title='bbox 359 2042 392 2101; x_wconf 82' lang='grc' dir='ltr'>τά</span> <span class='ocrx_word' id='word_1_132' title='bbox 416 2044 446 2101; x_wconf 82' lang='grc' dir='ltr'>ἐκ</span> <span class='ocrx_word' id='word_1_133' title='bbox 458 2044 510 2100; x_wconf 86' lang='grc' dir='ltr'>τῶν</span> <span class='ocrx_word' id='word_1_134' title='bbox 532 2043 618 2121; x_wconf 83' lang='grc' dir='ltr'>ἀγρῶν</span> <span class='ocrx_word' id='word_1_135' title='bbox 640 2042 768 2123; x_wconf 83' lang='grc' dir='ltr'>χρήματά</span> <span class='ocrx_word' id='word_1_136' title='bbox 783 2065 811 2100; x_wconf 89' lang='grc' dir='ltr'>τε</span> <span class='ocrx_word' id='word_1_137' title='bbox 829 2042 875 2100; x_wconf 80' lang='grc' dir='ltr'>καὶ</span> <span class='ocrx_word' id='word_1_138' title='bbox 890 2045 954 2121; x_wconf 87' lang='grc' dir='ltr'>βοσ-</span> 
     </span>
     <span class='ocr_line' id='line_1_21' title="bbox 122 2128 954 2212; baseline 0.001 -25"><span class='ocrx_word' id='word_1_139' title='bbox 122 2148 150 2187; x_wconf 82' lang='grc' dir='ltr'>ειο</span> <span class='ocrx_word' id='word_1_140' title='bbox 174 2132 284 2212; x_wconf 75' lang='grc' dir='ltr'>κήματα</span> <span class='ocrx_word' id='word_1_141' title='bbox 303 2131 348 2188; x_wconf 80' lang='grc' dir='ltr'>καί</span> <span class='ocrx_word' id='word_1_142' title='bbox 363 2129 513 2209; x_wconf 88' lang='grc' dir='ltr'>ἀνδράποδα</span> <span class='ocrx_word' id='word_1_143' title='bbox 539 2131 660 2209; x_wconf 87' lang='grc' dir='ltr'>μετάγειν</span> <span class='ocrx_word' id='word_1_144' title='bbox 685 2138 739 2196; x_wconf 89' lang='grc' dir='ltr'>τοῖς</span> <span class='ocrx_word' id='word_1_145' title='bbox 755 2129 877 2209; x_wconf 82' lang='grc' dir='ltr'>γεωργοῖς</span> <span class='ocrx_word' id='word_1_146' title='bbox 898 2128 954 2188; x_wconf 78' lang='grc' dir='ltr'>ἐκέ-</span> 
     </span>
     <span class='ocr_line' id='line_1_22' title="bbox 176 2216 954 2300; baseline -0.005 -20"><span class='ocrx_word' id='word_1_147' title='bbox 176 2223 271 2281; x_wconf 85' lang='grc' dir='ltr'>λευσαν</span> <span class='ocrx_word' id='word_1_148' title='bbox 287 2221 322 2284; x_wconf 82' lang='grc' dir='ltr'>εἷς</span> <span class='ocrx_word' id='word_1_149' title='bbox 336 2218 370 2275; x_wconf 85' lang='grc' dir='ltr'>τά</span> <span class='ocrx_word' id='word_1_150' title='bbox 382 2219 493 2288; x_wconf 79' lang='grc' dir='ltr'>πλησίον</span> <span class='ocrx_word' id='word_1_151' title='bbox 512 2218 570 2300; x_wconf 83' lang='grc' dir='ltr'>ὄρη,</span> <span class='ocrx_word' id='word_1_152' title='bbox 581 2216 692 2300; x_wconf 87' lang='grc' dir='ltr'>φρούρια</span> <span class='ocrx_word' id='word_1_153' title='bbox 709 2217 954 2286; x_wconf 81' lang='grc' dir='ltr'>κατασκευάσαντες</span> 
     </span>
     <span class='ocr_line' id='line_1_23' title="bbox 176 2306 953 2386; baseline -0.001 -20"><span class='ocrx_word' id='word_1_154' title='bbox 176 2309 219 2367; x_wconf 80' lang='grc' dir='ltr'>ἐπὶ</span> <span class='ocrx_word' id='word_1_155' title='bbox 233 2315 286 2372; x_wconf 86' lang='grc' dir='ltr'>τοῖς</span> <span class='ocrx_word' id='word_1_156' title='bbox 300 2310 419 2385; x_wconf 74' lang='grc' dir='ltr'>ἐρυμνοῖς</span> <span class='ocrx_word' id='word_1_157' title='bbox 435 2307 513 2366; x_wconf 81' lang='grc' dir='ltr'>ίκανά</span> <span class='ocrx_word' id='word_1_158' title='bbox 531 2307 622 2377; x_wconf 80' lang='grc' dir='ltr'>σώζειν</span> <span class='ocrx_word' id='word_1_159' title='bbox 634 2306 692 2374; x_wconf 80' lang='grc' dir='ltr'>τοὺς</span> <span class='ocrx_word' id='word_1_160' title='bbox 707 2309 742 2374; x_wconf 84' lang='grc' dir='ltr'>εἷς</span> <span class='ocrx_word' id='word_1_161' title='bbox 754 2308 820 2367; x_wconf 82' lang='grc' dir='ltr'>αὐτὰ</span> <span class='ocrx_word' id='word_1_162' title='bbox 832 2330 953 2386; x_wconf 82' lang='grc' dir='ltr'>καταφυ-</span> 
     </span>
     <span class='ocr_line' id='line_1_24' title="bbox 174 2392 953 2475; baseline 0 -21"><span class='ocrx_word' id='word_1_163' title='bbox 174 2396 276 2470; x_wconf 85' lang='grc' dir='ltr'>γόντας.</span> <span class='ocrx_word' id='word_1_164' title='bbox 319 2392 434 2455; x_wconf 87' lang='grc' dir='ltr'>Ἔπειτα</span> <span class='ocrx_word' id='word_1_165' title='bbox 450 2397 493 2456; x_wconf 87' lang='grc' dir='ltr'>τδν</span> <span class='ocrx_word' id='word_1_166' title='bbox 517 2397 677 2474; x_wconf 89' lang='grc' dir='ltr'>καλούμενον</span> <span class='ocrx_word' id='word_1_167' title='bbox 701 2396 844 2459; x_wconf 88' lang='grc' dir='ltr'>Ἰανίκολον</span> <span class='ocrx_word' id='word_1_168' title='bbox 860 2394 953 2475; x_wconf 80' lang='grc' dir='ltr'>ὄχθον·</span> 
     </span>
     <span class='ocr_line' id='line_1_25' title="bbox 174 2479 947 2562; baseline 0 -23"><span class='ocrx_word' id='word_1_169' title='bbox 174 2479 231 2540; x_wconf 87' lang='grc' dir='ltr'>ίστι</span> <span class='ocrx_word' id='word_1_170' title='bbox 250 2479 277 2538; x_wconf 77' lang='grc' dir='ltr'>δὲ</span> <span class='ocrx_word' id='word_1_171' title='bbox 292 2487 369 2540; x_wconf 89' lang='grc' dir='ltr'>τοῦτο</span> <span class='ocrx_word' id='word_1_172' title='bbox 383 2481 442 2560; x_wconf 82' lang='grc' dir='ltr'>ὄρος</span> <span class='ocrx_word' id='word_1_173' title='bbox 460 2482 559 2562; x_wconf 74' lang='grc' dir='ltr'>δφηλδν</span> <span class='ocrx_word' id='word_1_174' title='bbox 577 2485 660 2561; x_wconf 78' lang='grc' dir='ltr'>ἀγχοῦ</span> <span class='ocrx_word' id='word_1_175' title='bbox 681 2486 725 2553; x_wconf 83' lang='grc' dir='ltr'>τῆς</span> <span class='ocrx_word' id='word_1_176' title='bbox 740 2481 947 2559; x_wconf 85' lang='grc' dir='ltr'>Ῥώμηςπέραν</span> 
     </span>
     <span class='ocr_line' id='line_1_26' title="bbox 122 2568 951 2650; baseline -0.001 -21"><span class='ocrx_word' id='word_1_177' title='bbox 122 2582 149 2622; x_wconf 72' lang='lat'>²⁵</span> <span class='ocrx_word' id='word_1_178' title='bbox 173 2574 219 2630; x_wconf 88' lang='grc' dir='ltr'>τοῦ</span> <span class='ocrx_word' id='word_1_179' title='bbox 232 2568 354 2649; x_wconf 83' lang='grc' dir='ltr'>Τιόέριος</span> <span class='ocrx_word' id='word_1_180' title='bbox 366 2575 485 2646; x_wconf 88' lang='grc' dir='ltr'>ποταμοῦ</span> <span class='ocrx_word' id='word_1_181' title='bbox 497 2570 623 2645; x_wconf 87' lang='grc' dir='ltr'>κείμενον·</span> <span class='ocrx_word' id='word_1_182' title='bbox 648 2570 822 2650; x_wconf 82' lang='grc' dir='ltr'>ὀχυρωτέραις</span> <span class='ocrx_word' id='word_1_183' title='bbox 836 2571 951 2649; x_wconf 84' lang='grc' dir='ltr'>ἐκρατύ-</span> 
     </span>
     <span class='ocr_line' id='line_1_27' title="bbox 174 2660 952 2741; baseline 0.004 -24"><span class='ocrx_word' id='word_1_184' title='bbox 174 2682 252 2718; x_wconf 89' lang='grc' dir='ltr'>ναντο</span> <span class='ocrx_word' id='word_1_185' title='bbox 276 2666 451 2724; x_wconf 88' lang='grc' dir='ltr'>κατασκευαῖς</span> <span class='ocrx_word' id='word_1_186' title='bbox 476 2680 504 2717; x_wconf 91' lang='grc' dir='ltr'>τε</span> <span class='ocrx_word' id='word_1_187' title='bbox 525 2660 571 2718; x_wconf 84' lang='grc' dir='ltr'>καὶ</span> <span class='ocrx_word' id='word_1_188' title='bbox 595 2660 743 2741; x_wconf 87' lang='grc' dir='ltr'>φυλακαῖς,</span> <span class='ocrx_word' id='word_1_189' title='bbox 770 2660 830 2740; x_wconf 80' lang='grc' dir='ltr'>περὶ</span> <span class='ocrx_word' id='word_1_190' title='bbox 855 2660 952 2726; x_wconf 80' lang='grc' dir='ltr'>παντὸς</span> 
     </span>
     <span class='ocr_line' id='line_1_28' title="bbox 176 2745 951 2832; baseline 0.001 -26"><span class='ocrx_word' id='word_1_191' title='bbox 176 2747 327 2822; x_wconf 83' lang='grc' dir='ltr'>ποιούμενοι</span> <span class='ocrx_word' id='word_1_192' title='bbox 342 2746 379 2822; x_wconf 77' lang='grc' dir='ltr'>μὴ</span> <span class='ocrx_word' id='word_1_193' title='bbox 395 2745 515 2826; x_wconf 88' lang='grc' dir='ltr'>γενέσθαι</span> <span class='ocrx_word' id='word_1_194' title='bbox 527 2751 582 2815; x_wconf 84' lang='grc' dir='ltr'>τοῖς</span> <span class='ocrx_word' id='word_1_195' title='bbox 594 2749 728 2826; x_wconf 90' lang='grc' dir='ltr'>πολεμίοις</span> <span class='ocrx_word' id='word_1_196' title='bbox 740 2749 875 2832; x_wconf 78' lang='grc' dir='ltr'>ἐπίκαιρον</span> <span class='ocrx_word' id='word_1_197' title='bbox 893 2771 951 2830; x_wconf 89' lang='grc' dir='ltr'>χω-</span> 
     </span>
     <span class='ocr_line' id='line_1_29' title="bbox 178 2833 951 2913; baseline 0.001 -21"><span class='ocrx_word' id='word_1_198' title='bbox 178 2835 230 2913; x_wconf 90' lang='grc' dir='ltr'>ρίον</span> <span class='ocrx_word' id='word_1_199' title='bbox 248 2833 416 2913; x_wconf 82' lang='grc' dir='ltr'>ἐπιτείχισμα</span> <span class='ocrx_word' id='word_1_200' title='bbox 439 2836 508 2896; x_wconf 86' lang='grc' dir='ltr'>κατά</span> <span class='ocrx_word' id='word_1_201' title='bbox 532 2839 579 2907; x_wconf 78' lang='grc' dir='ltr'>τῆς</span> <span class='ocrx_word' id='word_1_202' title='bbox 603 2837 713 2909; x_wconf 90' lang='grc' dir='ltr'>πόλεως,</span> <span class='ocrx_word' id='word_1_203' title='bbox 729 2837 775 2896; x_wconf 81' lang='grc' dir='ltr'>καί</span> <span class='ocrx_word' id='word_1_204' title='bbox 788 2836 835 2904; x_wconf 84' lang='grc' dir='ltr'>τάς</span> <span class='ocrx_word' id='word_1_205' title='bbox 855 2840 890 2906; x_wconf 83' lang='grc' dir='ltr'>είς</span> <span class='ocrx_word' id='word_1_206' title='bbox 908 2837 951 2896; x_wconf 87' lang='grc' dir='ltr'>τὸν</span> 
     </span>
     <span class='ocr_line' id='line_1_30' title="bbox 176 2922 952 3004; baseline 0.003 -22"><span class='ocrx_word' id='word_1_207' title='bbox 176 2924 291 2999; x_wconf 86' lang='grc' dir='ltr'>πολεμον</span> <span class='ocrx_word' id='word_1_208' title='bbox 305 2922 474 3004; x_wconf 76' lang='grc' dir='ltr'>παρασκευάς</span> <span class='ocrx_word' id='word_1_209' title='bbox 494 2926 593 2984; x_wconf 79' lang='grc' dir='ltr'>ἐνταῦθ’</span> <span class='ocrx_word' id='word_1_210' title='bbox 608 2926 741 2985; x_wconf 80' lang='grc' dir='ltr'>ἀπέθεντο.</span> <span class='ocrx_word' id='word_1_211' title='bbox 783 2928 809 2986; x_wconf 86' lang='grc' dir='ltr'>Τ</span> <span class='ocrx_word' id='word_1_212' title='bbox 811 2925 828 2984; x_wconf 87' lang='grc' dir='ltr'>ἀ</span> <span class='ocrx_word' id='word_1_213' title='bbox 843 2924 868 2985; x_wconf 87' lang='grc' dir='ltr'>τ’</span> <span class='ocrx_word' id='word_1_214' title='bbox 881 2924 952 2993; x_wconf 82' lang='grc' dir='ltr'>ἐντός</span> 
     </span>
     <span class='ocr_line' id='line_1_31' title="bbox 123 3010 951 3091; baseline 0.002 -19"><span class='ocrx_word' id='word_1_215' title='bbox 123 3031 150 3072; x_wconf 80' lang='grc' dir='ltr'>ον</span> <span class='ocrx_word' id='word_1_216' title='bbox 177 3010 277 3091; x_wconf 83' lang='grc' dir='ltr'>τείχους</span> <span class='ocrx_word' id='word_1_217' title='bbox 290 3011 334 3070; x_wconf 83' lang='grc' dir='ltr'>ἐπί</span> <span class='ocrx_word' id='word_1_218' title='bbox 350 3012 381 3072; x_wconf 88' lang='grc' dir='ltr'>τδ</span> <span class='ocrx_word' id='word_1_219' title='bbox 397 3011 605 3091; x_wconf 88' lang='grc' dir='ltr'>δημοτικώτερον</span> <span class='ocrx_word' id='word_1_220' title='bbox 627 3013 783 3072; x_wconf 87' lang='grc' dir='ltr'>καθίσταντο</span> <span class='ocrx_word' id='word_1_221' title='bbox 800 3013 887 3073; x_wconf 85' lang='grc' dir='ltr'>πολλά</span> <span class='ocrx_word' id='word_1_222' title='bbox 902 3038 951 3073; x_wconf 91' lang='grc' dir='ltr'>πο·</span> 
     </span>
     <span class='ocr_line' id='line_1_32' title="bbox 176 3099 952 3181; baseline -0.001 -22"><span class='ocrx_word' id='word_1_223' title='bbox 176 3099 336 3176; x_wconf 88' lang='grc' dir='ltr'>λιτιυύμενοι</span> <span class='ocrx_word' id='word_1_224' title='bbox 358 3102 528 3181; x_wconf 88' lang='grc' dir='ltr'>φιλάνθρωπα</span> <span class='ocrx_word' id='word_1_225' title='bbox 545 3103 608 3180; x_wconf 83' lang='grc' dir='ltr'>πρὸς</span> <span class='ocrx_word' id='word_1_226' title='bbox 624 3101 683 3168; x_wconf 82' lang='grc' dir='ltr'>τοῦς</span> <span class='ocrx_word' id='word_1_227' title='bbox 705 3101 829 3174; x_wconf 85' lang='grc' dir='ltr'>πένητας,</span> <span class='ocrx_word' id='word_1_228' title='bbox 849 3099 892 3159; x_wconf 86' lang='grc' dir='ltr'>ίνα</span> <span class='ocrx_word' id='word_1_229' title='bbox 913 3101 952 3178; x_wconf 77' lang='grc' dir='ltr'>μὴ</span> 
     </span>
     <span class='ocr_line' id='line_1_33' title="bbox 178 3188 951 3271; baseline -0.001 -24"><span class='ocrx_word' id='word_1_230' title='bbox 178 3188 442 3271; x_wconf 86' lang='grc' dir='ltr'>μεταόάλοιντοπρδς</span> <span class='ocrx_word' id='word_1_231' title='bbox 453 3188 511 3256; x_wconf 83' lang='grc' dir='ltr'>τοῦς</span> <span class='ocrx_word' id='word_1_232' title='bbox 521 3190 658 3270; x_wconf 89' lang='grc' dir='ltr'>τυράννους</span> <span class='ocrx_word' id='word_1_233' title='bbox 678 3189 721 3250; x_wconf 76' lang='grc' dir='ltr'>ἐπὶ</span> <span class='ocrx_word' id='word_1_234' title='bbox 736 3191 788 3256; x_wconf 82' lang='grc' dir='ltr'>τοῖς</span> <span class='ocrx_word' id='word_1_235' title='bbox 803 3189 875 3256; x_wconf 78' lang='grc' dir='ltr'>ἰδίοις</span> <span class='ocrx_word' id='word_1_236' title='bbox 892 3189 951 3268; x_wconf 85' lang='grc' dir='ltr'>κέρ·</span> 
     </span>
     <span class='ocr_line' id='line_1_34' title="bbox 177 3276 952 3359; baseline -0.001 -23"><span class='ocrx_word' id='word_1_237' title='bbox 177 3280 232 3338; x_wconf 91' lang='grc' dir='ltr'>δεσι</span> <span class='ocrx_word' id='word_1_238' title='bbox 245 3279 393 3344; x_wconf 80' lang='grc' dir='ltr'>πεισθέντες</span> <span class='ocrx_word' id='word_1_239' title='bbox 408 3279 550 3358; x_wconf 86' lang='grc' dir='ltr'>προδοῦναι</span> <span class='ocrx_word' id='word_1_240' title='bbox 568 3279 598 3338; x_wconf 85' lang='grc' dir='ltr'>τὸ</span> <span class='ocrx_word' id='word_1_241' title='bbox 611 3280 704 3339; x_wconf 89' lang='grc' dir='ltr'>κοινόν.</span> <span class='ocrx_word' id='word_1_242' title='bbox 752 3276 805 3339; x_wconf 81' lang='grc' dir='ltr'>Καὶ</span> <span class='ocrx_word' id='word_1_243' title='bbox 820 3276 871 3359; x_wconf 79' lang='grc' dir='ltr'>γάρ</span> <span class='ocrx_word' id='word_1_244' title='bbox 891 3279 952 3336; x_wconf 69' lang='lat' dir='ltr'>dre·</span> 
     </span>
     <span class='ocr_line' id='line_1_35' title="bbox 175 3358 952 3449; baseline 0.004 -27"><span class='ocrx_word' id='word_1_245' title='bbox 175 3366 227 3432; x_wconf 92' lang='grc' dir='ltr'>λεῖς</span> <span class='ocrx_word' id='word_1_246' title='bbox 257 3366 348 3434; x_wconf 82' lang='grc' dir='ltr'>αὐτοὺς</span> <span class='ocrx_word' id='word_1_247' title='bbox 371 3365 493 3425; x_wconf 84' lang='grc' dir='ltr'>ἀπάντων</span> <span class='ocrx_word' id='word_1_248' title='bbox 509 3368 669 3449; x_wconf 74' lang='grc' dir='ltr'>ἐψηφίσαντο</span> <span class='ocrx_word' id='word_1_249' title='bbox 697 3358 763 3427; x_wconf 78' lang='grc' dir='ltr'>εῖναι</span> <span class='ocrx_word' id='word_1_250' title='bbox 784 3369 835 3425; x_wconf 84' lang='grc' dir='ltr'>τῶν</span> <span class='ocrx_word' id='word_1_251' title='bbox 860 3369 952 3428; x_wconf 83' lang='grc' dir='ltr'>κοινῶν</span> 
     </span>
     <span class='ocr_line' id='line_1_36' title="bbox 123 3453 952 3534; baseline 0.002 -22"><span class='ocrx_word' id='word_1_252' title='bbox 123 3462 149 3501; x_wconf 71' lang='lat' dir='ltr'>³b</span> <span class='ocrx_word' id='word_1_253' title='bbox 176 3456 269 3532; x_wconf 85' lang='grc' dir='ltr'>τελῶν,</span> <span class='ocrx_word' id='word_1_254' title='bbox 285 3453 334 3514; x_wconf 75' lang='grc' dir='ltr'>ὅσα</span> <span class='ocrx_word' id='word_1_255' title='bbox 356 3455 561 3534; x_wconf 74' lang='grc' dir='ltr'>βασιλευομένης</span> <span class='ocrx_word' id='word_1_256' title='bbox 584 3461 630 3529; x_wconf 75' lang='grc' dir='ltr'>τῆς</span> <span class='ocrx_word' id='word_1_257' title='bbox 648 3456 747 3525; x_wconf 89' lang='grc' dir='ltr'>πόλεως</span> <span class='ocrx_word' id='word_1_258' title='bbox 768 3455 884 3529; x_wconf 84' lang='grc' dir='ltr'>ἐτέλουν,</span> <span class='ocrx_word' id='word_1_259' title='bbox 906 3456 952 3516; x_wconf 82' lang='grc' dir='ltr'>καί</span> 
     </span>
     <span class='ocr_line' id='line_1_37' title="bbox 177 3543 953 3629; baseline 0.006 -28"><span class='ocrx_word' id='word_1_260' title='bbox 177 3543 345 3623; x_wconf 89' lang='grc' dir='ltr'>ἀνεισφόρους</span> <span class='ocrx_word' id='word_1_261' title='bbox 361 3547 412 3603; x_wconf 90' lang='grc' dir='ltr'>τῶν</span> <span class='ocrx_word' id='word_1_262' title='bbox 435 3546 471 3611; x_wconf 84' lang='grc' dir='ltr'>εἷς</span> <span class='ocrx_word' id='word_1_263' title='bbox 487 3543 521 3603; x_wconf 91' lang='grc' dir='ltr'>τά</span> <span class='ocrx_word' id='word_1_264' title='bbox 540 3546 716 3629; x_wconf 77' lang='grc' dir='ltr'>στρατιωτικά</span> <span class='ocrx_word' id='word_1_265' title='bbox 731 3545 776 3606; x_wconf 79' lang='grc' dir='ltr'>καί</span> <span class='ocrx_word' id='word_1_266' title='bbox 796 3546 854 3613; x_wconf 80' lang='grc' dir='ltr'>τούς</span> <span class='ocrx_word' id='word_1_267' title='bbox 875 3545 953 3606; x_wconf 88' lang='grc' dir='ltr'>πολέ-</span> 
     </span>
     <span class='ocr_line' id='line_1_38' title="bbox 177 3632 953 3715; baseline 0.005 -23"><span class='ocrx_word' id='word_1_268' title='bbox 177 3655 240 3706; x_wconf 88' lang='grc' dir='ltr'>μους</span> <span class='ocrx_word' id='word_1_269' title='bbox 262 3632 474 3709; x_wconf 87' lang='grc' dir='ltr'>ἀναλισκομένων</span> <span class='ocrx_word' id='word_1_270' title='bbox 500 3633 642 3707; x_wconf 79' lang='grc' dir='ltr'>ἀποίησαν·</span> <span class='ocrx_word' id='word_1_271' title='bbox 668 3636 736 3714; x_wconf 86' lang='grc' dir='ltr'>μέγα</span> <span class='ocrx_word' id='word_1_272' title='bbox 761 3635 850 3715; x_wconf 86' lang='grc' dir='ltr'>κέρδος</span> <span class='ocrx_word' id='word_1_273' title='bbox 870 3635 953 3713; x_wconf 80' lang='grc' dir='ltr'>ἡγού-</span> 
     </span>
     <span class='ocr_line' id='line_1_39' title="bbox 177 3721 954 3802; baseline 0.006 -25"><span class='ocrx_word' id='word_1_274' title='bbox 177 3744 249 3794; x_wconf 90' lang='grc' dir='ltr'>μενοι</span> <span class='ocrx_word' id='word_1_275' title='bbox 263 3726 301 3802; x_wconf 83' lang='grc' dir='ltr'>τῷ</span> <span class='ocrx_word' id='word_1_276' title='bbox 325 3724 414 3802; x_wconf 81' lang='grc' dir='ltr'>κοινῷ,</span> <span class='ocrx_word' id='word_1_277' title='bbox 431 3725 454 3780; x_wconf 85' lang='grc' dir='ltr'>εί</span> <span class='ocrx_word' id='word_1_278' title='bbox 469 3721 502 3781; x_wconf 88' lang='grc' dir='ltr'>τά</span> <span class='ocrx_word' id='word_1_279' title='bbox 527 3721 639 3800; x_wconf 89' lang='grc' dir='ltr'>σώματα</span> <span class='ocrx_word' id='word_1_280' title='bbox 663 3722 740 3801; x_wconf 91' lang='grc' dir='ltr'>μόνον</span> <span class='ocrx_word' id='word_1_281' title='bbox 764 3726 851 3783; x_wconf 81' lang='grc' dir='ltr'>αὐτῶν</span> <span class='ocrx_word' id='word_1_282' title='bbox 870 3724 954 3791; x_wconf 74' lang='grc' dir='ltr'>ἕξουσι</span> 
     </span>
     <span class='ocr_line' id='line_1_40' title="bbox 178 3811 953 3891; baseline 0.012 -28"><span class='ocrx_word' id='word_1_283' title='bbox 178 3811 407 3887; x_wconf 82' lang='grc' dir='ltr'>προκινδυνεύοντα</span> <span class='ocrx_word' id='word_1_284' title='bbox 438 3817 484 3882; x_wconf 80' lang='grc' dir='ltr'>τῆς</span> <span class='ocrx_word' id='word_1_285' title='bbox 513 3811 646 3891; x_wconf 89' lang='grc' dir='ltr'>πατρίδος.</span> <span class='ocrx_word' id='word_1_286' title='bbox 698 3814 754 3884; x_wconf 71' lang='grc' dir='ltr'>Τηθ</span> <span class='ocrx_word' id='word_1_287' title='bbox 784 3836 812 3871; x_wconf 89' lang='grc' dir='ltr'>τε</span> <span class='ocrx_word' id='word_1_288' title='bbox 842 3813 953 3891; x_wconf 91' lang='grc' dir='ltr'>δύναμιν</span> 
     </span>
     <span class='ocr_line' id='line_1_41' title="bbox 122 3898 951 3980; baseline 0.002 -21"><span class='ocrx_word' id='word_1_289' title='bbox 122 3898 150 3936; x_wconf 79' lang='lat'>⁴⁰</span> <span class='ocrx_word' id='word_1_290' title='bbox 177 3899 328 3972; x_wconf 76' lang='grc' dir='ltr'>ἠσκημένην</span> <span class='ocrx_word' id='word_1_291' title='bbox 351 3904 381 3959; x_wconf 82' lang='grc' dir='ltr'>ἐκ</span> <span class='ocrx_word' id='word_1_292' title='bbox 401 3901 498 3959; x_wconf 91' lang='grc' dir='ltr'>πολλοῦ</span> <span class='ocrx_word' id='word_1_293' title='bbox 512 3899 558 3959; x_wconf 83' lang='grc' dir='ltr'>καλ</span> <span class='ocrx_word' id='word_1_294' title='bbox 572 3900 822 3979; x_wconf 84' lang='grc' dir='ltr'>παρεσκευασμένην</span> <span class='ocrx_word' id='word_1_295' title='bbox 836 3901 951 3980; x_wconf 85' lang='grc' dir='ltr'>ἔχοντες,</span> 
     </span>
     <span class='ocr_line' id='line_1_42' title="bbox 176 3985 953 4069; baseline 0.006 -27"><span class='ocrx_word' id='word_1_296' title='bbox 176 3986 203 4042; x_wconf 79' lang='grc' dir='ltr'>ἐν</span> <span class='ocrx_word' id='word_1_297' title='bbox 227 3990 263 4065; x_wconf 79' lang='grc' dir='ltr'>τῷ</span> <span class='ocrx_word' id='word_1_298' title='bbox 279 3989 443 4069; x_wconf 81' lang='grc' dir='ltr'>προκειμένῳ</span> <span class='ocrx_word' id='word_1_299' title='bbox 458 3993 505 4061; x_wconf 73' lang='grc' dir='ltr'>τῆς</span> <span class='ocrx_word' id='word_1_300' title='bbox 519 3988 619 4055; x_wconf 88' lang='grc' dir='ltr'>πόλεως</span> <span class='ocrx_word' id='word_1_301' title='bbox 638 3985 887 4066; x_wconf 80' lang='grc' dir='ltr'>ἐστρατοπεδεύοντο</span> <span class='ocrx_word' id='word_1_302' title='bbox 902 4013 953 4049; x_wconf 91' lang='grc' dir='ltr'>πε-</span> 
     </span>
     <span class='ocr_line' id='line_1_43' title="bbox 176 4071 954 4156; baseline 0.006 -28"><span class='ocrx_word' id='word_1_303' title='bbox 176 4071 234 4149; x_wconf 87' lang='grc' dir='ltr'>δίῳ.</span> <span class='ocrx_word' id='word_1_304' title='bbox 279 4075 407 4144; x_wconf 78' lang='grc' dir='ltr'>Βασιλεὺς</span> <span class='ocrx_word' id='word_1_305' title='bbox 423 4077 450 4136; x_wconf 80' lang='grc' dir='ltr'>δέ</span> <span class='ocrx_word' id='word_1_306' title='bbox 466 4076 599 4156; x_wconf 87' lang='grc' dir='ltr'>Πορσίνας</span> <span class='ocrx_word' id='word_1_307' title='bbox 614 4076 684 4155; x_wconf 86' lang='grc' dir='ltr'>άγων</span> <span class='ocrx_word' id='word_1_308' title='bbox 706 4071 755 4141; x_wconf 67' lang='lat' dir='ltr'>vde</span> <span class='ocrx_word' id='word_1_309' title='bbox 776 4075 901 4152; x_wconf 71' lang='grc' dir='ltr'>στρατιάν</span> <span class='ocrx_word' id='word_1_310' title='bbox 923 4076 954 4134; x_wconf 87' lang='grc' dir='ltr'>τδ</span> 
     </span>
     <span class='ocr_line' id='line_1_44' title="bbox 177 4154 953 4248; baseline 0.008 -30"><span class='ocrx_word' id='word_1_311' title='bbox 177 4157 224 4234; x_wconf 84' lang='grc' dir='ltr'>μέν</span> <span class='ocrx_word' id='word_1_312' title='bbox 235 4154 381 4222; x_wconf 83' lang='grc' dir='ltr'>Ἰανίκολον</span> <span class='ocrx_word' id='word_1_313' title='bbox 400 4167 426 4233; x_wconf 80' lang='grc' dir='ltr'>ἐξ</span> <span class='ocrx_word' id='word_1_314' title='bbox 442 4166 533 4248; x_wconf 84' lang='grc' dir='ltr'>ἐφόδου</span> <span class='ocrx_word' id='word_1_315' title='bbox 553 4163 790 4245; x_wconf 80' lang='grc' dir='ltr'>καταλαμόάνεται</span> <span class='ocrx_word' id='word_1_316' title='bbox 811 4168 953 4236; x_wconf 90' lang='grc' dir='ltr'>καταπλη-</span> 
     </span>
     <span class='ocr_line' id='line_1_45' title="bbox 177 4248 952 4338; baseline 0.014 -34"><span class='ocrx_word' id='word_1_317' title='bbox 177 4248 284 4327; x_wconf 82' lang='grc' dir='ltr'>ξάμενος</span> <span class='ocrx_word' id='word_1_318' title='bbox 296 4248 354 4317; x_wconf 79' lang='grc' dir='ltr'>τοὺς</span> <span class='ocrx_word' id='word_1_319' title='bbox 369 4254 545 4333; x_wconf 88' lang='grc' dir='ltr'>φυλάττοντας</span> <span class='ocrx_word' id='word_1_320' title='bbox 561 4256 638 4333; x_wconf 83' lang='grc' dir='ltr'>αύτδ,</span> <span class='ocrx_word' id='word_1_321' title='bbox 656 4255 701 4315; x_wconf 85' lang='grc' dir='ltr'>καὶ</span> <span class='ocrx_word' id='word_1_322' title='bbox 720 4254 834 4338; x_wconf 81' lang='grc' dir='ltr'>φρουράν</span> <span class='ocrx_word' id='word_1_323' title='bbox 847 4257 952 4334; x_wconf 69' lang='lat' dir='ltr'>&#39;suppu-</span> 
     </span>
     <span class='ocr_line' id='line_1_46' title="bbox 122 4341 953 4419; baseline 0.012 -26"><span class='ocrx_word' id='word_1_324' title='bbox 122 4342 148 4380; x_wconf 74' lang='lat'>⁴⁵</span> <span class='ocrx_word' id='word_1_325' title='bbox 176 4341 226 4396; x_wconf 85' lang='grc' dir='ltr'>νῶν</span> <span class='ocrx_word' id='word_1_326' title='bbox 245 4341 271 4398; x_wconf 82' lang='grc' dir='ltr'>ἐν</span> <span class='ocrx_word' id='word_1_327' title='bbox 289 4342 360 4419; x_wconf 80' lang='grc' dir='ltr'>αὐτῷ</span> <span class='ocrx_word' id='word_1_328' title='bbox 381 4343 545 4416; x_wconf 88' lang='grc' dir='ltr'>καθίστησιν.</span> <span class='ocrx_word' id='word_1_329' title='bbox 589 4345 654 4406; x_wconf 80' lang='grc' dir='ltr'>Ἐπὶ</span> <span class='ocrx_word' id='word_1_330' title='bbox 670 4345 696 4404; x_wconf 76' lang='grc' dir='ltr'>δέ</span> <span class='ocrx_word' id='word_1_331' title='bbox 720 4344 855 4419; x_wconf 79' lang='grc' dir='ltr'>τάμπόλιν</span> <span class='ocrx_word' id='word_1_332' title='bbox 878 4343 953 4405; x_wconf 84' lang='grc' dir='ltr'>ἐλαύ·</span> 
     </span>
     <span class='ocr_line' id='line_1_47' title="bbox 175 4429 953 4517; baseline 0.014 -34"><span class='ocrx_word' id='word_1_333' title='bbox 175 4453 238 4504; x_wconf 93' lang='grc' dir='ltr'>νων,</span> <span class='ocrx_word' id='word_1_334' title='bbox 265 4433 300 4495; x_wconf 88' lang='grc' dir='ltr'>ώς</span> <span class='ocrx_word' id='word_1_335' title='bbox 323 4430 367 4487; x_wconf 83' lang='grc' dir='ltr'>καί</span> <span class='ocrx_word' id='word_1_336' title='bbox 394 4429 491 4503; x_wconf 88' lang='grc' dir='ltr'>ταύτην</span> <span class='ocrx_word' id='word_1_337' title='bbox 519 4433 581 4514; x_wconf 82' lang='grc' dir='ltr'>δίχα</span> <span class='ocrx_word' id='word_1_338' title='bbox 609 4436 688 4494; x_wconf 87' lang='grc' dir='ltr'>πόνου</span> <span class='ocrx_word' id='word_1_339' title='bbox 715 4433 953 4517; x_wconf 67' lang='grc' dir='ltr'>παραληψόμενος,</span> 
     </span>
     <span class='ocr_line' id='line_1_48' title="bbox 175 4515 941 4605; baseline 0.001 -18"><span class='ocrx_word' id='word_1_340' title='bbox 175 4515 265 4587; x_wconf 49' lang='lat' dir='ltr'>&amp;iffi</span> <span class='ocrx_word' id='word_1_341' title='bbox 287 4518 398 4591; x_wconf 78' lang='grc' dir='ltr'>πλησίον</span> <span class='ocrx_word' id='word_1_342' title='bbox 421 4527 467 4594; x_wconf 76' lang='grc' dir='ltr'>τῆς</span> <span class='ocrx_word' id='word_1_343' title='bbox 489 4525 601 4605; x_wconf 87' lang='grc' dir='ltr'>γεφύρας</span> <span class='ocrx_word' id='word_1_344' title='bbox 626 4526 728 4605; x_wconf 86' lang='grc' dir='ltr'>ἐγένετο</span> <span class='ocrx_word' id='word_1_345' title='bbox 750 4529 795 4587; x_wconf 84' lang='grc' dir='ltr'>καλ</span> <span class='ocrx_word' id='word_1_346' title='bbox 815 4528 874 4595; x_wconf 81' lang='grc' dir='ltr'>τοῦς</span> <span class='ocrx_word' id='word_1_347' title='bbox 886 4529 941 4589; x_wconf 85' lang='grc' dir='ltr'>Ῥω</span> 
     </span>
     <span class='ocr_line' id='line_1_49' title="bbox 176 4604 952 4696; baseline 0.018 -34"><span class='ocrx_word' id='word_1_348' title='bbox 176 4604 267 4679; x_wconf 89' lang='grc' dir='ltr'>μαίους</span> <span class='ocrx_word' id='word_1_349' title='bbox 279 4608 406 4670; x_wconf 81' lang='grc' dir='ltr'>ἐθεάσατο</span> <span class='ocrx_word' id='word_1_350' title='bbox 417 4614 633 4692; x_wconf 85' lang='grc' dir='ltr'>προκαθημένους</span> <span class='ocrx_word' id='word_1_351' title='bbox 648 4623 693 4675; x_wconf 90' lang='grc' dir='ltr'>τοῦ</span> <span class='ocrx_word' id='word_1_352' title='bbox 708 4610 838 4693; x_wconf 84' lang='grc' dir='ltr'>ποταμοῦ,</span> <span class='ocrx_word' id='word_1_353' title='bbox 853 4639 952 4696; x_wconf 89' lang='grc' dir='ltr'>παρεσ-</span> 
     </span>
     <span class='ocr_line' id='line_1_50' title="bbox 175 4694 953 4784; baseline -0.001 -20"><span class='ocrx_word' id='word_1_354' title='bbox 175 4694 297 4764; x_wconf 64' lang='grc' dir='ltr'>κευάζετό</span> <span class='ocrx_word' id='word_1_355' title='bbox 313 4722 341 4757; x_wconf 77' lang='grc' dir='ltr'>τε</span> <span class='ocrx_word' id='word_1_356' title='bbox 365 4698 429 4780; x_wconf 77' lang='grc' dir='ltr'>πρὸς</span> <span class='ocrx_word' id='word_1_357' title='bbox 451 4702 552 4780; x_wconf 87' lang='grc' dir='ltr'>μάχην,</span> <span class='ocrx_word' id='word_1_358' title='bbox 568 4708 603 4771; x_wconf 84' lang='grc' dir='ltr'>ὡς</span> <span class='ocrx_word' id='word_1_359' title='bbox 624 4708 841 4784; x_wconf 85' lang='grc' dir='ltr'>ἀναρπασόμενος</span> <span class='ocrx_word' id='word_1_360' title='bbox 862 4704 953 4773; x_wconf 80' lang='grc' dir='ltr'>αὐτούς</span> 
     </span>
     <span class='ocr_line' id='line_1_51' title="bbox 120 4783 953 4875; baseline 0.012 -33"><span class='ocrx_word' id='word_1_361' title='bbox 120 4783 147 4821; x_wconf 72' lang='lat'>⁶⁰</span> <span class='ocrx_word' id='word_1_362' title='bbox 175 4783 267 4854; x_wconf 73' lang='grc' dir='ltr'>πλήθει</span> <span class='ocrx_word' id='word_1_363' title='bbox 279 4788 323 4846; x_wconf 86' lang='grc' dir='ltr'>καῖ</span> <span class='ocrx_word' id='word_1_364' title='bbox 337 4791 419 4865; x_wconf 78' lang='grc' dir='ltr'>ἐπῆγε</span> <span class='ocrx_word' id='word_1_365' title='bbox 434 4790 480 4848; x_wconf 83' lang='grc' dir='ltr'>σῦν</span> <span class='ocrx_word' id='word_1_366' title='bbox 501 4792 586 4870; x_wconf 79' lang='grc' dir='ltr'>πολλῇ</span> <span class='ocrx_word' id='word_1_367' title='bbox 604 4795 799 4875; x_wconf 78' lang='grc' dir='ltr'>καταφρονήσει</span> <span class='ocrx_word' id='word_1_368' title='bbox 816 4792 864 4865; x_wconf 73' lang='grc' dir='ltr'>τὴν</span> <span class='ocrx_word' id='word_1_369' title='bbox 879 4795 953 4854; x_wconf 88' lang='grc' dir='ltr'>δύνα-</span> 
     </span>
     <span class='ocr_line' id='line_1_52' title="bbox 175 4867 951 4963; baseline 0.008 -29"><span class='ocrx_word' id='word_1_370' title='bbox 175 4891 229 4941; x_wconf 66' lang='grc' dir='ltr'>μιν.</span> <span class='ocrx_word' id='word_1_371' title='bbox 275 4867 356 4955; x_wconf 75' lang='grc' dir='ltr'>Εἶχον</span> <span class='ocrx_word' id='word_1_372' title='bbox 382 4877 409 4936; x_wconf 80' lang='grc' dir='ltr'>δὲ</span> <span class='ocrx_word' id='word_1_373' title='bbox 433 4876 481 4950; x_wconf 71' lang='grc' dir='ltr'>την</span> <span class='ocrx_word' id='word_1_374' title='bbox 506 4880 648 4953; x_wconf 81' lang='grc' dir='ltr'>ἡγεμονίαν</span> <span class='ocrx_word' id='word_1_375' title='bbox 671 4887 718 4940; x_wconf 85' lang='grc' dir='ltr'>τοῦ</span> <span class='ocrx_word' id='word_1_376' title='bbox 741 4883 789 4961; x_wconf 83' lang='grc' dir='ltr'>μὲν</span> <span class='ocrx_word' id='word_1_377' title='bbox 815 4883 951 4963; x_wconf 87' lang='grc' dir='ltr'>ἀριστερου</span> 
     </span>
    </p>
   </div>
   <div class='ocr_carea' id='block_1_3' title="bbox 173 4955 1782 5222">
    <p class='ocr_par' dir='ltr' id='par_1_3' title="bbox 173 4955 1782 5222">
     <span class='ocr_line' id='line_1_53' title="bbox 173 4955 952 5046; baseline 0.001 -20"><span class='ocrx_word' id='word_1_378' title='bbox 173 4955 256 5032; x_wconf 61' lang='grc' dir='ltr'>κέρως</span> <span class='ocrx_word' id='word_1_379' title='bbox 276 4966 299 5018; x_wconf 76' lang='grc' dir='ltr'>οἱ</span> <span class='ocrx_word' id='word_1_380' title='bbox 322 4964 470 5046; x_wconf 86' lang='grc' dir='ltr'>Ταρκυνίου</span> <span class='ocrx_word' id='word_1_381' title='bbox 492 4967 581 5032; x_wconf 83' lang='grc' dir='ltr'>παῖδες</span> <span class='ocrx_word' id='word_1_382' title='bbox 603 4968 697 5037; x_wconf 78' lang='grc' dir='ltr'>Σέξτος</span> <span class='ocrx_word' id='word_1_383' title='bbox 715 4970 760 5028; x_wconf 86' lang='grc' dir='ltr'>καλ</span> <span class='ocrx_word' id='word_1_384' title='bbox 774 4973 863 5045; x_wconf 87' lang='grc' dir='ltr'>Τῖτος,</span> <span class='ocrx_word' id='word_1_385' title='bbox 883 4966 952 5029; x_wconf 87' lang='grc' dir='ltr'>Ῥω-</span> 
     </span>
     <span class='ocr_line' id='line_1_54' title="bbox 175 5044 1240 5138; baseline 0.009 -37"><span class='ocrx_word' id='word_1_386' title='bbox 175 5044 260 5118; x_wconf 85' lang='grc' dir='ltr'>μαίων</span> <span class='ocrx_word' id='word_1_387' title='bbox 286 5052 309 5104; x_wconf 80' lang='grc' dir='ltr'>τ’</span> <span class='ocrx_word' id='word_1_388' title='bbox 337 5056 422 5113; x_wconf 81' lang='grc' dir='ltr'>αὐτῶν</span> <span class='ocrx_word' id='word_1_389' title='bbox 446 5055 505 5124; x_wconf 77' lang='grc' dir='ltr'>τοὺς</span> <span class='ocrx_word' id='word_1_390' title='bbox 524 5055 642 5138; x_wconf 90' lang='grc' dir='ltr'>φυγάδας</span> <span class='ocrx_word' id='word_1_391' title='bbox 661 5056 766 5134; x_wconf 88' lang='grc' dir='ltr'>ἀγοντες</span> <span class='ocrx_word' id='word_1_392' title='bbox 784 5059 829 5117; x_wconf 78' lang='grc' dir='ltr'>καὶ</span> <span class='ocrx_word' id='word_1_393' title='bbox 851 5061 880 5117; x_wconf 81' lang='grc' dir='ltr'>ἐκ</span> <span class='ocrx_word' id='word_1_394' title='bbox 905 5061 951 5128; x_wconf 78' lang='grc' dir='ltr'>τῆς</span> <span class='ocrx_word' id='word_1_395' title='bbox 1003 5045 1076 5095; x_wconf 54' lang='lat' dir='ltr'>Titus</span> <span class='ocrx_word' id='word_1_396' title='bbox 1095 5047 1120 5093; x_wconf 69' lang='lat'>0²</span> <span class='ocrx_word' id='word_1_397' title='bbox 1142 5045 1240 5100; x_wconf 57' lang='lat' dir='ltr'>semma</span> 
     </span>
     <span class='ocr_line' id='line_1_55' title="bbox 174 5130 1782 5222; baseline -0.006 -30"><span class='ocrx_word' id='word_1_398' title='bbox 174 5130 281 5192; x_wconf 73' lang='grc' dir='ltr'>Γαόίων</span> <span class='ocrx_word' id='word_1_399' title='bbox 302 5137 402 5204; x_wconf 84' lang='grc' dir='ltr'>πόλεως</span> <span class='ocrx_word' id='word_1_400' title='bbox 419 5142 448 5200; x_wconf 71' lang='grc' dir='ltr'>τὸ</span> <span class='ocrx_word' id='word_1_401' title='bbox 462 5146 640 5222; x_wconf 53' lang='grc' dir='ltr'>ἀκμαιότατον</span> <span class='ocrx_word' id='word_1_402' title='bbox 660 5143 737 5213; x_wconf 68' lang='grc' dir='ltr'>ξένων</span> <span class='ocrx_word' id='word_1_403' title='bbox 756 5170 785 5206; x_wconf 63' lang='grc' dir='ltr'>τε</span> <span class='ocrx_word' id='word_1_404' title='bbox 799 5141 844 5204; x_wconf 66' lang='grc' dir='ltr'>καὶ</span> <span class='ocrx_word' id='word_1_405' title='bbox 859 5150 950 5220; x_wconf 55' lang='grc' dir='ltr'>μηροῦ.</span> <span class='ocrx_word' id='word_1_406' title='bbox 999 5143 1133 5196; x_wconf 82' lang='lat' dir='ltr'>iuventutis</span> <span class='ocrx_word' id='word_1_407' title='bbox 1158 5141 1298 5193; x_wconf 76' lang='lat' dir='ltr'>lectissimis</span> <span class='ocrx_word' id='word_1_408' title='bbox 1315 5142 1340 5190; x_wconf 90' lang='lat' dir='ltr'>et</span> <span class='ocrx_word' id='word_1_409' title='bbox 1355 5140 1515 5189; x_wconf 77' lang='lat' dir='ltr'>externorum</span> <span class='ocrx_word' id='word_1_410' title='bbox 1528 5153 1557 5190; x_wconf 90' lang='lat' dir='ltr'>ac</span> <span class='ocrx_word' id='word_1_411' title='bbox 1572 5131 1782 5188; x_wconf 79' lang='lat' dir='ltr'>mercenariorum</span> 
     </span>
    </p>
   </div>
   <div class='ocr_carea' id='block_1_4' title="bbox 692 316 1269 382">
    <p class='ocr_par' dir='ltr' id='par_1_4' title="bbox 692 316 1269 382">
     <span class='ocr_line' id='line_1_56' title="bbox 692 316 1269 382; baseline -0.007 0"><span class='ocrx_word' id='word_1_412' title='bbox 692 319 865 382; x_wconf 75' lang='lat' dir='ltr'>prodisti</span> <span class='ocrx_word' id='word_1_413' title='bbox 888 316 1269 380; x_wconf 78' lang='lat' dir='ltr'>HALICARNASSENSIS</span> 
     </span>
    </p>
   </div>
   <div class='ocr_carea' id='block_1_5' title="bbox 1005 447 1786 1216">
    <p class='ocr_par' dir='ltr' id='par_1_5' title="bbox 1005 447 1786 1216">
     <span class='ocr_line' id='line_1_57' title="bbox 1005 447 1785 518; baseline 0.003 -18"><span class='ocrx_word' id='word_1_414' title='bbox 1005 453 1150 514; x_wconf 83' lang='lat' dir='ltr'>propterea</span> <span class='ocrx_word' id='word_1_415' title='bbox 1160 448 1306 500; x_wconf 89' lang='lat' dir='ltr'>contumelia</span> <span class='ocrx_word' id='word_1_416' title='bbox 1318 461 1345 499; x_wconf 85' lang='lat' dir='ltr'>se</span> <span class='ocrx_word' id='word_1_417' title='bbox 1356 461 1372 499; x_wconf 88' lang='grc' dir='ltr'>ε</span> <span class='ocrx_word' id='word_1_418' title='bbox 1384 447 1501 498; x_wconf 82' lang='lat' dir='ltr'>Romanis</span> <span class='ocrx_word' id='word_1_419' title='bbox 1514 447 1582 500; x_wconf 85' lang='lat' dir='ltr'>aldai</span> <span class='ocrx_word' id='word_1_420' title='bbox 1590 462 1665 515; x_wconf 77' lang='lat' dir='ltr'>seque</span> <span class='ocrx_word' id='word_1_421' title='bbox 1684 467 1785 518; x_wconf 65' lang='lat' dir='ltr'>mam</span> 
     </span>
     <span class='ocr_line' id='line_1_58' title="bbox 1005 545 1786 615; baseline 0.005 -15"><span class='ocrx_word' id='word_1_422' title='bbox 1005 551 1099 615; x_wconf 82' lang='lat' dir='ltr'>perpeti</span> <span class='ocrx_word' id='word_1_423' title='bbox 1117 549 1231 600; x_wconf 84' lang='lat' dir='ltr'>iniuriam</span> <span class='ocrx_word' id='word_1_424' title='bbox 1250 548 1343 608; x_wconf 87' lang='lat' dir='ltr'>dicens,</span> <span class='ocrx_word' id='word_1_425' title='bbox 1363 545 1430 611; x_wconf 87' lang='lat' dir='ltr'>quod</span> <span class='ocrx_word' id='word_1_426' title='bbox 1449 551 1566 599; x_wconf 82' lang='lat' dir='ltr'>neutrum</span> <span class='ocrx_word' id='word_1_427' title='bbox 1578 562 1663 601; x_wconf 90' lang='lat' dir='ltr'>eorum</span> <span class='ocrx_word' id='word_1_428' title='bbox 1681 564 1739 615; x_wconf 78' lang='lat' dir='ltr'>quar</span> <span class='ocrx_word' id='word_1_429' title='bbox 1753 552 1786 604; x_wconf 83' lang='lat' dir='ltr'>ab</span> 
     </span>
     <span class='ocr_line' id='line_1_59' title="bbox 1006 649 1785 718; baseline 0.005 -16"><span class='ocrx_word' id='word_1_430' title='bbox 1006 650 1055 702; x_wconf 89' lang='lat' dir='ltr'>illia</span> <span class='ocrx_word' id='word_1_431' title='bbox 1068 651 1207 717; x_wconf 84' lang='lat' dir='ltr'>postularat</span> <span class='ocrx_word' id='word_1_432' title='bbox 1227 651 1376 701; x_wconf 87' lang='lat' dir='ltr'>consecutus</span> <span class='ocrx_word' id='word_1_433' title='bbox 1395 649 1491 710; x_wconf 85' lang='lat' dir='ltr'>luisset,</span> <span class='ocrx_word' id='word_1_434' title='bbox 1511 649 1551 701; x_wconf 81' lang='lat' dir='ltr'>vir</span> <span class='ocrx_word' id='word_1_435' title='bbox 1568 664 1692 718; x_wconf 69' lang='lat' dir='ltr'>arroms,</span> <span class='ocrx_word' id='word_1_436' title='bbox 1711 657 1738 705; x_wconf 90' lang='lat' dir='ltr'>et</span> <span class='ocrx_word' id='word_1_437' title='bbox 1751 655 1785 705; x_wconf 88' lang='lat' dir='ltr'>ab</span> 
     </span>
     <span class='ocr_line' id='line_1_60' title="bbox 1006 751 1785 817; baseline 0.005 -13"><span class='ocrx_word' id='word_1_438' title='bbox 1006 752 1148 804; x_wconf 73' lang='lat' dir='ltr'>mritiarum</span> <span class='ocrx_word' id='word_1_439' title='bbox 1160 755 1186 803; x_wconf 90' lang='lat' dir='ltr'>et</span> <span class='ocrx_word' id='word_1_440' title='bbox 1200 751 1297 816; x_wconf 86' lang='lat' dir='ltr'>imperii</span> <span class='ocrx_word' id='word_1_441' title='bbox 1311 751 1471 817; x_wconf 84' lang='lat' dir='ltr'>pecauiaeque</span> <span class='ocrx_word' id='word_1_442' title='bbox 1482 752 1674 816; x_wconf 76' lang='lat' dir='ltr'>magnitudinem</span> <span class='ocrx_word' id='word_1_443' title='bbox 1682 752 1785 808; x_wconf 90' lang='lat' dir='ltr'>inllatus</span> 
     </span>
     <span class='ocr_line' id='line_1_61' title="bbox 1006 849 1783 914; baseline 0.009 -14"><span class='ocrx_word' id='word_1_444' title='bbox 1006 849 1161 901; x_wconf 81' lang='lat' dir='ltr'>amasionum</span> <span class='ocrx_word' id='word_1_445' title='bbox 1178 849 1321 914; x_wconf 77' lang='lat' dir='ltr'>praclarum</span> <span class='ocrx_word' id='word_1_446' title='bbox 1333 855 1434 902; x_wconf 83' lang='lat' dir='ltr'>nactum</span> <span class='ocrx_word' id='word_1_447' title='bbox 1445 864 1473 902; x_wconf 89' lang='lat' dir='ltr'>se</span> <span class='ocrx_word' id='word_1_448' title='bbox 1485 852 1652 906; x_wconf 81' lang='lat' dir='ltr'>arbitrabatur</span> <span class='ocrx_word' id='word_1_449' title='bbox 1667 856 1698 905; x_wconf 82' lang='lat' dir='ltr'>ad</span> <span class='ocrx_word' id='word_1_450' title='bbox 1710 869 1783 907; x_wconf 83' lang='lat' dir='ltr'>eaer-</span> 
     </span>
     <span class='ocr_line' id='line_1_62' title="bbox 1007 944 1786 1019; baseline 0.013 -18"><span class='ocrx_word' id='word_1_451' title='bbox 1007 948 1108 1002; x_wconf 87' lang='lat' dir='ltr'>tendum</span> <span class='ocrx_word' id='word_1_452' title='bbox 1118 944 1250 1015; x_wconf 80' lang='lat' dir='ltr'>imperium</span> <span class='ocrx_word' id='word_1_453' title='bbox 1266 952 1443 1014; x_wconf 78' lang='lat' dir='ltr'>nummorum,</span> <span class='ocrx_word' id='word_1_454' title='bbox 1455 953 1481 1004; x_wconf 88' lang='lat' dir='ltr'>iu</span> <span class='ocrx_word' id='word_1_455' title='bbox 1493 954 1560 1019; x_wconf 87' lang='lat' dir='ltr'>quad</span> <span class='ocrx_word' id='word_1_456' title='bbox 1570 957 1621 1008; x_wconf 85' lang='lat' dir='ltr'>iam</span> <span class='ocrx_word' id='word_1_457' title='bbox 1632 957 1711 1008; x_wconf 88' lang='lat' dir='ltr'>multo</span> <span class='ocrx_word' id='word_1_458' title='bbox 1728 962 1786 1011; x_wconf 86' lang='lat' dir='ltr'>ante</span> 
     </span>
     <span class='ocr_line' id='line_1_63' title="bbox 1007 1050 1786 1115; baseline 0.01 -13"><span class='ocrx_word' id='word_1_459' title='bbox 1007 1050 1089 1102; x_wconf 81' lang='lat' dir='ltr'>iacere</span> <span class='ocrx_word' id='word_1_460' title='bbox 1108 1050 1221 1101; x_wconf 79' lang='lat' dir='ltr'>voluerat</span> <span class='ocrx_word' id='word_1_461' title='bbox 1239 1065 1334 1115; x_wconf 84' lang='lat' dir='ltr'>:quare</span> <span class='ocrx_word' id='word_1_462' title='bbox 1350 1052 1442 1103; x_wconf 89' lang='lat' dir='ltr'>bellum</span> <span class='ocrx_word' id='word_1_463' title='bbox 1460 1054 1509 1105; x_wconf 88' lang='lat' dir='ltr'>iltis</span> <span class='ocrx_word' id='word_1_464' title='bbox 1526 1054 1621 1108; x_wconf 76' lang='lat' dir='ltr'>indixit.</span> <span class='ocrx_word' id='word_1_465' title='bbox 1656 1056 1695 1107; x_wconf 78' lang='lat' dir='ltr'>ad</span> <span class='ocrx_word' id='word_1_466' title='bbox 1710 1057 1786 1110; x_wconf 90' lang='lat' dir='ltr'>huius</span> 
     </span>
     <span class='ocr_line' id='line_1_64' title="bbox 1008 1152 1786 1216; baseline 0.009 -7"><span class='ocrx_word' id='word_1_467' title='bbox 1008 1159 1092 1209; x_wconf 85' lang='lat' dir='ltr'>autem</span> <span class='ocrx_word' id='word_1_468' title='bbox 1104 1156 1163 1208; x_wconf 88' lang='lat' dir='ltr'>belli</span> <span class='ocrx_word' id='word_1_469' title='bbox 1179 1157 1323 1209; x_wconf 87' lang='lat' dir='ltr'>societatem</span> <span class='ocrx_word' id='word_1_470' title='bbox 1338 1160 1404 1210; x_wconf 90' lang='lat' dir='ltr'>ultro</span> <span class='ocrx_word' id='word_1_471' title='bbox 1419 1173 1446 1210; x_wconf 88' lang='lat' dir='ltr'>se</span> <span class='ocrx_word' id='word_1_472' title='bbox 1456 1161 1547 1212; x_wconf 90' lang='lat' dir='ltr'>obtulit</span> <span class='ocrx_word' id='word_1_473' title='bbox 1560 1152 1681 1215; x_wconf 76' lang='lat' dir='ltr'>Octavius</span> <span class='ocrx_word' id='word_1_474' title='bbox 1697 1165 1786 1216; x_wconf 79' lang='lat' dir='ltr'>blansi·</span> 
     </span>
    </p>
   </div>
   <div class='ocr_carea' id='block_1_6' title="bbox 1009 1257 1787 1422">
    <p class='ocr_par' dir='ltr' id='par_1_6' title="bbox 1009 1257 1787 1422">
     <span class='ocr_line' id='line_1_65' title="bbox 1009 1257 1786 1327; baseline 0.01 -18"><span class='ocrx_word' id='word_1_475' title='bbox 1009 1260 1064 1320; x_wconf 84' lang='lat' dir='ltr'>tius,</span> <span class='ocrx_word' id='word_1_476' title='bbox 1078 1257 1204 1322; x_wconf 80' lang='lat' dir='ltr'>narqmnii</span> <span class='ocrx_word' id='word_1_477' title='bbox 1217 1271 1298 1323; x_wconf 79' lang='lat' dir='ltr'>gener,</span> <span class='ocrx_word' id='word_1_478' title='bbox 1313 1273 1344 1310; x_wconf 82' lang='lat' dir='ltr'>ex</span> <span class='ocrx_word' id='word_1_479' title='bbox 1355 1262 1416 1313; x_wconf 91' lang='lat' dir='ltr'>urbe</span> <span class='ocrx_word' id='word_1_480' title='bbox 1430 1264 1539 1315; x_wconf 81' lang='lat' dir='ltr'>Tusculo</span> <span class='ocrx_word' id='word_1_481' title='bbox 1554 1264 1681 1327; x_wconf 81' lang='lat' dir='ltr'>oriundus,</span> <span class='ocrx_word' id='word_1_482' title='bbox 1696 1267 1786 1318; x_wconf 83' lang='lat' dir='ltr'>came·</span> 
     </span>
     <span class='ocr_line' id='line_1_66' title="bbox 1009 1349 1787 1422; baseline 0.01 -22"><span class='ocrx_word' id='word_1_483' title='bbox 1009 1350 1076 1400; x_wconf 91' lang='lat' dir='ltr'>rinos</span> <span class='ocrx_word' id='word_1_484' title='bbox 1086 1349 1187 1413; x_wconf 88' lang='lat' dir='ltr'>quidem</span> <span class='ocrx_word' id='word_1_485' title='bbox 1205 1354 1231 1401; x_wconf 88' lang='lat' dir='ltr'>et</span> <span class='ocrx_word' id='word_1_486' title='bbox 1246 1355 1406 1405; x_wconf 73' lang='lat' dir='ltr'>Antemnates</span> <span class='ocrx_word' id='word_1_487' title='bbox 1419 1367 1513 1417; x_wconf 83' lang='lat' dir='ltr'>omnes,</span> <span class='ocrx_word' id='word_1_488' title='bbox 1529 1355 1574 1422; x_wconf 86' lang='lat' dir='ltr'>qut</span> <span class='ocrx_word' id='word_1_489' title='bbox 1586 1357 1664 1408; x_wconf 70' lang='lat' dir='ltr'>latini</span> <span class='ocrx_word' id='word_1_490' title='bbox 1678 1357 1787 1408; x_wconf 86' lang='lat' dir='ltr'>nominis</span> 
     </span>
    </p>
   </div>
   <div class='ocr_carea' id='block_1_7' title="bbox 1009 1451 1786 1723">
    <p class='ocr_par' dir='ltr' id='par_1_7' title="bbox 1009 1451 1786 1723">
     <span class='ocr_line' id='line_1_67' title="bbox 1009 1451 1786 1523; baseline 0.008 -20"><span class='ocrx_word' id='word_1_491' title='bbox 1009 1453 1087 1510; x_wconf 79' lang='lat' dir='ltr'>mant,</span> <span class='ocrx_word' id='word_1_492' title='bbox 1109 1463 1194 1501; x_wconf 89' lang='lat' dir='ltr'>secum</span> <span class='ocrx_word' id='word_1_493' title='bbox 1210 1451 1344 1514; x_wconf 87' lang='lat' dir='ltr'>adducens,</span> <span class='ocrx_word' id='word_1_494' title='bbox 1367 1469 1450 1507; x_wconf 83' lang='lat' dir='ltr'>cuma</span> <span class='ocrx_word' id='word_1_495' title='bbox 1467 1456 1559 1523; x_wconf 89' lang='lat' dir='ltr'>pupulo</span> <span class='ocrx_word' id='word_1_496' title='bbox 1575 1460 1685 1509; x_wconf 82' lang='lat' dir='ltr'>Romano</span> <span class='ocrx_word' id='word_1_497' title='bbox 1703 1461 1786 1523; x_wconf 90' lang='lat' dir='ltr'>aperte</span> 
     </span>
     <span class='ocr_line' id='line_1_68' title="bbox 1009 1549 1786 1620; baseline 0.005 -17"><span class='ocrx_word' id='word_1_498' title='bbox 1009 1553 1057 1603; x_wconf 87' lang='lat' dir='ltr'>iam</span> <span class='ocrx_word' id='word_1_499' title='bbox 1073 1549 1234 1609; x_wconf 82' lang='lat' dir='ltr'>deiecissent;</span> <span class='ocrx_word' id='word_1_500' title='bbox 1252 1564 1283 1599; x_wconf 82' lang='lat' dir='ltr'>ex</span> <span class='ocrx_word' id='word_1_501' title='bbox 1299 1552 1400 1616; x_wconf 69' lang='lat' dir='ltr'>nuqua</span> <span class='ocrx_word' id='word_1_502' title='bbox 1419 1567 1479 1605; x_wconf 80' lang='lat' dir='ltr'>vero</span> <span class='ocrx_word' id='word_1_503' title='bbox 1493 1553 1590 1618; x_wconf 88' lang='lat' dir='ltr'>populis</span> <span class='ocrx_word' id='word_1_504' title='bbox 1605 1555 1715 1606; x_wconf 90' lang='lat' dir='ltr'>eiusdem</span> <span class='ocrx_word' id='word_1_505' title='bbox 1726 1569 1786 1620; x_wconf 72' lang='lat' dir='ltr'>gen·</span> 
     </span>
     <span class='ocr_line' id='line_1_69' title="bbox 1009 1653 1784 1723; baseline 0 -15"><span class='ocrx_word' id='word_1_506' title='bbox 1009 1656 1051 1718; x_wconf 86' lang='lat' dir='ltr'>tis,</span> <span class='ocrx_word' id='word_1_507' title='bbox 1064 1653 1108 1718; x_wconf 86' lang='lat' dir='ltr'>qui</span> <span class='ocrx_word' id='word_1_508' title='bbox 1122 1653 1236 1704; x_wconf 74' lang='lat' dir='ltr'>uolebant</span> <span class='ocrx_word' id='word_1_509' title='bbox 1246 1657 1331 1718; x_wconf 85' lang='lat' dir='ltr'>aperte</span> <span class='ocrx_word' id='word_1_510' title='bbox 1343 1655 1436 1710; x_wconf 80' lang='lat' dir='ltr'>civitati</span> <span class='ocrx_word' id='word_1_511' title='bbox 1450 1656 1577 1709; x_wconf 85' lang='lat' dir='ltr'>toederatae</span> <span class='ocrx_word' id='word_1_512' title='bbox 1592 1659 1618 1708; x_wconf 89' lang='lat' dir='ltr'>ct</span> <span class='ocrx_word' id='word_1_513' title='bbox 1629 1657 1784 1723; x_wconf 73' lang='lat' dir='ltr'>praepotenti,</span> 
     </span>
    </p>
   </div>
   <div class='ocr_carea' id='block_1_8' title="bbox 1009 1742 1885 1821">
    <p class='ocr_par' dir='ltr' id='par_1_8' title="bbox 1009 1742 1885 1821">
     <span class='ocr_line' id='line_1_70' title="bbox 1009 1742 1885 1821; baseline -0.001 -15"><span class='ocrx_word' id='word_1_514' title='bbox 1009 1755 1062 1806; x_wconf 90' lang='lat' dir='ltr'>sine</span> <span class='ocrx_word' id='word_1_515' title='bbox 1083 1750 1134 1801; x_wconf 82' lang='lat' dir='ltr'>ulla</span> <span class='ocrx_word' id='word_1_516' title='bbox 1154 1750 1293 1801; x_wconf 83' lang='lat' dir='ltr'>necessaria</span> <span class='ocrx_word' id='word_1_517' title='bbox 1316 1765 1406 1817; x_wconf 83' lang='grc' dir='ltr'>οευεε,</span> <span class='ocrx_word' id='word_1_518' title='bbox 1427 1753 1520 1806; x_wconf 89' lang='lat' dir='ltr'>multos</span> <span class='ocrx_word' id='word_1_519' title='bbox 1538 1755 1689 1807; x_wconf 79' lang='lat' dir='ltr'>voluntarios</span> <span class='ocrx_word' id='word_1_520' title='bbox 1706 1756 1785 1821; x_wconf 79' lang='lat' dir='ltr'>gratia</span> <span class='ocrx_word' id='word_1_521' title='bbox 1878 1742 1885 1755; x_wconf 91' lang='grc'><em>’</em></span> 
     </span>
    </p>
   </div>
   <div class='ocr_carea' id='block_1_9' title="bbox 1007 1860 1786 3856">
    <p class='ocr_par' dir='ltr' id='par_1_9' title="bbox 1008 1860 1188 1924">
     <span class='ocr_line' id='line_1_71' title="bbox 1008 1860 1188 1924; baseline -0.011 -12"><span class='ocrx_word' id='word_1_522' title='bbox 1008 1875 1054 1912; x_wconf 85' lang='lat' dir='ltr'>sua</span> <span class='ocrx_word' id='word_1_523' title='bbox 1064 1860 1188 1924; x_wconf 87' lang='lat' dir='ltr'>pellectos.</span> 
     </span>
    </p>

    <p class='ocr_par' dir='ltr' id='par_1_10' title="bbox 1007 1954 1786 3856">
     <span class='ocr_line' id='line_1_72' title="bbox 1040 1954 1786 2020; baseline -0.004 -11"><span class='ocrx_word' id='word_1_524' title='bbox 1040 1960 1117 2010; x_wconf 83' lang='lat' dir='ltr'>xxlt.</span> <span class='ocrx_word' id='word_1_525' title='bbox 1137 1957 1262 2018; x_wconf 82' lang='lat' dir='ltr'>consules,</span> <span class='ocrx_word' id='word_1_526' title='bbox 1278 1955 1320 2007; x_wconf 89' lang='lat' dir='ltr'>bis</span> <span class='ocrx_word' id='word_1_527' title='bbox 1334 1954 1408 2007; x_wconf 87' lang='lat' dir='ltr'>rebus</span> <span class='ocrx_word' id='word_1_528' title='bbox 1420 1954 1531 2019; x_wconf 81' lang='lat' dir='ltr'>coguitis,</span> <span class='ocrx_word' id='word_1_529' title='bbox 1547 1954 1656 2019; x_wconf 85' lang='lat' dir='ltr'>primum</span> <span class='ocrx_word' id='word_1_530' title='bbox 1669 1955 1786 2020; x_wconf 78' lang='lat' dir='ltr'>pecunias</span> 
     </span>
     <span class='ocr_line' id='line_1_73' title="bbox 1008 2052 1786 2123; baseline -0.001 -14"><span class='ocrx_word' id='word_1_531' title='bbox 1008 2072 1042 2110; x_wconf 78' lang='lat' dir='ltr'>ex</span> <span class='ocrx_word' id='word_1_532' title='bbox 1058 2057 1132 2123; x_wconf 74' lang='lat' dir='ltr'>agris,</span> <span class='ocrx_word' id='word_1_533' title='bbox 1153 2060 1179 2108; x_wconf 91' lang='lat' dir='ltr'>et</span> <span class='ocrx_word' id='word_1_534' title='bbox 1196 2069 1274 2122; x_wconf 87' lang='lat' dir='ltr'>pecus</span> <span class='ocrx_word' id='word_1_535' title='bbox 1286 2059 1313 2107; x_wconf 92' lang='lat' dir='ltr'>et</span> <span class='ocrx_word' id='word_1_536' title='bbox 1330 2052 1449 2118; x_wconf 84' lang='lat' dir='ltr'>mancipia</span> <span class='ocrx_word' id='word_1_537' title='bbox 1469 2066 1484 2104; x_wconf 89' lang='lat' dir='ltr'>a</span> <span class='ocrx_word' id='word_1_538' title='bbox 1503 2054 1601 2104; x_wconf 86' lang='lat' dir='ltr'>msticis</span> <span class='ocrx_word' id='word_1_539' title='bbox 1619 2056 1643 2104; x_wconf 91' lang='lat' dir='ltr'>in</span> <span class='ocrx_word' id='word_1_540' title='bbox 1660 2057 1786 2120; x_wconf 84' lang='lat' dir='ltr'>proximos</span> 
     </span>
     <span class='ocr_line' id='line_1_74' title="bbox 1008 2154 1784 2226; baseline -0.005 -16"><span class='ocrx_word' id='word_1_541' title='bbox 1008 2162 1104 2210; x_wconf 89' lang='lat' dir='ltr'>montes</span> <span class='ocrx_word' id='word_1_542' title='bbox 1128 2157 1226 2226; x_wconf 78' lang='lat' dir='ltr'>traduci</span> <span class='ocrx_word' id='word_1_543' title='bbox 1248 2154 1528 2217; x_wconf 81' lang='lat' dir='ltr'>iusserunt,esstruetts</span> <span class='ocrx_word' id='word_1_544' title='bbox 1547 2155 1655 2205; x_wconf 75' lang='lat' dir='ltr'>castellis</span> <span class='ocrx_word' id='word_1_545' title='bbox 1678 2156 1703 2206; x_wconf 90' lang='lat' dir='ltr'>iu</span> <span class='ocrx_word' id='word_1_546' title='bbox 1724 2158 1784 2207; x_wconf 89' lang='lat' dir='ltr'>locis</span> 
     </span>
     <span class='ocr_line' id='line_1_75' title="bbox 1008 2253 1784 2324; baseline -0.008 -11"><span class='ocrx_word' id='word_1_547' title='bbox 1008 2261 1095 2322; x_wconf 89' lang='lat' dir='ltr'>editis,</span> <span class='ocrx_word' id='word_1_548' title='bbox 1122 2272 1179 2324; x_wconf 81' lang='lat' dir='ltr'>qum</span> <span class='ocrx_word' id='word_1_549' title='bbox 1200 2258 1270 2309; x_wconf 88' lang='lat' dir='ltr'>tacite</span> <span class='ocrx_word' id='word_1_550' title='bbox 1290 2271 1334 2308; x_wconf 87' lang='lat' dir='ltr'>eos</span> <span class='ocrx_word' id='word_1_551' title='bbox 1359 2255 1402 2319; x_wconf 83' lang='lat' dir='ltr'>qtd</span> <span class='ocrx_word' id='word_1_552' title='bbox 1422 2254 1448 2306; x_wconf 90' lang='lat' dir='ltr'>in</span> <span class='ocrx_word' id='word_1_553' title='bbox 1467 2267 1497 2306; x_wconf 84' lang='lat' dir='ltr'>ea</span> <span class='ocrx_word' id='word_1_554' title='bbox 1518 2253 1684 2320; x_wconf 76' lang='lat' dir='ltr'>confugissent</span> <span class='ocrx_word' id='word_1_555' title='bbox 1707 2257 1784 2307; x_wconf 86' lang='lat' dir='ltr'>tutari</span> 
     </span>
     <span class='ocr_line' id='line_1_76' title="bbox 1009 2355 1783 2428; baseline -0.008 -15"><span class='ocrx_word' id='word_1_556' title='bbox 1009 2365 1118 2428; x_wconf 87' lang='lat' dir='ltr'>possent.</span> <span class='ocrx_word' id='word_1_557' title='bbox 1151 2360 1246 2412; x_wconf 87' lang='lat' dir='ltr'>Deinde</span> <span class='ocrx_word' id='word_1_558' title='bbox 1274 2357 1408 2411; x_wconf 79' lang='lat' dir='ltr'>lenientem</span> <span class='ocrx_word' id='word_1_559' title='bbox 1429 2355 1515 2408; x_wconf 86' lang='lat' dir='ltr'>collem</span> <span class='ocrx_word' id='word_1_560' title='bbox 1539 2359 1690 2417; x_wconf 87' lang='lat' dir='ltr'>(estautem</span> <span class='ocrx_word' id='word_1_561' title='bbox 1712 2371 1783 2408; x_wconf 91' lang='lat' dir='ltr'>mons</span> 
     </span>
     <span class='ocr_line' id='line_1_77' title="bbox 1008 2457 1784 2529; baseline -0.009 -14"><span class='ocrx_word' id='word_1_562' title='bbox 1008 2466 1074 2515; x_wconf 84' lang='lat' dir='ltr'>altus</span> <span class='ocrx_word' id='word_1_563' title='bbox 1087 2476 1164 2529; x_wconf 86' lang='lat' dir='ltr'>prope</span> <span class='ocrx_word' id='word_1_564' title='bbox 1180 2461 1268 2512; x_wconf 89' lang='lat' dir='ltr'>urbem</span> <span class='ocrx_word' id='word_1_565' title='bbox 1279 2463 1349 2513; x_wconf 89' lang='lat' dir='ltr'>trans</span> <span class='ocrx_word' id='word_1_566' title='bbox 1363 2460 1453 2511; x_wconf 82' lang='lat' dir='ltr'>dumeta</span> <span class='ocrx_word' id='word_1_567' title='bbox 1468 2457 1575 2510; x_wconf 78' lang='lat' dir='ltr'>Tiberim</span> <span class='ocrx_word' id='word_1_568' title='bbox 1586 2458 1784 2522; x_wconf 76' lang='lat' dir='ltr'>situslirmiori-</span> 
     </span>
     <span class='ocr_line' id='line_1_78' title="bbox 1008 2544 1786 2631; baseline -0.006 -13"><span class='ocrx_word' id='word_1_569' title='bbox 1008 2569 1055 2620; x_wconf 87' lang='lat' dir='ltr'>bus</span> <span class='ocrx_word' id='word_1_570' title='bbox 1081 2565 1258 2618; x_wconf 88' lang='lat' dir='ltr'>munitionibus</span> <span class='ocrx_word' id='word_1_571' title='bbox 1281 2566 1307 2617; x_wconf 88' lang='lat' dir='ltr'>et</span> <span class='ocrx_word' id='word_1_572' title='bbox 1326 2563 1447 2631; x_wconf 82' lang='lat' dir='ltr'>praesidiis</span> <span class='ocrx_word' id='word_1_573' title='bbox 1475 2544 1625 2623; x_wconf 74' lang='lat' dir='ltr'>montescot,</span> <span class='ocrx_word' id='word_1_574' title='bbox 1643 2562 1732 2627; x_wconf 83' lang='lat' dir='ltr'>quavis</span> <span class='ocrx_word' id='word_1_575' title='bbox 1746 2576 1786 2613; x_wconf 86' lang='lat' dir='ltr'>ra·</span> 
     </span>
     <span class='ocr_line' id='line_1_79' title="bbox 1007 2665 1785 2732; baseline -0.004 -11"><span class='ocrx_word' id='word_1_576' title='bbox 1007 2669 1196 2721; x_wconf 79' lang='lat' dir='ltr'>tiouecaveutes</span> <span class='ocrx_word' id='word_1_577' title='bbox 1208 2680 1240 2718; x_wconf 91' lang='lat' dir='ltr'>ne</span> <span class='ocrx_word' id='word_1_578' title='bbox 1249 2666 1319 2718; x_wconf 88' lang='lat' dir='ltr'>lucus</span> <span class='ocrx_word' id='word_1_579' title='bbox 1329 2665 1551 2732; x_wconf 81' lang='lat' dir='ltr'>adeoopportunus</span> <span class='ocrx_word' id='word_1_580' title='bbox 1560 2665 1785 2732; x_wconf 76' lang='lat' dir='ltr'>adoppngnandem</span> 
     </span>
     <span class='ocr_line' id='line_1_80' title="bbox 1007 2767 1786 2833; baseline -0.004 -13"><span class='ocrx_word' id='word_1_581' title='bbox 1007 2769 1094 2820; x_wconf 87' lang='lat' dir='ltr'>urbem</span> <span class='ocrx_word' id='word_1_582' title='bbox 1109 2770 1135 2819; x_wconf 88' lang='lat' dir='ltr'>in</span> <span class='ocrx_word' id='word_1_583' title='bbox 1150 2768 1258 2819; x_wconf 90' lang='lat' dir='ltr'>bostium</span> <span class='ocrx_word' id='word_1_584' title='bbox 1277 2770 1426 2832; x_wconf 86' lang='lat' dir='ltr'>potestatem</span> <span class='ocrx_word' id='word_1_585' title='bbox 1438 2768 1553 2820; x_wconf 81' lang='lat' dir='ltr'>veniret:</span> <span class='ocrx_word' id='word_1_586' title='bbox 1573 2767 1656 2832; x_wconf 83' lang='lat' dir='ltr'>ibique</span> <span class='ocrx_word' id='word_1_587' title='bbox 1673 2768 1730 2820; x_wconf 92' lang='lat' dir='ltr'>belli</span> <span class='ocrx_word' id='word_1_588' title='bbox 1744 2782 1786 2833; x_wconf 82' lang='lat' dir='ltr'>ap</span> 
     </span>
     <span class='ocr_line' id='line_1_81' title="bbox 1009 2872 1784 2940; baseline -0.003 -16"><span class='ocrx_word' id='word_1_589' title='bbox 1009 2878 1111 2940; x_wconf 89' lang='lat' dir='ltr'>paratus</span> <span class='ocrx_word' id='word_1_590' title='bbox 1124 2876 1294 2938; x_wconf 86' lang='lat' dir='ltr'>reposuerunt.</span> <span class='ocrx_word' id='word_1_591' title='bbox 1329 2873 1427 2924; x_wconf 87' lang='lat' dir='ltr'>Urbana</span> <span class='ocrx_word' id='word_1_592' title='bbox 1445 2886 1543 2938; x_wconf 82' lang='lat' dir='ltr'>quoque</span> <span class='ocrx_word' id='word_1_593' title='bbox 1561 2873 1638 2935; x_wconf 70' lang='grc' dir='ltr'>επεςίο</span> <span class='ocrx_word' id='word_1_594' title='bbox 1655 2872 1686 2923; x_wconf 85' lang='lat' dir='ltr'>ad</span> <span class='ocrx_word' id='word_1_595' title='bbox 1701 2872 1784 2938; x_wconf 89' lang='lat' dir='ltr'>populi</span> 
     </span>
     <span class='ocr_line' id='line_1_82' title="bbox 1009 2973 1782 3042; baseline -0.001 -15"><span class='ocrx_word' id='word_1_596' title='bbox 1009 2977 1110 3042; x_wconf 81' lang='lat' dir='ltr'>gmtiam</span> <span class='ocrx_word' id='word_1_597' title='bbox 1129 2978 1328 3040; x_wconf 89' lang='lat' dir='ltr'>composuemnl,</span> <span class='ocrx_word' id='word_1_598' title='bbox 1349 2973 1427 3025; x_wconf 87' lang='lat' dir='ltr'>multa</span> <span class='ocrx_word' id='word_1_599' title='bbox 1443 2974 1602 3026; x_wconf 87' lang='lat' dir='ltr'>humanitatis</span> <span class='ocrx_word' id='word_1_600' title='bbox 1618 2974 1699 3026; x_wconf 84' lang='lat' dir='ltr'>oliicia</span> <span class='ocrx_word' id='word_1_601' title='bbox 1717 2987 1782 3040; x_wconf 81' lang='lat' dir='ltr'>praa·</span> 
     </span>
     <span class='ocr_line' id='line_1_83' title="bbox 1008 3074 1784 3140; baseline -0.001 -13"><span class='ocrx_word' id='word_1_602' title='bbox 1008 3079 1101 3129; x_wconf 89' lang='lat' dir='ltr'>stantes</span> <span class='ocrx_word' id='word_1_603' title='bbox 1112 3077 1203 3138; x_wconf 83' lang='lat' dir='ltr'>egenis,</span> <span class='ocrx_word' id='word_1_604' title='bbox 1211 3089 1241 3126; x_wconf 89' lang='lat' dir='ltr'>ne</span> <span class='ocrx_word' id='word_1_605' title='bbox 1251 3074 1282 3126; x_wconf 86' lang='lat' dir='ltr'>ad</span> <span class='ocrx_word' id='word_1_606' title='bbox 1295 3074 1454 3138; x_wconf 76' lang='lat' dir='ltr'>tyrannorum</span> <span class='ocrx_word' id='word_1_607' title='bbox 1463 3079 1547 3140; x_wconf 86' lang='lat' dir='ltr'>partes</span> <span class='ocrx_word' id='word_1_608' title='bbox 1555 3075 1693 3137; x_wconf 77' lang='lat' dir='ltr'>transirent,</span> <span class='ocrx_word' id='word_1_609' title='bbox 1701 3074 1784 3140; x_wconf 78' lang='lat' dir='ltr'>priva·</span> 
     </span>
     <span class='ocr_line' id='line_1_84' title="bbox 1007 3174 1783 3242; baseline -0.001 -13"><span class='ocrx_word' id='word_1_610' title='bbox 1007 3179 1041 3229; x_wconf 89' lang='lat' dir='ltr'>tis</span> <span class='ocrx_word' id='word_1_611' title='bbox 1068 3176 1204 3228; x_wconf 89' lang='lat' dir='ltr'>commodis</span> <span class='ocrx_word' id='word_1_612' title='bbox 1236 3176 1267 3228; x_wconf 88' lang='lat' dir='ltr'>ad</span> <span class='ocrx_word' id='word_1_613' title='bbox 1294 3175 1472 3239; x_wconf 86' lang='lat' dir='ltr'>rempublicam</span> <span class='ocrx_word' id='word_1_614' title='bbox 1501 3174 1649 3241; x_wconf 83' lang='lat' dir='ltr'>prodendam</span> <span class='ocrx_word' id='word_1_615' title='bbox 1676 3175 1783 3242; x_wconf 88' lang='lat' dir='ltr'>impulsi.</span> 
     </span>
     <span class='ocr_line' id='line_1_85' title="bbox 1008 3278 1784 3345; baseline 0.001 -15"><span class='ocrx_word' id='word_1_616' title='bbox 1008 3280 1104 3333; x_wconf 80' lang='lat' dir='ltr'>Etenim</span> <span class='ocrx_word' id='word_1_617' title='bbox 1114 3279 1281 3331; x_wconf 82' lang='lat' dir='ltr'>decreverunt</span> <span class='ocrx_word' id='word_1_618' title='bbox 1293 3292 1336 3331; x_wconf 92' lang='lat' dir='ltr'>eos</span> <span class='ocrx_word' id='word_1_619' title='bbox 1346 3280 1468 3330; x_wconf 70' lang='lat' dir='ltr'>mmuuos</span> <span class='ocrx_word' id='word_1_620' title='bbox 1480 3293 1535 3330; x_wconf 86' lang='lat' dir='ltr'>esse</span> <span class='ocrx_word' id='word_1_621' title='bbox 1545 3280 1657 3330; x_wconf 91' lang='lat' dir='ltr'>omnium</span> <span class='ocrx_word' id='word_1_622' title='bbox 1674 3278 1784 3345; x_wconf 90' lang='lat' dir='ltr'>publico·</span> 
     </span>
     <span class='ocr_line' id='line_1_86' title="bbox 1007 3381 1782 3448; baseline -0.001 -15"><span class='ocrx_word' id='word_1_623' title='bbox 1007 3396 1063 3433; x_wconf 90' lang='lat' dir='ltr'>rum</span> <span class='ocrx_word' id='word_1_624' title='bbox 1075 3381 1234 3443; x_wconf 87' lang='lat' dir='ltr'>tribulorum,</span> <span class='ocrx_word' id='word_1_625' title='bbox 1242 3395 1397 3448; x_wconf 78' lang='lat' dir='ltr'>quaecunque</span> <span class='ocrx_word' id='word_1_626' title='bbox 1407 3387 1463 3433; x_wconf 89' lang='lat' dir='ltr'>ante</span> <span class='ocrx_word' id='word_1_627' title='bbox 1475 3382 1522 3432; x_wconf 91' lang='lat' dir='ltr'>sub</span> <span class='ocrx_word' id='word_1_628' title='bbox 1532 3381 1631 3446; x_wconf 73' lang='lat' dir='ltr'>regibus</span> <span class='ocrx_word' id='word_1_629' title='bbox 1639 3381 1782 3447; x_wconf 83' lang='lat' dir='ltr'>pendebant,</span> 
     </span>
     <span class='ocr_line' id='line_1_87' title="bbox 1007 3463 1784 3550; baseline 0 -17"><span class='ocrx_word' id='word_1_630' title='bbox 1007 3487 1032 3533; x_wconf 91' lang='lat' dir='ltr'>et</span> <span class='ocrx_word' id='word_1_631' title='bbox 1043 3483 1158 3534; x_wconf 87' lang='lat' dir='ltr'>omnibus</span> <span class='ocrx_word' id='word_1_632' title='bbox 1172 3484 1282 3550; x_wconf 86' lang='lat' dir='ltr'>pecuniae</span> <span class='ocrx_word' id='word_1_633' title='bbox 1295 3463 1464 3535; x_wconf 70' lang='lat' dir='ltr'>tollenonibus</span> <span class='ocrx_word' id='word_1_634' title='bbox 1473 3497 1529 3546; x_wconf 82' lang='lat' dir='ltr'>qum</span> <span class='ocrx_word' id='word_1_635' title='bbox 1537 3482 1565 3532; x_wconf 90' lang='lat' dir='ltr'>iu</span> <span class='ocrx_word' id='word_1_636' title='bbox 1582 3496 1623 3533; x_wconf 90' lang='lat' dir='ltr'>res</span> <span class='ocrx_word' id='word_1_637' title='bbox 1634 3483 1752 3534; x_wconf 87' lang='lat' dir='ltr'>militares</span> <span class='ocrx_word' id='word_1_638' title='bbox 1759 3487 1784 3533; x_wconf 90' lang='lat' dir='ltr'>et</span> 
     </span>
     <span class='ocr_line' id='line_1_88' title="bbox 1008 3583 1784 3649; baseline 0.001 -14"><span class='ocrx_word' id='word_1_639' title='bbox 1008 3584 1110 3636; x_wconf 89' lang='lat' dir='ltr'>bellicos</span> <span class='ocrx_word' id='word_1_640' title='bbox 1124 3600 1185 3638; x_wconf 91' lang='lat' dir='ltr'>usus</span> <span class='ocrx_word' id='word_1_641' title='bbox 1193 3587 1281 3638; x_wconf 80' lang='lat' dir='ltr'>liobam</span> <span class='ocrx_word' id='word_1_642' title='bbox 1296 3586 1430 3638; x_wconf 89' lang='lat' dir='ltr'>liberamnt</span> <span class='ocrx_word' id='word_1_643' title='bbox 1444 3584 1630 3635; x_wconf 79' lang='lat' dir='ltr'>:existimantes</span> <span class='ocrx_word' id='word_1_644' title='bbox 1643 3583 1784 3649; x_wconf 81' lang='lat' dir='ltr'>reipublicae</span> 
     </span>
     <span class='ocr_line' id='line_1_89' title="bbox 1008 3688 1785 3754; baseline -0.001 -15"><span class='ocrx_word' id='word_1_645' title='bbox 1008 3690 1068 3740; x_wconf 88' lang='lat' dir='ltr'>satis</span> <span class='ocrx_word' id='word_1_646' title='bbox 1078 3704 1194 3754; x_wconf 77' lang='lat' dir='ltr'>magnum</span> <span class='ocrx_word' id='word_1_647' title='bbox 1213 3692 1323 3742; x_wconf 88' lang='lat' dir='ltr'>laturum</span> <span class='ocrx_word' id='word_1_648' title='bbox 1335 3689 1500 3749; x_wconf 88' lang='lat' dir='ltr'>commodum,</span> <span class='ocrx_word' id='word_1_649' title='bbox 1520 3688 1673 3753; x_wconf 86' lang='lat' dir='ltr'>sipauperes</span> <span class='ocrx_word' id='word_1_650' title='bbox 1688 3691 1785 3739; x_wconf 91' lang='lat' dir='ltr'>tantum</span> 
     </span>
     <span class='ocr_line' id='line_1_90' title="bbox 1010 3788 1782 3856; baseline 0 -18"><span class='ocrx_word' id='word_1_651' title='bbox 1010 3803 1057 3839; x_wconf 91' lang='lat' dir='ltr'>sua</span> <span class='ocrx_word' id='word_1_652' title='bbox 1066 3804 1169 3855; x_wconf 84' lang='lat' dir='ltr'>corpora</span> <span class='ocrx_word' id='word_1_653' title='bbox 1178 3793 1321 3843; x_wconf 73' lang='lat' dir='ltr'>extuberent</span> <span class='ocrx_word' id='word_1_654' title='bbox 1333 3793 1365 3843; x_wconf 94' lang='lat' dir='ltr'>ad</span> <span class='ocrx_word' id='word_1_655' title='bbox 1378 3790 1485 3856; x_wconf 85' lang='lat' dir='ltr'>pericula</span> <span class='ocrx_word' id='word_1_656' title='bbox 1497 3804 1541 3855; x_wconf 91' lang='lat' dir='ltr'>pro</span> <span class='ocrx_word' id='word_1_657' title='bbox 1556 3789 1634 3854; x_wconf 81' lang='lat' dir='ltr'>patria</span> <span class='ocrx_word' id='word_1_658' title='bbox 1646 3788 1782 3839; x_wconf 78' lang='lat' dir='ltr'>subeunda,</span> 
     </span>
    </p>
   </div>
   <div class='ocr_carea' id='block_1_10' title="bbox 1005 3901 1786 4796">
    <p class='ocr_par' dir='ltr' id='par_1_11' title="bbox 1005 3901 1786 4796">
     <span class='ocr_line' id='line_1_91' title="bbox 1009 3901 1781 3976; baseline -0.018 -14"><span class='ocrx_word' id='word_1_659' title='bbox 1009 3915 1142 3976; x_wconf 82' lang='lat' dir='ltr'>Quumque</span> <span class='ocrx_word' id='word_1_660' title='bbox 1153 3911 1237 3975; x_wconf 86' lang='lat' dir='ltr'>copias</span> <span class='ocrx_word' id='word_1_661' title='bbox 1252 3910 1300 3958; x_wconf 89' lang='lat' dir='ltr'>iam</span> <span class='ocrx_word' id='word_1_662' title='bbox 1313 3905 1392 3955; x_wconf 90' lang='lat' dir='ltr'>multo</span> <span class='ocrx_word' id='word_1_663' title='bbox 1408 3905 1463 3954; x_wconf 89' lang='lat' dir='ltr'>ante</span> <span class='ocrx_word' id='word_1_664' title='bbox 1481 3903 1626 3954; x_wconf 79' lang='lat' dir='ltr'>exercitatas</span> <span class='ocrx_word' id='word_1_665' title='bbox 1639 3901 1665 3951; x_wconf 88' lang='lat' dir='ltr'>et</span> <span class='ocrx_word' id='word_1_666' title='bbox 1683 3912 1781 3964; x_wconf 71' lang='lat' dir='ltr'>praepa-</span> 
     </span>
     <span class='ocr_line' id='line_1_92' title="bbox 1008 4003 1784 4072; baseline -0.019 -5"><span class='ocrx_word' id='word_1_667' title='bbox 1008 4015 1209 4072; x_wconf 85' lang='lat' dir='ltr'>ratasbuberent,</span> <span class='ocrx_word' id='word_1_668' title='bbox 1224 4011 1249 4060; x_wconf 87' lang='lat' dir='ltr'>iu</span> <span class='ocrx_word' id='word_1_669' title='bbox 1261 4019 1346 4070; x_wconf 89' lang='lat' dir='ltr'>campo</span> <span class='ocrx_word' id='word_1_670' title='bbox 1358 4007 1414 4056; x_wconf 87' lang='lat' dir='ltr'>ante</span> <span class='ocrx_word' id='word_1_671' title='bbox 1431 4004 1517 4055; x_wconf 78' lang='grc' dir='ltr'>ιιτθεεο</span> <span class='ocrx_word' id='word_1_672' title='bbox 1530 4004 1578 4055; x_wconf 89' lang='lat' dir='ltr'>sito</span> <span class='ocrx_word' id='word_1_673' title='bbox 1595 4003 1676 4052; x_wconf 82' lang='lat' dir='ltr'>castra</span> <span class='ocrx_word' id='word_1_674' title='bbox 1692 4014 1784 4065; x_wconf 91' lang='lat' dir='ltr'>posue-</span> 
     </span>
     <span class='ocr_line' id='line_1_93' title="bbox 1009 4108 1784 4172; baseline -0.017 1"><span class='ocrx_word' id='word_1_675' title='bbox 1009 4126 1075 4172; x_wconf 89' lang='lat' dir='ltr'>mnt.</span> <span class='ocrx_word' id='word_1_676' title='bbox 1110 4124 1141 4172; x_wconf 80' lang='lat' dir='ltr'>At</span> <span class='ocrx_word' id='word_1_677' title='bbox 1153 4134 1196 4170; x_wconf 83' lang='lat' dir='ltr'>rex</span> <span class='ocrx_word' id='word_1_678' title='bbox 1208 4121 1316 4168; x_wconf 84' lang='lat' dir='ltr'>Porsena</span> <span class='ocrx_word' id='word_1_679' title='bbox 1334 4125 1389 4162; x_wconf 88' lang='lat' dir='ltr'>cum</span> <span class='ocrx_word' id='word_1_680' title='bbox 1406 4112 1516 4162; x_wconf 83' lang='lat' dir='ltr'>exercitu</span> <span class='ocrx_word' id='word_1_681' title='bbox 1529 4108 1661 4162; x_wconf 89' lang='lat' dir='ltr'>ianiculum</span> <span class='ocrx_word' id='word_1_682' title='bbox 1674 4111 1784 4160; x_wconf 87' lang='lat' dir='ltr'>montem</span> 
     </span>
     <span class='ocr_line' id='line_1_94' title="bbox 1008 4211 1784 4290; baseline -0.015 -16"><span class='ocrx_word' id='word_1_683' title='bbox 1008 4227 1086 4290; x_wconf 90' lang='lat' dir='ltr'>primo</span> <span class='ocrx_word' id='word_1_684' title='bbox 1097 4225 1191 4287; x_wconf 89' lang='lat' dir='ltr'>impetu</span> <span class='ocrx_word' id='word_1_685' title='bbox 1208 4217 1346 4282; x_wconf 79' lang='lat' dir='ltr'>occupauit,</span> <span class='ocrx_word' id='word_1_686' title='bbox 1364 4213 1507 4265; x_wconf 84' lang='lat' dir='ltr'>custodibus</span> <span class='ocrx_word' id='word_1_687' title='bbox 1519 4215 1572 4264; x_wconf 89' lang='lat' dir='ltr'>eius</span> <span class='ocrx_word' id='word_1_688' title='bbox 1583 4212 1725 4278; x_wconf 81' lang='lat' dir='ltr'>perterritis,</span> <span class='ocrx_word' id='word_1_689' title='bbox 1735 4211 1784 4263; x_wconf 91' lang='lat' dir='ltr'>ibi·</span> 
     </span>
     <span class='ocr_line' id='line_1_95' title="bbox 1007 4311 1785 4388; baseline -0.021 -11"><span class='ocrx_word' id='word_1_690' title='bbox 1007 4339 1054 4388; x_wconf 87' lang='lat' dir='ltr'>que</span> <span class='ocrx_word' id='word_1_691' title='bbox 1071 4327 1231 4375; x_wconf 84' lang='lat' dir='ltr'>Etruscorum</span> <span class='ocrx_word' id='word_1_692' title='bbox 1247 4316 1388 4381; x_wconf 71' lang='lat' dir='ltr'>presidium</span> <span class='ocrx_word' id='word_1_693' title='bbox 1407 4315 1543 4365; x_wconf 79' lang='lat' dir='ltr'>collocavit.</span> <span class='ocrx_word' id='word_1_694' title='bbox 1579 4317 1682 4364; x_wconf 83' lang='lat' dir='ltr'>Romam</span> <span class='ocrx_word' id='word_1_695' title='bbox 1696 4311 1785 4363; x_wconf 88' lang='lat' dir='ltr'>deinde</span> 
     </span>
     <span class='ocr_line' id='line_1_96' title="bbox 1007 4415 1786 4494; baseline -0.028 -11"><span class='ocrx_word' id='word_1_696' title='bbox 1007 4441 1117 4494; x_wconf 85' lang='lat' dir='ltr'>pergens,</span> <span class='ocrx_word' id='word_1_697' title='bbox 1132 4428 1202 4492; x_wconf 83' lang='lat' dir='ltr'>quasi</span> <span class='ocrx_word' id='word_1_698' title='bbox 1215 4442 1269 4478; x_wconf 88' lang='lat' dir='ltr'>eam</span> <span class='ocrx_word' id='word_1_699' title='bbox 1280 4434 1379 4488; x_wconf 74' lang='lat' dir='ltr'>quiaque</span> <span class='ocrx_word' id='word_1_700' title='bbox 1391 4418 1442 4469; x_wconf 89' lang='lat' dir='ltr'>aine</span> <span class='ocrx_word' id='word_1_701' title='bbox 1460 4415 1601 4468; x_wconf 87' lang='lat' dir='ltr'>ultolabore</span> <span class='ocrx_word' id='word_1_702' title='bbox 1617 4416 1726 4465; x_wconf 89' lang='lat' dir='ltr'>insuam</span> <span class='ocrx_word' id='word_1_703' title='bbox 1737 4428 1786 4479; x_wconf 86' lang='lat' dir='ltr'>po-</span> 
     </span>
     <span class='ocr_line' id='line_1_97' title="bbox 1006 4517 1785 4586; baseline -0.018 -4"><span class='ocrx_word' id='word_1_704' title='bbox 1006 4532 1120 4582; x_wconf 82' lang='lat' dir='ltr'>testatem</span> <span class='ocrx_word' id='word_1_705' title='bbox 1133 4531 1286 4585; x_wconf 85' lang='lat' dir='ltr'>redacturus,</span> <span class='ocrx_word' id='word_1_706' title='bbox 1303 4536 1378 4586; x_wconf 85' lang='lat' dir='ltr'>quum</span> <span class='ocrx_word' id='word_1_707' title='bbox 1391 4520 1422 4569; x_wconf 91' lang='lat' dir='ltr'>ad</span> <span class='ocrx_word' id='word_1_708' title='bbox 1437 4523 1533 4581; x_wconf 87' lang='lat' dir='ltr'>pontem</span> <span class='ocrx_word' id='word_1_709' title='bbox 1558 4517 1673 4579; x_wconf 87' lang='lat' dir='ltr'>venissel,</span> <span class='ocrx_word' id='word_1_710' title='bbox 1689 4519 1715 4567; x_wconf 87' lang='lat' dir='ltr'>et</span> <span class='ocrx_word' id='word_1_711' title='bbox 1733 4520 1785 4569; x_wconf 84' lang='lat' dir='ltr'>lio-</span> 
     </span>
     <span class='ocr_line' id='line_1_98' title="bbox 1007 4617 1785 4683; baseline -0.021 -2"><span class='ocrx_word' id='word_1_712' title='bbox 1007 4646 1091 4683; x_wconf 89' lang='lat' dir='ltr'>manos</span> <span class='ocrx_word' id='word_1_713' title='bbox 1110 4635 1166 4683; x_wconf 87' lang='lat' dir='ltr'>ante</span> <span class='ocrx_word' id='word_1_714' title='bbox 1184 4631 1273 4681; x_wconf 78' lang='lat' dir='ltr'>litamen</span> <span class='ocrx_word' id='word_1_715' title='bbox 1293 4630 1428 4678; x_wconf 90' lang='lat' dir='ltr'>instructos</span> <span class='ocrx_word' id='word_1_716' title='bbox 1446 4619 1668 4674; x_wconf 86' lang='lat' dir='ltr'>animadvertisset,</span> <span class='ocrx_word' id='word_1_717' title='bbox 1688 4617 1719 4667; x_wconf 92' lang='lat' dir='ltr'>ad</span> <span class='ocrx_word' id='word_1_718' title='bbox 1740 4631 1785 4682; x_wconf 92' lang='lat' dir='ltr'>pu·</span> 
     </span>
     <span class='ocr_line' id='line_1_99' title="bbox 1005 4715 1782 4796; baseline -0.023 -13"><span class='ocrx_word' id='word_1_719' title='bbox 1005 4746 1077 4795; x_wconf 77' lang='lat' dir='ltr'>gnam</span> <span class='ocrx_word' id='word_1_720' title='bbox 1097 4746 1122 4782; x_wconf 90' lang='lat' dir='ltr'>se</span> <span class='ocrx_word' id='word_1_721' title='bbox 1137 4730 1243 4796; x_wconf 83' lang='lat' dir='ltr'>pararit,</span> <span class='ocrx_word' id='word_1_722' title='bbox 1259 4728 1330 4791; x_wconf 84' lang='lat' dir='ltr'>quasi</span> <span class='ocrx_word' id='word_1_723' title='bbox 1343 4739 1505 4792; x_wconf 86' lang='lat' dir='ltr'>oppressurus</span> <span class='ocrx_word' id='word_1_724' title='bbox 1524 4735 1567 4772; x_wconf 90' lang='lat' dir='ltr'>eos</span> <span class='ocrx_word' id='word_1_725' title='bbox 1581 4733 1684 4770; x_wconf 90' lang='lat' dir='ltr'>suorum</span> <span class='ocrx_word' id='word_1_726' title='bbox 1694 4715 1782 4767; x_wconf 89' lang='lat' dir='ltr'>multi·</span> 
     </span>
    </p>
   </div>
   <div class='ocr_carea' id='block_1_11' title="bbox 934 4822 1781 4902">
    <p class='ocr_par' dir='ltr' id='par_1_12' title="bbox 934 4822 1781 4902">
     <span class='ocr_line' id='line_1_100' title="bbox 934 4822 1781 4902; baseline -0.025 -11"><span class='ocrx_word' id='word_1_727' title='bbox 934 4887 951 4901; x_wconf 79' lang='grc'>,,</span> <span class='ocrx_word' id='word_1_728' title='bbox 1005 4838 1099 4897; x_wconf 86' lang='lat' dir='ltr'>tudine,</span> <span class='ocrx_word' id='word_1_729' title='bbox 1124 4837 1255 4902; x_wconf 88' lang='lat' dir='ltr'>copiasque</span> <span class='ocrx_word' id='word_1_730' title='bbox 1277 4845 1440 4897; x_wconf 82' lang='lat' dir='ltr'>magnacum</span> <span class='ocrx_word' id='word_1_731' title='bbox 1469 4828 1578 4881; x_wconf 89' lang='lat' dir='ltr'>bostium</span> <span class='ocrx_word' id='word_1_732' title='bbox 1601 4822 1781 4886; x_wconf 84' lang='lat' dir='ltr'>contemptione</span> 
     </span>
    </p>
   </div>
   <div class='ocr_carea' id='block_1_12' title="bbox 1005 4917 1782 5090">
    <p class='ocr_par' dir='ltr' id='par_1_13' title="bbox 1005 4917 1782 5090">
     <span class='ocr_line' id='line_1_101' title="bbox 1005 4917 1779 5004; baseline -0.028 -14"><span class='ocrx_word' id='word_1_733' title='bbox 1005 4938 1135 5004; x_wconf 87' lang='lat' dir='ltr'>pmpulsit.</span> <span class='ocrx_word' id='word_1_734' title='bbox 1153 4939 1349 4988; x_wconf 80' lang='lat' dir='ltr'>Lacrumantem</span> <span class='ocrx_word' id='word_1_735' title='bbox 1361 4946 1438 4983; x_wconf 88' lang='lat' dir='ltr'>comu</span> <span class='ocrx_word' id='word_1_736' title='bbox 1449 4931 1571 4982; x_wconf 88' lang='lat' dir='ltr'>ducebant</span> <span class='ocrx_word' id='word_1_737' title='bbox 1586 4922 1714 4992; x_wconf 69' lang='lat' dir='ltr'>tarquinii</span> <span class='ocrx_word' id='word_1_738' title='bbox 1727 4917 1779 4979; x_wconf 88' lang='lat' dir='ltr'>filii,</span> 
     </span>
     <span class='ocr_line' id='line_1_102' title="bbox 1265 5025 1782 5090; baseline -0.033 0"><span class='ocrx_word' id='word_1_739' title='bbox 1265 5054 1321 5090; x_wconf 92' lang='lat' dir='ltr'>cum</span> <span class='ocrx_word' id='word_1_740' title='bbox 1343 5035 1469 5088; x_wconf 81' lang='lat' dir='ltr'>exsulibus</span> <span class='ocrx_word' id='word_1_741' title='bbox 1491 5035 1606 5087; x_wconf 81' lang='lat' dir='ltr'>Romanis</span> <span class='ocrx_word' id='word_1_742' title='bbox 1630 5035 1656 5083; x_wconf 86' lang='lat' dir='ltr'>et</span> <span class='ocrx_word' id='word_1_743' title='bbox 1679 5025 1782 5079; x_wconf 77' lang='lat' dir='ltr'>Gabina</span> 
     </span>
    </p>
   </div>
   <div class='ocr_carea' id='block_1_13' title="bbox 0 0 1892 5828">
    <p class='ocr_par' dir='ltr' id='par_1_14' title="bbox 0 0 1892 5828">
     <span class='ocr_line' id='line_1_103' title="bbox 0 0 1892 5828; baseline 0 0"><span class='ocrx_word' id='word_1_744' title='bbox 0 0 1892 5828; x_wconf 95' lang='lat' dir='ltr'> </span> 
     </span>
    </p>
   </div>
  </div>
 </body>
</html>
