<?xml version="1.0" encoding="UTF-8"?>
<!DOCTYPE html PUBLIC "-//W3C//DTD XHTML 1.0 Transitional//EN"
    "http://www.w3.org/TR/xhtml1/DTD/xhtml1-transitional.dtd">
<html xmlns="http://www.w3.org/1999/xhtml" xml:lang="en" lang="en">
 <head>
  <title>
</title>
<meta http-equiv="Content-Type" content="text/html;charset=utf-8" />
  <meta name='ocr-system' content='tesseract 3.04.00' />
  <meta name='ocr-capabilities' content='ocr_page ocr_carea ocr_par ocr_line ocrx_word'/>
</head>
<body>
  <div class='ocr_page' id='page_1' title='image "./dionysiihalicar00prougoog_0566.png"; bbox 0 0 3772 5828; ppageno 0'>
   <div class='ocr_carea' id='block_1_1' title="bbox 656 370 1293 473">
    <p class='ocr_par' dir='ltr' id='par_1_1' title="bbox 656 370 1293 473">
     <span class='ocr_line' id='line_1_1' title="bbox 656 370 1293 473; baseline 0.003 -42"><span class='ocrx_word' id='word_1_1' title='bbox 656 370 950 444; x_wconf 71' lang='lat' dir='ltr'>annominabit</span> <span class='ocrx_word' id='word_1_2' title='bbox 974 370 1120 473; x_wconf 63' lang='lat' dir='ltr'>notius.</span> <span class='ocrx_word' id='word_1_3' title='bbox 1144 371 1217 433; x_wconf 81' lang='lat' dir='ltr'>tta.</span> <span class='ocrx_word' id='word_1_4' title='bbox 1243 373 1293 433; x_wconf 83' lang='lat' dir='ltr'>tx.</span> 
     </span>
    </p>
   </div>
   <div class='ocr_carea' id='block_1_2' title="bbox 119 503 960 5290">
    <p class='ocr_par' dir='ltr' id='par_1_2' title="bbox 122 503 960 2711">
     <span class='ocr_line' id='line_1_2' title="bbox 174 503 952 583; baseline -0.006 -17"><span class='ocrx_word' id='word_1_5' title='bbox 174 507 310 578; x_wconf 84' lang='grc' dir='ltr'>νεκτήσειν</span> <span class='ocrx_word' id='word_1_6' title='bbox 334 506 393 573; x_wconf 83' lang='grc' dir='ltr'>τοίνς</span> <span class='ocrx_word' id='word_1_7' title='bbox 413 503 554 583; x_wconf 85' lang='grc' dir='ltr'>πολεμίους</span> <span class='ocrx_word' id='word_1_8' title='bbox 578 503 706 580; x_wconf 86' lang='grc' dir='ltr'>ἔμελλον,</span> <span class='ocrx_word' id='word_1_9' title='bbox 735 504 825 583; x_wconf 75' lang='grc' dir='ltr'>ἐξῆγον</span> <span class='ocrx_word' id='word_1_10' title='bbox 849 506 884 569; x_wconf 88' lang='grc' dir='ltr'>εἰς</span> <span class='ocrx_word' id='word_1_11' title='bbox 908 503 952 562; x_wconf 88' lang='grc' dir='ltr'>τδν</span> 
     </span>
     <span class='ocr_line' id='line_1_3' title="bbox 174 589 952 672; baseline -0.008 -17"><span class='ocrx_word' id='word_1_12' title='bbox 174 598 262 656; x_wconf 81' lang='grc' dir='ltr'>πεδίον</span> <span class='ocrx_word' id='word_1_13' title='bbox 286 596 333 661; x_wconf 70' lang='grc' dir='ltr'>τάς</span> <span class='ocrx_word' id='word_1_14' title='bbox 348 596 479 672; x_wconf 87' lang='grc' dir='ltr'>δυνάμεις.</span> <span class='ocrx_word' id='word_1_15' title='bbox 537 594 677 653; x_wconf 87' lang='grc' dir='ltr'>Μενόντων</span> <span class='ocrx_word' id='word_1_16' title='bbox 693 591 720 651; x_wconf 82' lang='grc' dir='ltr'>δέ</span> <span class='ocrx_word' id='word_1_17' title='bbox 739 597 792 650; x_wconf 85' lang='grc' dir='ltr'>τῶν</span> <span class='ocrx_word' id='word_1_18' title='bbox 807 589 952 666; x_wconf 84' lang='grc' dir='ltr'>Ῥωμαίων</span> 
     </span>
     <span class='ocr_line' id='line_1_4' title="bbox 174 679 953 767; baseline -0.005 -24"><span class='ocrx_word' id='word_1_19' title='bbox 174 689 213 767; x_wconf 82' lang='grc' dir='ltr'>ἐφ’</span> <span class='ocrx_word' id='word_1_20' title='bbox 230 686 361 764; x_wconf 69' lang='grc' dir='ltr'>ἡσυχίας,</span> <span class='ocrx_word' id='word_1_21' title='bbox 375 682 599 762; x_wconf 77' lang='grc' dir='ltr'>προσιππεύοντες</span> <span class='ocrx_word' id='word_1_22' title='bbox 615 679 642 748; x_wconf 84' lang='grc' dir='ltr'>ἐξ</span> <span class='ocrx_word' id='word_1_23' title='bbox 667 683 751 740; x_wconf 86' lang='grc' dir='ltr'>αὐτῶν</span> <span class='ocrx_word' id='word_1_24' title='bbox 772 683 796 738; x_wconf 79' lang='grc' dir='ltr'>οἱ</span> <span class='ocrx_word' id='word_1_25' title='bbox 820 679 953 759; x_wconf 84' lang='grc' dir='ltr'>τολμηρά·</span> 
     </span>
     <span class='ocr_line' id='line_1_5' title="bbox 173 767 955 852; baseline -0.003 -21"><span class='ocrx_word' id='word_1_26' title='bbox 173 797 248 833; x_wconf 89' lang='grc' dir='ltr'>τατοι</span> <span class='ocrx_word' id='word_1_27' title='bbox 263 775 309 834; x_wconf 82' lang='grc' dir='ltr'>καὶ</span> <span class='ocrx_word' id='word_1_28' title='bbox 325 773 438 846; x_wconf 82' lang='grc' dir='ltr'>πλησίον</span> <span class='ocrx_word' id='word_1_29' title='bbox 450 777 496 832; x_wconf 88' lang='grc' dir='ltr'>τοῦ</span> <span class='ocrx_word' id='word_1_30' title='bbox 516 770 637 852; x_wconf 76' lang='grc' dir='ltr'>χάρακος</span> <span class='ocrx_word' id='word_1_31' title='bbox 654 767 809 848; x_wconf 78' lang='grc' dir='ltr'>ἱστάμενοι,</span> <span class='ocrx_word' id='word_1_32' title='bbox 828 768 955 850; x_wconf 81' lang='grc' dir='ltr'>γυναῖκάς</span> 
     </span>
     <span class='ocr_line' id='line_1_6' title="bbox 140 861 960 937; baseline -0.007 -14"><span class='ocrx_word' id='word_1_33' title='bbox 140 888 152 923; x_wconf 85' lang='lat' dir='ltr'>s</span> <span class='ocrx_word' id='word_1_34' title='bbox 178 890 207 924; x_wconf 92' lang='grc' dir='ltr'>τε</span> <span class='ocrx_word' id='word_1_35' title='bbox 222 869 372 925; x_wconf 80' lang='grc' dir='ltr'>ἀπεκάλουν</span> <span class='ocrx_word' id='word_1_36' title='bbox 385 865 512 933; x_wconf 76' lang='grc' dir='ltr'>ἅπαντας,</span> <span class='ocrx_word' id='word_1_37' title='bbox 526 861 575 920; x_wconf 84' lang='grc' dir='ltr'>καί</span> <span class='ocrx_word' id='word_1_38' title='bbox 585 866 644 929; x_wconf 82' lang='grc' dir='ltr'>τούς</span> <span class='ocrx_word' id='word_1_39' title='bbox 661 862 792 937; x_wconf 80' lang='grc' dir='ltr'>ἡγεμόνας</span> <span class='ocrx_word' id='word_1_40' title='bbox 803 861 891 918; x_wconf 79' lang='grc' dir='ltr'>αἰετῶν</span> <span class='ocrx_word' id='word_1_41' title='bbox 906 867 960 925; x_wconf 84' lang='grc' dir='ltr'>τοῖς</span> 
     </span>
     <span class='ocr_line' id='line_1_7' title="bbox 182 949 958 1026; baseline -0.008 -13"><span class='ocrx_word' id='word_1_42' title='bbox 182 954 340 1018; x_wconf 76' lang='grc' dir='ltr'>δειλοτάτοις</span> <span class='ocrx_word' id='word_1_43' title='bbox 362 955 414 1010; x_wconf 81' lang='grc' dir='ltr'>τῶν</span> <span class='ocrx_word' id='word_1_44' title='bbox 438 952 510 1021; x_wconf 83' lang='grc' dir='ltr'>ζώων</span> <span class='ocrx_word' id='word_1_45' title='bbox 538 950 650 1009; x_wconf 85' lang='grc' dir='ltr'>ἐοικέναι</span> <span class='ocrx_word' id='word_1_46' title='bbox 675 951 793 1026; x_wconf 85' lang='grc' dir='ltr'>λέγοντες</span> <span class='ocrx_word' id='word_1_47' title='bbox 824 949 958 1024; x_wconf 80' lang='grc' dir='ltr'>ἐκάκιζον,</span> 
     </span>
     <span class='ocr_line' id='line_1_8' title="bbox 177 1030 953 1115; baseline -0.006 -19"><span class='ocrx_word' id='word_1_48' title='bbox 177 1038 223 1096; x_wconf 81' lang='grc' dir='ltr'>καὶ</span> <span class='ocrx_word' id='word_1_49' title='bbox 246 1039 314 1096; x_wconf 86' lang='grc' dir='ltr'>δυεῖν</span> <span class='ocrx_word' id='word_1_50' title='bbox 340 1034 445 1115; x_wconf 89' lang='grc' dir='ltr'>θάτερον</span> <span class='ocrx_word' id='word_1_51' title='bbox 464 1033 570 1112; x_wconf 77' lang='grc' dir='ltr'>ἠξίουν,</span> <span class='ocrx_word' id='word_1_52' title='bbox 582 1035 606 1092; x_wconf 87' lang='grc' dir='ltr'>εἰ</span> <span class='ocrx_word' id='word_1_53' title='bbox 620 1030 668 1110; x_wconf 82' lang='grc' dir='ltr'>μέν</span> <span class='ocrx_word' id='word_1_54' title='bbox 688 1036 882 1092; x_wconf 78' lang='grc' dir='ltr'>ἀντιποιοῦνται</span> <span class='ocrx_word' id='word_1_55' title='bbox 905 1036 953 1104; x_wconf 81' lang='grc' dir='ltr'>τῆς</span> 
     </span>
     <span class='ocr_line' id='line_1_9' title="bbox 177 1120 954 1203; baseline -0.009 -20"><span class='ocrx_word' id='word_1_56' title='bbox 177 1126 237 1203; x_wconf 82' lang='grc' dir='ltr'>περὶ</span> <span class='ocrx_word' id='word_1_57' title='bbox 250 1124 284 1182; x_wconf 80' lang='grc' dir='ltr'>τὰ</span> <span class='ocrx_word' id='word_1_58' title='bbox 296 1125 409 1200; x_wconf 88' lang='grc' dir='ltr'>πολέμια</span> <span class='ocrx_word' id='word_1_59' title='bbox 419 1124 514 1203; x_wconf 80' lang='grc' dir='ltr'>ἀρετῆς</span> <span class='ocrx_word' id='word_1_60' title='bbox 528 1120 698 1188; x_wconf 80' lang='grc' dir='ltr'>καταδάντας</span> <span class='ocrx_word' id='word_1_61' title='bbox 712 1123 748 1188; x_wconf 88' lang='grc' dir='ltr'>εἰς</span> <span class='ocrx_word' id='word_1_62' title='bbox 759 1125 789 1181; x_wconf 87' lang='grc' dir='ltr'>τὸ</span> <span class='ocrx_word' id='word_1_63' title='bbox 802 1120 891 1180; x_wconf 82' lang='grc' dir='ltr'>πεδίον</span> <span class='ocrx_word' id='word_1_64' title='bbox 904 1129 954 1200; x_wconf 66' lang='grc' dir='ltr'>μιᾳ</span> 
     </span>
     <span class='ocr_line' id='line_1_10' title="bbox 177 1200 953 1290; baseline -0.005 -20"><span class='ocrx_word' id='word_1_65' title='bbox 177 1214 220 1271; x_wconf 86' lang='grc' dir='ltr'>τὸν</span> <span class='ocrx_word' id='word_1_66' title='bbox 232 1215 321 1290; x_wconf 80' lang='grc' dir='ltr'>ἀγῶνα</span> <span class='ocrx_word' id='word_1_67' title='bbox 332 1219 419 1290; x_wconf 89' lang='grc' dir='ltr'>κρῖναι</span> <span class='ocrx_word' id='word_1_68' title='bbox 430 1209 519 1290; x_wconf 84' lang='grc' dir='ltr'>μάχη,</span> <span class='ocrx_word' id='word_1_69' title='bbox 533 1212 555 1269; x_wconf 88' lang='grc' dir='ltr'>εἰ</span> <span class='ocrx_word' id='word_1_70' title='bbox 568 1209 590 1267; x_wconf 81' lang='grc' dir='ltr'>δ’</span> <span class='ocrx_word' id='word_1_71' title='bbox 604 1212 773 1287; x_wconf 81' lang='grc' dir='ltr'>ὁμολογοῦσιν</span> <span class='ocrx_word' id='word_1_72' title='bbox 788 1200 855 1268; x_wconf 78' lang='grc' dir='ltr'>εἶναι</span> <span class='ocrx_word' id='word_1_73' title='bbox 866 1209 953 1284; x_wconf 79' lang='grc' dir='ltr'>κακοὶ,</span> 
     </span>
     <span class='ocr_line' id='line_1_11' title="bbox 125 1296 953 1382; baseline -0.005 -22"><span class='ocrx_word' id='word_1_74' title='bbox 125 1327 149 1366; x_wconf 83' lang='grc' dir='ltr'>ιο</span> <span class='ocrx_word' id='word_1_75' title='bbox 176 1301 341 1382; x_wconf 74' lang='grc' dir='ltr'>παραδόντας</span> <span class='ocrx_word' id='word_1_76' title='bbox 355 1297 390 1357; x_wconf 82' lang='grc' dir='ltr'>τδι</span> <span class='ocrx_word' id='word_1_77' title='bbox 405 1296 475 1357; x_wconf 85' lang='grc' dir='ltr'>δπλα</span> <span class='ocrx_word' id='word_1_78' title='bbox 494 1305 547 1364; x_wconf 88' lang='grc' dir='ltr'>τοῖς</span> <span class='ocrx_word' id='word_1_79' title='bbox 565 1297 696 1377; x_wconf 79' lang='grc' dir='ltr'>κρείττοσι</span> <span class='ocrx_word' id='word_1_80' title='bbox 719 1297 765 1356; x_wconf 86' lang='grc' dir='ltr'>καί</span> <span class='ocrx_word' id='word_1_81' title='bbox 781 1297 855 1365; x_wconf 85' lang='grc' dir='ltr'>δίκας</span> <span class='ocrx_word' id='word_1_82' title='bbox 872 1301 953 1358; x_wconf 84' lang='grc' dir='ltr'>ὑποσ·</span> 
     </span>
     <span class='ocr_line' id='line_1_12' title="bbox 175 1383 954 1469; baseline -0.001 -21"><span class='ocrx_word' id='word_1_83' title='bbox 175 1391 270 1469; x_wconf 81' lang='grc' dir='ltr'>χόντας</span> <span class='ocrx_word' id='word_1_84' title='bbox 289 1383 325 1447; x_wconf 78' lang='grc' dir='ltr'>ὧν</span> <span class='ocrx_word' id='word_1_85' title='bbox 364 1385 478 1467; x_wconf 71' lang='grc' dir='ltr'>ἔδρασαν</span> <span class='ocrx_word' id='word_1_86' title='bbox 494 1385 606 1464; x_wconf 83' lang='grc' dir='ltr'>μηδενὸς</span> <span class='ocrx_word' id='word_1_87' title='bbox 622 1385 661 1446; x_wconf 83' lang='grc' dir='ltr'>ἐτι</span> <span class='ocrx_word' id='word_1_88' title='bbox 681 1388 734 1446; x_wconf 77' lang='grc' dir='ltr'>τῶν</span> <span class='ocrx_word' id='word_1_89' title='bbox 749 1388 871 1466; x_wconf 78' lang='grc' dir='ltr'>μεγάλων</span> <span class='ocrx_word' id='word_1_90' title='bbox 892 1391 954 1448; x_wconf 81' lang='grc' dir='ltr'>ἐαυ-</span> 
     </span>
     <span class='ocr_line' id='line_1_13' title="bbox 175 1473 952 1555; baseline -0.001 -17"><span class='ocrx_word' id='word_1_91' title='bbox 175 1479 234 1546; x_wconf 64' lang='lat' dir='ltr'>zob&lt;</span> <span class='ocrx_word' id='word_1_92' title='bbox 247 1479 333 1546; x_wconf 88' lang='grc' dir='ltr'>ἀξιοῦν</span> <span class='ocrx_word' id='word_1_93' title='bbox 339 1479 353 1539; x_wconf 75' lang='grc'>.“</span> <span class='ocrx_word' id='word_1_94' title='bbox 367 1480 454 1537; x_wconf 84' lang='grc' dir='ltr'>Τοῦτο</span> <span class='ocrx_word' id='word_1_95' title='bbox 469 1477 571 1536; x_wconf 76' lang='grc' dir='ltr'>ἐποίουν</span> <span class='ocrx_word' id='word_1_96' title='bbox 585 1473 733 1555; x_wconf 80' lang='grc' dir='ltr'>ὁσημέραι·</span> <span class='ocrx_word' id='word_1_97' title='bbox 749 1476 796 1535; x_wconf 86' lang='grc' dir='ltr'>καλ</span> <span class='ocrx_word' id='word_1_98' title='bbox 810 1476 868 1536; x_wconf 80' lang='grc' dir='ltr'>ἐπεί</span> <span class='ocrx_word' id='word_1_99' title='bbox 880 1476 952 1537; x_wconf 73' lang='lat' dir='ltr'>otili</span> 
     </span>
     <span class='ocr_line' id='line_1_14' title="bbox 176 1565 953 1649; baseline -0.003 -22"><span class='ocrx_word' id='word_1_100' title='bbox 176 1572 330 1649; x_wconf 78' lang='grc' dir='ltr'>ἐπέραινον,</span> <span class='ocrx_word' id='word_1_101' title='bbox 358 1566 531 1645; x_wconf 78' lang='grc' dir='ltr'>ἀποτειχίζειν</span> <span class='ocrx_word' id='word_1_102' title='bbox 555 1565 648 1633; x_wconf 81' lang='grc' dir='ltr'>αὐτοὺς</span> <span class='ocrx_word' id='word_1_103' title='bbox 669 1565 804 1646; x_wconf 76' lang='grc' dir='ltr'>ἔγνωσαν,</span> <span class='ocrx_word' id='word_1_104' title='bbox 828 1571 862 1633; x_wconf 83' lang='grc' dir='ltr'>ὡς</span> <span class='ocrx_word' id='word_1_105' title='bbox 882 1569 953 1648; x_wconf 79' lang='grc' dir='ltr'>λιμῷ</span> 
     </span>
     <span class='ocr_line' id='line_1_15' title="bbox 175 1653 953 1737; baseline -0.003 -20"><span class='ocrx_word' id='word_1_106' title='bbox 175 1655 437 1737; x_wconf 78' lang='grc' dir='ltr'>προσαναγκάσοντες</span> <span class='ocrx_word' id='word_1_107' title='bbox 460 1658 639 1737; x_wconf 77' lang='grc' dir='ltr'>παραστῆναι.</span> <span class='ocrx_word' id='word_1_108' title='bbox 684 1657 720 1715; x_wconf 82' lang='grc' dir='ltr'>Οἱ</span> <span class='ocrx_word' id='word_1_109' title='bbox 741 1653 768 1714; x_wconf 88' lang='grc' dir='ltr'>δέ</span> <span class='ocrx_word' id='word_1_110' title='bbox 785 1654 881 1714; x_wconf 76' lang='grc' dir='ltr'>ὕπατοι</span> <span class='ocrx_word' id='word_1_111' title='bbox 906 1679 953 1715; x_wconf 86' lang='grc' dir='ltr'>πε-</span> 
     </span>
     <span class='ocr_line' id='line_1_16' title="bbox 125 1742 952 1827; baseline -0.007 -19"><span class='ocrx_word' id='word_1_112' title='bbox 125 1771 147 1808; x_wconf 84' lang='lat' dir='ltr'>rs</span> <span class='ocrx_word' id='word_1_113' title='bbox 177 1745 292 1827; x_wconf 70' lang='lat' dir='ltr'>precipuis</span> <span class='ocrx_word' id='word_1_114' title='bbox 319 1745 352 1803; x_wconf 84' lang='grc' dir='ltr'>τδι</span> <span class='ocrx_word' id='word_1_115' title='bbox 378 1744 502 1823; x_wconf 87' lang='grc' dir='ltr'>γινόμενα</span> <span class='ocrx_word' id='word_1_116' title='bbox 526 1742 606 1823; x_wconf 88' lang='grc' dir='ltr'>μέχρι</span> <span class='ocrx_word' id='word_1_117' title='bbox 624 1745 736 1817; x_wconf 87' lang='grc' dir='ltr'>πολλοῦ,</span> <span class='ocrx_word' id='word_1_118' title='bbox 759 1743 792 1803; x_wconf 88' lang='grc' dir='ltr'>δι’</span> <span class='ocrx_word' id='word_1_119' title='bbox 810 1744 952 1826; x_wconf 84' lang='grc' dir='ltr'>ἀνανδρίαν</span> 
     </span>
     <span class='ocr_line' id='line_1_17' title="bbox 176 1831 952 1914; baseline 0.001 -21"><span class='ocrx_word' id='word_1_120' title='bbox 176 1835 224 1913; x_wconf 76' lang='grc' dir='ltr'>μέν</span> <span class='ocrx_word' id='word_1_121' title='bbox 239 1835 256 1906; x_wconf 77' lang='grc' dir='ltr'>ἢ</span> <span class='ocrx_word' id='word_1_122' title='bbox 270 1834 405 1911; x_wconf 83' lang='grc' dir='ltr'>μαλακίαν</span> <span class='ocrx_word' id='word_1_123' title='bbox 422 1831 561 1909; x_wconf 82' lang='grc' dir='ltr'>οὐδεμίαν·</span> <span class='ocrx_word' id='word_1_124' title='bbox 575 1833 719 1913; x_wconf 76' lang='grc' dir='ltr'>ἀμφότεροι</span> <span class='ocrx_word' id='word_1_125' title='bbox 733 1832 785 1911; x_wconf 81' lang='grc' dir='ltr'>γάρ</span> <span class='ocrx_word' id='word_1_126' title='bbox 801 1831 910 1914; x_wconf 74' lang='grc' dir='ltr'>εὔψυχοί</span> <span class='ocrx_word' id='word_1_127' title='bbox 923 1857 952 1894; x_wconf 91' lang='grc' dir='ltr'>τε</span> 
     </span>
     <span class='ocr_line' id='line_1_18' title="bbox 177 1912 952 2005; baseline -0.001 -22"><span class='ocrx_word' id='word_1_128' title='bbox 177 1924 221 1983; x_wconf 82' lang='grc' dir='ltr'>καὶ</span> <span class='ocrx_word' id='word_1_129' title='bbox 234 1923 406 2005; x_wconf 91' lang='grc' dir='ltr'>φιλοπόλεμοι</span> <span class='ocrx_word' id='word_1_130' title='bbox 424 1912 511 1994; x_wconf 69' lang='grc' dir='ltr'>ἦσαν·</span> <span class='ocrx_word' id='word_1_131' title='bbox 526 1919 555 1980; x_wconf 86' lang='grc' dir='ltr'>τὸ</span> <span class='ocrx_word' id='word_1_132' title='bbox 570 1919 596 1983; x_wconf 80' lang='grc' dir='ltr'>δέ</span> <span class='ocrx_word' id='word_1_133' title='bbox 611 1925 663 1981; x_wconf 84' lang='grc' dir='ltr'>τῶν</span> <span class='ocrx_word' id='word_1_134' title='bbox 679 1926 846 1999; x_wconf 70' lang='grc' dir='ltr'>προσαιτῶν</span> <span class='ocrx_word' id='word_1_135' title='bbox 866 1923 952 1982; x_wconf 85' lang='grc' dir='ltr'>ἐθελό·</span> 
     </span>
     <span class='ocr_line' id='line_1_19' title="bbox 176 2007 953 2091; baseline 0 -22"><span class='ocrx_word' id='word_1_136' title='bbox 176 2013 258 2071; x_wconf 91' lang='grc' dir='ltr'>κακόν</span> <span class='ocrx_word' id='word_1_137' title='bbox 275 2033 303 2069; x_wconf 88' lang='grc' dir='ltr'>τε</span> <span class='ocrx_word' id='word_1_138' title='bbox 317 2013 363 2069; x_wconf 85' lang='grc' dir='ltr'>καὶ</span> <span class='ocrx_word' id='word_1_139' title='bbox 375 2011 542 2091; x_wconf 83' lang='grc' dir='ltr'>ἀπρόθυμον,</span> <span class='ocrx_word' id='word_1_140' title='bbox 560 2007 682 2086; x_wconf 80' lang='grc' dir='ltr'>διαμένον</span> <span class='ocrx_word' id='word_1_141' title='bbox 697 2013 724 2070; x_wconf 89' lang='grc' dir='ltr'>ἐν</span> <span class='ocrx_word' id='word_1_142' title='bbox 737 2017 791 2075; x_wconf 85' lang='grc' dir='ltr'>τοῖς</span> <span class='ocrx_word' id='word_1_143' title='bbox 801 2010 953 2088; x_wconf 83' lang='grc' dir='ltr'>δημοτικοῖς</span> 
     </span>
     <span class='ocr_line' id='line_1_20' title="bbox 178 2091 951 2181; baseline 0.003 -23"><span class='ocrx_word' id='word_1_144' title='bbox 178 2100 204 2168; x_wconf 85' lang='grc' dir='ltr'>ἐξ</span> <span class='ocrx_word' id='word_1_145' title='bbox 218 2091 247 2158; x_wconf 76' lang='grc' dir='ltr'>οὗ</span> <span class='ocrx_word' id='word_1_146' title='bbox 256 2101 317 2180; x_wconf 80' lang='grc' dir='ltr'>περί</span> <span class='ocrx_word' id='word_1_147' title='bbox 331 2105 378 2171; x_wconf 80' lang='grc' dir='ltr'>τῆς</span> <span class='ocrx_word' id='word_1_148' title='bbox 389 2099 550 2180; x_wconf 80' lang='grc' dir='ltr'>κληρουχίας</span> <span class='ocrx_word' id='word_1_149' title='bbox 566 2099 764 2177; x_wconf 80' lang='grc' dir='ltr'>διεστασίασαν,</span> <span class='ocrx_word' id='word_1_150' title='bbox 778 2099 951 2181; x_wconf 79' lang='grc' dir='ltr'>ὑφορώμενοι·</span> 
     </span>
     <span class='ocr_line' id='line_1_21' title="bbox 122 2181 952 2270; baseline 0.002 -24"><span class='ocrx_word' id='word_1_151' title='bbox 122 2209 148 2247; x_wconf 87' lang='grc' dir='ltr'>ευ</span> <span class='ocrx_word' id='word_1_152' title='bbox 174 2189 214 2248; x_wconf 85' lang='grc' dir='ltr'>ἔτι</span> <span class='ocrx_word' id='word_1_153' title='bbox 229 2191 280 2270; x_wconf 76' lang='grc' dir='ltr'>γάρ</span> <span class='ocrx_word' id='word_1_154' title='bbox 299 2192 385 2257; x_wconf 79' lang='grc' dir='ltr'>αὐτοῖς</span> <span class='ocrx_word' id='word_1_155' title='bbox 410 2188 509 2249; x_wconf 79' lang='grc' dir='ltr'>ἔναυλα</span> <span class='ocrx_word' id='word_1_156' title='bbox 530 2187 576 2247; x_wconf 81' lang='grc' dir='ltr'>καλ</span> <span class='ocrx_word' id='word_1_157' title='bbox 591 2188 643 2267; x_wconf 85' lang='grc' dir='ltr'>πρὸ</span> <span class='ocrx_word' id='word_1_158' title='bbox 668 2186 795 2266; x_wconf 84' lang='grc' dir='ltr'>ἀμμάτων</span> <span class='ocrx_word' id='word_1_159' title='bbox 810 2181 859 2262; x_wconf 83' lang='grc' dir='ltr'>ήν,</span> <span class='ocrx_word' id='word_1_160' title='bbox 883 2189 952 2270; x_wconf 79' lang='grc' dir='ltr'>θεῷ</span> 
     </span>
     <span class='ocr_line' id='line_1_22' title="bbox 174 2275 952 2358; baseline -0.001 -22"><span class='ocrx_word' id='word_1_161' title='bbox 174 2278 331 2358; x_wconf 89' lang='grc' dir='ltr'>παρελθόντι</span> <span class='ocrx_word' id='word_1_162' title='bbox 353 2281 464 2358; x_wconf 76' lang='grc' dir='ltr'>ἐνιαυτῷ</span> <span class='ocrx_word' id='word_1_163' title='bbox 480 2275 550 2336; x_wconf 87' lang='grc' dir='ltr'>κατδι</span> <span class='ocrx_word' id='word_1_164' title='bbox 574 2275 604 2335; x_wconf 84' lang='grc' dir='ltr'>τὸ</span> <span class='ocrx_word' id='word_1_165' title='bbox 627 2276 733 2352; x_wconf 84' lang='grc' dir='ltr'>ἔγκοτον</span> <span class='ocrx_word' id='word_1_166' title='bbox 758 2280 805 2348; x_wconf 79' lang='grc' dir='ltr'>τῆς</span> <span class='ocrx_word' id='word_1_167' title='bbox 827 2277 889 2356; x_wconf 82' lang='grc' dir='ltr'>περὶ</span> <span class='ocrx_word' id='word_1_168' title='bbox 908 2277 952 2336; x_wconf 83' lang='grc' dir='ltr'>τὸν</span> 
     </span>
     <span class='ocr_line' id='line_1_23' title="bbox 174 2363 951 2444; baseline -0.001 -19"><span class='ocrx_word' id='word_1_169' title='bbox 174 2365 274 2425; x_wconf 77' lang='grc' dir='ltr'>ὕπατον</span> <span class='ocrx_word' id='word_1_170' title='bbox 287 2370 366 2443; x_wconf 74' lang='grc' dir='ltr'>τιμῆς</span> <span class='ocrx_word' id='word_1_171' title='bbox 386 2363 485 2444; x_wconf 77' lang='grc' dir='ltr'>αἰσχρά</span> <span class='ocrx_word' id='word_1_172' title='bbox 499 2363 545 2422; x_wconf 83' lang='grc' dir='ltr'>καὶ</span> <span class='ocrx_word' id='word_1_173' title='bbox 561 2363 654 2432; x_wconf 89' lang='grc' dir='ltr'>ἀνάξια</span> <span class='ocrx_word' id='word_1_174' title='bbox 671 2367 717 2434; x_wconf 83' lang='grc' dir='ltr'>τῆς</span> <span class='ocrx_word' id='word_1_175' title='bbox 737 2363 839 2432; x_wconf 89' lang='grc' dir='ltr'>πόλεως</span> <span class='ocrx_word' id='word_1_176' title='bbox 860 2365 951 2444; x_wconf 87' lang='grc' dir='ltr'>εἰργά-</span> 
     </span>
     <span class='ocr_line' id='line_1_24' title="bbox 175 2452 951 2534; baseline -0.001 -20"><span class='ocrx_word' id='word_1_177' title='bbox 175 2479 272 2528; x_wconf 91' lang='grc' dir='ltr'>σαντο,</span> <span class='ocrx_word' id='word_1_178' title='bbox 295 2453 541 2534; x_wconf 82' lang='grc' dir='ltr'>παραχωρήσαντες</span> <span class='ocrx_word' id='word_1_179' title='bbox 557 2457 603 2523; x_wconf 83' lang='grc' dir='ltr'>τῆς</span> <span class='ocrx_word' id='word_1_180' title='bbox 628 2452 701 2524; x_wconf 88' lang='grc' dir='ltr'>νίκης</span> <span class='ocrx_word' id='word_1_181' title='bbox 720 2460 773 2518; x_wconf 86' lang='grc' dir='ltr'>τοῖς</span> <span class='ocrx_word' id='word_1_182' title='bbox 794 2458 951 2528; x_wconf 82' lang='grc' dir='ltr'>ἡττηθεῖσι,</span> 
     </span>
     <span class='ocr_line' id='line_1_25' title="bbox 175 2540 952 2623; baseline -0.003 -21"><span class='ocrx_word' id='word_1_183' title='bbox 175 2547 221 2603; x_wconf 83' lang='grc' dir='ltr'>καί</span> <span class='ocrx_word' id='word_1_184' title='bbox 236 2549 318 2623; x_wconf 70' lang='grc' dir='ltr'>φυγῆς</span> <span class='ocrx_word' id='word_1_185' title='bbox 333 2543 429 2610; x_wconf 80' lang='grc' dir='ltr'>ὄνειδος</span> <span class='ocrx_word' id='word_1_186' title='bbox 448 2542 496 2599; x_wconf 87' lang='grc' dir='ltr'>οἰνκ</span> <span class='ocrx_word' id='word_1_187' title='bbox 519 2540 613 2612; x_wconf 78' lang='grc' dir='ltr'>ἀληθές</span> <span class='ocrx_word' id='word_1_188' title='bbox 633 2541 838 2616; x_wconf 82' lang='grc' dir='ltr'>ὑπομείναντες,</span> <span class='ocrx_word' id='word_1_189' title='bbox 853 2541 896 2600; x_wconf 79' lang='grc' dir='ltr'>ἵνα</span> <span class='ocrx_word' id='word_1_190' title='bbox 914 2543 952 2622; x_wconf 82' lang='grc' dir='ltr'>μή</span> 
     </span>
     <span class='ocr_line' id='line_1_26' title="bbox 122 2627 785 2711; baseline 0.002 -21"><span class='ocrx_word' id='word_1_191' title='bbox 122 2662 148 2699; x_wconf 69' lang='lat'>25</span> <span class='ocrx_word' id='word_1_192' title='bbox 176 2633 314 2711; x_wconf 76' lang='grc' dir='ltr'>καταγάγῃ</span> <span class='ocrx_word' id='word_1_193' title='bbox 331 2632 375 2690; x_wconf 87' lang='grc' dir='ltr'>τδν</span> <span class='ocrx_word' id='word_1_194' title='bbox 390 2629 516 2690; x_wconf 88' lang='grc' dir='ltr'>ἐπινίκιον</span> <span class='ocrx_word' id='word_1_195' title='bbox 532 2627 660 2709; x_wconf 80' lang='grc' dir='ltr'>θρίαμῦον</span> <span class='ocrx_word' id='word_1_196' title='bbox 678 2633 692 2687; x_wconf 85' lang='grc' dir='ltr'>δ</span> <span class='ocrx_word' id='word_1_197' title='bbox 706 2628 785 2709; x_wconf 86' lang='grc' dir='ltr'>ἀνήρ.</span> 
     </span>
    </p>

    <p class='ocr_par' dir='ltr' id='par_1_3' title="bbox 175 2716 953 3066">
     <span class='ocr_line' id='line_1_27' title="bbox 216 2716 953 2800; baseline -0.004 -19"><span class='ocrx_word' id='word_1_198' title='bbox 216 2723 294 2782; x_wconf 84' lang='lat' dir='ltr'>Vlll.</span> <span class='ocrx_word' id='word_1_199' title='bbox 319 2719 479 2797; x_wconf 86' lang='grc' dir='ltr'>Βουλόμενοι</span> <span class='ocrx_word' id='word_1_200' title='bbox 499 2717 532 2790; x_wconf 80' lang='grc' dir='ltr'>δή</span> <span class='ocrx_word' id='word_1_201' title='bbox 554 2716 584 2776; x_wconf 87' lang='grc' dir='ltr'>τδ</span> <span class='ocrx_word' id='word_1_202' title='bbox 603 2717 744 2787; x_wconf 81' lang='grc' dir='ltr'>στασιάζον</span> <span class='ocrx_word' id='word_1_203' title='bbox 761 2720 791 2777; x_wconf 89' lang='grc' dir='ltr'>ἐκ</span> <span class='ocrx_word' id='word_1_204' title='bbox 804 2721 851 2790; x_wconf 77' lang='grc' dir='ltr'>τῆς</span> <span class='ocrx_word' id='word_1_205' title='bbox 871 2741 953 2800; x_wconf 87' lang='grc' dir='ltr'>στρα-</span> 
     </span>
     <span class='ocr_line' id='line_1_28' title="bbox 175 2805 952 2881; baseline -0.001 -13"><span class='ocrx_word' id='word_1_206' title='bbox 175 2818 232 2876; x_wconf 85' lang='grc' dir='ltr'>τιᾶς</span> <span class='ocrx_word' id='word_1_207' title='bbox 245 2809 340 2877; x_wconf 82' lang='grc' dir='ltr'>ἐξελεῖν</span> <span class='ocrx_word' id='word_1_208' title='bbox 360 2811 395 2872; x_wconf 89' lang='grc' dir='ltr'>εἰς</span> <span class='ocrx_word' id='word_1_209' title='bbox 407 2805 499 2879; x_wconf 87' lang='grc' dir='ltr'>τέλος,</span> <span class='ocrx_word' id='word_1_210' title='bbox 518 2805 564 2867; x_wconf 83' lang='grc' dir='ltr'>καί</span> <span class='ocrx_word' id='word_1_211' title='bbox 579 2810 747 2879; x_wconf 81' lang='grc' dir='ltr'>καταστῆσαι</span> <span class='ocrx_word' id='word_1_212' title='bbox 761 2808 842 2867; x_wconf 89' lang='grc' dir='ltr'>πάλιν</span> <span class='ocrx_word' id='word_1_213' title='bbox 854 2809 890 2876; x_wconf 86' lang='grc' dir='ltr'>εἰς</span> <span class='ocrx_word' id='word_1_214' title='bbox 904 2807 952 2881; x_wconf 76' lang='grc' dir='ltr'>τήν</span> 
     </span>
     <span class='ocr_line' id='line_1_29' title="bbox 175 2893 952 2978; baseline -0.001 -20"><span class='ocrx_word' id='word_1_215' title='bbox 175 2899 200 2966; x_wconf 83' lang='grc' dir='ltr'>ἐξ</span> <span class='ocrx_word' id='word_1_216' title='bbox 214 2901 298 2978; x_wconf 77' lang='grc' dir='ltr'>ἀρχῆς</span> <span class='ocrx_word' id='word_1_217' title='bbox 312 2898 434 2975; x_wconf 81' lang='grc' dir='ltr'>ὁμόνοιαν</span> <span class='ocrx_word' id='word_1_218' title='bbox 449 2893 520 2954; x_wconf 80' lang='grc' dir='ltr'>ἅπαν</span> <span class='ocrx_word' id='word_1_219' title='bbox 536 2896 566 2955; x_wconf 85' lang='grc' dir='ltr'>τό</span> <span class='ocrx_word' id='word_1_220' title='bbox 582 2897 695 2969; x_wconf 78' lang='grc' dir='ltr'>πλῆθος,</span> <span class='ocrx_word' id='word_1_221' title='bbox 711 2895 757 2955; x_wconf 82' lang='grc' dir='ltr'>καί</span> <span class='ocrx_word' id='word_1_222' title='bbox 776 2897 812 2965; x_wconf 85' lang='grc' dir='ltr'>εἰς</span> <span class='ocrx_word' id='word_1_223' title='bbox 834 2895 860 2955; x_wconf 79' lang='grc' dir='ltr'>ἐν</span> <span class='ocrx_word' id='word_1_224' title='bbox 876 2904 952 2960; x_wconf 89' lang='grc' dir='ltr'>τοῦτο</span> 
     </span>
     <span class='ocr_line' id='line_1_30' title="bbox 175 2983 950 3066; baseline 0.001 -21"><span class='ocrx_word' id='word_1_225' title='bbox 175 2997 263 3046; x_wconf 78' lang='grc' dir='ltr'>πᾶσαν</span> <span class='ocrx_word' id='word_1_226' title='bbox 287 2986 466 3066; x_wconf 78' lang='grc' dir='ltr'>εἰσφερόμενοι</span> <span class='ocrx_word' id='word_1_227' title='bbox 479 2983 575 3062; x_wconf 80' lang='grc' dir='ltr'>βουλήν</span> <span class='ocrx_word' id='word_1_228' title='bbox 589 3006 619 3042; x_wconf 91' lang='grc' dir='ltr'>τε</span> <span class='ocrx_word' id='word_1_229' title='bbox 639 2984 685 3044; x_wconf 85' lang='grc' dir='ltr'>καὶ</span> <span class='ocrx_word' id='word_1_230' title='bbox 700 2983 845 3064; x_wconf 89' lang='grc' dir='ltr'>πρόνοιαν,</span> <span class='ocrx_word' id='word_1_231' title='bbox 859 2986 950 3060; x_wconf 85' lang='grc' dir='ltr'>ἐπειδή</span> 
     </span>
    </p>

    <p class='ocr_par' dir='ltr' id='par_1_4' title="bbox 121 3072 951 3506">
     <span class='ocr_line' id='line_1_31' title="bbox 121 3072 951 3155; baseline 0.001 -20"><span class='ocrx_word' id='word_1_232' title='bbox 121 3105 148 3143; x_wconf 76' lang='lat'>³0</span> <span class='ocrx_word' id='word_1_233' title='bbox 175 3078 233 3137; x_wconf 80' lang='grc' dir='ltr'>οὔτε</span> <span class='ocrx_word' id='word_1_234' title='bbox 246 3077 355 3136; x_wconf 89' lang='grc' dir='ltr'>κολάσει</span> <span class='ocrx_word' id='word_1_235' title='bbox 365 3075 459 3154; x_wconf 92' lang='grc' dir='ltr'>μέρους</span> <span class='ocrx_word' id='word_1_236' title='bbox 469 3073 537 3141; x_wconf 82' lang='grc' dir='ltr'>τινός</span> <span class='ocrx_word' id='word_1_237' title='bbox 546 3072 756 3155; x_wconf 85' lang='grc' dir='ltr'>σωφρονέστερον</span> <span class='ocrx_word' id='word_1_238' title='bbox 768 3074 911 3133; x_wconf 86' lang='grc' dir='ltr'>ἀποδοῦναι</span> <span class='ocrx_word' id='word_1_239' title='bbox 921 3076 951 3136; x_wconf 86' lang='grc' dir='ltr'>τὸ</span> 
     </span>
     <span class='ocr_line' id='line_1_32' title="bbox 175 3156 951 3243; baseline 0.004 -20"><span class='ocrx_word' id='word_1_240' title='bbox 175 3166 264 3224; x_wconf 86' lang='grc' dir='ltr'>λοιπὸν</span> <span class='ocrx_word' id='word_1_241' title='bbox 276 3156 326 3237; x_wconf 79' lang='grc' dir='ltr'>ήν,</span> <span class='ocrx_word' id='word_1_242' title='bbox 345 3161 412 3222; x_wconf 83' lang='grc' dir='ltr'>πολὺ</span> <span class='ocrx_word' id='word_1_243' title='bbox 425 3159 471 3221; x_wconf 83' lang='grc' dir='ltr'>καί</span> <span class='ocrx_word' id='word_1_244' title='bbox 481 3159 592 3229; x_wconf 83' lang='grc' dir='ltr'>αὔθαδες</span> <span class='ocrx_word' id='word_1_245' title='bbox 604 3161 725 3243; x_wconf 80' lang='grc' dir='ltr'>ὑπάρχον</span> <span class='ocrx_word' id='word_1_246' title='bbox 735 3165 780 3222; x_wconf 83' lang='grc' dir='ltr'>καί</span> <span class='ocrx_word' id='word_1_247' title='bbox 789 3164 823 3222; x_wconf 75' lang='grc' dir='ltr'>τά</span> <span class='ocrx_word' id='word_1_248' title='bbox 839 3163 909 3226; x_wconf 81' lang='grc' dir='ltr'>δπλα</span> <span class='ocrx_word' id='word_1_249' title='bbox 923 3170 951 3228; x_wconf 89' lang='grc' dir='ltr'>ἐν</span> 
     </span>
     <span class='ocr_line' id='line_1_33' title="bbox 175 3249 950 3336; baseline 0.006 -25"><span class='ocrx_word' id='word_1_250' title='bbox 175 3263 231 3321; x_wconf 86' lang='grc' dir='ltr'>ταῖς</span> <span class='ocrx_word' id='word_1_251' title='bbox 248 3253 339 3336; x_wconf 84' lang='grc' dir='ltr'>χερσὶν</span> <span class='ocrx_word' id='word_1_252' title='bbox 362 3251 436 3332; x_wconf 84' lang='grc' dir='ltr'>ἐχον,</span> <span class='ocrx_word' id='word_1_253' title='bbox 454 3249 513 3311; x_wconf 81' lang='grc' dir='ltr'>οὔτε</span> <span class='ocrx_word' id='word_1_254' title='bbox 531 3251 618 3312; x_wconf 84' lang='grc' dir='ltr'>πειθοῖ</span> <span class='ocrx_word' id='word_1_255' title='bbox 629 3252 851 3333; x_wconf 84' lang='grc' dir='ltr'>,προσαγαγέσθαι</span> <span class='ocrx_word' id='word_1_256' title='bbox 864 3255 950 3334; x_wconf 85' lang='grc' dir='ltr'>λόγων</span> 
     </span>
     <span class='ocr_line' id='line_1_34' title="bbox 171 3338 951 3419; baseline -0.009 -15"><span class='ocrx_word' id='word_1_257' title='bbox 171 3346 228 3412; x_wconf 76' lang='grc' dir='ltr'>τοὺς</span> <span class='ocrx_word' id='word_1_258' title='bbox 245 3348 303 3405; x_wconf 81' lang='grc' dir='ltr'>οῦδὲ</span> <span class='ocrx_word' id='word_1_259' title='bbox 319 3348 456 3413; x_wconf 77' lang='grc' dir='ltr'>πεισθῆναι</span> <span class='ocrx_word' id='word_1_260' title='bbox 472 3338 655 3419; x_wconf 87' lang='grc' dir='ltr'>βουλομένους,</span> <span class='ocrx_word' id='word_1_261' title='bbox 670 3339 715 3397; x_wconf 88' lang='grc' dir='ltr'>δύο</span> <span class='ocrx_word' id='word_1_262' title='bbox 735 3338 833 3406; x_wconf 87' lang='grc' dir='ltr'>ταύτας</span> <span class='ocrx_word' id='word_1_263' title='bbox 848 3338 951 3398; x_wconf 80' lang='grc' dir='ltr'>ὑπέλα-</span> 
     </span>
     <span class='ocr_line' id='line_1_35' title="bbox 172 3428 950 3506; baseline -0.012 -12"><span class='ocrx_word' id='word_1_264' title='bbox 172 3436 217 3494; x_wconf 75' lang='grc' dir='ltr'>δον</span> <span class='ocrx_word' id='word_1_265' title='bbox 231 3436 337 3494; x_wconf 84' lang='grc' dir='ltr'>ἔσεσθαι</span> <span class='ocrx_word' id='word_1_266' title='bbox 353 3436 403 3491; x_wconf 83' lang='grc' dir='ltr'>τῶν</span> <span class='ocrx_word' id='word_1_267' title='bbox 416 3429 612 3499; x_wconf 82' lang='grc' dir='ltr'>στασιαζόντων</span> <span class='ocrx_word' id='word_1_268' title='bbox 630 3428 715 3496; x_wconf 87' lang='grc' dir='ltr'>αἰτίας</span> <span class='ocrx_word' id='word_1_269' title='bbox 732 3433 779 3500; x_wconf 80' lang='grc' dir='ltr'>τῆς</span> <span class='ocrx_word' id='word_1_270' title='bbox 796 3431 950 3506; x_wconf 73' lang='grc' dir='ltr'>διαλλαγῆς,</span> 
     </span>
    </p>

    <p class='ocr_par' dir='ltr' id='par_1_5' title="bbox 119 3516 952 3780">
     <span class='ocr_line' id='line_1_36' title="bbox 119 3516 952 3600; baseline -0.011 -17"><span class='ocrx_word' id='word_1_271' title='bbox 119 3546 147 3583; x_wconf 82' lang='lat' dir='ltr'>as</span> <span class='ocrx_word' id='word_1_272' title='bbox 172 3526 224 3590; x_wconf 85' lang='grc' dir='ltr'>τοῖς</span> <span class='ocrx_word' id='word_1_273' title='bbox 234 3523 280 3600; x_wconf 77' lang='grc' dir='ltr'>μέν</span> <span class='ocrx_word' id='word_1_274' title='bbox 291 3518 483 3599; x_wconf 78' lang='grc' dir='ltr'>ἐπιεικεστέρας</span> <span class='ocrx_word' id='word_1_275' title='bbox 493 3516 663 3598; x_wconf 87' lang='grc' dir='ltr'>μετειληφόσι</span> <span class='ocrx_word' id='word_1_276' title='bbox 675 3517 857 3596; x_wconf 78' lang='grc' dir='ltr'>φύσεως·ἐνῆν</span> <span class='ocrx_word' id='word_1_277' title='bbox 869 3518 952 3596; x_wconf 89' lang='grc' dir='ltr'>γάρτι</span> 
     </span>
     <span class='ocr_line' id='line_1_37' title="bbox 173 3605 952 3688; baseline -0.008 -17"><span class='ocrx_word' id='word_1_278' title='bbox 173 3612 219 3671; x_wconf 87' lang='grc' dir='ltr'>καλ</span> <span class='ocrx_word' id='word_1_279' title='bbox 226 3616 341 3671; x_wconf 83' lang='grc' dir='ltr'>τοιοῦτον</span> <span class='ocrx_word' id='word_1_280' title='bbox 352 3612 378 3667; x_wconf 83' lang='grc' dir='ltr'>ἐν</span> <span class='ocrx_word' id='word_1_281' title='bbox 391 3611 429 3688; x_wconf 84' lang='grc' dir='ltr'>τῷ</span> <span class='ocrx_word' id='word_1_282' title='bbox 439 3608 543 3685; x_wconf 81' lang='grc' dir='ltr'>πολλῷ·</span> <span class='ocrx_word' id='word_1_283' title='bbox 562 3605 610 3676; x_wconf 74' lang='grc' dir='ltr'>τήν</span> <span class='ocrx_word' id='word_1_284' title='bbox 623 3605 665 3665; x_wconf 81' lang='grc' dir='ltr'>ἐπί</span> <span class='ocrx_word' id='word_1_285' title='bbox 673 3607 726 3674; x_wconf 81' lang='grc' dir='ltr'>τοῖς</span> <span class='ocrx_word' id='word_1_286' title='bbox 732 3609 892 3685; x_wconf 23' lang='grc' dir='ltr'>,ὀνειδισμοῖς</span> <span class='ocrx_word' id='word_1_287' title='bbox 900 3610 952 3665; x_wconf 83' lang='grc' dir='ltr'>τῶν</span> 
     </span>
     <span class='ocr_line' id='line_1_38' title="bbox 173 3694 952 3780; baseline -0.01 -19"><span class='ocrx_word' id='word_1_288' title='bbox 173 3704 307 3780; x_wconf 85' lang='grc' dir='ltr'>πολεμίων</span> <span class='ocrx_word' id='word_1_289' title='bbox 321 3701 448 3779; x_wconf 79' lang='grc' dir='ltr'>αἰσχύνην</span> <span class='ocrx_word' id='word_1_290' title='bbox 460 3724 467 3738; x_wconf 91' lang='grc'><em>·</em></span> <span class='ocrx_word' id='word_1_291' title='bbox 478 3708 531 3766; x_wconf 84' lang='grc' dir='ltr'>τοῖς</span> <span class='ocrx_word' id='word_1_292' title='bbox 544 3698 572 3758; x_wconf 89' lang='grc' dir='ltr'>δέ</span> <span class='ocrx_word' id='word_1_293' title='bbox 588 3698 750 3777; x_wconf 86' lang='grc' dir='ltr'>δυσαγώγοις</span> <span class='ocrx_word' id='word_1_294' title='bbox 762 3699 806 3756; x_wconf 81' lang='grc' dir='ltr'>ἐπὶ</span> <span class='ocrx_word' id='word_1_295' title='bbox 815 3698 848 3756; x_wconf 87' lang='grc' dir='ltr'>τὸ</span> <span class='ocrx_word' id='word_1_296' title='bbox 859 3694 952 3766; x_wconf 79' lang='grc' dir='ltr'>καλὸν,</span> 
     </span>
    </p>

    <p class='ocr_par' dir='ltr' id='par_1_6' title="bbox 120 3783 951 4401">
     <span class='ocr_line' id='line_1_39' title="bbox 173 3783 951 3867; baseline -0.01 -17"><span class='ocrx_word' id='word_1_297' title='bbox 173 3793 206 3863; x_wconf 81' lang='grc' dir='ltr'>ἣν</span> <span class='ocrx_word' id='word_1_298' title='bbox 215 3791 308 3851; x_wconf 75' lang='grc' dir='ltr'>ἅπασα</span> <span class='ocrx_word' id='word_1_299' title='bbox 317 3791 431 3848; x_wconf 80' lang='grc' dir='ltr'>δέδοικεν</span> <span class='ocrx_word' id='word_1_300' title='bbox 444 3788 580 3867; x_wconf 84' lang='grc' dir='ltr'>ἀνθρώπου</span> <span class='ocrx_word' id='word_1_301' title='bbox 590 3786 665 3864; x_wconf 84' lang='grc' dir='ltr'>φύσις</span> <span class='ocrx_word' id='word_1_302' title='bbox 679 3788 808 3864; x_wconf 81' lang='grc' dir='ltr'>ἀνάγκην.</span> <span class='ocrx_word' id='word_1_303' title='bbox 850 3784 910 3848; x_wconf 90' lang='grc' dir='ltr'>Ἵνα</span> <span class='ocrx_word' id='word_1_304' title='bbox 919 3783 951 3854; x_wconf 80' lang='grc' dir='ltr'>δή</span> 
     </span>
     <span class='ocr_line' id='line_1_40' title="bbox 174 3872 951 3953; baseline -0.003 -21"><span class='ocrx_word' id='word_1_305' title='bbox 174 3880 260 3933; x_wconf 87' lang='grc' dir='ltr'>ταῦτα</span> <span class='ocrx_word' id='word_1_306' title='bbox 284 3875 385 3952; x_wconf 88' lang='grc' dir='ltr'>γένοιτο</span> <span class='ocrx_word' id='word_1_307' title='bbox 417 3874 570 3953; x_wconf 83' lang='grc' dir='ltr'>ἀμφότερα,</span> <span class='ocrx_word' id='word_1_308' title='bbox 602 3873 702 3949; x_wconf 79' lang='grc' dir='ltr'>ἐφῆκαν</span> <span class='ocrx_word' id='word_1_309' title='bbox 727 3873 781 3940; x_wconf 82' lang='grc' dir='ltr'>τοῖς</span> <span class='ocrx_word' id='word_1_310' title='bbox 815 3872 951 3951; x_wconf 86' lang='grc' dir='ltr'>πολεμίοις</span> 
     </span>
     <span class='ocr_line' id='line_1_41' title="bbox 120 3960 950 4044; baseline 0.002 -24"><span class='ocrx_word' id='word_1_311' title='bbox 120 3987 148 4025; x_wconf 82' lang='lat' dir='ltr'>sn</span> <span class='ocrx_word' id='word_1_312' title='bbox 175 3962 246 4039; x_wconf 84' lang='grc' dir='ltr'>λόγῳ</span> <span class='ocrx_word' id='word_1_313' title='bbox 272 3984 300 4018; x_wconf 89' lang='grc' dir='ltr'>τε</span> <span class='ocrx_word' id='word_1_314' title='bbox 321 3960 471 4039; x_wconf 79' lang='grc' dir='ltr'>αἰσχύνειν,</span> <span class='ocrx_word' id='word_1_315' title='bbox 495 3960 650 4028; x_wconf 81' lang='grc' dir='ltr'>κακίζοντας</span> <span class='ocrx_word' id='word_1_316' title='bbox 675 3964 746 4042; x_wconf 84' lang='grc' dir='ltr'>σφῶν</span> <span class='ocrx_word' id='word_1_317' title='bbox 772 3966 806 4030; x_wconf 83' lang='grc' dir='ltr'>ὡς</span> <span class='ocrx_word' id='word_1_318' title='bbox 825 3964 950 4044; x_wconf 81' lang='grc' dir='ltr'>ἄνανδρον</span> 
     </span>
     <span class='ocr_line' id='line_1_42' title="bbox 144 4049 949 4132; baseline 0.006 -25"><span class='ocrx_word' id='word_1_319' title='bbox 144 4068 149 4074; x_wconf 87' lang='grc'><strong><em>·</em></strong></span> <span class='ocrx_word' id='word_1_320' title='bbox 174 4051 222 4122; x_wconf 79' lang='grc' dir='ltr'>τήν</span> <span class='ocrx_word' id='word_1_321' title='bbox 239 4050 371 4129; x_wconf 77' lang='grc' dir='ltr'>ἡσυχίαν,</span> <span class='ocrx_word' id='word_1_322' title='bbox 387 4050 534 4130; x_wconf 75' lang='grc' dir='ltr'>ὑπεροψίας</span> <span class='ocrx_word' id='word_1_323' title='bbox 544 4073 573 4108; x_wconf 91' lang='grc' dir='ltr'>τε</span> <span class='ocrx_word' id='word_1_324' title='bbox 588 4049 634 4108; x_wconf 85' lang='grc' dir='ltr'>καί</span> <span class='ocrx_word' id='word_1_325' title='bbox 645 4050 865 4132; x_wconf 80' lang='grc' dir='ltr'>καταφρονήσεως</span> <span class='ocrx_word' id='word_1_326' title='bbox 883 4056 949 4112; x_wconf 86' lang='grc' dir='ltr'>πολ·</span> 
     </span>
     <span class='ocr_line' id='line_1_43' title="bbox 174 4139 950 4221; baseline 0.009 -24"><span class='ocrx_word' id='word_1_327' title='bbox 174 4143 221 4210; x_wconf 71' lang='grc' dir='ltr'>λῆς</span> <span class='ocrx_word' id='word_1_328' title='bbox 247 4141 391 4217; x_wconf 84' lang='grc' dir='ltr'>γινομένοις</span> <span class='ocrx_word' id='word_1_329' title='bbox 420 4141 576 4220; x_wconf 81' lang='grc' dir='ltr'>ἀναγκάζειν</span> <span class='ocrx_word' id='word_1_330' title='bbox 603 4139 716 4221; x_wconf 82' lang='grc' dir='ltr'>ἀγαθοδς</span> <span class='ocrx_word' id='word_1_331' title='bbox 741 4142 863 4219; x_wconf 85' lang='grc' dir='ltr'>γενέσθαι</span> <span class='ocrx_word' id='word_1_332' title='bbox 892 4143 950 4212; x_wconf 80' lang='grc' dir='ltr'>τοῦς</span> 
     </span>
     <span class='ocr_line' id='line_1_44' title="bbox 173 4220 950 4312; baseline 0.005 -24"><span class='ocrx_word' id='word_1_333' title='bbox 173 4229 298 4296; x_wconf 80' lang='grc' dir='ltr'>ἑκουσίως</span> <span class='ocrx_word' id='word_1_334' title='bbox 321 4220 389 4288; x_wconf 75' lang='grc' dir='ltr'>εἶναι</span> <span class='ocrx_word' id='word_1_335' title='bbox 416 4228 453 4307; x_wconf 81' lang='grc' dir='ltr'>μή</span> <span class='ocrx_word' id='word_1_336' title='bbox 483 4230 667 4308; x_wconf 75' lang='grc' dir='ltr'>βουλομέηους.</span> <span class='ocrx_word' id='word_1_337' title='bbox 721 4232 869 4309; x_wconf 82' lang='grc' dir='ltr'>Γινομένων</span> <span class='ocrx_word' id='word_1_338' title='bbox 899 4232 950 4312; x_wconf 79' lang='grc' dir='ltr'>γάρ</span> 
     </span>
     <span class='ocr_line' id='line_1_45' title="bbox 172 4309 950 4401; baseline 0.005 -24"><span class='ocrx_word' id='word_1_339' title='bbox 172 4320 288 4393; x_wconf 86' lang='grc' dir='ltr'>τούτων,</span> <span class='ocrx_word' id='word_1_340' title='bbox 303 4319 405 4386; x_wconf 78' lang='grc' dir='ltr'>πολλάς</span> <span class='ocrx_word' id='word_1_341' title='bbox 417 4317 526 4384; x_wconf 84' lang='grc' dir='ltr'>ἐλπίδας</span> <span class='ocrx_word' id='word_1_342' title='bbox 542 4309 614 4399; x_wconf 77' lang='grc' dir='ltr'>εἶχον</span> <span class='ocrx_word' id='word_1_343' title='bbox 636 4318 706 4391; x_wconf 81' lang='grc' dir='ltr'>ἥξειν</span> <span class='ocrx_word' id='word_1_344' title='bbox 725 4320 771 4379; x_wconf 79' lang='grc' dir='ltr'>ἐπὶ</span> <span class='ocrx_word' id='word_1_345' title='bbox 785 4320 816 4380; x_wconf 86' lang='grc' dir='ltr'>τὸ</span> <span class='ocrx_word' id='word_1_346' title='bbox 830 4321 950 4401; x_wconf 88' lang='grc' dir='ltr'>στρατή-</span> 
     </span>
    </p>

    <p class='ocr_par' dir='ltr' id='par_1_7' title="bbox 121 4408 951 4847">
     <span class='ocr_line' id='line_1_46' title="bbox 121 4408 949 4486; baseline 0.007 -23"><span class='ocrx_word' id='word_1_347' title='bbox 121 4426 147 4464; x_wconf 80' lang='lat' dir='ltr'>ss</span> <span class='ocrx_word' id='word_1_348' title='bbox 173 4432 228 4485; x_wconf 90' lang='grc' dir='ltr'>γιον</span> <span class='ocrx_word' id='word_1_349' title='bbox 252 4410 371 4477; x_wconf 77' lang='grc' dir='ltr'>ἅπαντας</span> <span class='ocrx_word' id='word_1_350' title='bbox 398 4413 610 4486; x_wconf 88' lang='grc' dir='ltr'>ἀγανακτοῦντας</span> <span class='ocrx_word' id='word_1_351' title='bbox 634 4408 681 4468; x_wconf 85' lang='grc' dir='ltr'>καὶ</span> <span class='ocrx_word' id='word_1_352' title='bbox 698 4408 885 4478; x_wconf 81' lang='grc' dir='ltr'>καταῦοῶντας</span> <span class='ocrx_word' id='word_1_353' title='bbox 903 4410 949 4471; x_wconf 85' lang='grc' dir='ltr'>καί</span> 
     </span>
     <span class='ocr_line' id='line_1_47' title="bbox 174 4498 951 4580; baseline 0.003 -24"><span class='ocrx_word' id='word_1_354' title='bbox 174 4498 327 4566; x_wconf 87' lang='grc' dir='ltr'>κελεύοντας</span> <span class='ocrx_word' id='word_1_355' title='bbox 342 4501 464 4577; x_wconf 82' lang='grc' dir='ltr'>ἡγεῖσθαι</span> <span class='ocrx_word' id='word_1_356' title='bbox 480 4502 552 4580; x_wconf 81' lang='grc' dir='ltr'>σφῶν</span> <span class='ocrx_word' id='word_1_357' title='bbox 571 4498 615 4558; x_wconf 83' lang='grc' dir='ltr'>ἐπί</span> <span class='ocrx_word' id='word_1_358' title='bbox 632 4498 690 4566; x_wconf 81' lang='grc' dir='ltr'>τοὺς</span> <span class='ocrx_word' id='word_1_359' title='bbox 711 4499 867 4573; x_wconf 88' lang='grc' dir='ltr'>πολεμίους·</span> <span class='ocrx_word' id='word_1_360' title='bbox 885 4504 951 4579; x_wconf 77' lang='grc' dir='ltr'>ὅπερ</span> 
     </span>
     <span class='ocr_line' id='line_1_48' title="bbox 174 4585 950 4669; baseline 0.006 -26"><span class='ocrx_word' id='word_1_361' title='bbox 174 4585 219 4643; x_wconf 86' lang='grc' dir='ltr'>καί</span> <span class='ocrx_word' id='word_1_362' title='bbox 231 4587 338 4658; x_wconf 77' lang='grc' dir='ltr'>αυνέῦη.</span> <span class='ocrx_word' id='word_1_363' title='bbox 392 4585 441 4655; x_wconf 89' lang='grc' dir='ltr'>Ὡς</span> <span class='ocrx_word' id='word_1_364' title='bbox 455 4586 507 4666; x_wconf 74' lang='grc' dir='ltr'>γάρ</span> <span class='ocrx_word' id='word_1_365' title='bbox 523 4586 635 4666; x_wconf 82' lang='grc' dir='ltr'>ἤρξαντο</span> <span class='ocrx_word' id='word_1_366' title='bbox 649 4588 696 4655; x_wconf 81' lang='grc' dir='ltr'>τάς</span> <span class='ocrx_word' id='word_1_367' title='bbox 717 4586 819 4656; x_wconf 81' lang='grc' dir='ltr'>ἐξόδους</span> <span class='ocrx_word' id='word_1_368' title='bbox 836 4593 881 4646; x_wconf 89' lang='grc' dir='ltr'>τοῦ</span> <span class='ocrx_word' id='word_1_369' title='bbox 895 4590 950 4669; x_wconf 89' lang='grc' dir='ltr'>χά·</span> 
     </span>
     <span class='ocr_line' id='line_1_49' title="bbox 176 4676 949 4757; baseline 0.005 -24"><span class='ocrx_word' id='word_1_370' title='bbox 176 4696 253 4751; x_wconf 81' lang='grc' dir='ltr'>ρακος</span> <span class='ocrx_word' id='word_1_371' title='bbox 268 4677 458 4757; x_wconf 86' lang='grc' dir='ltr'>ἀποταφρεύειν</span> <span class='ocrx_word' id='word_1_372' title='bbox 472 4696 501 4735; x_wconf 87' lang='grc' dir='ltr'>τε</span> <span class='ocrx_word' id='word_1_373' title='bbox 513 4676 559 4734; x_wconf 89' lang='grc' dir='ltr'>καλ</span> <span class='ocrx_word' id='word_1_374' title='bbox 574 4678 756 4757; x_wconf 85' lang='grc' dir='ltr'>ἀποσταυροῦν</span> <span class='ocrx_word' id='word_1_375' title='bbox 768 4679 792 4736; x_wconf 79' lang='grc' dir='ltr'>οἱ</span> <span class='ocrx_word' id='word_1_376' title='bbox 808 4679 949 4755; x_wconf 83' lang='grc' dir='ltr'>πολέμιοι,</span> 
     </span>
     <span class='ocr_line' id='line_1_50' title="bbox 175 4762 951 4847; baseline 0.009 -28"><span class='ocrx_word' id='word_1_377' title='bbox 175 4762 451 4842; x_wconf 78' lang='grc' dir='ltr'>δυσανασχετήσαντες</span> <span class='ocrx_word' id='word_1_378' title='bbox 467 4768 491 4825; x_wconf 82' lang='grc' dir='ltr'>οἱ</span> <span class='ocrx_word' id='word_1_379' title='bbox 507 4765 637 4843; x_wconf 84' lang='grc' dir='ltr'>Ῥωμαῖοι</span> <span class='ocrx_word' id='word_1_380' title='bbox 661 4766 706 4825; x_wconf 83' lang='grc' dir='ltr'>ἐπί</span> <span class='ocrx_word' id='word_1_381' title='bbox 725 4768 763 4847; x_wconf 79' lang='grc' dir='ltr'>τῷ</span> <span class='ocrx_word' id='word_1_382' title='bbox 778 4766 862 4847; x_wconf 81' lang='grc' dir='ltr'>ἔργῳ,</span> <span class='ocrx_word' id='word_1_383' title='bbox 886 4768 951 4834; x_wconf 85' lang='grc' dir='ltr'>τέως</span> 
     </span>
    </p>

    <p class='ocr_par' dir='ltr' id='par_1_8' title="bbox 121 4851 951 5290">
     <span class='ocr_line' id='line_1_51' title="bbox 121 4851 951 4935; baseline 0 -19"><span class='ocrx_word' id='word_1_384' title='bbox 121 4878 148 4916; x_wconf 81' lang='grc' dir='ltr'>σο</span> <span class='ocrx_word' id='word_1_385' title='bbox 174 4853 234 4911; x_wconf 84' lang='grc' dir='ltr'>κατ’</span> <span class='ocrx_word' id='word_1_386' title='bbox 250 4851 368 4929; x_wconf 81' lang='grc' dir='ltr'>ὀλίγους,</span> <span class='ocrx_word' id='word_1_387' title='bbox 382 4854 463 4915; x_wconf 73' lang='grc' dir='ltr'>ἔπειτ’</span> <span class='ocrx_word' id='word_1_388' title='bbox 476 4856 565 4935; x_wconf 79' lang='grc' dir='ltr'>ἀθρόοι</span> <span class='ocrx_word' id='word_1_389' title='bbox 575 4856 758 4935; x_wconf 88' lang='grc' dir='ltr'>συντρέχοντες</span> <span class='ocrx_word' id='word_1_390' title='bbox 768 4856 811 4915; x_wconf 85' lang='grc' dir='ltr'>ἐπί</span> <span class='ocrx_word' id='word_1_391' title='bbox 825 4854 872 4925; x_wconf 85' lang='grc' dir='ltr'>τδις</span> <span class='ocrx_word' id='word_1_392' title='bbox 884 4880 951 4928; x_wconf 88' lang='grc' dir='ltr'>σκη-</span> 
     </span>
     <span class='ocr_line' id='line_1_52' title="bbox 173 4940 949 5025; baseline 0.006 -26"><span class='ocrx_word' id='word_1_393' title='bbox 173 4943 220 5009; x_wconf 81' lang='grc' dir='ltr'>νάς</span> <span class='ocrx_word' id='word_1_394' title='bbox 234 4945 286 5000; x_wconf 89' lang='grc' dir='ltr'>τῶν</span> <span class='ocrx_word' id='word_1_395' title='bbox 303 4940 424 5015; x_wconf 73' lang='grc' dir='ltr'>ὑπάτων,</span> <span class='ocrx_word' id='word_1_396' title='bbox 441 4944 619 5023; x_wconf 87' lang='grc' dir='ltr'>ἐκεκράγεσάν</span> <span class='ocrx_word' id='word_1_397' title='bbox 633 4969 661 5003; x_wconf 90' lang='grc' dir='ltr'>τε</span> <span class='ocrx_word' id='word_1_398' title='bbox 676 4944 722 5004; x_wconf 79' lang='grc' dir='ltr'>καὶ</span> <span class='ocrx_word' id='word_1_399' title='bbox 737 4946 881 5025; x_wconf 90' lang='grc' dir='ltr'>προδοσίαν</span> <span class='ocrx_word' id='word_1_400' title='bbox 896 4948 949 5004; x_wconf 82' lang='grc' dir='ltr'>αἰε-</span> 
     </span>
     <span class='ocr_line' id='line_1_53' title="bbox 174 5030 949 5113; baseline 0.008 -25"><span class='ocrx_word' id='word_1_401' title='bbox 174 5032 226 5098; x_wconf 80' lang='grc' dir='ltr'>τοῖς</span> <span class='ocrx_word' id='word_1_402' title='bbox 241 5031 395 5103; x_wconf 84' lang='grc' dir='ltr'>ἐνεκάλουν,</span> <span class='ocrx_word' id='word_1_403' title='bbox 417 5030 481 5101; x_wconf 84' lang='grc' dir='ltr'>καί,</span> <span class='ocrx_word' id='word_1_404' title='bbox 510 5034 532 5090; x_wconf 88' lang='grc' dir='ltr'>εἰ</span> <span class='ocrx_word' id='word_1_405' title='bbox 549 5032 586 5108; x_wconf 87' lang='grc' dir='ltr'>μή</span> <span class='ocrx_word' id='word_1_406' title='bbox 603 5057 641 5100; x_wconf 91' lang='grc' dir='ltr'>τις</span> <span class='ocrx_word' id='word_1_407' title='bbox 660 5032 790 5110; x_wconf 81' lang='grc' dir='ltr'>ἡγήσεταί</span> <span class='ocrx_word' id='word_1_408' title='bbox 806 5033 885 5113; x_wconf 87' lang='grc' dir='ltr'>σφισι</span> <span class='ocrx_word' id='word_1_409' title='bbox 902 5036 949 5104; x_wconf 75' lang='grc' dir='ltr'>τῆς</span> 
     </span>
     <span class='ocr_line' id='line_1_54' title="bbox 176 5118 949 5203; baseline 0.005 -27"><span class='ocrx_word' id='word_1_410' title='bbox 176 5118 277 5192; x_wconf 82' lang='grc' dir='ltr'>ἐξόδου,</span> <span class='ocrx_word' id='word_1_411' title='bbox 294 5120 356 5198; x_wconf 86' lang='grc' dir='ltr'>δίχα</span> <span class='ocrx_word' id='word_1_412' title='bbox 371 5118 477 5178; x_wconf 84' lang='grc' dir='ltr'>ἐκείνων</span> <span class='ocrx_word' id='word_1_413' title='bbox 490 5120 564 5180; x_wconf 84' lang='grc' dir='ltr'>αῦτολ</span> <span class='ocrx_word' id='word_1_414' title='bbox 581 5120 615 5179; x_wconf 78' lang='grc' dir='ltr'>τά</span> <span class='ocrx_word' id='word_1_415' title='bbox 631 5124 701 5181; x_wconf 84' lang='grc' dir='ltr'>δπλα</span> <span class='ocrx_word' id='word_1_416' title='bbox 715 5123 818 5203; x_wconf 84' lang='grc' dir='ltr'>ἔχοντες</span> <span class='ocrx_word' id='word_1_417' title='bbox 832 5124 875 5181; x_wconf 79' lang='grc' dir='ltr'>ἐπὶ</span> <span class='ocrx_word' id='word_1_418' title='bbox 889 5121 949 5191; x_wconf 81' lang='grc' dir='ltr'>τοῦς</span> 
     </span>
     <span class='ocr_line' id='line_1_55' title="bbox 176 5207 947 5290; baseline 0.014 -29"><span class='ocrx_word' id='word_1_419' title='bbox 176 5209 314 5287; x_wconf 84' lang='grc' dir='ltr'>πολεμίους</span> <span class='ocrx_word' id='word_1_420' title='bbox 328 5209 417 5290; x_wconf 80' lang='grc' dir='ltr'>ἔλεγον</span> <span class='ocrx_word' id='word_1_421' title='bbox 435 5207 624 5278; x_wconf 85' lang='grc' dir='ltr'>ἐξελεύσεσθαι.</span> <span class='ocrx_word' id='word_1_422' title='bbox 670 5209 720 5280; x_wconf 81' lang='grc' dir='ltr'>Ὣς</span> <span class='ocrx_word' id='word_1_423' title='bbox 739 5212 764 5270; x_wconf 84' lang='grc' dir='ltr'>δ’</span> <span class='ocrx_word' id='word_1_424' title='bbox 781 5210 808 5281; x_wconf 87' lang='grc' dir='ltr'>ἐξ</span> <span class='ocrx_word' id='word_1_425' title='bbox 822 5211 947 5272; x_wconf 72' lang='grc' dir='ltr'>ἁπάντων</span> 
     </span>
    </p>
   </div>
   <div class='ocr_carea' id='block_1_3' title="bbox 1728 381 1787 442">
    <p class='ocr_par' dir='ltr' id='par_1_9' title="bbox 1728 381 1787 442">
     <span class='ocr_line' id='line_1_56' title="bbox 1728 381 1787 442; baseline 0.034 -2"><span class='ocrx_word' id='word_1_426' title='bbox 1728 381 1787 442; x_wconf 73' lang='lat'>525</span> 
     </span>
    </p>
   </div>
   <div class='ocr_carea' id='block_1_4' title="bbox 1007 513 1790 2330">
    <p class='ocr_par' dir='ltr' id='par_1_10' title="bbox 1007 513 1790 2330">
     <span class='ocr_line' id='line_1_57' title="bbox 1008 513 1786 581; baseline 0.009 -17"><span class='ocrx_word' id='word_1_427' title='bbox 1008 513 1033 564; x_wconf 92' lang='lat' dir='ltr'>in</span> <span class='ocrx_word' id='word_1_428' title='bbox 1045 514 1172 577; x_wconf 73' lang='lat' dir='ltr'><strong>planitiem</strong></span> <span class='ocrx_word' id='word_1_429' title='bbox 1189 514 1339 565; x_wconf 83' lang='lat' dir='ltr'>eduxerunt.</span> <span class='ocrx_word' id='word_1_430' title='bbox 1374 516 1565 574; x_wconf 86' lang='lat' dir='ltr'>Quiescentibus</span> <span class='ocrx_word' id='word_1_431' title='bbox 1585 533 1646 568; x_wconf 78' lang='lat' dir='ltr'>vero</span> <span class='ocrx_word' id='word_1_432' title='bbox 1658 521 1786 581; x_wconf 79' lang='lat' dir='ltr'>Romanis,</span> 
     </span>
     <span class='ocr_line' id='line_1_58' title="bbox 1009 604 1788 673; baseline 0.008 -19"><span class='ocrx_word' id='word_1_433' title='bbox 1009 604 1166 655; x_wconf 75' lang='lat' dir='ltr'>audacissimi</span> <span class='ocrx_word' id='word_1_434' title='bbox 1179 604 1274 669; x_wconf 86' lang='lat' dir='ltr'>quique</span> <span class='ocrx_word' id='word_1_435' title='bbox 1287 620 1374 656; x_wconf 91' lang='lat' dir='ltr'>eorum</span> <span class='ocrx_word' id='word_1_436' title='bbox 1391 607 1582 673; x_wconf 87' lang='lat' dir='ltr'>adequitantes,</span> <span class='ocrx_word' id='word_1_437' title='bbox 1593 611 1618 657; x_wconf 89' lang='lat' dir='ltr'>et</span> <span class='ocrx_word' id='word_1_438' title='bbox 1630 612 1729 672; x_wconf 89' lang='lat' dir='ltr'>propius</span> <span class='ocrx_word' id='word_1_439' title='bbox 1757 611 1788 660; x_wconf 91' lang='lat' dir='ltr'>ad</span> 
     </span>
     <span class='ocr_line' id='line_1_59' title="bbox 1009 696 1787 769; baseline 0.004 -22"><span class='ocrx_word' id='word_1_440' title='bbox 1009 700 1097 769; x_wconf 27' lang='lat' dir='ltr'>castra,</span> <span class='ocrx_word' id='word_1_441' title='bbox 1119 696 1279 757; x_wconf 88' lang='lat' dir='ltr'>accedentes,</span> <span class='ocrx_word' id='word_1_442' title='bbox 1304 712 1347 749; x_wconf 86' lang='lat' dir='ltr'>eos</span> <span class='ocrx_word' id='word_1_443' title='bbox 1368 713 1454 750; x_wconf 89' lang='lat' dir='ltr'>omnes</span> <span class='ocrx_word' id='word_1_444' title='bbox 1479 700 1598 750; x_wconf 88' lang='lat' dir='ltr'>mulieres</span> <span class='ocrx_word' id='word_1_445' title='bbox 1612 701 1787 764; x_wconf 74' lang='lat' dir='ltr'>appellabant,</span> 
     </span>
     <span class='ocr_line' id='line_1_60' title="bbox 1009 790 1790 854; baseline 0.004 -13"><span class='ocrx_word' id='word_1_446' title='bbox 1009 791 1134 854; x_wconf 84' lang='lat' dir='ltr'>ducesque</span> <span class='ocrx_word' id='word_1_447' title='bbox 1148 803 1233 840; x_wconf 83' lang='lat' dir='ltr'>eorum</span> <span class='ocrx_word' id='word_1_448' title='bbox 1254 790 1417 842; x_wconf 74' lang='lat' dir='ltr'>timidissimis</span> <span class='ocrx_word' id='word_1_449' title='bbox 1433 793 1516 844; x_wconf 90' lang='lat' dir='ltr'>brutis</span> <span class='ocrx_word' id='word_1_450' title='bbox 1535 793 1630 843; x_wconf 82' lang='lat' dir='ltr'>similes</span> <span class='ocrx_word' id='word_1_451' title='bbox 1641 807 1694 844; x_wconf 84' lang='lat' dir='ltr'>esse</span> <span class='ocrx_word' id='word_1_452' title='bbox 1708 793 1790 844; x_wconf 90' lang='lat' dir='ltr'>dicen·</span> 
     </span>
     <span class='ocr_line' id='line_1_61' title="bbox 1010 883 1790 951; baseline 0.001 -17"><span class='ocrx_word' id='word_1_453' title='bbox 1010 886 1048 934; x_wconf 90' lang='lat' dir='ltr'>tes</span> <span class='ocrx_word' id='word_1_454' title='bbox 1065 883 1184 933; x_wconf 82' lang='lat' dir='ltr'>conviciis</span> <span class='ocrx_word' id='word_1_455' title='bbox 1207 883 1332 947; x_wconf 90' lang='lat' dir='ltr'>petebant.</span> <span class='ocrx_word' id='word_1_456' title='bbox 1367 887 1397 934; x_wconf 84' lang='lat' dir='ltr'>Et</span> <span class='ocrx_word' id='word_1_457' title='bbox 1413 885 1540 936; x_wconf 86' lang='lat' dir='ltr'>eduobus</span> <span class='ocrx_word' id='word_1_458' title='bbox 1553 885 1660 937; x_wconf 80' lang='lat' dir='ltr'>alterurn</span> <span class='ocrx_word' id='word_1_459' title='bbox 1681 884 1790 951; x_wconf 88' lang='lat' dir='ltr'>postula·</span> 
     </span>
     <span class='ocr_line' id='line_1_62' title="bbox 1010 974 1788 1037; baseline 0 -11"><span class='ocrx_word' id='word_1_460' title='bbox 1010 975 1069 1026; x_wconf 91' lang='lat' dir='ltr'>bant</span> <span class='ocrx_word' id='word_1_461' title='bbox 1091 978 1134 1035; x_wconf 93' lang='lat' dir='ltr'>ut,</span> <span class='ocrx_word' id='word_1_462' title='bbox 1161 974 1201 1024; x_wconf 83' lang='lat' dir='ltr'>rel</span> <span class='ocrx_word' id='word_1_463' title='bbox 1224 976 1244 1024; x_wconf 87' lang='lat' dir='ltr'>si</span> <span class='ocrx_word' id='word_1_464' title='bbox 1265 975 1385 1026; x_wconf 82' lang='lat' dir='ltr'>virtutem</span> <span class='ocrx_word' id='word_1_465' title='bbox 1407 977 1520 1028; x_wconf 88' lang='lat' dir='ltr'>bellicam</span> <span class='ocrx_word' id='word_1_466' title='bbox 1544 978 1591 1029; x_wconf 89' lang='lat' dir='ltr'>sibi</span> <span class='ocrx_word' id='word_1_467' title='bbox 1617 979 1788 1037; x_wconf 86' lang='lat' dir='ltr'>vindicarent,</span> 
     </span>
     <span class='ocr_line' id='line_1_63' title="bbox 1009 1067 1788 1135; baseline 0 -16"><span class='ocrx_word' id='word_1_468' title='bbox 1009 1067 1187 1119; x_wconf 85' lang='lat' dir='ltr'>descenderent</span> <span class='ocrx_word' id='word_1_469' title='bbox 1200 1068 1225 1116; x_wconf 95' lang='lat' dir='ltr'>in</span> <span class='ocrx_word' id='word_1_470' title='bbox 1238 1067 1379 1132; x_wconf 74' lang='lat' dir='ltr'>planitiem,</span> <span class='ocrx_word' id='word_1_471' title='bbox 1392 1073 1417 1120; x_wconf 87' lang='lat' dir='ltr'>et</span> <span class='ocrx_word' id='word_1_472' title='bbox 1434 1083 1483 1119; x_wconf 90' lang='lat' dir='ltr'>uno</span> <span class='ocrx_word' id='word_1_473' title='bbox 1494 1071 1581 1135; x_wconf 85' lang='lat' dir='ltr'>proelio</span> <span class='ocrx_word' id='word_1_474' title='bbox 1594 1070 1625 1121; x_wconf 91' lang='lat' dir='ltr'>de</span> <span class='ocrx_word' id='word_1_475' title='bbox 1639 1084 1736 1120; x_wconf 88' lang='lat' dir='ltr'>summa</span> <span class='ocrx_word' id='word_1_476' title='bbox 1747 1083 1788 1120; x_wconf 89' lang='lat' dir='ltr'>re·</span> 
     </span>
     <span class='ocr_line' id='line_1_64' title="bbox 1010 1154 1787 1227; baseline 0.003 -17"><span class='ocrx_word' id='word_1_477' title='bbox 1010 1175 1067 1211; x_wconf 91' lang='lat' dir='ltr'>rum</span> <span class='ocrx_word' id='word_1_478' title='bbox 1083 1160 1261 1220; x_wconf 75' lang='lat' dir='ltr'>decernerent,</span> <span class='ocrx_word' id='word_1_479' title='bbox 1282 1161 1337 1223; x_wconf 85' lang='lat' dir='ltr'>rel,</span> <span class='ocrx_word' id='word_1_480' title='bbox 1357 1160 1377 1211; x_wconf 92' lang='lat' dir='ltr'>si</span> <span class='ocrx_word' id='word_1_481' title='bbox 1395 1159 1534 1212; x_wconf 79' lang='lat' dir='ltr'>faterentur</span> <span class='ocrx_word' id='word_1_482' title='bbox 1553 1176 1580 1213; x_wconf 87' lang='lat' dir='ltr'>sc</span> <span class='ocrx_word' id='word_1_483' title='bbox 1591 1154 1653 1213; x_wconf 81' lang='lat' dir='ltr'>‘esse</span> <span class='ocrx_word' id='word_1_484' title='bbox 1672 1163 1787 1227; x_wconf 84' lang='lat' dir='ltr'>ignaros,</span> 
     </span>
     <span class='ocr_line' id='line_1_65' title="bbox 1010 1252 1788 1318; baseline 0 -15"><span class='ocrx_word' id='word_1_485' title='bbox 1010 1253 1136 1303; x_wconf 88' lang='lat' dir='ltr'>traderent</span> <span class='ocrx_word' id='word_1_486' title='bbox 1150 1266 1218 1302; x_wconf 91' lang='lat' dir='ltr'>arma</span> <span class='ocrx_word' id='word_1_487' title='bbox 1236 1252 1467 1317; x_wconf 77' lang='lat' dir='ltr'>praestantioribus,</span> <span class='ocrx_word' id='word_1_488' title='bbox 1479 1258 1503 1304; x_wconf 91' lang='lat' dir='ltr'>et</span> <span class='ocrx_word' id='word_1_489' title='bbox 1516 1257 1594 1318; x_wconf 79' lang='lat' dir='ltr'>pisanis</span> <span class='ocrx_word' id='word_1_490' title='bbox 1610 1254 1788 1305; x_wconf 78' lang='lat' dir='ltr'>maleficiorum</span> 
     </span>
     <span class='ocr_line' id='line_1_66' title="bbox 1009 1341 1788 1413; baseline -0.001 -17"><span class='ocrx_word' id='word_1_491' title='bbox 1009 1346 1156 1412; x_wconf 71' lang='lat' dir='ltr'>persolutis,</span> <span class='ocrx_word' id='word_1_492' title='bbox 1177 1345 1239 1395; x_wconf 92' lang='lat' dir='ltr'>nibil</span> <span class='ocrx_word' id='word_1_493' title='bbox 1251 1346 1362 1410; x_wconf 75' lang='lat' dir='ltr'>praeclari</span> <span class='ocrx_word' id='word_1_494' title='bbox 1376 1346 1483 1412; x_wconf 85' lang='lat' dir='ltr'>emplius</span> <span class='ocrx_word' id='word_1_495' title='bbox 1497 1348 1543 1398; x_wconf 87' lang='lat' dir='ltr'>sibi</span> <span class='ocrx_word' id='word_1_496' title='bbox 1553 1341 1703 1413; x_wconf 78' lang='lat' dir='ltr'>arrogarent.</span> <span class='ocrx_word' id='word_1_497' title='bbox 1734 1349 1788 1396; x_wconf 92' lang='lat' dir='ltr'>lloe</span> 
     </span>
     <span class='ocr_line' id='line_1_67' title="bbox 1008 1432 1788 1501; baseline 0 -16"><span class='ocrx_word' id='word_1_498' title='bbox 1008 1434 1120 1501; x_wconf 80' lang='lat' dir='ltr'>quotidie</span> <span class='ocrx_word' id='word_1_499' title='bbox 1133 1432 1258 1484; x_wconf 85' lang='lat' dir='ltr'>iaciebant</span> <span class='ocrx_word' id='word_1_500' title='bbox 1270 1450 1276 1482; x_wconf 89' lang='lat'>:</span> <span class='ocrx_word' id='word_1_501' title='bbox 1288 1437 1314 1483; x_wconf 88' lang='lat' dir='ltr'>ct</span> <span class='ocrx_word' id='word_1_502' title='bbox 1326 1448 1404 1497; x_wconf 91' lang='lat' dir='ltr'>quum</span> <span class='ocrx_word' id='word_1_503' title='bbox 1422 1435 1484 1485; x_wconf 91' lang='lat' dir='ltr'>nibil</span> <span class='ocrx_word' id='word_1_504' title='bbox 1497 1436 1660 1499; x_wconf 79' lang='lat' dir='ltr'>proicerent,</span> <span class='ocrx_word' id='word_1_505' title='bbox 1679 1449 1723 1486; x_wconf 91' lang='lat' dir='ltr'>eos</span> <span class='ocrx_word' id='word_1_506' title='bbox 1739 1435 1788 1485; x_wconf 89' lang='lat' dir='ltr'>cir·</span> 
     </span>
     <span class='ocr_line' id='line_1_68' title="bbox 1009 1527 1786 1590; baseline -0.005 -10"><span class='ocrx_word' id='word_1_507' title='bbox 1009 1528 1161 1580; x_wconf 87' lang='lat' dir='ltr'>cumvallare</span> <span class='ocrx_word' id='word_1_508' title='bbox 1172 1527 1353 1590; x_wconf 83' lang='lat' dir='ltr'>decreverunt,</span> <span class='ocrx_word' id='word_1_509' title='bbox 1376 1533 1406 1579; x_wconf 92' lang='lat' dir='ltr'>ut</span> <span class='ocrx_word' id='word_1_510' title='bbox 1422 1528 1488 1581; x_wconf 81' lang='lat' dir='ltr'>lame</span> <span class='ocrx_word' id='word_1_511' title='bbox 1506 1529 1538 1579; x_wconf 93' lang='lat' dir='ltr'>ad</span> <span class='ocrx_word' id='word_1_512' title='bbox 1551 1528 1703 1578; x_wconf 76' lang='lat' dir='ltr'>stertitionem</span> <span class='ocrx_word' id='word_1_513' title='bbox 1718 1542 1786 1577; x_wconf 89' lang='lat' dir='ltr'>corn-</span> 
     </span>
     <span class='ocr_line' id='line_1_69' title="bbox 1009 1619 1789 1686; baseline -0.003 -14"><span class='ocrx_word' id='word_1_514' title='bbox 1009 1622 1135 1686; x_wconf 91' lang='lat' dir='ltr'>pelterent.</span> <span class='ocrx_word' id='word_1_515' title='bbox 1180 1619 1299 1671; x_wconf 79' lang='lat' dir='ltr'>Consules</span> <span class='ocrx_word' id='word_1_516' title='bbox 1319 1634 1378 1671; x_wconf 82' lang='lat' dir='ltr'>vero</span> <span class='ocrx_word' id='word_1_517' title='bbox 1392 1621 1463 1684; x_wconf 84' lang='lat' dir='ltr'>baec,</span> <span class='ocrx_word' id='word_1_518' title='bbox 1477 1636 1534 1686; x_wconf 76' lang='lat' dir='ltr'>quas</span> <span class='ocrx_word' id='word_1_519' title='bbox 1557 1621 1646 1672; x_wconf 78' lang='lat' dir='ltr'>luebant</span> <span class='ocrx_word' id='word_1_520' title='bbox 1658 1658 1665 1680; x_wconf 94' lang='lat'>,</span> <span class='ocrx_word' id='word_1_521' title='bbox 1679 1619 1723 1669; x_wconf 90' lang='lat' dir='ltr'>diu</span> <span class='ocrx_word' id='word_1_522' title='bbox 1744 1633 1789 1670; x_wconf 89' lang='lat' dir='ltr'>nc-</span> 
     </span>
     <span class='ocr_line' id='line_1_70' title="bbox 1008 1711 1786 1776; baseline 0.001 -17"><span class='ocrx_word' id='word_1_523' title='bbox 1008 1711 1151 1776; x_wconf 85' lang='lat' dir='ltr'>gteserunt,</span> <span class='ocrx_word' id='word_1_524' title='bbox 1178 1726 1227 1760; x_wconf 92' lang='lat' dir='ltr'>non</span> <span class='ocrx_word' id='word_1_525' title='bbox 1247 1711 1280 1761; x_wconf 95' lang='lat' dir='ltr'>ob</span> <span class='ocrx_word' id='word_1_526' title='bbox 1306 1711 1429 1774; x_wconf 85' lang='lat' dir='ltr'>ignaviam</span> <span class='ocrx_word' id='word_1_527' title='bbox 1463 1713 1623 1763; x_wconf 82' lang='lat' dir='ltr'>molliticrure</span> <span class='ocrx_word' id='word_1_528' title='bbox 1656 1712 1786 1775; x_wconf 67' lang='lat' dir='ltr'>aliquam</span> 
     </span>
     <span class='ocr_line' id='line_1_71' title="bbox 1008 1803 1789 1868; baseline 0.004 -16"><span class='ocrx_word' id='word_1_529' title='bbox 1008 1803 1101 1867; x_wconf 93' lang='lat' dir='ltr'>(ambo</span> <span class='ocrx_word' id='word_1_530' title='bbox 1117 1803 1183 1852; x_wconf 91' lang='lat' dir='ltr'>enim</span> <span class='ocrx_word' id='word_1_531' title='bbox 1197 1806 1222 1852; x_wconf 88' lang='lat' dir='ltr'>et</span> <span class='ocrx_word' id='word_1_532' title='bbox 1242 1803 1347 1852; x_wconf 86' lang='lat' dir='ltr'>animosi</span> <span class='ocrx_word' id='word_1_533' title='bbox 1358 1807 1383 1851; x_wconf 89' lang='lat' dir='ltr'>ct</span> <span class='ocrx_word' id='word_1_534' title='bbox 1403 1804 1513 1854; x_wconf 80' lang='lat' dir='ltr'>bellicosi</span> <span class='ocrx_word' id='word_1_535' title='bbox 1527 1806 1614 1867; x_wconf 88' lang='lat' dir='ltr'>erant)</span> <span class='ocrx_word' id='word_1_536' title='bbox 1632 1804 1676 1855; x_wconf 89' lang='lat' dir='ltr'>scd</span> <span class='ocrx_word' id='word_1_537' title='bbox 1690 1816 1789 1868; x_wconf 84' lang='lat' dir='ltr'>suspee-</span> 
     </span>
     <span class='ocr_line' id='line_1_72' title="bbox 1007 1893 1789 1959; baseline -0.004 -13"><span class='ocrx_word' id='word_1_538' title='bbox 1007 1899 1058 1947; x_wconf 84' lang='lat' dir='ltr'>tam</span> <span class='ocrx_word' id='word_1_539' title='bbox 1073 1894 1193 1945; x_wconf 86' lang='lat' dir='ltr'>babentes</span> <span class='ocrx_word' id='word_1_540' title='bbox 1216 1893 1325 1944; x_wconf 89' lang='lat' dir='ltr'>militurn</span> <span class='ocrx_word' id='word_1_541' title='bbox 1343 1893 1465 1958; x_wconf 83' lang='lat' dir='ltr'>ignaviam</span> <span class='ocrx_word' id='word_1_542' title='bbox 1487 1899 1514 1945; x_wconf 90' lang='lat' dir='ltr'>et</span> <span class='ocrx_word' id='word_1_543' title='bbox 1534 1896 1748 1959; x_wconf 66' lang='lat' dir='ltr'>segnitiemque</span> <span class='ocrx_word' id='word_1_544' title='bbox 1763 1894 1789 1945; x_wconf 92' lang='lat' dir='ltr'>in</span> 
     </span>
     <span class='ocr_line' id='line_1_73' title="bbox 1007 1986 1786 2052; baseline 0.003 -19"><span class='ocrx_word' id='word_1_545' title='bbox 1007 1988 1160 2052; x_wconf 84' lang='lat' dir='ltr'>plebeiorum</span> <span class='ocrx_word' id='word_1_546' title='bbox 1185 1988 1273 2038; x_wconf 92' lang='lat' dir='ltr'>animis</span> <span class='ocrx_word' id='word_1_547' title='bbox 1294 1987 1327 2037; x_wconf 89' lang='lat' dir='ltr'>ob</span> <span class='ocrx_word' id='word_1_548' title='bbox 1353 1986 1486 2037; x_wconf 85' lang='lat' dir='ltr'>seditiones</span> <span class='ocrx_word' id='word_1_549' title='bbox 1510 1988 1620 2051; x_wconf 84' lang='lat' dir='ltr'>agrarias</span> <span class='ocrx_word' id='word_1_550' title='bbox 1643 1986 1786 2036; x_wconf 78' lang='lat' dir='ltr'>inhaerebat.</span> 
     </span>
     <span class='ocr_line' id='line_1_74' title="bbox 1007 2078 1790 2143; baseline -0.001 -13"><span class='ocrx_word' id='word_1_551' title='bbox 1007 2083 1070 2130; x_wconf 84' lang='lat' dir='ltr'>Nam</span> <span class='ocrx_word' id='word_1_552' title='bbox 1083 2083 1141 2129; x_wconf 89' lang='lat' dir='ltr'>ante</span> <span class='ocrx_word' id='word_1_553' title='bbox 1158 2079 1268 2143; x_wconf 89' lang='lat' dir='ltr'>ipsorum</span> <span class='ocrx_word' id='word_1_554' title='bbox 1278 2093 1350 2129; x_wconf 91' lang='lat' dir='ltr'>aures</span> <span class='ocrx_word' id='word_1_555' title='bbox 1363 2082 1390 2128; x_wconf 92' lang='lat' dir='ltr'>et</span> <span class='ocrx_word' id='word_1_556' title='bbox 1401 2079 1487 2129; x_wconf 90' lang='lat' dir='ltr'>oculos</span> <span class='ocrx_word' id='word_1_557' title='bbox 1499 2078 1581 2128; x_wconf 89' lang='lat' dir='ltr'>adbuc</span> <span class='ocrx_word' id='word_1_558' title='bbox 1592 2078 1790 2130; x_wconf 85' lang='lat' dir='ltr'>obversabantur</span> 
     </span>
     <span class='ocr_line' id='line_1_75' title="bbox 1007 2170 1787 2238; baseline 0 -16"><span class='ocrx_word' id='word_1_559' title='bbox 1007 2187 1065 2238; x_wconf 77' lang='grc' dir='ltr'>ηοω</span> <span class='ocrx_word' id='word_1_560' title='bbox 1082 2187 1146 2223; x_wconf 83' lang='lat' dir='ltr'>antro</span> <span class='ocrx_word' id='word_1_561' title='bbox 1162 2171 1300 2236; x_wconf 87' lang='lat' dir='ltr'>superiore,</span> <span class='ocrx_word' id='word_1_562' title='bbox 1316 2171 1412 2222; x_wconf 70' lang='lat' dir='ltr'>consuli</span> <span class='ocrx_word' id='word_1_563' title='bbox 1426 2170 1545 2221; x_wconf 89' lang='lat' dir='ltr'>bonorem</span> <span class='ocrx_word' id='word_1_564' title='bbox 1558 2170 1713 2233; x_wconf 86' lang='lat' dir='ltr'>invidentes,</span> <span class='ocrx_word' id='word_1_565' title='bbox 1734 2174 1787 2222; x_wconf 93' lang='lat' dir='ltr'>tur-</span> 
     </span>
     <span class='ocr_line' id='line_1_76' title="bbox 1007 2263 1788 2330; baseline 0 -17"><span class='ocrx_word' id='word_1_566' title='bbox 1007 2265 1071 2329; x_wconf 92' lang='lat' dir='ltr'>piter</span> <span class='ocrx_word' id='word_1_567' title='bbox 1083 2268 1109 2314; x_wconf 90' lang='lat' dir='ltr'>et</span> <span class='ocrx_word' id='word_1_568' title='bbox 1122 2268 1213 2326; x_wconf 75' lang='lat' dir='ltr'>prester</span> <span class='ocrx_word' id='word_1_569' title='bbox 1228 2264 1313 2328; x_wconf 91' lang='lat' dir='ltr'>populi</span> <span class='ocrx_word' id='word_1_570' title='bbox 1326 2263 1597 2315; x_wconf 82' lang='lat' dir='ltr'>tlomanimaicstatem</span> <span class='ocrx_word' id='word_1_571' title='bbox 1611 2265 1728 2320; x_wconf 81' lang='lat' dir='ltr'>iecerunt.</span> <span class='ocrx_word' id='word_1_572' title='bbox 1743 2278 1788 2330; x_wconf 87' lang='lat' dir='ltr'>qur</span> 
     </span>
    </p>
   </div>
   <div class='ocr_carea' id='block_1_5' title="bbox 1008 2356 1788 2603">
    <p class='ocr_par' dir='ltr' id='par_1_11' title="bbox 1008 2356 1788 2603">
     <span class='ocr_line' id='line_1_77' title="bbox 1008 2356 1786 2422; baseline 0.001 -14"><span class='ocrx_word' id='word_1_573' title='bbox 1008 2357 1137 2408; x_wconf 85' lang='lat' dir='ltr'>victoriam</span> <span class='ocrx_word' id='word_1_574' title='bbox 1150 2358 1224 2408; x_wconf 84' lang='lat' dir='ltr'>victis</span> <span class='ocrx_word' id='word_1_575' title='bbox 1234 2358 1426 2418; x_wconf 84' lang='lat' dir='ltr'>concessissent,</span> <span class='ocrx_word' id='word_1_576' title='bbox 1437 2362 1463 2408; x_wconf 89' lang='lat' dir='ltr'>et</span> <span class='ocrx_word' id='word_1_577' title='bbox 1476 2358 1541 2422; x_wconf 78' lang='lat' dir='ltr'>iuge</span> <span class='ocrx_word' id='word_1_578' title='bbox 1557 2359 1682 2410; x_wconf 71' lang='lat' dir='ltr'>simulata</span> <span class='ocrx_word' id='word_1_579' title='bbox 1695 2356 1786 2409; x_wconf 88' lang='lat' dir='ltr'>ialsam</span> 
     </span>
     <span class='ocr_line' id='line_1_78' title="bbox 1008 2446 1788 2511; baseline 0 -14"><span class='ocrx_word' id='word_1_580' title='bbox 1008 2447 1223 2511; x_wconf 83' lang='lat' dir='ltr'>exprobrationem</span> <span class='ocrx_word' id='word_1_581' title='bbox 1242 2447 1309 2497; x_wconf 90' lang='lat' dir='ltr'>ultro</span> <span class='ocrx_word' id='word_1_582' title='bbox 1331 2447 1480 2505; x_wconf 86' lang='lat' dir='ltr'>subiissent,</span> <span class='ocrx_word' id='word_1_583' title='bbox 1498 2461 1529 2498; x_wconf 93' lang='lat' dir='ltr'>ne</span> <span class='ocrx_word' id='word_1_584' title='bbox 1550 2447 1589 2496; x_wconf 85' lang='lat' dir='ltr'>rir</span> <span class='ocrx_word' id='word_1_585' title='bbox 1601 2447 1657 2511; x_wconf 85' lang='lat' dir='ltr'>ille,</span> <span class='ocrx_word' id='word_1_586' title='bbox 1673 2450 1745 2511; x_wconf 89' lang='lat' dir='ltr'>parta</span> <span class='ocrx_word' id='word_1_587' title='bbox 1756 2446 1788 2497; x_wconf 89' lang='lat' dir='ltr'>de</span> 
     </span>
     <span class='ocr_line' id='line_1_79' title="bbox 1008 2538 1439 2603; baseline -0.002 -14"><span class='ocrx_word' id='word_1_588' title='bbox 1008 2539 1122 2590; x_wconf 85' lang='lat' dir='ltr'>bostibn&#39;s</span> <span class='ocrx_word' id='word_1_589' title='bbox 1139 2538 1257 2599; x_wconf 76' lang='lat' dir='ltr'>victoria,</span> <span class='ocrx_word' id='word_1_590' title='bbox 1268 2538 1439 2603; x_wconf 86' lang='lat' dir='ltr'>triumpharet.</span> 
     </span>
    </p>
   </div>
   <div class='ocr_carea' id='block_1_6' title="bbox 1002 2751 1860 5286">
    <p class='ocr_par' dir='ltr' id='par_1_12' title="bbox 1002 2751 1860 5286">
     <span class='ocr_line' id='line_1_80' title="bbox 1040 2751 1790 2816; baseline -0.001 -15"><span class='ocrx_word' id='word_1_591' title='bbox 1040 2755 1105 2804; x_wconf 87' lang='lat' dir='ltr'>vttr.</span> <span class='ocrx_word' id='word_1_592' title='bbox 1119 2758 1204 2812; x_wconf 87' lang='lat' dir='ltr'>Quum</span> <span class='ocrx_word' id='word_1_593' title='bbox 1213 2752 1289 2816; x_wconf 82' lang='lat' dir='ltr'>igitur</span> <span class='ocrx_word' id='word_1_594' title='bbox 1298 2766 1397 2803; x_wconf 87' lang='lat' dir='ltr'>onmem</span> <span class='ocrx_word' id='word_1_595' title='bbox 1407 2752 1553 2802; x_wconf 78' lang='lat' dir='ltr'>seditionem</span> <span class='ocrx_word' id='word_1_596' title='bbox 1562 2751 1661 2816; x_wconf 87' lang='lat' dir='ltr'>penitus</span> <span class='ocrx_word' id='word_1_597' title='bbox 1675 2766 1688 2801; x_wconf 92' lang='lat' dir='ltr'>e</span> <span class='ocrx_word' id='word_1_598' title='bbox 1700 2752 1790 2801; x_wconf 84' lang='lat' dir='ltr'>castris</span> 
     </span>
     <span class='ocr_line' id='line_1_81' title="bbox 1008 2838 1788 2902; baseline -0.004 -12"><span class='ocrx_word' id='word_1_599' title='bbox 1008 2839 1092 2890; x_wconf 91' lang='lat' dir='ltr'>tollere</span> <span class='ocrx_word' id='word_1_600' title='bbox 1103 2843 1130 2890; x_wconf 93' lang='lat' dir='ltr'>et</span> <span class='ocrx_word' id='word_1_601' title='bbox 1148 2840 1289 2889; x_wconf 79' lang='lat' dir='ltr'>nniversam</span> <span class='ocrx_word' id='word_1_602' title='bbox 1303 2838 1489 2890; x_wconf 90' lang='lat' dir='ltr'>multitudinem</span> <span class='ocrx_word' id='word_1_603' title='bbox 1503 2838 1527 2887; x_wconf 93' lang='lat' dir='ltr'>in</span> <span class='ocrx_word' id='word_1_604' title='bbox 1547 2838 1675 2902; x_wconf 90' lang='lat' dir='ltr'>pristinam</span> <span class='ocrx_word' id='word_1_605' title='bbox 1688 2851 1788 2888; x_wconf 91' lang='lat' dir='ltr'>concor·</span> 
     </span>
     <span class='ocr_line' id='line_1_82' title="bbox 1006 2927 1788 2985; baseline -0.003 -6"><span class='ocrx_word' id='word_1_606' title='bbox 1006 2928 1075 2980; x_wconf 90' lang='lat' dir='ltr'>diam</span> <span class='ocrx_word' id='word_1_607' title='bbox 1089 2929 1206 2980; x_wconf 85' lang='lat' dir='ltr'>reducere</span> <span class='ocrx_word' id='word_1_608' title='bbox 1221 2929 1321 2985; x_wconf 87' lang='lat' dir='ltr'>vellent,</span> <span class='ocrx_word' id='word_1_609' title='bbox 1335 2932 1361 2978; x_wconf 92' lang='lat' dir='ltr'>et</span> <span class='ocrx_word' id='word_1_610' title='bbox 1372 2928 1397 2977; x_wconf 92' lang='lat' dir='ltr'>in</span> <span class='ocrx_word' id='word_1_611' title='bbox 1413 2928 1461 2977; x_wconf 89' lang='lat' dir='ltr'>boc</span> <span class='ocrx_word' id='word_1_612' title='bbox 1473 2941 1549 2977; x_wconf 91' lang='lat' dir='ltr'>unum</span> <span class='ocrx_word' id='word_1_613' title='bbox 1565 2928 1632 2978; x_wconf 90' lang='lat' dir='ltr'>omui</span> <span class='ocrx_word' id='word_1_614' title='bbox 1650 2927 1752 2978; x_wconf 86' lang='lat' dir='ltr'>consilio</span> <span class='ocrx_word' id='word_1_615' title='bbox 1763 2930 1788 2978; x_wconf 91' lang='lat' dir='ltr'>et</span> 
     </span>
     <span class='ocr_line' id='line_1_83' title="bbox 1007 3015 1839 3091; baseline -0.004 -22"><span class='ocrx_word' id='word_1_616' title='bbox 1007 3017 1137 3083; x_wconf 89' lang='lat' dir='ltr'>prudentia</span> <span class='ocrx_word' id='word_1_617' title='bbox 1153 3017 1339 3074; x_wconf 83' lang='lat' dir='ltr'>incumberent,</span> <span class='ocrx_word' id='word_1_618' title='bbox 1357 3016 1417 3081; x_wconf 87' lang='lat' dir='ltr'>quia</span> <span class='ocrx_word' id='word_1_619' title='bbox 1437 3030 1519 3080; x_wconf 85' lang='lat' dir='ltr'>neque</span> <span class='ocrx_word' id='word_1_620' title='bbox 1537 3015 1749 3067; x_wconf 81' lang='lat' dir='ltr'>animaduersione</span> <span class='ocrx_word' id='word_1_621' title='bbox 1762 3017 1787 3067; x_wconf 92' lang='lat' dir='ltr'>in</span> <span class='ocrx_word' id='word_1_622' title='bbox 1836 3086 1839 3091; x_wconf 20' lang='lat'><strong><em>³</em></strong></span> 
     </span>
     <span class='ocr_line' id='line_1_84' title="bbox 1006 3103 1790 3172; baseline -0.003 -15"><span class='ocrx_word' id='word_1_623' title='bbox 1006 3105 1116 3172; x_wconf 88' lang='lat' dir='ltr'>aliquam</span> <span class='ocrx_word' id='word_1_624' title='bbox 1141 3107 1237 3169; x_wconf 87' lang='lat' dir='ltr'>partem</span> <span class='ocrx_word' id='word_1_625' title='bbox 1261 3109 1356 3155; x_wconf 88' lang='lat' dir='ltr'>ceteros</span> <span class='ocrx_word' id='word_1_626' title='bbox 1381 3103 1540 3168; x_wconf 88' lang='lat' dir='ltr'>sapientiores</span> <span class='ocrx_word' id='word_1_627' title='bbox 1569 3118 1599 3154; x_wconf 86' lang='lat' dir='ltr'>ec</span> <span class='ocrx_word' id='word_1_628' title='bbox 1627 3103 1790 3155; x_wconf 86' lang='lat' dir='ltr'>modestiores</span> 
     </span>
     <span class='ocr_line' id='line_1_85' title="bbox 1007 3189 1788 3257; baseline -0.003 -14"><span class='ocrx_word' id='word_1_629' title='bbox 1007 3191 1110 3243; x_wconf 88' lang='lat' dir='ltr'>reddere</span> <span class='ocrx_word' id='word_1_630' title='bbox 1121 3194 1250 3257; x_wconf 88' lang='lat' dir='ltr'>poterant,</span> <span class='ocrx_word' id='word_1_631' title='bbox 1265 3189 1297 3240; x_wconf 93' lang='lat' dir='ltr'>ob</span> <span class='ocrx_word' id='word_1_632' title='bbox 1311 3203 1426 3254; x_wconf 82' lang='lat' dir='ltr'>magnam</span> <span class='ocrx_word' id='word_1_633' title='bbox 1439 3190 1622 3241; x_wconf 83' lang='lat' dir='ltr'>contumaciam</span> <span class='ocrx_word' id='word_1_634' title='bbox 1640 3191 1664 3241; x_wconf 91' lang='lat' dir='ltr'>in</span> <span class='ocrx_word' id='word_1_635' title='bbox 1677 3190 1788 3254; x_wconf 87' lang='lat' dir='ltr'>ipsorum</span> 
     </span>
     <span class='ocr_line' id='line_1_86' title="bbox 1006 3278 1786 3346; baseline -0.005 -12"><span class='ocrx_word' id='word_1_636' title='bbox 1006 3284 1095 3334; x_wconf 91' lang='lat' dir='ltr'>animis</span> <span class='ocrx_word' id='word_1_637' title='bbox 1107 3283 1221 3343; x_wconf 91' lang='lat' dir='ltr'>insitam,</span> <span class='ocrx_word' id='word_1_638' title='bbox 1232 3282 1276 3346; x_wconf 86' lang='lat' dir='ltr'>qui</span> <span class='ocrx_word' id='word_1_639' title='bbox 1296 3281 1372 3331; x_wconf 89' lang='lat' dir='ltr'>etiam</span> <span class='ocrx_word' id='word_1_640' title='bbox 1384 3293 1453 3330; x_wconf 84' lang='lat' dir='ltr'>arma</span> <span class='ocrx_word' id='word_1_641' title='bbox 1467 3279 1493 3329; x_wconf 94' lang='lat' dir='ltr'>in</span> <span class='ocrx_word' id='word_1_642' title='bbox 1515 3278 1631 3329; x_wconf 88' lang='lat' dir='ltr'>manibus</span> <span class='ocrx_word' id='word_1_643' title='bbox 1642 3278 1786 3339; x_wconf 84' lang='lat' dir='ltr'>habebant;</span> 
     </span>
     <span class='ocr_line' id='line_1_87' title="bbox 1006 3364 1788 3432; baseline -0.008 -9"><span class='ocrx_word' id='word_1_644' title='bbox 1006 3387 1051 3423; x_wconf 91' lang='lat' dir='ltr'>nec</span> <span class='ocrx_word' id='word_1_645' title='bbox 1070 3371 1166 3431; x_wconf 75' lang='lat' dir='ltr'>verbis,</span> <span class='ocrx_word' id='word_1_646' title='bbox 1183 3385 1228 3420; x_wconf 92' lang='lat' dir='ltr'>nec</span> <span class='ocrx_word' id='word_1_647' title='bbox 1243 3369 1394 3429; x_wconf 90' lang='lat' dir='ltr'>rationibus,</span> <span class='ocrx_word' id='word_1_648' title='bbox 1418 3367 1455 3419; x_wconf 84' lang='lat' dir='ltr'>ud</span> <span class='ocrx_word' id='word_1_649' title='bbox 1469 3364 1588 3432; x_wconf 68' lang='lat' dir='ltr'>effidem</span> <span class='ocrx_word' id='word_1_650' title='bbox 1607 3367 1698 3418; x_wconf 87' lang='lat' dir='ltr'>ducere</span> <span class='ocrx_word' id='word_1_651' title='bbox 1718 3368 1788 3430; x_wconf 86' lang='lat' dir='ltr'>pote-</span> 
     </span>
     <span class='ocr_line' id='line_1_88' title="bbox 1006 3448 1786 3515; baseline -0.008 -13"><span class='ocrx_word' id='word_1_652' title='bbox 1006 3455 1061 3503; x_wconf 88' lang='lat' dir='ltr'>rant</span> <span class='ocrx_word' id='word_1_653' title='bbox 1076 3464 1132 3509; x_wconf 87' lang='lat' dir='ltr'>eos,</span> <span class='ocrx_word' id='word_1_654' title='bbox 1155 3450 1199 3515; x_wconf 87' lang='lat' dir='ltr'>qui</span> <span class='ocrx_word' id='word_1_655' title='bbox 1218 3450 1343 3500; x_wconf 89' lang='lat' dir='ltr'>obstinato</span> <span class='ocrx_word' id='word_1_656' title='bbox 1367 3453 1438 3499; x_wconf 87' lang='lat' dir='ltr'>erent</span> <span class='ocrx_word' id='word_1_657' title='bbox 1462 3449 1545 3499; x_wconf 91' lang='lat' dir='ltr'>animo</span> <span class='ocrx_word' id='word_1_658' title='bbox 1567 3462 1573 3492; x_wconf 80' lang='grc' dir='ltr'>ι</span> <span class='ocrx_word' id='word_1_659' title='bbox 1596 3448 1786 3509; x_wconf 78' lang='lat' dir='ltr'>existimarunt,</span> 
     </span>
     <span class='ocr_line' id='line_1_89' title="bbox 1005 3529 1788 3595; baseline -0.008 -10"><span class='ocrx_word' id='word_1_660' title='bbox 1005 3534 1105 3585; x_wconf 88' lang='lat' dir='ltr'>duobus</span> <span class='ocrx_word' id='word_1_661' title='bbox 1118 3534 1199 3583; x_wconf 89' lang='lat' dir='ltr'>modis</span> <span class='ocrx_word' id='word_1_662' title='bbox 1213 3533 1344 3583; x_wconf 88' lang='lat' dir='ltr'>seditiosos</span> <span class='ocrx_word' id='word_1_663' title='bbox 1354 3532 1378 3581; x_wconf 93' lang='lat' dir='ltr'>in</span> <span class='ocrx_word' id='word_1_664' title='bbox 1393 3532 1497 3595; x_wconf 75' lang='lat' dir='ltr'>gratiam</span> <span class='ocrx_word' id='word_1_665' title='bbox 1511 3530 1685 3591; x_wconf 86' lang='lat' dir='ltr'>redituros,et</span> <span class='ocrx_word' id='word_1_666' title='bbox 1699 3529 1788 3593; x_wconf 87' lang='lat' dir='ltr'>ingenii</span> 
     </span>
     <span class='ocr_line' id='line_1_90' title="bbox 1006 3617 1787 3687; baseline -0.004 -17"><span class='ocrx_word' id='word_1_667' title='bbox 1006 3620 1107 3687; x_wconf 88' lang='lat' dir='ltr'>quidem</span> <span class='ocrx_word' id='word_1_668' title='bbox 1122 3620 1294 3670; x_wconf 88' lang='lat' dir='ltr'>mansuetioris</span> <span class='ocrx_word' id='word_1_669' title='bbox 1309 3619 1421 3669; x_wconf 89' lang='lat' dir='ltr'>homines</span> <span class='ocrx_word' id='word_1_670' title='bbox 1434 3620 1519 3679; x_wconf 84' lang='lat' dir='ltr'>(erant</span> <span class='ocrx_word' id='word_1_671' title='bbox 1533 3618 1636 3668; x_wconf 90' lang='lat' dir='ltr'>enimet</span> <span class='ocrx_word' id='word_1_672' title='bbox 1649 3617 1711 3667; x_wconf 83' lang='lat' dir='ltr'>tales</span> <span class='ocrx_word' id='word_1_673' title='bbox 1723 3631 1787 3667; x_wconf 92' lang='lat' dir='ltr'>non·</span> 
     </span>
     <span class='ocr_line' id='line_1_91' title="bbox 1005 3700 1786 3764; baseline -0.005 -11"><span class='ocrx_word' id='word_1_674' title='bbox 1005 3703 1066 3753; x_wconf 89' lang='lat' dir='ltr'>nulli</span> <span class='ocrx_word' id='word_1_675' title='bbox 1083 3701 1239 3752; x_wconf 92' lang='lat' dir='ltr'>multitudini</span> <span class='ocrx_word' id='word_1_676' title='bbox 1252 3700 1371 3764; x_wconf 83' lang='lat' dir='ltr'>admixti)</span> <span class='ocrx_word' id='word_1_677' title='bbox 1391 3701 1581 3764; x_wconf 88' lang='lat' dir='ltr'>opprobriorum</span> <span class='ocrx_word' id='word_1_678' title='bbox 1595 3700 1724 3751; x_wconf 89' lang='lat' dir='ltr'>hostilium</span> <span class='ocrx_word' id='word_1_679' title='bbox 1738 3715 1786 3764; x_wconf 91' lang='lat' dir='ltr'>pu-</span> 
     </span>
     <span class='ocr_line' id='line_1_92' title="bbox 1006 3784 1789 3850; baseline -0.003 -13"><span class='ocrx_word' id='word_1_680' title='bbox 1006 3786 1078 3847; x_wconf 89' lang='lat' dir='ltr'>dore;</span> <span class='ocrx_word' id='word_1_681' title='bbox 1101 3800 1144 3837; x_wconf 91' lang='lat' dir='ltr'>cos</span> <span class='ocrx_word' id='word_1_682' title='bbox 1164 3799 1237 3847; x_wconf 88' lang='lat' dir='ltr'>vero,</span> <span class='ocrx_word' id='word_1_683' title='bbox 1257 3784 1303 3850; x_wconf 91' lang='lat' dir='ltr'>qui</span> <span class='ocrx_word' id='word_1_684' title='bbox 1326 3784 1358 3835; x_wconf 91' lang='lat' dir='ltr'>ad</span> <span class='ocrx_word' id='word_1_685' title='bbox 1380 3785 1537 3837; x_wconf 88' lang='lat' dir='ltr'>honestatem</span> <span class='ocrx_word' id='word_1_686' title='bbox 1551 3784 1651 3835; x_wconf 86' lang='lat' dir='ltr'>diltlcilc</span> <span class='ocrx_word' id='word_1_687' title='bbox 1675 3784 1789 3848; x_wconf 88' lang='lat' dir='ltr'>compelli</span> 
     </span>
     <span class='ocr_line' id='line_1_93' title="bbox 1005 3870 1846 3939; baseline -0.006 -15"><span class='ocrx_word' id='word_1_688' title='bbox 1005 3877 1118 3939; x_wconf 82' lang='lat' dir='ltr'>possent,</span> <span class='ocrx_word' id='word_1_689' title='bbox 1138 3874 1192 3938; x_wconf 87' lang='lat' dir='ltr'>ipsa</span> <span class='ocrx_word' id='word_1_690' title='bbox 1212 3873 1371 3931; x_wconf 85' lang='lat' dir='ltr'>necessitate,</span> <span class='ocrx_word' id='word_1_691' title='bbox 1391 3886 1468 3937; x_wconf 90' lang='lat' dir='ltr'>quam</span> <span class='ocrx_word' id='word_1_692' title='bbox 1486 3872 1630 3921; x_wconf 83' lang='lat' dir='ltr'>universum</span> <span class='ocrx_word' id='word_1_693' title='bbox 1646 3885 1724 3935; x_wconf 89' lang='lat' dir='ltr'>genus</span> <span class='ocrx_word' id='word_1_694' title='bbox 1737 3870 1787 3919; x_wconf 91' lang='lat' dir='ltr'>bu·</span> <span class='ocrx_word' id='word_1_695' title='bbox 1843 3876 1846 3880; x_wconf 58' lang='lat'><strong>⁴</strong></span> 
     </span>
     <span class='ocr_line' id='line_1_94' title="bbox 1006 3955 1785 4021; baseline -0.003 -14"><span class='ocrx_word' id='word_1_696' title='bbox 1006 3972 1108 4008; x_wconf 90' lang='lat' dir='ltr'>manum</span> <span class='ocrx_word' id='word_1_697' title='bbox 1123 3955 1221 4007; x_wconf 88' lang='lat' dir='ltr'>metuit.</span> <span class='ocrx_word' id='word_1_698' title='bbox 1255 3959 1289 4007; x_wconf 89' lang='lat' dir='ltr'>Ut</span> <span class='ocrx_word' id='word_1_699' title='bbox 1307 3956 1384 4021; x_wconf 86' lang='lat' dir='ltr'>igitur</span> <span class='ocrx_word' id='word_1_700' title='bbox 1405 3957 1453 4007; x_wconf 87' lang='lat' dir='ltr'>boc</span> <span class='ocrx_word' id='word_1_701' title='bbox 1471 3960 1607 4020; x_wconf 86' lang='lat' dir='ltr'>utrumque</span> <span class='ocrx_word' id='word_1_702' title='bbox 1627 3957 1713 4017; x_wconf 92' lang='lat' dir='ltr'>tieret,</span> <span class='ocrx_word' id='word_1_703' title='bbox 1729 3969 1785 4020; x_wconf 88' lang='lat' dir='ltr'>per·</span> 
     </span>
     <span class='ocr_line' id='line_1_95' title="bbox 1005 4037 1788 4102; baseline -0.004 -12"><span class='ocrx_word' id='word_1_704' title='bbox 1005 4040 1142 4102; x_wconf 89' lang='lat' dir='ltr'>miserunt,</span> <span class='ocrx_word' id='word_1_705' title='bbox 1157 4042 1185 4088; x_wconf 89' lang='lat' dir='ltr'>ut</span> <span class='ocrx_word' id='word_1_706' title='bbox 1201 4037 1285 4090; x_wconf 89' lang='lat' dir='ltr'>hostes</span> <span class='ocrx_word' id='word_1_707' title='bbox 1302 4041 1328 4089; x_wconf 91' lang='lat' dir='ltr'>et</span> <span class='ocrx_word' id='word_1_708' title='bbox 1339 4037 1526 4089; x_wconf 88' lang='lat' dir='ltr'>contumeliosis</span> <span class='ocrx_word' id='word_1_709' title='bbox 1543 4037 1627 4089; x_wconf 88' lang='lat' dir='ltr'>verbis</span> <span class='ocrx_word' id='word_1_710' title='bbox 1646 4038 1693 4088; x_wconf 89' lang='lat' dir='ltr'>sibi</span> <span class='ocrx_word' id='word_1_711' title='bbox 1713 4037 1788 4089; x_wconf 86' lang='lat' dir='ltr'>insul·</span> 
     </span>
     <span class='ocr_line' id='line_1_96' title="bbox 1006 4123 1860 4195; baseline -0.009 -14"><span class='ocrx_word' id='word_1_712' title='bbox 1006 4134 1100 4192; x_wconf 89' lang='lat' dir='ltr'>tarent,</span> <span class='ocrx_word' id='word_1_713' title='bbox 1121 4144 1192 4180; x_wconf 91' lang='lat' dir='ltr'>suam</span> <span class='ocrx_word' id='word_1_714' title='bbox 1213 4130 1324 4195; x_wconf 89' lang='lat' dir='ltr'>quietem</span> <span class='ocrx_word' id='word_1_715' title='bbox 1341 4129 1447 4192; x_wconf 74' lang='lat' dir='ltr'>ignavie</span> <span class='ocrx_word' id='word_1_716' title='bbox 1461 4126 1644 4186; x_wconf 85' lang='lat' dir='ltr'>adscribentes,</span> <span class='ocrx_word' id='word_1_717' title='bbox 1658 4130 1683 4176; x_wconf 89' lang='lat' dir='ltr'>et</span> <span class='ocrx_word' id='word_1_718' title='bbox 1697 4123 1786 4185; x_wconf 89' lang='lat' dir='ltr'>iactis,</span> <span class='ocrx_word' id='word_1_719' title='bbox 1856 4140 1860 4148; x_wconf 94' lang='lat'>·</span> 
     </span>
     <span class='ocr_line' id='line_1_97' title="bbox 1004 4208 1787 4279; baseline -0.013 -13"><span class='ocrx_word' id='word_1_720' title='bbox 1004 4217 1173 4279; x_wconf 81' lang='lat' dir='ltr'>postmultum</span> <span class='ocrx_word' id='word_1_721' title='bbox 1185 4213 1390 4278; x_wconf 88' lang='lat' dir='ltr'>contemptionem</span> <span class='ocrx_word' id='word_1_722' title='bbox 1398 4214 1424 4263; x_wconf 91' lang='lat' dir='ltr'>et</span> <span class='ocrx_word' id='word_1_723' title='bbox 1431 4211 1586 4275; x_wconf 88' lang='lat' dir='ltr'>despectum,</span> <span class='ocrx_word' id='word_1_724' title='bbox 1599 4210 1630 4260; x_wconf 88' lang='lat' dir='ltr'>iis</span> <span class='ocrx_word' id='word_1_725' title='bbox 1638 4210 1683 4272; x_wconf 86' lang='lat' dir='ltr'>qui</span> <span class='ocrx_word' id='word_1_726' title='bbox 1694 4208 1787 4258; x_wconf 91' lang='lat' dir='ltr'>nollent</span> 
     </span>
     <span class='ocr_line' id='line_1_98' title="bbox 1005 4291 1787 4361; baseline -0.01 -14"><span class='ocrx_word' id='word_1_727' title='bbox 1005 4300 1091 4361; x_wconf 86' lang='lat' dir='ltr'>sponte</span> <span class='ocrx_word' id='word_1_728' title='bbox 1114 4311 1165 4348; x_wconf 89' lang='lat' dir='ltr'>rem</span> <span class='ocrx_word' id='word_1_729' title='bbox 1190 4294 1288 4346; x_wconf 81' lang='lat' dir='ltr'>fortiter</span> <span class='ocrx_word' id='word_1_730' title='bbox 1309 4308 1407 4357; x_wconf 81' lang='lat' dir='ltr'>gerere,</span> <span class='ocrx_word' id='word_1_731' title='bbox 1435 4292 1585 4343; x_wconf 88' lang='lat' dir='ltr'>tortitudinis</span> <span class='ocrx_word' id='word_1_732' title='bbox 1613 4291 1787 4340; x_wconf 86' lang='lat' dir='ltr'>necessitatem</span> 
     </span>
     <span class='ocr_line' id='line_1_99' title="bbox 1004 4373 1786 4445; baseline -0.01 -15"><span class='ocrx_word' id='word_1_733' title='bbox 1004 4379 1158 4445; x_wconf 91' lang='lat' dir='ltr'>imponerent</span> <span class='ocrx_word' id='word_1_734' title='bbox 1172 4396 1178 4426; x_wconf 75' lang='grc' dir='ltr'>ε</span> <span class='ocrx_word' id='word_1_735' title='bbox 1195 4381 1217 4432; x_wconf 91' lang='lat' dir='ltr'>si</span> <span class='ocrx_word' id='word_1_736' title='bbox 1231 4380 1297 4431; x_wconf 88' lang='lat' dir='ltr'>enim</span> <span class='ocrx_word' id='word_1_737' title='bbox 1308 4379 1364 4430; x_wconf 81' lang='lat' dir='ltr'>baso</span> <span class='ocrx_word' id='word_1_738' title='bbox 1386 4381 1488 4435; x_wconf 86' lang='lat' dir='ltr'>tierent,</span> <span class='ocrx_word' id='word_1_739' title='bbox 1503 4389 1615 4440; x_wconf 90' lang='lat' dir='ltr'>magnam</span> <span class='ocrx_word' id='word_1_740' title='bbox 1627 4388 1696 4438; x_wconf 91' lang='lat' dir='ltr'>spem</span> <span class='ocrx_word' id='word_1_741' title='bbox 1710 4373 1786 4424; x_wconf 87' lang='lat' dir='ltr'>babe-</span> 
     </span>
     <span class='ocr_line' id='line_1_100' title="bbox 1004 4458 1787 4527; baseline -0.009 -13"><span class='ocrx_word' id='word_1_742' title='bbox 1004 4463 1065 4515; x_wconf 90' lang='lat' dir='ltr'>bant</span> <span class='ocrx_word' id='word_1_743' title='bbox 1089 4463 1143 4515; x_wconf 87' lang='lat' dir='ltr'>lore</span> <span class='ocrx_word' id='word_1_744' title='bbox 1162 4468 1190 4516; x_wconf 88' lang='lat' dir='ltr'>ut</span> <span class='ocrx_word' id='word_1_745' title='bbox 1207 4478 1293 4516; x_wconf 90' lang='lat' dir='ltr'>omnes</span> <span class='ocrx_word' id='word_1_746' title='bbox 1309 4463 1343 4514; x_wconf 90' lang='lat' dir='ltr'>ad</span> <span class='ocrx_word' id='word_1_747' title='bbox 1364 4461 1508 4527; x_wconf 71' lang='lat' dir='ltr'>praetorium</span> <span class='ocrx_word' id='word_1_748' title='bbox 1532 4460 1657 4516; x_wconf 87' lang='lat' dir='ltr'>venirent,</span> <span class='ocrx_word' id='word_1_749' title='bbox 1679 4472 1731 4523; x_wconf 84' lang='lat' dir='ltr'>prae</span> <span class='ocrx_word' id='word_1_750' title='bbox 1749 4458 1787 4508; x_wconf 87' lang='lat' dir='ltr'>in-</span> 
     </span>
     <span class='ocr_line' id='line_1_101' title="bbox 1004 4542 1787 4612; baseline -0.011 -14"><span class='ocrx_word' id='word_1_751' title='bbox 1004 4548 1143 4612; x_wconf 78' lang='lat' dir='ltr'>dignatione</span> <span class='ocrx_word' id='word_1_752' title='bbox 1157 4549 1319 4600; x_wconf 85' lang='lat' dir='ltr'>vociierantes</span> <span class='ocrx_word' id='word_1_753' title='bbox 1330 4552 1356 4598; x_wconf 88' lang='lat' dir='ltr'>ct</span> <span class='ocrx_word' id='word_1_754' title='bbox 1377 4563 1403 4599; x_wconf 90' lang='lat' dir='ltr'>se</span> <span class='ocrx_word' id='word_1_755' title='bbox 1416 4549 1502 4596; x_wconf 90' lang='lat' dir='ltr'>contra</span> <span class='ocrx_word' id='word_1_756' title='bbox 1514 4545 1598 4594; x_wconf 88' lang='lat' dir='ltr'>hostes</span> <span class='ocrx_word' id='word_1_757' title='bbox 1611 4542 1670 4592; x_wconf 89' lang='lat' dir='ltr'>duci</span> <span class='ocrx_word' id='word_1_758' title='bbox 1686 4555 1787 4605; x_wconf 85' lang='lat' dir='ltr'>poscen-</span> 
     </span>
     <span class='ocr_line' id='line_1_102' title="bbox 1005 4627 1785 4698; baseline -0.017 -15"><span class='ocrx_word' id='word_1_759' title='bbox 1005 4634 1058 4690; x_wconf 70' lang='lat' dir='ltr'>tess</span> <span class='ocrx_word' id='word_1_760' title='bbox 1074 4632 1098 4683; x_wconf 92' lang='lat' dir='ltr'>ld</span> <span class='ocrx_word' id='word_1_761' title='bbox 1118 4632 1187 4698; x_wconf 82' lang='lat' dir='ltr'>qnod</span> <span class='ocrx_word' id='word_1_762' title='bbox 1202 4633 1275 4683; x_wconf 90' lang='lat' dir='ltr'>etiam</span> <span class='ocrx_word' id='word_1_763' title='bbox 1289 4634 1387 4684; x_wconf 85' lang='lat' dir='ltr'>accidit.</span> <span class='ocrx_word' id='word_1_764' title='bbox 1427 4631 1473 4681; x_wconf 89' lang='lat' dir='ltr'>Ubi</span> <span class='ocrx_word' id='word_1_765' title='bbox 1485 4630 1550 4681; x_wconf 91' lang='lat' dir='ltr'>enirn</span> <span class='ocrx_word' id='word_1_766' title='bbox 1563 4629 1645 4678; x_wconf 84' lang='lat' dir='ltr'>hostes</span> <span class='ocrx_word' id='word_1_767' title='bbox 1660 4627 1785 4689; x_wconf 80' lang='lat' dir='ltr'>eruperunt</span> 
     </span>
     <span class='ocr_line' id='line_1_103' title="bbox 1005 4707 1785 4779; baseline -0.017 -15"><span class='ocrx_word' id='word_1_768' title='bbox 1005 4718 1143 4766; x_wconf 86' lang='lat' dir='ltr'>castrorum</span> <span class='ocrx_word' id='word_1_769' title='bbox 1160 4716 1243 4767; x_wconf 81' lang='lat' dir='ltr'>esitus</span> <span class='ocrx_word' id='word_1_770' title='bbox 1260 4716 1326 4766; x_wconf 86' lang='lat' dir='ltr'>iossa</span> <span class='ocrx_word' id='word_1_771' title='bbox 1342 4715 1457 4779; x_wconf 84' lang='lat' dir='ltr'>valloque</span> <span class='ocrx_word' id='word_1_772' title='bbox 1475 4713 1586 4776; x_wconf 81' lang='lat' dir='ltr'>cingere,</span> <span class='ocrx_word' id='word_1_773' title='bbox 1604 4707 1719 4765; x_wconf 82' lang='lat' dir='ltr'>Rorriani,</span> <span class='ocrx_word' id='word_1_774' title='bbox 1732 4717 1785 4752; x_wconf 87' lang='lat' dir='ltr'>rem</span> 
     </span>
     <span class='ocr_line' id='line_1_104' title="bbox 1005 4791 1784 4862; baseline -0.013 -14"><span class='ocrx_word' id='word_1_775' title='bbox 1005 4798 1129 4862; x_wconf 80' lang='lat' dir='ltr'>indignam</span> <span class='ocrx_word' id='word_1_776' title='bbox 1144 4812 1172 4848; x_wconf 86' lang='lat' dir='ltr'>ac</span> <span class='ocrx_word' id='word_1_777' title='bbox 1183 4799 1283 4848; x_wconf 90' lang='lat' dir='ltr'>minime</span> <span class='ocrx_word' id='word_1_778' title='bbox 1297 4797 1421 4848; x_wconf 60' lang='lat' dir='ltr'>terrendam</span> <span class='ocrx_word' id='word_1_779' title='bbox 1438 4799 1498 4852; x_wconf 84' lang='lat' dir='ltr'>rati.</span> <span class='ocrx_word' id='word_1_780' title='bbox 1512 4793 1583 4859; x_wconf 86' lang='lat' dir='ltr'>pauci</span> <span class='ocrx_word' id='word_1_781' title='bbox 1596 4791 1713 4855; x_wconf 74' lang='lat' dir='ltr'>primun.</span> <span class='ocrx_word' id='word_1_782' title='bbox 1724 4798 1784 4834; x_wconf 84' lang='lat' dir='ltr'>mox</span> 
     </span>
     <span class='ocr_line' id='line_1_105' title="bbox 1005 4867 1786 4931; baseline -0.02 -1"><span class='ocrx_word' id='word_1_783' title='bbox 1005 4880 1152 4931; x_wconf 87' lang='lat' dir='ltr'>catervatim</span> <span class='ocrx_word' id='word_1_784' title='bbox 1173 4885 1347 4931; x_wconf 79' lang='lat' dir='ltr'>consumentes</span> <span class='ocrx_word' id='word_1_785' title='bbox 1367 4881 1397 4930; x_wconf 87' lang='lat' dir='ltr'>ad</span> <span class='ocrx_word' id='word_1_786' title='bbox 1419 4878 1548 4929; x_wconf 85' lang='lat' dir='ltr'>consulum</span> <span class='ocrx_word' id='word_1_787' title='bbox 1562 4870 1682 4929; x_wconf 88' lang='lat' dir='ltr'>tentoria,</span> <span class='ocrx_word' id='word_1_788' title='bbox 1695 4867 1786 4916; x_wconf 88' lang='lat' dir='ltr'>clamo-</span> 
     </span>
     <span class='ocr_line' id='line_1_106' title="bbox 1004 4949 1784 5027; baseline -0.017 -15"><span class='ocrx_word' id='word_1_789' title='bbox 1004 4977 1056 5013; x_wconf 91' lang='lat' dir='ltr'>rem</span> <span class='ocrx_word' id='word_1_790' title='bbox 1078 4963 1246 5021; x_wconf 86' lang='lat' dir='ltr'>sustulerunt,</span> <span class='ocrx_word' id='word_1_791' title='bbox 1267 4967 1293 5014; x_wconf 90' lang='lat' dir='ltr'>et</span> <span class='ocrx_word' id='word_1_792' title='bbox 1313 4962 1460 5027; x_wconf 90' lang='lat' dir='ltr'>proditionis</span> <span class='ocrx_word' id='word_1_793' title='bbox 1479 4973 1521 5008; x_wconf 89' lang='lat' dir='ltr'>cos</span> <span class='ocrx_word' id='word_1_794' title='bbox 1545 4949 1736 5009; x_wconf 88' lang='lat' dir='ltr'>insimulabant,</span> <span class='ocrx_word' id='word_1_795' title='bbox 1758 4951 1784 5000; x_wconf 83' lang='lat' dir='ltr'>et</span> 
     </span>
     <span class='ocr_line' id='line_1_107' title="bbox 1004 5034 1783 5108; baseline -0.014 -14"><span class='ocrx_word' id='word_1_796' title='bbox 1004 5045 1051 5094; x_wconf 84' lang='lat' dir='ltr'>uisi</span> <span class='ocrx_word' id='word_1_797' title='bbox 1074 5045 1130 5108; x_wconf 88' lang='lat' dir='ltr'>quis</span> <span class='ocrx_word' id='word_1_798' title='bbox 1157 5059 1269 5108; x_wconf 86' lang='lat' dir='ltr'>egressus</span> <span class='ocrx_word' id='word_1_799' title='bbox 1288 5046 1377 5096; x_wconf 88' lang='lat' dir='ltr'>ducem</span> <span class='ocrx_word' id='word_1_800' title='bbox 1396 5059 1422 5094; x_wconf 86' lang='lat' dir='ltr'>se</span> <span class='ocrx_word' id='word_1_801' title='bbox 1447 5041 1608 5105; x_wconf 76' lang='lat' dir='ltr'>praebuisset,</span> <span class='ocrx_word' id='word_1_802' title='bbox 1636 5050 1663 5086; x_wconf 91' lang='lat' dir='ltr'>se</span> <span class='ocrx_word' id='word_1_803' title='bbox 1685 5034 1783 5085; x_wconf 91' lang='lat' dir='ltr'>iniussu</span> 
     </span>
     <span class='ocr_line' id='line_1_108' title="bbox 1003 5124 1782 5196; baseline -0.01 -14"><span class='ocrx_word' id='word_1_804' title='bbox 1003 5132 1100 5182; x_wconf 89' lang='lat' dir='ltr'>illorum</span> <span class='ocrx_word' id='word_1_805' title='bbox 1118 5134 1327 5196; x_wconf 77' lang='lat' dir='ltr'>corruptissimis</span> <span class='ocrx_word' id='word_1_806' title='bbox 1345 5130 1500 5194; x_wconf 90' lang='lat' dir='ltr'>eruptionem</span> <span class='ocrx_word' id='word_1_807' title='bbox 1520 5128 1544 5176; x_wconf 95' lang='lat' dir='ltr'>in</span> <span class='ocrx_word' id='word_1_808' title='bbox 1557 5128 1654 5177; x_wconf 88' lang='lat' dir='ltr'>hostem</span> <span class='ocrx_word' id='word_1_809' title='bbox 1673 5124 1782 5177; x_wconf 84' lang='lat' dir='ltr'>facturos</span> 
     </span>
     <span class='ocr_line' id='line_1_109' title="bbox 1002 5215 1779 5286; baseline -0.012 -12"><span class='ocrx_word' id='word_1_810' title='bbox 1002 5221 1124 5274; x_wconf 89' lang='lat' dir='ltr'>dicebaut.</span> <span class='ocrx_word' id='word_1_811' title='bbox 1166 5223 1198 5271; x_wconf 89' lang='lat' dir='ltr'>Et</span> <span class='ocrx_word' id='word_1_812' title='bbox 1214 5235 1292 5286; x_wconf 87' lang='lat' dir='ltr'>quum</span> <span class='ocrx_word' id='word_1_813' title='bbox 1318 5221 1341 5270; x_wconf 93' lang='lat' dir='ltr'>id</span> <span class='ocrx_word' id='word_1_814' title='bbox 1368 5219 1400 5268; x_wconf 88' lang='lat' dir='ltr'>ab</span> <span class='ocrx_word' id='word_1_815' title='bbox 1422 5217 1536 5268; x_wconf 89' lang='lat' dir='ltr'>omnibus</span> <span class='ocrx_word' id='word_1_816' title='bbox 1550 5216 1632 5277; x_wconf 80' lang='lat' dir='ltr'>fieret,</span> <span class='ocrx_word' id='word_1_817' title='bbox 1651 5215 1779 5274; x_wconf 83' lang='lat' dir='ltr'>consules,</span> 
     </span>
    </p>
   </div>
   <div class='ocr_carea' id='block_1_7' title="bbox 0 0 1890 5828">
    <p class='ocr_par' dir='ltr' id='par_1_13' title="bbox 0 0 1890 5828">
     <span class='ocr_line' id='line_1_110' title="bbox 0 0 1890 5828; baseline 0 1"><span class='ocrx_word' id='word_1_818' title='bbox 0 0 1890 5828; x_wconf 95' lang='lat' dir='ltr'> </span> 
     </span>
    </p>
   </div>
  </div>
 </body>
</html>
