3772 5828
176 337 236 395 lio

178 491 194 521 a
210 467 376 546 πραγμάτων
400 473 435 537 ὡς
465 474 530 546 ήμῑν
555 472 712 551 συνέφερεν,
737 478 783 533 οὐκ
807 475 838 534 διν
860 478 950 555 εἴημεν

179 557 302 636 αάνδρες
317 556 386 624 οίους
406 562 477 634 ἡμᾶς
500 564 633 637 προσῆκεν
657 552 745 640 εἶναι,
768 566 790 622 εί
808 563 845 641 μή
866 590 952 642 τιμω-

181 667 196 698 α
214 646 364 724 ρησαίμεθα
378 646 436 712 τοὺς
449 647 593 726 προδότας,
608 647 635 707 οἵ
653 673 682 729 γε
704 651 783 731 χωρὶς
803 657 848 724 τῆς
870 654 952 726 ἄλλης
975 659 980 675 “

179 755 192 788 τ
213 735 433 809 ἀναγκαιότητος,
450 735 482 807 ἢν
498 737 541 793 διὰ
559 738 590 796 τὸ
607 741 729 816 συγγενὲς
751 742 832 820 ἐχρῆν
859 745 950 813 αὐτούς

178 822 369 899 «φυλάττειν,
392 823 504 890 τπονδδις
528 825 573 882 καὶ
599 827 674 905 ὅρκια
700 832 873 909 ποιησάμενοι
886 835 950 912 πρὸς

178 913 280 984 αήμᾶς
303 909 425 988 ἔναγχος,
457 910 516 970 ούτε
541 912 612 980 θεοθς
642 917 791 991 δείσαντες,
820 919 863 986 οθς
897 925 948 980 τῶν

79 1012 82 1019 ’
178 1021 191 1052 ι
208 999 352 1074 ὁμολογιῶν
378 998 537 1070 ἐποιήσαντο
552 1001 703 1084 μάρτυρας,
720 1004 778 1066 οὔτε
802 1008 948 1068 τὸδίκαιον

176 1107 191 1137 α
207 1082 271 1140 αὐτὸ
299 1084 343 1143 καί
369 1083 416 1155 τήν
444 1088 607 1166 ἀνθρωπίνην
634 1092 739 1170 νέμεσιν
760 1097 944 1176 ἐντραπέντες,

175 1195 190 1226 α
205 1168 264 1229 οὔτε
289 1173 319 1229 τὸ
340 1177 386 1231 τοῦ
411 1176 530 1234 κινδύνου
553 1178 674 1256 μέγεθος,
698 1183 720 1241 εἷ
744 1182 781 1261 μή
801 1183 870 1244 κατὰ
887 1190 947 1245 νοῦν

175 1260 294 1327 «αὐτοῖς
322 1264 338 1329 ή
369 1262 493 1340 προδοσία
528 1266 689 1346 χωρήσειεν,
719 1272 945 1352 ὑπολογιζόμενοι,

173 1370 187 1401 α
206 1346 250 1404 τὸν
266 1347 396 1407 οἴκτιστον
411 1351 505 1427 τρόπον
529 1357 599 1424 lpse
613 1357 787 1439 ἐπεχείρησαν
808 1361 946 1435 ἀπολέσαι,

173 1434 261 1500 ατοθς
282 1435 406 1503 ἀποίκους
425 1461 453 1495 τε
479 1439 525 1497 καὶ
545 1442 683 1520 εὐεργέτας
705 1447 729 1504 οἱ
751 1446 854 1506 κτίσται
878 1450 946 1527 μετὰ

173 1546 186 1577 ι
205 1525 257 1578 τῶν
269 1524 396 1600 ίχθίστων
409 1548 439 1583 τε
453 1525 499 1583 καί
517 1530 723 1604 πολεμιωτάτων
737 1536 854 1603 στάντες.
874 1565 885 1589 ι

210 1611 319 1671 XXIX.
342 1614 367 1671 Τ
368 1617 434 1670 α’ῡτα
450 1615 473 1671 δ’
492 1617 569 1676 αὐτοῦ
585 1617 704 1695 λέγοντος
721 1624 834 1700 οἰμωγαί
848 1648 876 1684 τε
893 1628 944 1684 τῶν

171 1695 311 1757 Ἀλβανῶν
334 1698 447 1777 ίγίνοντο
461 1701 505 1760 καὶ
519 1707 686 1764 παντοδαπαὶ
705 1709 822 1785 δεήσεις,
836 1719 881 1772 τοῦ
897 1713 943 1791 μέν

168 1785 253 1861 δήμου
270 1785 351 1863 μηδὲν
365 1789 506 1865 ἀγνωκίναι
518 1791 638 1870 λέγοντος
651 1786 687 1854 ὧν
702 1798 828 1868 δίίίέττος
837 1805 943 1882 ἐμηχα-

166 1884 229 1933 νᾶτο
238 1918 247 1947 ,
257 1878 310 1934 τῶν
322 1874 349 1933 δὲ
365 1876 411 1944 τάς
426 1878 565 1956 ἡγεμονίας
579 1884 689 1962 ἐχόντων
710 1887 738 1944 οὗ
753 1887 877 1970 πρότερον
891 1914 941 1950 πε-

166 1961 262 2022 ιπίσθαι
275 1962 322 2029 τὰς
345 1965 507 2046 ἀπορρήτους
532 1972 627 2044 βουλὰς
654 1975 843 2049 σκηπτομένων
869 1977 887 2051 ή
915 1983 941 2038 ἐν

166 2051 237 2132 αὐτῷ
257 2051 377 2129 γενέσθαι
390 2057 428 2133 τῷ
444 2057 535 2135 ἀγῶνι,
551 2057 618 2128 ἡνίκ’
634 2059 693 2119 οὔτε
704 2064 814 2122 κωλύειν
829 2064 887 2125 οὔτε
902 2067 940 2145 μή

125 2167 128 2179 ·
165 2139 288 2218 πράττειν
306 2140 339 2199 τδι
354 2142 503 2221 κελευόμεν’
517 2145 544 2202 έν
556 2146 657 2227 δυνατῷ
668 2147 756 2230 σφίσιν
770 2143 817 2223 ήν·
831 2153 882 2226 ήδη
912 2156 941 2214 δέ

166 2250 243 2284 τινων
255 2227 300 2286 καὶ
314 2228 358 2286 ἐπὶ
369 2229 417 2302 τήν
443 2233 563 2293 ἀκούσιον
580 2233 696 2312 ἀνάγκην
714 2239 895 2316 ἀναφερόντων
909 2243 940 2303 τδ

163 2323 276 2392 πρᾶγμα
295 2316 338 2374 διθι
362 2318 468 2388 κηδείαν
489 2321 505 2391 ἢ
528 2320 570 2379 δεδι
588 2324 750 2400 συγγένειαν.
792 2318 839 2394 Οἷς
857 2332 872 2387 θ
887 2335 939 2408 βα-

163 2401 248 2468 σιλεὺς
271 2407 405 2476 σιωπῆσαι
435 2407 560 2475 κελεύσας
578 2408 676 2478 ἔλεξεν·
709 2435 724 2469 (ι
747 2416 812 2475 Οὐδ’
833 2418 878 2494 ἐμὲ
894 2418 938 2478 λέ-

155 2515 182 2550 .α
197 2493 292 2564 ληθεν,
315 2493 405 2572 ἀνδρες
428 2495 566 2570 itidem,
591 2496 689 2558 τούτων
713 2491 749 2560 ὧν
774 2504 938 2583 ἀπολογεῖσθι

166 2580 288 2656 αούθὲν,
318 2582 387 2640 ἀλλά
417 2584 446 2641 τὸ
473 2583 520 2661 μίν
550 2586 645 2656 πλῆθος
670 2590 743 2665 ὑμῶν
767 2593 868 2668 ἀγνοεῖν
890 2592 936 2666 τήν

163 2689 178 2724 ε
193 2669 335 2748 προδοσίαν
354 2672 460 2748 οἴομαι,
476 2674 680 2751 τεκμαιρόμενος
699 2675 738 2734 ότι
754 2681 858 2739 πολλῶν
874 2704 935 2744 συν·

162 2755 297 2816 αειδότων
331 2761 389 2818 οὐδὲ
421 2759 464 2818 τὸν
489 2761 626 2841 ἐλάχιστον
658 2761 756 2843 πέφυκε
783 2766 936 2847 τάπόρρητα

163 2851 344 2905 «σιωπᾶσθαι
365 2847 473 2927 χρόνον·
495 2853 546 2910 τῶν
563 2849 589 2908 δὲ
613 2850 764 2931 ταξιάρχων
778 2877 806 2913 τε
821 2855 867 2915 καὶ
890 2859 935 2916 λο-

162 2953 176 2989 s
193 2936 284 3011 χαγῶν
298 2934 384 3016 βραχύ
406 2960 432 2994 τι
447 2935 525 3016 μέρος
546 2943 661 3014 ἡγοῦμαι
678 2939 708 2997 τὸ
734 2943 934 3003 συνεπιόουλεθ-

163 3045 178 3076 s
195 3044 243 3080 σαν
263 3025 327 3100 ἡμῖν
343 3023 480 3103 γενέσθαι,
499 3025 529 3083 τὸ
554 3023 581 3084 δέ
606 3029 730 3086 πλεῖστον
755 3027 933 3101 ἐξηπατῆσθαι

160 3112 234 3168 «καί
259 3114 295 3178 εἰς
319 3110 455 3179 ἀκουσίους
482 3112 597 3190 ἀνάγκας
621 3117 741 3194 ἀφῖχθαι.
792 3118 825 3176 Εἰ
850 3118 880 3176 δέ
903 3143 931 3197 γε

158 3199 288 3256 «τούτων
304 3201 385 3275 μηδὲν
411 3200 506 3273 ἀληθές
519 3193 562 3273 ήν,
592 3203 660 3260 ἀλλά
687 3203 788 3270 πάντας
814 3208 932 3276 εἰσῆλθεν

159 3310 173 3339 α
192 3285 333 3353 Ἀλόανοθς
346 3288 391 3346 καὶ
405 3287 463 3353 τοθς
483 3289 566 3346 ἐνθάδ’
588 3289 664 3354 ὄντας
680 3294 748 3364 ὑμᾶς
767 3291 812 3350 καὶ
830 3293 888 3360 τοὺς
904 3298 930 3353 ἐν

158 3397 172 3427 n
189 3378 222 3453 τῆ
236 3377 312 3433 πόλει
325 3376 561 3452 καταλειπομένους
577 3382 591 3449 ἡ
607 3399 652 3435 του
665 3400 752 3443 κακως
765 3401 847 3438 ποιειν
860 3386 931 3459 ἡμᾶς

114 3480 126 3515 a
156 3484 170 3514 α
188 3463 331 3537 ἐπιθυμία,
347 3462 391 3521 καί
403 3465 473 3521 τοῦτ’
485 3465 513 3522 οὖ
528 3468 572 3521 νῦν
588 3467 702 3542 πρῶτον,
715 3466 773 3524 ἀλλ’
788 3468 817 3524 ἐκ
832 3471 929 3530 πολλοῦ

155 3570 169 3603 ι
187 3549 257 3606 πάνυ
271 3551 365 3627 χρόνου
387 3549 538 3628 δεδογμένον
560 3555 620 3620 ὑμῖν
644 3543 691 3627 ήν,
717 3558 764 3626 τῆς
781 3559 930 3635 συγγενείας

155 3637 262 3696 «ἕνεκα
291 3638 376 3711 πολλή
401 3640 546 3716 Ῥωμαίοις
570 3641 736 3718 ἀνάγκηκαὶ
758 3648 832 3702 ταῦθ’
856 3651 928 3722 ὑμῶν

154 3747 168 3780 ε
183 3725 352 3803 τάδικήματα
367 3731 463 3806 φέρειν.
505 3726 565 3786 Ἵνα
579 3730 605 3787 δὲ
620 3729 701 3805 μηθέν
715 3731 752 3788 ε’τι
769 3732 928 3809 βουλεύσητε

155 3816 243 3871 «καθ’
268 3819 344 3890 ἡμῶν
360 3817 465 3892 ἄδικον,
483 3817 552 3891 μήτε
580 3814 611 3887 δὴ
636 3819 786 3894 βιασθέντες
804 3819 855 3880 ὑπὸ
875 3826 926 3881 τῶν

153 3924 168 3954 α
184 3904 335 3977 ἡγουμένων
349 3909 394 3974 τῆς
409 3904 510 3972 πολεως
524 3906 591 3982 μήτε
607 3906 846 3986 παρακρουσθέντες
858 3955 866 3984 ,
878 3911 926 3986 μία

152 3990 286 4067 (φυλακήΙ
310 3993 354 4049 καὶ
382 3993 491 4070 πρόνοια
510 3995 593 4065 ἐστὶν,
615 3995 638 4051 εἰ
661 3997 708 4064 τῆς
726 3996 805 4065 αὐτῆς
826 3998 925 4066 πόλεως

152 4100 165 4132 ιι
184 4080 291 4135 πολῖται
304 4081 432 4154 γενοίμεθ’
447 4081 561 4147 ἅπαντες
581 4081 626 4140 καὶ
639 4079 703 4157 μίαν
717 4082 844 4157 ἡγοίμεθα
867 4109 922 4144 πα-

56 4238 60 4243 ·
150 4163 274 4243 ατρίδα,
299 4157 329 4236 ής
341 4159 370 4225 εύ
384 4190 411 4225 τε
431 4168 475 4226 καὶ
490 4177 577 4248 χεῖρον
602 4168 747 4248 φερομένης
760 4169 791 4227 τὸ
815 4171 924 4230 ἐπιόάλ-

153 4274 167 4308 ιι
181 4253 225 4310 λον
234 4252 312 4332 μέρος
323 4253 431 4322 ἕκαστος
442 4257 595 4328 οἴσεταιτῆς
607 4255 698 4334 τύχης.
729 4256 805 4323 Ἕως
815 4258 839 4316 δ’
852 4258 883 4317 ἀν
895 4263 923 4319 ἐκ

107 4367 119 4403 ς
152 4365 166 4394 α
187 4340 311 4422 διαφόρου
329 4342 446 4417 γνώμης,
472 4344 560 4423 ὥσπερ
576 4352 618 4404 νῦν
644 4344 710 4424 ἔχει,
730 4346 761 4405 τό
782 4371 810 4407 τε
834 4349 922 4407 πλεῖον

149 4430 225 4485 (ικαὶ
253 4429 392 4489 τούλαττον
424 4433 594 4511 ἐπικρίνωμεν
626 4433 758 4512 ἑκάτεροι,
788 4438 834 4493 ούκ
848 4435 922 4496 ἔσται

147 4541 161 4569 ιι
180 4516 284 4594 βέόαιυς
296 4523 359 4592 ἡμῖν
372 4519 411 4596 [ἡ]
421 4521 483 4598 πρὸς
498 4520 623 4592 ἀλλήλους
638 4521 725 4602 φιλία,
740 4523 826 4592 άλλως
840 4528 921 4586 τεκαὶ

150 4628 163 4662 ιι
179 4608 201 4664 εί
220 4605 339 4681 μέλλοιεν
354 4611 377 4664 οἱ
399 4607 447 4680 μὲν
477 4608 601 4688 πρότερον
625 4610 854 4679 ἐπιύουλεύσαντες
869 4622 921 4678 τοῖς

147 4715 160 4746 α
178 4694 273 4774 ἑτέροις
295 4694 311 4765 ἢ
332 4694 543 4772 κατορθώσαντες
560 4699 648 4757 πλεῖον
671 4699 735 4767 ἕξειν
748 4697 764 4770 ή
777 4702 917 4781 σφαλέντες

151 4801 163 4832 ιι
178 4783 204 4836 ἐν
229 4784 321 4858 μηδενὶ
351 4786 426 4863 δεινῷ
448 4781 552 4841 ἔσεσθαι
577 4787 620 4844 διὰ
646 4786 676 4845 τὸ
700 4790 836 4862 συγγενές·
860 4788 919 4847 καθ’

150 4886 164 4921 ιι
178 4859 213 4924 ὧν
229 4871 251 4927 θ’
276 4870 306 4930 ἀν
326 4875 353 4931 αἱ
377 4871 553 4951 ἐπιχειρήσεις
573 4873 697 4949 γένωνται
716 4875 858 4953 ὑποχείριοι
871 4897 919 4933 κα-

147 4974 161 5005 «
175 4956 316 5025 ταστάντες
331 4960 363 5017 τά
385 4960 485 5038 ἔσχατα
503 4965 595 5018 παθεῖν
622 4963 666 5019 καί
682 4962 848 5041 διαφυγόντες
865 4986 916 5037 μη·

148 5064 162 5095 ιι
177 5039 218 5096 db
234 5040 323 5121 ὥσπερ
350 5050 438 5127 ἐχθροί
463 5053 654 5122 μνησικακεῖν,
676 5049 739 5125 ὅπερ
765 5049 810 5108 καί
831 5053 857 5108 ἐν
880 5052 917 5126 τῷ

142 5151 158 5182 α
175 5126 284 5207 παρόντι
299 5131 412 5208 γέγονεν.
454 5134 526 5195 'lore
541 5137 573 5208 δή
588 5143 671 5195 ταῦτα
690 5136 832 5214 δεδογμένα
847 5136 917 5197 Ῥοι-

702 343 865 406 DlONYSll
888 347 1261 416 HALlCARNASSENSlS

1005 509 1017 532 α
1035 505 1083 541 non
1093 506 1202 546 essemus
1211 497 1258 548 riri
1271 497 1355 560 quales
1361 513 1407 548 nos
1418 499 1563 561 assederat,
1578 500 1600 550 si
1610 498 1778 552 nonanlmad·

1005 621 1017 646 a
1035 607 1187 656 verteremus
1195 607 1220 658 in
1231 609 1376 672 proditores,
1390 613 1431 675 qni
1441 615 1530 675 prater
1540 612 1775 665 attanneeessirudr-

1005 733 1017 755 ι
1034 728 1103 777 nem,
1120 732 1193 781 quam
1218 722 1304 773 saltem
1327 725 1478 787 cognationis
1502 740 1590 778 caussa
1612 727 1702 778 molare
1724 741 1773 778 uon

1004 853 1017 879 ι
1034 833 1168 895 debebant,
1181 850 1258 901 nuper
1277 840 1350 890 etiarn
1365 842 1429 891 tacto
1442 842 1569 894 nobiscum
1593 844 1685 894 tradere
1696 849 1721 896 et
1734 846 1771 897 lu·

1003 968 1016 991 a
1034 948 1163 999 reiurando
1175 951 1335 1015 interposito,
1351 956 1498 1020 contemptis
1512 955 1560 1006 diis
1569 971 1632 1020 quos
1645 961 1771 1022 pactorum

1003 1080 1015 1103 a
1032 1063 1110 1112 testes
1128 1062 1250 1125 fecerant,
1268 1075 1348 1126 neque
1363 1063 1444 1129 ipsum
1463 1067 1501 1117 lna
1518 1070 1544 1118 et
1561 1067 1690 1119 bominum
1708 1067 1771 1120 indl-

1002 1196 1015 1221 ι
1032 1176 1170 1241 gentionem
1184 1177 1273 1238 veriti,
1296 1191 1377 1244 neque
1397 1180 1499 1243 periculi
1526 1182 1728 1247 magnitudinem.
1750 1193 1772 1244 ςῑ

1001 1311 1014 1337 ι
1031 1292 1138 1356 proditio
1160 1292 1219 1356 ipsis
1238 1306 1286 1343 nou
1310 1295 1482 1360 successisset,
1502 1301 1658 1361 reputantes,
1679 1296 1769 1350 miser·

1001 1420 1013 1444 a
1030 1401 1091 1453 rime
1104 1415 1158 1464 nos,
1172 1402 1313 1453 conditores
1327 1403 1427 1453 colonos
1446 1407 1471 1456 et
1482 1404 1545 1456 bens
1565 1408 1598 1458 de
1611 1421 1639 1461 sa
1654 1407 1759 1459 meritos

1000 1529 1013 1552 ι
1029 1523 1146 1560 unacum
1158 1509 1328 1561 intensissimis
1339 1508 1455 1561 hostibus
1467 1511 1568 1576 perdere
1578 1513 1660 1565 conati
1670 1516 1736 1568 aunt,
1752 1536 1765 1562 ι

1030 1616 1115 1665 xltlll.
1136 1616 1201 1664 lium
1219 1617 1301 1665 autern
1320 1616 1373 1664 baec
1388 1615 1458 1679 dicit,
1467 1616 1553 1668 Albani
1561 1617 1690 1671 lamentari
1700 1619 1766 1671 stad

998 1716 1082 1753 ornnes
1094 1715 1180 1767 preces
1191 1702 1337 1754 descendere
1348 1708 1475 1767 caeperunt
1490 1723 1496 1756 ι
1515 1706 1588 1770 plebe
1604 1708 1704 1771 qnidam
1719 1723 1765 1761 ne·

997 1797 1069 1855 gente
1081 1793 1185 1842 ullarum
1196 1793 1265 1843 Metti
1283 1793 1489 1845 machinationum
1506 1809 1533 1846 se
1548 1797 1661 1848 normias
1680 1798 1770 1856 suasa

997 1881 1105 1946 ipsisque
1118 1882 1239 1945 praesectis
1256 1882 1428 1933 simulantibus
1448 1897 1475 1934 se
1485 1884 1581 1935 occulta
1599 1886 1653 1937 eius
1666 1885 1767 1937 marsilia

996 1986 1044 2022 non
1066 1976 1124 2023 ante
1147 1974 1306 2036 cognovisse,
1326 1987 1400 2037 quam
1413 1974 1468 2038 ipso
1481 1975 1559 2039 prmlii
1574 1980 1692 2040 ternpore.
1708 1987 1766 2026 curn

994 2073 1074 2125 neque
1097 2061 1214 2125 impedire
1238 2076 1317 2125 neque
1327 2062 1394 2113 iussa
1408 2077 1456 2113 non
1468 2064 1569 2128 exsequi
1582 2064 1688 2127 amplius
1704 2077 1765 2129 pos-

994 2152 1049 2198 sent
1062 2167 1069 2196 ε
1082 2149 1204 2199 nonnullis
1215 2149 1289 2200 etiam
1310 2164 1362 2200 rem
1383 2150 1416 2201 ob
1433 2151 1576 2201 amittentem
1596 2154 1622 2202 et
1635 2153 1764 2217 cogitatie-

983 2223 1048 2287 'nem
1069 2237 1100 2287 ad
1115 2237 1288 2289 necessitatem
1300 2238 1485 2290 involuntariam
1496 2239 1662 2293 referentibus.
1695 2243 1764 2300 Quos

993 2337 1035 2374 res
1052 2323 1124 2378 silere
1145 2322 1226 2376 iussos
1245 2325 1281 2375 ita
1296 2330 1335 2377 est
1351 2326 1471 2381 allocutus
1490 2347 1523 2379 :s
1541 2330 1624 2392 Neque
1636 2343 1675 2382 me
1684 2331 1761 2388 latet.

994 2431 1006 2454 a
1023 2413 1123 2475 Albani,
1137 2413 1273 2478 quidquam
1286 2414 1376 2467 horum
1388 2428 1445 2479 quaa
1456 2416 1533 2467 vestri
1542 2418 1661 2480 purgandi
1674 2433 1764 2471 caussa

993 2520 1006 2544 ι
1023 2502 1153 2564 profertis,
1170 2504 1196 2554 et
1212 2502 1394 2554 multitudinem
1415 2504 1514 2569 quidem
1529 2509 1636 2557 vestram
1655 2507 1764 2559 arbitror

991 2592 1183 2655 «proditionem
1203 2593 1342 2655 ignorasse,
1361 2593 1426 2657 (tanc
1451 2592 1509 2644 indo
1532 2593 1668 2658 coniciens,
1696 2597 1763 2657 quod

991 2696 1003 2719 ι
1021 2691 1077 2739 qua
1088 2678 1160 2728 multi
1176 2678 1295 2729 sciuntea
1307 2693 1337 2730 ne
1353 2692 1397 2743 per
1410 2679 1537 2730 minimum
1554 2679 1655 2742 quidem
1666 2683 1762 2745 tempo·

991 2783 1002 2805 a
1021 2765 1056 2814 ris
1073 2766 1182 2828 spatium
1194 2765 1290 2816 silentio
1302 2765 1350 2830 tegi
1362 2769 1463 2828 pessunt
1471 2766 1490 2828 )‚
1503 2766 1561 2829 quin
1571 2771 1596 2816 et
1607 2765 1761 2817 tribunorum

990 2871 1002 2894 a
1020 2854 1094 2915 atque
1119 2853 1289 2903 centurionum
1314 2867 1425 2916 exiguam
1446 2857 1543 2904 tantum
1560 2856 1655 2917 partem
1675 2856 1760 2903 contra

989 2957 1001 2982 ι
1018 2954 1063 2989 nos
1075 2942 1227 3004 conspirasse
1249 2935 1362 3000 arbitror,
1386 2942 1515 3005 plerosque
1527 2955 1587 2992 vero
1604 2941 1719 3005 neoepns
1733 2944 1759 2992 et
1862 2985 1877 3008 ,

988 3048 1000 3071 a
1018 3028 1051 3077 ad
1079 3042 1128 3077 non
1149 3029 1311 3079 voluntariam
1341 3031 1510 3081 necessitatem
1529 3043 1585 3081 esse
1606 3029 1756 3093 compulsos.

987 3135 999 3159 ι
1018 3102 1088 3173 Quod
1110 3115 1130 3165 si
1153 3129 1213 3166 rem
1229 3116 1287 3166 nibil
1311 3116 1399 3168 borum
1422 3131 1507 3169 rernm
1527 3120 1609 3178 esset,
1629 3119 1656 3168 et
1673 3130 1758 3168 ornnes

987 3225 999 3247 ι
1018 3204 1136 3266 Albanos,
1151 3209 1176 3255 et
1194 3207 1237 3268 qui
1256 3207 1296 3255 mc
1316 3206 1407 3257 adsunt
1428 3210 1455 3257 et
1470 3207 1577 3270 reliquos
1592 3207 1639 3270 qui
1656 3209 1680 3258 in
1697 3207 1759 3260 urbe

986 3297 1195 3353 «remanserant,
1221 3294 1369 3344 desiderium
1396 3295 1469 3344 nobis
1494 3296 1557 3345 rnale
1588 3295 1691 3345 faciendi
1720 3295 1758 3344 in·

985 3402 998 3427 a
1014 3382 1130 3442 risisset,
1153 3383 1226 3448 idque
1248 3398 1295 3433 non
1315 3398 1379 3434 nnnc
1404 3387 1524 3448 primum,
1548 3385 1592 3436 sed
1611 3384 1659 3435 iam
1677 3384 1757 3434 multo

984 3492 996 3514 «ι
1017 3477 1075 3522 ante
1103 3473 1209 3523 arnbis
1239 3474 1366 3524 decretum
1393 3479 1474 3535 esset,
1498 3477 1579 3525 tamen
1601 3473 1754 3537 cognationis

984 3580 996 3602 ι
1014 3560 1100 3612 saltem
1113 3574 1201 3610 caussa
1217 3574 1317 3612 necesse
1330 3564 1397 3612 esset
1414 3561 1529 3612 Romanis
1542 3562 1587 3612 has
1601 3565 1697 3613 restrae
1714 3561 1754 3611 in·

983 3668 995 3691 a
1014 3649 1088 3698 iurins
1105 3650 1176 3699 terre.
1210 3648 1259 3699 sed
1278 3663 1307 3699 ne
1327 3648 1493 3713 inposterum
1515 3650 1650 3714 quidquam
1663 3650 1754 3703 iniuste

982 3754 994 3777 ο
1012 3740 1098 3785 contra
1116 3751 1162 3786 nos
1179 3735 1327 3798 moliamini,
1344 3741 1388 3787 aut
1409 3738 1515 3787 coactio
1538 3743 1626 3787 restrae
1646 3738 1754 3790 civitatis

981 3842 993 3864 a
1010 3823 1161 3886 principibus
1171 3827 1214 3874 aut
1224 3825 1332 3888 decepti,
1344 3825 1395 3874 sola
1414 3825 1460 3874 bac
1472 3826 1566 3875 ratione
1586 3829 1613 3875 et
1626 3839 1714 3877 carere
1727 3830 1753 3878 et

981 3929 993 3951 α
1011 3912 1149 3972 prospicere
1160 3911 1231 3960 nobis
1244 3925 1372 3974 pessumus
1388 3912 1428 3961 :si
1443 3912 1558 3962 nimirum
1574 3926 1659 3964 omnes
1679 3913 1753 3964 nnius

980 4017 992 4041 ιι
1010 3998 1077 4048 urbis
1088 3999 1154 4049 cirea
1175 4001 1233 4050 tacti
1247 4014 1320 4049 unum
1335 4001 1485 4063 eandemque
1498 4001 1602 4064 patriam
1621 4001 1751 4064 habemus,

979 4103 991 4127 a
1010 4084 1034 4133 in
1051 4098 1100 4146 qua
1120 4086 1285 4148 unusquisqne
1297 4089 1348 4135 tam
1361 4099 1481 4150 prosperae
1492 4102 1564 4151 quam
1574 4088 1684 4140 adversae
1697 4090 1750 4140 tor·

978 4176 1074 4224 «tunm
1097 4173 1232 4237 portionem
1256 4174 1332 4236 ierat,
1359 4189 1414 4238 quaa
1436 4176 1481 4240 ipsi
1511 4177 1632 4242 obtigerit.
1666 4181 1750 4231 Donec

976 4280 989 4304 a
1006 4262 1070 4312 enim
1090 4260 1216 4311 decernes
1240 4264 1268 4311 ut
1290 4276 1355 4313 nunc
1378 4264 1476 4327 utrique
1504 4278 1548 4329 per
1569 4269 1747 4320 contentionem

977 4370 989 4393 a
1007 4349 1091 4399 alteris
1103 4350 1240 4412 superiores
1256 4364 1311 4400 esse
1323 4353 1474 4413 conabimur,
1487 4367 1534 4403 non
1547 4355 1593 4404 erit
1604 4355 1673 4405 tirma
1684 4355 1748 4407 inter

977 4457 989 4481 a
1005 4452 1050 4487 nos
1072 4437 1179 4487 amicitia
1199 4456 1205 4487 τ
1223 4440 1357 4502 prasertim
1376 4440 1396 4489 si
1413 4439 1435 4490 ei
1454 4440 1495 4502 qui
1514 4442 1608 4505 priores
1623 4443 1676 4492 aliis
1690 4443 1747 4495 insl-

975 4545 988 4569 ι
1004 4526 1065 4575 dieti
1079 4525 1183 4586 suerint,
1198 4527 1236 4598 rel
1251 4541 1277 4576 re
1298 4527 1400 4577 feliciter
1410 4533 1477 4592 gesta
1494 4530 1594 4580 meliore
1606 4532 1746 4583 cnrrditione

975 4635 987 4658 a
1004 4617 1051 4663 sint
1064 4614 1156 4674 futuri,
1169 4614 1207 4664 vel
1230 4629 1273 4679 spe
1293 4630 1337 4666 sua
1357 4618 1469 4668 frustrati
1488 4619 1548 4669 nibil
1565 4619 1647 4669 damni
1660 4621 1693 4671 ob
1705 4623 1745 4686 ip·

975 4721 987 4745 a
1004 4715 1055 4751 sam
1067 4701 1239 4764 cognationem
1259 4702 1308 4752 sirit
1333 4703 1471 4768 perpessuri
1491 4721 1498 4754 ε
1522 4709 1547 4756 et
1569 4705 1591 4755 si
1612 4706 1662 4767 illi,
1679 4721 1744 4770 quos

973 4809 985 4834 a
1002 4788 1091 4839 adoriri
1103 4789 1269 4847 decreverant,
1281 4791 1304 4839 in
1313 4794 1420 4854 ipsorum
1429 4796 1574 4857 potestatem
1589 4794 1681 4844 redacti
1695 4809 1741 4845 ex·

973 4882 1081 4927 «trema
1106 4891 1209 4940 quaeque
1226 4881 1288 4927 mata
1309 4880 1357 4929 sint
1372 4881 1461 4940 laturi,
1484 4881 1521 4929 sin
1538 4895 1610 4943 nero,
1630 4882 1655 4932 id
1674 4883 1741 4944 quod

972 4988 984 5011 ι
1002 4980 1066 5016 nunc
1079 4966 1180 5024 accidit,
1200 4967 1335 5030 eraserint,
1354 4982 1438 5019 omnes
1458 4969 1560 5019 iniurias
1578 4969 1674 5020 abillis
1698 4982 1739 5017 ac·

972 5077 983 5099 ι
1001 5059 1084 5119 reptas
1120 5054 1235 5104 oblivioni
1269 5055 1384 5106 tradituri
1414 5070 1493 5120 neque
1529 5071 1572 5108 eos
1600 5059 1625 5106 ut
1655 5053 1740 5106 hostes

971 5166 982 5189 ι
1001 5146 1050 5195 sint
1065 5145 1202 5195 tractaturi.
1236 5145 1328 5194 Scitote
1340 5144 1412 5208 igitur
1430 5147 1554 5209 superiore
1567 5149 1637 5196 noete
1654 5145 1739 5196 baeea
