3772 5828
175 350 234 411 list
693 356 863 420 DIONYSlI
885 361 1270 430 nnllcnnulsssllsls

176 486 263 564 α’,τχῂν
273 479 317 539 τὸν
327 480 470 557 δημοτικόν
478 483 560 565 όχλον
570 488 665 546 οἰκεῖον
675 490 761 565 ίαυτῶ
772 494 956 570 ποιῆσαιπρο·

177 567 313 647 θιμηθεὶε,
334 568 427 649 ὥσπερ
453 574 476 630 οἱ
495 575 618 654 πρότεροι
634 579 752 656 βασιλεῖς
769 580 890 655 ἐποίουν,
912 584 956 643 διὰ

175 656 297 721 τοιαύτας
319 656 467 735 εὐεργεσίαι
490 662 651 740 ὑπηγάγετο.
694 663 834 735 Ἔπιλέξας
860 668 956 750 ἄνδρας

174 744 268 805 insede
292 741 319 811 ἐξ
338 743 465 805 ἁπάντων
482 750 534 807 τῶν
548 750 714 827 δημοτικῶν,
736 753 761 812 οἳ
779 753 876 835 ἀρετήν
896 780 955 815 τινα

135 856 149 891 ε
173 832 321 910 πολεμικὴν
333 832 351 905 ἢ
361 835 502 909 πολιτικὴν
512 839 637 919 φρόνησιν
650 840 763 908 άπαντες
777 845 953 925 ἐμαρτύρουν,

174 924 330 1001 πατρικίους
347 926 457 997 ἐποίησε
479 929 524 987 καί
543 929 683 997 κατέταξεν
704 932 740 998 είς
757 930 802 989 τθν
818 936 869 992 τῶν
890 941 955 1013 βου-

173 1011 274 1071 λευτῶν
301 1015 425 1095 ἀριθμόν·
449 1019 496 1077 καί
514 1016 573 1076 τότε
601 1022 705 1097 πρῶτον
739 1016 858 1096 ἐγένοντο
886 1022 954 1085 Ῥω·

175 1102 265 1177 μαίοις
287 1104 431 1185 τριακόσιοι
457 1104 611 1184 βουλευταί,
634 1106 698 1173 τίως
718 1105 790 1175 ὄντες
815 1109 953 1171 διακόσιοι.

175 1189 294 1255 Ἔπειτα
315 1203 373 1263 ταῖς
392 1197 475 1276 ἱεραῖς
493 1192 647 1275 παρθένοις,
662 1197 705 1276 ὑφ’
729 1186 767 1254 ὧν
780 1198 811 1258 τὸ
824 1197 953 1259 άσάεστον

125 1298 153 1341 1ο
177 1286 338 1364 φυλάττεται
354 1291 417 1362 πῦρ,
430 1282 566 1363 τέτταρσιν
586 1282 675 1350 οὔσαις
689 1282 734 1342 δύο
745 1287 955 1365 προσκατέλεξεν

177 1374 284 1453 ἱτέρας·
305 1372 432 1432 πλειόνων
447 1371 499 1454 γάρ
520 1372 572 1446 ἤδη
592 1374 803 1450 συντελουμένων
821 1375 889 1459 ὑπὲρ
908 1382 956 1450 τῆς

177 1462 278 1527 πόλεως
288 1462 453 1541 ἱερουργιῶν,
465 1450 506 1527 αἱς
523 1460 576 1520 έδει
587 1460 634 1530 τδις
644 1466 691 1535 τῆς
703 1461 813 1532 Ἑστίας
831 1472 955 1546 παρεῖναι

176 1549 336 1621 θυηπολους.
350 1551 397 1607 ούκ
405 1549 510 1609 ἐδόκουν
527 1551 554 1607 αἱ
568 1548 690 1631 τέτταρες
704 1553 805 1632 ἀρκεῖν.
848 1555 955 1635 Ταρκυ·

176 1636 270 1696 sicud*
290 1636 413 1716 ἄρξαντος
433 1639 590 1711 ἠκολούθουν
609 1641 633 1698 οἱ
655 1640 743 1700 λοιαοί
763 1643 893 1721 βασιλεῖς,
909 1644 955 1702 καί

124 1743 150 1782 ια
176 1725 257 1805 μέχρι
281 1730 334 1785 τῶν
351 1731 410 1787 καθ’
429 1731 500 1800 ἡμᾶς
517 1727 617 1808 χρόνων
644 1726 671 1796 ἐξ
693 1729 894 1792 ἀποδείκνυνται
907 1736 955 1801 τῆς

175 1813 286 1884 Ἐστίας
300 1817 456 1899 ἀμφίπολοι.
498 1825 577 1877 Δοκεῖ
591 1817 618 1876 δέ
630 1818 676 1878 καὶ
690 1816 738 1886 τάς
758 1822 902 1902 τιμωρίας,
915 1811 956 1889 αἱς

175 1904 334 1974 κολάζονται
347 1904 412 1988 πρθς
429 1907 482 1964 τῶν
496 1907 658 1987 ἱεροφαντῶν
671 1909 700 1965 αἱ
724 1909 761 1985 μὴ
778 1912 955 1990 φυλάττουσαι

175 1991 225 2067 τὴν
248 1993 407 2076 παρθενίαν,
427 1995 524 2061 ἐκεῖνος
538 1994 649 2074 ἐξευρεῖν
669 1999 789 2075 πρῶτος,
811 1998 863 2056 εἴτε
886 1998 955 2056 κατά

175 2084 304 2164 λογισμόν
316 2083 377 2153 elas,
389 2085 425 2149 ὥς
435 2080 536 2142 οἴονταί
548 2105 625 2154 τινες,
637 2083 729 2163 ὀνείρῳ
740 2083 908 2159 πειθόμενος,
919 2087 954 2152 ὡς

122 2186 150 2227 ao
178 2171 246 2249 μετὰ
262 2170 309 2244 τήν
324 2168 422 2232 ἐκείνου
433 2169 558 2242 τελευτὴν
577 2172 605 2229 ἐν
621 2176 675 2237 τοῖς
696 2170 860 2239 Σιάυλλείοις
877 2177 952 2251 εὗρε·

177 2265 254 2332 θῆναι
275 2265 407 2339 χρησμοῖς
434 2259 457 2317 οἱ
484 2262 538 2318 τῶν
560 2261 636 2339 ἱερῶν
666 2256 792 2337 ἐξηγηταί
819 2259 951 2340 λέγουσιν.

177 2348 321 2430 Ἐφιοράθη
338 2345 388 2427 γάρ
401 2371 440 2413 τις
459 2346 503 2407 ἐπὶ
520 2350 566 2418 τῆς
591 2347 691 2408 ἐκείνου
714 2348 849 2426 βασιλείας
870 2350 953 2431 ἱέρεια

178 2435 305 2519 Πιναρία,
317 2434 437 2496 Ποπλίου
452 2436 579 2515 θυγάτηρ,
592 2436 642 2516 οέχ
660 2435 726 2515 ἁγνὴ
740 2442 887 2517 προσιοῦσα
900 2449 954 2507 τοῖς

174 2527 264 2608 ἱεροῖς.
306 2525 409 2605 Τρόπος
419 2523 447 2583 δί
459 2524 587 2604 τιμωρίας
599 2523 670 2593 ὅστις
681 2527 752 2585 ἐστίν
761 2516 802 2607 ,ᾧ
813 2529 953 2598 κολάζουσι

121 2628 148 2671 αα
174 2615 223 2684 τὰς
241 2613 445 2695 διαφθαρείσας,
465 2617 541 2691 ἐντῇ
562 2613 614 2692 πρὸ
627 2614 725 2686 ταύτης
741 2615 888 2687 δεδήλωταί
908 2640 952 2695 μοι

175 2709 277 2787 γραφῆ.
318 2702 376 2773 Τήν
391 2724 422 2760 τε
434 2701 547 2781 ἀγοράν,
570 2703 597 2760 ἐν
612 2694 632 2781 ᾗ
647 2703 780 2771 δικάζουσι
792 2703 837 2763 καὶ
852 2706 951 2779 ἐκκλη-

176 2770 306 2866 στάζουσι,
316 2792 361 2851 καί
372 2790 419 2858 τάς
433 2791 514 2858 άλλας
528 2791 665 2859 πολιτικάς
679 2793 827 2851 ἐπιτελοῦσι
838 2791 953 2872 πράξεις,

174 2886 271 2951 ἐκεῖνος
284 2881 444 2958 ίκόσμησεν,
460 2879 642 2960 ἐργαστηρίοις
654 2905 684 2940 τε
695 2879 740 2941 καί
751 2881 869 2940 παστάσι
881 2905 952 2962 περι·

173 2970 280 3031 λσύών·
302 2970 348 3029 καί
371 2969 405 3028 τὰ
429 2969 505 3049 τείχη
528 2973 575 3040 τῆς
602 2970 703 3034 πόλεως
723 2970 880 3046 αὐτοσχέδια
906 2969 951 3028 καί

13 3078 16 3087 “
119 3078 148 3121 αυ
172 3062 263 3141 φαῦλα
276 3066 333 3126 ταῖς
347 3055 481 3138 ἐργασίαις
501 3054 564 3114 όντα
583 3060 687 3135 πρῶτος
703 3056 892 3137 ᾠκοδομήσατο
906 3055 950 3116 λί-

172 3153 225 3216 θοις
239 3147 389 3225 ἁμαξιαίοις
409 3143 591 3224 εἰργασμένοις
607 3145 669 3226 πρὸς
684 3147 791 3206 κανόνα.
835 3143 951 3222 Ἤρξατο

173 3236 258 3299 δίααί
270 3237 317 3302 τάς
328 3232 474 3309 ὑπονόμους
486 3232 603 3311 ὀρύττειν
615 3235 742 3316 τάφρους,
758 3233 791 3293 δι’
802 3224 838 3293 ῶν
851 3235 895 3293 έπὶ
906 3236 950 3296 τὸν

174 3324 288 3404 Τίόιριν
304 3320 454 3403 ὀχετεύεται
467 3331 521 3381 πᾶν
535 3321 566 3382 τθ
576 3323 683 3404 συρρέον
699 3327 728 3382 ἐκ
743 3326 795 3381 τῶν
810 3328 949 3384 στενωπῶν

172 3414 253 3497 θδωρ,
269 3414 334 3494 ἔργα
347 3410 488 3489 θαυμαστά
503 3412 548 3471 καί
561 3411 670 3491 κρείττω
690 3408 768 3489 λόγου
782 3434 948 3471 κατασκευα-

118 3526 145 3569 aa
171 3502 295 3583 σάμκνσς.
337 3499 440 3583 Ἔγωγ
453 3491 497 3561 σύν
508 3506 534 3561 ἐν
548 3501 618 3578 τρισί
628 3502 681 3569 τοῖς
697 3503 948 3581 μεγαλοπρεπεστά-

170 3616 224 3661 τοις
241 3591 477 3667 κατασκευάσμασι
491 3595 538 3660 τῆς
554 3588 683 3668 Ῥώμης,
698 3592 724 3659 ἐξ
736 3581 772 3648 ὧν
788 3591 949 3668 μάλιστατὸ

170 3684 219 3755 τῆς
232 3680 376 3759 ἡγεμονίας
393 3681 547 3761 ἐμφαίνεται
563 3679 689 3756 μέγεθος,
705 3680 752 3745 τάς
769 3703 797 3737 τε
816 3682 868 3737 τῶν
884 3680 948 3738 bid·

171 3794 224 3833 τιον
240 3767 359 3849 ἀγωγάς,
375 3768 480 3844 τίθεμαι
495 3768 541 3828 καί
553 3766 600 3834 τάς
616 3771 669 3826 τῶν
683 3769 749 3826 ὁδῶν
765 3767 890 3846 στρώσεις
903 3768 948 3827 καί

169 3859 217 3929 τάς
230 3861 282 3918 τῶν
298 3853 437 3930 ὑπονόμων
460 3853 597 3933 ἐργασίας,
613 3857 641 3912 οὐ
658 3853 736 3930 μόνον
755 3857 789 3920 εἷς
805 3855 834 3913 τό
850 3853 947 3932 χρήσι-

116 3972 144 4013 qu
171 3973 220 4031 μου
233 3952 282 4020 τῆς
297 3947 462 4014 κατασκευῆς
479 3941 525 4015 τὴν
543 3943 659 4002 διάνοιαν
677 3942 823 4021 ἀναφέρων·
840 3942 904 4023 ὐπὲρ
917 3934 947 4001 οὗ

170 4037 240 4099 κατά
254 4035 297 4095 τόν
314 4036 407 4093 οἰκεῖον
431 4032 520 4111 καιρόν
543 4034 607 4111 ἐρῶ·
624 4029 693 4089 ἀλλὰ
719 4031 765 4088 καὶ
782 4028 879 4100 εἰστὴν
894 4034 946 4088 τῶν

170 4125 352 4198 ἀναλωμάτων
367 4123 557 4192 πολυτέλειαν,
579 4122 612 4192 ἢν
628 4118 655 4187 ἐξ
676 4117 731 4184 ἑνὸς
748 4117 824 4194 ἔργου
847 4117 945 4192 resurr}-

171 4236 245 4296 ραιτο
260 4211 292 4271 άν
305 4234 361 4281 τις,
374 4208 454 4268 Γάϊον
468 4208 577 4268 Ἀκίλιον
590 4206 768 4279 ποιησάμενος
777 4210 822 4263 τού
836 4204 945 4281 μέλλον·

171 4326 213 4370 τος
227 4301 349 4379 λέγεσθαι
365 4296 529 4376 βεόαιωτὴν,
545 4296 572 4362 de
593 4320 672 4378 φησιν
688 4297 868 4370 ἀμεληθεισῶν
883 4318 947 4354 ποτε

117 4416 145 4457 ti
171 4397 222 4455 τῶν
235 4391 340 4472 τάφρων
356 4385 401 4445 καί
417 4385 511 4463 μηκέτι
528 4384 731 4465 διαρρεομένων,
752 4384 810 4451 τοὺς
832 4384 947 4460 τιμητὰς

171 4484 218 4556 τὴν
244 4478 422 4555 ἀνακάθαρσιν
446 4476 532 4531 αὐτῶν
554 4473 599 4532 καὶ
626 4471 673 4544 τὴν
691 4471 831 4544 ἐπισκευὴν
852 4473 945 4553 χιλίων

236 4573 253 4589 ‘⁴
274 4592 301 4628 αι
315 4564 464 4627 ταλάντων.
933 4642 936 4646 ,

211 4659 340 4725 LXVIII.
356 4652 542 4715 Κατεσκεύασε
554 4651 581 4710 δέ
594 4650 639 4709 καί
649 4653 694 4710 τὸν
705 4650 827 4729 μέγιστον
840 4654 891 4710 τῶν
901 4656 946 4711 ίπ·

175 4749 309 4831 πώρέμων
315 4741 473 4824 Ταρκύνιος,
484 4739 528 4797 τὸν
537 4737 633 4814 μεταξύ
641 4744 685 4797 τοῦ
698 4762 726 4797 τε
735 4738 892 4798 Ἀουεντῖνον
901 4739 946 4798 καί

122 4876 152 4921 ω
174 4848 220 4905 τῶ
231 4834 395 4902 Παλλαντίου
411 4829 655 4905 κείμενον,πρῶτος
664 4827 824 4905 ὑποστέγους
835 4826 947 4898 ποιήσας

3 4902 9 4917 ¹
47 4966 49 4971 .
132 4930 135 4935 '
176 4915 735 5011 ςιρὶαέτθνκαθέδρας·τέωςγίιρέστῶτες
750 4914 887 4996 ἐθεώρουν·
903 4914 944 4973 ἐπὶ

98 5042 102 5049 ·
178 5018 264 5103 heims
281 5014 360 5074 δοκῶν
375 5008 490 5077 ξυλίναις
505 5014 613 5078 σκηναῖς
628 5004 821 5082 ὑποκειμένων·
836 5004 881 5063 καί
897 5005 946 5062 διε·

180 5108 231 5175 22„
242 5101 298 5170 ςὼς
309 5100 400 5164 τόπους
415 5100 451 5162 εἰς
467 5095 607 5176 τριάκοντα
621 5092 754 5174 φράτρας,
769 5092 867 5170 ἑκάστη
880 5091 945 5172 φρά·

119 5238 126 5247 .
187 5196 329 5289 muamus
348 5184 468 5247 θπίδωκε
487 5181 565 5261 μίαν,
588 5179 652 5239 ὥστ’
670 5182 698 5238 ἐν
721 5185 754 5260 τῇ
776 5180 945 5260 προσηκούσῃ

1011 503 1086 565 dens,
1103 509 1310 571 quemadmodum
1322 513 1460 577 superiores
1471 529 1541 579 reges
1553 516 1674 582 lecerunt,
1686 522 1733 572 boc
1746 523 1789 575 be·

1010 605 1100 658 nelicio
1111 621 1166 660 eam
1180 611 1226 662 sibi
1239 612 1350 664 devinxit
1366 635 1372 664 :
1386 615 1492 668 selectos
1505 632 1534 668 er
1553 621 1620 672 omni
1636 623 1790 687 plebeiorum

1011 720 1115 759 numero
1129 714 1230 763 centum
1245 714 1324 778 virus,
1337 730 1444 780 quorum
1459 719 1499 769 rel
1513 719 1594 773 virius
1610 722 1695 776 bellice
1708 728 1749 778 rel
1764 728 1791 778 in

1010 818 1085 870 rebus
1104 819 1219 873 civilibus
1241 825 1373 888 prudentia
1399 828 1514 880 omnibus
1532 835 1599 882 esaei
1616 837 1741 899 speciata,
1764 838 1792 889 in

1009 920 1169 984 palriciomm
1192 925 1302 976 ordinem
1324 928 1423 991 retulit,
1443 934 1469 980 ei
1485 931 1510 981 in
1530 937 1672 986 semiorum
1685 951 1791 992 numeru

1009 1024 1101 1089 posuit.
1135 1031 1166 1078 Et
1184 1033 1244 1080 tunc
1267 1031 1374 1095 primum
1391 1034 1499 1099 pupulus
1518 1039 1643 1089 Romanus
1666 1043 1789 1094 trecentus

1008 1133 1135 1182 senatores
1145 1132 1247 1196 babuit,
1257 1135 1301 1197 qui
1310 1135 1411 1188 ducenti
1420 1140 1517 1189 tantum
1526 1139 1558 1190 ad
1569 1153 1623 1192 eam
1635 1156 1714 1207 usque
1722 1145 1789 1197 diem

1009 1235 1115 1287 inerant.
1150 1237 1244 1288 Deinde
1259 1238 1395 1302 virginibus
1414 1242 1570 1307 Vestalibus,
1585 1258 1599 1295 a
1616 1246 1708 1310 qulbus
1726 1248 1789 1312 ignis

1009 1343 1144 1401 perpetum
1158 1343 1280 1401 servatur,
1290 1355 1347 1392 cum
1358 1346 1467 1407 quatuor
1478 1350 1573 1408 essent,
1583 1347 1647 1398 duas
1662 1350 1747 1401 eliasu
1761 1365 1789 1403 se

1010 1440 1087 1491 lectas
1097 1440 1199 1492 addidit.
1233 1444 1295 1493 com
1306 1445 1370 1495 anim
1382 1446 1431 1496 iam
1443 1461 1545 1499 numeru
1559 1450 1695 1503 crevissent
1705 1455 1782 1504 sacri·

1010 1540 1068 1592 licia
1082 1542 1196 1606 publica,
1214 1544 1304 1608 quibua
1317 1548 1401 1599 vesto
1415 1549 1540 1601 ministras
1554 1551 1675 1605 interesse
1687 1560 1786 1621 oporie-

1009 1642 1066 1703 bat,
1088 1646 1193 1707 quatuor
1214 1650 1310 1697 tautum
1331 1647 1446 1701 sufficere
1464 1664 1537 1716 posse
1555 1668 1604 1705 non
1629 1655 1785 1709 videbantur.

1009 1749 1170 1813 Tarquinium
1188 1753 1272 1801 autem
1288 1755 1415 1804 auctorem
1427 1754 1514 1819 reliqui
1527 1770 1598 1820 reges
1614 1759 1691 1810 secuti
1711 1762 1785 1822 suut,

1008 1853 1035 1899 et
1045 1850 1075 1899 ad
1090 1853 1174 1900 nosira
1187 1865 1265 1914 usque
1281 1855 1394 1918 tempora
1409 1869 1454 1907 sex
1469 1859 1552 1909 i'esiaa
1565 1861 1685 1913 ministra
1698 1861 1786 1927 legun·

1009 1954 1059 2002 tur.
1093 1952 1136 2002 llle
1159 1955 1231 2004 eiiam
1254 1955 1350 2018 primus
1375 1957 1475 2009 ridetur
1495 1962 1647 2028 excogitasse
1673 1964 1796 2029 supplici·

1008 2067 1100 2117 genus,
1112 2067 1163 2117 quo
1175 2068 1190 2105 a
1204 2056 1364 2108 Pontificibus
1376 2058 1517 2111 alliciuntur
1529 2076 1573 2123 em,
1588 2077 1645 2126 qum
1659 2064 1786 2128 virginita-

1008 2157 1208 2219 tumularunt,
1227 2159 1279 2213 sire
1297 2161 1380 2226 aliqua
1399 2165 1494 2218 ratione
1509 2165 1647 2228 adductus,
1664 2168 1717 2220 sive
1737 2172 1785 2230 lut

1007 2262 1117 2313 nonnulli
1136 2266 1240 2327 polani)
1259 2267 1360 2317 somniis
1375 2281 1478 2332 parens,
1497 2269 1706 2332 quamadmodum
1727 2276 1784 2337 post

1007 2359 1062 2411 eius
1073 2359 1167 2410 obitum
1173 2360 1199 2411 in
1212 2360 1336 2425 Sibyllinis
1347 2365 1453 2416 oraculis
1462 2366 1589 2431 pontilees
1600 2378 1650 2418 ase
1657 2373 1784 2433 repertum

1007 2469 1131 2517 asserunt.
1147 2465 1192 2516 llio
1203 2465 1268 2517 enim
1283 2470 1408 2534 regnante,
1421 2469 1535 2522 sacerdus
1546 2471 1672 2535 quadarn,
1684 2476 1784 2529 numine

1007 2566 1119 2630 Pinaria,
1132 2569 1214 2621 Publii
1234 2570 1300 2632 lilia,
1310 2584 1367 2635 que
1387 2587 1490 2638 corpore
1505 2573 1600 2639 polluto
1613 2573 1646 2626 ad
1660 2589 1732 2629 sacra
1745 2591 1784 2630 ac·

1008 2669 1114 2717 cesserat
1124 2705 1131 2727 ,
1141 2666 1296 2731 deprehensa
1315 2672 1361 2719 est.
1394 2670 1456 2727 Quis
1472 2672 1554 2722 aulem
1572 2675 1612 2722 est
1624 2671 1715 2724 modus
1727 2688 1784 2739 sup

1007 2763 1149 2828 plicii,quo
1170 2765 1277 2829 virgines
1299 2769 1418 2830 stuprata
1440 2766 1592 2827 alliciuntur,
1611 2767 1636 2819 lu
1656 2773 1783 2836 superiore

1007 2860 1070 2910 libro
1089 2875 1104 2910 a
1123 2874 1164 2912 me
1183 2861 1335 2913 deciaratum
1358 2866 1404 2914 esi.
1437 2864 1528 2914 Fumm
1542 2878 1658 2929 quoque,
1682 2867 1726 2918 ubi
1741 2869 1785 2918 ius

1006 2961 1099 3015 dicitur
1116 2963 1140 3012 et
1162 2961 1292 3012 conciones
1302 2960 1433 3019 habentur,
1451 2965 1477 3013 et
1491 2965 1573 3014 cetera
1585 2962 1669 3014 civilia
1684 2965 1784 3030 negotia

1007 3064 1169 3128 peraguntur,
1194 3059 1235 3111 iile
1267 3059 1377 3110 tabernis
1406 3062 1432 3110 et
1456 3059 1591 3124 porticibus
1609 3060 1782 3115 circumdedit.

1005 3160 1036 3209 m
1052 3168 1136 3205 muros
1155 3152 1240 3215 urbis,
1252 3153 1309 3203 rudi
1321 3157 1346 3203 et
1365 3152 1407 3203 vili
1427 3167 1501 3218 opere
1519 3158 1674 3219 exslructos,
1687 3158 1782 3222 primus

1004 3250 1144 3316 ingentibus
1161 3249 1292 3312 lapidibus,
1314 3251 1346 3300 ad
1362 3251 1471 3313 reguiam
1489 3252 1610 3313 formatis,
1626 3253 1782 3307 fabricandos

1005 3356 1109 3407 curarit.
1143 3354 1221 3418 eupit
1238 3355 1334 3405 cloacas
1354 3355 1450 3415 lodera,
1463 3353 1541 3405 iussas
1552 3354 1642 3405 scilicet
1657 3368 1700 3419 per
1717 3370 1781 3420 qous

1003 3454 1083 3507 omnis
1098 3468 1162 3517 aqua
1172 3468 1204 3504 ex
1220 3452 1336 3517 compitis
1349 3453 1477 3503 conlluens
1493 3450 1517 3500 iu
1529 3450 1637 3501 moerin
1672 3465 1699 3501 se
1716 3465 1779 3503 exo·

1002 3558 1085 3615 neret,
1105 3567 1180 3618 opera
1203 3548 1346 3602 admiranda
1368 3552 1394 3600 et
1412 3548 1505 3599 malurn
1526 3563 1601 3613 quam
1614 3562 1678 3613 ‘qum
1699 3550 1781 3601 verbis

1003 3653 1107 3717 exprimi
1115 3651 1215 3716 possint.
1249 3654 1300 3713 Fau
1312 3648 1413 3699 certain
1425 3647 1783 3712 tribusmagnidcentisainom

1001 3765 1086 3813 Itomae
1097 3760 1223 3828 operibus,
1239 3756 1304 3806 unde
1322 3754 1428 3804 maxime
1442 3752 1535 3818 imperii
1553 3752 1690 3818 amplitudo
1701 3767 1780 3819 appa·

1002 3865 1052 3919 ret,
1066 3860 1227 3923 aquaeductus
1238 3868 1301 3920 pono
1312 3855 1338 3903 et
1350 3852 1403 3903 rias
1416 3854 1507 3903 stratas
1516 3852 1542 3901 et
1552 3849 1691 3902 cloacarum
1706 3851 1780 3903 labri·

1001 3969 1057 4016 cus,
1087 3970 1135 4005 non
1156 3956 1238 4005 solum
1261 3952 1338 4018 ipsios
1356 3951 1438 4015 operis
1465 3948 1597 4000 ulilitatem
1621 3949 1779 4001 considerans

1001 4053 1117 4116 (quade
1135 4065 1161 4101 re
1182 4064 1227 4101 suo
1247 4049 1302 4098 loco
1326 4047 1407 4096 dicam
1417 4048 1436 4107 ),
1450 4045 1495 4096 sed
1510 4044 1586 4095 eliam
1612 4045 1779 4109 impensamm

1000 4149 1207 4216 magnitudinem.
1220 4160 1294 4212 qoam
1306 4146 1345 4196 vel
1359 4159 1390 4195 ex
1403 4158 1451 4195 ona
1463 4157 1491 4193 re
1502 4142 1585 4206 quiris
1595 4143 1717 4207 conjicere
1730 4157 1778 4208 po-

1000 4254 1062 4310 iest,
1084 4261 1144 4299 usos
1170 4247 1199 4294 c.
1220 4242 1318 4307 Aquilio
1339 4244 1453 4302 auctore,
1481 4238 1524 4302 qui
1545 4239 1622 4288 relert
1654 4240 1779 4304 neglectas

1001 4342 1132 4411 aliquando
1144 4342 1252 4397 cloacas,
1269 4352 1314 4388 nec
1329 4336 1434 4400 amplius
1444 4350 1534 4399 aquam
1543 4334 1752 4396 transmittentes,
1763 4350 1778 4385 u

1001 4445 1150 4500 censoribus
1164 4440 1304 4508 purgandas
1316 4445 1340 4492 ct
1356 4437 1502 4492 reficiendas
1513 4437 1581 4488 mille
1592 4436 1692 4487 talentis
1708 4436 1777 4488 loca·

1001 4551 1039 4598 tas
1053 4559 1126 4597 csse:
1175 4538 1181 4545 ’

1031 4656 1141 4706 Lxl'ill.
1168 4652 1315 4716 Tarquinius
1336 4652 1410 4703 etism
1435 4650 1536 4699 Circum
1555 4645 1690 4698 maximum
1714 4643 1778 4695 inter

1001 4746 1148 4796 Auentinum
1164 4747 1189 4793 ct
1202 4741 1339 4792 Palatinum
1353 4740 1440 4790 collem
1460 4738 1535 4788 silum
1549 4732 1699 4792 edificavit,
1713 4736 1778 4783 siru-

1000 4836 1047 4885 ciis
1056 4833 1162 4898 primum
1172 4831 1264 4895 opertis
1273 4829 1466 4891 circumquaque
1476 4824 1594 4877 sedilibus
1606 4840 1612 4871 ι
1624 4824 1690 4883 (nam
1698 4833 1777 4885 usque

1001 4923 1098 4972 adeam
1109 4919 1174 4969 diem
1186 4916 1469 4979 stanlesspeetareranll
1480 4915 1555 4963 loreis
1568 4909 1706 4976 superiecta
1721 4919 1782 4956 con·

1000 5006 1132 5073 lignatiune
1146 5005 1286 5069 spectacula
1299 5004 1377 5067 lignea
1391 5000 1566 5051 sustinentibus
1581 5020 1587 5050 :
1602 4999 1777 5061 etspeciacu·

1001 5099 1086 5149 icrrtm
1100 5096 1153 5147 loca
1171 5093 1197 5144 in
1207 5091 1306 5157 triginta
1317 5089 1400 5140 curias
1411 5086 1539 5144 dividens,
1555 5085 1687 5149 unicuique
1700 5080 1777 5132 curiae

1000 5201 1073 5238 unam
1084 5188 1180 5250 portem
1191 5180 1338 5247 assignarit,
1348 5183 1376 5229 ul
1386 5175 1555 5240 unusquisque
1566 5185 1611 5223 suo
1624 5173 1679 5223 loco
1686 5170 1779 5223 sedens
