3772 5828
179 322 239 383 ⁴08

701 309 872 372 Dionistt
894 307 1271 372 naticaunassunsts

184 448 350 530 «ἀναγκαίῳ
374 444 513 526 γενόμεναι
537 442 597 511 τοός
622 467 652 503 τε
678 441 792 511 ἐξιόντας
825 443 872 502 καὶ
898 442 958 509 acb<
983 445 987 505 l
1014 471 1027 496 n
1041 450 1194 516 protuerunt.
1207 453 1268 502 itam
1285 450 1320 501 illi
1341 463 1425 501 rerum
1441 450 1472 501 ad
1485 451 1578 502 vietum
1597 457 1796 510 necessariarum

185 536 435 614 «ὑπολειπομένους
455 536 540 610 ὑμῶν.
595 536 631 595 Ol
654 530 703 609 μέν
718 557 748 610 γι
772 531 960 614 ἀφθονωτέρων

185 651 200 687 υ
214 629 367 706 εὐποροῦσιν
381 627 435 684 ἐκεῖ
447 627 500 681 τῶν
514 622 690 695 ἐπιτηδείων,
706 624 730 680 οἱ
746 622 769 679 δ’
785 621 876 681 ἐνθάδε
893 623 960 679 ὕπο·

186 737 201 772 ιι
217 713 353 791 μείναντες
373 705 453 784 ἧττον
474 708 627 778 σπανίζουσι
650 716 696 779 τῆς
721 718 829 787 ἀγορᾶς.
871 711 911 765 Ἥ
931 729 960 764 τε

165 790 350 881 «ῖσομοιρία
374 803 421 869 τῆς
444 798 542 876 τύχης,
568 799 599 870 ἧς
626 797 789 876 μετέσχομεν
814 796 875 874 ῦμῖν
906 796 960 861 τοῖς

186 889 363 967 «δημοτικοῖς
386 889 410 946 οί
431 885 564 965 πατρίκιοι
592 886 683 966 κλήρῳ
716 887 891 962 ποιησάμενοι
911 883 960 956 τὴν

187 1001 202 1038 n
215 977 318 1047 ἔξοδον,
334 978 363 1035 οὗ
373 974 492 1056 ψέγεται.

223 1069 332 1130 XXIX.
357 1066 421 1125 «Τί
446 1056 490 1123 οῦν
514 1061 640 1130 παθόντες
665 1065 689 1122 ol
715 1065 871 1142 δημαγωγοί
899 1060 961 1142 περὶ

187 1157 313 1217 «τούτων
328 1157 392 1230 ἡμῖν
416 1153 588 1230 ἐγκαλοῦσιν,
606 1142 643 1209 ὧν
668 1153 756 1218 κοινὰς
775 1151 888 1232 ἔσχομεν
915 1151 962 1219 τὰς

167 1277 170 1284 ·
187 1246 321 1325 «γνώμας
336 1244 380 1302 καί
395 1241 441 1308 τῖες
453 1243 536 1320 τόγας
557 1239 608 1298 είτε
622 1241 712 1299 δεινῶν
725 1239 823 1312 ὄντοιν,
840 1244 875 1308 ὡς
890 1231 961 1300 οῦτοί

185 1358 201 1391 ε
215 1353 312 1416 μασιν,
336 1330 383 1390 εἴτ’
402 1329 558 1410 ὠμιλίμων,
580 1326 669 1407 ὥσπερ
698 1333 775 1403 ἡμεῖς
798 1329 919 1405 οίόμεθα;
943 1328 960 1387 θ

187 1445 202 1481 o
216 1421 263 1502 μίν
286 1422 338 1501 γὰρ
351 1421 395 1479 ἐπὶ
411 1425 445 1498 τῇ
461 1417 555 1477 νεωστί
571 1420 653 1498 βουλῇ
671 1417 798 1496 γενομένῃ
816 1415 960 1487 διαόεῦλή-

184 1536 200 1569 ι
216 1517 282 1589 μεθα
297 1513 341 1568 ὑπ’
355 1509 460 1586 αὐτῶν,
474 1510 509 1574 όνς
531 1508 579 1565 οὐκ
601 1505 730 1574 ἀξιοῦντας
746 1504 887 1587 μετριάσαι
901 1504 962 1583 περί

186 1603 263 1668 «τὰς
282 1601 360 1676 τιμὰς
377 1603 425 1669 τῆς
443 1602 549 1673 ἀγορᾶς,
576 1586 611 1659 be
626 1588 840 1660 ἐπιόουλειίοντις
865 1593 960 1675 ἀμελέ-

188 1718 202 1754 ιι
219 1699 280 1753 σθαι
293 1691 342 1762 τὴν
352 1686 468 1759 ἐξουσίαν
480 1688 532 1742 τῶν
545 1683 692 1762 δημάρχων
703 1727 711 1753 ,
721 1686 756 1749 όις
769 1688 962 1757 μνησικακοῦν-

189 1805 260 1850 «τις
276 1783 337 1840 ὑμῖν
360 1782 407 1848 τῇς
427 1773 595 1838 ἀποστάσεως
621 1773 667 1828 καῖ
688 1769 768 1828 παντί
782 1769 880 1854 τρόπῳ,
892 1793 961 1849 προ-

187 1865 373 1942 «θυμοόμενοι
393 1865 515 1920 κακῶσαι
535 1858 565 1918 τδ
587 1860 728 1937 δημοτικὸν
752 1860 798 1918 καί
815 1853 907 1920 πάντα
927 1859 962 1918 ab

184 1957 323 2013 «τοιαῦτα
348 1949 503 2024 ἐγκλήματα
528 1947 612 2026 ἔργοις
640 1948 825 2024 ἀπολυσόμεθα
852 1950 898 2006 οὐκ
924 1950 959 2014 εἰς

183 2041 337 2122 «μακρὰν,
355 2037 413 2097 οὗτε
429 2037 510 2095 κακὸν
530 2036 602 2095 οῦδὲν
618 2040 687 2112 ὑμᾶς
706 2034 892 2114 ἐργαζόμενοι,
913 2034 960 2107 τη’ν

127 2154 155 2192 ao
183 2155 199 2189 s
214 2130 238 2189 τ’
254 2127 370 2198 ἐξουσίαν
385 2129 437 2184 τῶν
453 2125 618 2205 δημάρχων,
635 2126 675 2205 ἐφ’
687 2114 724 2191 οἷς
736 2124 795 2182 τότε
810 2123 962 2205 συνεχωρή-

186 2240 201 2276 α
216 2239 301 2294 σαμεν
313 2219 374 2290 ὑμῖν
390 2216 468 2292 ἔχειν,
484 2213 528 2271 καί
538 2220 582 2271 νῦν
595 2210 772 2292 βεόαιοῦντες,
787 2218 832 2271 τοῦ
849 2213 876 2270 δὲ
887 2213 960 2272 σίτου

185 2331 199 2365 α
216 2305 264 2376 τὴν
275 2304 434 2381 διάπρασιν,
451 2306 485 2368 ὡς
497 2301 528 2358 ἂν
545 2303 606 2378 ὑμῖν
623 2300 708 2361 όίπασι
722 2300 800 2380 δόξῃ,
817 2301 961 2378 ποιησόμε-

186 2417 201 2450 α
216 2416 265 2452 νοι.
310 2390 513 2471 Περιμείναντες
533 2382 596 2463 οὖν,
615 2389 660 2449 ἐάν
673 2414 700 2449 τι
715 2391 752 2467 μὴ
773 2389 881 2468 γένηται
895 2389 959 2448 τοό-

187 2503 284 2554 «των,
300 2480 359 2540 τότε
379 2487 549 2560 κατηγορεῖτε
566 2481 653 2556 ἡμῶν.
696 2480 732 2539 Ei
747 2478 774 2538 δέ
791 2478 959 2558 βουληθείητε

187 2569 333 2651 «άκριόῶς
369 2567 489 2636 ἐξετάσαι
522 2568 555 2627 τόι
585 2569 714 2648 διάρρρα,
742 2569 903 2643 δικαιότερον
928 2566 959 2626 θν

185 2665 293 2736 «ἡμεῖς
319 2659 343 2717 ol
368 2656 499 2737 πατρίκιοι
523 2661 569 2714 τοῦ
593 2656 678 2734 δήμου
701 2655 959 2735 κατηγοροίημεν,η

186 2749 262 2820 «τὴν
279 2746 375 2826 βουλὴν
400 2747 471 2824 ὑμεῖς
490 2744 576 2826 ἔχοιτε
603 2746 635 2806 δι’
655 2747 751 2813 αἰτίας.
770 2748 894 2807 Ἀδικεῐτε
908 2746 960 2828 γάρ

187 2862 201 2896 n
216 2845 306 2915 ἡμᾶς,
323 2826 345 2895 ὦ
365 2835 496 2914 δημόται,
517 2837 562 2893 καί
587 2833 669 2911 μηδὲν
690 2838 834 2917 ἀχθεσθῆτε
850 2834 959 2895 ἀκοῦον·

186 2951 275 2998 «τες,
302 2925 328 2984 ol
353 2948 383 3002 γε
409 2927 455 2983 οὐκ
478 2922 664 2999 ἀναμείναντες
689 2931 736 2996 τῆς
760 2924 868 3001 γνώμης
884 2927 960 2999 ἡμῶν

126 3072 132 3087 ,
187 3038 201 3073 ιι
216 3019 307 3093 μαθεῖν
322 3015 353 3073 τὸ
376 3012 466 3078 τέλος,
491 3013 647 3090 κατηγορεῖν
665 3013 717 3084 ἤδη
747 3014 827 3081 αὐτῆς
848 3010 959 3078 ἀξιοῦτε.

184 3128 200 3159 α
215 3104 311 3166 Καίτοι
323 3103 360 3168 τίς
371 3104 417 3159 οῦκ
428 3091 515 3172 οίδεν,
532 3097 572 3156 ότι
587 3101 666 3157 παντί
676 3103 714 3179 τῷ
729 3099 879 3177 βουλομένῳ
892 3103 960 3178 ῥᾷσ-

187 3214 201 3249 ιι
213 3215 257 3252 τον
270 3190 345 3271 ἔργον
360 3191 391 3247 διν
407 3187 509 3266 γένοιτο
528 3187 640 3265 συγχέαι
659 3187 704 3246 καλ
719 3187 819 3244 ἀνελεῖν
835 3187 958 3262 όμόνοιαν

185 3303 200 3338 (ι
216 3284 245 3340 ἐκ
259 3280 376 3349 πόλεως,
394 3283 502 3335 τοιαῦτα
518 3278 692 3355 ἐγκαλοῦντι,
709 3266 746 3334 ὧν
758 3279 775 3347 ἡ
789 3274 876 3342 πίστις
892 3278 959 3352 μέλ-

184 3374 295 3430 «λουσα
316 3369 361 3427 καὶ
382 3370 408 3426 ἐν
434 3368 524 3446 ἀδήλῳ
552 3367 589 3424 ἔτι
611 3356 694 3437 οῦσα,
722 3367 751 3424 οὗ
777 3365 881 3445 φυλακή
905 3367 961 3424 ἐστι

127 3514 146 3526 ,,
186 3483 201 3517 u
215 3466 262 3518 τοῦ
296 3458 333 3534 μὴ
358 3462 450 3514 παθεῖν
475 3479 500 3513 τι
532 3454 630 3525 κακδν,
657 3453 726 3513 άλλδι
752 3454 882 3534 πρόφασις
914 3461 960 3514 τοῦ

186 3571 201 3602 ι(
218 3550 338 3615 ἀδικεῖν;
361 3542 415 3600 Καὶ
440 3545 468 3601 ob
492 3551 544 3609 τοῖς
567 3541 757 3621 προεστηκόσιν
772 3546 846 3619 ὑμῶν
864 3544 959 3620 μόνον,

185 3660 200 3689 ιι
215 3627 251 3693 ὧν
275 3632 447 3692 διαθάλλουσι
475 3630 523 3702 τὴν
550 3631 645 3710 βουλὴν
669 3632 714 3690 καλ
737 3638 959 3711 συκοφαντοῦσιν,

187 3726 339 3799 «ἐπιτιμᾶν
352 3721 432 3793 άξιον,
442 3721 511 3778 ciiii
527 3720 572 3777 καί
587 3723 648 3796 ὑμῖν
663 3722 714 3799 οὐχ
733 3712 828 3792 ἧττον,
848 3712 885 3779 ὧν
900 3745 961 3779 πισ-

189 3834 202 3868 ιι
216 3811 304 3869 τεόετε
326 3812 432 3879 αὐτοῖς,
447 3809 493 3866 καί
519 3808 579 3886 πρὶν
594 3813 752 3885 πειραθῆναι
774 3810 957 3883 ἀγανακτεῖτε.

188 3898 319 3977 «Ἐχρῆν
334 3899 385 3978 γάρ
400 3902 485 3974 ὑμᾶς,
506 3897 528 3954 εί
549 3895 583 3952 et
600 3895 729 3971 μέλλοντα
754 3897 887 3975 ἐμοόεῖσθε
904 3901 960 3956 ἀδι-

189 3987 340 4063 ιικήματα,
374 3987 419 4045 καί
454 3987 501 4050 τὰς
531 3986 572 4042 ἐπ’
593 3986 679 4050 αὐτοῖς
713 3982 791 4064 ὀργδις
815 3986 961 4060 μελλοῷας

189 4096 203 4131 n
218 4074 298 4152 ἔχειν.
342 4077 397 4133 Νῦν
412 4074 439 4132 δέ
456 4072 576 4152 μαίνεσθε
592 4072 723 4153 ταχύτερα
745 4074 844 4145 μᾶλλον
858 4071 875 4143 ἢ
892 4099 957 4154 ppo·

190 4183 204 4217 u
216 4160 347 4237 νιμώτερα
364 4160 524 4238 ἐγνωκέναι,
548 4162 637 4220 καὶτὸ
666 4161 859 4241 ἀσφαλέστερον
881 4166 907 4221 έν
922 4166 959 4244 τῷ

188 4248 415 4328 «κακουργοτέρῳ
434 4251 540 4307 τιθέναι.

224 4339 317 4398 XXX.
343 4364 353 4385 ν
379 4336 446 4414 Περί
464 4336 558 4412 μὲνδὴ
582 4340 634 4395 τῶν
657 4340 749 4395 κοινῶν
769 4341 955 4418 ἀδικημάτων,

186 4450 201 4480 u
218 4428 258 4499 ἐφ’
278 4416 315 4490 οἷς
338 4424 386 4494 τὴν
402 4425 497 4502 βουλὴν
524 4429 547 4485 cl
571 4427 703 4508 δήμαρχοι
726 4427 869 4501 διέῦαλον,
893 4433 960 4488 άπο-

186 4519 283 4593 «χρῆν
299 4513 387 4590 οίομαι
406 4519 521 4572 τοσαῦτα
540 4517 667 4596 εἰρῆσθαι.
698 4515 775 4576 Ἐπεὶ
793 4517 819 4575 δέ
835 4519 879 4576 κοιλ
900 4521 958 4577 καθ’

188 4603 263 4662 «ἕνα
289 4605 397 4664 ἕκαστον
423 4609 514 4679 ἡμῶν,
538 4605 598 4685 περί
623 4597 658 4664 ὧν
674 4605 706 4665 διν
738 4607 853 4683 εἴπωμεν
877 4612 903 4667 ἐν
928 4611 960 4686 τῇ

189 4716 203 4751 n
218 4698 316 4774 βουλῇ,
346 4700 550 4776 συκοφαντοῦσι,
581 4695 625 4753 καί
653 4696 782 4756 διιστάναι
813 4695 861 4768 τὴν
884 4696 960 4754 πόλιν

187 4806 202 4837 ι(
218 4787 369 4857 αἰτιῶνται,
397 4785 441 4844 καί
465 4789 509 4841 νῦν
535 4783 614 4843 Γάϊον
640 4786 757 4866 Μάρκιον
782 4786 862 4864 ἄνδρα
887 4784 960 4866 μιλό·

191 4878 292 4934 «πολιν
317 4873 439 4955 ἐλευθέρῳ
463 4876 537 4954 φωνῇ
553 4873 720 4953 χρησάμενον
744 4874 810 4953 ὑπὲρ
834 4875 885 4930 τῶν
910 4893 962 4929 κοι·

189 4980 203 5013 n
217 4965 266 5017 νῶν
288 4968 439 5025 ἀποκτεῖναι
468 4959 623 5035 ζητοῦσινῆ
651 4963 754 5041 ρυγάδα
782 4965 891 5033 ποιῆσαι
915 4964 960 5031 τῆς

189 5051 356 5126 «πατρίδος,
383 5056 511 5133 βούλομαι
539 5051 584 5111 καλ
608 5052 669 5129 περὶ
689 5049 781 5109 τοότου
809 5049 842 5108 τδι
871 5050 958 5109 δίκαια

189 5159 204 5194 ιι
219 5137 300 5195 εἰπεῖν
321 5139 385 5217 πρὸς
409 5145 485 5220 ὑμᾶς·
510 5140 557 5200 καί
570 5147 707 5213 σκοπεῖτε,
722 5140 745 5197 τί
770 5137 890 5218 μετρίους
912 5137 958 5198 καί

1016 540 1181 591 «uberiorem
1197 539 1234 590 ibi
1251 539 1345 604 copiam
1359 539 1450 590 babent
1475 559 1481 589 :
1501 545 1527 591 et
1544 541 1588 604 qui
1607 541 1647 592 hic
1666 557 1799 599 remanse-

1016 643 1029 668 ι
1043 630 1100 675 runt
1111 664 1117 684 ‚
1130 627 1225 677 miuom
1239 639 1343 676 aunonae
1357 627 1459 690 penuria
1475 627 1595 681 laborant.
1629 635 1659 682 ut
1678 648 1800 702 exaqua-

1016 732 1029 758 ι
1044 713 1079 764 tio
1090 713 1209 776 sommae,
1221 717 1292 765 cuius
1304 729 1349 766 nos
1363 716 1460 779 patricii
1474 729 1532 767 cum
1548 717 1650 781 plebeiis
1661 725 1800 789 participes

1018 820 1032 846 ι
1046 816 1147 864 sumus,
1165 804 1232 868 quod
1245 807 1313 855 sorte
1332 804 1441 857 delectos
1458 805 1483 856 iu
1498 807 1606 859 colonias
1622 811 1795 877 omiserimus,

1018 909 1031 934 α
1047 889 1206 956 simperanda
1216 904 1266 941 non
1278 894 1325 942 est.

1047 1088 1131 1138 XXIX.
1151 1105 1164 1130 ι
1177 1087 1227 1138 Gur
1238 1085 1312 1152 igitur
1321 1088 1510 1139 concionatores
1529 1089 1573 1140 isti
1585 1091 1658 1142 nobis
1677 1093 1741 1147 daut
1753 1097 1799 1147 cri-

1018 1199 1031 1223 «
1044 1179 1105 1230 mini
1117 1192 1160 1241 ea,
1178 1193 1284 1243 quonam
1299 1195 1370 1245 oeque
1384 1181 1514 1232 vobiscum
1527 1183 1633 1236 eandem
1646 1190 1798 1241 seutentiam

1018 1294 1031 1319 ι
1044 1278 1071 1325 et
1080 1274 1203 1325 torinnam
1221 1275 1355 1337 habemus,
1374 1276 1427 1327 sive
1445 1290 1475 1327 ea
1490 1276 1540 1327 siut
1561 1278 1642 1340 malo,
1659 1284 1688 1330 ut
1701 1282 1742 1333 isti
1755 1283 1792 1333 ai-

1019 1365 1106 1424 ·unt,
1123 1363 1176 1414 sine
1198 1364 1276 1425 bona,
1292 1368 1321 1415 ut
1341 1377 1386 1415 nos
1406 1364 1599 1417 existimamus?
1623 1372 1685 1420 tiam
1708 1375 1734 1421 et
1747 1375 1798 1424 cri-

1018 1477 1031 1502 «
1045 1457 1126 1518 mina,
1142 1471 1200 1522 qua
1213 1457 1283 1508 nobis
1294 1458 1320 1510 iu
1334 1463 1423 1511 senatu
1440 1473 1519 1525 nuper
1539 1461 1624 1513 habito
1638 1463 1795 1526 obiecerunt,

1020 1569 1032 1592 n
1046 1550 1112 1601 nolle
1133 1564 1178 1601 nos
1195 1550 1322 1601 moderata
1341 1555 1451 1603 statuere
1465 1567 1549 1604 rerum
1568 1554 1690 1605 renalium
1702 1555 1795 1619 pretia,

1019 1661 1032 1686 ι
1048 1643 1132 1693 conari
1151 1657 1196 1710 per
1220 1643 1320 1694 iusidias
1344 1642 1500 1694 tribunitiam
1523 1650 1672 1710 potestatem
1693 1646 1795 1706 tollere,

1021 1735 1164 1785 «iniuriam
1186 1735 1331 1786 secessionis
1348 1735 1482 1786 vestraein
1501 1737 1644 1787 memoriam
1666 1750 1795 1796 reuocare,

1019 1845 1032 1869 a
1047 1828 1073 1877 et
1097 1825 1185 1890 quavis
1210 1826 1305 1876 ratione
1328 1825 1425 1890 piebem
1451 1826 1516 1878 male
1541 1831 1647 1879 tractare
1671 1827 1749 1889 nelle,
1770 1832 1797 1879 et

1020 1936 1033 1960 ι
1048 1916 1130 1966 omnia
1138 1916 1278 1968 istiusmodi
1292 1917 1396 1969 crimino
1407 1918 1475 1969 brevi
1487 1932 1515 1969 re
1526 1919 1580 1982 ipsa
1586 1919 1719 1984 diluemus,
1730 1919 1799 1972 nullo

1020 2024 1034 2048 a
1051 2005 1171 2055 maleficio
1193 2021 1238 2056 nos
1259 2006 1414 2070 allicientes,
1435 2011 1460 2059 et
1476 1988 1628 2060 tribunitiam
1651 2014 1799 2074 potestatem

1020 2098 1134 2149 «iisdem
1149 2099 1345 2161 conditionibus,
1366 2115 1430 2166 quas
1452 2105 1510 2154 tuuc
1525 2103 1596 2154 vobis
1611 2105 1798 2166 concessimus,

1020 2208 1032 2232 α
1048 2202 1113 2238 nunc
1144 2203 1244 2253 quoque
1271 2192 1463 2255 confirmantes,
1485 2196 1512 2244 et
1535 2192 1699 2254 trumentum,
1721 2197 1798 2257 prout

1020 2299 1034 2324 ι
1052 2281 1124 2331 robis
1143 2280 1351 2332 omnibusuisum
1373 2283 1457 2344 tuerit,
1474 2281 1616 2334 vendentes.
1649 2286 1796 2347 Exspectate

1020 2391 1032 2416 ι
1047 2373 1132 2436 igitur,
1149 2375 1174 2422 et
1187 2372 1208 2422 si
1221 2373 1280 2438 quid
1294 2373 1383 2424 borum
1401 2389 1451 2427 non
1464 2377 1603 2440 prestetur,
1622 2380 1682 2427 tunc
1694 2377 1797 2428 demum

1021 2485 1033 2509 ι
1047 2471 1226 2517 uosaccusate.
1261 2467 1334 2525 Quod
1352 2468 1375 2519 si
1387 2469 1484 2520 velletis
1503 2469 1643 2520 accuratius
1655 2470 1719 2520 lianc
1736 2484 1797 2521 cou-

1020 2578 1033 2603 ι
1048 2561 1192 2611 troversiam
1206 2561 1363 2622 examinare,
1378 2565 1446 2614 certe
1463 2576 1510 2613 uos
1526 2563 1622 2628 patricii
1644 2564 1733 2615 iustius
1745 2565 1800 2630 ple·

1022 2672 1034 2696 ·
1051 2653 1108 2704 bem
1123 2667 1312 2716 accusaremus,
1332 2668 1409 2720 quam
1426 2669 1472 2706 nos
1487 2660 1602 2708 sensuum
1613 2657 1803 2723 criminaripos·

1020 2764 1032 2786 ιι
1049 2745 1117 2795 setis.
1151 2750 1201 2796 Vos
1217 2745 1296 2808 euim,
1317 2746 1446 2809 Quirites,
1471 2747 1587 2800 iniuriam
1610 2750 1684 2799 nobis
1705 2750 1800 2808 tacitis,

1020 2853 1033 2877 α
1047 2849 1127 2900 neque
1144 2836 1246 2887 moleste
1266 2838 1367 2902 ieratis,
1391 2836 1453 2889 dum
1470 2838 1526 2890 hacc
1537 2840 1641 2901 auditis,
1658 2841 1798 2906 siquidem.

1022 2950 1034 2973 α
1049 2943 1098 2981 nou
1108 2933 1252 2994 exspectato
1274 2935 1414 2982 nostrorum
1432 2931 1589 2983 consiliorum
1605 2934 1687 2993 exitu,
1701 2934 1750 2983 iam
1767 2947 1798 2983 ea

1019 3041 1032 3064 ι
1047 3035 1162 3071 accusare
1173 3022 1257 3073 uultis.
1292 3022 1382 3087 Atqui,
1400 3023 1456 3086 quis
1469 3025 1563 3086 nescit,
1580 3023 1721 3074 facillimum
1744 3024 1797 3075 iore

1019 3110 1164 3171 «cuilibet,
1197 3111 1350 3163 concordiam
1369 3112 1471 3162 turbare
1494 3115 1554 3162 ete
1580 3112 1681 3163 civitate
1708 3114 1796 3164 tollere

1018 3221 1030 3244 n
1045 3200 1150 3260 nolenti,
1168 3201 1190 3251 si
1202 3215 1232 3251 ea
1246 3201 1397 3262 criminetur,
1417 3214 1522 3267 quorum
1536 3201 1595 3253 sides
1625 3203 1708 3253 lutura
1726 3208 1752 3253 et
1771 3205 1796 3253 in

1019 3312 1030 3333 ιι
1045 3291 1138 3340 incerto
1161 3291 1242 3339 adhuc
1267 3290 1345 3354 posita
1368 3304 1416 3342 nou
1437 3290 1551 3356 prohibet
1571 3292 1671 3341 anobis
1695 3294 1793 3344 maleti-

1019 3402 1032 3427 ι
1044 3381 1125 3440 cium,
1139 3379 1182 3428 sed
1199 3380 1305 3442 speciem
1319 3380 1412 3444 probet
1421 3380 1492 3444 quasi
1505 3379 1596 3431 iniusta
1610 3387 1730 3444 agamus?
1745 3386 1796 3433 Ne-

1019 3481 1094 3530 nque
1106 3479 1165 3516 veno
1176 3466 1222 3515 soli
1234 3467 1313 3516 vestri
1330 3467 1408 3517 duces
1426 3471 1452 3519 et
1467 3469 1580 3532 patroni,
1598 3468 1629 3518 ob
1645 3469 1749 3519 crimina
1772 3475 1799 3521 et

1019 3558 1197 3618 «calumnias,
1222 3557 1312 3619 quibus
1334 3562 1449 3608 senatum
1473 3557 1613 3617 lacessunt,
1630 3557 1803 3623 obiurgatione

1019 3669 1030 3692 ι
1047 3650 1104 3699 sunt
1115 3645 1191 3710 digni,
1206 3644 1249 3695 sed
1260 3645 1333 3694 etiam
1349 3660 1396 3696 ros
1414 3646 1461 3710 ipsi
1478 3646 1635 3706 mamimus,
1651 3648 1710 3710 quia
1727 3649 1802 3698 sidem

1019 3757 1031 3779 n
1046 3737 1095 3786 iliis
1105 3741 1198 3785 temere
1212 3732 1323 3792 imbutis,
1335 3737 1361 3782 et
1374 3734 1482 3783 noudum
1498 3733 1635 3797 quidquam
1650 3736 1744 3799 experti
1760 3737 1798 3786 in·

1019 3826 1187 3890 «dignamini.
1216 3822 1352 3887 Oportebat
1368 3823 1434 3872 euim
1450 3834 1510 3880 vos,
1527 3823 1549 3873 si
1563 3836 1626 3886 quas
1638 3823 1662 3872 in
1674 3823 1797 3886 posterum

1019 3926 1031 3948 ν
1045 3906 1168 3956 timebatis
1177 3904 1288 3964 iniurias,
1306 3903 1369 3952 iram
1384 3913 1482 3964 quoque
1493 3901 1518 3950 in
1535 3901 1578 3951 illu
1596 3907 1708 3967 tempora
1721 3916 1797 3952 rescr-

1019 4013 1031 4037 e
1047 4005 1114 4042 nare.
1149 3995 1180 4041 nt
1192 4005 1256 4040 nunc
1269 3992 1375 4044 constat,
1392 4000 1436 4038 ros
1447 3986 1552 4038 celerius
1563 4001 1639 4050 quam
1655 3990 1800 4053 pmdentius

1022 4104 1031 4126 ι
1047 4082 1120 4132 τοίνυν
1135 4082 1224 4131 restris
1247 4079 1415 4138 connsuluisse,
1430 4079 1457 4128 et
1474 4080 1565 4128 restra
1585 4076 1673 4127 salutis
1688 4091 1755 4140 spem
1774 4079 1798 4128 in

1019 4192 1031 4216 ν
1046 4173 1174 4223 maloticiis
1186 4173 1315 4222 collocare.

1047 4353 1122 4400 XXX.
1138 4370 1150 4393 c
1163 4353 1243 4413 Atque
1263 4347 1330 4412 quod
1340 4347 1428 4395 attinet
1451 4343 1483 4393 ad
1496 4342 1608 4407 publicas
1628 4340 1743 4399 iniurias,
1764 4342 1797 4389 ob

1019 4466 1030 4488 n
1043 4460 1104 4509 quas
1123 4447 1214 4496 tribuni
1235 4448 1315 4494 totum
1332 4445 1443 4491 senatum
1466 4439 1528 4489 laiso
1547 4439 1710 4496 accusarunt,
1734 4434 1796 4493 baec,

1018 4560 1102 4610 «qum
1120 4560 1188 4595 nme
1201 4545 1267 4594 (licta
1285 4545 1359 4602 sinunt,
1383 4539 1496 4588 sufficere
1526 4535 1636 4585 arbitror.
1671 4531 1721 4582 Sed
1737 4535 1797 4596 quia

1018 4658 1030 4682 n
1045 4651 1247 4703 unumquemque
1262 4639 1373 4685 nostrum
1384 4631 1564 4682 calumniantur
1579 4627 1611 4677 ob
1623 4628 1759 4676 sententias
1773 4627 1798 4677 in

1018 4761 1029 4783 ι
1046 4743 1131 4791 senatu
1145 4756 1160 4791 a
1173 4739 1244 4789 nobis
1256 4738 1352 4797 dictas,
1374 4738 1398 4784 et
1416 4747 1460 4783 nos
1476 4735 1504 4781 ut
1523 4729 1665 4796 reipublicae
1681 4727 1796 4778 dissidio·

1019 4852 1099 4888 nrum
1113 4839 1226 4887 auctores
1251 4834 1381 4890 accusant,
1405 4833 1431 4879 ct
1454 4842 1520 4878 nunc
1543 4827 1571 4877 0.
1604 4825 1735 4882 Marcium,
1759 4821 1794 4868 ri-

1018 4959 1030 4982 «
1046 4951 1101 4988 rom
1120 4935 1205 5000 patrico
1223 4936 1362 4988 amantem,
1379 4930 1502 4991 libereque
1521 4927 1552 4977 dc
1574 4925 1699 4990 republica
1724 4923 1793 4970 locu-

1017 5062 1030 5087 ι
1044 5046 1110 5098 tum,
1130 5050 1218 5088 nccare
1237 5037 1282 5083 aut
1300 5031 1379 5095 patria
1400 5030 1523 5093 expellere
1537 5027 1656 5092 cupiunt,
1679 5020 1733 5071 roto
1748 5019 1796 5069 hac

1017 5165 1030 5191 ι
1045 5154 1145 5209 quoque
1162 5140 1193 5190 dc
1208 5150 1235 5190 rc
1245 5136 1289 5196 id,
1302 5133 1370 5197 quod
1381 5144 1481 5195 acquum
1496 5135 1550 5190 est,
1570 5128 1636 5193 apud
1649 5137 1693 5176 ros
1703 5121 1794 5172 dicere.
