3772 5828
158 315 217 376 556

158 446 324 516 ἐστασίαζον,
340 444 465 504 ἀνίστατο
480 445 570 504 πόλιν.
612 444 647 507 '0
666 444 687 504 δ’
701 444 836 525 ἐξεγείρων
849 446 931 519 αὐτὴν

158 533 294 612 δήμαρχος
311 523 343 602 ῆν
359 532 478 599 Πόπλιος
496 532 634 611 Βολέρων,
652 536 713 613 ὑτῷ
727 533 839 609 πρόσθεν
853 536 937 593 ίνιαυ·

159 630 197 706 τῷ
216 624 339 700 Αἰμίλιόν
360 622 451 681 τεκαὶ
471 620 578 681 Ἰούλιον
599 620 707 685 ὑπαίτοις
722 617 881 690 ἀπειθήσας,
897 622 938 677 ότι

160 716 237 775 αὐτόν
251 715 308 773 ἀντὶ
325 715 440 792 λοχαγοῦ
462 708 627 787 στρατιώτην
650 706 829 788 κατέγραφον,
843 709 873 766 ού
892 707 938 766 dri

159 804 224 863 ἄλλο
239 825 264 859 τι
277 802 439 878 ἀπολειχθεὶς
455 802 504 858 ὑπὸ
517 800 568 857 τῶν
582 797 702 868 πενήτων
713 802 758 855 τοῦ
774 796 860 873 δήμου
872 819 935 872 προ·

161 888 272 959 στοίτης·
290 884 361 963 γένος
376 907 404 943 τε
418 884 469 964 γλρ
492 887 522 944 ίκ
548 890 601 944 τῶν
622 886 797 964 ἐπιτυχόντων
821 877 871 963 ῆν,
892 887 938 946 καὶ

159 976 338 1057 τεθραμμένος
358 977 385 1033 έν
399 974 486 1052 πολλῆ
503 972 672 1044 ταπεινότητι
687 974 731 1031 καὶ
744 974 852 1054 ἀπορία·
869 974 938 1033 α’λλθι

160 1069 200 1125 ὅτι
210 1066 259 1136 τήν
273 1064 358 1144 ἀρχήν
373 1067 425 1121 τῶν
440 1061 547 1122 ὑπόεων
561 1061 697 1140 βασιλικόν
707 1061 820 1143 ἔχουσαν
834 1061 938 1139 έξίωμα

160 1152 226 1221 τέως
266 1156 366 1233 πρῶτος
381 1149 465 1219 ἔδοξεν
479 1150 585 1221 ἰδιώτης
599 1150 665 1230 ἀνὴρ
677 1152 796 1232 α’πειθείορ
807 1155 938 1211 ταπεινῶ-

164 1267 225 1318 σαι,
241 1244 286 1301 καί
304 1243 342 1301 iri
358 1244 458 1317 μᾶλλον
475 1238 518 1298 tri
533 1239 580 1306 τὰς
590 1239 761 1318 ὑποσχέσεις,
780 1239 811 1308 tr
825 1243 939 1301 ίποιεῖτο

162 1330 259 1408 μετιών
272 1331 320 1399 τήν
334 1329 419 1407 αἰρχῆν
440 1326 510 1386 κατὰ
523 1330 576 1384 τῶν
592 1327 755 1405 πατρικίων,
770 1331 805 1394 ώς
818 1329 937 1408 ἀφαιρη-

163 1420 271 1493 σόμενος
288 1421 373 1477 αὐτῶν
396 1416 443 1484 τήν
465 1415 553 1494 ίοχύν.
601 1414 673 1489 Ὃς,
705 1418 796 1487 έπειδὴ
823 1417 940 1495 τάχιστα

161 1506 292 1583 ἐξεγένετο
314 1508 386 1582 αὐτῷ
404 1504 572 1583 λυιφήσαντος
593 1509 641 1564 τοῦ
655 1504 793 1579 δαιμονίου
810 1505 891 1583 χόλου
906 1504 939 1562 sd

163 1594 286 1652 πολιτικὰ
303 1593 450 1674 πράττειν,
465 1591 620 1670 συναγαγὼν
635 1591 679 1651 τόν
701 1594 785 1667 δῆμον
797 1595 833 1659 είς
844 1595 940 1665 ἐκκλη-

124 1725 131 1735 .
164 1683 233 1753 σίαν,
250 1684 328 1757 νόμον
344 1680 458 1760 εἰσφέρει
472 1681 531 1761 περὶ
552 1685 604 1740 τῶν
622 1683 797 1763 δημαρχικῶν
814 1685 939 1762 όρχαιρε·

164 1770 243 1841 σίων,
257 1770 379 1846 μετόγων
396 1769 463 1827 αὖτλ
478 1771 508 1828 ἐκ
520 1773 567 1841 τῆς
580 1774 744 1850 φρατριακῆς
755 1770 939 1850 ψηφοφορίας,

163 1860 197 1931 ἢν
212 1862 236 1919 οί
248 1858 379 1935 Ῥωμαῖοι
393 1859 504 1917 καλοῦσι
523 1858 708 1937 κυριότηνιίπλ
723 1860 772 1929 τῆν
786 1860 938 1938 φυλετικήν.

162 1951 212 2015 Τίς
228 1950 256 2008 δὲ
274 1954 373 2008 τούτων
393 1947 504 2027 διαφορὰ
527 1952 579 2005 τῶν
603 1948 792 2027 ἀρχαιρεσίων,
813 1946 865 2022 ἐγὼ
888 1970 938 2018 ση-

164 2041 250 2111 μανῶ.
294 2034 350 2102 'rte
366 2034 414 2111 piu
429 2036 591 2116 φρατριακὰς
614 2035 780 2115 ψηφοφορίας
804 2033 856 2092 ἔδει
873 2057 937 2112 προ·

164 2124 376 2201 ὑουλευσαμένης
398 2128 444 2193 τῆς
474 2126 570 2202 βουλῆς
593 2125 638 2182 καὶ
661 2128 706 2181 τοῦ
734 2122 848 2193 πλήθους
872 2124 941 2183 κατλ

165 2214 281 2291 φράτρας
307 2213 353 2276 τὰς
367 2211 468 2291 ψήφους
489 2210 693 2289 ἐπενέγκαντος,
710 2222 756 2270 καί
773 2210 831 2288 μετ’
854 2213 942 2293 ἅμφό·

164 2323 227 2377 τερα
242 2305 327 2358 ταῦτα
341 2303 393 2357 τῶν
410 2301 483 2381 παρὰ
502 2306 547 2362 τοῦ
566 2300 702 2377 δαιμονίου
717 2302 835 2378 σημείων
850 2324 879 2361 τε
895 2301 940 2360 καὶ

164 2394 263 2449 οἰωνῶν
279 2386 360 2466 μηδίν
378 2390 600 2465 ε’ναντιιοθένεων,
616 2390 676 2450 τότε
692 2391 785 2469 κυρίας
798 2382 874 2451 εἶναι·
892 2388 941 2459 τὰς

164 2479 190 2537 δὲ
206 2478 347 2558 φυλετικὰς
370 2479 436 2555 μήτε
458 2478 689 2558 προόουλεύματος
709 2479 849 2559 γεναμίνου
872 2479 940 2556 μήτε

124 2604 129 2637 ;
163 2571 215 2625 τῶν
234 2566 324 2647 ίερέυιν
339 2591 367 2625 τε
390 2568 435 2625 καί
460 2569 643 2627 οἰωνοσκόπων
665 2567 893 2628 ἐπιθεσπισάντων
913 2569 940 2626 ἰν

163 2659 250 2736 ἡμέρα
265 2667 313 2738 μιᾷ
328 2656 493 2721 τελεσθείσας
510 2656 561 2715 ὑπὸ
575 2658 627 2715 τῶν
641 2658 758 2737 φυλετῶν
768 2654 843 2724 τέλος
859 2657 939 2735 ἔχειν.

164 2747 217 2805 Καὶ
231 2737 298 2816 ἦσαν
320 2747 350 2805 ίκ
362 2748 413 2803 τῶν
432 2746 531 2803 λοιπῶν
547 2744 678 2823 τεττάρων
695 2744 840 2827 δημάρχων
855 2747 880 2804 οί
894 2767 940 2804 συ·

163 2833 340 2914 νεισφέρυντες
356 2834 428 2913 αὐτῷ
444 2833 489 2891 δύο
503 2834 638 2913 δήμαρχοι
653 2834 696 2890 τὸν
712 2834 806 2909 νόμον·
819 2833 863 2901 οὓς
876 2857 940 2913 προ·

164 2923 379 3001 σεταιρισαίμενος
390 2920 534 2980 ίλαττόνων
550 2923 632 2979 ὄντοιν
651 2926 703 2980 τῶν
722 2920 760 2999 μὴ
775 2923 861 2979 ταύτὰ
876 2924 937 3000 βου-

111 3064 115 3073 .
164 3013 280 3088 λομένων
303 3014 407 3087 περιῆν,
460 3011 496 3068 Oi
520 3007 543 3065 δ’
564 3008 660 3067 ὕπατοι
685 3008 731 3066 καὶ
754 3012 771 3079 ἡ
793 3008 874 3087 βουλὴ
894 3008 939 3067 καλ

163 3103 259 3167 ποίντες
280 3101 303 3159 οἱ
318 3096 452 3176 πατρίκιοι
476 3096 586 3154 κωλύειν
603 3096 756 3175 ἐπεχείρουν
773 3097 818 3154 τόν
834 3097 937 3174 νόμον,

163 3189 316 3271 ἀφικόμενοί
338 3211 366 3246 τε
391 3185 460 3247 κατθ
483 3187 581 3256 πλῆθος
601 3187 637 3251 είς
661 3186 708 3257 τὴν
735 3184 848 3264 ἆγορίιν,
872 3187 899 3244 έν
921 3178 939 3264 ᾖ

162 3291 287 3363 προεῖπον
312 3280 335 3338 σί
360 3278 492 3356 δήμαρχοι
519 3277 647 3354 κυρώσειν
670 3275 714 3334 τὸν
729 3277 808 3350 νόμον
832 3275 938 3355 ήμέριρ,

162 3366 344 3435 παντοδαπούς
358 3369 463 3437 διῆλθον
478 3365 587 3442 λόγους,
600 3370 652 3424 τῶν
664 3389 692 3424 τε
708 3365 815 3422 ὑπαίτιον
827 3364 873 3423 καὶ
886 3369 939 3424 τῶν

110 3492 131 3523 ;.·
163 3457 355 3539 πρεσόυτότων
370 3460 399 3515 ἐκ
413 3461 460 3527 τῆς
476 3458 572 3533 βουλῆς
590 3455 635 3512 καὶ
659 3455 739 3513 ἄλλον
756 3452 867 3522 παντὸς,
885 3451 938 3531 ὅτῳ

164 3546 315 3626 βουλομένῳ
339 3538 386 3615 ῆν,
409 3545 455 3611 τὰς
476 3542 582 3609 ἐνούσας
604 3547 629 3602 ἐν
649 3548 685 3623 τῷ
709 3543 782 3623 νόμῳ
804 3541 939 3611 διεξιόντος

163 3637 282 3701 ἀτοπίας.
327 3632 527 3701 ’iterabitur-n
541 3631 568 3690 δὲ
585 3636 636 3691 τῶν
653 3632 798 3712 δημάρχων
809 3631 854 3689 καὶ
866 3620 939 3699 αύθις

162 3729 213 3783 τῶν
226 3725 350 3794 ὑπαίτιον,
366 3725 411 3781 καὶ
427 3721 506 3802 μέχρι
529 3723 628 3780 πολλοῦ
649 3726 695 3793 τῆς
711 3721 863 3801 ἁψιμαχίας
886 3724 938 3779 τῶν

162 3814 247 3894 λόγων
271 3814 494 3889 ἐκμηκυνθείσης,
518 3812 620 3881 ίκείνην
646 3810 693 3884 μίν
715 3810 762 3880 τῆν
794 3808 938 3882 ίκκλησίαν

163 3904 277 3962 διέλυσεν
294 3905 329 3968 εἷς
344 3903 425 3960 νύκτα
440 3900 616 3978 συγκλεισθεὶς
638 3901 651 3954 ὑ
672 3896 775 3975 χρόνος.
822 3897 938 3975 Προθέν-

162 4015 214 4047 των
237 3994 262 4049 δὲ
281 3993 361 4050 πόλιν
375 3994 426 4047 τῶν
446 3988 590 4067 δημάρχων
607 3986 643 4052 είς
664 3983 757 4063 τρίτην
774 3988 871 4064 ἀγορὰν
889 3985 939 4055 τῆν

162 4076 222 4155 περὶ
234 4083 279 4134 τοῦ
291 4079 373 4150 νόμον
385 4078 543 4153 διοίγνωσιν,
556 4075 602 4133 καλ
617 4072 784 4137 συνελθόντος
799 4072 838 4130 ίτι
849 4072 938 4131 πλείο·

164 4182 204 4224 νος
220 4162 256 4224 είς
280 4162 361 4230 αὐτ-ῆν
387 4162 481 4242 όχλου,
502 4163 532 4221 τό
556 4160 743 4243 παραπλήσιον
762 4164 800 4243 τῷ
823 4163 944 4243 προτέρῳ

165 4249 259 4318 aalide
285 4250 404 4327 γενέσθαι
430 4255 519 4319 ποίθος.
543 4253 630 4311 Τοῦτο
654 4251 764 4311 συνιδών
790 4257 803 4311 ό
825 4255 942 4320 Πόπλιος

126 4362 133 4395 .·
164 4337 230 4415 ἔγνω
258 4341 325 4412 μήτε
353 4342 406 4404 τοῖς
429 4344 534 4408 ὑπάτοις
557 4340 706 4420 ἐπιτρέπειν
731 4342 769 4400 ἔτι
791 4348 836 4401 τοῦ
863 4344 943 4420 νόμου

164 4434 335 4505 κατηγορεῖν,
352 4428 418 4501 μήτε
436 4431 587 4507 πατρικίους
604 4433 647 4488 ἐᾶν
669 4435 701 4502 τῆ
718 4435 869 4513 ψηφοφορία
887 4455 943 4489 πα-

166 4525 264 4595 ρεῖναι·
280 4519 339 4574 καθ’
357 4519 484 4596 ἑταιρείας
505 4519 556 4597 γὰρ
574 4523 664 4580 ἐκεῖνοι
682 4522 728 4579 καὶ
749 4522 816 4579 κατὰ
833 4543 943 4600 συστρο-

166 4605 214 4687 φὰς
230 4604 285 4681 ἅμα
302 4614 356 4670 τοῖς
372 4608 470 4663 ἑαυτῶν
484 4609 609 4674 πελάταις
623 4611 669 4667 οὐκ
681 4609 776 4686 όλίγοις
790 4602 846 4669 ούσι
858 4607 943 4668 πολλὰ

167 4694 234 4774 μίρη
260 4698 306 4764 τῆς
331 4695 427 4770 ἀγορᾶς
456 4699 590 4775 κατεῖχον,
623 4697 814 4763 ἐπικελεύοντές
837 4722 865 4755 τε
891 4707 943 4763 τοῖς

112 4806 138 4842 ,ιο
166 4787 342 4861 κατηγοροῦσι
351 4786 397 4840 τοῦ
407 4783 486 4856 νόμου
498 4784 542 4840 καί
556 4783 796 4859 καταθορυὺοῶντες
808 4784 866 4850 τοὺς
877 4787 942 4843 ἀπο-

163 4874 335 4950 λογουμένους
355 4872 401 4931 καὶ
424 4872 491 4928 ἄλλα
517 4873 675 4950 πράττοντες
699 4874 829 4949 ἀκοσμίας
845 4893 873 4929 τε
892 4873 936 4929 καὶ

166 4962 222 5037 βίοις
236 4968 282 5032 τῆς
297 4966 323 5021 ἐν
339 4968 396 5027 ταῖς
410 4961 504 5043 ψήφοις
519 4962 671 5038 μηνύματα.

204 5050 295 5111 xiil.
320 5051 437 5132 Ἐπέσχε
464 5052 485 5109 δ’
519 5052 598 5108 αὑτοῦΙ
624 5050 657 5107 τὰ
685 5051 852 5128 βουλεύματα
875 5049 936 5106 ὄντα

164 5136 306 5215 τυραννικὰ
327 5141 403 5214 ἑτέρα
433 5143 605 5217 συμπεσοῦσα
637 5137 763 5207 θεήλατος
799 5136 932 5217 συμφοραί.

691 312 862 375 ntoxt'slt
887 312 1263 377 uottcanrtossoltffls

989 414 1107 506 excitarit
1135 458 1163 506 Ρ.
1186 455 1288 512 l'olero,
1315 452 1433 503 tribunus
1459 450 1557 517 plebis.
1586 451 1638 516 qui
1660 453 1783 517 superiore

989 574 1061 618 anno,
1074 559 1142 625 quod
1156 559 1187 611 ab
1201 558 1300 610 AEmilio
1320 560 1347 607 et
1365 556 1451 607 'fullio
1463 556 1619 609 mantibus
1633 570 1680 623 pro
1696 560 1784 608 eentu-

990 666 1058 716 rioue
1069 665 1095 716 io
1118 665 1211 716 milites
1225 664 1350 729 gregarios
1365 661 1513 723 referretur,
1535 664 1671 729 imperium
1695 678 1785 715 eorum

991 748 1184 837 contempserat,
1197 776 1222 823 et
1239 771 1286 822 hae
1306 770 1466 836 potissimum
1479 770 1514 822 de
1539 784 1636 821 caussa
1652 771 1684 823 ab
1700 770 1785 821 infirm

992 880 1064 946 plebe
1087 880 1204 931 tribunus
1221 882 1261 929 est
1281 866 1547 942 rrealuntnarn'erat
1572 878 1681 943 ignobili
1699 893 1785 943 genere

993 986 1076 1039 natus.
1104 987 1130 1033 et
1147 983 1173 1033 in
1195 996 1283 1047 magna
1304 980 1446 1031 bumilitate
1464 993 1495 1030 κο
1512 984 1633 1045 egestate
1651 980 1783 1037 educatus}

993 1084 1062 1150 quud
1076 1084 1232 1135 eonsularem
1249 1080 1441 1135 dominationem
1453 1081 1531 1146 regias
1543 1082 1669 1147 dignitati
1701 1092 1781 1144 parem

995 1187 1055 1233 tunc
1064 1183 1116 1247 ipse
1128 1183 1224 1248 primus
1242 1182 1281 1231 rir
1294 1181 1406 1247 privatus
1421 1194 1467 1231 sua
1485 1183 1651 1233 ooutumacia
1666 1182 1781 1233 humilem

994 1285 1083 1339 fecisse
1093 1285 1164 1337 uisus
1175 1288 1254 1345 esset;
1276 1288 1302 1335 et
1320 1283 1501 1348 multomagis,
1515 1283 1588 1349 quod
1606 1284 1781 1348 magistratum

994 1391 1080 1436 eontra
1090 1385 1208 1450 patricios
1227 1385 1360 1444 arrrlriens,
1378 1397 1406 1435 se
1416 1383 1468 1435 illis
1479 1385 1625 1449 potentiam
1642 1386 1779 1437 ablaturum

995 1486 1156 1553 promisisset.
1192 1485 1236 1536 ille
1250 1485 1334 1547 igilur,
1355 1485 1511 1550 simulatque
1525 1484 1631 1551 placata
1652 1486 1781 1538 diriuiuu·

995 1589 1070 1641 minis
1081 1588 1118 1638 ira
1130 1587 1201 1637 licuit
1214 1587 1262 1637 sibi
1274 1585 1369 1651 negotia
1385 1586 1486 1651 publiea
1498 1585 1639 1649 facessere,
1652 1589 1744 1655 populo
1752 1590 1780 1641 ad

996 1689 1138 1741 concionem
1152 1692 1294 1745 conuocato,
1308 1687 1386 1751 legem
1396 1686 1568 1751 promulgavit
1579 1688 1614 1739 de
1626 1689 1779 1739 tribunonrm

997 1793 1130 1851 creatione,
1143 1805 1199 1842 earo
1213 1790 1315 1857 quidem
1337 1804 1369 1840 ex
1387 1790 1494 1841 curialis
1514 1794 1523 1851 (
1531 1804 1592 1857 qun
1607 1764 1641 1843 eo
1658 1794 1778 1843 nomines

997 1894 1114 1945 Romanis
1124 1894 1286 1959 appellantur)
1300 1894 1325 1942 in
1332 1891 1433 1943 remilia
1443 1892 1541 1944 tribula
1546 1892 1674 1945 deferens.
1697 1895 1780 1954 Quod·

997 2011 1054 2047 narn
1072 2000 1155 2047 autern
1172 1997 1206 2047 sit
1226 1995 1316 2046 horum
1334 1994 1494 2047 oomitiorurn
1510 1994 1661 2056 discrimen,
1679 2012 1726 2063 ego
1739 1998 1780 2048 de·

997 2096 1104 2147 clarabo.
1123 2096 1224 2148 Curiata
1251 2096 1353 2147 muritta
1373 2096 1506 2161 oportebat
1525 2098 1682 2161 precedente
1709 2113 1780 2149 sena·

998 2198 1154 2252 lusoonsuilo
1164 2204 1190 2251 el
1206 2198 1335 2265 suffragiis
1356 2214 1371 2249 a
1387 2199 1462 2265 plebe
1480 2199 1590 2251 eurlsllrn
1606 2198 1679 2260 latis,
1695 2205 1776 2264 atque

997 2306 1054 2368 post
1068 2302 1115 2353 lroe
1130 2304 1267 2366 utrumque
1278 2302 1356 2366 signis
1364 2300 1459 2353 diuinis
1472 2299 1604 2366 tribusque
1616 2314 1666 2350 non
1679 2299 1774 2351 adrer-

998 2406 1120 2467 santibus,
1131 2408 1190 2455 tunc
1199 2404 1300 2456 denium
1322 2409 1376 2456 rata
1387 2418 1453 2458 esse.
1486 2404 1587 2457 'fributs
1601 2418 1663 2455 vero
1673 2405 1778 2455 cernitis

997 2519 1050 2569 sino
1062 2515 1276 2569 senatusconsulto
1288 2517 1364 2579 atque
1375 2511 1429 2562 sine
1439 2509 1593 2576 pontificium
1604 2523 1780 2574 augurumque

997 2619 1130 2682 promentia
1144 2631 1194 2668 uno
1211 2616 1253 2667 die
1265 2630 1280 2665 a
1293 2612 1429 2665 tribulibus
1445 2610 1540 2676 periet.
1562 2610 1677 2663 ilabebat
1694 2615 1777 2661 autem

998 2726 1127 2788 equatuor
1148 2720 1252 2785 reliquis
1268 2718 1375 2769 tribunis
1395 2716 1461 2767 duos
1479 2716 1542 2777 terris
1560 2715 1669 2767 ferendae
1683 2716 1774 2767 ειιείοεε

996 2826 1090 2891 quibus
1102 2825 1149 2876 sibi
1167 2823 1313 2883 conciliatis,
1335 2821 1454 2887 reliquos,
1473 2820 1517 2886 qui
1533 2820 1723 2877 dissentiebant.
1736 2832 1778 2868 uu·

997 2943 1066 2980 rnero
1083 2927 1216 2993 superabat
1247 2929 1279 2976 at
1293 2924 1406 2975 musuleo
1420 2926 1446 2974 et
1466 2926 1572 2973 senatus
1583 2935 1721 2987 omnesque
1738 2936 1776 2986 pu·

997 3030 1070 3087 tried,
1084 3031 1161 3093 tegeor
1172 3044 1226 3080 earn
1239 3029 1358 3095 impedire
1367 3026 1535 3079 sedebamus:
1546 3042 1678 3093 quumque
1692 3040 1778 3091 magno

996 3142 1099 3178 nurnero
1113 3127 1138 3176 in
1160 3127 1242 3177 forum
1267 3129 1393 3179 venissent
1405 3166 1411 3187 ‚
1425 3126 1457 3177 ad
1473 3127 1557 3185 diem,
1572 3140 1626 3190 quo
1644 3126 1738 3176 tribuni
1753 3140 1778 3173 re

997 3229 1073 3293 legem
1084 3226 1223 3292 perlaturos
1231 3228 1352 3285 dixerant,
1365 3226 1441 3276 varios
1452 3225 1578 3276 orationes
1588 3224 1684 3275 lrabilae
1700 3227 1777 3274 sunta

996 3325 1140 3376 oonsulibus
1159 3329 1218 3375 natu
1236 3325 1361 3381 trasiniis,
1380 3328 1405 3374 el
1416 3322 1448 3373 ab
1460 3322 1510 3372 alio
1526 3323 1633 3387 queris.
1645 3322 1691 3388 qui
1704 3322 1777 3372 rerba

997 3422 1075 3473 facere
1089 3422 1171 3477 rellet.
1187 3420 1351 3479 incarnanda,
1363 3433 1420 3484 quae
1442 3419 1467 3469 in
1482 3432 1511 3468 eu
1535 3417 1588 3483 lege
1612 3419 1724 3476 inerant,
1738 3418 1777 3467 de

995 3523 1155 3571 monstrante.
1189 3517 1307 3568 Tribunis
1338 3530 1397 3566 rem
1416 3519 1501 3565 eontra
1522 3514 1657 3573 eonsules.
1684 3520 1709 3566 el
1729 3515 1776 3565 iliis

998 3625 1083 3670 eontra
1101 3620 1215 3670 tribunos
1229 3616 1337 3666 vicissim
1360 3612 1509 3665 dicentibus.
1529 3617 1555 3662 et
1571 3613 1776 3664 altercationibus

996 3718 1027 3768 ad
1042 3718 1134 3768 torrites
1155 3718 1228 3767 lroras
1246 3712 1385 3779 productis,
1411 3709 1491 3760 noetis
1508 3709 1652 3761 interventu
1677 3711 1720 3760 iila
1735 3724 1776 3760 ro·

995 3815 1066 3864 inilia
1080 3813 1162 3863 soluta
1180 3814 1246 3862 sunt.
1276 3813 1361 3867 Quum
1383 3809 1466 3858 autem
1482 3804 1577 3855 tribuni
1603 3820 1693 3857 rursus
1716 3805 1777 3869 legis

996 3910 1147 3974 rogationem
1168 3909 1194 3957 in
1216 3907 1388 3957 trinundinunr
1412 3903 1584 3961 distulissent.
1608 3907 1635 3953 et
1655 3903 1687 3954 ud
1711 3905 1775 3955 diem

995 4008 1088 4057 dietam
1098 4004 1176 4067 rarajor·
1187 4003 1262 4053 etiam
1274 4004 1348 4053 turba
1361 4002 1529 4059 confluxisset,
1545 4000 1610 4051 idem
1626 4001 1698 4066 quod
1710 4008 1775 4059 ante,

995 4103 1093 4154 ueridit.
1128 4106 1183 4159 Quo
1197 4116 1223 4149 re
1234 4100 1421 4158 animadversa,
1435 4098 1540 4148 Publius
1551 4099 1642 4148 statuit
1658 4114 1704 4149 nec
1719 4115 1777 4164 prer-

994 4203 1094 4253 rniltere
1110 4200 1263 4257 consulibus,
1278 4204 1304 4247 ul
1321 4199 1399 4261 legem
1413 4195 1601 4252 dissuaderent.
1617 4210 1664 4246 nee
1677 4198 1729 4260 pati
1748 4203 1776 4248 ut

995 4301 1121 4365 suffragiis
1132 4300 1240 4352 ferendis
1255 4299 1353 4364 patricii
1364 4299 1527 4348 interessent:
1540 4311 1598 4346 rraru
1609 4296 1647 4346 illi
1660 4298 1778 4347 cuiusuis

995 4401 1129 4460 ornatitiis,
1150 4414 1304 4462 aurarumque
1319 4398 1438 4447 clientum
1457 4394 1577 4451 saterris,
1603 4409 1714 4459 quorum
1729 4410 1776 4445 nu-

994 4514 1077 4549 merus
1088 4513 1135 4547 ιιοιι
1146 4501 1196 4546 erat
1216 4498 1336 4561 erigrrus,
1355 4495 1446 4545 multas
1464 4493 1508 4542 fori
1519 4496 1603 4556 paules
1614 4496 1776 4556 ner-uparant,

996 4596 1055 4657 legis
1073 4595 1257 4644 ‹tisana-otiare
1279 4594 1375 4643 aniruos
1400 4588 1527 4646 addendo,
1553 4592 1578 4637 el
1599 4589 1777 4640 defensoribus

995 4693 1173 4756 rilistreperalo‚
1186 4693 1283 4755 aliaque
1305 4691 1385 4740 multa
1402 4686 1527 4747 faciendo,
1547 4699 1606 4751 quoe
1622 4687 1778 4740 confusionis

994 4795 1017 4839 et
1036 4791 1158 4840 violentiae
1175 4794 1198 4840 in
1211 4790 1339 4853 suffragiis
1351 4788 1444 4839 fulurae
1456 4787 1545 4838 iridieia
1556 4792 1637 4838 erant.

1025 5055 1096 5102 xtlt.
1113 5051 1160 5101 Sed
1177 5051 1230 5100 Ιιιει
1239 5053 1292 5114 eJus
1304 5050 1406 5100 consilia
1415 5050 1541 5114 tyrannica
1552 5048 1632 5099 altera
1645 5052 1780 5102 eaiurrritas

993 5143 1114 5193 ilirirritus
1140 5141 1250 5192 irrrrnissu
1269 5139 1407 5206 irrrptdirit.
1434 5138 1576 5192 Pestilentia
1598 5139 1667 5190 enim
1686 5141 1777 5192 urbem
