3772 5828
169 352 207 411 to
691 351 859 412 prodisti
881 353 1261 414 HALlGAilNASSENSlS

168 472 287 557 σημανῶ.
329 479 462 562 Δάρδανος
478 481 567 551 ἐπειδὴ
590 481 697 560 Χρύσην
714 482 761 555 τήν
781 483 936 553 Πάλλαντος

168 569 315 650 θυγατέρα,
332 570 359 638 ἐξ
378 561 411 641 ής
430 572 453 628 οἱ
477 568 596 649 πρότεροι
611 573 702 638 παῖδες
716 572 829 648 ἐγένοντ’
845 577 937 653 αὐτῷ,

169 658 293 717 συνέπεσε
314 661 483 728 τελευτῆσαι,
508 659 627 718 Βατίειαν
651 664 739 737 γαμεῖ.
751 660 798 731 τήν
814 659 936 741 Τεύκρου

170 747 315 826 θυγατέρα·
342 746 387 805 καὶ
408 749 507 823 γίνεται
530 751 592 813 παῖς
616 750 685 823 αὐτῷ
711 749 889 827 Ἐριχθόνιος,
911 748 939 815 ὃς

129 860 142 897 ι
171 838 293 895 ίεποίντων
307 832 448 912 ἀνθρώπων
459 834 690 908 εὐδαιμονέστατος
703 836 807 914 λέγεται
821 836 938 913 γενέσθαι

170 929 217 996 τῆς
231 947 259 983 τε
280 922 403 1003 πατρῴας
419 922 463 979 καὶ
479 926 525 991 τῆς
546 922 596 980 nnn
614 926 650 1002 τῷ
670 923 850 1001 μητροπάτορι
869 947 940 1000 γενο-

170 1014 248 1089 μένης
257 1010 454 1091 κληρονομήσας
467 1012 557 1088 ἀρχῆς.
600 1009 762 1088 Ἐριχθονίου
775 1012 856 1069 δὲκαὶ
868 1015 941 1071 Καλ-

169 1102 258 1179 λιρόης
272 1106 319 1170 τῆς
340 1096 515 1175 Σκαμάνδρου
537 1098 638 1175 γίνεται
659 1097 750 1175 Τρὼς,
773 1101 818 1177 ἀρ’
845 1090 874 1157 ού
893 1098 940 1171 τήν

171 1187 319 1261 ίπωνυμίαν
334 1186 363 1244 τὸ
379 1185 448 1250 ἔθνος
466 1183 532 1263 ἔχει.
575 1184 667 1265 Τρωός
682 1185 708 1243 δὲ
725 1186 770 1244 καί
785 1184 939 1266 Ἄκαλλαρί·

119 1299 143 1337 ιο
171 1277 212 1341 do<
236 1281 282 1343 τῆς
304 1272 443 1351 Εὐμήδους
478 1271 637 1352 ’Λσσοίρακος
658 1263 705 1343 ip·
732 1272 823 1331 τούτου
847 1273 939 1331 δὲκαὶ
983 1318 985 1323 .

170 1364 343 1441 Κλυτοδώρας
356 1364 403 1432 τῆς
414 1362 593 1434 Λαομέδοντος
608 1360 713 1426 Κάπυς·
731 1361 839 1427 Κάπυος
853 1360 881 1419 dl
895 1361 940 1419 καί

169 1453 270 1530 νύμρης
290 1451 403 1516 Ναῑοίδος
423 1446 597 1526 Ἱερομνήμης
620 1447 759 1527 Ἀγχίσης·
777 1448 897 1528 Ἀγχίσου
914 1449 939 1507 δέ

169 1539 215 1597 καὶ
228 1536 379 1617 ’Λρροδίτης
393 1535 506 1600 Λῖνείας.
549 1534 597 1600 Ὡς
609 1533 657 1610 μέν
670 1535 701 1605 δή
714 1535 759 1593 καὶ
772 1535 802 1594 τδ
817 1535 938 1616 Τρωϊκὸν

169 1634 241 1705 γένος
254 1624 407 1695 Ἑλληνικόν
423 1626 535 1701 ἀρχῆθεν
556 1613 587 1693 ἦν
603 1622 747 1691 δεδήλωταί
762 1646 816 1698 μοι.

120 1733 143 1773 15
214 1711 318 1772 LXiil.
346 1710 410 1790 Περὶ
432 1712 458 1768 δέ
479 1715 531 1767 των
555 1709 657 1788 χρόνων
675 1712 701 1766 έν
724 1700 760 1775 οἷς
786 1710 892 1782 ἐκτίσθη
912 1709 941 1768 τδ

170 1795 308 1859 Λαουίνιον
321 1798 395 1856 ἄλλοι
407 1799 454 1873 μὲν
467 1796 553 1862 ἄλλως
568 1795 700 1872 λέγουσιν·
715 1798 773 1870 ἐμοὶ
791 1797 880 1872 μέντοι
894 1798 939 1857 δο-

170 1893 259 1945 κοῦσιν
272 1889 295 1944 oi
308 1886 420 1965 δευτέρῳ)
433 1883 500 1961 μετδι
515 1882 563 1956 τήν
576 1883 660 1951 ἔξοδον
673 1883 721 1954 τήν
733 1886 762 1941 ἐκ
776 1885 874 1965 Τροίας
889 1883 941 1942 ἔτει

171 1978 288 2057 φέροντες
306 1973 386 2043 αὐτήν
399 1971 486 2032 είκότα
511 1974 611 2049 μᾶλλον
625 1971 718 2048 λέγειν.
740 1970 821 2031 Ἴλιον
834 1973 941 2050 μὲνγὰρ

169 2063 227 2133 ήλω
238 2062 407 2128 τελευτῶντος
421 2060 472 2132 ήδη
489 2065 534 2118 τού
545 2059 648 2138 θέρους,
662 2059 838 2117 ἑπτακαίδεκα
850 2059 940 2139 πρότε·

118 2173 144 2209 uo
171 2174 213 2232 ρον
227 2150 336 2229 ἡμέραις
353 2155 399 2222 τῆς
410 2153 511 2230 θερινῆς
523 2152 638 2227 τροπῆς,
654 2148 733 2226 ὀγδόη
744 2145 873 2225 ρθίνοντος
889 2171 942 2223 μη-

169 2240 211 2306 νὸς
225 2240 431 2318 Θαργηλιῶνος,
444 2240 480 2305 ὥς
496 2235 625 2308 Ἀθηναῖοι
638 2235 695 2303 τοὺς
713 2235 822 2314 χρόνους
836 2235 937 2312 ἄγουσι.

172 2327 298 2404 Περιτταὶ
312 2327 334 2382 δ’
349 2317 415 2396 ἦσαν
428 2329 456 2382 αἱ
464 2325 507 2382 τὸν
523 2323 782 2401 ἐνιαυτδν[έκεῖνον]
798 2325 942 2401 ἐκπληροῦ-

172 2437 216 2472 σαι
225 2413 347 2490 μετδιτήν
358 2411 457 2492 τροπήν
470 2411 564 2472 εἴκοσιν
578 2409 684 2490 ἡμέραι.
709 2411 755 2471 Ἔν
769 2412 800 2481 δή
813 2411 941 2477 ταῑςίπτδι

171 2501 217 2560 καί
237 2499 365 2579 τριάκονθ’
385 2499 494 2578 ήμέραις
506 2507 562 2565 ταῖς
583 2500 634 2557 ἀπὸ
650 2503 696 2566 τῆς
711 2499 832 2564 ἁλώσεως
847 2501 940 2574 διαγε-

118 2615 144 2653 25
173 2585 292 2662 νομέναις
305 2586 338 2643 τά
360 2609 389 2645 τε
403 2586 463 2665 περὶ
486 2585 533 2657 τήν
554 2587 630 2644 πόλιν
653 2585 741 2661 οἴομαι
760 2585 941 2656 διοικήσασθαι

171 2675 231 2745 τοὺς
240 2673 359 2753 Ἀχαιοὺς
370 2675 415 2733 καὶ
426 2674 472 2741 τὰς
482 2673 625 2754 πρεσύείας
636 2673 801 2742 ἐπιδέξασθαι
811 2671 858 2738 ri<
868 2672 941 2751 παρὰ

171 2767 222 2821 τῶν
237 2761 424 2842 ἀφεστηκότων
437 2762 483 2820 καὶ
499 2760 533 2818 τδι
544 2760 618 2837 δρκια
633 2761 793 2830 ποιήσασθαι
807 2760 872 2838 πρὸς
892 2761 940 2816 αύ-

170 2851 227 2917 τούς
236 2873 243 2886 ·
253 2853 292 2929 τῷ
301 2851 323 2908 δ’
336 2851 392 2920 ίξῆς
402 2851 469 2920 ίτει,
484 2849 580 2928 πρώτῳ
593 2848 620 2908 δὲ
633 2847 698 2924 μετδι
709 2848 756 2916 τήν
768 2847 878 2917 θίλωσιν,
891 2846 942 2904 ύπδ

171 2962 219 3008 τ,ν
234 2937 415 3014 μετοπωρινήν
430 2937 568 3013 ἰσημερίαν
584 2937 692 3012 ἄραντες
706 2937 729 2992 οί
742 2937 832 3010 Τρῶες
851 2937 880 2991 ἐκ
894 2936 942 3002 τῆς

117 3053 144 3090 3„
171 3028 217 3101 γῆς
235 3028 403 3099 περαιοῦνται
418 3024 461 3079 τὸν
475 3020 690 3093 Ἑλλήσποντον,
704 3021 750 3078 καὶ
768 3021 942 3098 καταχθέντες

171 3116 207 3178 εἰς
229 3111 277 3181 τήν
293 3108 419 3189 Θρᾴκην,
441 3113 518 3168 αὐτοῦ
543 3107 705 3186 διατρίύουσι
724 3109 770 3175 τήν
792 3107 941 3185 χειμερινήν

170 3198 253 3278 ὥραν,
265 3195 401 3275 δεχόμενοί
413 3219 440 3254 τε
453 3195 511 3262 τοὺς
523 3196 699 3262 ἐπισυνιόντας
709 3197 738 3253 ἐκ
749 3199 795 3268 τῆς
807 3200 887 3274 ρυγής
897 3197 942 3252 καὶ

171 3283 429 3364 παρασκευαζόμενοι
443 3283 477 3341 τά
491 3285 526 3348 είς
539 3282 585 3343 τδν
600 3282 745 3344 άπόπλουν.
787 3282 839 3344 Ἐκ
855 3283 882 3341 δέ
896 3287 942 3350 τῆς

171 3374 281 3453 Θρηίκης
296 3371 454 3438 ἀναστάντες
466 3371 540 3452 ἔαρος
555 3373 701 3450 ἀρχομένου
715 3373 818 3431 τελοῦσι
830 3372 874 3429 τὸν
890 3393 942 3447 με-

118 3490 144 3527 35
172 3461 234 3529 ταξύ
252 3465 333 3520 πλοῦν
348 3462 410 3539 οίχρι
433 3459 569 3525 Σικελίας·
585 3462 637 3517 ἐκεῖ
654 3458 675 3515 δ’
689 3458 874 3536 ὁρμισαμένοις
892 3459 940 3514 αύ-

173 3560 226 3615 τυῐς
236 3552 265 3607 τὸ
277 3549 332 3616 ἔτας
347 3554 422 3607 τοῦτο
436 3550 554 3628 τελευτᾷ,
565 3548 609 3605 καὶ
625 3544 785 3625 διατρίύουσι
799 3545 842 3602 τὸν
858 3544 943 3603 δεύτε-

175 3661 217 3718 ρον
242 3643 361 3714 χειμῶνα
383 3637 429 3704 τάς
449 3639 537 3703 πόλεις
551 3637 735 3705 συνοικίζοντες
753 3646 804 3700 τοῖς
819 3635 943 3712 Ἐλύμοις

173 3728 199 3782 έν
211 3725 331 3802 Σικελία.
375 3724 493 3797 πλοΐμων
509 3723 536 3783 δὲ
549 3720 695 3797 γενομένων
709 3724 816 3801 ἄραντες
832 3725 883 3781 ἀπὸ
897 3729 943 3795 τῆς

173 3813 253 3884 νήσου
267 3816 366 3890 περῶσι
378 3813 407 3870 τὸ
419 3813 582 3892 Τυρρηνικὸν
598 3811 730 3887 πέλαγος,
744 3813 789 3868 καὶ
802 3813 941 3869 τελευτῶν-

118 3925 145 3964 so
173 3923 213 3964 τες
228 3902 262 3966 εἰς
277 3900 410 3977 Λωρεντὸν
426 3902 593 3979 ἀφικνοῦνται
609 3899 652 3957 τδν
667 3897 838 3977 ’Λύοριγίνων
853 3900 941 3977 αίγια·

176 3985 221 4044 λδν
237 3986 367 4063 μεσούσης
383 3989 493 4065 θερείας.
538 3986 668 4052 Λαόόντες
682 3984 708 4043 δὲ
723 3986 752 4043 τὸ
768 3986 865 4065 χωρίον
878 3985 942 4044 οίκί-

173 4078 261 4142 ζυυσιν
275 4078 300 4132 ἐν
314 4076 385 4153 αὐτῷ
397 4074 551 4147 Λαουΐνιον,
564 4075 607 4132 τὸν
621 4073 740 4152 δεύτερον
753 4074 806 4132 θπδ
819 4077 864 4142 τῆς
876 4073 943 4131 ἁλώ-

173 4185 237 4227 σεως
252 4162 467 4239 ἐκπληρώσαντες
481 4164 604 4220 ἐνιαυτόν.
646 4163 701 4221 Καὶ
714 4162 774 4241 περὶ
786 4161 832 4236 μὲν
843 4162 942 4220 τούτοιν

171 4252 206 4316 όες
218 4247 271 4328 ἔχω
286 4247 358 4318 δόξης
368 4251 512 4321 δεδήλωταί
526 4274 581 4326 μοι.

118 4342 150 4399 ιε’
211 4336 313 4397 ΚΚΙΚ.
326 4336 431 4401 Αἰνείας
450 4336 477 4393 δὲ
494 4338 691 4401 κατασκευάσας
707 4338 821 4414 ίεροῖςτε
835 4338 942 4402 καὶτοῖς

172 4426 258 4490 σίλλοις
272 4424 378 4495 κόσμοις
393 4424 566 4502 ἀποχρώντως
579 4425 626 4495 τήν
640 4426 732 4499 πολιν,
747 4417 784 4484 ὧν
796 4425 830 4484 τὰ
842 4425 943 4484 πλεῖστ’

172 4514 210 4571 ἔτι
234 4513 279 4570 καὶ
306 4513 341 4576 εἰς
364 4511 409 4581 ἐμὲ
433 4502 479 4582 ἦν,
506 4517 543 4592 τῷ
563 4514 609 4585 μὲν
631 4514 687 4584 ἑξῆς
710 4516 834 4593 ἐνιαυτῷ,
863 4516 942 4593 τρίτῳ

171 4602 193 4657 δ’
215 4600 266 4658 ἀπὸ
283 4603 329 4668 τῆς
349 4596 453 4667 ἐξόδου,
477 4600 576 4677 Τρώων
604 4600 757 4659 έύασίλευσε
790 4601 889 4675 μόνων·
906 4604 942 4680 τῷ

171 4687 198 4746 δὲ
220 4687 335 4765 τετάρτη)
357 4685 557 4754 τελευτήσαντος
577 4687 689 4746 Λατίνου
708 4690 753 4746 καί
775 4689 823 4759 τήν
845 4688 943 4747 ἐκείνου

120 4795 146 4833 oo
173 4774 307 4851 βασιλείαν
326 4773 547 4853 παραλαμύάνει,
562 4778 608 4844 τῆς
622 4798 649 4832 τε
675 4777 780 4846 κηδείας
802 4777 942 4848 οἰκειότητι

171 4868 216 4933 τῆς
240 4865 304 4943 πρὸς
325 4861 419 4937 αὐτὸν,
445 4860 585 4939 ἐπικλήρου
611 4866 655 4930 τῆς
681 4864 785 4930 Λαύνας
803 4865 943 4939 γενομένης

172 4950 238 5023 μετὰ
251 4952 295 5007 τὸν
311 4949 425 5008 Λατίνου
441 4949 568 5020 θάνατον,
584 4949 687 5007 καὶτοῦ
702 4952 766 5026 πρὸς
787 4951 844 5017 τοὺς
862 4951 942 5008 ἂστυ·

171 5034 285 5110 γείτονας
306 5039 420 5111 πολέμου
441 5042 487 5109 τής
509 5037 668 5117 στρατηγίας
689 5036 774 5098 ίνεκα.
815 5037 942 5109 ’Λπέστη-

992 494 1121 544 Dardanus
1141 497 1196 557 post
1214 494 1308 543 obitum
1328 495 1434 557 Chryses
1452 492 1568 544 Pallantis
1586 495 1655 555 siha,
1669 508 1702 546 ex
1718 511 1767 560 qus

991 598 1084 661 primos
1107 598 1196 647 llberos
1216 602 1377 659 susceperat,
1392 596 1487 647 Batiam
1501 599 1591 649 Teucri
1606 597 1680 649 liliam
1696 600 1768 650 eluxit

992 717 1093 753 uxorem
1107 703 1196 766 :eique
1205 715 1238 751 ex
1248 706 1299 752 isia
1314 704 1387 751 natus
1401 702 1439 751 est
1452 700 1517 750 lilius
1529 700 1767 766 Erichthonius,qui

993 805 1101 878 omnium
1116 803 1253 854 mortalium
1270 800 1480 852 fortunatissimus
1500 802 1576 852 inisse
1590 802 1678 864 fertur,
1699 806 1767 868 qnod

993 912 1019 959 et
1030 907 1105 971 patris
1119 911 1144 956 et
1155 908 1194 956 ari
1206 906 1309 957 insterni
1320 904 1486 969 principatum
1496 904 1645 955 hereditario
1655 905 1708 957 iure
1721 909 1766 959 ha·

994 1014 1084 1066 buerit.
1117 1018 1154 1064 Ea
1183 1012 1339 1063 Erichthonio
1361 1014 1388 1062 et
1411 1010 1535 1061 callirhoe
1557 1010 1700 1061 Scamandri
1719 1012 1768 1061 iilia

994 1123 1066 1169 natus
1089 1123 1127 1168 est
1140 1121 1214 1177 Tros,
1227 1130 1242 1166 a
1255 1130 1304 1180 quo
1318 1129 1377 1181 gens
1395 1128 1486 1165 nornen
1506 1113 1597 1173 habet;
1614 1128 1643 1165 ex
1663 1117 1726 1164 Troe
1743 1121 1769 1164 et

995 1222 1128 1274 Acallarido
1150 1223 1264 1272 Enrnedls
1281 1221 1330 1270 filia
1343 1227 1476 1270 Assaracus
1494 1223 1531 1271 est
1550 1222 1708 1284 procreatna;
1737 1236 1766 1271 ει

993 1329 1041 1380 hoe
1056 1333 1081 1379 et
1093 1328 1223 1391 clytodora
1240 1326 1409 1377 Laomedontis
1426 1325 1475 1375 filia
1497 1326 1593 1388 θεργες
1610 1338 1641 1376 ex
1657 1326 1722 1389 capy
1744 1332 1768 1376 et

983 1435 1100 1499 ‚nympha
1116 1434 1193 1485 Naida
1211 1434 1382 1484 Hieromneme
1407 1432 1542 1493 Anchises,
1567 1446 1598 1483 ex
1619 1432 1722 1482 Anchise
1743 1439 1768 1483 et

994 1537 1089 1586 Venere
1105 1537 1202 1585 AEueas
1235 1533 1362 1584 Troianam
1385 1532 1460 1596 igitur
1471 1536 1568 1597 gentem
1580 1545 1595 1583 a
1607 1532 1699 1585 Graecis
1713 1546 1767 1583 esse

993 1636 1120 1685 oriundam
1131 1635 1304 1685 demonstravi.

1027 1744 1111 1793 lxiii.
1125 1740 1173 1791 Sed
1190 1740 1221 1790 ‹le
1242 1744 1351 1802 tempore
1370 1754 1421 1804 quo
1432 1740 1560 1791 Lavinium
1575 1743 1613 1790 est
1625 1738 1765 1795 conditum,

995 1840 1127 1903 scriptores
1143 1838 1207 1888 inter
1226 1851 1253 1887 se
1271 1851 1320 1886 non
1343 1836 1507 1888 consentiunt.
1543 1840 1622 1901 Atque
1635 1837 1695 1886 mihi
1713 1837 1767 1901 qui·

994 1934 1052 1983 dem
1063 1933 1095 1993 ei,
1110 1934 1154 1998 qui
1169 1932 1265 1982 duobus
1276 1932 1346 1982 annis
1358 1936 1415 1996 post
1429 1932 1565 1982 discessum
1581 1946 1613 1982 es
1628 1933 1702 1982 Troia
1715 1945 1768 1982 con·

995 2028 1074 2077 ditum
1096 2027 1193 2090 ierunt,
1218 2026 1333 2076 ridentur
1358 2026 1390 2075 ad
1416 2026 1545 2075 veritatem
1572 2028 1674 2090 propius
1698 2039 1765 2076 acce·

994 2126 1062 2176 dere.
1094 2124 1166 2175 ilium
1177 2123 1241 2173 enim
1251 2126 1351 2187 captum
1363 2124 1449 2171 aestate
1460 2121 1508 2170 iam
1520 2126 1635 2186 vergente
1647 2136 1700 2171 xru
1716 2123 1766 2173 die·

995 2217 1042 2267 bus
1060 2221 1116 2267 ante
1137 2216 1268 2266 solstitium
1282 2216 1410 2276 aestivum,
1431 2214 1472 2265 <lie
1487 2228 1531 2263 νιιι
1553 2216 1645 2265 mensis
1657 2216 1765 2280 Tlrarqe·

995 2316 1067 2366 lionis
1093 2314 1243 2375 deiicientis,
1270 2313 1476 2378 quemadmodum
1511 2311 1671 2363 Athenienses
1700 2317 1764 2364 lem-

994 2429 1055 2480 pora
1072 2415 1224 2477 computant.
1256 2411 1304 2462 sed
1330 2414 1387 2476 post
1413 2408 1547 2461 solstitium
1569 2414 1713 2473 supererant
1733 2424 1767 2460 xx

994 2513 1062 2570 dios.
1073 2511 1116 2574 qui
1130 2524 1220 2559 mnrun
1231 2509 1301 2559 illum
1313 2506 1476 2572 complebant.
1508 2508 1596 2569 ltaque
1607 2506 1672 2556 inira
1682 2520 1768 2557 κκκνιι

995 2603 1063 2662 dies,
1083 2602 1125 2667 ιμιί
1153 2602 1222 2651 urbis
1241 2598 1444 2663 expugnationem
1469 2601 1526 2649 sunt
1544 2598 1639 2657 wenti,
1654 2598 1769 2648 existimo

996 2698 1098 2747 Graecos
1111 2707 1150 2743 res
1161 2693 1268 2742 urbanas
1284 2689 1468 2754 composuisse,
1479 2693 1505 2741 et
1515 2688 1609 2752 legatos
1620 2687 1652 2738 ab
1663 2687 1711 2738 illis
1726 2690 1769 2751 qul

995 2789 1147 2835 recesserant
1165 2784 1302 2847 recepisse,
1319 2782 1449 2844 ludamus
1469 2793 1526 2831 eum
1549 2780 1585 2829 eis
1600 2780 1697 2830 iecisse.
1729 2784 1771 2830 Ss-

995 2877 1080 2941 quenti
1089 2880 1173 2926 autem
1182 2889 1261 2936 anno,
1277 2875 1320 2938 qui
1332 2875 1426 2938 primns
1437 2877 1490 2924 erat
1500 2873 1532 2923 ab
1548 2873 1610 2923 urbe
1622 2877 1708 2937 capta,
1721 2873 1769 2923 sub

995 2968 1142 3031 aequinoctio
1156 2967 1291 3017 autumnali
1308 2967 1404 3016 Troiani
1419 2981 1433 3014 a
1449 2970 1514 3015 terra
1534 2965 1659 3015 solventes
1673 2964 1769 3014 llelles-

995 3064 1098 3123 pontum
1112 3059 1261 3108 traiecerunt
1283 3077 1289 3107 :
1307 3063 1332 3107 ot
1349 3058 1376 3107 in
1399 3056 1529 3106 Thraciam
1545 3055 1621 3109 delati
1645 3055 1680 3107 ibi
1691 3060 1770 3106 totam

996 3151 1101 3203 hiemem
1124 3150 1256 3213 degerunt,
1277 3150 1427 3212 excipientes
1448 3147 1549 3213 eosqui
1569 3160 1598 3198 ex
1612 3148 1669 3211 iuga
1689 3147 1770 3197 adhuc

995 3243 1185 3302 mureniebsnt,
1197 3246 1222 3291 et
1233 3255 1271 3291 res
1281 3241 1312 3290 ad
1325 3241 1505 3302 navigationem
1517 3239 1668 3290 necessmas
1677 3252 1764 3303 paran-

994 3339 1042 3385 tes.
1075 3338 1136 3385 cnm
1151 3336 1234 3384 autem
1250 3347 1281 3383 ex
1298 3332 1401 3382 Thracia
1414 3333 1479 3383 veris
1496 3331 1565 3381 initio
1581 3330 1767 3391 discessissent,

996 3440 1063 3477 mare
1076 3426 1264 3477 interiectumin
1278 3422 1638 3487 siciliamusquetraiecerunt.
1672 3423 1702 3470 Et
1711 3434 1769 3470 eum
1827 3478 1839 3501 ο

995 3533 1025 3568 eo
1032 3518 1194 3583 appulissent,
1204 3519 1237 3568 lbi
1251 3530 1328 3579 usque
1339 3517 1370 3565 ad
1380 3516 1454 3566 finem
1464 3515 1538 3565 huius
1550 3514 1607 3563 anni
1614 3519 1767 3575 manserunt,

996 3615 1021 3661 et
1038 3612 1140 3660 alteram
1161 3611 1265 3661 hiemem
1281 3612 1467 3671 trauseqenmt,
1482 3606 1580 3670 Elymos
1592 3607 1617 3656 in
1630 3605 1732 3655 urbibus
1744 3605 1769 3654 in

995 3703 1077 3754 Sicilia
1094 3702 1227 3752 tondendis
1241 3703 1360 3751 iuvantes.
1394 3698 1513 3760 liaciique
1527 3696 1680 3747 commodam
1698 3695 1769 3745 πενί-

995 3794 1067 3857 gandi
1083 3795 1239 3855 iaeullatcm,
1250 3794 1281 3843 ab
1298 3793 1377 3842 insula
1394 3791 1517 3841 solventes
1529 3803 1598 3839 mare
1613 3788 1769 3852 Tyrrhenum

996 3889 1128 3949 traiciunt,
1143 3888 1290 3950 tandemque
1308 3888 1459 3935 laurentum
1472 3884 1503 3933 ed
1518 3881 1678 3946 Aboriginum
1698 3880 1769 3931 littus

996 3983 1081 4029 aesmte
1093 3980 1174 4029 medis
1187 3980 1340 4041 perveniunt.
1374 3980 1438 4027 cnm
1454 3981 1536 4026 autern
1554 3988 1640 4038 agrurn
1657 3972 1768 4035 accepis·

996 4075 1063 4131 sent,
1080 4083 1143 4118 anno
1162 4070 1268 4118 meando
1284 4071 1339 4131 posi
1362 4068 1434 4117 illurn
1447 4069 1547 4129 capium
1567 4064 1678 4126 expleto,
1698 4063 1767 4113 hari-

995 4163 1063 4211 nium
1073 4162 1099 4210 in
1109 4174 1139 4211 eo
1151 4160 1318 4209 condiderunt.
1353 4161 1431 4220 Atque
1440 4157 1588 4221 opinionem,
1597 4170 1672 4219 quam
1682 4169 1727 4219 eqo
1737 4154 1768 4205 sle

996 4256 1070 4304 rebus
1080 4254 1136 4304 istis
1146 4253 1224 4302 habeo
1234 4289 1242 4314 ,
1255 4253 1314 4301 satis
1327 4250 1458 4301 declaravi.

1026 4349 1109 4396 Lxll'.
1131 4348 1246 4395 Ceterum
1269 4345 1371 4403 AErrcas,
1396 4345 1526 4406 postquam
1550 4339 1648 4404 templis
1665 4344 1691 4388 et
1714 4339 1768 4390 aliis

995 4436 1143 4486 ornamentis
1159 4433 1275 4497 oppidum
1290 4432 1351 4481 satis
1372 4431 1504 4490 instruxit,
1523 4443 1631 4493 qnorum
1653 4428 1769 4492 pleraque

996 4525 1035 4575 vel
1054 4522 1085 4572 ad
1104 4536 1183 4571 uream
1198 4535 1276 4584 usque
1290 4524 1388 4570 {etalem
1409 4518 1542 4578 durarunt,
1566 4530 1629 4566 anno
1642 4514 1768 4579 sequenti,

995 4613 1037 4677 qui
1060 4617 1115 4677 posi
1131 4612 1208 4675 ipsius
1221 4611 1358 4661 discessum
1380 4611 1468 4659 tertius
1487 4612 1555 4668 erat,
1578 4607 1637 4657 solis
1656 4606 1766 4656 Troianis

995 4701 1137 4765 imperavil3
1157 4703 1245 4762 quarto
1265 4703 1347 4748 antem
1369 4712 1432 4746 anno
1449 4697 1566 4747 deinneto
1590 4695 1692 4755 Latino,
1714 4694 1768 4743 eius

996 4790 1070 4837 etiam
1082 4802 1155 4850 regno
1173 4788 1266 4849 potitus
1280 4791 1333 4845 est,
1349 4791 1402 4835 tum
1413 4789 1512 4849 propter
1532 4784 1658 4834 aibnitetis
1680 4794 1763 4832 neoss·

995 4876 1126 4926 situdinem
1143 4889 1199 4924 cum
1223 4877 1291 4938 ipso,
1312 4878 1365 4937 post
1390 4874 1465 4924 Latini
1481 4878 1585 4922 mortem
1603 4870 1716 4922 universa
1734 4867 1765 4916 ad

994 4963 1121 5013 harinlam
1141 4962 1274 5012 hereditate
1298 4961 1470 5024 perveniente,
1495 4965 1546 5009 turn
1569 4959 1644 5011 etiam
1663 4960 1692 5008 ut
1712 4955 1763 5004 dux

995 5056 1060 5102 esset
1074 5052 1097 5102 in
1113 5051 1176 5101 bello
1190 5054 1276 5099 eontra
1287 5049 1390 5113 populos
1407 5049 1522 5098 finitimos
1536 5046 1649 5111 gerendo.
1680 5041 1764 5093 ilutuli

172 5144 221 5181 σαν
245 5121 295 5199 in?
319 5114 391 5189 αὖθις
415 5124 466 5183 ἃπδ
486 5131 530 5184 τοῦ
553 5125 667 5185 Λατίνου
698 5123 834 5201 Ῥότολοι,
849 5122 942 5185 >landi-
963 5129 971 5203 Ι
996 5140 1060 5190 enim
1083 5153 1099 5189 a
1128 5139 1213 5189 Latino
1238 5151 1324 5187 rursus
1356 5137 1511 5197 deiecerant,
1533 5136 1610 5185 ductu
1636 5129 1764 5184 cuiusdam
