3772 5828
578 364 867 441 ANTIQUITATUM
888 368 1036 435 ROMAN.
1059 375 1133 436 LlB.
1156 376 1231 438 vill.

84 525 97 553 ιι
114 501 197 576 ὑμᾶς,
218 484 240 553 ῶ
256 493 396 568 Μηνύκιε,
412 495 473 563 τοὺς
490 495 724 577 προχειρισθέντας
750 498 858 570 ὑπὸτῆς

84 613 97 639 ιι
116 588 228 665 βουλῆς,
249 582 313 641 τέδε
337 583 527 663 ἀποκρίνομαί·
551 582 596 643 ido
619 586 764 645 ἀποδιδῶσι
788 584 861 647 ‘Poa-

84 701 97 727 «
114 677 187 749 μαῖοι
198 671 376 739 Οὐολούσκοις
384 672 475 752 χώραν
486 696 513 731 τε
524 672 588 746 ὅσην
604 674 696 740 αὐτούς
709 674 860 755 ἀφῄρηνται

83 789 96 814 ιι
113 762 158 821 καὶ
171 760 277 833 πόλεις,
294 758 357 824 ὅσας
380 763 537 840 κατέχουσιν
561 760 790 840 ἀνακαλεσάμενοι
804 760 862 828 τοίις

41 867 54 905 ο
83 877 96 904 ιι
113 850 244 920 ἐποίκους,
260 847 349 928 ριλίαν
363 871 392 906 τε
408 848 572 916 ποιήσωνται
584 849 648 930 πρὸς
659 848 753 918 αὐτούς
767 852 802 918 είς
816 849 862 910 τὸν

85 966 97 991 ιι
118 938 159 997 ἀεὶ
178 939 287 1017 χρόνον,
321 937 365 994 καὶ
389 937 565 1004 ἰσοπολιτείας
593 940 742 1014 μεταδῶσιν
771 938 863 1020 ῶσπερ

85 1052 98 1078 ιι
117 1027 256 1097 Λατίνοις,
270 1021 359 1102 ὅρκους
380 1024 426 1083 καί
448 1023 512 1104 ἀράς
528 1023 597 1085 κατά
613 1027 664 1084 τῶν
682 1024 863 1106 παραύαινύν-

86 1141 99 1167 ιι
117 1138 169 1172 των
186 1114 219 1171 τά
245 1112 403 1191 συγκείμενα
421 1114 611 1191 ποιησόμενοι,
626 1115 785 1192 διαλύσομαι
799 1115 863 1195 πρὸς

86 1229 99 1255 ιι
117 1201 210 1268 αύτούς
237 1200 280 1259 τὸν
294 1201 431 1280 πόλεμον,
450 1200 577 1283 πρότερον
593 1202 621 1261 δέ
636 1210 666 1266 ού
673 1208 765 1268 Ταῦτα
779 1205 862 1282 ἀπαγ·

31 1320 56 1359 10
86 1317 99 1343 ιι
115 1292 220 1370 γέλλττε
235 1292 337 1362 αὐτοῖς,
354 1290 399 1348 καί
421 1289 464 1350 τὸν
490 1290 680 1370 αὐτὸντρόπον
698 1290 777 1372 όνπερ
797 1292 862 1371 πρδς

84 1405 97 1430 ιι
115 1379 162 1455 ἐμὲ
177 1378 298 1458 καὶπρὸς
317 1379 428 1445 ἐκείνους
443 1379 504 1459 περὶ
523 1383 570 1438 τοῦ
584 1380 687 1439 δικαίου
708 1380 778 1440 πάνυ
791 1381 863 1439 ίπισ-

84 1492 97 1519 ιι
114 1472 213 1547 τρερῶς
234 1471 320 1525 ταῦτα
344 1466 511 1545 διαλέγεσθε·
545 1467 627 1525 καλόν
652 1492 690 1527 τοι
722 1468 769 1537 τάς
795 1469 863 1536 ίδίας

84 1555 223 1632 ιιθέκαστον
238 1554 333 1634 ἔχοντα
347 1555 452 1626 κτήσεις
467 1559 492 1615 ἐν
511 1554 599 1635 εἰρήνῃ
615 1559 680 1631 ζῆν,
696 1556 742 1616 καί
763 1558 863 1616 πολλοῦ

85 1670 98 1695 ιι
116 1644 186 1712 ἀξιον
204 1643 234 1702 τὸ
249 1644 351 1720 μηδένα
372 1644 515 1703 δεδοικέναι
530 1644 592 1720 μήτ’
608 1646 701 1726 ἐχθρὸν
718 1645 785 1724 μήτε
799 1669 861 1706 και-

31 1761 54 1799 ts
85 1759 97 1783 ιι
117 1732 173 1810 ρύν·
189 1730 299 1810 αἰσχρὸν
316 1730 343 1790 δέ
356 1734 406 1790 τῶν
428 1732 571 1814 ἀλλοτρίων
593 1734 796 1813 περιεχομένους
815 1736 863 1793 οὐκ

86 1847 99 1872 ιι
117 1823 260 1896 ἀναγκαῖον
275 1819 390 1897 πόλεμον
410 1821 567 1899 ὑπομένειν,
584 1825 610 1882 ἐν
625 1814 646 1900 ᾧ
662 1825 708 1882 καί
729 1823 791 1903 περί
808 1827 862 1882 τῶν

87 1935 99 1961 ιι
118 1908 190 1966 ἰδίων
207 1908 331 1967 ἁπάντων
345 1908 554 1969 κινδυνεύσουσιν
566 1913 689 1989 ἀγαθῶν·
705 1913 739 1973 τοί
752 1935 781 1971 τε
795 1903 862 1973 itia

87 2023 100 2049 ιι
118 1999 279 2056 ἐπιδείκνυτε
293 1999 381 2065 αὐτοῖς
394 2002 439 2060 οὐκ
459 1998 506 2059 ἴσα
529 2001 684 2081 κατορθοῦσί
704 2024 733 2061 τι
751 2000 797 2060 καὶ
822 2001 860 2078 μὴ

86 2113 98 2138 ιι
117 2093 225 2164 τυχοῦσι
254 2086 377 2166 γινόμενα
397 2092 445 2159 τῆς
467 2088 606 2168 ἀλλοτρίας
628 2088 811 2168 γλιχομένοις,
837 2090 861 2148 εί

27 2198 55 2237 ευ
86 2202 99 2227 ιι
116 2176 143 2233 δὲ
165 2176 304 2254 βούλεσθε,
327 2175 481 2258 προστίθετε
496 2179 541 2235 καί
557 2176 604 2245 τάς
619 2177 707 2244 πόλεις
728 2181 780 2237 τῶν
803 2179 861 2250 ἠδι-

84 2290 97 2317 ιι
114 2266 234 2340 κηρίνων
258 2263 419 2345 προσλαύιῖν
448 2263 637 2345 βουλομένοις,
658 2265 702 2325 tis
728 2266 766 2343 μὴ
794 2290 860 2345 κρα-

85 2380 97 2406 ιι
114 2357 181 2411 τῶσι
197 2352 305 2424 κοίτην
325 2355 425 2412 ἑαυτῶν
446 2358 496 2430 γῆν
516 2376 544 2412 τε
559 2353 605 2412 καί
625 2352 700 2413 πόλιν
716 2357 860 2435 ἀφαιρεθῆ-

85 2469 98 2493 ιι
113 2465 169 2513 ναι,
192 2441 237 2500 καὶ
253 2442 290 2500 ἔτι
307 2440 372 2521 πρὸς
385 2442 470 2523 τούτῳ
483 2451 609 2522 γυναῖκας
621 2444 718 2500 ἐπιδεῖν
733 2442 860 2522 αἴσχιστα

85 2557 97 2580 ιι
115 2531 268 2609 πασχούσας
282 2533 327 2588 καί
345 2531 443 2599 παῖδας
458 2532 493 2597 εἰς
508 2529 582 2609 ύύριν
600 2530 742 2609 ἀγομένους
755 2534 800 2590 καὶ
814 2556 859 2611 γο·

26 2638 54 2676 us
85 2644 98 2671 ιι
116 2628 167 2684 νεῖς
182 2618 285 2685 δούλους
301 2618 358 2677 ἀντὶ
374 2619 515 2698 ἐλευθέρων
534 2620 577 2678 ἐπὶ
591 2620 678 2700 γήρως
692 2621 745 2701 ὀδῷ
758 2622 861 2699 γινομέ-

85 2732 98 2759 ιι
116 2730 183 2773 νους.
230 2707 283 2766 Καὶ
297 2707 353 2783 ἀμα
368 2707 504 2766 διδοίσκετε
516 2706 564 2778 τὴν
579 2706 674 2785 βουλήν
683 2753 696 2785 ,Ι
706 2707 746 2768 ότι
760 2710 858 2771 τούτων

85 2821 98 2847 ιι
117 2799 169 2854 τῶν
185 2799 274 2854 κακῶν
289 2797 337 2854 ούκ
362 2794 393 2854 ἀν
417 2793 503 2875 ίχοιεν
522 2795 693 2856 αίτιέσασθαι
719 2797 859 2880 Μέρκιον,

84 2911 97 2936 ιι
115 2882 185 2943 ἀλλά
199 2882 247 2955 τὴν
262 2885 362 2942 ίαυτῶν
388 2880 547 2965 ἀρροσύνην.
592 2884 683 2963 ίίαρὸν
704 2883 755 2964 γάρ
773 2883 859 2949 αὐτοῖς

83 2999 96 3025 ιι
113 2973 147 3032 τθι
162 2972 251 3031 δίκαια
266 2979 349 3032 ποιεῖν
364 2970 410 3031 καί
430 2973 522 3048 μηδενί
543 2972 619 3050 δεινῷ
634 2973 801 3053 περιπεσεῖν,
815 2972 858 3032 τὸν

27 3094 54 3132 30
83 3088 96 3112 ιι
114 3060 180 3140 ύπέρ
203 3064 255 3119 τῶν
277 3060 397 3140 ἐσχάτων
423 3058 540 3120 κίνδυνον
568 3062 756 3142 ἀναιρήσονται
780 3060 859 3140 μέχρι

85 3176 97 3202 ιι
114 3148 211 3215 παντὸς
234 3151 441 3230 φιλοχωροῦντες
460 3153 514 3216 τοῖς
543 3149 700 3228 ἀλλοτρίοις.
761 3148 858 3229 Ἔχετε

83 3264 96 3289 ιι
114 3238 160 3304 τδς
185 3240 350 3318 ἀποκρίσεις·
378 3237 476 3298 τούτων
498 3237 571 3298 οὐδέν
590 3237 622 3296 ἀν
646 3239 763 3319 εὕροισθε
785 3238 859 3319 παρὰ

83 3352 96 3377 ιι
113 3327 178 3402 ἐμοῦ
191 3327 279 3387 πλέον·
294 3330 353 3385 ἀλλ’
368 3329 446 3387 ἀπιτι
458 3328 504 3386 καί
519 3335 641 3386 σκοπεῖτε
655 3326 672 3386 δ
688 3352 713 3387 τι
728 3329 858 3406 πρακτέον

84 3441 97 3467 ιι
115 3404 277 3492 θμῖνῘἜως
300 3416 328 3475 δέ
353 3415 548 3497 βουλεύσησθε,
566 3416 661 3493 δίδωμι
683 3417 777 3498 χρόνον
796 3420 857 3494 ύμῖν

28 3533 55 3571 35
86 3530 98 3556 ιι
116 3505 222 3582 ἡμερῶν
235 3505 387 3585 τριάκοντα.
429 3503 476 3565 Ἐν
492 3504 520 3564 δέ
534 3508 573 3586 τῷ
590 3504 689 3583 μεταξὺ
703 3503 791 3586 χρόνῳ
810 3504 858 3576 σήν

86 3619 98 3644 ιι
116 3615 144 3649 τε
160 3591 249 3670 χάριν,
272 3581 294 3650 ῶ
317 3592 454 3670 Μηνύκιε,
470 3592 516 3653 καί
535 3596 587 3652 τῶν
616 3595 704 3653 ἀλλων
723 3596 796 3669 ὑμῶν
812 3593 860 3664 τήν

86 3706 99 3730 ιι
117 3677 242 3757 στρατιὰν
266 3680 296 3737 ἐκ
316 3685 362 3750 τῆς
381 3677 471 3758 χώρας
493 3679 595 3749 ἀπάξω·
621 3683 724 3760 μεγοίλα
748 3679 801 3761 γάρ
827 3679 858 3739 ἀν

86 3794 99 3819 ιι
120 3767 280 3846 βλάπτοισθε
294 3766 420 3843 μενούσης
444 3771 524 3840 αὐτῆς
539 3769 638 3830 ίνθοίδε.
681 3773 724 3848 Τῇ
740 3769 768 3827 δέ
784 3792 859 3850 τρια-

86 3883 98 3909 ιι
116 3861 198 3935 κοστῇ
214 3856 391 3938 προσδέχεσθέ
404 3879 438 3935 με
450 3856 538 3940 ἡμέρη
552 3859 599 3926 τὰς
615 3858 765 3940 ἀποκρίσεις
777 3859 860 3940 ληψό-

29 3970 56 4007 ιιι
85 3971 97 3998 ιι
115 3968 232 4021 μενον.»

123 4035 253 4095 XXXVI.
275 4037 369 4096 Τοῶτοι
393 4034 473 4096 stads
495 4035 591 4110 ἀνέστη
617 4036 663 4097 καί
689 4037 790 4100 διέλυσε
814 4039 858 4100 τὸν

82 4124 219 4201 σύλλογον.
263 4128 307 4204 Τῇ
320 4125 348 4184 δί
358 4123 468 4206 ἐπιούσῃ
483 4126 558 4184 νυκτί
569 4149 604 4185 πε
620 4128 630 4186 ἐ
644 4127 691 4198 τήν
703 4129 857 4189 τελευταίαν

82 4213 201 4294 ρυλακήν
217 4213 382 4286 ἀναστήσας,
392 4213 441 4286 τὴν
456 4219 581 4292 στρατιάν
596 4150 659 4294 ήγεν
681 4215 725 4276 ἐπί
740 4216 786 4283 τὰς
800 4220 857 4277 λοι-

30 4411 55 4450 ss
83 4392 173 4468 μένος,
190 4391 230 4452 ότι
254 4391 348 4469 μέλλοι
371 4415 410 4459 τις
433 4393 530 4453 ίκεῑθεν
553 4392 691 4472 ἐπικουρία
716 4392 859 4469 Ῥωμαίοις

81 4480 237 4560 ἀφικέσθαι,
258 4485 293 4549 ῶς
315 4481 376 4541 τότε
396 4482 554 4562 δημηγορῶν
576 4479 687 4561 ἐρησεν,
717 4482 768 4542 εἴτε
782 4482 860 4549 αὐτὸς

80 4569 248 4645 πλασάμενος
269 4570 315 4629 τὸν
335 4570 432 4650 λόγον,
457 4568 502 4629 ἵνα
529 4571 567 4645 μὴ
583 4567 664 4638 δόξειε
688 4571 859 4650 χαριζόμενος

81 4658 135 4720 τοῖς
157 4658 256 4734 ἐχθροῖς
271 4658 492 4719 καταλελοιπέναι
507 4659 552 4719 τὸν
569 4657 695 4734 πόλεμον.
741 4658 857 4722 Ἐπιδα-

83 4742 136 4800 λὼν
153 4745 179 4800 δὲ
192 4749 225 4820 τῇ
239 4748 389 4827 καλουμένη
413 4747 535 4830 Λογγόλᾳ
549 4746 595 4808 καί
610 4747 672 4828 δίχα
688 4747 770 4809 πόνου
784 4749 859 4829 γενύ·

28 4846 55 4885 su
84 4853 161 4909 μενος
184 4834 263 4904 αὐτῆς
286 4836 414 4914 ἐγκρατὴς
437 4837 542 4897 καὶτὸν
567 4835 646 4897 αὗτδν
664 4836 760 4920 τρόπον
779 4839 859 4919 όνπερ

83 4921 129 4988 τάς
153 4920 242 5000 ἑτέρας
265 4921 551 5003 ἐξανδραποδισάμενός
575 4949 603 4984 τε
625 4925 671 4985 καί
692 4928 857 5007 διαρποίσας,

83 5011 127 5071 ἐπὶ
152 5013 200 5084 τήν
222 5013 393 5091 Σατρικανῶν
415 5014 513 5086 ήλαυνε
527 5014 615 5077 πολιν.
668 5015 757 5076 ‘Eius
772 5015 859 5076 δίκαι

83 5100 180 5173 ταύτην
196 5101 282 5179 ὀλίγον
298 5101 472 5180 ἀντισχόντων
486 5110 539 5166 τῶν
552 5107 579 5164 ίν
594 5107 661 5184 αὐτῇ
682 5106 796 5186 χρόνον,
812 5103 858 5163 καί

82 5188 129 5257 τίς
142 5190 169 5259 ἐξ
184 5192 339 5274 ἀμροτέρων
361 5193 414 5252 τῶν
435 5191 536 5255 πόλεων
562 5195 690 5278 ῶρελείας
714 5195 788 5277 μέρει
809 5197 856 5267 τῆς

1631 374 1691 435 its

913 555 924 578 ι
941 535 1137 596 misissemus,
1154 537 1209 587 hoec
1227 537 1364 602 respondeo
1381 557 1387 589 :
1403 539 1429 591 si
1444 539 1553 604 popnins
1568 544 1692 595 Romanus

913 647 925 668 ιι
944 627 1039 677 Votscis
1053 642 1150 677 omnem
1168 643 1268 689 aarum,
1282 644 1357 694 quem
1373 630 1422 680 iliis
1436 630 1542 687 ademit,
1561 634 1585 679 et
1602 633 1690 687 urbes.

894 698 897 705 ¹
917 735 931 759 ιι
945 731 1009 782 qnae
1020 720 1138 782 occupat,
1160 721 1281 770 revocatis
1295 719 1388 770 rotonis
1401 720 1507 782 reddat,
1520 727 1546 774 et
1560 722 1695 776 amicitiam

918 834 930 858 ι
947 818 1092 879 perpetuam
1107 816 1228 866 cumillis
1242 815 1330 875 iaciat,
1353 820 1378 868 et
1395 818 1521 880 inparem
1543 820 1606 871 iuris
1617 821 1695 873 iiber·

918 932 930 956 ιι
947 913 1057 978 tutisque
1070 911 1251 971 conditionem,
1274 914 1339 965 sicut
1358 915 1468 976 Latinos,
1488 917 1649 969 iureiurando
1660 919 1696 970 in·

919 1029 931 1050 ιι
947 1008 1068 1073 terposito
1091 1013 1116 1059 et
1138 1009 1200 1059 diris
1221 1011 1247 1060 in
1263 1010 1386 1061 ioederum
1411 1013 1545 1066 violatores
1558 1015 1694 1075 adhibitis,

919 1129 931 1152 ιι
946 1108 1063 1172 recipiat,
1079 1120 1165 1172 pacem
1176 1108 1213 1158 iiii
1223 1108 1287 1159 dabo
1299 1125 1305 1154 τ
1316 1110 1389 1162 aliter
1401 1115 1485 1164 autem
1499 1128 1556 1165 non.
1589 1116 1649 1166 Haec
1658 1114 1696 1164 ilii

919 1225 932 1249 ι
949 1206 1105 1264 renuntiate,
1122 1209 1148 1255 et
1167 1208 1254 1257 eodem
1282 1206 1370 1269 modo,
1395 1223 1446 1273 quo
1463 1211 1529 1276 apud
1552 1225 1606 1270 me,
1629 1210 1719 1275 apud.

920 1320 933 1346 ιι
946 1300 1018 1351 iilum
1040 1301 1117 1350 etiam
1132 1300 1165 1352 de
1186 1302 1239 1353 iure
1261 1304 1453 1357 accuratissime
1475 1306 1609 1369 ·disserite;
1627 1322 1697 1372 prn-

920 1421 932 1446 ιι
945 1401 1042 1452 ciarum
1061 1414 1131 1461 esse,
1143 1403 1173 1450 ut
1189 1403 1349 1468 unusquique
1363 1418 1408 1454 sua
1421 1406 1546 1469 possideat
1559 1408 1621 1458 etin
1633 1420 1694 1471 paee

919 1521 931 1546 ι
947 1501 1032 1563 vivat,
1047 1503 1073 1549 et
1084 1498 1167 1563 magni
1186 1500 1363 1553 aestimandum
1374 1516 1443 1559 esse,
1459 1504 1556 1553 nultum
1567 1503 1696 1554 inimicum

919 1619 932 1645 ιι
944 1598 985 1649 rel
995 1601 1094 1660 tempus
1107 1601 1238 1649 metuere:
1252 1602 1324 1663 turpe
1341 1614 1400 1650 vero
1414 1615 1483 1662 esse,
1495 1602 1528 1652 ob
1540 1615 1624 1652 rernm
1640 1601 1699 1653 aiic-

919 1687 931 1742 ἱι
946 1710 1034 1747 narum
1045 1695 1207 1760 cupiditatem
1218 1697 1311 1747 betium
1320 1711 1368 1747 non
1380 1699 1546 1749 necessarium
1557 1700 1696 1760 sustinere,

919 1795 1036 1858 «inquo
1057 1797 1083 1843 et
1099 1807 1185 1844 omnes
1201 1808 1260 1844 suas
1279 1793 1393 1845 ronanus
1405 1795 1431 1845 in
1449 1797 1587 1861 periculum
1603 1798 1636 1848 sit
1650 1796 1698 1848 ad·

918 1926 930 1949 ιι
945 1905 1069 1956 θυσίαισι
1088 1926 1095 1956 :
1114 1906 1187 1970 eique
1201 1906 1301 1969 praemia
1318 1903 1456 1964 ostendite,
1479 1914 1537 1966 ηοω
1557 1896 1625 1949 haud
1642 1895 1696 1960 pari

918 1997 1020 2048 «modo
1040 1998 1079 2048 rei
1098 1998 1172 2048 rebus
1191 1997 1295 2048 feticiter
1321 1996 1362 2047 rei
1385 1993 1518 2045 inieticitcr
1540 1991 1631 2056 gestis,
1652 2001 1696 2039 eos

918 2115 929 2137 ιι
948 2097 1063 2152 manent,
1078 2095 1122 2160 qui
1140 2108 1212 2159 agros
1225 2093 1319 2144 alienos
1337 2093 1466 2158 appetunt.
1500 2090 1552 2138 Hoc
1569 2084 1694 2142 etiamsi

918 2209 931 2234 ιι
948 2188 1034 2248 ruitis,
1054 2187 1156 2248 addite,
1179 2189 1229 2238 iore
1240 2190 1283 2245 ut,
1300 2186 1361 2236 dum
1376 2184 1451 2236 urbes
1468 2183 1589 2241 aliorum,
1604 2179 1697 2242 injusto
1727 2190 1731 2199 ’

918 2304 930 2327 ιι
947 2283 1040 2344 veiint,
1050 2284 1098 2332 nisi
1118 2283 1233 2340 vincant,
1253 2296 1299 2332 suo
1311 2281 1386 2331 etiam
1401 2293 1461 2344 agro
1475 2283 1501 2329 et
1512 2278 1574 2328 urbe
1588 2275 1696 2340 spolien-

917 2397 930 2420 ιι
946 2379 996 2435 tur,
1009 2378 1034 2425 et
1044 2379 1164 2439 praeterea
1179 2387 1270 2424 uxores
1282 2386 1340 2423 suas
1353 2370 1488 2422 ioedissime
1503 2369 1620 2428 tractari,
1636 2367 1695 2417 libe·

917 2491 929 2514 ι
944 2483 1035 2533 rosque
1059 2467 1092 2518 ad
1106 2467 1281 2518 contumeliam
1302 2465 1370 2530 rapi,
1399 2468 1425 2514 et
1447 2467 1561 2528 parentes
1580 2465 1693 2512 extrema

917 2586 929 2608 ιι
944 2567 1073 2617 senectute
1084 2578 1117 2614 ex
1132 2562 1217 2613 liberis
1232 2574 1317 2611 servos
1336 2554 1694 2618 fierisideant3si1uuietiaru

916 2680 928 2702 ιι
944 2664 1058 2710 senatum
1073 2657 1174 2718 docete,
1187 2670 1245 2708 eum
1264 2656 1356 2705 horum
1378 2653 1499 2704 maiorum
1510 2663 1624 2700 caussam
1639 2647 1694 2697 cul-

917 2776 929 2799 ι
944 2768 1062 2819 pamquc,
1081 2767 1129 2803 non
1152 2752 1177 2801 in
1190 2750 1325 2810 Marcium,
1347 2748 1391 2800 scd
1413 2748 1439 2798 in
1454 2760 1525 2797 suurn
1549 2745 1628 2810 ipsias
1649 2743 1696 2793 de·

916 2870 928 2893 ιι
945 2849 1063 2899 carentiam
1076 2846 1188 2897 conferre
1199 2846 1306 2896 dobere:
1326 2844 1387 2909 qui,
1406 2857 1463 2892 cum
1487 2840 1534 2905 ipsi
1547 2839 1621 2889 liceat
1639 2837 1694 2887 ins-

916 2961 928 2985 «
947 2941 1026 2991 titiam
1041 2953 1167 2997 exercerc,
1191 2942 1217 2988 et
1234 2937 1259 2986 in
1279 2936 1374 2986 nuttam
1386 2933 1554 2985 calamitatem
1574 2929 1691 2986 incidere,

915 3054 929 3082 ιι
944 3034 1015 3085 metit
1037 3038 1120 3084 tamen
1135 3033 1166 3083 de
1190 3045 1288 3082 summa
1311 3044 1395 3080 rerum
1412 3028 1492 3078 aleam
1516 3027 1612 3085 iacere,
1632 3023 1693 3073 dum

916 3151 928 3174 ιι
943 3134 1063 3196 perpetuo
1072 3128 1160 3179 alienae
1168 3127 1256 3178 ditioni
1272 3125 1358 3176 inhiet.
1370 3124 1475 3175 ilabetis
1485 3134 1601 3186 responsa
1613 3134 1669 3169 mea
1684 3136 1691 3166 ι

916 3246 928 3269 ιι
944 3224 1007 3275 nihii
1025 3224 1094 3275 aliud
1111 3207 1232 3288 praeterea
1245 3222 1388 3286 exspectate
1408 3233 1414 3263 τ
1434 3217 1478 3268 sed
1491 3216 1572 3272 abite,
1588 3213 1693 3277 etquid

917 3341 929 3365 ι
945 3319 1017 3370 robis
1035 3318 1157 3384 agendum
1181 3317 1215 3367 sit
1235 3313 1399 3365 considerate.
1450 3310 1529 3361 Vobis
1552 3312 1637 3359 autem
1660 3306 1692 3357 ad

911 3430 921 3451 ι
939 3408 1126 3458 deliberandum
1141 3406 1194 3454 dies
1213 3404 1311 3466 triginta
1328 3401 1461 3459 concedo„
1479 3404 1576 3453 interea
1595 3402 1689 3453 veroin

917 3529 928 3551 ι
944 3511 1013 3558 tuam
1034 3506 1239 3570 reliquorumque
1257 3504 1369 3552 restrum
1393 3498 1512 3564 gratiam,
1526 3495 1635 3554 Minuci,
1659 3508 1691 3545 ex

917 3620 929 3643 «
943 3600 991 3650 hoc
1006 3612 1065 3661 agro
1088 3597 1171 3661 copias
1191 3594 1322 3647 abducam.
1368 3593 1395 3643 Si
1410 3592 1476 3643 enim
1498 3590 1539 3641 hic
1560 3590 1691 3644 maneant,

915 3708 1060 3759 «magnum
1087 3692 1208 3742 damnum
1236 3688 1372 3753 accipietis.
1421 3687 1539 3738 ceterum
1570 3684 1602 3735 ad
1624 3682 1693 3734 diem

915 3811 927 3834 ι
942 3788 1096 3854 trigesimum
1110 3800 1151 3837 me
1165 3785 1198 3836 ad
1214 3781 1356 3848 accipienda
1370 3795 1486 3846 responsa
1498 3784 1632 3830 venturum
1644 3791 1693 3828 ex-

914 3906 926 3929 ιι
941 3885 1084 3949 spectate.»

944 4044 1054 4095 xxxvl.
1071 4042 1132 4090 ilaec
1145 4039 1245 4088 iocatus
1263 4034 1388 4093 surrexit,
1410 4035 1609 4097 conventumque
1620 4028 1691 4080 dind-

914 4134 955 4184 sit.
998 4129 1115 4195 sequenti
1135 4142 1195 4178 vero
1216 4127 1300 4176 nocte.
1323 4123 1424 4174 circiter
1444 4123 1559 4173 ultimam
1580 4119 1691 4185 vigiliam

913 4223 989 4274 motis
1006 4221 1111 4275 castris,
1132 4216 1158 4266 in
1176 4215 1286 4281 reliquas
1298 4213 1442 4263 Latinorum
1458 4211 1534 4262 urbes
1553 4209 1690 4261 exercitum

913 4311 1002 4368 duxit3
1022 4309 1075 4359 sire
1092 4306 1161 4371 quod
1180 4317 1267 4356 revera
1279 4301 1409 4361 audisset,
1426 4299 1510 4362 aliqua
1524 4299 1582 4349 inde
1598 4297 1694 4348 auxilia

914 4399 1033 4450 Romanis
1055 4399 1175 4456 ventura,
1195 4398 1224 4444 ut
1246 4397 1305 4442 tunc
1327 4392 1379 4456 ipse
1400 4389 1426 4440 in
1446 4389 1562 4441 concione
1581 4388 1689 4445 eliserat,
1738 4388 1749 4448 ζ

914 4487 1040 4553 siveqnod
1054 4502 1111 4539 eum
1131 4498 1256 4537 rumorem
1269 4482 1321 4547 ipss
1331 4479 1450 4538 tinxisset,
1466 4480 1519 4529 sive
1535 4477 1611 4528 etiam
1625 4490 1656 4526 ne
1665 4475 1692 4525 in

913 4578 1024 4630 hostium
1038 4578 1143 4643 gratiam
1164 4592 1178 4626 a
1201 4575 1266 4626 betto
1293 4583 1391 4622 cessare
1408 4568 1545 4620 rideretur.
1586 4568 1692 4629 aggres-
1721 4642 1723 4647 .

913 4682 957 4719 sus
973 4672 1059 4720 autem
1078 4666 1228 4732 iongnlam,
1252 4679 1307 4715 cam
1328 4663 1381 4714 sinc
1396 4660 1494 4726 negotio
1514 4658 1625 4707 insuam
1646 4667 1693 4717 po·

911 4758 1028 4809 testatem
1046 4755 1158 4820 redegit,
1178 4757 1204 4805 et
1224 4753 1312 4804 eodem
1327 4751 1417 4809 modo,
1431 4762 1482 4814 quo
1496 4748 1591 4796 octenas
1603 4741 1688 4796 urbm,

913 4848 1046 4905 tractarit,
1065 4846 1165 4896 civibus
1186 4844 1212 4893 in
1230 4843 1377 4894 servitutem
1398 4837 1547 4892 abstractis,
1566 4831 1691 4911 rebusque

913 4936 1029 4987 omnibus
1040 4935 1153 4999 direptis,
1165 4937 1242 4998 atque
1257 4932 1313 4983 inde
1323 4932 1405 4997 copias
1419 4930 1445 4979 in
1453 4925 1595 4977 Satricanos
1606 4918 1688 4969 duxit.

913 5029 1014 5077 Etcum
1030 5024 1106 5075 huius
1126 5023 1213 5073 inooieu
1236 5035 1284 5072 non
1302 5021 1345 5071 diu
1368 5019 1415 5083 ipsi
1439 5012 1605 5073 restitissent,
1626 5010 1692 5063 haus

912 5126 1014 5179 quoque
1040 5111 1206 5176 θῐθῦίζῦθθίί,
1235 5107 1397 5174 praedamque
1423 5099 1556 5165 utriusque
1578 5097 1692 5151 ‚11qu
1761 5160 1765 5167 Ι
1832 5098 1846 5113 -.

912 5205 983 5268 parte
995 5199 1120 5252 exercitus
1137 5200 1254 5251 Ecetram
1270 5186 1507 5259 absportsriinssit‚
1522 5189 1550 5240 et
1565 5185 1705 5279 ipsuffj
1726 5274 1733 5279 -
