3772 5828
677 372 879 434 Exeruere
900 373 952 434 EX
974 374 1046 435 LIB.
1070 376 1149 436 xlx.

106 537 118 562 ιι
133 505 244 579 πενίας,
258 505 299 567 δτι
312 529 358 584 μοι
369 504 460 585 γη’διον
474 505 567 584 μικρόν
581 505 637 563 ἔστι
646 506 744 581 κομιδῆ
755 505 800 564 καὶ
816 509 883 585 φαῦ-

107 627 119 651 ιι
134 601 177 656 λον
195 594 303 655 οἰκίδιον
316 595 363 654 καί
372 592 427 654 οὔτ’
442 595 496 655 άπὸ
509 589 692 671 δανεισμάτων
708 593 767 652 οὔτε
779 592 825 651 ἀπ’
840 597 884 653 άν·

107 714 119 739 ιι
134 685 272 767 δραπόδων
289 687 304 743 δ
328 681 397 762 βίος·
413 682 494 763 φαίνη
519 681 571 760 γάρ
585 683 632 741 καί
654 680 752 742 τούτων
769 681 885 763 άκριύῶς

107 803 120 829 ιι
136 773 280 846 ἀκηκοέναι
289 770 353 852 παρ’
365 771 474 854 ἐτέρων.
484 807 524 816 -
535 770 597 849 (8⁶2)
613 770 680 851 Περί
693 769 721 830 δέ
734 776 780 831 τοῦ
793 770 884 830 κάκιόν

108 893 120 917 ιι
135 889 169 941 με
184 860 326 940 Ῥωμαίων
340 861 409 928 τινὸς
421 861 545 942 πράττειν
557 862 590 919 δι’
606 859 729 942 ἀπορίαν,
744 859 789 920 καί
802 855 884 938 μηδέν

108 981 120 1005 ιι
135 942 203 1012 εἶναί
218 975 262 1023 μοι
284 949 362 1008 πλέον
386 950 511 1007 ἀσκοῦντι
536 946 752 1025 καλοκαγαθίαν,
768 947 809 1008 ὅτι
831 950 884 1005 τῶν

108 1071 120 1094 ιι
135 1038 267 1099 πλουσίων
280 1040 327 1097 οὐκ
342 1038 412 1114 εἰμί,
425 1041 513 1104 κακῶς
525 1037 689 1116 ύπειληφας,
706 1034 757 1095 είτε
773 1033 886 1103 οἰκούσας

108 1154 120 1180 ιι
136 1135 203 1192 τινὀς
218 1126 264 1184 εἰτ’
280 1126 357 1192 αὐτὸς
373 1127 494 1193 εἰκάζων.
538 1122 618 1201 Ἐμοὶ
636 1120 688 1202 γίιρ
703 1123 813 1199 οὐδεμία
828 1122 885 1180 πώ-

109 1245 121 1269 ιι
135 1239 198 1277 ποτε
220 1216 423 1287 κακοδαιμονίας
445 1214 566 1283 αἴσθησις
592 1210 665 1291 παρίι
687 1211 718 1270 τδ
740 1209 777 1288 μὴ
799 1209 886 1270 πολλὰ

54 1339 79 1376 10
109 1332 121 1358 ιι
136 1309 279 1376 κεκτῆσθαι
305 1303 428 1383 γέγονεν,
457 1299 515 1362 olet
539 1299 628 1370 ἔστιν,
658 1299 717 1359 οῦδὲ
741 1299 885 1377 ὠδυράμην

108 1422 121 1448 ιι
136 1394 184 1466 τὴν
199 1396 315 1468 ἐμαυτοῦ
329 1391 429 1471 τύχην,
454 1388 508 1450 οὔτ’
524 1391 551 1447 έν
573 1392 626 1455 τοῖς
648 1392 742 1456 κοινοῖς
764 1389 888 1467 πράγμα-

108 1510 121 1536 ιι
137 1506 178 1542 σιν
193 1481 252 1541 οὔτε
270 1485 297 1540 έν
313 1490 366 1547 τοῖς
379 1478 460 1547 ἰδίοις.
475 1513 515 1523 -
532 1478 593 1558 (83)
609 1477 645 1538 Τί
665 1479 715 1556 γάρ
731 1477 775 1536 καί
795 1475 887 1534 παθὼν

108 1599 120 1626 ιι
137 1572 277 1651 ἰγκαλοίην
289 1571 320 1630 ἂν
334 1575 400 1650 αὐτῇ
411 1587 420 1647 ;
431 1568 555 1651 πότερον,
569 1567 610 1626 ὅτι
621 1591 665 1644 μοι
677 1571 728 1625 τῶν
738 1568 827 1625 καλῶν
842 1567 887 1624 καί

108 1688 121 1714 ιι
134 1660 346 1740 περιμαχήτων,
372 1659 412 1738 ἐφ’
439 1648 477 1725 οἷς
507 1656 599 1717 ἅπασα
625 1655 700 1737 φύσις
725 1652 886 1714 ἐσπούδακεν

54 1779 79 1816 η
108 1748 258 1825 «εὐγενὴς,
275 1747 376 1814 οὐδενὸς
394 1745 524 1825 ἐξεγένετο
539 1745 612 1828 παρὰ
631 1749 678 1816 τῆς
691 1743 817 1825 πατρίδος
834 1767 886 1821 με·

108 1866 121 1891 ιι
137 1838 263 1897 ταλαῦεῖν
278 1837 320 1895 διίι
335 1836 441 1910 πενίαν;
456 1833 484 1903 ὃς
499 1836 576 1916 ἄρχω
588 1858 618 1896 τε
635 1833 681 1901 τὰς
697 1833 821 1912 μεγίστας
836 1834 887 1914 dp-

108 1955 121 1981 «
134 1927 186 2009 χίις
209 1928 256 1986 καί
275 1950 296 1984 π
298 1923 415 2004 ρεσύεύω
437 1923 484 1992 τάς
507 1921 717 2005 ἐπιφανεστάτας
734 1919 886 2002 πρεσὸεέας,

109 2040 180 2075 ιικαι
171 2013 348 2124 σεῦρισμοῦς
363 2018 441 2095 ἱερῶν
456 2010 615 2089 πιστεύομαι
634 2009 693 2078 τοὺς
712 2010 886 2087 ἇγιωτάτους,

110 2105 182 2164 ικαὶ
203 2103 312 2183 γνώμην
326 2102 458 2184 ἀγορεύειν
479 2101 655 2178 ἀξιούμενος.
646 2100 708 2179 περὶ
723 2102 775 2158 τῶν
802 2102 888 2176 οἰναγ·

53 2217 116 2256 ουι
116 2193 247 2252 ικαιοτάτ
249 2218 284 2251 ων
308 2193 442 2266 καλοῦμαι
468 2180 538 2250 ἰν
518 2215 540 2271 ῳ
565 2188 727 2268 προσήκει
722 2211 767 2247 μοι
792 2187 886 2267 τόπῳ,

110 2281 296 2360 ιιίπαινοῦμαί
312 2304 340 2341 τε
359 2303 404 2340 και
425 2282 555 2352 ζηλοῦμαι
580 2276 625 2335 καί
651 2277 752 2342 οὐδενὸς
771 2272 959 2354 δεύτερύςιι

109 2399 121 2424 ιι
136 2374 192 2449 εἰμι
204 2375 256 2430 τῶν
272 2370 385 2449 μέγιστα
399 2366 551 2442 δυναμένοιο
565 2409 574 2436 ,
589 2366 634 2424 καὶ
649 2365 820 2443 παράδειγμα
837 2373 888 2427 τοῖς

109 2488 123 2513 ιι
139 2460 229 2526 ἄλλοις
243 2449 312 2516 εἰναι
326 2458 394 2515 δοκῶ
409 2451 695 2532 καλοκαγαθίας,οῦδέν
711 2454 741 2511 ἐκ
761 2455 808 2522 τῆς
823 2451 889 2526 ἰμῆς

111 2577 124 2601 ιι
138 2548 227 2613 οὐσίας
246 2548 283 2612 εἰς
296 2550 381 2603 ταῦτα
395 2544 535 2613 δαπανῶν,
546 2538 636 2618 ὥσπερ
657 2537 716 2598 ούδί
729 2542 781 2598 τῶν
801 2537 888 2598 ἄλλων

56 2663 82 2702 σι
112 2665 124 2691 ιι
139 2635 233 2702 οὐδείς.
245 2633 355 2713 -(lt)
366 2634 406 2693 08
418 2629 469 2710 γάρ
483 2632 585 2711 ἐνοχλεῖ
600 2633 653 2696 τοῖς
665 2627 777 2687 ἑκάστου
790 2626 856 2707 βίοις
870 2630 887 2698 ἡ

111 2754 125 2780 ιι
140 2725 216 2792 πολις
230 2727 248 2795 ἡ
263 2722 423 2798 Ῥωμαίων,
441 2718 532 2796 ὥσπερ
557 2717 623 2784 τινές
646 2716 734 2797 ἕτεραι
752 2717 799 2792 ,ἰν
814 2706 856 2784 αἷς
875 2718 889 2773 8

111 2813 224 2880 «κοινὸς
242 2811 290 2891 μέν
305 2815 416 2877 πλοῦτος
431 2807 518 2885 ὀλίγος
539 2807 627 2878 ἐστὶν,
640 2810 655 2865 8
670 2806 697 2864 δί
709 2807 761 2864 τῶν
778 2805 889 2863 ἰδιωτῶν

112 2930 125 2956 ιι
139 2901 238 2969 πολύς·
250 2901 309 2960 ἀλλ’
323 2896 389 2970 αύτλ
400 2897 513 2977 παρέχει
527 2894 580 2961 τοῖς
593 2894 657 2974 πρὸς
673 2892 706 2952 τίι
717 2892 791 2953 κοινίι
805 2914 889 2974 προσ·

112 3018 125 3044 ι
141 2994 223 3048 ιυῦσιν
238 2987 344 3047 ἅπαντα
360 2988 429 3047 ὅσων
444 2988 475 3044 ἂν
494 2983 621 3058 δέωνται,
644 2982 769 3063 λαμπράς
781 2983 827 3041 καλ
842 3005 889 3059 με·

57 3105 119 3147 τοι
119 3081 315 3158 ιγαλοπρεπεῖς
330 3079 483 3135 ὓποτιθεῑσα
495 3073 643 3184 χορηγίας·
655 3069 724 3131 ὥστε
739 3073 793 3150 μηδ
779 3069 890 3130 δίνάτι·

112 3167 249 3246 ιιμότερον
278 3156 394 3224 εἶναι
371 3187 414 3224 τον
439 3162 599 3223 πενέστατον
620 3164 665 3219 τοῦ
691 3158 890 3218 πλουσιωτάτου

112 3254 252 3314 ικατδ
224 3278 272 3326 την
285 3251 476 3321 ἐπαξέωσιν
440 3275 493 3311 των
507 3250 616 3322 καλῶν,
632 3246 750 3308 άλλδι’
712 3271 814 3315 παντας
824 3239 891 3307 ε’ίναι

113 3372 125 3396 ιι
138 3340 306 3419 Ρωμαίους,
322 3340 378 3400 ὅσοι
391 3328 465 3398 δν
444 3361 495 3398 ωσι
518 3337 562 3397 διὰ
577 3338 774 3414 καλοκαγαθίαν
788 3334 888 3395 τούτων

113 3460 125 3485 ιι
141 3432 207 3499 άξιοι
221 3433 273 3488 τῶν
287 3432 385 3505 τιμῶν,
399 3426 523 3499 ἀλλήλοις
537 3425 620 3495 ἴσους.
663 3423 762 3484 Ὁπότε
776 3424 802 3484 δὲ
814 3425 892 3483 πενό-

59 3556 85 3594 35
113 3547 125 3572 ιι
142 3541 218 3596 μενος
241 3516 315 3577 οὐδίν
337 3516 411 3595 παρίι
433 3522 509 3577 τοῦτο
532 3516 640 3576 ἔλαττον
659 3513 715 3595 ἔχω
730 3516 782 3573 τῶν
805 3512 892 3573 πολλὰ

114 3634 126 3659 ιι
141 3607 327 3683 κεκτημένων,
344 3605 371 3664 τέ
386 3602 478 3664 παθὼν
498 3603 530 3664 δν
545 3605 717 3683 κατηγόρησα
732 3608 779 3673 τῆς
796 3603 890 3683 τύχης,

114 3721 127 3746 ιι
142 3692 234 3774 δτιοῦχ
246 3697 308 3770 ὑμῖν
317 3691 426 3762 ἰξίαωσέ
438 3694 497 3774 [με]
507 3702 561 3763 τοῖς
569 3695 735 3773 βασιλεῦσιν,
745 3682 892 3759 σίςδπολὺς

114 3811 128 3838 ιι
144 3784 327 3862 θησαυρίζεται
337 3786 451 3863 χρυσός)
465 3782 545 3844 ’λλλίι
556 3782 609 3861 μὴν
620 3779 647 3839 lv
659 3804 689 3859 γε
699 3787 753 3848 τοῖς
766 3778 839 3847 ἰδίοις
849 3802 893 3839 το·

115 3898 127 3924 ιι
144 3876 235 3930 σοῦτον
250 3869 343 3950 άπέχω
356 3870 577 3949 κακοδαιμονίας,
593 3869 658 3929 ὥστ’
671 3871 698 3929 ἰν
712 3868 809 3946 ὀλίγοις
822 3868 892 3928 πάνυ

59 4000 88 4036 4„
115 3987 128 4013 ιι
141 3961 196 4018 τῶν
213 3959 351 4036 μακαρίων
363 3959 477 4036 ἰμαυτδν
489 3949 557 4018 εἶναι
571 3960 641 4020 δοκῶ
656 3957 731 4038 παρὰ
742 3956 802 4026 τοῦς
812 3959 892 4017 πλου·

116 4074 129 4100 ιι
143 4047 213 4114 oio-re
235 4045 372 4116 ἐξετάζων,
387 4046 434 4106 καί
446 4047 489 4108 tol
501 4045 586 4128 τούτῳ
598 4045 720 4125 μέγιστον
739 4048 837 4126 φρονῶ.
853 4079 893 4088 -

114 4164 127 4189 ιι
142 4134 204 4216 (15)
216 4132 332 4205 Ἐπειδὴ
341 4133 376 4194 τά
387 4133 435 4214 μίν
442 4136 574 4212 α’ναγκαῑα
583 4134 612 4194 rt
623 4132 723 4213 λυπρὸν
733 4132 839 4213 ἀπόχρη
848 4156 893 4211 μοι

115 4253 127 4278 ιι
143 4225 234 4302 γήδιον
246 4223 411 4304 φιλεργοῦντι
421 4223 656 4304 καλταμιευομένῳ
670 4219 806 4302 παρέχειν·
819 4221 852 4281 τὰ
864 4223 892 4281 δί

114 4311 251 4381 ulier*
215 4335 268 4370 των
291 4310 442 4391 ἀναγκαίων
461 4311 491 4369 e8
513 4312 632 4391 βιάζεται
651 4313 737 4383 ζητεῖν
759 4313 776 4382 ἡ
803 4309 889 4389 φύσις.

60 4429 128 4476 45¹¹
115 4400 223 4464 ιιἊλλὰ
244 4423 290 4459 και
279 4396 407 4510 τροφὴ
406 4407 480 4458 πᾶσα
503 4400 579 4471 ἡδεῖά
598 4422 695 4476 pou„
677 4397 711 4456 ἰν
733 4397 794 4455 ἂνὸ
818 4398 895 4473 λιμσς

111 4517 128 4541 ιι
145 4490 276 4571 σκευάσῃ,
288 4491 333 4549 καὶ
348 4488 429 4548 ποτδν
443 4485 515 4547 ἅπαν
527 4486 619 4567 γλυκίι,
631 4485 680 4545 ὅτι
695 4486 754 4559 ἂνὴ
769 4485 832 4567 δίψα
847 4510 895 4546 πο·

116 4604 128 4630 ιι
145 4578 223 4659 ρέαη,
236 4579 282 4638 καί
304 4577 383 4646 ύπνος
398 4575 553 4656 μαλθακδς,
568 4578 632 4635 ὅταν
644 4573 834 4690 ἡγάρηται’
803 4599 892 4654 κοπος,

116 4692 129 4717 ιι
143 4667 220 4739 ἐσθής
244 4672 306 4742 τοι)
331 4666 487 4748 παρέχουσα
511 4665 550 4744 μὴ
565 4669 652 4748 ῥιγοῦν
675 4668 894 4745 αὖταρκεστάτη,

116 4781 128 4805 ιι
143 4754 188 4812 καί
205 4754 320 4824 σκεῦαςὸ
336 4780 362 4817 τι
375 4755 407 4815 δν
419 4753 605 4815 εὐτελέστατον
616 4756 669 4812 τῶν
682 4753 832 4827 δυναμένων
847 4751 894 4819 τδις

115 4868 128 4892 ιι
143 4839 225 4909 suste
242 4843 369 4923 παρέχειν
393 4841 486 4923 χρείας
509 4844 681 4904 οἰκειότατον.
725 4840 811 4902 Ὥστε
836 4839 895 4899 οὖδί

116 4959 128 4984 ιι
142 4929 212 4989 κατὰ
224 4937 300 4990 τοῦτο
313 4933 411 4998 δίκαιος
422 4931 480 5004 εἰην
487 4936 534 5004 τῆς
547 4931 629 5012 τύχης
638 4934 806 5010 κατηγορεῖν,
820 4927 838 5002 ἥ
849 4951 895 5006 μοι

116 5046 128 5071 ιι
143 5017 275 5088 τοσαύτην
290 5017 423 5098 παρέσχεν
434 5019 547 5094 οὐσίαν,
563 5018 627 5090 ὅσην
643 5022 660 5090 ἡ
679 5019 754 5100 φύσις
771 5016 894 5077 ἰῦούλετο

116 5134 128 5158 ιι
141 5110 225 5185 ἔχειν·
241 5109 292 5164 τῶν
309 5106 336 5163 δί
355 5105 576 5183 ύπερύαλλύντων
595 5105 655 5168 ούτε
668 5108 748 5167 πόθον
768 5107 893 5186 ἐνέφυσεν

116 5221 128 5246 ιι
142 5195 198 5254 οὔτ’
209 5191 333 5274 εὐπορίαν
346 5193 439 5254 έῦωκε.

1657 388 1715 446 721

939 517 1061 580 rugettus
1079 531 1171 581 porrus
1190 517 1316 568 euraudus
1332 517 1439 583 vilisque
1456 521 1541 571 casula
1559 523 1624 573 uniet
1648 523 1716 574 tundi

940 607 1034 664 nsunt,
1057 619 1086 657 ac
1104 620 1183 669 neque
1205 620 1266 656 auro
1293 610 1409 657 mutuato
1441 622 1522 672 neque
1548 623 1563 658 a
1589 612 1718 675 mancipiis

940 712 953 736 ιι
970 693 1051 743 rictus
1074 693 1136 744 mibi
1152 697 1273 758 paratur:
1291 693 1382 744 rideris
1405 695 1470 745 enim
1495 695 1548 745 lroec
1563 711 1663 761 quoque
1685 713 1717 749 eu

940 782 1021 833 uallis
1032 788 1148 835 accurate
1167 783 1301 835 audiuisse.
1324 786 1358 847 8²)
1376 785 1449 844 Quod
1474 800 1536 837 vero
1555 788 1717 839 infeliciorem

940 891 953 914 ιι
968 885 1008 922 me
1031 873 1116 924 rivere
1134 876 1235 937 propter
1255 873 1361 938 inopiam
1387 887 1512 938 quoquam
1540 878 1717 940 Romanorum,

940 980 953 1003 ιι
969 973 1016 1010 uec
1027 960 1094 1025 quod
1107 961 1152 1011 riri
1166 959 1237 1025 probi
1252 960 1332 1011 officia
1344 975 1455 1022 exerceo,
1471 962 1497 1012 id
1510 964 1571 1014 mibi
1583 964 1718 1029 quidquam

940 1067 953 1090 ιι
970 1046 1094 1111 prodesse,
1108 1048 1225 1113 quoniam
1235 1047 1261 1098 iu
1273 1048 1378 1098 divitum
1389 1063 1491 1100 numero
1503 1064 1552 1100 non
1561 1065 1634 1111 sum;
1651 1053 1719 1116 quod

940 1150 953 1173 ιι
969 1131 1030 1182 lalso
1053 1133 1188 1192 arbitraris,
1214 1134 1267 1185 sive
1290 1149 1322 1185 en
1347 1137 1403 1186 aliis
1425 1137 1525 1200 audisti,
1545 1140 1598 1191 sive
1618 1141 1720 1205 propria

941 1239 954 1262 ιι
971 1221 1113 1285 coniectura
1132 1222 1216 1273 dicis:
1234 1222 1302 1287 quod
1323 1227 1408 1277 autem
1429 1240 1477 1276 uon
1497 1229 1575 1279 multa
1595 1229 1719 1294 possideo,

942 1329 955 1354 ιι
969 1324 1095 1375 uunquam
1107 1312 1215 1362 miseriae
1228 1327 1304 1364 seusu
1320 1317 1400 1366 tactus
1423 1331 1488 1376 sum,
1503 1321 1527 1367 et
1541 1332 1606 1367 nune
1617 1333 1648 1368 ue
1660 1320 1719 1384 qui-

941 1421 954 1445 ι
972 1403 1030 1453 dem
1047 1408 1141 1465 tangor.
1160 1407 1211 1456 Neo
1229 1419 1289 1455 vero
1311 1420 1420 1469 unquam
1442 1409 1563 1459 touuuam
1576 1424 1656 1461 meam
1672 1412 1720 1463 de·

942 1509 954 1533 ι
970 1493 1066 1556 plorare
1077 1493 1162 1556 debui,
1174 1494 1214 1544 rel
1225 1495 1250 1544 in
1266 1495 1380 1559 publicis,
1392 1496 1431 1547 vel
1448 1498 1473 1546 in
1487 1497 1589 1562 privatis
1604 1500 1717 1562 negotiis.

942 1600 954 1622 ·‹
970 1581 1002 1644 (3)
1027 1583 1083 1639 Quo
1102 1581 1175 1631 modo
1194 1582 1273 1646 ipsam
1299 1584 1361 1634 mibi
1385 1585 1502 1636 hostilem
1524 1601 1622 1651 possem
1647 1589 1720 1639 incu-

942 1689 955 1714 ιι
971 1674 1044 1721 sare?
1066 1673 1130 1722 Num
1150 1672 1210 1737 quia
1231 1673 1391 1736 pulchrarum
1408 1678 1452 1724 aut
1467 1676 1613 1740 optabilium
1627 1691 1721 1735 rerum,

943 1774 956 1803 ιι
971 1770 1077 1822 quarum
1089 1757 1172 1809 studio
1186 1759 1277 1809 nobilis
1300 1774 1405 1825 querque
1419 1766 1508 1812 natura
1524 1763 1630 1828 capitur,
1652 1778 1722 1815 eom·

943 1861 956 1891 ιι
972 1857 1080 1908 posesse
1095 1846 1208 1910 lupatria
1222 1852 1323 1912 propior
1337 1852 1508 1913 paupertatem
1524 1854 1668 1915 nequeam?
1688 1855 1721 1916 (t)

944 1947 956 1977 ιι
971 1932 1047 1994 utqui
1058 1935 1084 1982 et
1097 1945 1208 1982 summos
1217 1933 1376 1997 magistratus
1392 1946 1461 1997 gero,
1471 1940 1496 1984 et
1509 1935 1723 1999 splendidissimas

945 2035 957 2065 u
975 2017 1108 2080 legationes
1131 2019 1202 2080 obeo,
1225 2024 1251 2070 et
1270 2019 1302 2070 ad
1319 2021 1479 2071 caeremonias
1504 2023 1672 2075 sanctissimas
1697 2024 1722 2076 in

946 2123 959 2153 ιι
976 2107 1055 2157 saeris
1068 2108 1187 2159 adhibeor
1196 2112 1230 2168 et,
1249 2109 1370 2172 quemad
1386 2109 1487 2174 publica
1499 2111 1602 2161 consilia
1620 2113 1722 2174 accedo,

946 2195 1007 2247 ude
1027 2212 1125 2249 summa
1139 2199 1271 2264 republica,
1288 2213 1339 2263 quo
1351 2198 1438 2251 ordine
1453 2214 1498 2265 par
1509 2205 1557 2263 est,
1576 2203 1723 2254 seutentiam

947 2300 1055 2350 «regor,
1070 2286 1157 2336 laudor
1177 2288 1277 2352 insuper
1296 2292 1322 2338 et
1343 2288 1473 2350 suspicior,
1498 2288 1610 2353 nullique
1634 2294 1722 2355 poten·

947 2394 960 2417 ιι
977 2374 1071 2425 tissime
1096 2374 1196 2426 interior
1221 2390 1296 2436 sum,
1317 2374 1393 2425 immo
1412 2379 1437 2427 et
1459 2377 1559 2428 uirtutis
1582 2378 1723 2443 exemplum

947 2477 961 2504 ιι
977 2461 1115 2518 existimor,
1127 2463 1188 2527 quin
1201 2465 1282 2513 tamen
1294 2462 1327 2513 ob
1342 2463 1395 2512 baec
1405 2463 1479 2513 ullam
1492 2478 1573 2529 neque
1585 2479 1631 2529 eqo
1644 2479 1726 2531 nequo

946 2566 959 2591 ιι
977 2548 1041 2599 alius
1054 2551 1185 2614 quisquam
1209 2551 1241 2601 de
1259 2550 1357 2616 privato
1385 2552 1481 2615 peculio
1501 2553 1637 2617 impensam
1658 2555 1727 2607 taee-

947 2657 959 2681 ιι
978 2640 1024 2687 ret.
1040 2639 1073 2699 (5)
1087 2641 1172 2703 Neque
1190 2640 1255 2689 enim
1265 2640 1418 2705 privatorum
1437 2639 1598 2691 facultatibus
1621 2642 1727 2693 molesta

947 2743 961 2769 ιι
977 2729 1017 2777 est
1036 2726 1126 2777 civitas
1147 2730 1266 2789 Romana,
1292 2733 1320 2781 ut
1346 2729 1401 2780 aliae
1422 2729 1556 2792 nonnulle,
1581 2729 1608 2780 in
1634 2731 1727 2795 quibus

948 2835 960 2859 ιι
977 2828 1039 2880 opes
1065 2815 1170 2880 publicae
1193 2817 1298 2880 exiguo,
1324 2819 1413 2883 ample
1438 2819 1593 2883 privatorum
1614 2836 1621 2869 ι
1639 2833 1728 2872 verum

948 2924 960 2947 ιι
978 2904 1032 2969 ipsa
1043 2903 1191 2956 ducentibus
1202 2905 1301 2957 ordines
1320 2907 1459 2958 necessaria
1474 2908 1558 2958 omnia
1576 2909 1726 2973 suppeditat,

949 3013 960 3036 ιι
979 2992 1120 3056 splendidas
1134 2993 1250 3045 uidelicet
1262 2997 1288 3045 et
1299 2995 1410 3046 illustres
1423 2996 1554 3060 impensas.
1570 2999 1653 3054 Quare
1664 3011 1729 3062 pau·

947 3100 960 3123 ι
978 3082 1103 3146 perrimus
1125 3081 1247 3134 ditissimo
1265 3097 1315 3134 nou
1336 3089 1375 3134 est
1398 3085 1508 3145 interior,
1531 3084 1671 3149 siquando
1696 3086 1729 3137 od

947 3190 960 3214 ιι
977 3170 1083 3223 bonores
1095 3171 1215 3238 petendos
1227 3172 1345 3234 aceedit;
1363 3172 1407 3224 sed
1422 3173 1526 3225 Romani
1541 3188 1636 3234 omnes,
1654 3179 1728 3238 quot·

950 3278 961 3302 ι
979 3263 1042 3322 quot
1053 3261 1155 3321 quidem
1166 3261 1267 3312 virtutis
1276 3274 1333 3325 ergo
1347 3261 1480 3324 dignitates
1491 3267 1626 3324 merentur,
1638 3264 1730 3328 aequati

947 3364 962 3394 ιι
978 3349 1033 3411 jure
1046 3350 1172 3399 fruuntur.
1190 3350 1223 3414 (6)
1239 3353 1310 3401 Nune
1321 3349 1420 3413 quaudo
1436 3350 1537 3414 quidem
1555 3352 1657 3413 penuna
1675 3364 1730 3404 meu

950 3456 962 3477 «
979 3436 1056 3486 nihilo
1071 3441 1109 3488 est
1124 3436 1234 3489 deterior
1252 3439 1379 3503 complura
1398 3440 1590 3503 possidentibus,
1610 3455 1655 3491 cur
1677 3442 1727 3493 tor·

951 3543 963 3566 ι
980 3527 1067 3574 tunam
1080 3525 1237 3578 incusareml
1257 3541 1288 3577 au
1306 3528 1374 3592 quod
1387 3528 1511 3579 merobis
1528 3529 1627 3594 regibus
1638 3530 1730 3594 quibus

951 3631 962 3652 ιι
980 3615 1051 3661 taum
1066 3613 1104 3662 ris
1117 3613 1172 3663 auri
1191 3613 1348 3678 congeritur,
1368 3628 1452 3680 parem
1467 3629 1515 3666 noo
1536 3614 1639 3666 lecerit?
1651 3615 1730 3680 Atqui

950 3719 962 3742 ιι
979 3699 1047 3763 quod
1055 3699 1087 3749 ad
1094 3713 1178 3751 meum
1189 3700 1366 3764 patrimonium
1377 3701 1474 3760 attinet,
1489 3699 1550 3751 adeo
1559 3714 1600 3751 me
1608 3701 1730 3752 intelicio-

951 3808 963 3831 ι
980 3802 1034 3839 rem
1050 3803 1099 3839 nou
1112 3788 1205 3853 judico,
1218 3791 1247 3838 ut
1259 3803 1318 3841 eum
1332 3789 1490 3854 paucissimis
1501 3790 1657 3840 beatissimus
1668 3790 1729 3840 mibi

951 3895 963 3925 ιι
980 3879 1074 3941 ridear,
1092 3879 1290 3944 quotiescunque
1301 3892 1341 3929 me
1354 3880 1455 3930 contero
1468 3893 1526 3931 eum
1536 3878 1657 3930 divitibus
1668 3901 1675 3930 ι
1686 3893 1729 3931 eo·

950 3984 963 4009 ι
980 3980 1029 4030 que
1039 3967 1131 4017 bonore
1144 3965 1185 4018 rel
1194 3966 1300 4016 maxime
1311 3965 1409 4030 glorior.
1424 3967 1458 4029 (7)
1469 3968 1580 4030 Namque
1589 3966 1729 4017 necessaria

950 4074 962 4098 ιι
979 4055 1180 4122 aspenretomibi
1188 4059 1215 4106 et
1227 4068 1317 4120 pascua
1330 4055 1412 4105 utenti
1420 4055 1513 4119 agellus
1521 4054 1578 4105 ticet
1590 4068 1674 4106 macer
1684 4070 1729 4106 ex-

951 4160 964 4190 ιι
981 4143 1067 4194 bibet:
1081 4157 1187 4208 quorum
1200 4148 1284 4195 autem
1297 4142 1364 4193 nulla
1376 4147 1416 4193 est
1427 4144 1571 4204 necessitas,
1585 4157 1616 4195 ea
1629 4144 1730 4195 demum

950 4251 963 4276 ι
980 4236 1070 4283 natura
1088 4247 1137 4282 oon
1156 4233 1273 4297 postulat.
1308 4233 1343 4297 (8)
1361 4233 1448 4282 Omnis
1469 4231 1531 4282 mibi
1555 4231 1636 4283 dulcis
1659 4233 1730 4283 cibus

950 4341 963 4366 ιι
980 4322 1079 4382 accidit,
1092 4336 1167 4387 quem
1181 4325 1260 4374 tames
1272 4323 1375 4388 pararit,
1391 4322 1471 4373 omnis
1489 4324 1553 4373 idem
1570 4327 1644 4387 potus
1655 4335 1730 4386 quern

951 4430 964 4454 ιι
981 4411 1035 4462 sitis
1053 4412 1230 4476 propinaverit.
1246 4412 1325 4463 Mollis
1341 4426 1445 4463 somnus
1458 4415 1515 4476 post
1527 4412 1645 4472 laborem,
1661 4413 1731 4461 resto

951 4520 963 4544 ιι
981 4513 1037 4565 quae
1053 4498 1132 4565 frigus
1144 4502 1234 4561 arceat,
1248 4501 1287 4550 vel
1297 4502 1405 4550 maxime
1420 4514 1475 4551 sum
1487 4504 1635 4549 contentus:
1653 4500 1730 4547 tuma

951 4608 964 4631 ιι
981 4588 1047 4638 rasis
1058 4602 1166 4653 equorum
1179 4587 1212 4637 ad
1223 4586 1310 4638 eadem
1323 4601 1384 4637 usus
1395 4591 1442 4646 est,
1461 4587 1529 4649 quod
1543 4586 1619 4634 terme
1637 4583 1728 4633 uilissi-

952 4694 964 4719 ιι
980 4688 1050 4725 mum
1061 4674 1087 4724 id
1105 4674 1166 4725 mibi
1179 4674 1438 4725 convenientissimum
1453 4692 1459 4722 :
1475 4692 1487 4715 ιι
1509 4674 1543 4735 (9)
1567 4674 1632 4734 Ergo
1646 4669 1667 4720 si
1679 4671 1729 4720 tor·

950 4783 963 4806 ι
980 4767 1048 4813 tuna
1063 4762 1218 4823 maledicam,
1238 4763 1336 4825 iniquus
1347 4776 1418 4822 sum,
1434 4774 1491 4824 quae
1503 4762 1600 4809 tautum
1614 4757 1650 4808 rei
1661 4757 1731 4809 dedit

951 4871 964 4896 ιι
982 4854 1103 4915 quantum
1131 4854 1222 4901 natura
1249 4850 1415 4911 desiderabat,
1441 4848 1623 4911 superfluorum
1645 4851 1730 4898 autem

951 4961 963 4985 ι
981 4954 1061 5004 neque
1081 4939 1243 5005 cupiditatem
1256 4937 1414 5003 ingeneravit,
1431 4948 1514 5000 neque
1533 4935 1628 4999 cupiam
1645 4934 1732 4986 subdi·

951 5050 964 5073 ιι
983 5031 1055 5080 lavit.
1070 5050 1081 5074 ιι
