<?xml version="1.0" encoding="UTF-8"?>
<!DOCTYPE html PUBLIC "-//W3C//DTD XHTML 1.0 Transitional//EN"
    "http://www.w3.org/TR/xhtml1/DTD/xhtml1-transitional.dtd">
<html xmlns="http://www.w3.org/1999/xhtml" xml:lang="en" lang="en">
 <head>
  <title>
</title>
<meta http-equiv="Content-Type" content="text/html;charset=utf-8" />
  <meta name='ocr-system' content='tesseract 3.04.00' />
  <meta name='ocr-capabilities' content='ocr_page ocr_carea ocr_par ocr_line ocrx_word'/>
</head>
<body>
  <div class='ocr_page' id='page_1' title='image "./dionysiihalicar00prougoog_0719.png"; bbox 0 0 3772 5828; ppageno 0'>
   <div class='ocr_carea' id='block_1_1' title="bbox 616 440 1253 515">
    <p class='ocr_par' dir='ltr' id='par_1_1' title="bbox 616 440 1253 515">
     <span class='ocr_line' id='line_1_1' title="bbox 616 440 1253 515; baseline 0.011 -15"><span class='ocrx_word' id='word_1_1' title='bbox 616 440 912 515; x_wconf 73' lang='lat' dir='ltr'>ANTlQUl&#39;l‘ATUM</span> <span class='ocrx_word' id='word_1_2' title='bbox 935 444 1082 508; x_wconf 74' lang='lat' dir='ltr'>nometi.</span> <span class='ocrx_word' id='word_1_3' title='bbox 1106 448 1179 509; x_wconf 87' lang='lat' dir='ltr'>LlB.</span> <span class='ocrx_word' id='word_1_4' title='bbox 1202 449 1253 509; x_wconf 85' lang='lat' dir='ltr'>Xl.</span> 
     </span>
    </p>
   </div>
   <div class='ocr_carea' id='block_1_2' title="bbox 10 568 902 5263">
    <p class='ocr_par' dir='ltr' id='par_1_2' title="bbox 10 568 902 1096">
     <span class='ocr_line' id='line_1_2' title="bbox 12 568 899 652; baseline 0.007 -24"><span class='ocrx_word' id='word_1_5' title='bbox 12 598 23 633; x_wconf 73' lang='lat' dir='ltr'>r</span> <span class='ocrx_word' id='word_1_6' title='bbox 121 569 172 650; x_wconf 80' lang='grc' dir='ltr'>γάρ</span> <span class='ocrx_word' id='word_1_7' title='bbox 196 568 255 637; x_wconf 67' lang='grc' dir='ltr'>τοὺς</span> <span class='ocrx_word' id='word_1_8' title='bbox 280 568 428 636; x_wconf 80' lang='grc' dir='ltr'>στενωποδς</span> <span class='ocrx_word' id='word_1_9' title='bbox 451 569 552 640; x_wconf 68' lang='lat' dir='ltr'>lidus,</span> <span class='ocrx_word' id='word_1_10' title='bbox 578 571 619 630; x_wconf 81' lang='grc' dir='ltr'>ὅτι</span> <span class='ocrx_word' id='word_1_11' title='bbox 640 573 711 652; x_wconf 85' lang='grc' dir='ltr'>φίλοι</span> <span class='ocrx_word' id='word_1_12' title='bbox 727 572 751 631; x_wconf 79' lang='grc' dir='ltr'>τ’</span> <span class='ocrx_word' id='word_1_13' title='bbox 774 574 825 633; x_wconf 81' lang='grc' dir='ltr'>εἰσί</span> <span class='ocrx_word' id='word_1_14' title='bbox 851 576 899 634; x_wconf 79' lang='grc' dir='ltr'>καὶ</span> 
     </span>
     <span class='ocr_line' id='line_1_3' title="bbox 15 657 901 745; baseline 0.009 -30"><span class='ocrx_word' id='word_1_15' title='bbox 15 704 22 737; x_wconf 69' lang='grc'>,</span> <span class='ocrx_word' id='word_1_16' title='bbox 122 657 164 716; x_wconf 72' lang='grc' dir='ltr'>ἀπ’</span> <span class='ocrx_word' id='word_1_17' title='bbox 176 662 268 738; x_wconf 85' lang='grc' dir='ltr'>ἀγαθῷ</span> <span class='ocrx_word' id='word_1_18' title='bbox 294 663 341 729; x_wconf 80' lang='grc' dir='ltr'>τῆς</span> <span class='ocrx_word' id='word_1_19' title='bbox 363 658 465 727; x_wconf 88' lang='grc' dir='ltr'>πόλεως</span> <span class='ocrx_word' id='word_1_20' title='bbox 488 659 688 734; x_wconf 70' lang='grc' dir='ltr'><strong>εἰσεληλύθασι,</strong></span> <span class='ocrx_word' id='word_1_21' title='bbox 708 661 754 722; x_wconf 82' lang='grc' dir='ltr'>καί</span> <span class='ocrx_word' id='word_1_22' title='bbox 776 661 811 721; x_wconf 76' lang='lat' dir='ltr'>adr</span> <span class='ocrx_word' id='word_1_23' title='bbox 835 661 901 745; x_wconf 84' lang='grc' dir='ltr'>ίργα</span> 
     </span>
     <span class='ocr_line' id='line_1_4' title="bbox 16 744 898 827; baseline 0.011 -24"><span class='ocrx_word' id='word_1_24' title='bbox 16 744 19 749; x_wconf 75' lang='grc'><strong>’</strong></span> <span class='ocrx_word' id='word_1_25' title='bbox 121 746 201 821; x_wconf 77' lang='grc' dir='ltr'>ὅμοιοι</span> <span class='ocrx_word' id='word_1_26' title='bbox 228 747 388 827; x_wconf 76' lang='grc' dir='ltr'>παρείχοντο</span> <span class='ocrx_word' id='word_1_27' title='bbox 412 756 467 814; x_wconf 87' lang='grc' dir='ltr'>τοῖς</span> <span class='ocrx_word' id='word_1_28' title='bbox 495 748 593 826; x_wconf 81' lang='grc' dir='ltr'><strong>λόγοις,</strong></span> <span class='ocrx_word' id='word_1_29' title='bbox 617 750 767 818; x_wconf 84' lang='grc' dir='ltr'>ἀδικοῦντες</span> <span class='ocrx_word' id='word_1_30' title='bbox 793 750 898 814; x_wconf 78' lang='grc' dir='ltr'><strong>οὐδένα.</strong></span> 
     </span>
     <span class='ocr_line' id='line_1_5' title="bbox 10 834 902 917; baseline 0.006 -22"><span class='ocrx_word' id='word_1_31' title='bbox 10 905 14 917; x_wconf 44' lang='grc'><strong>,</strong></span> <span class='ocrx_word' id='word_1_32' title='bbox 122 835 288 913; x_wconf 71' lang='grc' dir='ltr'>Ἀφικόμενοι</span> <span class='ocrx_word' id='word_1_33' title='bbox 303 837 326 894; x_wconf 82' lang='grc' dir='ltr'>δ’</span> <span class='ocrx_word' id='word_1_34' title='bbox 341 837 376 903; x_wconf 85' lang='grc' dir='ltr'>εἷς</span> <span class='ocrx_word' id='word_1_35' title='bbox 397 834 441 895; x_wconf 87' lang='grc' dir='ltr'>τδν</span> <span class='ocrx_word' id='word_1_36' title='bbox 466 839 628 914; x_wconf 87' lang='grc' dir='ltr'>καλούμενον</span> <span class='ocrx_word' id='word_1_37' title='bbox 649 836 824 899; x_wconf 75' lang='grc' dir='ltr'>Ἀουεντῖνον·</span> <span class='ocrx_word' id='word_1_38' title='bbox 846 840 902 900; x_wconf 84' lang='grc' dir='ltr'>έστι</span> 
     </span>
     <span class='ocr_line' id='line_1_6' title="bbox 10 919 902 1007; baseline 0.004 -23"><span class='ocrx_word' id='word_1_39' title='bbox 10 926 16 939; x_wconf 84' lang='grc'><strong>“</strong></span> <span class='ocrx_word' id='word_1_40' title='bbox 83 934 97 973; x_wconf 71' lang='lat'>⁸</span> <span class='ocrx_word' id='word_1_41' title='bbox 124 926 151 984; x_wconf 80' lang='grc' dir='ltr'>δέ</span> <span class='ocrx_word' id='word_1_42' title='bbox 167 931 220 984; x_wconf 85' lang='grc' dir='ltr'>τῶν</span> <span class='ocrx_word' id='word_1_43' title='bbox 246 924 476 1007; x_wconf 80' lang='grc' dir='ltr'>ἐμπεριεχομένων</span> <span class='ocrx_word' id='word_1_44' title='bbox 501 929 529 987; x_wconf 80' lang='grc' dir='ltr'>έν</span> <span class='ocrx_word' id='word_1_45' title='bbox 546 930 579 1007; x_wconf 80' lang='grc' dir='ltr'>τῇ</span> <span class='ocrx_word' id='word_1_46' title='bbox 596 924 693 1007; x_wconf 82' lang='grc' dir='ltr'>Ῥώμη</span> <span class='ocrx_word' id='word_1_47' title='bbox 718 925 805 1007; x_wconf 65' lang='grc' dir='ltr'>λόφων</span> <span class='ocrx_word' id='word_1_48' title='bbox 830 919 902 997; x_wconf 68' lang='grc' dir='ltr'>οὗτος</span> 
     </span>
     <span class='ocr_line' id='line_1_7' title="bbox 10 1006 901 1096; baseline 0.004 -24"><span class='ocrx_word' id='word_1_49' title='bbox 10 1006 15 1039; x_wconf 75' lang='lat'>⁵</span> <span class='ocrx_word' id='word_1_50' title='bbox 123 1015 335 1085; x_wconf 78' lang='grc' dir='ltr'>ἐπιτηδειότατος</span> <span class='ocrx_word' id='word_1_51' title='bbox 356 1015 653 1096; x_wconf 80' lang='grc' dir='ltr'>ἐνστρατοπεδεύεσθαι·</span> <span class='ocrx_word' id='word_1_52' title='bbox 676 1013 738 1096; x_wconf 89' lang='grc' dir='ltr'>περί</span> <span class='ocrx_word' id='word_1_53' title='bbox 755 1038 786 1075; x_wconf 92' lang='grc' dir='ltr'>τε</span> <span class='ocrx_word' id='word_1_54' title='bbox 809 1015 841 1075; x_wconf 85' lang='grc' dir='ltr'>τδ</span> <span class='ocrx_word' id='word_1_55' title='bbox 855 1022 901 1088; x_wconf 73' lang='grc' dir='ltr'>τῆς</span> 
     </span>
    </p>

    <p class='ocr_par' dir='ltr' id='par_1_3' title="bbox 122 1097 901 1186">
     <span class='ocr_line' id='line_1_8' title="bbox 122 1097 901 1186; baseline 0.006 -27"><span class='ocrx_word' id='word_1_56' title='bbox 122 1097 270 1179; x_wconf 80' lang='grc' dir='ltr'>Ἀρτέμιδος</span> <span class='ocrx_word' id='word_1_57' title='bbox 286 1103 355 1183; x_wconf 82' lang='grc' dir='ltr'>ἱερὸν</span> <span class='ocrx_word' id='word_1_58' title='bbox 369 1103 484 1164; x_wconf 78' lang='grc' dir='ltr'>τίθενται</span> <span class='ocrx_word' id='word_1_59' title='bbox 498 1103 532 1163; x_wconf 87' lang='grc' dir='ltr'>τά</span> <span class='ocrx_word' id='word_1_60' title='bbox 545 1104 632 1176; x_wconf 70' lang='lat' dir='ltr'>tuta,</span> <span class='ocrx_word' id='word_1_61' title='bbox 654 1107 686 1185; x_wconf 83' lang='grc' dir='ltr'>τῇ</span> <span class='ocrx_word' id='word_1_62' title='bbox 702 1105 725 1162; x_wconf 87' lang='grc' dir='ltr'>θ’</span> <span class='ocrx_word' id='word_1_63' title='bbox 741 1102 799 1176; x_wconf 75' lang='grc' dir='ltr'>ἑξῆς</span> <span class='ocrx_word' id='word_1_64' title='bbox 813 1104 901 1186; x_wconf 69' lang='grc' dir='ltr'>ἡμέρη</span> 
     </span>
    </p>

    <p class='ocr_par' dir='ltr' id='par_1_4' title="bbox 52 1191 902 1451">
     <span class='ocr_line' id='line_1_9' title="bbox 121 1191 902 1272; baseline 0.008 -27"><span class='ocrx_word' id='word_1_65' title='bbox 121 1194 314 1269; x_wconf 84' lang='grc' dir='ltr'>κρατυνάμενοι</span> <span class='ocrx_word' id='word_1_66' title='bbox 328 1193 372 1253; x_wconf 86' lang='grc' dir='ltr'>τδν</span> <span class='ocrx_word' id='word_1_67' title='bbox 384 1192 508 1272; x_wconf 87' lang='grc' dir='ltr'>χάρακα,</span> <span class='ocrx_word' id='word_1_68' title='bbox 525 1191 572 1251; x_wconf 82' lang='grc' dir='ltr'>καί</span> <span class='ocrx_word' id='word_1_69' title='bbox 593 1191 748 1272; x_wconf 77' lang='grc' dir='ltr'>χιλιάρχους</span> <span class='ocrx_word' id='word_1_70' title='bbox 768 1193 833 1252; x_wconf 88' lang='grc' dir='ltr'>δέκα</span> <span class='ocrx_word' id='word_1_71' title='bbox 850 1198 902 1253; x_wconf 83' lang='grc' dir='ltr'>τῶν</span> 
     </span>
     <span class='ocr_line' id='line_1_10' title="bbox 52 1270 902 1364; baseline 0.012 -31"><span class='ocrx_word' id='word_1_72' title='bbox 52 1340 55 1347; x_wconf 53' lang='grc'>,</span> <span class='ocrx_word' id='word_1_73' title='bbox 121 1281 215 1336; x_wconf 81' lang='grc' dir='ltr'>κοινῶν</span> <span class='ocrx_word' id='word_1_74' title='bbox 230 1278 410 1350; x_wconf 84' lang='grc' dir='ltr'>ἀποδείξαντες</span> <span class='ocrx_word' id='word_1_75' title='bbox 424 1281 544 1359; x_wconf 85' lang='grc' dir='ltr'>κυρίους,</span> <span class='ocrx_word' id='word_1_76' title='bbox 560 1270 597 1340; x_wconf 75' lang='grc' dir='ltr'>ὧν</span> <span class='ocrx_word' id='word_1_77' title='bbox 618 1279 725 1359; x_wconf 82' lang='grc' dir='ltr'>ἡγεμὼν</span> <span class='ocrx_word' id='word_1_78' title='bbox 741 1272 773 1354; x_wconf 70' lang='grc' dir='ltr'>ἦν</span> <span class='ocrx_word' id='word_1_79' title='bbox 792 1282 902 1364; x_wconf 84' lang='grc' dir='ltr'>Μάρκος</span> 
     </span>
     <span class='ocr_line' id='line_1_11' title="bbox 70 1365 556 1451; baseline 0 -22"><span class='ocrx_word' id='word_1_80' title='bbox 70 1381 94 1421; x_wconf 75' lang='lat'>⁴⁰</span> <span class='ocrx_word' id='word_1_81' title='bbox 122 1365 255 1441; x_wconf 86' lang='grc' dir='ltr'>Ὄππιος,</span> <span class='ocrx_word' id='word_1_82' title='bbox 269 1368 361 1440; x_wconf 82' lang='grc' dir='ltr'>έμενον</span> <span class='ocrx_word' id='word_1_83' title='bbox 379 1372 419 1451; x_wconf 79' lang='grc' dir='ltr'>ἀφ’</span> <span class='ocrx_word' id='word_1_84' title='bbox 431 1369 556 1451; x_wconf 79' lang='grc' dir='ltr'>ἡσυχίας.</span> 
     </span>
    </p>

    <p class='ocr_par' dir='ltr' id='par_1_5' title="bbox 120 1448 902 1804">
     <span class='ocr_line' id='line_1_12' title="bbox 162 1448 900 1538; baseline 0.001 -18"><span class='ocrx_word' id='word_1_85' title='bbox 162 1460 260 1520; x_wconf 83' lang='lat' dir='ltr'><strong>XLIV.</strong></span> <span class='ocrx_word' id='word_1_86' title='bbox 281 1448 367 1519; x_wconf 79' lang='grc' dir='ltr'>Ἧκον</span> <span class='ocrx_word' id='word_1_87' title='bbox 382 1458 410 1519; x_wconf 80' lang='grc' dir='ltr'>δὲ</span> <span class='ocrx_word' id='word_1_88' title='bbox 432 1460 521 1527; x_wconf 84' lang='grc' dir='ltr'>αὐτοῖς</span> <span class='ocrx_word' id='word_1_89' title='bbox 542 1457 675 1538; x_wconf 77' lang='grc' dir='ltr'>ίπίκουροι</span> <span class='ocrx_word' id='word_1_90' title='bbox 695 1461 753 1537; x_wconf 89' lang='grc' dir='ltr'>μετ’</span> <span class='ocrx_word' id='word_1_91' title='bbox 767 1460 797 1520; x_wconf 83' lang='grc' dir='ltr'>ού</span> <span class='ocrx_word' id='word_1_92' title='bbox 819 1459 900 1533; x_wconf 78' lang='grc' dir='ltr'>πολύ,</span> 
     </span>
     <span class='ocr_line' id='line_1_13' title="bbox 120 1544 900 1630; baseline 0.001 -24"><span class='ocrx_word' id='word_1_93' title='bbox 120 1549 166 1606; x_wconf 85' lang='grc' dir='ltr'>καί</span> <span class='ocrx_word' id='word_1_94' title='bbox 188 1546 240 1608; x_wconf 81' lang='grc' dir='ltr'>ἀπὸ</span> <span class='ocrx_word' id='word_1_95' title='bbox 265 1551 312 1618; x_wconf 74' lang='grc' dir='ltr'>τῆς</span> <span class='ocrx_word' id='word_1_96' title='bbox 328 1548 354 1606; x_wconf 79' lang='grc' dir='ltr'>έν</span> <span class='ocrx_word' id='word_1_97' title='bbox 377 1544 482 1627; x_wconf 80' lang='grc' dir='ltr'>Φιδήνῃ</span> <span class='ocrx_word' id='word_1_98' title='bbox 505 1554 629 1627; x_wconf 72' lang='grc' dir='ltr'>στρατιᾶς</span> <span class='ocrx_word' id='word_1_99' title='bbox 651 1549 675 1606; x_wconf 84' lang='grc' dir='ltr'>οἱ</span> <span class='ocrx_word' id='word_1_100' title='bbox 697 1547 833 1630; x_wconf 88' lang='grc' dir='ltr'>κράτιστοι</span> <span class='ocrx_word' id='word_1_101' title='bbox 849 1551 900 1607; x_wconf 81' lang='grc' dir='ltr'>τῶν</span> 
     </span>
     <span class='ocr_line' id='line_1_14' title="bbox 120 1633 902 1716; baseline 0.003 -22"><span class='ocrx_word' id='word_1_102' title='bbox 120 1638 198 1714; x_wconf 84' lang='grc' dir='ltr'>τριῶν</span> <span class='ocrx_word' id='word_1_103' title='bbox 212 1635 357 1714; x_wconf 79' lang='grc' dir='ltr'>ταγμάτων</span> <span class='ocrx_word' id='word_1_104' title='bbox 369 1636 493 1716; x_wconf 83' lang='grc' dir='ltr'>λοχαγοί,</span> <span class='ocrx_word' id='word_1_105' title='bbox 511 1633 612 1705; x_wconf 70' lang='grc' dir='ltr'>πολλὴν</span> <span class='ocrx_word' id='word_1_106' title='bbox 634 1634 744 1713; x_wconf 88' lang='grc' dir='ltr'>δύναμιν</span> <span class='ocrx_word' id='word_1_107' title='bbox 762 1634 902 1715; x_wconf 72' lang='grc' dir='ltr'>’έπαγόμεο</span> 
     </span>
     <span class='ocr_line' id='line_1_15' title="bbox 120 1722 901 1804; baseline 0.004 -23"><span class='ocrx_word' id='word_1_108' title='bbox 120 1747 176 1797; x_wconf 92' lang='grc' dir='ltr'>νοι,</span> <span class='ocrx_word' id='word_1_109' title='bbox 197 1722 338 1803; x_wconf 80' lang='grc' dir='ltr'>ἀλλοτρίως</span> <span class='ocrx_word' id='word_1_110' title='bbox 355 1723 403 1798; x_wconf 82' lang='grc' dir='ltr'>μέν</span> <span class='ocrx_word' id='word_1_111' title='bbox 424 1724 464 1783; x_wconf 78' lang='grc' dir='ltr'>ἔτι</span> <span class='ocrx_word' id='word_1_112' title='bbox 481 1723 567 1784; x_wconf 90' lang='grc' dir='ltr'>πάλαι</span> <span class='ocrx_word' id='word_1_113' title='bbox 589 1723 749 1802; x_wconf 79' lang='grc' dir='ltr'>διακείμενοι</span> <span class='ocrx_word' id='word_1_114' title='bbox 762 1724 827 1804; x_wconf 79' lang='grc' dir='ltr'>πρὸς</span> <span class='ocrx_word' id='word_1_115' title='bbox 841 1723 901 1792; x_wconf 75' lang='grc' dir='ltr'>τοὺς</span> 
     </span>
    </p>

    <p class='ocr_par' dir='ltr' id='par_1_6' title="bbox 52 1802 899 5263">
     <span class='ocr_line' id='line_1_16' title="bbox 67 1802 899 1893; baseline 0.007 -26"><span class='ocrx_word' id='word_1_116' title='bbox 67 1826 92 1867; x_wconf 75' lang='lat' dir='ltr'>tt</span> <span class='ocrx_word' id='word_1_117' title='bbox 119 1815 176 1872; x_wconf 75' lang='grc' dir='ltr'>ἐκεῖ</span> <span class='ocrx_word' id='word_1_118' title='bbox 188 1811 361 1892; x_wconf 79' lang='grc' dir='ltr'>στρατηγούς,</span> <span class='ocrx_word' id='word_1_119' title='bbox 376 1811 402 1880; x_wconf 75' lang='lat' dir='ltr'>tt</span> <span class='ocrx_word' id='word_1_120' title='bbox 421 1802 452 1870; x_wconf 79' lang='lat' dir='ltr'>ot</span> <span class='ocrx_word' id='word_1_121' title='bbox 467 1810 575 1873; x_wconf 87' lang='grc' dir='ltr'>Σίκκιον</span> <span class='ocrx_word' id='word_1_122' title='bbox 595 1813 640 1873; x_wconf 84' lang='grc' dir='ltr'>τὸν</span> <span class='ocrx_word' id='word_1_123' title='bbox 652 1812 817 1893; x_wconf 74' lang='grc' dir='ltr'>πρεσόευτην</span> <span class='ocrx_word' id='word_1_124' title='bbox 832 1812 899 1873; x_wconf 85' lang='grc' dir='ltr'>ἀπί-</span> 
     </span>
     <span class='ocr_line' id='line_1_17' title="bbox 120 1900 898 1984; baseline -0.001 -24"><span class='ocrx_word' id='word_1_125' title='bbox 120 1926 224 1963; x_wconf 87' lang='grc' dir='ltr'>κτειναν</span> <span class='ocrx_word' id='word_1_126' title='bbox 235 1947 243 1974; x_wconf 95' lang='grc'>,</span> <span class='ocrx_word' id='word_1_127' title='bbox 256 1900 347 1980; x_wconf 83' lang='grc' dir='ltr'>ῶσπερ</span> <span class='ocrx_word' id='word_1_128' title='bbox 362 1900 443 1981; x_wconf 78' lang='grc' dir='ltr'>έρην,</span> <span class='ocrx_word' id='word_1_129' title='bbox 466 1901 576 1969; x_wconf 86' lang='grc' dir='ltr'>δεδιότες</span> <span class='ocrx_word' id='word_1_130' title='bbox 589 1902 616 1961; x_wconf 79' lang='grc' dir='ltr'>δέ</span> <span class='ocrx_word' id='word_1_131' title='bbox 628 1901 705 1984; x_wconf 81' lang='grc' dir='ltr'>ἄρξαι</span> <span class='ocrx_word' id='word_1_132' title='bbox 719 1905 765 1973; x_wconf 82' lang='grc' dir='ltr'>τῆς</span> <span class='ocrx_word' id='word_1_133' title='bbox 781 1902 898 1961; x_wconf 81' lang='grc' dir='ltr'>ιἰιτοστά·</span> 
     </span>
     <span class='ocr_line' id='line_1_18' title="bbox 118 1989 896 2073; baseline -0.003 -23"><span class='ocrx_word' id='word_1_134' title='bbox 118 2015 184 2058; x_wconf 85' lang='grc' dir='ltr'>σεως</span> <span class='ocrx_word' id='word_1_135' title='bbox 194 1991 329 2071; x_wconf 87' lang='grc' dir='ltr'>πρότεροι,</span> <span class='ocrx_word' id='word_1_136' title='bbox 344 1994 379 2056; x_wconf 84' lang='grc' dir='ltr'>ὡς</span> <span class='ocrx_word' id='word_1_137' title='bbox 398 1989 499 2050; x_wconf 86' lang='grc' dir='ltr'>οίκείων</span> <span class='ocrx_word' id='word_1_138' title='bbox 513 1991 594 2050; x_wconf 88' lang='grc' dir='ltr'>όντων</span> <span class='ocrx_word' id='word_1_139' title='bbox 614 1997 647 2069; x_wconf 82' lang='grc' dir='ltr'>τῇ</span> <span class='ocrx_word' id='word_1_140' title='bbox 663 1992 828 2073; x_wconf 75' lang='grc' dir='ltr'>δικαδαρχίρ</span> <span class='ocrx_word' id='word_1_141' title='bbox 843 1994 896 2049; x_wconf 89' lang='grc' dir='ltr'>τῶν</span> 
     </span>
     <span class='ocr_line' id='line_1_19' title="bbox 118 2076 898 2159; baseline 0 -23"><span class='ocrx_word' id='word_1_142' title='bbox 118 2081 144 2138; x_wconf 81' lang='grc' dir='ltr'>ἐν</span> <span class='ocrx_word' id='word_1_143' title='bbox 171 2079 284 2159; x_wconf 79' lang='grc' dir='ltr'>Ἀλγιδῷ</span> <span class='ocrx_word' id='word_1_144' title='bbox 311 2076 386 2139; x_wconf 88' lang='grc' dir='ltr'>πέντε</span> <span class='ocrx_word' id='word_1_145' title='bbox 411 2078 571 2157; x_wconf 79' lang='grc' dir='ltr'>ταγμάτων,</span> <span class='ocrx_word' id='word_1_146' title='bbox 595 2077 653 2138; x_wconf 93' lang='grc' dir='ltr'>τότε</span> <span class='ocrx_word' id='word_1_147' title='bbox 682 2079 709 2137; x_wconf 81' lang='grc' dir='ltr'>δὲ</span> <span class='ocrx_word' id='word_1_148' title='bbox 736 2080 826 2148; x_wconf 76' lang='grc' dir='ltr'>ἐπειδὴ</span> <span class='ocrx_word' id='word_1_149' title='bbox 849 2079 898 2152; x_wconf 73' lang='grc' dir='ltr'>τὴν</span> 
     </span>
     <span class='ocr_line' id='line_1_20' title="bbox 118 2164 895 2246; baseline 0 -21"><span class='ocrx_word' id='word_1_150' title='bbox 118 2168 222 2226; x_wconf 82' lang='grc' dir='ltr'>ἐκείνων</span> <span class='ocrx_word' id='word_1_151' title='bbox 238 2165 384 2227; x_wconf 88' lang='grc' dir='ltr'>ἀπόστασιν</span> <span class='ocrx_word' id='word_1_152' title='bbox 403 2164 573 2246; x_wconf 80' lang='grc' dir='ltr'>ἐπέγνωσαν,</span> <span class='ocrx_word' id='word_1_153' title='bbox 587 2169 731 2246; x_wconf 79' lang='grc' dir='ltr'>ἀγαπητῶς</span> <span class='ocrx_word' id='word_1_154' title='bbox 745 2169 775 2226; x_wconf 86' lang='grc' dir='ltr'>τὸ</span> <span class='ocrx_word' id='word_1_155' title='bbox 790 2165 895 2244; x_wconf 83' lang='grc' dir='ltr'>συμόθν</span> 
     </span>
     <span class='ocr_line' id='line_1_21' title="bbox 63 2250 897 2335; baseline 0 -24"><span class='ocrx_word' id='word_1_156' title='bbox 63 2264 91 2304; x_wconf 78' lang='lat'>2⁰</span> <span class='ocrx_word' id='word_1_157' title='bbox 118 2254 171 2315; x_wconf 85' lang='grc' dir='ltr'>ἀπὸ</span> <span class='ocrx_word' id='word_1_158' title='bbox 180 2259 227 2328; x_wconf 80' lang='grc' dir='ltr'>τῆς</span> <span class='ocrx_word' id='word_1_159' title='bbox 240 2253 323 2335; x_wconf 81' lang='grc' dir='ltr'>τύχης</span> <span class='ocrx_word' id='word_1_160' title='bbox 336 2251 481 2332; x_wconf 73' lang='grc' dir='ltr'>δεξάμενοι.</span> <span class='ocrx_word' id='word_1_161' title='bbox 525 2252 671 2335; x_wconf 86' lang='grc' dir='ltr'>Ἥγεμάνες</span> <span class='ocrx_word' id='word_1_162' title='bbox 687 2250 714 2312; x_wconf 82' lang='grc' dir='ltr'>δέ</span> <span class='ocrx_word' id='word_1_163' title='bbox 739 2254 897 2313; x_wconf 82' lang='grc' dir='ltr'>καὶτούτων</span> 
     </span>
     <span class='ocr_line' id='line_1_22' title="bbox 116 2334 898 2424; baseline 0 -22"><span class='ocrx_word' id='word_1_164' title='bbox 116 2347 168 2402; x_wconf 84' lang='grc' dir='ltr'>τῶν</span> <span class='ocrx_word' id='word_1_165' title='bbox 183 2343 326 2424; x_wconf 84' lang='grc' dir='ltr'>ταγμάτων</span> <span class='ocrx_word' id='word_1_166' title='bbox 351 2334 421 2417; x_wconf 66' lang='grc' dir='ltr'>ἦσαν</span> <span class='ocrx_word' id='word_1_167' title='bbox 441 2341 505 2402; x_wconf 84' lang='grc' dir='ltr'>δέκα</span> <span class='ocrx_word' id='word_1_168' title='bbox 524 2343 660 2422; x_wconf 87' lang='grc' dir='ltr'>χιλίαρχοι</span> <span class='ocrx_word' id='word_1_169' title='bbox 683 2345 742 2400; x_wconf 86' lang='grc' dir='ltr'>καθ’</span> <span class='ocrx_word' id='word_1_170' title='bbox 758 2343 816 2401; x_wconf 73' lang='lat' dir='ltr'>otto</span> <span class='ocrx_word' id='word_1_171' title='bbox 832 2345 898 2403; x_wconf 87' lang='grc' dir='ltr'>ἀπο-</span> 
     </span>
     <span class='ocr_line' id='line_1_23' title="bbox 117 2421 894 2512; baseline -0.003 -22"><span class='ocrx_word' id='word_1_172' title='bbox 117 2433 277 2512; x_wconf 88' lang='grc' dir='ltr'>δειχθέντες,</span> <span class='ocrx_word' id='word_1_173' title='bbox 306 2422 343 2490; x_wconf 77' lang='grc' dir='ltr'>ὧν</span> <span class='ocrx_word' id='word_1_174' title='bbox 372 2430 580 2511; x_wconf 84' lang='grc' dir='ltr'>έπιρανέστατος</span> <span class='ocrx_word' id='word_1_175' title='bbox 602 2427 697 2498; x_wconf 82' lang='grc' dir='ltr'>Σέξτος</span> <span class='ocrx_word' id='word_1_176' title='bbox 726 2429 830 2496; x_wconf 84' lang='grc' dir='ltr'>θίάλιος</span> <span class='ocrx_word' id='word_1_177' title='bbox 851 2421 894 2502; x_wconf 69' lang='grc' dir='ltr'>ἦν.</span> 
     </span>
     <span class='ocr_line' id='line_1_24' title="bbox 116 2515 898 2596; baseline -0.006 -16"><span class='ocrx_word' id='word_1_178' title='bbox 116 2521 195 2582; x_wconf 66' lang='lat' dir='ltr'>&#39;lintei</span> <span class='ocrx_word' id='word_1_179' title='bbox 210 2522 237 2580; x_wconf 76' lang='grc' dir='ltr'>δὲ</span> <span class='ocrx_word' id='word_1_180' title='bbox 263 2518 404 2596; x_wconf 87' lang='grc' dir='ltr'>συνέμιξαν</span> <span class='ocrx_word' id='word_1_181' title='bbox 426 2519 568 2589; x_wconf 83' lang='grc' dir='ltr'>ἀλλήλοις,</span> <span class='ocrx_word' id='word_1_182' title='bbox 591 2519 692 2594; x_wconf 83' lang='grc' dir='ltr'>θέμενοι</span> <span class='ocrx_word' id='word_1_183' title='bbox 709 2515 743 2575; x_wconf 86' lang='grc' dir='ltr'>τδι</span> <span class='ocrx_word' id='word_1_184' title='bbox 757 2516 898 2588; x_wconf 82' lang='grc' dir='ltr'>όπλα,τοῖς</span> 
     </span>
     <span class='ocr_line' id='line_1_25' title="bbox 117 2604 897 2689; baseline -0.004 -21"><span class='ocrx_word' id='word_1_185' title='bbox 117 2609 202 2669; x_wconf 88' lang='grc' dir='ltr'>είκοσι</span> <span class='ocrx_word' id='word_1_186' title='bbox 216 2609 365 2689; x_wconf 83' lang='grc' dir='ltr'>χιλιάρχοις</span> <span class='ocrx_word' id='word_1_187' title='bbox 399 2606 545 2687; x_wconf 75' lang='grc' dir='ltr'>ἐπέτρεψαν</span> <span class='ocrx_word' id='word_1_188' title='bbox 568 2604 676 2665; x_wconf 76' lang='grc' dir='ltr'>ἅπαντα</span> <span class='ocrx_word' id='word_1_189' title='bbox 693 2604 759 2685; x_wconf 79' lang='grc' dir='ltr'>ὑπέρ</span> <span class='ocrx_word' id='word_1_190' title='bbox 780 2611 827 2664; x_wconf 83' lang='grc' dir='ltr'>τοῦ</span> <span class='ocrx_word' id='word_1_191' title='bbox 841 2628 897 2665; x_wconf 77' lang='lat' dir='ltr'>aot·</span> 
     </span>
     <span class='ocr_line' id='line_1_26' title="bbox 60 2692 896 2777; baseline -0.007 -18"><span class='ocrx_word' id='word_1_192' title='bbox 60 2706 87 2746; x_wconf 59' lang='grc' dir='ltr'>ἀΰ</span> <span class='ocrx_word' id='word_1_193' title='bbox 117 2704 161 2759; x_wconf 77' lang='grc' dir='ltr'>νοῶ</span> <span class='ocrx_word' id='word_1_194' title='bbox 177 2699 262 2777; x_wconf 85' lang='grc' dir='ltr'>λέγειν</span> <span class='ocrx_word' id='word_1_195' title='bbox 278 2720 305 2755; x_wconf 89' lang='grc' dir='ltr'>τε</span> <span class='ocrx_word' id='word_1_196' title='bbox 318 2696 363 2755; x_wconf 85' lang='grc' dir='ltr'>καί</span> <span class='ocrx_word' id='word_1_197' title='bbox 378 2696 516 2777; x_wconf 87' lang='grc' dir='ltr'>πράττειν.</span> <span class='ocrx_word' id='word_1_198' title='bbox 570 2692 659 2758; x_wconf 83' lang='grc' dir='ltr'>Ἐκδί</span> <span class='ocrx_word' id='word_1_199' title='bbox 669 2697 722 2754; x_wconf 86' lang='grc' dir='ltr'>τῶν</span> <span class='ocrx_word' id='word_1_200' title='bbox 737 2692 822 2754; x_wconf 89' lang='grc' dir='ltr'>είκοσι</span> <span class='ocrx_word' id='word_1_201' title='bbox 837 2693 896 2764; x_wconf 78' lang='grc' dir='ltr'>τοὺς</span> 
     </span>
     <span class='ocr_line' id='line_1_27' title="bbox 116 2781 895 2868; baseline -0.01 -20"><span class='ocrx_word' id='word_1_202' title='bbox 116 2786 337 2868; x_wconf 76' lang='grc' dir='ltr'>ἔπιρανιστοίτους</span> <span class='ocrx_word' id='word_1_203' title='bbox 362 2783 501 2852; x_wconf 79' lang='grc' dir='ltr'>ἀπέδειξαν</span> <span class='ocrx_word' id='word_1_204' title='bbox 524 2784 570 2845; x_wconf 88' lang='grc' dir='ltr'>δύο</span> <span class='ocrx_word' id='word_1_205' title='bbox 589 2783 766 2864; x_wconf 64' lang='lat' dir='ltr'>epotatione,</span> <span class='ocrx_word' id='word_1_206' title='bbox 782 2781 895 2864; x_wconf 88' lang='grc' dir='ltr'>Μάρκον</span> 
     </span>
     <span class='ocr_line' id='line_1_28' title="bbox 114 2864 896 2952; baseline -0.009 -14"><span class='ocrx_word' id='word_1_207' title='bbox 114 2875 235 2938; x_wconf 87' lang='grc' dir='ltr'>Ὄππιον</span> <span class='ocrx_word' id='word_1_208' title='bbox 247 2875 293 2935; x_wconf 85' lang='grc' dir='ltr'>καί</span> <span class='ocrx_word' id='word_1_209' title='bbox 316 2872 411 2943; x_wconf 77' lang='grc' dir='ltr'>Σέξτον</span> <span class='ocrx_word' id='word_1_210' title='bbox 430 2874 549 2934; x_wconf 90' lang='grc' dir='ltr'>Μάλιον·</span> <span class='ocrx_word' id='word_1_211' title='bbox 573 2864 643 2933; x_wconf 68' lang='grc' dir='ltr'>οὗτοι</span> <span class='ocrx_word' id='word_1_212' title='bbox 667 2870 850 2952; x_wconf 73' lang='grc' dir='ltr'>βουλευτήριον</span> <span class='ocrx_word' id='word_1_213' title='bbox 868 2873 896 2943; x_wconf 62' lang='lat' dir='ltr'>lt</span> 
     </span>
     <span class='ocr_line' id='line_1_29' title="bbox 113 2958 894 3042; baseline -0.006 -16"><span class='ocrx_word' id='word_1_214' title='bbox 113 2965 237 3026; x_wconf 78' lang='grc' dir='ltr'>ἁπάντων</span> <span class='ocrx_word' id='word_1_215' title='bbox 252 2963 483 3040; x_wconf 82' lang='grc' dir='ltr'>καταστησάμενοι</span> <span class='ocrx_word' id='word_1_216' title='bbox 494 2966 547 3021; x_wconf 87' lang='grc' dir='ltr'>τῶν</span> <span class='ocrx_word' id='word_1_217' title='bbox 557 2963 703 3042; x_wconf 79' lang='grc' dir='ltr'>λοχαγῶν,</span> <span class='ocrx_word' id='word_1_218' title='bbox 720 2960 777 3037; x_wconf 85' lang='grc' dir='ltr'>μετ’</span> <span class='ocrx_word' id='word_1_219' title='bbox 788 2958 894 3021; x_wconf 82' lang='grc' dir='ltr'>ίκείνων</span> 
     </span>
     <span class='ocr_line' id='line_1_30' title="bbox 113 3048 895 3130; baseline -0.005 -17"><span class='ocrx_word' id='word_1_220' title='bbox 113 3055 219 3115; x_wconf 81' lang='grc' dir='ltr'>ἅπαντα</span> <span class='ocrx_word' id='word_1_221' title='bbox 240 3052 369 3113; x_wconf 83' lang='grc' dir='ltr'>διετελουν</span> <span class='ocrx_word' id='word_1_222' title='bbox 389 3050 647 3130; x_wconf 82' lang='grc' dir='ltr'>πραγματευόμενοι.</span> <span class='ocrx_word' id='word_1_223' title='bbox 689 3049 799 3122; x_wconf 80' lang='grc' dir='ltr'>Ἀἀήλου</span> <span class='ocrx_word' id='word_1_224' title='bbox 814 3048 837 3110; x_wconf 79' lang='grc' dir='ltr'>θ’</span> <span class='ocrx_word' id='word_1_225' title='bbox 855 3049 895 3110; x_wconf 83' lang='grc' dir='ltr'>έτι</span> 
     </span>
     <span class='ocr_line' id='line_1_31' title="bbox 57 3134 893 3216; baseline 0 -17"><span class='ocrx_word' id='word_1_226' title='bbox 57 3157 86 3199; x_wconf 75' lang='lat'>³0</span> <span class='ocrx_word' id='word_1_227' title='bbox 114 3145 168 3211; x_wconf 80' lang='grc' dir='ltr'>τοῖς</span> <span class='ocrx_word' id='word_1_228' title='bbox 183 3144 290 3207; x_wconf 79' lang='grc' dir='ltr'>πολλοῖς</span> <span class='ocrx_word' id='word_1_229' title='bbox 305 3144 352 3211; x_wconf 71' lang='grc' dir='ltr'>τῆς</span> <span class='ocrx_word' id='word_1_230' title='bbox 367 3138 482 3207; x_wconf 88' lang='grc' dir='ltr'>διανοίας</span> <span class='ocrx_word' id='word_1_231' title='bbox 497 3139 584 3199; x_wconf 83' lang='grc' dir='ltr'>οὔτῶν</span> <span class='ocrx_word' id='word_1_232' title='bbox 599 3134 694 3215; x_wconf 83' lang='grc' dir='ltr'>οὔσης,</span> <span class='ocrx_word' id='word_1_233' title='bbox 708 3136 822 3206; x_wconf 80' lang='grc' dir='ltr'>Ἄππιος</span> <span class='ocrx_word' id='word_1_234' title='bbox 835 3137 893 3216; x_wconf 81' lang='grc' dir='ltr'>μέν,</span> 
     </span>
     <span class='ocr_line' id='line_1_32' title="bbox 113 3224 894 3309; baseline -0.006 -20"><span class='ocrx_word' id='word_1_235' title='bbox 113 3224 157 3289; x_wconf 82' lang='grc' dir='ltr'>οἶα</span> <span class='ocrx_word' id='word_1_236' title='bbox 181 3230 212 3302; x_wconf 76' lang='grc' dir='ltr'>δὴ</span> <span class='ocrx_word' id='word_1_237' title='bbox 236 3228 422 3309; x_wconf 79' lang='grc' dir='ltr'>συγγινώσκειν</span> <span class='ocrx_word' id='word_1_238' title='bbox 440 3231 526 3308; x_wconf 80' lang='grc' dir='ltr'>ἑαυτῷ</span> <span class='ocrx_word' id='word_1_239' title='bbox 550 3230 597 3299; x_wconf 84' lang='grc' dir='ltr'>τῆς</span> <span class='ocrx_word' id='word_1_240' title='bbox 620 3225 757 3306; x_wconf 89' lang='grc' dir='ltr'>παρούσης</span> <span class='ocrx_word' id='word_1_241' title='bbox 771 3230 894 3308; x_wconf 74' lang='grc' dir='ltr'>ταραχῆς</span> 
     </span>
     <span class='ocr_line' id='line_1_33' title="bbox 113 3312 891 3399; baseline -0.005 -21"><span class='ocrx_word' id='word_1_242' title='bbox 113 3318 189 3399; x_wconf 84' lang='grc' dir='ltr'>αίτίιρ</span> <span class='ocrx_word' id='word_1_243' title='bbox 215 3317 333 3398; x_wconf 84' lang='grc' dir='ltr'>γεγονότι</span> <span class='ocrx_word' id='word_1_244' title='bbox 347 3318 394 3376; x_wconf 79' lang='grc' dir='ltr'>καὶ</span> <span class='ocrx_word' id='word_1_245' title='bbox 420 3320 472 3377; x_wconf 85' lang='grc' dir='ltr'>τῶν</span> <span class='ocrx_word' id='word_1_246' title='bbox 498 3313 726 3396; x_wconf 87' lang='grc' dir='ltr'>προσδοκωμένων</span> <span class='ocrx_word' id='word_1_247' title='bbox 752 3312 786 3373; x_wconf 82' lang='grc' dir='ltr'>δι’</span> <span class='ocrx_word' id='word_1_248' title='bbox 809 3313 891 3388; x_wconf 72' lang='grc' dir='ltr'>αὐτὴν</span> 
     </span>
     <span class='ocr_line' id='line_1_34' title="bbox 111 3402 893 3484; baseline -0.006 -15"><span class='ocrx_word' id='word_1_249' title='bbox 111 3410 217 3469; x_wconf 84' lang='grc' dir='ltr'>έσεοθαι</span> <span class='ocrx_word' id='word_1_250' title='bbox 232 3411 340 3478; x_wconf 88' lang='grc' dir='ltr'>κακῶν,</span> <span class='ocrx_word' id='word_1_251' title='bbox 355 3406 443 3466; x_wconf 81' lang='grc' dir='ltr'>οὐκέτι</span> <span class='ocrx_word' id='word_1_252' title='bbox 455 3409 508 3465; x_wconf 90' lang='grc' dir='ltr'>τῶν</span> <span class='ocrx_word' id='word_1_253' title='bbox 519 3408 613 3465; x_wconf 89' lang='grc' dir='ltr'>κοινῶν</span> <span class='ocrx_word' id='word_1_254' title='bbox 628 3402 702 3464; x_wconf 75' lang='grc' dir='ltr'>οὐδέν</span> <span class='ocrx_word' id='word_1_255' title='bbox 717 3403 791 3476; x_wconf 80' lang='grc' dir='ltr'>ἠξίου</span> <span class='ocrx_word' id='word_1_256' title='bbox 805 3406 893 3484; x_wconf 90' lang='grc' dir='ltr'>πράτ-</span> 
     </span>
     <span class='ocr_line' id='line_1_35' title="bbox 111 3485 893 3573; baseline -0.006 -15"><span class='ocrx_word' id='word_1_257' title='bbox 111 3521 182 3568; x_wconf 86' lang='grc' dir='ltr'>τειν,</span> <span class='ocrx_word' id='word_1_258' title='bbox 199 3497 268 3555; x_wconf 80' lang='grc' dir='ltr'>ἀλλά</span> <span class='ocrx_word' id='word_1_259' title='bbox 282 3499 342 3554; x_wconf 81' lang='grc' dir='ltr'>κατ’</span> <span class='ocrx_word' id='word_1_260' title='bbox 360 3485 430 3554; x_wconf 77' lang='grc' dir='ltr'>α’ίκον</span> <span class='ocrx_word' id='word_1_261' title='bbox 446 3493 550 3570; x_wconf 84' lang='grc' dir='ltr'>έμενεν·</span> <span class='ocrx_word' id='word_1_262' title='bbox 574 3493 629 3552; x_wconf 73' lang='grc' dir='ltr'>ὁδί</span> <span class='ocrx_word' id='word_1_263' title='bbox 652 3490 699 3552; x_wconf 80' lang='grc' dir='ltr'>σίιν</span> <span class='ocrx_word' id='word_1_264' title='bbox 714 3495 786 3572; x_wconf 79' lang='grc' dir='ltr'>αὐτῷ</span> <span class='ocrx_word' id='word_1_265' title='bbox 797 3516 893 3573; x_wconf 90' lang='grc' dir='ltr'>τεταγ-</span> 
     </span>
     <span class='ocr_line' id='line_1_36' title="bbox 55 3575 892 3664; baseline -0.01 -16"><span class='ocrx_word' id='word_1_266' title='bbox 55 3597 84 3638; x_wconf 77' lang='lat'>³⁵</span> <span class='ocrx_word' id='word_1_267' title='bbox 112 3589 189 3664; x_wconf 88' lang='grc' dir='ltr'>μένος</span> <span class='ocrx_word' id='word_1_268' title='bbox 209 3585 253 3645; x_wconf 73' lang='lat' dir='ltr'>iat</span> <span class='ocrx_word' id='word_1_269' title='bbox 277 3588 324 3652; x_wconf 75' lang='grc' dir='ltr'>τῆς</span> <span class='ocrx_word' id='word_1_270' title='bbox 346 3582 460 3659; x_wconf 85' lang='grc' dir='ltr'>πόλεως,</span> <span class='ocrx_word' id='word_1_271' title='bbox 478 3580 592 3662; x_wconf 86' lang='grc' dir='ltr'>Σπόριος</span> <span class='ocrx_word' id='word_1_272' title='bbox 605 3575 742 3658; x_wconf 83' lang='grc' dir='ltr'>Ὄππιος,</span> <span class='ocrx_word' id='word_1_273' title='bbox 768 3582 892 3661; x_wconf 84' lang='grc' dir='ltr'>διαταρα-</span> 
     </span>
     <span class='ocr_line' id='line_1_37' title="bbox 110 3669 889 3754; baseline -0.004 -22"><span class='ocrx_word' id='word_1_274' title='bbox 110 3675 183 3754; x_wconf 79' lang='grc' dir='ltr'>χθείς</span> <span class='ocrx_word' id='word_1_275' title='bbox 208 3671 267 3732; x_wconf 89' lang='grc' dir='ltr'>κατ’</span> <span class='ocrx_word' id='word_1_276' title='bbox 292 3672 377 3751; x_wconf 85' lang='grc' dir='ltr'>ἀρχάς</span> <span class='ocrx_word' id='word_1_277' title='bbox 398 3672 444 3730; x_wconf 78' lang='grc' dir='ltr'>καί</span> <span class='ocrx_word' id='word_1_278' title='bbox 461 3669 556 3743; x_wconf 81' lang='grc' dir='ltr'>αύτάς,</span> <span class='ocrx_word' id='word_1_279' title='bbox 578 3673 614 3738; x_wconf 84' lang='grc' dir='ltr'>ὡς</span> <span class='ocrx_word' id='word_1_280' title='bbox 639 3669 733 3730; x_wconf 85' lang='grc' dir='ltr'>αὐτίκα</span> <span class='ocrx_word' id='word_1_281' title='bbox 749 3670 823 3747; x_wconf 89' lang='grc' dir='ltr'>μάλα</span> <span class='ocrx_word' id='word_1_282' title='bbox 838 3673 889 3729; x_wconf 87' lang='grc' dir='ltr'>τῶν</span> 
     </span>
     <span class='ocr_line' id='line_1_38' title="bbox 110 3756 889 3842; baseline -0.005 -21"><span class='ocrx_word' id='word_1_283' title='bbox 110 3764 213 3842; x_wconf 82' lang='grc' dir='ltr'>ἐχθρῶν</span> <span class='ocrx_word' id='word_1_284' title='bbox 228 3781 315 3840; x_wconf 82' lang='grc' dir='ltr'>σιρισιν</span> <span class='ocrx_word' id='word_1_285' title='bbox 330 3757 527 3834; x_wconf 78' lang='grc' dir='ltr'>ἀπιθησομένων</span> <span class='ocrx_word' id='word_1_286' title='bbox 541 3756 588 3818; x_wconf 86' lang='grc' dir='ltr'>καί</span> <span class='ocrx_word' id='word_1_287' title='bbox 599 3758 643 3818; x_wconf 84' lang='grc' dir='ltr'>ίπὶ</span> <span class='ocrx_word' id='word_1_288' title='bbox 660 3759 746 3840; x_wconf 87' lang='grc' dir='ltr'>τούτῳ</span> <span class='ocrx_word' id='word_1_289' title='bbox 759 3759 889 3834; x_wconf 79' lang='grc' dir='ltr'>ἡκόντων,</span> 
     </span>
     <span class='ocr_line' id='line_1_39' title="bbox 111 3846 891 3930; baseline -0.004 -18"><span class='ocrx_word' id='word_1_290' title='bbox 111 3848 202 3921; x_wconf 74' lang='grc' dir='ltr'>ἐπειδὴ</span> <span class='ocrx_word' id='word_1_291' title='bbox 218 3849 364 3923; x_wconf 86' lang='grc' dir='ltr'>κατέμαθεν</span> <span class='ocrx_word' id='word_1_292' title='bbox 385 3846 456 3907; x_wconf 75' lang='grc' dir='ltr'>οὐδέν</span> <span class='ocrx_word' id='word_1_293' title='bbox 475 3847 679 3928; x_wconf 88' lang='grc' dir='ltr'>νεωτερίσαντας</span> <span class='ocrx_word' id='word_1_294' title='bbox 695 3846 811 3921; x_wconf 84' lang='grc' dir='ltr'>αιἰτοθς,</span> <span class='ocrx_word' id='word_1_295' title='bbox 829 3849 891 3930; x_wconf 79' lang='grc' dir='ltr'>θρέ-</span> 
     </span>
     <span class='ocr_line' id='line_1_40' title="bbox 111 3934 888 4018; baseline -0.003 -20"><span class='ocrx_word' id='word_1_296' title='bbox 111 3963 186 4015; x_wconf 89' lang='grc' dir='ltr'>μενος</span> <span class='ocrx_word' id='word_1_297' title='bbox 201 3943 246 3996; x_wconf 73' lang='grc' dir='ltr'>τοῦ</span> <span class='ocrx_word' id='word_1_298' title='bbox 263 3935 335 4006; x_wconf 84' lang='grc' dir='ltr'>δέους</span> <span class='ocrx_word' id='word_1_299' title='bbox 354 3935 444 3996; x_wconf 73' lang='grc' dir='ltr'>ἐκάλει</span> <span class='ocrx_word' id='word_1_300' title='bbox 457 3934 505 4008; x_wconf 73' lang='grc' dir='ltr'>τὴν</span> <span class='ocrx_word' id='word_1_301' title='bbox 528 3936 625 4016; x_wconf 78' lang='grc' dir='ltr'>βουλὴν</span> <span class='ocrx_word' id='word_1_302' title='bbox 649 3938 686 4005; x_wconf 78' lang='grc' dir='ltr'>εἰς</span> <span class='ocrx_word' id='word_1_303' title='bbox 705 3936 735 3997; x_wconf 85' lang='grc' dir='ltr'>τδ</span> <span class='ocrx_word' id='word_1_304' title='bbox 756 3936 888 4018; x_wconf 82' lang='grc' dir='ltr'>συνέδρων</span> 
     </span>
     <span class='ocr_line' id='line_1_41' title="bbox 55 4023 888 4105; baseline 0.001 -20"><span class='ocrx_word' id='word_1_305' title='bbox 55 4044 84 4085; x_wconf 90' lang='lat' dir='ltr'>to</span> <span class='ocrx_word' id='word_1_306' title='bbox 112 4030 141 4087; x_wconf 81' lang='grc' dir='ltr'>έκ</span> <span class='ocrx_word' id='word_1_307' title='bbox 155 4031 207 4086; x_wconf 87' lang='grc' dir='ltr'>τῶν</span> <span class='ocrx_word' id='word_1_308' title='bbox 217 4028 305 4085; x_wconf 79' lang='grc' dir='ltr'>οἰκιῶν</span> <span class='ocrx_word' id='word_1_309' title='bbox 320 4028 379 4084; x_wconf 89' lang='grc' dir='ltr'>κατ’</span> <span class='ocrx_word' id='word_1_310' title='bbox 394 4023 474 4104; x_wconf 82' lang='grc' dir='ltr'>ἄνδρα</span> <span class='ocrx_word' id='word_1_311' title='bbox 485 4024 735 4105; x_wconf 89' lang='grc' dir='ltr'>μεταπεμπόμενος.</span> <span class='ocrx_word' id='word_1_312' title='bbox 779 4025 844 4088; x_wconf 83' lang='grc' dir='ltr'>Ἔτι</span> <span class='ocrx_word' id='word_1_313' title='bbox 860 4025 888 4086; x_wconf 85' lang='grc' dir='ltr'>δέ</span> 
     </span>
     <span class='ocr_line' id='line_1_42' title="bbox 111 4105 886 4198; baseline -0.004 -21"><span class='ocrx_word' id='word_1_314' title='bbox 111 4121 198 4178; x_wconf 80' lang='grc' dir='ltr'>αὐτῶν</span> <span class='ocrx_word' id='word_1_315' title='bbox 223 4113 439 4195; x_wconf 79' lang='grc' dir='ltr'>συλλεγομένων,</span> <span class='ocrx_word' id='word_1_316' title='bbox 463 4105 527 4188; x_wconf 68' lang='grc' dir='ltr'>ἧκον</span> <span class='ocrx_word' id='word_1_317' title='bbox 551 4117 576 4175; x_wconf 84' lang='grc' dir='ltr'>οἱ</span> <span class='ocrx_word' id='word_1_318' title='bbox 600 4118 630 4176; x_wconf 76' lang='lat' dir='ltr'>tx</span> <span class='ocrx_word' id='word_1_319' title='bbox 654 4120 701 4189; x_wconf 79' lang='grc' dir='ltr'>τῆς</span> <span class='ocrx_word' id='word_1_320' title='bbox 726 4118 753 4176; x_wconf 83' lang='grc' dir='ltr'>ίν</span> <span class='ocrx_word' id='word_1_321' title='bbox 780 4118 886 4198; x_wconf 76' lang='grc' dir='ltr'>Φιδήνη</span> 
     </span>
     <span class='ocr_line' id='line_1_43' title="bbox 57 4203 884 4286; baseline 0.002 -20"><span class='ocrx_word' id='word_1_322' title='bbox 57 4219 58 4223; x_wconf 75' lang='grc'>’</span> <span class='ocrx_word' id='word_1_323' title='bbox 110 4215 235 4286; x_wconf 75' lang='grc' dir='ltr'>στρατιᾶς</span> <span class='ocrx_word' id='word_1_324' title='bbox 257 4203 398 4284; x_wconf 84' lang='grc' dir='ltr'>ἡγεμόνες,</span> <span class='ocrx_word' id='word_1_325' title='bbox 425 4205 633 4284; x_wconf 80' lang='grc' dir='ltr'>ἀγανακτοῦντες</span> <span class='ocrx_word' id='word_1_326' title='bbox 656 4205 701 4266; x_wconf 79' lang='lat' dir='ltr'>lari</span> <span class='ocrx_word' id='word_1_327' title='bbox 720 4210 758 4286; x_wconf 82' lang='grc' dir='ltr'>τῷ</span> <span class='ocrx_word' id='word_1_328' title='bbox 773 4210 884 4268; x_wconf 81' lang='grc' dir='ltr'>καταλε·</span> 
     </span>
     <span class='ocr_line' id='line_1_44' title="bbox 108 4292 886 4378; baseline -0.001 -20"><span class='ocrx_word' id='word_1_329' title='bbox 108 4301 212 4378; x_wconf 83' lang='grc' dir='ltr'>λεῑρθαι</span> <span class='ocrx_word' id='word_1_330' title='bbox 234 4292 294 4362; x_wconf 85' lang='grc' dir='ltr'>τοθς</span> <span class='ocrx_word' id='word_1_331' title='bbox 307 4292 430 4375; x_wconf 88' lang='grc' dir='ltr'>χάρακας</span> <span class='ocrx_word' id='word_1_332' title='bbox 444 4293 497 4354; x_wconf 70' lang='lat' dir='ltr'>tal</span> <span class='ocrx_word' id='word_1_333' title='bbox 511 4297 564 4354; x_wconf 87' lang='grc' dir='ltr'>τῶν</span> <span class='ocrx_word' id='word_1_334' title='bbox 584 4298 751 4374; x_wconf 88' lang='grc' dir='ltr'>στρατιωτῶν</span> <span class='ocrx_word' id='word_1_335' title='bbox 767 4297 886 4378; x_wconf 75' lang='grc' dir='ltr'>ἀμφοτέ-</span> 
     </span>
     <span class='ocr_line' id='line_1_45' title="bbox 111 4381 886 4464; baseline -0.004 -18"><span class='ocrx_word' id='word_1_336' title='bbox 111 4409 179 4464; x_wconf 88' lang='grc' dir='ltr'>ρους,</span> <span class='ocrx_word' id='word_1_337' title='bbox 191 4384 236 4445; x_wconf 87' lang='grc' dir='ltr'>κοιί</span> <span class='ocrx_word' id='word_1_338' title='bbox 251 4382 300 4455; x_wconf 80' lang='grc' dir='ltr'>τὴν</span> <span class='ocrx_word' id='word_1_339' title='bbox 315 4382 414 4461; x_wconf 72' lang='grc' dir='ltr'>βουλὴν</span> <span class='ocrx_word' id='word_1_340' title='bbox 428 4381 560 4449; x_wconf 85' lang='grc' dir='ltr'>πείθοντες</span> <span class='ocrx_word' id='word_1_341' title='bbox 576 4381 652 4450; x_wconf 87' lang='grc' dir='ltr'>ἀξίαν</span> <span class='ocrx_word' id='word_1_342' title='bbox 665 4388 712 4443; x_wconf 78' lang='grc' dir='ltr'>τοῦ</span> <span class='ocrx_word' id='word_1_343' title='bbox 728 4384 886 4463; x_wconf 89' lang='grc' dir='ltr'>πράγματος</span> 
     </span>
     <span class='ocr_line' id='line_1_46' title="bbox 54 4469 886 4553; baseline -0.002 -18"><span class='ocrx_word' id='word_1_344' title='bbox 54 4494 81 4535; x_wconf 78' lang='grc' dir='ltr'>ιε</span> <span class='ocrx_word' id='word_1_345' title='bbox 108 4469 187 4553; x_wconf 69' lang='grc' dir='ltr'>ὀργὴν</span> <span class='ocrx_word' id='word_1_346' title='bbox 206 4472 264 4533; x_wconf 79' lang='grc' dir='ltr'>κατ’</span> <span class='ocrx_word' id='word_1_347' title='bbox 288 4474 374 4532; x_wconf 84' lang='grc' dir='ltr'>αὐτῶν</span> <span class='ocrx_word' id='word_1_348' title='bbox 390 4470 492 4532; x_wconf 81' lang='grc' dir='ltr'>λαόεῑν.</span> <span class='ocrx_word' id='word_1_349' title='bbox 534 4471 614 4532; x_wconf 85' lang='grc' dir='ltr'>Ἐπεί</span> <span class='ocrx_word' id='word_1_350' title='bbox 627 4471 654 4531; x_wconf 85' lang='grc' dir='ltr'>δέ</span> <span class='ocrx_word' id='word_1_351' title='bbox 667 4473 800 4551; x_wconf 81' lang='grc' dir='ltr'>ἀγορεύειν</span> <span class='ocrx_word' id='word_1_352' title='bbox 821 4472 886 4533; x_wconf 82' lang='grc' dir='ltr'>έκα·</span> 
     </span>
     <span class='ocr_line' id='line_1_47' title="bbox 109 4560 886 4640; baseline -0.001 -20"><span class='ocrx_word' id='word_1_353' title='bbox 109 4584 170 4622; x_wconf 90' lang='grc' dir='ltr'>στον</span> <span class='ocrx_word' id='word_1_354' title='bbox 190 4564 258 4635; x_wconf 76' lang='grc' dir='ltr'>ἔδει,</span> <span class='ocrx_word' id='word_1_355' title='bbox 285 4561 396 4629; x_wconf 83' lang='grc' dir='ltr'>Αεύκιος</span> <span class='ocrx_word' id='word_1_356' title='bbox 413 4560 461 4639; x_wconf 82' lang='grc' dir='ltr'>μίν</span> <span class='ocrx_word' id='word_1_357' title='bbox 475 4561 620 4639; x_wconf 72' lang='grc' dir='ltr'>Κορνήλιος</span> <span class='ocrx_word' id='word_1_358' title='bbox 639 4560 688 4640; x_wconf 82' lang='grc' dir='ltr'>έρη</span> <span class='ocrx_word' id='word_1_359' title='bbox 703 4563 757 4622; x_wconf 86' lang='grc' dir='ltr'>δεῖν</span> <span class='ocrx_word' id='word_1_360' title='bbox 779 4560 886 4622; x_wconf 81' lang='grc' dir='ltr'>ἀπιέναι</span> 
     </span>
     <span class='ocr_line' id='line_1_48' title="bbox 108 4649 886 4732; baseline 0.001 -23"><span class='ocrx_word' id='word_1_361' title='bbox 108 4649 168 4717; x_wconf 85' lang='grc' dir='ltr'>τοθς</span> <span class='ocrx_word' id='word_1_362' title='bbox 183 4652 343 4732; x_wconf 86' lang='grc' dir='ltr'>κατέχοντας</span> <span class='ocrx_word' id='word_1_363' title='bbox 365 4651 410 4710; x_wconf 87' lang='grc' dir='ltr'>τδν</span> <span class='ocrx_word' id='word_1_364' title='bbox 425 4651 583 4712; x_wconf 77' lang='grc' dir='ltr'>Ἀουεντῖνον</span> <span class='ocrx_word' id='word_1_365' title='bbox 599 4650 746 4730; x_wconf 79' lang='grc' dir='ltr'>αὐθημερόν</span> <span class='ocrx_word' id='word_1_366' title='bbox 763 4650 807 4711; x_wconf 76' lang='grc' dir='ltr'>ἐπί</span> <span class='ocrx_word' id='word_1_367' title='bbox 825 4650 886 4717; x_wconf 82' lang='grc' dir='ltr'>τοὺς</span> 
     </span>
     <span class='ocr_line' id='line_1_49' title="bbox 109 4736 886 4817; baseline -0.003 -20"><span class='ocrx_word' id='word_1_368' title='bbox 109 4742 208 4797; x_wconf 79' lang='grc' dir='ltr'>ἑαυτῶν</span> <span class='ocrx_word' id='word_1_369' title='bbox 222 4740 358 4815; x_wconf 84' lang='grc' dir='ltr'>χάρακας,</span> <span class='ocrx_word' id='word_1_370' title='bbox 377 4737 422 4799; x_wconf 79' lang='grc' dir='ltr'>καί</span> <span class='ocrx_word' id='word_1_371' title='bbox 436 4736 470 4798; x_wconf 88' lang='grc' dir='ltr'>τδι</span> <span class='ocrx_word' id='word_1_372' title='bbox 494 4736 655 4815; x_wconf 86' lang='grc' dir='ltr'>κελευόμενα</span> <span class='ocrx_word' id='word_1_373' title='bbox 670 4738 722 4797; x_wconf 85' lang='grc' dir='ltr'>θπθ</span> <span class='ocrx_word' id='word_1_374' title='bbox 738 4740 791 4797; x_wconf 91' lang='grc' dir='ltr'>τῶν</span> <span class='ocrx_word' id='word_1_375' title='bbox 805 4760 886 4817; x_wconf 90' lang='grc' dir='ltr'>στρα-</span> 
     </span>
     <span class='ocr_line' id='line_1_50' title="bbox 108 4825 886 4904; baseline 0 -20"><span class='ocrx_word' id='word_1_376' title='bbox 108 4827 195 4902; x_wconf 84' lang='grc' dir='ltr'>τηγῶν</span> <span class='ocrx_word' id='word_1_377' title='bbox 210 4827 335 4885; x_wconf 82' lang='grc' dir='ltr'>ἐπιτελεῖν</span> <span class='ocrx_word' id='word_1_378' title='bbox 355 4827 465 4903; x_wconf 77' lang='grc' dir='ltr'>μηδενός</span> <span class='ocrx_word' id='word_1_379' title='bbox 482 4826 560 4895; x_wconf 86' lang='grc' dir='ltr'>όντας</span> <span class='ocrx_word' id='word_1_380' title='bbox 586 4829 637 4884; x_wconf 86' lang='grc' dir='ltr'>τῶν</span> <span class='ocrx_word' id='word_1_381' title='bbox 657 4825 802 4904; x_wconf 88' lang='grc' dir='ltr'>γεγονότων</span> <span class='ocrx_word' id='word_1_382' title='bbox 821 4827 886 4884; x_wconf 78' lang='lat' dir='ltr'>baro·</span> 
     </span>
     <span class='ocr_line' id='line_1_51' title="bbox 52 4909 883 4990; baseline -0.001 -18"><span class='ocrx_word' id='word_1_383' title='bbox 52 4947 80 4985; x_wconf 62' lang='lat' dir='ltr'>pp</span> <span class='ocrx_word' id='word_1_384' title='bbox 108 4914 210 4986; x_wconf 91' lang='grc' dir='ltr'>δίκους,</span> <span class='ocrx_word' id='word_1_385' title='bbox 237 4909 307 4983; x_wconf 74' lang='grc' dir='ltr'>πλὴν</span> <span class='ocrx_word' id='word_1_386' title='bbox 334 4918 385 4972; x_wconf 87' lang='grc' dir='ltr'>τῶν</span> <span class='ocrx_word' id='word_1_387' title='bbox 412 4915 502 4974; x_wconf 77' lang='grc' dir='ltr'>αἰτίων</span> <span class='ocrx_word' id='word_1_388' title='bbox 525 4919 573 4986; x_wconf 74' lang='grc' dir='ltr'>τῆς</span> <span class='ocrx_word' id='word_1_389' title='bbox 591 4913 763 4980; x_wconf 82' lang='grc' dir='ltr'>ἀποστάσεως</span> <span class='ocrx_word' id='word_1_390' title='bbox 786 4912 883 4990; x_wconf 90' lang='grc' dir='ltr'>μόνων·</span> 
     </span>
     <span class='ocr_line' id='line_1_52' title="bbox 106 4999 883 5082; baseline -0.004 -19"><span class='ocrx_word' id='word_1_391' title='bbox 106 5003 206 5068; x_wconf 89' lang='grc' dir='ltr'>τούτοις</span> <span class='ocrx_word' id='word_1_392' title='bbox 228 4999 256 5058; x_wconf 74' lang='grc' dir='ltr'>δέ</span> <span class='ocrx_word' id='word_1_393' title='bbox 270 5005 421 5078; x_wconf 87' lang='grc' dir='ltr'>προσθεῖναι</span> <span class='ocrx_word' id='word_1_394' title='bbox 442 5003 515 5070; x_wconf 90' lang='grc' dir='ltr'>δίκας</span> <span class='ocrx_word' id='word_1_395' title='bbox 528 5001 589 5069; x_wconf 84' lang='grc' dir='ltr'>τοθς</span> <span class='ocrx_word' id='word_1_396' title='bbox 603 5001 776 5082; x_wconf 84' lang='grc' dir='ltr'>στρατηγούς.</span> <span class='ocrx_word' id='word_1_397' title='bbox 819 5001 883 5061; x_wconf 74' lang='grc' dir='ltr'>Ἐάν</span> 
     </span>
     <span class='ocr_line' id='line_1_53' title="bbox 105 5091 883 5169; baseline -0.005 -17"><span class='ocrx_word' id='word_1_398' title='bbox 105 5095 132 5153; x_wconf 82' lang='grc' dir='ltr'>δὲ</span> <span class='ocrx_word' id='word_1_399' title='bbox 155 5091 193 5169; x_wconf 77' lang='grc' dir='ltr'>μὴ</span> <span class='ocrx_word' id='word_1_400' title='bbox 212 5091 307 5148; x_wconf 84' lang='grc' dir='ltr'>ποιῶσι</span> <span class='ocrx_word' id='word_1_401' title='bbox 321 5092 419 5161; x_wconf 79' lang='grc' dir='ltr'>ταῦτα,</span> <span class='ocrx_word' id='word_1_402' title='bbox 436 5091 566 5167; x_wconf 86' lang='grc' dir='ltr'>βουλεύειν</span> <span class='ocrx_word' id='word_1_403' title='bbox 589 5091 651 5168; x_wconf 84' lang='grc' dir='ltr'>περὶ</span> <span class='ocrx_word' id='word_1_404' title='bbox 671 5092 757 5151; x_wconf 79' lang='grc' dir='ltr'>αὐτῶν</span> <span class='ocrx_word' id='word_1_405' title='bbox 767 5091 797 5150; x_wconf 81' lang='grc' dir='ltr'>τό</span> <span class='ocrx_word' id='word_1_406' title='bbox 810 5091 883 5149; x_wconf 91' lang='grc' dir='ltr'>συνέ-</span> 
     </span>
     <span class='ocr_line' id='line_1_54' title="bbox 104 5175 883 5263; baseline -0.009 -20"><span class='ocrx_word' id='word_1_407' title='bbox 104 5185 173 5263; x_wconf 80' lang='grc' dir='ltr'>δριον</span> <span class='ocrx_word' id='word_1_408' title='bbox 189 5184 224 5247; x_wconf 86' lang='grc' dir='ltr'>ῶς</span> <span class='ocrx_word' id='word_1_409' title='bbox 240 5175 429 5237; x_wconf 81' lang='grc' dir='ltr'>ἐκλελοιπότων</span> <span class='ocrx_word' id='word_1_410' title='bbox 449 5177 497 5249; x_wconf 72' lang='grc' dir='ltr'>τὴν</span> <span class='ocrx_word' id='word_1_411' title='bbox 513 5177 603 5252; x_wconf 88' lang='grc' dir='ltr'>τάξιν,</span> <span class='ocrx_word' id='word_1_412' title='bbox 623 5177 664 5259; x_wconf 79' lang='grc' dir='ltr'>ἀρ’</span> <span class='ocrx_word' id='word_1_413' title='bbox 679 5178 711 5252; x_wconf 65' lang='grc' dir='ltr'>ἢν</span> <span class='ocrx_word' id='word_1_414' title='bbox 732 5179 883 5258; x_wconf 75' lang='grc' dir='ltr'>ἐτάχθησαν</span> 
     </span>
    </p>
   </div>
   <div class='ocr_carea' id='block_1_3' title="bbox 103 5265 881 5348">
    <p class='ocr_par' dir='ltr' id='par_1_7' title="bbox 103 5265 881 5348">
     <span class='ocr_line' id='line_1_55' title="bbox 103 5265 881 5348; baseline -0.009 -13"><span class='ocrx_word' id='word_1_415' title='bbox 103 5273 155 5334; x_wconf 71' lang='lat' dir='ltr'>tat</span> <span class='ocrx_word' id='word_1_416' title='bbox 168 5274 220 5329; x_wconf 89' lang='grc' dir='ltr'>τῶν</span> <span class='ocrx_word' id='word_1_417' title='bbox 237 5265 391 5345; x_wconf 74' lang='grc' dir='ltr'>ἡγεμόνων,</span> <span class='ocrx_word' id='word_1_418' title='bbox 414 5265 532 5347; x_wconf 80' lang='grc' dir='ltr'>καὶπερὶ</span> <span class='ocrx_word' id='word_1_419' title='bbox 551 5267 597 5326; x_wconf 88' lang='grc' dir='ltr'>τδν</span> <span class='ocrx_word' id='word_1_420' title='bbox 616 5267 805 5348; x_wconf 83' lang='grc' dir='ltr'>στρατιωτικὸν</span> <span class='ocrx_word' id='word_1_421' title='bbox 817 5270 881 5341; x_wconf 85' lang='grc' dir='ltr'>ἠσε-</span> 
     </span>
    </p>
   </div>
   <div class='ocr_carea' id='block_1_4' title="bbox 196 5402 309 5441">
    <p class='ocr_par' dir='ltr' id='par_1_8' title="bbox 196 5402 309 5441">
     <span class='ocr_line' id='line_1_56' title="bbox 196 5402 309 5441; baseline 0.009 -2"><span class='ocrx_word' id='word_1_422' title='bbox 196 5402 309 5441; x_wconf 74' lang='grc' dir='ltr'>ὓίθῖίῖθίί.</span> 
     </span>
    </p>
   </div>
   <div class='ocr_carea' id='block_1_5' title="bbox 1675 449 1735 509">
    <p class='ocr_par' dir='ltr' id='par_1_9' title="bbox 1675 449 1735 509">
     <span class='ocr_line' id='line_1_57' title="bbox 1675 449 1735 509; baseline 0.033 -3"><span class='ocrx_word' id='word_1_423' title='bbox 1675 449 1735 509; x_wconf 75' lang='grc' dir='ltr'>θῖδ</span> 
     </span>
    </p>
   </div>
   <div class='ocr_carea' id='block_1_6' title="bbox 957 593 1736 754">
    <p class='ocr_par' dir='ltr' id='par_1_10' title="bbox 957 593 1736 754">
     <span class='ocr_line' id='line_1_58' title="bbox 957 593 1736 661; baseline 0.001 -16"><span class='ocrx_word' id='word_1_424' title='bbox 957 593 1205 659; x_wconf 80' lang='lat' dir='ltr'>bant,quianul1am</span> <span class='ocrx_word' id='word_1_425' title='bbox 1224 596 1339 661; x_wconf 75' lang='lat' dir='ltr'>iniuriam</span> <span class='ocrx_word' id='word_1_426' title='bbox 1353 595 1484 647; x_wconf 85' lang='lat' dir='ltr'>iaciebant.</span> <span class='ocrx_word' id='word_1_427' title='bbox 1525 594 1632 645; x_wconf 77' lang='lat' dir='ltr'><strong>Profecti</strong></span> <span class='ocrx_word' id='word_1_428' title='bbox 1653 599 1736 646; x_wconf 88' lang='lat' dir='ltr'>autem</span> 
     </span>
     <span class='ocr_line' id='line_1_59' title="bbox 957 689 1734 754; baseline 0.005 -17"><span class='ocrx_word' id='word_1_429' title='bbox 957 689 981 740; x_wconf 91' lang='lat' dir='ltr'>in</span> <span class='ocrx_word' id='word_1_430' title='bbox 993 704 1051 741; x_wconf 89' lang='lat' dir='ltr'>eum</span> <span class='ocrx_word' id='word_1_431' title='bbox 1061 690 1163 750; x_wconf 85' lang='lat' dir='ltr'>collem,</span> <span class='ocrx_word' id='word_1_432' title='bbox 1178 692 1221 754; x_wconf 85' lang='lat' dir='ltr'>qul</span> <span class='ocrx_word' id='word_1_433' title='bbox 1242 693 1379 742; x_wconf 77' lang='lat' dir='ltr'>Arentinus</span> <span class='ocrx_word' id='word_1_434' title='bbox 1389 695 1496 742; x_wconf 84' lang='lat' dir='ltr'>vocatur</span> <span class='ocrx_word' id='word_1_435' title='bbox 1509 690 1566 752; x_wconf 84' lang='lat' dir='ltr'>(est</span> <span class='ocrx_word' id='word_1_436' title='bbox 1584 692 1666 740; x_wconf 87' lang='lat' dir='ltr'>autem</span> <span class='ocrx_word' id='word_1_437' title='bbox 1679 705 1734 741; x_wconf 92' lang='lat' dir='ltr'>om-</span> 
     </span>
    </p>
   </div>
   <div class='ocr_carea' id='block_1_7' title="bbox 956 788 1736 859">
    <p class='ocr_par' dir='ltr' id='par_1_11' title="bbox 956 788 1736 859">
     <span class='ocr_line' id='line_1_60' title="bbox 956 788 1736 859; baseline 0.01 -20"><span class='ocrx_word' id='word_1_438' title='bbox 956 788 1024 840; x_wconf 90' lang='lat' dir='ltr'>nium</span> <span class='ocrx_word' id='word_1_439' title='bbox 1038 793 1147 854; x_wconf 86' lang='lat' dir='ltr'>collium,</span> <span class='ocrx_word' id='word_1_440' title='bbox 1161 795 1205 858; x_wconf 88' lang='lat' dir='ltr'>qui</span> <span class='ocrx_word' id='word_1_441' title='bbox 1218 795 1334 846; x_wconf 83' lang='lat' dir='ltr'>Romanis</span> <span class='ocrx_word' id='word_1_442' title='bbox 1354 796 1433 846; x_wconf 90' lang='lat' dir='ltr'>muris</span> <span class='ocrx_word' id='word_1_443' title='bbox 1447 796 1588 859; x_wconf 81' lang='lat' dir='ltr'>cinguntur,</span> <span class='ocrx_word' id='word_1_444' title='bbox 1611 796 1643 847; x_wconf 85' lang='lat' dir='ltr'>ad</span> <span class='ocrx_word' id='word_1_445' title='bbox 1653 800 1736 848; x_wconf 83' lang='lat' dir='ltr'>eastra</span> 
     </span>
    </p>
   </div>
   <div class='ocr_carea' id='block_1_8' title="bbox 955 894 1737 1334">
    <p class='ocr_par' dir='ltr' id='par_1_12' title="bbox 955 894 1737 1334">
     <span class='ocr_line' id='line_1_61' title="bbox 955 894 1737 963; baseline 0.01 -21"><span class='ocrx_word' id='word_1_446' title='bbox 955 894 1067 956; x_wconf 86' lang='lat' dir='ltr'>ponenda</span> <span class='ocrx_word' id='word_1_447' title='bbox 1080 896 1186 948; x_wconf 81' lang='lat' dir='ltr'>maxime</span> <span class='ocrx_word' id='word_1_448' title='bbox 1204 902 1291 962; x_wconf 89' lang='lat' dir='ltr'>aptus)</span> <span class='ocrx_word' id='word_1_449' title='bbox 1306 901 1388 949; x_wconf 87' lang='lat' dir='ltr'>castra</span> <span class='ocrx_word' id='word_1_450' title='bbox 1399 898 1431 949; x_wconf 91' lang='lat' dir='ltr'>ad</span> <span class='ocrx_word' id='word_1_451' title='bbox 1452 898 1531 950; x_wconf 88' lang='lat' dir='ltr'>aedem</span> <span class='ocrx_word' id='word_1_452' title='bbox 1550 900 1635 950; x_wconf 76' lang='lat' dir='ltr'>Diana</span> <span class='ocrx_word' id='word_1_453' title='bbox 1652 913 1737 963; x_wconf 87' lang='lat' dir='ltr'>posue·</span> 
     </span>
     <span class='ocr_line' id='line_1_62' title="bbox 956 994 1737 1062; baseline 0.009 -22"><span class='ocrx_word' id='word_1_454' title='bbox 956 996 1022 1041; x_wconf 91' lang='lat' dir='ltr'>runt.</span> <span class='ocrx_word' id='word_1_455' title='bbox 1056 994 1178 1045; x_wconf 73' lang='lat' dir='ltr'><strong>Postridie</strong></span> <span class='ocrx_word' id='word_1_456' title='bbox 1189 1009 1257 1056; x_wconf 84' lang='lat' dir='ltr'>vero,</span> <span class='ocrx_word' id='word_1_457' title='bbox 1279 997 1375 1048; x_wconf 89' lang='lat' dir='ltr'>munito</span> <span class='ocrx_word' id='word_1_458' title='bbox 1388 997 1464 1060; x_wconf 87' lang='lat' dir='ltr'>rallo,</span> <span class='ocrx_word' id='word_1_459' title='bbox 1478 998 1615 1062; x_wconf 78' lang='lat' dir='ltr'><strong>decemque</strong></span> <span class='ocrx_word' id='word_1_460' title='bbox 1631 996 1737 1047; x_wconf 88' lang='lat' dir='ltr'>tribunis</span> 
     </span>
     <span class='ocr_line' id='line_1_63' title="bbox 956 1085 1736 1155; baseline 0.008 -21"><span class='ocrx_word' id='word_1_461' title='bbox 956 1085 1063 1136; x_wconf 89' lang='lat' dir='ltr'>militum</span> <span class='ocrx_word' id='word_1_462' title='bbox 1073 1089 1173 1150; x_wconf 83' lang='lat' dir='ltr'>arentis,</span> <span class='ocrx_word' id='word_1_463' title='bbox 1189 1090 1233 1153; x_wconf 89' lang='lat' dir='ltr'>qui</span> <span class='ocrx_word' id='word_1_464' title='bbox 1247 1104 1351 1140; x_wconf 76' lang='lat' dir='ltr'>summu</span> <span class='ocrx_word' id='word_1_465' title='bbox 1371 1103 1453 1140; x_wconf 88' lang='lat' dir='ltr'>rerum</span> <span class='ocrx_word' id='word_1_466' title='bbox 1470 1095 1614 1155; x_wconf 69' lang='lat' dir='ltr'>preessent,</span> <span class='ocrx_word' id='word_1_467' title='bbox 1628 1104 1736 1154; x_wconf 89' lang='lat' dir='ltr'>quorum</span> 
     </span>
     <span class='ocr_line' id='line_1_64' title="bbox 956 1186 1736 1255; baseline 0.008 -22"><span class='ocrx_word' id='word_1_468' title='bbox 956 1186 1069 1250; x_wconf 86' lang='lat' dir='ltr'>princeps</span> <span class='ocrx_word' id='word_1_469' title='bbox 1079 1191 1132 1238; x_wconf 86' lang='lat' dir='ltr'>erat</span> <span class='ocrx_word' id='word_1_470' title='bbox 1145 1191 1244 1239; x_wconf 83' lang='lat' dir='ltr'>Marcus</span> <span class='ocrx_word' id='word_1_471' title='bbox 1259 1189 1368 1254; x_wconf 90' lang='lat' dir='ltr'>Oppius,</span> <span class='ocrx_word' id='word_1_472' title='bbox 1381 1189 1406 1240; x_wconf 89' lang='lat' dir='ltr'>in</span> <span class='ocrx_word' id='word_1_473' title='bbox 1424 1190 1512 1242; x_wconf 88' lang='lat' dir='ltr'>castris</span> <span class='ocrx_word' id='word_1_474' title='bbox 1525 1192 1609 1255; x_wconf 84' lang='lat' dir='ltr'>quiete</span> <span class='ocrx_word' id='word_1_475' title='bbox 1620 1205 1648 1242; x_wconf 92' lang='lat' dir='ltr'>se</span> <span class='ocrx_word' id='word_1_476' title='bbox 1659 1189 1736 1241; x_wconf 89' lang='lat' dir='ltr'>conti-</span> 
     </span>
     <span class='ocr_line' id='line_1_65' title="bbox 955 1286 1071 1334; baseline 0 0"><span class='ocrx_word' id='word_1_477' title='bbox 955 1286 1071 1334; x_wconf 89' lang='lat' dir='ltr'>nuerunt.</span> 
     </span>
    </p>
   </div>
   <div class='ocr_carea' id='block_1_9' title="bbox 952 1461 1735 2785">
    <p class='ocr_par' dir='ltr' id='par_1_13' title="bbox 952 1461 1735 2785">
     <span class='ocr_line' id='line_1_66' title="bbox 986 1461 1733 1530; baseline 0.009 -19"><span class='ocrx_word' id='word_1_478' title='bbox 986 1463 1071 1512; x_wconf 82' lang='lat' dir='ltr'>xt1v.</span> <span class='ocrx_word' id='word_1_479' title='bbox 1086 1462 1136 1514; x_wconf 84' lang='lat' dir='ltr'>Neo</span> <span class='ocrx_word' id='word_1_480' title='bbox 1146 1463 1225 1515; x_wconf 88' lang='lat' dir='ltr'>mutto</span> <span class='ocrx_word' id='word_1_481' title='bbox 1238 1468 1290 1529; x_wconf 89' lang='lat' dir='ltr'>post</span> <span class='ocrx_word' id='word_1_482' title='bbox 1308 1465 1400 1517; x_wconf 82' lang='lat' dir='ltr'>auxilio</span> <span class='ocrx_word' id='word_1_483' title='bbox 1421 1467 1481 1530; x_wconf 86' lang='lat' dir='ltr'>ipsis</span> <span class='ocrx_word' id='word_1_484' title='bbox 1496 1470 1615 1518; x_wconf 81' lang='lat' dir='ltr'>venerunt</span> <span class='ocrx_word' id='word_1_485' title='bbox 1627 1461 1658 1518; x_wconf 83' lang='lat' dir='ltr'>ex</span> <span class='ocrx_word' id='word_1_486' title='bbox 1676 1480 1733 1518; x_wconf 85' lang='lat' dir='ltr'>cns·</span> 
     </span>
     <span class='ocr_line' id='line_1_67' title="bbox 954 1559 1734 1628; baseline 0.009 -18"><span class='ocrx_word' id='word_1_487' title='bbox 954 1559 1015 1620; x_wconf 88' lang='lat' dir='ltr'>tris,</span> <span class='ocrx_word' id='word_1_488' title='bbox 1028 1573 1086 1623; x_wconf 79' lang='lat' dir='ltr'>quas</span> <span class='ocrx_word' id='word_1_489' title='bbox 1112 1559 1211 1612; x_wconf 78' lang='lat' dir='ltr'>Fidenis</span> <span class='ocrx_word' id='word_1_490' title='bbox 1233 1565 1316 1624; x_wconf 88' lang='lat' dir='ltr'>erant,</span> <span class='ocrx_word' id='word_1_491' title='bbox 1333 1563 1530 1628; x_wconf 81' lang='lat' dir='ltr'>praestantissimi</span> <span class='ocrx_word' id='word_1_492' title='bbox 1547 1566 1640 1628; x_wconf 85' lang='lat' dir='ltr'>quique</span> <span class='ocrx_word' id='word_1_493' title='bbox 1659 1565 1734 1617; x_wconf 89' lang='lat' dir='ltr'>trium</span> 
     </span>
     <span class='ocr_line' id='line_1_68' title="bbox 954 1652 1735 1724; baseline 0.013 -21"><span class='ocrx_word' id='word_1_494' title='bbox 954 1652 1079 1719; x_wconf 87' lang='lat' dir='ltr'>legionum</span> <span class='ocrx_word' id='word_1_495' title='bbox 1091 1656 1258 1717; x_wconf 72' lang='lat' dir='ltr'>centuriones,</span> <span class='ocrx_word' id='word_1_496' title='bbox 1270 1671 1328 1708; x_wconf 86' lang='lat' dir='ltr'>num</span> <span class='ocrx_word' id='word_1_497' title='bbox 1347 1658 1487 1723; x_wconf 77' lang='lat' dir='ltr'>ingentibus</span> <span class='ocrx_word' id='word_1_498' title='bbox 1497 1659 1585 1724; x_wconf 86' lang='lat' dir='ltr'>copiis:</span> <span class='ocrx_word' id='word_1_499' title='bbox 1600 1661 1643 1724; x_wconf 86' lang='lat' dir='ltr'>qui</span> <span class='ocrx_word' id='word_1_500' title='bbox 1657 1675 1735 1724; x_wconf 86' lang='lat' dir='ltr'>quum</span> 
     </span>
     <span class='ocr_line' id='line_1_69' title="bbox 952 1748 1735 1819; baseline 0.009 -19"><span class='ocrx_word' id='word_1_501' title='bbox 952 1748 1101 1812; x_wconf 81' lang='lat' dir='ltr'>iampridem</span> <span class='ocrx_word' id='word_1_502' title='bbox 1111 1750 1193 1801; x_wconf 87' lang='lat' dir='ltr'>animo</span> <span class='ocrx_word' id='word_1_503' title='bbox 1210 1752 1242 1801; x_wconf 88' lang='lat' dir='ltr'>ab</span> <span class='ocrx_word' id='word_1_504' title='bbox 1257 1753 1307 1802; x_wconf 92' lang='lat' dir='ltr'>illis</span> <span class='ocrx_word' id='word_1_505' title='bbox 1319 1753 1425 1804; x_wconf 86' lang='lat' dir='ltr'>ducibus</span> <span class='ocrx_word' id='word_1_506' title='bbox 1440 1755 1520 1806; x_wconf 80' lang='lat' dir='ltr'>alieno</span> <span class='ocrx_word' id='word_1_507' title='bbox 1535 1759 1630 1817; x_wconf 83' lang='lat' dir='ltr'>essent,</span> <span class='ocrx_word' id='word_1_508' title='bbox 1643 1769 1674 1806; x_wconf 83' lang='lat' dir='ltr'>cx</span> <span class='ocrx_word' id='word_1_509' title='bbox 1685 1770 1735 1819; x_wconf 89' lang='lat' dir='ltr'>quo</span> 
     </span>
     <span class='ocr_line' id='line_1_70' title="bbox 954 1847 1735 1914; baseline 0.014 -18"><span class='ocrx_word' id='word_1_510' title='bbox 954 1847 1060 1897; x_wconf 85' lang='lat' dir='ltr'>Siccium</span> <span class='ocrx_word' id='word_1_511' title='bbox 1082 1847 1189 1912; x_wconf 88' lang='lat' dir='ltr'>legatum</span> <span class='ocrx_word' id='word_1_512' title='bbox 1206 1850 1243 1910; x_wconf 90' lang='lat' dir='ltr'>(ut</span> <span class='ocrx_word' id='word_1_513' title='bbox 1262 1848 1329 1910; x_wconf 84' lang='lat' dir='ltr'>dini)</span> <span class='ocrx_word' id='word_1_514' title='bbox 1352 1852 1503 1914; x_wconf 87' lang='lat' dir='ltr'>occiderant,</span> <span class='ocrx_word' id='word_1_515' title='bbox 1528 1868 1573 1904; x_wconf 87' lang='lat' dir='ltr'>nec</span> <span class='ocrx_word' id='word_1_516' title='bbox 1594 1859 1677 1906; x_wconf 88' lang='lat' dir='ltr'>lamen</span> <span class='ocrx_word' id='word_1_517' title='bbox 1689 1856 1735 1906; x_wconf 86' lang='lat' dir='ltr'>de-</span> 
     </span>
     <span class='ocr_line' id='line_1_71' title="bbox 955 1943 1735 2012; baseline 0.015 -19"><span class='ocrx_word' id='word_1_518' title='bbox 955 1943 1066 1994; x_wconf 84' lang='lat' dir='ltr'>iectionis</span> <span class='ocrx_word' id='word_1_519' title='bbox 1088 1944 1185 1994; x_wconf 90' lang='lat' dir='ltr'>initium</span> <span class='ocrx_word' id='word_1_520' title='bbox 1205 1945 1286 1995; x_wconf 79' lang='lat' dir='ltr'>lacere</span> <span class='ocrx_word' id='word_1_521' title='bbox 1313 1946 1444 2008; x_wconf 74' lang='lat' dir='ltr'>auderent,</span> <span class='ocrx_word' id='word_1_522' title='bbox 1464 1949 1532 2012; x_wconf 88' lang='lat' dir='ltr'>quod</span> <span class='ocrx_word' id='word_1_523' title='bbox 1550 1952 1636 2002; x_wconf 80' lang='lat' dir='ltr'>amicas</span> <span class='ocrx_word' id='word_1_524' title='bbox 1652 1958 1735 2004; x_wconf 88' lang='lat' dir='ltr'>essent</span> 
     </span>
     <span class='ocr_line' id='line_1_72' title="bbox 954 2038 1732 2112; baseline 0.018 -24"><span class='ocrx_word' id='word_1_525' title='bbox 954 2038 1102 2091; x_wconf 78' lang='lat' dir='ltr'>decemviris</span> <span class='ocrx_word' id='word_1_526' title='bbox 1115 2041 1225 2105; x_wconf 84' lang='lat' dir='ltr'>quinque</span> <span class='ocrx_word' id='word_1_527' title='bbox 1239 2041 1360 2107; x_wconf 83' lang='lat' dir='ltr'>legiones,</span> <span class='ocrx_word' id='word_1_528' title='bbox 1381 2058 1437 2106; x_wconf 83' lang='lat' dir='ltr'>quac</span> <span class='ocrx_word' id='word_1_529' title='bbox 1448 2046 1472 2095; x_wconf 93' lang='lat' dir='ltr'>in</span> <span class='ocrx_word' id='word_1_530' title='bbox 1483 2047 1569 2112; x_wconf 78' lang='lat' dir='ltr'>Algido</span> <span class='ocrx_word' id='word_1_531' title='bbox 1586 2053 1656 2101; x_wconf 90' lang='lat' dir='ltr'>erant</span> <span class='ocrx_word' id='word_1_532' title='bbox 1665 2054 1732 2110; x_wconf 89' lang='lat' dir='ltr'>tuuc,</span> 
     </span>
     <span class='ocr_line' id='line_1_73' title="bbox 955 2135 1733 2205; baseline 0.012 -17"><span class='ocrx_word' id='word_1_533' title='bbox 955 2136 998 2188; x_wconf 92' lang='lat' dir='ltr'>ubi</span> <span class='ocrx_word' id='word_1_534' title='bbox 1011 2135 1108 2187; x_wconf 89' lang='lat' dir='ltr'>illomrn</span> <span class='ocrx_word' id='word_1_535' title='bbox 1125 2137 1288 2189; x_wconf 87' lang='lat' dir='ltr'>delectionem</span> <span class='ocrx_word' id='word_1_536' title='bbox 1301 2145 1475 2205; x_wconf 86' lang='lat' dir='ltr'>cognorerunt,</span> <span class='ocrx_word' id='word_1_537' title='bbox 1499 2144 1605 2194; x_wconf 81' lang='lat' dir='ltr'>tortuose</span> <span class='ocrx_word' id='word_1_538' title='bbox 1617 2150 1733 2197; x_wconf 84' lang='lat' dir='ltr'>eventum</span> 
     </span>
     <span class='ocr_line' id='line_1_74' title="bbox 954 2233 1734 2308; baseline 0.017 -24"><span class='ocrx_word' id='word_1_539' title='bbox 954 2233 1044 2298; x_wconf 86' lang='lat' dir='ltr'>cupide</span> <span class='ocrx_word' id='word_1_540' title='bbox 1056 2233 1163 2297; x_wconf 77' lang='lat' dir='ltr'>amplexi</span> <span class='ocrx_word' id='word_1_541' title='bbox 1175 2239 1241 2285; x_wconf 90' lang='lat' dir='ltr'>sunt.</span> <span class='ocrx_word' id='word_1_542' title='bbox 1274 2239 1307 2287; x_wconf 80' lang='lat' dir='ltr'>At</span> <span class='ocrx_word' id='word_1_543' title='bbox 1318 2235 1357 2287; x_wconf 84' lang='lat' dir='ltr'>bis</span> <span class='ocrx_word' id='word_1_544' title='bbox 1369 2236 1444 2288; x_wconf 87' lang='lat' dir='ltr'>etiam</span> <span class='ocrx_word' id='word_1_545' title='bbox 1457 2238 1594 2303; x_wconf 79' lang='lat' dir='ltr'>legionibus</span> <span class='ocrx_word' id='word_1_546' title='bbox 1612 2252 1734 2308; x_wconf 88' lang='lat' dir='ltr'>praeerant</span> 
     </span>
     <span class='ocr_line' id='line_1_75' title="bbox 953 2328 1733 2406; baseline 0.019 -28"><span class='ocrx_word' id='word_1_547' title='bbox 953 2329 1041 2379; x_wconf 88' lang='lat' dir='ltr'>decem</span> <span class='ocrx_word' id='word_1_548' title='bbox 1066 2328 1159 2378; x_wconf 90' lang='lat' dir='ltr'>tribuni</span> <span class='ocrx_word' id='word_1_549' title='bbox 1181 2328 1287 2380; x_wconf 91' lang='lat' dir='ltr'>militum</span> <span class='ocrx_word' id='word_1_550' title='bbox 1308 2330 1333 2380; x_wconf 93' lang='lat' dir='ltr'>in</span> <span class='ocrx_word' id='word_1_551' title='bbox 1363 2331 1448 2383; x_wconf 89' lang='lat' dir='ltr'>itincre</span> <span class='ocrx_word' id='word_1_552' title='bbox 1472 2335 1565 2394; x_wconf 88' lang='lat' dir='ltr'>creati,</span> <span class='ocrx_word' id='word_1_553' title='bbox 1587 2336 1652 2389; x_wconf 90' lang='lat' dir='ltr'>inter</span> <span class='ocrx_word' id='word_1_554' title='bbox 1668 2354 1733 2406; x_wconf 88' lang='lat' dir='ltr'>quos</span> 
     </span>
     <span class='ocr_line' id='line_1_76' title="bbox 954 2424 1734 2499; baseline 0.017 -23"><span class='ocrx_word' id='word_1_555' title='bbox 954 2424 1060 2476; x_wconf 81' lang='lat' dir='ltr'>maxime</span> <span class='ocrx_word' id='word_1_556' title='bbox 1073 2424 1178 2475; x_wconf 89' lang='lat' dir='ltr'>illustris</span> <span class='ocrx_word' id='word_1_557' title='bbox 1192 2429 1245 2475; x_wconf 89' lang='lat' dir='ltr'>erat</span> <span class='ocrx_word' id='word_1_558' title='bbox 1266 2429 1356 2477; x_wconf 79' lang='lat' dir='ltr'>Sextus</span> <span class='ocrx_word' id='word_1_559' title='bbox 1376 2429 1492 2479; x_wconf 76' lang='lat' dir='ltr'>Manlius.</span> <span class='ocrx_word' id='word_1_560' title='bbox 1527 2431 1568 2490; x_wconf 88' lang='lat' dir='ltr'>lli,</span> <span class='ocrx_word' id='word_1_561' title='bbox 1594 2434 1734 2499; x_wconf 77' lang='lat' dir='ltr'>mutuastis</span> 
     </span>
     <span class='ocr_line' id='line_1_77' title="bbox 954 2520 1734 2590; baseline 0.015 -19"><span class='ocrx_word' id='word_1_562' title='bbox 954 2522 1084 2587; x_wconf 86' lang='lat' dir='ltr'>utriusque</span> <span class='ocrx_word' id='word_1_563' title='bbox 1103 2520 1189 2584; x_wconf 87' lang='lat' dir='ltr'>copiis,</span> <span class='ocrx_word' id='word_1_564' title='bbox 1215 2522 1353 2587; x_wconf 82' lang='lat' dir='ltr'>castrisque</span> <span class='ocrx_word' id='word_1_565' title='bbox 1382 2524 1485 2589; x_wconf 90' lang='lat' dir='ltr'>positis,</span> <span class='ocrx_word' id='word_1_566' title='bbox 1512 2525 1598 2590; x_wconf 79' lang='lat' dir='ltr'>viginti</span> <span class='ocrx_word' id='word_1_567' title='bbox 1626 2530 1734 2583; x_wconf 85' lang='lat' dir='ltr'>tribunis</span> 
     </span>
     <span class='ocr_line' id='line_1_78' title="bbox 952 2617 1730 2691; baseline 0.015 -24"><span class='ocrx_word' id='word_1_568' title='bbox 952 2617 1059 2668; x_wconf 89' lang='lat' dir='ltr'>militnm</span> <span class='ocrx_word' id='word_1_569' title='bbox 1078 2617 1202 2682; x_wconf 84' lang='lat' dir='ltr'>negotium</span> <span class='ocrx_word' id='word_1_570' title='bbox 1217 2617 1338 2670; x_wconf 86' lang='lat' dir='ltr'>dederunt</span> <span class='ocrx_word' id='word_1_571' title='bbox 1350 2624 1386 2681; x_wconf 90' lang='lat' dir='ltr'>ut,</span> <span class='ocrx_word' id='word_1_572' title='bbox 1400 2621 1522 2686; x_wconf 84' lang='lat' dir='ltr'>quidquid</span> <span class='ocrx_word' id='word_1_573' title='bbox 1538 2627 1605 2674; x_wconf 81' lang='lat' dir='ltr'>esset</span> <span class='ocrx_word' id='word_1_574' title='bbox 1626 2641 1640 2675; x_wconf 90' lang='lat' dir='ltr'>e</span> <span class='ocrx_word' id='word_1_575' title='bbox 1654 2641 1730 2691; x_wconf 85' lang='lat' dir='ltr'>repu-</span> 
     </span>
     <span class='ocr_line' id='line_1_79' title="bbox 953 2716 1732 2785; baseline 0.008 -16"><span class='ocrx_word' id='word_1_576' title='bbox 953 2718 1016 2769; x_wconf 91' lang='lat' dir='ltr'>blica</span> <span class='ocrx_word' id='word_1_577' title='bbox 1030 2716 1140 2767; x_wconf 84' lang='lat' dir='ltr'>dicerent</span> <span class='ocrx_word' id='word_1_578' title='bbox 1152 2722 1178 2768; x_wconf 90' lang='lat' dir='ltr'>et</span> <span class='ocrx_word' id='word_1_579' title='bbox 1200 2719 1317 2770; x_wconf 87' lang='lat' dir='ltr'>tacerent.</span> <span class='ocrx_word' id='word_1_580' title='bbox 1340 2723 1377 2770; x_wconf 78' lang='lat' dir='ltr'>Ex</span> <span class='ocrx_word' id='word_1_581' title='bbox 1393 2721 1442 2771; x_wconf 90' lang='lat' dir='ltr'>illis</span> <span class='ocrx_word' id='word_1_582' title='bbox 1456 2726 1540 2771; x_wconf 88' lang='lat' dir='ltr'>autem</span> <span class='ocrx_word' id='word_1_583' title='bbox 1560 2722 1646 2785; x_wconf 80' lang='lat' dir='ltr'>viginti</span> <span class='ocrx_word' id='word_1_584' title='bbox 1668 2724 1732 2775; x_wconf 89' lang='lat' dir='ltr'>duos</span> 
     </span>
    </p>
   </div>
   <div class='ocr_carea' id='block_1_10' title="bbox 951 2817 1837 2889">
    <p class='ocr_par' dir='ltr' id='par_1_14' title="bbox 951 2817 1837 2889">
     <span class='ocr_line' id='line_1_80' title="bbox 951 2817 1837 2889; baseline 0.006 -21"><span class='ocrx_word' id='word_1_585' title='bbox 951 2817 1059 2868; x_wconf 87' lang='lat' dir='ltr'>maxirne</span> <span class='ocrx_word' id='word_1_586' title='bbox 1081 2817 1189 2867; x_wconf 88' lang='lat' dir='ltr'>illustres</span> <span class='ocrx_word' id='word_1_587' title='bbox 1214 2819 1309 2868; x_wconf 89' lang='lat' dir='ltr'>consilii</span> <span class='ocrx_word' id='word_1_588' title='bbox 1334 2820 1459 2884; x_wconf 84' lang='lat' dir='ltr'>principes</span> <span class='ocrx_word' id='word_1_589' title='bbox 1480 2823 1605 2880; x_wconf 86' lang='lat' dir='ltr'>crearunt,</span> <span class='ocrx_word' id='word_1_590' title='bbox 1629 2825 1663 2873; x_wconf 86' lang='grc' dir='ltr'>Μ.</span> <span class='ocrx_word' id='word_1_591' title='bbox 1679 2829 1731 2889; x_wconf 87' lang='lat' dir='ltr'>0p-</span> <span class='ocrx_word' id='word_1_592' title='bbox 1834 2846 1837 2851; x_wconf 40' lang='lat'><em>¹</em></span> 
     </span>
    </p>
   </div>
   <div class='ocr_carea' id='block_1_11' title="bbox 951 2916 1730 2984">
    <p class='ocr_par' dir='ltr' id='par_1_15' title="bbox 951 2916 1730 2984">
     <span class='ocr_line' id='line_1_81' title="bbox 951 2916 1730 2984; baseline 0.01 -16"><span class='ocrx_word' id='word_1_593' title='bbox 951 2917 1018 2984; x_wconf 91' lang='lat' dir='ltr'>pium</span> <span class='ocrx_word' id='word_1_594' title='bbox 1030 2919 1056 2966; x_wconf 90' lang='lat' dir='ltr'>et</span> <span class='ocrx_word' id='word_1_595' title='bbox 1069 2917 1171 2965; x_wconf 83' lang='lat' dir='ltr'>Sextmn</span> <span class='ocrx_word' id='word_1_596' title='bbox 1183 2916 1310 2967; x_wconf 83' lang='lat' dir='ltr'>Martium.</span> <span class='ocrx_word' id='word_1_597' title='bbox 1328 2920 1381 2980; x_wconf 87' lang='lat' dir='ltr'>isti,</span> <span class='ocrx_word' id='word_1_598' title='bbox 1397 2933 1428 2970; x_wconf 86' lang='lat' dir='ltr'>ex</span> <span class='ocrx_word' id='word_1_599' title='bbox 1446 2921 1562 2971; x_wconf 90' lang='lat' dir='ltr'>omnibus</span> <span class='ocrx_word' id='word_1_600' title='bbox 1576 2925 1730 2976; x_wconf 85' lang='lat' dir='ltr'>centurioni-</span> 
     </span>
    </p>
   </div>
   <div class='ocr_carea' id='block_1_12' title="bbox 951 3015 1730 3183">
    <p class='ocr_par' dir='ltr' id='par_1_16' title="bbox 951 3015 1730 3183">
     <span class='ocr_line' id='line_1_82' title="bbox 951 3015 1730 3079; baseline 0.017 -14"><span class='ocrx_word' id='word_1_601' title='bbox 951 3019 998 3070; x_wconf 88' lang='lat' dir='ltr'>bus</span> <span class='ocrx_word' id='word_1_602' title='bbox 1018 3015 1121 3066; x_wconf 87' lang='lat' dir='ltr'>consilio</span> <span class='ocrx_word' id='word_1_603' title='bbox 1141 3016 1291 3079; x_wconf 86' lang='lat' dir='ltr'>constituto,</span> <span class='ocrx_word' id='word_1_604' title='bbox 1311 3031 1351 3068; x_wconf 88' lang='lat' dir='ltr'>res</span> <span class='ocrx_word' id='word_1_605' title='bbox 1379 3033 1466 3071; x_wconf 89' lang='lat' dir='ltr'>onmes</span> <span class='ocrx_word' id='word_1_606' title='bbox 1488 3021 1587 3073; x_wconf 81' lang='lat' dir='ltr'>assidue</span> <span class='ocrx_word' id='word_1_607' title='bbox 1608 3027 1730 3078; x_wconf 88' lang='lat' dir='ltr'>cumillis</span> 
     </span>
     <span class='ocr_line' id='line_1_83' title="bbox 951 3112 1729 3183; baseline 0.012 -20"><span class='ocrx_word' id='word_1_608' title='bbox 951 3113 1063 3180; x_wconf 86' lang='lat' dir='ltr'>agebant.</span> <span class='ocrx_word' id='word_1_609' title='bbox 1082 3115 1165 3170; x_wconf 84' lang='lat' dir='ltr'>Quum</span> <span class='ocrx_word' id='word_1_610' title='bbox 1180 3114 1264 3163; x_wconf 85' lang='lat' dir='ltr'>autem</span> <span class='ocrx_word' id='word_1_611' title='bbox 1279 3112 1360 3164; x_wconf 87' lang='lat' dir='ltr'>adhuc</span> <span class='ocrx_word' id='word_1_612' title='bbox 1376 3115 1447 3179; x_wconf 86' lang='lat' dir='ltr'>plebs</span> <span class='ocrx_word' id='word_1_613' title='bbox 1459 3116 1597 3181; x_wconf 80' lang='lat' dir='ltr'>ignoraret,</span> <span class='ocrx_word' id='word_1_614' title='bbox 1615 3133 1729 3183; x_wconf 73' lang='lat' dir='ltr'>quanam</span> 
     </span>
    </p>
   </div>
   <div class='ocr_carea' id='block_1_13' title="bbox 949 3217 1831 3297">
    <p class='ocr_par' dir='ltr' id='par_1_17' title="bbox 949 3217 1831 3297">
     <span class='ocr_line' id='line_1_84' title="bbox 949 3217 1831 3297; baseline -0.003 -24"><span class='ocrx_word' id='word_1_615' title='bbox 949 3222 1016 3273; x_wconf 79' lang='lat' dir='ltr'>esset</span> <span class='ocrx_word' id='word_1_616' title='bbox 1037 3235 1123 3273; x_wconf 85' lang='lat' dir='ltr'>eorum</span> <span class='ocrx_word' id='word_1_617' title='bbox 1136 3235 1217 3280; x_wconf 90' lang='lat' dir='ltr'>mens,</span> <span class='ocrx_word' id='word_1_618' title='bbox 1233 3218 1334 3285; x_wconf 80' lang='lat' dir='ltr'>Appius,</span> <span class='ocrx_word' id='word_1_619' title='bbox 1353 3219 1444 3284; x_wconf 87' lang='lat' dir='ltr'>qnippe</span> <span class='ocrx_word' id='word_1_620' title='bbox 1465 3217 1530 3282; x_wconf 88' lang='lat' dir='ltr'>quod</span> <span class='ocrx_word' id='word_1_621' title='bbox 1549 3220 1663 3271; x_wconf 88' lang='lat' dir='ltr'>conscius</span> <span class='ocrx_word' id='word_1_622' title='bbox 1681 3220 1728 3271; x_wconf 89' lang='lat' dir='ltr'>sibi</span> <span class='ocrx_word' id='word_1_623' title='bbox 1828 3290 1831 3297; x_wconf 30' lang='grc' dir='ltr'>Ι</span> 
     </span>
    </p>
   </div>
   <div class='ocr_carea' id='block_1_14' title="bbox 946 3321 1728 3875">
    <p class='ocr_par' dir='ltr' id='par_1_18' title="bbox 946 3321 1728 3875">
     <span class='ocr_line' id='line_1_85' title="bbox 948 3321 1728 3389; baseline 0 -15"><span class='ocrx_word' id='word_1_624' title='bbox 948 3324 1024 3385; x_wconf 87' lang='lat' dir='ltr'>esset,</span> <span class='ocrx_word' id='word_1_625' title='bbox 1037 3337 1065 3376; x_wconf 89' lang='lat' dir='ltr'>se</span> <span class='ocrx_word' id='word_1_626' title='bbox 1075 3324 1205 3389; x_wconf 69' lang='lat' dir='ltr'>presentis</span> <span class='ocrx_word' id='word_1_627' title='bbox 1220 3323 1350 3383; x_wconf 85' lang='lat' dir='ltr'>tmnultus,</span> <span class='ocrx_word' id='word_1_628' title='bbox 1369 3321 1540 3380; x_wconf 88' lang='lat' dir='ltr'>etmalorum,</span> <span class='ocrx_word' id='word_1_629' title='bbox 1554 3334 1610 3384; x_wconf 77' lang='lat' dir='ltr'>qum</span> <span class='ocrx_word' id='word_1_630' title='bbox 1624 3321 1728 3374; x_wconf 81' lang='lat' dir='ltr'>obsum</span> 
     </span>
     <span class='ocr_line' id='line_1_86' title="bbox 948 3418 1728 3487; baseline -0.001 -14"><span class='ocrx_word' id='word_1_631' title='bbox 948 3423 1163 3487; x_wconf 82' lang='lat' dir='ltr'>exspectabantur,</span> <span class='ocrx_word' id='word_1_632' title='bbox 1177 3426 1303 3472; x_wconf 85' lang='lat' dir='ltr'>auctorem</span> <span class='ocrx_word' id='word_1_633' title='bbox 1318 3419 1407 3479; x_wconf 86' lang='lat' dir='ltr'>tuisse,</span> <span class='ocrx_word' id='word_1_634' title='bbox 1423 3419 1490 3469; x_wconf 90' lang='lat' dir='ltr'>nullo</span> <span class='ocrx_word' id='word_1_635' title='bbox 1500 3418 1574 3469; x_wconf 78' lang='lat' dir='ltr'>inodo</span> <span class='ocrx_word' id='word_1_636' title='bbox 1583 3420 1688 3483; x_wconf 89' lang='lat' dir='ltr'>amplius</span> <span class='ocrx_word' id='word_1_637' title='bbox 1701 3435 1728 3472; x_wconf 88' lang='lat' dir='ltr'>se</span> 
     </span>
     <span class='ocr_line' id='line_1_87' title="bbox 948 3517 1728 3584; baseline 0.001 -15"><span class='ocrx_word' id='word_1_638' title='bbox 948 3519 1087 3584; x_wconf 79' lang='lat' dir='ltr'>reipublicae</span> <span class='ocrx_word' id='word_1_639' title='bbox 1109 3518 1317 3570; x_wconf 83' lang='lat' dir='ltr'>administrationi</span> <span class='ocrx_word' id='word_1_640' title='bbox 1334 3517 1434 3568; x_wconf 82' lang='lat' dir='ltr'>volebat</span> <span class='ocrx_word' id='word_1_641' title='bbox 1459 3517 1612 3576; x_wconf 85' lang='lat' dir='ltr'>immiscere;</span> <span class='ocrx_word' id='word_1_642' title='bbox 1635 3519 1679 3568; x_wconf 90' lang='lat' dir='ltr'>sed</span> <span class='ocrx_word' id='word_1_643' title='bbox 1700 3532 1728 3570; x_wconf 89' lang='lat' dir='ltr'>se</span> 
     </span>
     <span class='ocr_line' id='line_1_88' title="bbox 946 3614 1727 3679; baseline 0.001 -13"><span class='ocrx_word' id='word_1_644' title='bbox 946 3616 1014 3666; x_wconf 93' lang='lat' dir='ltr'>domi</span> <span class='ocrx_word' id='word_1_645' title='bbox 1035 3615 1183 3668; x_wconf 89' lang='lat' dir='ltr'>continebat.</span> <span class='ocrx_word' id='word_1_646' title='bbox 1218 3617 1258 3679; x_wconf 89' lang='lat' dir='ltr'>Sp.</span> <span class='ocrx_word' id='word_1_647' title='bbox 1276 3627 1335 3664; x_wconf 82' lang='lat' dir='ltr'>vero</span> <span class='ocrx_word' id='word_1_648' title='bbox 1359 3614 1467 3677; x_wconf 88' lang='lat' dir='ltr'>Oppius,</span> <span class='ocrx_word' id='word_1_649' title='bbox 1483 3614 1527 3676; x_wconf 88' lang='lat' dir='ltr'>qul</span> <span class='ocrx_word' id='word_1_650' title='bbox 1546 3628 1595 3664; x_wconf 89' lang='lat' dir='ltr'>una</span> <span class='ocrx_word' id='word_1_651' title='bbox 1617 3628 1675 3665; x_wconf 87' lang='lat' dir='ltr'>cum</span> <span class='ocrx_word' id='word_1_652' title='bbox 1697 3629 1727 3667; x_wconf 88' lang='lat' dir='ltr'>eo</span> 
     </span>
     <span class='ocr_line' id='line_1_89' title="bbox 946 3709 1725 3778; baseline -0.001 -14"><span class='ocrx_word' id='word_1_653' title='bbox 946 3713 1001 3764; x_wconf 87' lang='lat' dir='ltr'>urbi</span> <span class='ocrx_word' id='word_1_654' title='bbox 1013 3715 1146 3778; x_wconf 81' lang='lat' dir='ltr'>praelectus</span> <span class='ocrx_word' id='word_1_655' title='bbox 1165 3713 1253 3772; x_wconf 86' lang='lat' dir='ltr'>luerat,</span> <span class='ocrx_word' id='word_1_656' title='bbox 1272 3711 1325 3776; x_wconf 91' lang='lat' dir='ltr'>ipse</span> <span class='ocrx_word' id='word_1_657' title='bbox 1338 3724 1439 3776; x_wconf 84' lang='lat' dir='ltr'>quoque</span> <span class='ocrx_word' id='word_1_658' title='bbox 1458 3709 1579 3774; x_wconf 91' lang='lat' dir='ltr'>principio</span> <span class='ocrx_word' id='word_1_659' title='bbox 1594 3711 1725 3773; x_wconf 87' lang='lat' dir='ltr'>turbatus,</span> 
     </span>
     <span class='ocr_line' id='line_1_90' title="bbox 947 3809 1725 3875; baseline 0.003 -13"><span class='ocrx_word' id='word_1_660' title='bbox 947 3811 1018 3875; x_wconf 85' lang='lat' dir='ltr'>quasi</span> <span class='ocrx_word' id='word_1_661' title='bbox 1039 3811 1170 3862; x_wconf 75' lang='lat' dir='ltr'>confestim</span> <span class='ocrx_word' id='word_1_662' title='bbox 1195 3810 1279 3860; x_wconf 84' lang='lat' dir='ltr'>hostes</span> <span class='ocrx_word' id='word_1_663' title='bbox 1296 3823 1322 3860; x_wconf 90' lang='lat' dir='ltr'>sc</span> <span class='ocrx_word' id='word_1_664' title='bbox 1344 3813 1427 3871; x_wconf 81' lang='lat' dir='ltr'>essent</span> <span class='ocrx_word' id='word_1_665' title='bbox 1451 3809 1570 3869; x_wconf 80' lang='lat' dir='ltr'>invasuri,</span> <span class='ocrx_word' id='word_1_666' title='bbox 1591 3814 1617 3861; x_wconf 91' lang='lat' dir='ltr'>et</span> <span class='ocrx_word' id='word_1_667' title='bbox 1632 3811 1664 3861; x_wconf 87' lang='lat' dir='ltr'>ad</span> <span class='ocrx_word' id='word_1_668' title='bbox 1676 3812 1725 3864; x_wconf 88' lang='lat' dir='ltr'>hoc</span> 
     </span>
    </p>
   </div>
   <div class='ocr_carea' id='block_1_15' title="bbox 944 3912 1724 3982">
    <p class='ocr_par' dir='ltr' id='par_1_19' title="bbox 944 3912 1724 3982">
     <span class='ocr_line' id='line_1_91' title="bbox 944 3912 1724 3982; baseline 0.003 -16"><span class='ocrx_word' id='word_1_669' title='bbox 944 3916 1024 3981; x_wconf 89' lang='lat' dir='ltr'>ipsum</span> <span class='ocrx_word' id='word_1_670' title='bbox 1034 3918 1146 3968; x_wconf 82' lang='lat' dir='ltr'>venirent</span> <span class='ocrx_word' id='word_1_671' title='bbox 1156 3955 1163 3980; x_wconf 92' lang='lat'>,</span> <span class='ocrx_word' id='word_1_672' title='bbox 1173 3916 1216 3968; x_wconf 92' lang='lat' dir='ltr'>ubi</span> <span class='ocrx_word' id='word_1_673' title='bbox 1228 3915 1342 3982; x_wconf 84' lang='lat' dir='ltr'>cognorit</span> <span class='ocrx_word' id='word_1_674' title='bbox 1361 3928 1404 3967; x_wconf 91' lang='lat' dir='ltr'>eos</span> <span class='ocrx_word' id='word_1_675' title='bbox 1421 3912 1482 3963; x_wconf 89' lang='lat' dir='ltr'>nihil</span> <span class='ocrx_word' id='word_1_676' title='bbox 1499 3927 1581 3964; x_wconf 92' lang='lat' dir='ltr'>rerum</span> <span class='ocrx_word' id='word_1_677' title='bbox 1603 3928 1724 3967; x_wconf 78' lang='lat' dir='ltr'>novarum</span> 
     </span>
    </p>
   </div>
   <div class='ocr_carea' id='block_1_16' title="bbox 939 4016 1724 4574">
    <p class='ocr_par' dir='ltr' id='par_1_20' title="bbox 939 4016 1724 4574">
     <span class='ocr_line' id='line_1_92' title="bbox 943 4016 1722 4084; baseline 0.001 -16"><span class='ocrx_word' id='word_1_678' title='bbox 943 4019 1032 4082; x_wconf 91' lang='lat' dir='ltr'>moliri,</span> <span class='ocrx_word' id='word_1_679' title='bbox 1053 4019 1166 4084; x_wconf 85' lang='lat' dir='ltr'>deposito</span> <span class='ocrx_word' id='word_1_680' title='bbox 1189 4023 1266 4078; x_wconf 88' lang='lat' dir='ltr'>metu,</span> <span class='ocrx_word' id='word_1_681' title='bbox 1290 4021 1372 4083; x_wconf 91' lang='lat' dir='ltr'>patres</span> <span class='ocrx_word' id='word_1_682' title='bbox 1396 4017 1421 4067; x_wconf 91' lang='lat' dir='ltr'>iu</span> <span class='ocrx_word' id='word_1_683' title='bbox 1448 4016 1543 4066; x_wconf 88' lang='lat' dir='ltr'>curiam</span> <span class='ocrx_word' id='word_1_684' title='bbox 1564 4020 1722 4080; x_wconf 83' lang='lat' dir='ltr'>convocarit,</span> 
     </span>
     <span class='ocr_line' id='line_1_93' title="bbox 942 4114 1724 4170; baseline 0.003 -4"><span class='ocrx_word' id='word_1_685' title='bbox 942 4117 1016 4168; x_wconf 92' lang='lat' dir='ltr'>domo</span> <span class='ocrx_word' id='word_1_686' title='bbox 1038 4117 1132 4170; x_wconf 79' lang='lat' dir='ltr'>viritim</span> <span class='ocrx_word' id='word_1_687' title='bbox 1154 4131 1197 4170; x_wconf 89' lang='lat' dir='ltr'>eos</span> <span class='ocrx_word' id='word_1_688' title='bbox 1226 4130 1367 4169; x_wconf 87' lang='lat' dir='ltr'>accersens.</span> <span class='ocrx_word' id='word_1_689' title='bbox 1403 4118 1469 4165; x_wconf 88' lang='lat' dir='ltr'>Dum</span> <span class='ocrx_word' id='word_1_690' title='bbox 1484 4116 1568 4166; x_wconf 87' lang='lat' dir='ltr'>autern</span> <span class='ocrx_word' id='word_1_691' title='bbox 1591 4114 1627 4165; x_wconf 90' lang='lat' dir='ltr'>illi</span> <span class='ocrx_word' id='word_1_692' title='bbox 1642 4115 1724 4168; x_wconf 83' lang='lat' dir='ltr'>adbuc</span> 
     </span>
     <span class='ocr_line' id='line_1_94' title="bbox 942 4215 1723 4281; baseline 0 -12"><span class='ocrx_word' id='word_1_693' title='bbox 942 4219 1087 4281; x_wconf 86' lang='lat' dir='ltr'>cogerentur</span> <span class='ocrx_word' id='word_1_694' title='bbox 1109 4232 1138 4270; x_wconf 81' lang='lat' dir='ltr'>cx</span> <span class='ocrx_word' id='word_1_695' title='bbox 1156 4217 1254 4278; x_wconf 85' lang='lat' dir='ltr'>castris,</span> <span class='ocrx_word' id='word_1_696' title='bbox 1270 4231 1326 4281; x_wconf 79' lang='lat' dir='ltr'>qua</span> <span class='ocrx_word' id='word_1_697' title='bbox 1341 4216 1441 4268; x_wconf 84' lang='lat' dir='ltr'>Fidenis</span> <span class='ocrx_word' id='word_1_698' title='bbox 1458 4218 1540 4278; x_wconf 89' lang='lat' dir='ltr'>erant,</span> <span class='ocrx_word' id='word_1_699' title='bbox 1562 4215 1723 4270; x_wconf 85' lang='lat' dir='ltr'>ducesrene·</span> 
     </span>
     <span class='ocr_line' id='line_1_95' title="bbox 940 4315 1723 4381; baseline 0.005 -17"><span class='ocrx_word' id='word_1_700' title='bbox 940 4315 1064 4381; x_wconf 86' lang='lat' dir='ltr'>runt;qui</span> <span class='ocrx_word' id='word_1_701' title='bbox 1084 4316 1188 4367; x_wconf 88' lang='lat' dir='ltr'>moleste</span> <span class='ocrx_word' id='word_1_702' title='bbox 1204 4316 1314 4366; x_wconf 85' lang='lat' dir='ltr'>terebant</span> <span class='ocrx_word' id='word_1_703' title='bbox 1335 4320 1442 4379; x_wconf 88' lang='lat' dir='ltr'>utraque</span> <span class='ocrx_word' id='word_1_704' title='bbox 1467 4316 1580 4366; x_wconf 82' lang='lat' dir='ltr'>castras</span> <span class='ocrx_word' id='word_1_705' title='bbox 1601 4316 1723 4368; x_wconf 89' lang='lat' dir='ltr'>militibus</span> 
     </span>
     <span class='ocr_line' id='line_1_96' title="bbox 940 4409 1721 4477; baseline 0.003 -16"><span class='ocrx_word' id='word_1_706' title='bbox 940 4409 1047 4470; x_wconf 79' lang='lat' dir='ltr'>deserta,</span> <span class='ocrx_word' id='word_1_707' title='bbox 1059 4412 1205 4477; x_wconf 82' lang='lat' dir='ltr'>senatuique</span> <span class='ocrx_word' id='word_1_708' title='bbox 1225 4412 1377 4472; x_wconf 86' lang='lat' dir='ltr'>suadebant,</span> <span class='ocrx_word' id='word_1_709' title='bbox 1402 4415 1431 4463; x_wconf 90' lang='lat' dir='ltr'>ut</span> <span class='ocrx_word' id='word_1_710' title='bbox 1445 4425 1490 4475; x_wconf 91' lang='lat' dir='ltr'>pro</span> <span class='ocrx_word' id='word_1_711' title='bbox 1503 4412 1540 4463; x_wconf 89' lang='lat' dir='ltr'>rei</span> <span class='ocrx_word' id='word_1_712' title='bbox 1554 4415 1676 4475; x_wconf 80' lang='lat' dir='ltr'>gravitate</span> <span class='ocrx_word' id='word_1_713' title='bbox 1696 4416 1721 4464; x_wconf 91' lang='lat' dir='ltr'>in</span> 
     </span>
     <span class='ocr_line' id='line_1_97' title="bbox 939 4508 1718 4574; baseline 0 -15"><span class='ocrx_word' id='word_1_714' title='bbox 939 4508 994 4559; x_wconf 89' lang='lat' dir='ltr'>illos</span> <span class='ocrx_word' id='word_1_715' title='bbox 1015 4508 1247 4562; x_wconf 75' lang='lat' dir='ltr'>animadverterent.</span> <span class='ocrx_word' id='word_1_716' title='bbox 1293 4514 1376 4568; x_wconf 86' lang='lat' dir='ltr'>Qunm</span> <span class='ocrx_word' id='word_1_717' title='bbox 1399 4512 1482 4559; x_wconf 87' lang='lat' dir='ltr'>autem</span> <span class='ocrx_word' id='word_1_718' title='bbox 1509 4511 1642 4574; x_wconf 85' lang='lat' dir='ltr'>unicuique</span> <span class='ocrx_word' id='word_1_719' title='bbox 1662 4525 1718 4560; x_wconf 83' lang='lat' dir='ltr'>sen·</span> 
     </span>
    </p>
   </div>
   <div class='ocr_carea' id='block_1_17' title="bbox 939 4602 1719 4760">
    <p class='ocr_par' dir='ltr' id='par_1_21' title="bbox 939 4602 1719 4760">
     <span class='ocr_line' id='line_1_98' title="bbox 940 4602 1719 4667; baseline -0.001 -13"><span class='ocrx_word' id='word_1_720' title='bbox 940 4602 1016 4654; x_wconf 87' lang='lat' dir='ltr'>tentia</span> <span class='ocrx_word' id='word_1_721' title='bbox 1028 4609 1094 4654; x_wconf 85' lang='lat' dir='ltr'>esset</span> <span class='ocrx_word' id='word_1_722' title='bbox 1107 4603 1218 4662; x_wconf 86' lang='lat' dir='ltr'>dicenda,</span> <span class='ocrx_word' id='word_1_723' title='bbox 1237 4608 1265 4654; x_wconf 83' lang='lat' dir='ltr'>L.</span> <span class='ocrx_word' id='word_1_724' title='bbox 1276 4605 1404 4654; x_wconf 85' lang='lat' dir='ltr'>cornelius</span> <span class='ocrx_word' id='word_1_725' title='bbox 1418 4604 1481 4654; x_wconf 82' lang='lat' dir='ltr'>dixit</span> <span class='ocrx_word' id='word_1_726' title='bbox 1490 4609 1604 4667; x_wconf 89' lang='lat' dir='ltr'>oportere</span> <span class='ocrx_word' id='word_1_727' title='bbox 1614 4617 1666 4662; x_wconf 87' lang='lat' dir='ltr'>eos,</span> <span class='ocrx_word' id='word_1_728' title='bbox 1677 4604 1719 4666; x_wconf 86' lang='lat' dir='ltr'>qui</span> 
     </span>
     <span class='ocr_line' id='line_1_99' title="bbox 939 4693 1719 4760; baseline 0.003 -17"><span class='ocrx_word' id='word_1_729' title='bbox 939 4693 964 4744; x_wconf 90' lang='lat' dir='ltr'>in</span> <span class='ocrx_word' id='word_1_730' title='bbox 975 4695 1095 4745; x_wconf 80' lang='lat' dir='ltr'>Aventino</span> <span class='ocrx_word' id='word_1_731' title='bbox 1107 4696 1278 4753; x_wconf 83' lang='lat' dir='ltr'>consederant,</span> <span class='ocrx_word' id='word_1_732' title='bbox 1291 4711 1320 4746; x_wconf 87' lang='lat' dir='ltr'>eo</span> <span class='ocrx_word' id='word_1_733' title='bbox 1333 4698 1386 4760; x_wconf 87' lang='lat' dir='ltr'>ipso</span> <span class='ocrx_word' id='word_1_734' title='bbox 1396 4696 1436 4746; x_wconf 82' lang='lat' dir='ltr'>die</span> <span class='ocrx_word' id='word_1_735' title='bbox 1452 4710 1496 4747; x_wconf 91' lang='lat' dir='ltr'>sua</span> <span class='ocrx_word' id='word_1_736' title='bbox 1508 4700 1589 4746; x_wconf 87' lang='lat' dir='ltr'>castra</span> <span class='ocrx_word' id='word_1_737' title='bbox 1598 4700 1719 4758; x_wconf 88' lang='lat' dir='ltr'>repetere,</span> 
     </span>
    </p>
   </div>
   <div class='ocr_carea' id='block_1_18' title="bbox 936 4790 1717 5342">
    <p class='ocr_par' dir='ltr' id='par_1_22' title="bbox 936 4790 1717 5342">
     <span class='ocr_line' id='line_1_100' title="bbox 938 4790 1716 4856; baseline -0.006 -14"><span class='ocrx_word' id='word_1_738' title='bbox 938 4794 964 4842; x_wconf 92' lang='lat' dir='ltr'>et</span> <span class='ocrx_word' id='word_1_739' title='bbox 976 4790 1070 4841; x_wconf 86' lang='lat' dir='ltr'>ducum</span> <span class='ocrx_word' id='word_1_740' title='bbox 1085 4791 1203 4855; x_wconf 86' lang='lat' dir='ltr'>imperata</span> <span class='ocrx_word' id='word_1_741' title='bbox 1224 4791 1317 4851; x_wconf 84' lang='lat' dir='ltr'>lacero,</span> <span class='ocrx_word' id='word_1_742' title='bbox 1334 4792 1367 4843; x_wconf 87' lang='lat' dir='ltr'>ita</span> <span class='ocrx_word' id='word_1_743' title='bbox 1380 4797 1407 4841; x_wconf 90' lang='lat' dir='ltr'>ut</span> <span class='ocrx_word' id='word_1_744' title='bbox 1422 4807 1493 4842; x_wconf 90' lang='lat' dir='ltr'>nemo</span> <span class='ocrx_word' id='word_1_745' title='bbox 1508 4792 1587 4856; x_wconf 80' lang='lat' dir='ltr'>culpm</span> <span class='ocrx_word' id='word_1_746' title='bbox 1605 4804 1662 4841; x_wconf 92' lang='lat' dir='ltr'>reus</span> <span class='ocrx_word' id='word_1_747' title='bbox 1672 4791 1716 4841; x_wconf 52' lang='lat' dir='ltr'>tres</span> 
     </span>
     <span class='ocr_line' id='line_1_101' title="bbox 938 4886 1717 4952; baseline 0.004 -14"><span class='ocrx_word' id='word_1_748' title='bbox 938 4891 984 4949; x_wconf 89' lang='lat' dir='ltr'>ret,</span> <span class='ocrx_word' id='word_1_749' title='bbox 1001 4891 1043 4937; x_wconf 91' lang='lat' dir='ltr'>aut</span> <span class='ocrx_word' id='word_1_750' title='bbox 1053 4887 1077 4936; x_wconf 91' lang='lat' dir='ltr'>in</span> <span class='ocrx_word' id='word_1_751' title='bbox 1087 4886 1207 4949; x_wconf 88' lang='lat' dir='ltr'>judicium</span> <span class='ocrx_word' id='word_1_752' title='bbox 1223 4891 1361 4948; x_wconf 79' lang='lat' dir='ltr'>vocaretur,</span> <span class='ocrx_word' id='word_1_753' title='bbox 1381 4892 1473 4952; x_wconf 85' lang='lat' dir='ltr'>praeter</span> <span class='ocrx_word' id='word_1_754' title='bbox 1487 4889 1553 4938; x_wconf 88' lang='lat' dir='ltr'>solos</span> <span class='ocrx_word' id='word_1_755' title='bbox 1571 4888 1717 4941; x_wconf 86' lang='lat' dir='ltr'>deiectionis</span> 
     </span>
     <span class='ocr_line' id='line_1_102' title="bbox 937 4983 1714 5048; baseline 0 -13"><span class='ocrx_word' id='word_1_756' title='bbox 937 4987 1059 5037; x_wconf 86' lang='lat' dir='ltr'>auctores.</span> <span class='ocrx_word' id='word_1_757' title='bbox 1092 4988 1129 5036; x_wconf 90' lang='lat' dir='ltr'>De</span> <span class='ocrx_word' id='word_1_758' title='bbox 1141 4983 1180 5034; x_wconf 82' lang='lat' dir='ltr'>iris</span> <span class='ocrx_word' id='word_1_759' title='bbox 1191 4987 1275 5034; x_wconf 91' lang='lat' dir='ltr'>autem</span> <span class='ocrx_word' id='word_1_760' title='bbox 1284 4986 1412 5048; x_wconf 83' lang='lat' dir='ltr'>oporteret</span> <span class='ocrx_word' id='word_1_761' title='bbox 1424 4984 1501 5036; x_wconf 89' lang='lat' dir='ltr'>duces</span> <span class='ocrx_word' id='word_1_762' title='bbox 1511 4996 1597 5048; x_wconf 83' lang='lat' dir='ltr'>poenas</span> <span class='ocrx_word' id='word_1_763' title='bbox 1609 4997 1714 5035; x_wconf 88' lang='lat' dir='ltr'>sumere.</span> 
     </span>
     <span class='ocr_line' id='line_1_103' title="bbox 936 5078 1715 5141; baseline 0.001 -10"><span class='ocrx_word' id='word_1_764' title='bbox 936 5082 1008 5141; x_wconf 84' lang='lat' dir='ltr'>Quod</span> <span class='ocrx_word' id='word_1_765' title='bbox 1030 5083 1050 5132; x_wconf 90' lang='lat' dir='ltr'>si</span> <span class='ocrx_word' id='word_1_766' title='bbox 1072 5082 1113 5133; x_wconf 83' lang='lat' dir='ltr'>tili</span> <span class='ocrx_word' id='word_1_767' title='bbox 1131 5082 1185 5131; x_wconf 82' lang='lat' dir='ltr'>baec</span> <span class='ocrx_word' id='word_1_768' title='bbox 1208 5095 1255 5130; x_wconf 92' lang='lat' dir='ltr'>non</span> <span class='ocrx_word' id='word_1_769' title='bbox 1272 5081 1401 5138; x_wconf 84' lang='lat' dir='ltr'>iecissent,</span> <span class='ocrx_word' id='word_1_770' title='bbox 1422 5082 1535 5130; x_wconf 89' lang='lat' dir='ltr'>senatum</span> <span class='ocrx_word' id='word_1_771' title='bbox 1557 5078 1588 5127; x_wconf 87' lang='lat' dir='ltr'>do</span> <span class='ocrx_word' id='word_1_772' title='bbox 1601 5078 1715 5131; x_wconf 84' lang='lat' dir='ltr'>illissta·</span> 
     </span>
     <span class='ocr_line' id='line_1_104' title="bbox 936 5177 1716 5241; baseline 0.003 -9"><span class='ocrx_word' id='word_1_773' title='bbox 936 5182 1014 5241; x_wconf 87' lang='lat' dir='ltr'>tuere,</span> <span class='ocrx_word' id='word_1_774' title='bbox 1031 5185 1060 5231; x_wconf 92' lang='lat' dir='ltr'>ut</span> <span class='ocrx_word' id='word_1_775' title='bbox 1070 5181 1102 5231; x_wconf 88' lang='lat' dir='ltr'>de</span> <span class='ocrx_word' id='word_1_776' title='bbox 1111 5181 1282 5232; x_wconf 81' lang='lat' dir='ltr'>desertoribus</span> <span class='ocrx_word' id='word_1_777' title='bbox 1300 5181 1424 5241; x_wconf 92' lang='lat' dir='ltr'>ordinum,</span> <span class='ocrx_word' id='word_1_778' title='bbox 1446 5177 1574 5241; x_wconf 83' lang='lat' dir='ltr'>inquibus</span> <span class='ocrx_word' id='word_1_779' title='bbox 1588 5179 1683 5233; x_wconf 85' lang='lat' dir='ltr'>lucrant</span> <span class='ocrx_word' id='word_1_780' title='bbox 1700 5197 1716 5234; x_wconf 87' lang='grc' dir='ltr'>ο</span> 
     </span>
     <span class='ocr_line' id='line_1_105' title="bbox 937 5276 1713 5342; baseline 0 -11"><span class='ocrx_word' id='word_1_781' title='bbox 937 5280 1043 5331; x_wconf 83' lang='lat' dir='ltr'>ducibus</span> <span class='ocrx_word' id='word_1_782' title='bbox 1055 5279 1179 5340; x_wconf 88' lang='lat' dir='ltr'>collocati,</span> <span class='ocrx_word' id='word_1_783' title='bbox 1196 5283 1271 5342; x_wconf 85' lang='lat' dir='ltr'>utque</span> <span class='ocrx_word' id='word_1_784' title='bbox 1287 5279 1319 5331; x_wconf 93' lang='lat' dir='ltr'>de</span> <span class='ocrx_word' id='word_1_785' title='bbox 1338 5276 1452 5328; x_wconf 87' lang='lat' dir='ltr'>militaris</span> <span class='ocrx_word' id='word_1_786' title='bbox 1467 5277 1617 5328; x_wconf 87' lang='lat' dir='ltr'>sacramenti</span> <span class='ocrx_word' id='word_1_787' title='bbox 1634 5276 1713 5330; x_wconf 84' lang='lat' dir='ltr'>riola-</span> 
     </span>
    </p>
   </div>
   <div class='ocr_carea' id='block_1_19' title="bbox 1604 5386 1635 5437">
    <p class='ocr_par' dir='ltr' id='par_1_23' title="bbox 1604 5386 1635 5437">
     <span class='ocr_line' id='line_1_106' title="bbox 1604 5386 1635 5437; baseline 0.065 -2"><span class='ocrx_word' id='word_1_788' title='bbox 1604 5386 1635 5437; x_wconf 72' lang='lat' dir='ltr'>ld</span> 
     </span>
    </p>
   </div>
   <div class='ocr_carea' id='block_1_20' title="bbox 0 0 1890 5828">
    <p class='ocr_par' dir='ltr' id='par_1_24' title="bbox 0 0 1890 5828">
     <span class='ocr_line' id='line_1_107' title="bbox 0 0 1890 5828; baseline 0 7"><span class='ocrx_word' id='word_1_789' title='bbox 0 0 1890 5828; x_wconf 95' lang='lat' dir='ltr'> </span> 
     </span>
    </p>
   </div>
  </div>
 </body>
</html>
