3772 5828
164 305 226 367 656

164 434 211 504 τάς
232 458 260 494 τε
279 434 377 515 ἀγορδες
401 434 530 514 ἀγομένας
551 434 715 515 ἀφῃροῦντο,
739 435 871 513 λοχῶντες
897 432 945 498 τάς
970 437 974 447 ”

165 523 253 598 ὁδοὺς,
276 524 321 582 καῖ
337 524 381 582 ἐπὶ
396 522 529 602 προνομὰς
546 522 657 591 ἀξιοῦσιν
672 522 842 594 ἀπετίθεντο,
860 520 907 581 καῖ
922 520 946 579 εί

77 646 84 653 ·
165 638 230 675 ποτε
243 618 331 679 ἱππεῖς
345 616 382 680 εἰς
392 614 482 694 χεῖρας
494 610 601 672 ίλθοιειν
611 615 732 683 ἱππεῦσι,
744 611 790 671 καλ
804 611 878 680 πεζοί
892 632 946 670 πι-

166 704 233 775 ζοῖς,
245 702 288 761 καὶ
302 699 405 780 φάλαγξ
420 702 482 780 πρὸς
498 699 624 778 φάλαγγα
640 699 806 778 μαχόμενοι,
820 700 946 777 πανταχῇ

124 816 138 850 s
168 790 246 850 πλέον
266 789 370 870 ἔχοντες
389 788 531 868 ἀπῄεσαν,
547 788 771 847 ἀθελοκακοόντων
789 788 838 846 αλκ
851 785 946 864 ὀλίγων

167 881 193 945 ἀς
208 879 266 945 ταῖς
281 879 464 954 συμπλοκαῖς,
478 874 524 935 καί
543 876 602 934 οὔτε
615 883 668 943 τοῖς
689 874 800 953 ἡγεμόσι
820 873 945 952 πειθομέ-

166 991 217 1026 νων
243 966 302 1025 orire
325 966 405 1042 δμόσε
425 966 520 1046 χωρεῖν
535 973 589 1032 τοῖς
610 963 747 1039 πολεμίοις
767 961 945 1041 βουλομένων.

166 1059 200 1116 Oi
214 1055 261 1131 μέν
277 1044 322 1113 οὖν
338 1054 382 1113 ἀπὶ
395 1052 525 1120 Σαόίνους
543 1051 750 1132 στρατεύσαντες
763 1052 790 1109 έν
803 1058 857 1118 τοῖς
871 1049 946 1109 ελάτ·

166 1166 224 1205 τοσε
247 1150 338 1210 κακοῖς
359 1141 591 1224 σωφρονισθέντες,
612 1137 714 1205 ίκόντες
735 1137 852 1216 ίγνωσαν
877 1139 946 1196 έκλι-

116 1248 139 1288 ιο
167 1232 225 1291 πεῖν
241 1232 286 1291 τὸν
300 1231 423 1312 χάρακα·
439 1229 484 1288 καί
499 1228 559 1309 περί
572 1227 656 1306 μέσας
669 1226 765 1295 νόκτας
779 1223 945 1296 ἀναστήσαν·

167 1344 210 1388 τις
228 1321 272 1380 τὸν
296 1317 408 1401 στρατόν
435 1321 540 1396 ἀπῆγον
567 1320 597 1376 is
618 1320 664 1388 τῆς
688 1313 817 1392 πολεμίας
840 1317 876 1380 είς
897 1311 945 1384 την

168 1413 290 1481 ίαυτιῗνν,
307 1412 375 1487 φυγῇ
390 1408 580 1486 παραπλησίαν
596 1401 746 1482 ποιούμενοι
765 1401 813 1475 τλν
837 1402 945 1471 ἀνάζευ-

168 1495 219 1571 ξιν,
235 1494 429 1564 insisteretis
444 1495 684 1574 Κρουστομέρειαν,
700 1492 717 1564 ἥ
732 1495 800 1561 ἐστιν
812 1492 841 1550 οὗ
853 1491 945 1571 πρόσω

167 1590 214 1657 τῆς
226 1584 346 1662 Ῥώμης,
365 1583 497 1665 ἀφίκοντο.
542 1585 577 1644 Oi
592 1585 615 1642 δ’
629 1585 656 1642 έν
672 1581 783 1664 ’λλγιδῷ
799 1586 845 1653 τῆς
861 1583 946 1641 Δίκα-

116 1692 140 1730 ια
167 1677 219 1732 νῶν
238 1671 328 1753 χώρας
354 1672 456 1750 θέμενοι
479 1669 528 1743 τὴν
553 1669 744 1752 παρεμόολὴν,
771 1669 870 1737 πολλός
897 1667 944 1728 καὶ

168 1762 241 1821 αὐτοὶ
262 1759 444 1837 λαμόάνοντις
466 1759 518 1819 ὑπὸ
532 1762 585 1821 τῶν
608 1757 742 1835 πολεμίων
757 1757 879 1836 πληγὰς,
896 1756 942 1816 καί

168 1852 241 1932 παρά
253 1849 287 1909 τά
306 1849 376 1908 θεινά
392 1848 479 1927 μένειν
498 1847 628 1917 ἀξιοῦντες
647 1850 683 1914 ὡς
697 1845 944 1926 ἀπαναρθωσόμενοε

167 1938 215 2007 ei<
229 1937 399 2008 ἀλαττείναεις,
415 1936 534 1997 οἴκτιστα
549 1936 694 2017 πράγματα
710 1934 816 1995 ἔπαθον.
856 1932 939 1993 Ὠτά-

168 2052 241 2105 μινοε
255 2027 308 2108 γάρ
325 2030 367 2088 ἀπ’
384 2025 475 2093 αι’ντοίνς
490 2027 514 2086 οἱ
527 2025 666 2102 πολέμιοι,
680 2022 725 2082 καλ
739 2021 798 2089 τοῖς
810 2021 942 2081 ὑποστάν-

114 2130 141 2169 20
167 2140 214 2184 τας
231 2121 277 2174 τοῦ
291 2115 407 2197 χάρακος
431 2113 642 2190 καταόαλόντες,
658 2110 791 2182 έπέόησαν
812 2114 865 2169 τῶν
879 2112 943 2191 Epu-

169 2203 277 2281 μάτων·
294 2202 340 2260 καλ
355 2201 611 2280 καταλαόόμενοι-τδ
634 2200 827 2281 στρατόπεδον,
843 2199 944 2278 ὀλίγους

168 2291 217 2367 μέν
232 2314 303 2356 τινας
324 2287 502 2365 ἀμυνομένους
527 2289 700 2362 ἀπέκτειναν,
723 2287 782 2355 τοὺς
797 2288 824 2348 δέ
838 2287 943 2356 πλείους

167 2381 194 2439 ἀν
210 2380 249 2459 τῷ
262 2379 371 2456 διωγμῷ
387 2376 545 2458 διέφθειραν.
588 2377 661 2439 Οίδί
677 2375 845 2441 διασωθέντες
857 2376 886 2433 έκ
897 2381 945 2448 τῆς

167 2469 250 2548 φυγῆς
267 2465 428 2545 τραυματίαι
445 2490 473 2526 τε
485 2470 509 2525 οἱ
524 2465 637 2538 πλείους,
655 2464 700 2524 καλ
714 2462 747 2523 τά
759 2463 828 2524 ὅπλα
848 2468 944 2545 μικροῦ

113 2574 139 2616 ts
168 2555 220 2612 δεῖν
241 2553 338 2621 πάντες
359 2552 570 2625 ἀπολωλεκότες,
588 2555 624 2620 είς
647 2552 722 2610 πόλιν
741 2550 860 2621 Τύσκλον
885 2554 946 2635 ἀφι-

168 2647 285 2703 κνοῦντο·
297 2641 397 2714 σκηνάς
409 2641 436 2701 δί
450 2640 591 2701 αὐτῶνκαὶ
603 2640 742 2720 ὑποζύγια,
750 2640 794 2699 καῖ
804 2640 943 2722 χρήματα,

168 2732 213 2789 καί
228 2731 406 2810 θεράποντας,
423 2730 469 2790 καλ
482 2728 530 2803 τὴν
551 2730 635 2805 ἀλλην
655 2736 700 2789 τοῦ
726 2729 842 2806 πολέμου
857 2753 944 2810 παρα-

169 2821 285 2893 σκευὴν,
307 2822 330 2878 οί
345 2819 467 2897 πολέμιοι
480 2819 640 2900 διήρπασαν.
683 2817 733 2885 Ὡς
747 2819 774 2877 δί
792 2818 943 2897 ἀπηγγέλθη

167 2912 251 2967 ταῦτα
269 2916 320 2975 τοῖς
335 2907 404 2968 κατδι
416 2907 464 2979 τὴν
480 2909 576 2980 πόλιν,
594 2905 700 2988 ὅσοιπερ
713 2898 781 2979 ἦσαν
795 2907 883 2988 ἐχθροί
899 2912 945 2980 τῆς

113 3017 141 3057 te
168 2996 340 3075 ὀλιγαρχίας,
366 2996 411 3053 καί
433 2999 456 3054 oi
472 2997 537 3063 τέως
561 2995 789 3075 ἀποκρυπτόμενοι
808 2998 840 3055 τὸ
869 2998 945 3073 μῖσος

168 3084 291 3167 φανεροὺς
316 3083 419 3144 ἐποίουν
444 3083 550 3151 ἑαυτοὺς
577 3085 634 3144 τότε
659 3083 793 3165 χαίροντες
822 3083 865 3142 ini
885 3093 944 3152 ταῖς

167 3173 359 3253 κακοπραγίαις
377 3176 428 3230 τῶν
451 3176 620 3251 στρατηγῶν·
641 3172 687 3231 καὶ
708 3163 740 3243 ἦν
753 3172 804 3245 ἤδη
829 3172 944 3250 καρτερά

165 3263 226 3344 χείρ
243 3262 303 3341 περὶ
328 3259 371 3318 τδν
397 3260 522 3340 Ὁράτιόν
537 3284 566 3320 τε
587 3259 690 3319 καὶτὸν
713 3259 856 3339 Οὐαλέριον
868 3307 876 3334 ,
899 3258 944 3329 οὓς

160 3351 231 3430 ,ἔφην
245 3347 376 3427 ἡγεμόνας
391 3336 524 3408 εἶναιτῶν
540 3350 762 3427 ἀριστοκρατικῶν
778 3350 921 3428 ἑταιρειῶν.

110 3461 138 3500 ns
222 3440 326 3499 xxiv.
350 3439 385 3498 Οί
411 3437 513 3517 δὲπερί
537 3435 580 3495 τὸν
602 3437 714 3496 Ἄππιον
747 3446 799 3504 τοῖς
824 3438 872 3515 μίν
900 3438 944 3498 έπί

167 3526 346 3606 στρατοπέδου
362 3524 535 3606 συνάρχουσιν
555 3525 625 3583 ὅπλα
646 3528 736 3586 τεκαὶ
756 3527 882 3606 χρήματα
899 3530 944 3587 καὶ

167 3619 238 3677 σῖτον
253 3614 299 3674 καῖ
319 3615 404 3673 τάλλα
418 3604 454 3671 ὧν
470 3615 570 3674 ἐδέοντο
589 3615 782 3694 ἐπεχορήγουν,
797 3616 830 3674 τά
851 3638 880 3674 τε
899 3619 945 3689 δη-

166 3708 248 3781 μόσια
264 3706 309 3763 καί
332 3703 451 3765 ἰδιωτικὰ
473 3704 515 3761 δελ
538 3706 636 3775 πολλῆς
658 3705 770 3784 ὑποψίας
793 3703 944 3782 λαμόάνον-

165 3818 225 3868 τες,
248 3794 292 3851 καὶ
308 3793 365 3851 ἀντὶ
381 3797 432 3851 τῶν
455 3792 632 3850 ἀπολωλότων
650 3793 750 3874 ἀνδρῶν
767 3795 943 3872 στρατολογή-

112 3906 139 3944 ιο
167 3906 258 3949 σαντες
273 3881 297 3949 ἐξ
314 3881 419 3953 ἀπάσης
436 3882 519 3961 φυλῆς
531 3878 589 3946 τοὺς
602 3881 671 3939 ὅπλα
686 3879 771 3961 φέρειν
783 3880 941 3955 δυναμένους

168 3970 340 4044 ἀπέστειλαν,
368 3968 431 4027 ὥστ’
449 3970 652 4047 ἐκπληρωθῆναι
677 3966 735 4035 τοὺς
758 3968 866 4048 λόχους·
891 3974 943 4029 τῶν

165 4079 193 4114 τε
209 4057 276 4114 κατδε
297 4058 373 4114 πολιν
389 4060 503 4135 ἐπιμελῆ
519 4058 637 4138 φυλακὴν
656 4061 803 4128 ἐποιοῦντο,
820 4064 943 4139 φρουραῖς

165 4142 224 4210 τοὺς
248 4145 461 4223 ἐπικαιροτάτους
480 4146 745 4224 καταλαμθανόμενοι
769 4146 876 4220 τόπους,
903 4149 941 4225 μή

165 4255 190 4289 τι
215 4231 315 4288 λάθονσι
330 4235 557 4311 παρακινήσαντες
579 4238 602 4293 oi
629 4233 696 4311 μετὰ
720 4241 765 4293 τοῦ
794 4237 941 4316 Οὐαλερίου

126 4343 136 4378 ο
166 4324 333 4386 συνεστῶτες.
380 4323 563 4396 Ἐπέσκηπτόν
577 4348 603 4382 τε
615 4326 648 4382 δι’
660 4326 814 4403 ἀπορρήτων
829 4327 883 4393 τοῖς
899 4328 941 4385 ἐπὶ

165 4415 216 4468 τῶν
245 4411 426 4489 στρατοπέδων
452 4414 612 4493 συνάρχουσι
642 4412 701 4480 τοὺς
731 4416 942 4488 ἐναντιουμένους

165 4499 237 4579 σφίσι
255 4499 423 4578 διαφθείρειν·
451 4501 510 4568 τοὺς
534 4499 582 4577 μίν
606 4505 739 4584 ἐπιφανεῖς
765 4504 886 4575 ἀδήλως,
906 4496 941 4563 ὧν

165 4590 187 4647 δ’
209 4590 322 4648 ἐλάττονι
349 4591 424 4667 λόγος
439 4583 470 4660 ἦν
495 4592 538 4648 καῖ
561 4594 590 4649 ἐκ
613 4598 656 4650 τοῦ
671 4598 803 4672 φανεροῦ,
831 4594 939 4670 τροφοί·

165 4703 217 4745 σεις
234 4679 274 4736 ἀεί
288 4703 357 4744 τινας
373 4680 557 4758 ἐπιφέροντας,
571 4679 614 4737 ἴνα
626 4682 732 4747 δικαίως
749 4682 854 4749 δόξωσιν
875 4684 941 4738 ἀπο·

110 4793 136 4830 so
164 4771 259 4829 θανεῖν,
279 4769 598 4845 intertrimentum
617 4771 664 4843 μὲν
682 4770 732 4848 γὰρ
748 4772 790 4829 ἐπὶ
807 4768 940 4848 προνομάς

165 4857 385 4930 ἀποστελλόμενοι
400 4857 443 4913 ὑπ’
459 4857 559 4927 αὐτῶν,
572 4860 595 4914 οί
610 4858 636 4914 δὲ
653 4858 749 4937 ἀγορδιν
763 4856 939 4935 παραπέμψαι

163 4947 354 5019 κομιζομένην,
371 4947 393 5005 οί
410 4945 434 5003 δὲ
448 4943 530 5008 ἄλλοις
548 4943 620 5011 τινδις
635 4946 837 5004 ἐπιτελέσασθαι
854 4946 936 5002 πολε-

164 5032 242 5103 μικὰς
267 5034 373 5109 χρείας,
401 5032 597 5110 ἔξονγενόμενοι
621 5037 666 5090 τοῦ
692 5033 808 5111 χάρακος
822 5034 938 5107 οὐδαμοῦ

160 5115 200 5173 ἔτι
215 5116 351 5196 ὤφθησαν.
397 5125 431 5180 Οἱ
447 5121 474 5178 δὲ
490 5119 671 5178 ταπεινότατοι
687 5123 770 5199 φυγῆς
782 5120 871 5199 άρχειν
888 5143 936 5178 κα·

685 301 854 364 DIONYSli
876 298 1258 362 flntlcnurtnssrinsis
1304 346 1305 351 ι

1000 440 1123 505 peditibus
1131 440 1163 490 ed
1177 453 1265 490 manus
1281 440 1422 501 uenissent,
1434 441 1545 492 conteris
1560 441 1614 493 acie
1632 445 1795 508 pugnantes,

1000 546 1097 597 semper
1109 534 1248 598 superiores
1259 531 1433 595 disceiebaqt,
1445 536 1503 598 quin
1523 549 1571 586 nou
1591 536 1669 601 panni
1687 538 1718 588 in
1728 551 1794 589 nou·

999 629 1123 695 gressibus
1133 628 1216 680 dedite
1226 641 1301 693 opera
1316 641 1368 680 rem
1385 628 1505 694 ignerIter
1518 630 1653 694 gerebant,
1665 645 1717 684 nec
1741 634 1796 687 uu„

999 724 1069 775 cibus
1084 723 1297 788 obtemperabant,
1316 737 1363 775 uec
1373 736 1432 775 cuns
1452 724 1568 777 hostibus
1580 729 1704 795 congredi
1717 730 1795 782 voles

999 817 1066 871 bant.
1084 819 1133 878 Qui
1147 818 1256 883 igiturin
1267 818 1373 871 Sabinus
1381 820 1482 884 metenti
1498 822 1605 883 inerant,
1620 826 1790 889 paucioribus

1000 916 1026 968 in
1037 917 1110 968 mulis
1127 917 1211 968 edocti
1225 919 1250 968 et
1274 916 1435 981 sapientiores
1449 921 1521 981 tacti,
1540 922 1607 972 uitro
1628 926 1717 976 cestre
1742 925 1792 977 rie·

1000 1028 1082 1066 serere
1093 1014 1271 1074 decrevemnt;
1289 1027 1319 1064 ue
1332 1014 1398 1064 circu
1411 1016 1516 1067 medinm
1528 1022 1627 1070 noctem
1638 1023 1718 1074 motis
1731 1036 1790 1075 nus·

1000 1111 1047 1163 tris
1061 1125 1093 1162 ex
1108 1110 1203 1161 bustim
1220 1111 1334 1161 insnum
1357 1125 1443 1177 ugrum
1459 1113 1602 1178 redierunt,
1621 1116 1681 1169 imis
1703 1118 1791 1171 disce.

1000 1206 1087 1258 ‹ientes
1101 1218 1150 1257 uon
1161 1205 1242 1266 niiter,
1259 1218 1332 1268 quum
1352 1206 1373 1256 si
1391 1205 1524 1271 fugissent,
1549 1209 1632 1262 ‹ienee
1650 1211 1683 1262 sd
1694 1213 1790 1265 urbem

1000 1303 1212 1364 crustumerium,
1225 1316 1273 1353 uon
1296 1303 1428 1367 proculab
1451 1304 1511 1357 urbe
1531 1309 1609 1358 Roma
1632 1307 1788 1372 distantem,

1000 1403 1173 1468 pervenerunt.
1188 1403 1221 1450 st
1235 1400 1278 1464 qui
1292 1401 1317 1450 in
1330 1401 1417 1466 nigidu
1430 1402 1537 1468 regionis
1546 1407 1686 1470 Equorum
1701 1410 1787 1458 castra

999 1501 1146 1566 posuerant,
1155 1512 1232 1561 quum
1244 1497 1290 1562 ipsi
1306 1511 1405 1562 quoque
1416 1499 1493 1549 inuita
1509 1500 1612 1551 uuinern
1625 1501 1659 1552 ab
1670 1503 1787 1554 hostibus

1000 1595 1151 1658 acciperent,
1172 1595 1199 1643 et
1220 1593 1245 1642 in
1260 1592 1375 1657 periculis
1403 1607 1560 1659 perseuerare
1578 1597 1687 1660 retient,
1711 1600 1787 1664 quasi

1000 1691 1091 1741 dunno
1102 1694 1202 1755 accepts
1221 1690 1341 1743 resarcire
1359 1694 1469 1756 possent,
1489 1705 1529 1742 res
1541 1693 1652 1746 maxime
1663 1695 1784 1747 miseran·

999 1788 1048 1838 dus
1058 1789 1117 1837 sunt
1128 1787 1246 1852 perpessi.
1279 1789 1343 1839 itum
1360 1786 1459 1850 hostes,
1473 1788 1540 1838 iacto
1552 1788 1580 1839 in
1593 1801 1639 1841 eos
1651 1790 1747 1856 impetu
1757 1797 1784 1847 et

1000 1886 1039 1943 iis.
1056 1885 1099 1947 qui
1115 1885 1147 1936 ad
1164 1885 1328 1938 resistendum
1352 1893 1536 1952 remanseriut,
1563 1888 1596 1941 (ie
1617 1888 1785 1944 rstioiietur·

1000 1984 1072 2047 batis,
1084 1983 1230 2034 munitiones
1259 1984 1466 2047 conscenderunt3
1487 1986 1625 2052 nostrisque
1639 1990 1785 2054 oocupaiis,

1000 2095 1092 2146 paucos
1103 2077 1224 2144 quosdam
1232 2082 1396 2144 repugnantes
1410 2080 1596 2143 intertecerunt,
1605 2083 1649 2135 sed
1659 2086 1783 2148 maiorem

999 2192 1085 2230 eorum
1101 2181 1197 2243 purtem
1215 2177 1240 2227 iu
1252 2178 1305 2241 ipse
1327 2177 1383 2241 tuga
1394 2178 1530 2230 consectati
1545 2179 1699 2230 eminuerunt
1715 2182 1779 2244 :qui

1000 2290 1059 2326 reru
1079 2288 1110 2325 ex
1132 2275 1187 2338 ingr
1217 2278 1361 2337 evaserunt,
1383 2275 1494 2342 plerique
1508 2275 1623 2336 muse,
1639 2279 1665 2326 et
1687 2289 1779 2327 omnes

1001 2370 1178 2440 propemodum
1199 2372 1298 2423 emissis
1311 2372 1402 2435 armis,
1414 2372 1447 2423 eii
1474 2374 1557 2427 uben
1568 2372 1700 2423 Tusculum
1718 2373 1775 2423 ire·

1001 2475 1067 2522 runt.
1100 2471 1194 2521 liorum
1206 2484 1265 2521 reru
1279 2470 1385 2522 tenteris
1404 2475 1429 2522 et
1438 2473 1558 2536 jumento,
1570 2475 1597 2523 et
1608 2471 1740 2537 pecunius,
1751 2475 1779 2524 et

1002 2582 1102 2628 sersus,
1117 2571 1144 2619 et
1154 2567 1274 2633 reliquum
1287 2568 1344 2619 beili
1356 2571 1502 2634 appnrsturn
1516 2570 1602 2623 nesus
1613 2569 1781 2636 diripuerunt.

1002 2664 1098 2724 Quibus
1107 2664 1181 2714 rebus
1194 2642 1297 2714 bomem
1316 2663 1447 2727 nunciatis,
1460 2667 1586 2730 quotquot
1600 2665 1789 2719 denuntiatus

1002 2761 1094 2812 inimici
1104 2763 1187 2822 erunt,
1202 2761 1286 2824 etqui
1300 2759 1422 2812 hacteuus
1431 2760 1516 2811 odium
1538 2761 1697 2813 ousuitubsnt
1707 2799 1714 2822 ,
1724 2765 1785 2814 tune

1001 2871 1029 2907 se
1041 2856 1185 2920 prodebant,
1207 2855 1299 2906 ducum
1313 2855 1387 2907 rebus
1398 2855 1510 2908 adversis
1521 2855 1666 2920 gemente.
1681 2859 1785 2922 iamque

1001 2953 1084 3004 salida
1104 2966 1190 3002 manus
1210 2955 1264 3003 erut
1285 2952 1354 3003 cirea
1378 2953 1507 3004 Horatium
1520 2956 1547 3005 et
1563 2953 1709 3018 Valerium,
1721 2968 1788 3020 quos

1001 3047 1138 3099 sodalitatis
1151 3047 1298 3112 optimatum
1311 3048 1386 3098 duces
1399 3061 1453 3099 esse
1466 3047 1527 3099 diri.

1031 3413 1118 3463 iiiiiv.
1134 3410 1228 3475 Appius
1240 3423 1299 3461 vero
1311 3413 1344 3470 (et
1360 3409 1483 3475 Spurtiust
1506 3408 1558 3459 suis
1570 3409 1685 3475 σοΙΙεμίε,
1698 3410 1741 3474 qui
1754 3411 1780 3462 in

1001 3513 1089 3565 cestris
1112 3515 1189 3571 erant,
1207 3526 1289 3572 arma,
1309 3513 1432 3576 pecunius,
1460 3513 1620 3575 trumentum,
1640 3517 1780 3576 sicaetera,

1001 3615 1092 3680 quibus
1104 3613 1252 3676 indigebant,
1281 3614 1482 3679 suppeditabunt,
1498 3621 1550 3665 tnm
1575 3617 1690 3681 publicu,
1705 3633 1783 3683 quam

1000 3730 1105 3792 privata,
1120 3738 1275 3790 magnacum
1295 3723 1409 3787 superbie
1424 3723 1549 3787 cupientes
1559 3727 1648 3789 ,atque
1666 3726 1690 3775 in
1702 3727 1785 3778 nmis-

999 3844 1083 3880 sorum
1108 3830 1190 3879 iocum
1201 3842 1231 3878 en
1250 3827 1317 3878 omni
1331 3826 1399 3876 tribu
1426 3825 1551 3886 deiectos,
1567 3826 1610 3890 qui
1625 3840 1694 3878 erma
1715 3830 1782 3881 terre

998 3933 1106 3996 possent,
1121 3929 1254 3985 miserunt,
1272 3930 1300 3978 ut
1311 3927 1424 3978 cobortes
1445 3926 1538 3990 expleri
1558 3931 1677 3991 possent:
1696 3931 1721 3981 et
1740 3945 1783 3984 res

998 4034 1103 4084 urbnnus
1113 4032 1239 4095 diligenter
1250 4029 1433 4087 custodiebant,
1450 4028 1659 4094 opportunissime
1672 4043 1782 4094 quaeqne

997 4135 1051 4185 iocs
1064 4132 1185 4196 praesidiis
1200 4133 1363 4195 occupantes,
1384 4143 1415 4178 ne
1431 4128 1490 4191 quid
1512 4129 1575 4179 torte
1590 4130 1652 4179 cium
1665 4130 1779 4201 muiiren¹

997 4240 1047 4298 tur,
1060 4235 1101 4298 qui
1118 4248 1176 4284 curu
1189 4233 1286 4283 Vnierio
1299 4234 1326 4280 in
1342 4230 1501 4281 decentoiros
1513 4229 1689 4294 conspirarunt.
1710 4231 1775 4281 Tum

997 4335 1144 4385 mandarunt
1167 4349 1209 4399 pur
1222 4347 1322 4383 arcanos
1347 4331 1447 4382 nuntios
1463 4331 1579 4395 coiiegis‚
1601 4330 1723 4393 quierant
1748 4330 1775 4381 in

997 4440 1096 4497 castris,
1111 4440 1139 4486 ut
1150 4436 1304 4486 adversarios
1319 4448 1377 4485 suos
1395 4433 1543 4498 perderent:
1556 4444 1584 4481 nc
1595 4431 1658 4480 viros
1670 4429 1775 4492 qudem

996 4544 1117 4601 iiiustrcs,
1139 4543 1218 4602 cinm3
1239 4554 1281 4590 eos
1306 4553 1380 4598 sero,
1405 4551 1511 4600 quorum
1536 4533 1613 4585 minor
1633 4530 1778 4584 habebatur

996 4645 1065 4703 rntiu,
1080 4643 1171 4706 pnium;
1195 4655 1292 4705 semper
1317 4638 1440 4702 aliquibus
1460 4638 1553 4688 currssis
1571 4633 1663 4693 aiiutis,
1678 4636 1707 4683 ut
1719 4635 1777 4697 jure

996 4741 1092 4805 cupituii
1116 4741 1234 4805 supplicio
1259 4740 1340 4790 nitenti
1361 4738 1514 4788 riderentur.
1548 4739 1629 4800 Atque
1654 4734 1710 4784 bueo
1735 4734 1778 4783 ire-

996 4844 1062 4893 bnni.
1108 4845 1168 4890 Num
1179 4842 1219 4892 eiii
1235 4855 1320 4893 corum
1346 4839 1377 4890 sd
1395 4839 1575 4903 pubuiationcs,
1597 4837 1637 4888 niii
1656 4837 1689 4888 ad
1705 4851 1777 4888 com·

994 4943 1098 4999 nicetus,
1116 4938 1159 5000 qui
1181 4938 1383 5003 apportabuntur,
1401 4937 1596 5000 prosequendos,
1616 4936 1657 4987 eiii
1675 4934 1705 4984 ud
1728 4934 1776 4984 aii-

994 5052 1054 5098 qnns
1064 5036 1123 5084 atius
1135 5049 1174 5083 res
1193 5034 1290 5084 bellicus
1311 5032 1464 5084 necessarius
1477 5034 1508 5083 ub
1522 5034 1571 5084 iiiis
1586 5031 1667 5090 missi,
1685 5028 1727 5079 ubi
1742 5043 1776 5078 er

994 5131 1081 5179 castris
1107 5128 1182 5179 semei
1204 5131 1293 5191 egressi
1309 5130 1374 5189 sunt,
1390 5142 1512 5191 uusqnuru
1528 5127 1632 5192 amptius
1647 5124 1777 5187 conspecti
