3772 5828
199 353 258 414 loa
721 346 887 407 DIONYSll
909 344 1289 412 Hiulcnunnssluttsls

200 483 341 565 «φέρωσιν
361 484 447 545 ὅσα
435 509 466 543 αν
494 486 581 550 αὐτοῖς
603 484 686 592 6666,
714 482 760 539 καί
779 481 870 559 μηδείς
891 483 905 538 ὁ
924 504 976 538 κω-

200 576 317 633 ιιλύσων
348 572 393 639 τάς
419 570 600 681 παρανομίας
609 571 695 629 αὐτῶν
719 560 751 648 ᾖ,
778 567 847 646 μήτε
871 567 978 638 ἰδιώτης

200 686 213 713 ι
229 658 295 737 μήτι
322 658 411 738 ἀργων
435 657 555 725 δεδοικὼς
577 656 621 716 τὸν
649 657 799 733 ripam<
772 654 799 721 θς
828 657 978 735 ἀφαιρεῖται

200 775 213 801 ιι
227 747 318 807 καί
295 771 338 806 τον
361 746 476 824 λόγον’
467 750 539 823 υμῶν
569 744 626 823 ἅμα
656 752 710 811 τοῖς
733 743 833 825 ἔργοις,
865 746 977 803 θοίνατον

160 862 173 900 ς
200 863 213 890 ιι
227 835 347 899 ἐπιτιθείς
371 835 467 911 ζημίαν
492 838 545 900 τοῖς
572 830 711 912 ἐλευθέραν
742 832 829 913 φωνήν
857 832 976 913 ἀφιεῖσι,

199 951 212 978 ιι
226 924 252 983 τί
266 927 395 1003 προσῆκεν
416 922 498 998 ὄνομα
511 922 601 981 θίσθαι
615 927 649 1002 τῇ
663 919 802 1000 δυναστιίφ
819 919 902 999 ταύτῃ
917 919 978 989 τοὺς

199 1041 212 1067 ι
224 1018 283 1072 νοῦν
302 1011 410 1090 ἔχοντας
424 1011 529 1091 ἕτερον,
542 1009 560 1081 ἢ
574 1015 651 1069 τοῦτο
663 1007 728 1089 ὅπερ
743 1007 813 1067 ἐστίν
825 1006 920 1080 ἀληθὲς
931 1009 977 1067 καλ

197 1102 318 1167 ιιπσίντις
336 1100 366 1158 δν
381 1100 591 1179 ὁμολογήσαιτε,
609 1099 768 1182 τυραννίδα;
785 1103 807 1159 tl
825 1099 852 1158 δὲ
867 1101 918 1178 οὐχ
931 1103 966 1181 ὑφ

197 1187 279 1257 ιὸνδς
302 1190 409 1271 ἀνδρὸς,
431 1188 557 1272 ἀλλ’ὑφ
579 1188 640 1249 ὁλου
656 1189 851 1269 τυραννούμεθα
873 1188 976 1265 δήμου,

50 1274 53 1281 ’
145 1314 170 1353 10
196 1277 250 1336 ατί
277 1281 355 1338 τοῦτο
379 1277 556 1358 διαφέρειςτ
542 1276 713 1390 τδγὸρέργ
714 1300 741 1336 ον
762 1275 832 1346 ἐξ’
817 1284 915 1357 αμφοῖν
945 1276 976 1336 τθ

196 1390 211 1420 ι
223 1367 296 1426 αὐτό.
342 1365 514 1445 Kp6rtcroo
508 1356 598 1425 μὲν
569 1389 613 1425 ουν
623 1360 655 1440 ἦν
671 1365 784 1443 μηδὲ
761 1389 790 1425 το
805 1363 914 1447 σπίρμα
927 1370 975 1438 τῆς

196 1482 209 1509 ιι
224 1455 340 1565 ζξρυσίας
375 1454 471 1527 ταύτης
508 1459 586 1515 ἐᾶσαι
618 1455 867 1531 καταθαλλόμινον,
904 1453 973 1514 ἀλλὰ

196 1569 210 1596 ιι
223 1543 311 1602 ποίντα
322 1548 460 1619 ὑπομεῖναι
476 1543 619 1624 πρότερον,
636 1547 671 1611 ὡς
684 1540 796 1610 λππιος
810 1546 824 1600 ὁ
841 1542 976 1622 βέλτιστος

196 1657 210 1685 ιι
225 1634 255 1692 lx
270 1632 368 1691 πολλοῦ
384 1630 418 1690 τὰ
437 1630 508 1690 δεινθ
522 1633 704 1712 προορώμενος
724 1631 813 1703 ἠξίου·
829 1635 852 1690 εί
871 1632 899 1691 δί
921 1632 975 1709 μὴ,

143 1749 168 1787 1⁵
196 1725 268 1780 ιινῦν
299 1743 328 1798 γι
356 1722 523 1797 ὁμοθυμαδὸν
551 1721 669 1789 ἅπαντας
694 1721 735 1789 tio
737 1721 864 1802 ριίξαντας
890 1720 974 1793 αὐτὴν

195 1809 361 1919 «πρόρριζον
371 1812 445 1868 ts*
412 1833 458 1881 της
472 1808 572 1878 πόλεως
584 1811 720 1884 inscitus,
731 1808 780 1878 ἕως
793 1811 902 1883 ἀσθενής
918 1813 974 1870 ἔστι

195 1921 268 1958 ιικαι
290 1899 622 2011 προσπολεμηθῆναιρφδ
614 1921 650 1961 ια.
693 1896 749 1960 Καί
764 1896 833 1957 τοῦτ’
855 1900 884 1957 66
898 1898 973 1976 πρίν·

195 2013 209 2041 ιι
223 2010 275 2054 τοις
296 1990 375 2063 ὑμῖν,
391 2013 414 2046 ω
395 1975 525 2066 βουλὴ,
546 1986 604 2045 οὐδὲ
622 2009 709 2063 μονοις
722 1984 851 2062 ίξιγένιτο
863 1989 970 2062 παθεῖν,

195 2076 327 2141 «πολλοῖς
348 2074 375 2132 δὲ
399 2076 444 2133 καί
463 2071 590 2139 πολλάκις
611 2073 662 2145 ήδη
683 2075 736 2138 τοῖς
759 2074 795 2137 είς
812 2069 972 2181 ιἰὁουλήτφυς

140 2191 168 2232 οη
195 2189 208 2216 ιι
224 2163 339 2242 ἀνάγκας
360 2172 524 2236 καταστᾶσι,
545 2162 652 2240 γνώμης
672 2160 821 2240 ἁμαρτοῦσι
834 2163 881 2229 τῆς
896 2158 973 2239 ἀρίσ-

194 2278 207 2305 ιι
222 2277 270 2323 της
285 2274 334 2329 περ
335 2252 346 2308 I
360 2250 393 2309 τά
408 2251 538 2329 μέγιστα,
560 2249 651 2322 ἐπειδὴ
673 2248 721 2317 τάς
743 2248 825 2329 ἀρχδις
840 2250 889 2308 οῦκ
902 2248 972 2309 ἐκώ-

194 2367 207 2394 o
221 2343 303 2400 λυσαν
326 2344 371 2399 τοῦ
394 2345 495 2415 κακοῦ,
516 2338 563 2408 al<
580 2338 701 2411 αὐξήσεις
718 2342 859 2418 πειρᾶσθαι
878 2341 971 2396 καθαι-

193 2454 208 2482 ιι
222 2437 288 2509 ριῖν·
308 2429 387 2500 καλή
402 2428 589 2540 μετοίνοια
554 2451 606 2488 των
620 2426 668 2509 666
688 2426 841 2507 ἀρχομένων
863 2448 972 2539 σωφρο-

192 2543 207 2572 ι
219 2525 271 2577 νεῖν
285 2506 419 2590 ἥττων’ς
388 2540 455 2577 ouon
469 2521 515 2588 τῆς
528 2515 667 2596 προνοίας,
686 2516 744 2575 καθ’
760 2504 896 2595 ἕτερον
862 2538 971 2592 αυτ

138 2635 164 2674 ης
192 2631 206 2659 ιι
219 2629 269 2665 πον
284 2608 312 2664 οὐ
325 2604 421 2685 χιίρων
440 2593 508 2663 οῦσα
530 2604 716 2685 ἀναφαίνεται,
737 2607 770 2684 τῇ
793 2602 907 2662 κωλὸσιι
923 2609 970 2663 τοῦ

192 2720 205 2747 ιι
219 2694 309 2761 τέλους
323 2693 524 2773 ἀφανίζουσα
500 2717 530 2754 το
544 2695 624 2753 δι”
591 2717 625 2773 τῃ
639 2696 709 2774 ἀρχῇ
728 2692 875 2771 ἀγνοηθέν.

230 2784 336 2845 XXIII.
360 2810 373 2838 ιι
395 2786 429 2844 Εἰ
445 2782 473 2843 δι’
490 2807 558 2844 τισιν
571 2786 643 2861 ὑμῶν
659 2781 730 2842 δεινὰ
746 2781 793 2860 μίν
813 2781 846 2842 τίι
860 2804 905 2842 του
922 2782 969 2856 δή·

192 2898 206 2925 ιι
222 2892 272 2948 μου
287 2869 350 2948 ἔργα
365 2862 436 2932 εἶναι
457 2874 545 2946 δοκεῖ,
562 2871 608 2932 καί
628 2873 795 2930 κεκωλῦσθαι
810 2871 888 2931 αὑτὸν
903 2869 970 2929 οῖον-

193 2985 208 3014 ιι
220 2981 266 3018 ται
286 2959 338 3018 δεῖν
354 2958 387 3018 τδι
405 2959 486 3019 λοιπθ
507 2959 736 3039 ίξαμαρτοίνοντα,
761 2956 817 3025 δεός
839 2956 862 3017 δ’
883 2958 969 3041 strip-

137 3082 165 3123 ,ο
195 3070 315 3128 ιιχιται,
341 3046 378 3126 μὴ
397 3047 490 3116 δόξωσι
519 3049 590 3107 lim
611 3045 657 3114 τθς
684 3046 824 3123 ὁμολογίας
847 3045 968 3126 πρότεροι

194 3162 208 3191 ιι
222 3135 267 3195 καί
287 3134 463 3215 παραθαίνειν
480 3133 539 3203 τοὺς
562 3135 653 3216 ὅρκους
660 3178 669 3206 ,
691 3131 833 3213 γνώτωσαν
847 3132 902 3206 ὅτι,
922 3136 969 3193 οὐκ

192 3226 357 3306 «ἄρχοντες,
382 3225 441 3282 ἀλλ’
455 3223 632 3302 ἀμυνόμενοι,
655 3224 709 3283 οὐδ’
733 3225 899 3301 ἀναιροῦντας
921 3222 968 3291 τίς

191 3313 379 3391 «ὁμολογίας,
403 3314 472 3372 ἀλλά
491 3310 550 3381 τοθς
573 3311 738 3393 ἀνῃρηκότας
757 3309 966 3392 τιμωρούμενοι,

191 3429 204 3456 ιι
219 3401 283 3462 αὐτὸ
304 3401 415 3481 δρῶσιν,
438 3399 552 3460 ἀναίτιοί
573 3423 602 3459 τε
622 3400 686 3480 πρθς
709 3398 782 3467 θεοὺς
805 3400 908 3459 ἔσονται
921 3402 966 3461 καί

136 3522 163 3562 35
191 3491 263 3550 «ἐπὶ
284 3494 323 3571 τῷ
347 3488 464 3571 σφετέρῳ
485 3490 645 3571 συμφέροντι
668 3489 702 3548 rt
721 3489 811 3549 δίκαια
825 3489 964 3570 πράξουσι.

191 3607 204 3633 ιι
220 3579 298 3657 Μέγα
319 3578 346 3638 δὲ
371 3581 431 3655 ὑμῖν
449 3577 563 3656 γενέσθω
584 3577 685 3659 τικμήρ
688 3601 739 3652 ιον,
762 3577 802 3639 ὁτι
825 3584 871 3639 τοῦ
893 3579 965 3641 λθειν

190 3667 265 3776 ιιτάς
287 3665 426 3745 ὁμολογίας
448 3689 493 3726 και
510 3669 704 3777 παρασπονδεῖν
720 3670 798 3749 οὐχ’
787 3669 876 3745 υμιῖς,
896 3669 965 3729 ἀλλὰ

191 3755 247 3814 ιιτθ
269 3753 443 3830 δημοτικθν
425 3778 502 3833 αρχιι
523 3755 601 3835 μέρος
622 3756 670 3814 οὐκ
686 3754 772 3824 ἀξιοῦν
787 3756 908 3833 ίμμίνειν
923 3759 964 3862 ἐφ’

191 3833 307 3909 «⁸664
280 3866 324 3923 ευρ
326 3867 368 3901 ιτο
394 3840 443 3914 τήν
464 3848 513 3901 καθ
490 3841 588 3902 ’·οδθον
616 3844 645 3902 66
668 3843 720 3922 γὰρ
747 3843 849 3900 tut*
814 3866 851 3920 τῳ
878 3848 966 3911 κακῶς

150 3866 324 4007 ηιιρρδᾶσαι
332 3931 379 4003 τήν
406 3926 520 4011 βουλὴν,
541 3930 600 3989 ἀλλ’
626 3930 669 3989 ἐπὶ
691 3954 728 4008 τῳ
709 3930 814 4006 ’(μὴ
805 3953 841 3986 un
843 3930 966 4002 ’ἐκείνης

191 4044 205 4071 ιι
218 4024 360 4078 κακοῦσθαι
380 4020 428 4093 τήν
451 4026 503 4080 τῶν
529 4020 673 4102 δημάρχων
699 3989 815 4087 ἐξουσίαν
824 4018 964 4120 ῄτησατο.

191 4130 205 4158 ι
218 4106 324 4181 Χρῆται
334 4106 407 4165 δὲ’
379 4112 446 4187 αυτῇ
459 4106 546 4166 οὐκέτι
558 4108 594 4173 είς
606 4105 624 4163 ἀ
640 4109 678 4164 δεῖ
690 4106 768 4165 οὐδ”
756 4104 796 4186 ιφ’
811 4095 849 4172 οἷς
863 4104 963 4185 εὕρετο,

191 4219 205 4246 ιι
221 4194 280 4251 ἀλλ’
303 4192 375 4252 ἐπίδ
362 4196 487 4276 διαφθορ
471 4221 487 4254 α
504 4197 549 4255 καὶ
564 4196 687 4275 συγχύσει
704 4199 750 4266 τῆς
764 4193 875 4274 πατρίου
887 4195 963 4254 πολι-

191 4310 204 4338 ιι
220 4281 300 4348 τείας.
350 4284 492 4360 θίέμνησθι
513 4284 564 4366 γθρ
589 4286 672 4358 δήπου
695 4283 742 4356 τήν
767 4284 859 4343 νεωστί
885 4307 963 4363 γενο·

136 4405 163 4445 fs
191 4398 203 4425 ιι
218 4371 300 4449 με’νην
321 4372 479 4445 ἐκκλησίαν,
500 4375 545 4433 καί
569 4373 628 4442 τοὺς
651 4374 702 4434 ὁπδ
723 4377 775 4433 τῶν
797 4376 963 4453 δημαγωγῶν

190 4486 204 4514 ιι
220 4460 341 4540 ῥηθέντας
356 4461 381 4516 ε’ν
397 4463 463 4540 αὐτῇ
484 4462 593 4542 λόγους,
611 4463 674 4535 ὅσην
690 4462 855 4533 ἐπεδείξαντο
877 4464 961 4523 αὖθί-

190 4575 203 4602 ιι
218 4549 288 4605 διιοίν
303 4571 331 4606 τε
352 4548 397 4605 καὶ
421 4551 565 4627 ἀκοσμίαν,
585 4552 630 4612 καί
645 4559 689 4611 νῦν
709 4555 749 4634 ἐφ’
766 4551 820 4614 οἵου
835 4554 899 4612 εἰσίν
915 4555 962 4611 αὖ·

190 4666 203 4692 ιι
217 4638 336 4718 χήματθι
352 4639 375 4695 θί
391 4636 472 4713 μηδὲν
493 4640 561 4716 ὑγιὲς
587 4647 755 4722 φρονοῦντες,
771 4642 860 4715 ἐπειδὴ
881 4641 961 4719 ἔγνω-

190 4754 203 4780 ιι
219 4750 268 4786 σαν
288 4730 323 4793 ὡς
342 4727 367 4782 ἐν
394 4730 426 4805 τῇ
450 4726 529 4806 ψήφῳ
554 4728 623 4788 ἐστὶν
645 4729 714 4788 ἅπαν
743 4729 772 4789 τδ
794 4735 840 4802 τῆς
861 4729 962 4798 πόλεως

136 4845 163 4885 50
190 4841 203 4868 ιι
218 4816 326 4894 κράτος,
349 4808 379 4887 ἧς
395 4816 469 4873 αὐτοὶ
485 4815 646 4893 κρατήσουσι
663 4819 768 4887 πλείους
790 4822 864 4896 ήμῶν
879 4819 959 4886 ὄντες.

192 4929 205 4956 ιι
218 4906 254 4963 Τί
270 4896 313 4964 666
328 4905 516 4965 καταλείπεται
531 4918 614 4966 ποιεῖν
628 4913 692 4984 ήμῖν
708 4906 840 4986 ἀρξοίντων
856 4905 960 4965 ἐκείνων

1035 490 1194 554 «placuerit,
1204 495 1230 543 et
1243 493 1326 544 nullus
1337 491 1530 558 simulacrum
1548 496 1649 551 iniuriam
1662 505 1811 571 probibeat,

1033 588 1047 613 ιι
1060 584 1107 621 nou
1123 573 1251 639 privatus,
1264 591 1312 627 non
1327 577 1495 642 magistratus,
1515 582 1813 649 metulegisqusevobis

1033 658 1085 707 ιιι
1103 656 1202 709 dicerrdi
1223 662 1370 714 olfaciendi
1395 663 1533 715 libertatem
1552 666 1638 731 eripit,
1663 673 1689 721 et
1710 687 1812 737 poenam

1032 758 1046 783 ιι
1060 741 1148 792 mortis
1169 743 1279 795 minatur
1299 745 1404 798 liberam
1421 761 1510 799 uorem
1530 752 1712 815 emittentibus,
1728 761 1813 822 quod-

1033 842 1046 867 ιι
1060 838 1117 876 uam
1130 825 1198 877 allud
1218 842 1306 880 nomen
1325 830 1385 882 huic
1406 832 1524 896 potestati
1543 834 1648 887 decebat
1669 839 1759 904 imponi
1779 843 1812 892 ab

1032 928 1045 953 ιι
1059 909 1104 970 iis,
1118 911 1162 974 qui
1173 925 1257 962 mam
1267 916 1374 964 mantem
1384 914 1489 977 babent,
1500 930 1575 980 quam
1586 921 1733 985 tyrannidis,
1743 927 1812 988 quorl

1033 1011 1046 1036 ιι
1060 1006 1149 1044 verum
1161 1007 1216 1046 esse
1231 997 1269 1047 vel
1289 997 1401 1048 omnium
1423 1001 1534 1049 vestrum
1552 1003 1708 1056 confessione
1733 1011 1812 1073 argui·

968 1102 976 1126 ι
1031 1095 1044 1121 ι
1062 1078 1122 1126 turi
1141 1077 1202 1141 quid
1215 1077 1280 1128 enim
1296 1080 1388 1144 refert,
1405 1085 1490 1133 utrum
1509 1085 1582 1135 unius
1599 1088 1659 1146 viri,
1679 1103 1711 1139 an
1732 1093 1809 1144 totius

1031 1177 1044 1201 ι
1059 1157 1151 1222 plebis,
1164 1160 1319 1223 tyrannidem
1330 1161 1455 1214 lemnius?
1472 1166 1583 1217 Effectus
1598 1169 1664 1220 euim
1679 1172 1811 1238 utriusque

1033 1261 1045 1285 ι
1059 1243 1126 1295 idern
1147 1247 1194 1296 est.
1246 1247 1373 1311 Optimum
1394 1248 1472 1312 igitur
1494 1251 1595 1312 luisset,
1617 1255 1637 1304 si
1663 1270 1695 1306 ne
1718 1259 1810 1308 semina

1030 1347 1044 1373 ι
1059 1326 1161 1392 quidem
1172 1328 1247 1380 huius
1260 1332 1391 1394 potestatis
1404 1331 1452 1383 laci
1467 1337 1656 1399 permisissetis,
1672 1341 1716 1391 sed
1735 1342 1808 1405 qnid·

1031 1430 1045 1455 ιι
1058 1410 1098 1462 ris
1111 1412 1193 1477 potius
1206 1415 1384 1480 pertulissetis,
1396 1417 1461 1467 sicut
1472 1422 1695 1482 praestautissimus
1707 1426 1807 1490 Appius.

1030 1518 1043 1542 ι
1058 1497 1113 1549 lanc
1132 1499 1197 1551 mala
1219 1501 1298 1551 multo
1321 1506 1378 1553 ante
1396 1504 1564 1569 prospiciens,
1588 1507 1729 1560 faciendum
1751 1525 1809 1563 cen·

1031 1581 1139 1634 «nebat.
1192 1583 1266 1642 Quod
1286 1583 1411 1647 quianon
1439 1587 1533 1637 lactum
1560 1592 1607 1653 est,
1626 1605 1693 1642 nunc
1720 1595 1808 1645 saltem

1031 1685 1044 1710 ι
1057 1668 1185 1730 oporteret
1191 1680 1236 1716 uos
1246 1680 1331 1717 omues
1345 1681 1393 1718 uno
1404 1681 1523 1721 consensu
1535 1671 1600 1722 hauc
1612 1674 1729 1726 radicitus
1739 1678 1808 1728 evul-

1030 1766 1043 1791 ι
1056 1764 1109 1801 sam
1126 1765 1141 1802 e
1158 1750 1285 1817 republica
1296 1751 1402 1815 eiicere,
1415 1752 1495 1805 donec
1514 1756 1598 1808 adhuc
1617 1763 1656 1809 est
1674 1760 1768 1812 insnum
1781 1764 1807 1813 et

1031 1854 1043 1878 ιι
1057 1840 1198 1900 expugnatu
1213 1837 1299 1887 facilis.
1332 1841 1415 1902 Neque
1424 1853 1495 1905 uero,
1505 1846 1590 1906 patres
1603 1846 1744 1910 conscripti,
1760 1847 1807 1899 hoc

1029 1939 1042 1963 ι
1056 1918 1127 1968 nobis
1143 1918 1229 1982 primis
1242 1923 1288 1981 aut
1302 1920 1361 1972 solis
1382 1923 1498 1988 contigit,
1521 1925 1565 1976 sed
1586 1930 1613 1977 ct
1634 1929 1720 1980 multis
1738 1931 1807 1995 aliis,

1030 2026 1042 2050 ι
1056 2002 1130 2065 idque
1144 2002 1194 2054 iam
1206 2004 1312 2068 sapius,
1326 2010 1357 2057 ut
1373 2020 1419 2075 per
1432 2009 1662 2062 inconsiderantiam
1677 2015 1710 2064 ad
1724 2029 1808 2067 neces·

1028 2105 1041 2130 ι
1055 2085 1142 2135 sitates
1155 2086 1251 2148 adacti,
1267 2089 1292 2138 iu
1306 2088 1384 2141 rebus
1401 2091 1502 2143 maximi
1521 2096 1640 2146 momenti
1660 2096 1694 2146 ab
1714 2099 1807 2162 optima

1029 2170 1174 2220 «sententia
1195 2170 1350 2236 aberrantes,
1372 2176 1440 2239 quod
1458 2177 1516 2228 mali
1538 2177 1665 2245 principiis
1688 2197 1738 2232 non
1757 2184 1805 2234 ob-

1028 2271 1041 2295 ιι
1057 2253 1191 2319 stitisseut,
1210 2261 1295 2320 postea
1312 2260 1367 2311 eius
1381 2261 1531 2315 incrementa
1544 2263 1631 2316 tollere
1644 2271 1803 2319 conarentur.

1029 2355 1041 2379 ι
1056 2338 1175 2395 Quamvis
1195 2343 1279 2391 aulem
1292 2343 1436 2403 pmnileutin
1456 2358 1554 2408 eorum,
1567 2347 1610 2409 qui
1636 2362 1692 2399 sero
1715 2365 1804 2415 sapere

1029 2439 1043 2465 ι
1055 2421 1187 2487 incipiunt,
1200 2436 1248 2474 nou
1261 2423 1295 2476 sit
1306 2428 1456 2480 conferenda
1467 2443 1525 2481 cum
1536 2431 1708 2497 providentia,
1721 2440 1804 2490 tamen

1029 2523 1041 2546 ι
1055 2506 1153 2555 cnustat
1184 2519 1238 2557 eam
1260 2507 1309 2557 alio
1330 2509 1405 2562 modo
1431 2511 1474 2564 illa
1493 2527 1544 2566 nou
1562 2527 1619 2566 csse
1642 2516 1804 2584 inferiorem,

1027 2607 1040 2631 ι
1055 2588 1114 2652 qnia
1135 2588 1203 2640 delet
1223 2590 1330 2655 priorem
1354 2595 1530 2663 ignorantiam,
1557 2599 1619 2654 dum
1641 2600 1746 2669 impedit
1776 2621 1806 2659 ne

1027 2696 1040 2719 ι
1054 2689 1094 2726 res
1109 2675 1142 2726 ad
1155 2677 1229 2730 linem
1242 2680 1399 2743 perducatur.

1058 2777 1145 2826 llltlll.
1164 2796 1177 2820 ι
1194 2776 1267 2834 Quod
1286 2779 1308 2829 si
1318 2779 1363 2843 qui
1371 2784 1483 2835 vestrum
1492 2784 1598 2838 moleste
1611 2788 1695 2843 ierunt
1704 2806 1806 2856 gravem

1028 2890 1040 2914 ιι
1055 2869 1133 2934 plebis
1152 2871 1322 2934 insolentiam,
1342 2877 1369 2925 et
1391 2887 1445 2926 earn
1474 2882 1680 2943 compescendam
1701 2887 1804 2949 putant,

1028 2982 1041 3007 ιι
1053 2977 1085 3014 ue
1096 2966 1213 3029 peccandi
1233 2967 1329 3018 licentia
1341 2969 1445 3020 ulteria
1465 2973 1650 3038 progrediatur;
1666 2979 1708 3028 sed
1720 2983 1803 3031 lamen

1026 3075 1039 3100 ι
1053 3059 1121 3108 metu
1144 3062 1266 3122 tenentur,
1288 3074 1319 3112 ne
1340 3061 1462 3125 prioresa
1478 3067 1606 3118 conventis
1625 3070 1753 3122 discedere
1776 3079 1801 3124 et

1026 3171 1038 3194 ι
1053 3150 1223 3203 iusiurandum
1238 3152 1327 3203 violare
1348 3153 1478 3206 videantur
1501 3175 1508 3205 ι
1528 3158 1607 3211 sciant
1629 3162 1685 3223 isti,
1705 3180 1732 3215 se
1750 3182 1801 3219 nou

1026 3261 1038 3285 ι
1052 3243 1164 3294 illaturos
1179 3243 1304 3304 iniuriam,
1318 3242 1363 3294 sed
1380 3244 1476 3297 illatam
1488 3250 1645 3315 repulsurus,
1661 3267 1707 3304 uec
1720 3257 1800 3308 viola-

1024 3356 1037 3379 ι
1050 3340 1120 3387 turos
1135 3337 1261 3400 pactu‚sed
1274 3349 1357 3387 eorum
1372 3336 1504 3391 violatores
1517 3340 1627 3406 ulturos,
1642 3360 1718 3410 seque
1734 3352 1801 3414 apud

1023 3450 1036 3474 ι
1051 3429 1111 3481 deos
1124 3431 1149 3479 iu
1164 3430 1231 3480 nulla
1244 3430 1318 3495 culpa
1331 3429 1386 3481 ideo
1401 3431 1513 3496 futuros,
1532 3440 1558 3486 et
1573 3437 1613 3502 pie
1629 3453 1659 3489 ac
1672 3442 1737 3493 iuste
1749 3446 1802 3495 suis

1023 3520 1187 3572 «commodis
1218 3521 1383 3571 consulturos.
1435 3525 1488 3574 lloc
1516 3529 1600 3578 autem
1629 3543 1744 3593 magnum
1770 3535 1803 3585 sit

1019 3640 1032 3665 ι
1048 3619 1118 3670 vobis
1134 3621 1306 3683 argumentum
1320 3632 1370 3668 non
1383 3633 1399 3670 a
1413 3620 1484 3671 vobis
1499 3623 1621 3686 prioribus
1634 3627 1733 3680 loederis
1746 3646 1803 3682 con·

1023 3738 1035 3763 ι
1049 3716 1155 3767 ditiones
1169 3711 1269 3771 uiolari,
1288 3711 1332 3762 sed
1344 3727 1359 3764 a
1370 3714 1455 3778 plebe,
1475 3717 1543 3780 quod
1557 3720 1620 3770 nolit
1632 3726 1698 3774 stare
1715 3728 1802 3778 condi-

1021 3834 1034 3858 ι
1048 3810 1173 3867 tionibus,
1186 3806 1275 3869 quibus
1294 3807 1401 3858 reditum
1420 3809 1570 3875 impetrarit.
1606 3817 1660 3866 Non
1672 3819 1750 3880 euim,
1773 3826 1800 3873 nt

1022 3934 1034 3958 ι
1054 3914 1163 3964 senatum
1177 3908 1301 3965 alliceret,
1322 3908 1364 3957 sed
1384 3919 1415 3957 ne
1429 3907 1461 3957 ab
1477 3909 1675 3974 illoaftioeretur,
1694 3919 1800 3969 tribuni-

1021 4025 1034 4048 ιι
1048 4005 1107 4053 tium
1121 4003 1268 4066 potestatem
1290 3997 1369 4062 petiit.
1407 4000 1459 4047 lam
1472 4012 1532 4050 uero
1553 4014 1583 4052 ea
1599 4005 1686 4068 utitur,
1701 4022 1749 4059 uon
1767 4010 1799 4060 ad

1021 4115 1035 4141 ι
1047 4108 1104 4159 ηοω
1120 4093 1157 4145 uti
1177 4093 1260 4154 debet,
1275 4104 1354 4154 noque
1377 4089 1408 4139 ad
1422 4090 1578 4156 impetravit,
1597 4096 1640 4147 sed
1651 4099 1683 4148 ad
1695 4114 1798 4168 corrup-

1020 4204 1033 4229 ι
1046 4184 1122 4237 telam
1137 4186 1163 4234 et
1175 4182 1342 4232 contusionem
1359 4178 1433 4243 patrii
1453 4179 1596 4244 reipublicae
1614 4189 1703 4238 status.
1735 4193 1797 4242 itam

1021 4285 1112 4333 auerte
1135 4280 1280 4331 meministis
1299 4277 1424 4328 concionis
1444 4290 1522 4341 nuper
1540 4277 1644 4344 habite,
1659 4284 1796 4349 eteorum,

1020 4394 1032 4418 ιι
1047 4388 1130 4440 quma
1147 4374 1251 4424 tribunis
1269 4372 1304 4421 ibi
1323 4370 1390 4420 dicta
1414 4372 1481 4429 sunt,
1501 4377 1617 4433 quantam
1633 4376 1796 4439 arrogantium

1019 4479 1032 4505 ιι
1046 4465 1119 4526 atque
1131 4460 1289 4526 petulantiam
1307 4457 1471 4517 ostenderint3
1483 4463 1508 4508 et
1525 4474 1591 4511 nunc
1604 4462 1709 4527 uidetis,
1721 4477 1796 4527 quarn

1020 4556 1183 4608 «alienantur
1206 4556 1283 4606 insani
1312 4555 1441 4612 homines,
1464 4552 1506 4603 ubi
1528 4556 1696 4617 cognoverunt
1719 4555 1797 4603 lolam

1019 4665 1032 4689 ιι
1046 4646 1188 4709 reipublicae
1200 4646 1335 4709 potentiam
1347 4645 1372 4694 in
1384 4642 1512 4708 suffragiis
1527 4643 1635 4707 positam
1648 4656 1712 4702 esse,
1722 4657 1797 4707 quam

1019 4755 1032 4780 ι
1046 4733 1117 4786 facile
1137 4736 1300 4796 obtinebunt,
1317 4734 1384 4798 quod
1407 4747 1510 4783 numero
1522 4746 1567 4782 nos
1588 4732 1698 4782 vincant.
1732 4730 1798 4788 Quid

1018 4846 1030 4869 ι
1045 4825 1121 4889 igitur
1132 4826 1203 4875 nobis
1217 4825 1357 4875 laciendum
1369 4825 1461 4883 restat,
1474 4820 1591 4887 quoniam
1602 4821 1650 4887 ipsi
1665 4822 1760 4885 priores
1771 4822 1797 4868 et

1018 4933 1030 4957 ιι
1045 4913 1137 4964 foedora
1148 4917 1174 4963 et
1188 4914 1242 4963 iura
1258 4914 1388 4969 violarunt.
1404 4912 1451 4963 nisi
1462 4914 1489 4961 ut
1501 4910 1617 4961 iniuriam
1629 4909 1722 4959 illatam
1738 4919 1795 4969 pro-

191 5014 206 5044 ιι
218 4997 412 5069 παρασπονδεῖν
426 4995 469 5053 καί
483 4997 662 5073 παρανομεῖν,
679 4998 701 5055 ai
716 4994 754 5071 μή
771 4993 800 5053 τδ
815 4995 959 5074 ἀμύνεσθαι
1018 5000 1188 5065 «pulsemus,
1206 5003 1231 5050 et
1251 5014 1307 5063 quae
1320 5000 1449 5064 hucusque
1468 4998 1559 5050 iniuste
1576 4997 1683 5056 habeut,
1695 5005 1724 5044 ea
1746 4990 1796 5040 illis

192 5100 205 5128 ιι
218 5075 276 5142 τοὺς
292 5078 432 5154 ἄρξαντας,
444 5081 490 5140 καί
504 5080 598 5149 ario<
608 5083 705 5148 ἀδίκως
720 5080 835 5161 ἔχουσιν,
849 5079 959 5161 ἀφελίσ·

1015 5108 1029 5134 ι
1046 5088 1100 5139 iure
1113 5085 1263 5145 adimamus,
1277 5089 1301 5136 et
1318 5086 1341 5135 in
1357 5089 1485 5150 posterum
1500 5086 1564 5136 lianc
1577 5098 1658 5135 rerum
1672 5079 1794 5132 maiorum

193 5166 266 5223 *θαι
284 5162 329 5222 σὺν
345 5167 420 5244 δίιῃι
440 5168 485 5227 καί
499 5171 534 5235 εἷς
550 5169 580 5228 τὸ
600 5170 691 5228 λοιπὸν
711 5174 813 5228 παῦσαι
834 5169 960 5230 πλειόνων
986 5246 989 5250 ⁴
1016 5176 1206 5243 «cupiditatem
1229 5187 1414 5238 compescamus
1437 5194 1443 5225 :
1464 5174 1512 5225 diis
1535 5174 1637 5238 gratiam
1659 5168 1809 5256 habentes,⁸
