3772 5828
176 278 234 336 722

178 433 208 468 τι
224 408 269 470 καί
290 409 421 490 δημοσία,
438 409 484 470 καὶ
494 408 591 477 ταύτας
605 410 652 477 sir:
666 410 755 491 ρωνδις
769 410 957 471 ἐπιθισπίσαν·

181 519 241 567 τες,
255 497 427 558 ἀπέπλευσαν
442 499 473 556 ἐκ
487 503 535 570 τ’ής
552 499 663 566 πόλεως.
680 498 780 561 [lrat'tt.

219 584 269 645 l'l.
295 585 362 664 (Π,
383 585 421 665 9)
444 583 519 665 Ἄρτι
546 587 574 644 δέ
595 586 720 664 Αἰμιλίου
742 584 884 667 Βαρόούλα
900 585 958 646 ἐπί·

178 675 272 745 κλησιν
291 671 339 745 τήν
368 672 453 754 ἀρχὴν
477 673 684 754 παρειληρότος,
712 679 834 756 παρῆσαν
858 677 882 734 οί
911 675 956 735 abo

138 789 151 826 ι,
178 765 217 840 τῷ
230 763 374 843 Ποστομίῳ
390 763 551 844 πεμρθίντις
563 765 599 829 εἰς
612 763 657 822 τὸν
673 763 798 843 Τάραντα
811 760 954 844 πρίσόεις,

179 851 317 932 ἀπόκρισιν
332 853 379 930 μὲν
399 851 524 928 οὐδεμίαν
545 851 683 932 φύροντες,
706 853 753 920 τάς
779 853 806 912 δὲ
826 852 912 934 θύραις
926 852 957 920 ie

177 933 246 1014 ήσαν
263 942 413 1021 ύόρισμίνοι
430 942 494 1025 πρὸς
509 943 596 1000 αιίτῶν
626 941 778 1014 διεξιόντας,
796 943 841 1001 καί
861 943 910 1014 τήν
930 944 957 1001 ἐ-

178 1034 262 1101 σθῆτα
275 1037 320 1090 τοῦ
333 1032 484 1108 Ποστομίου
499 1033 588 1090 πίστιν
604 1033 656 1089 τῶν
668 1029 752 1107 λόγων
765 1030 952 1111 παρεχόμενοι.

177 1117 393 1197 ’λγανακτήσιως
415 1120 443 1179 δὲ
459 1120 578 1197 μεγάλης
596 1118 622 1187 ἐξ
648 1119 774 1179 ἁπάντων
792 1126 953 1198 γινομένης,

124 1229 149 1265 ιιι
177 1209 368 1286 συναγαγόντες
381 1208 428 1280 τήν
450 1207 546 1287 βουλὴν
567 1210 591 1267 ol
605 1209 666 1289 περὶ
680 1209 724 1268 τὸν
747 1208 870 1281 Αἰμίλιον
884 1207 955 1265 ύπα-

175 1319 230 1375 τοι,
246 1296 271 1355 τί
285 1302 338 1376 χρή
354 1296 482 1376 πράττειν
496 1294 643 1370 ἐσκόπουν,
657 1295 737 1353 ἕωθεν
750 1294 891 1373 ἀρξάμενοι
906 1294 953 1371 με’-

174 1408 220 1465 χρι
244 1386 342 1452 δύσεως
365 1386 455 1456 ἡλίου·
479 1383 526 1443 καί
548 1389 624 1444 τοῦτο
646 1383 773 1455 ἐποίησαν
796 1385 836 1463 ἐρ’
852 1383 954 1465 ἡμέρας

174 1474 282 1553 συχνάς.
299 1510 338 1518 -
357 1471 418 1552 (to)
436 1463 492 1533 Ἦν
507 1471 562 1543 δή
583 1470 689 1543 ζήτησις
703 1472 753 1552 οὐχ
761 1469 828 1552 ὑπὲρ
850 1476 894 1530 τοῦ
908 1473 954 1531 λε·

174 1564 268 1621 λῦσθαι
285 1563 333 1632 τδις
347 1562 469 1640 περὶτῆς
485 1561 590 1640 εἰρήνης
606 1560 745 1640 ὁμολογίας
758 1562 810 1620 ὑπὸ
824 1565 876 1620 τῶν
894 1564 952 1622 Τα-

122 1669 145 1705 ιι
175 1652 314 1728 ραντίνων·
332 1656 409 1713 τοῦτο
425 1653 476 1732 γδιρ
495 1649 610 1717 άπαντες
624 1650 790 1728 ὡμολόγουν·
811 1654 871 1711 ἀλλ’
887 1651 953 1734 θπέρ

172 1745 218 1798 τοῦ
227 1743 322 1822 χρόνου
332 1746 379 1814 τῆς
392 1741 647 1818 άποσταλησομίνης
658 1741 700 1800 ἐπ’
712 1740 804 1809 αὐτοὺς
814 1751 950 1820 στρατιᾶς.

171 1817 264 1889 Ἦσαν
281 1830 331 1910 γάρ
351 1853 419 1899 τινες
435 1832 459 1889 ol
474 1836 659 1910 παραινοῦντες
682 1829 763 1908 μήπω
778 1837 868 1890 τοῦτον
888 1833 952 1890 άνα-

171 1916 317 1992 λαμόάνειν
329 1916 373 1976 τόν
386 1917 515 1993 πόλεμον,
526 1918 575 1984 ἕως
590 1915 721 1976 Λευκανοί
734 1919 760 1974 τ’
774 1917 950 1996 άρεστήκασι,

171 2005 218 2065 καί
231 2007 360 2087 opimos,
374 2005 421 2066 καλ
429 2012 482 2066 τῶν
493 2008 630 2066 Σαυνιτῶν
642 2006 709 2065 πολὺ
719 2008 764 2066 καὶ
772 2008 949 2088 φιλοπόλεμον

116 2119 143 2157 ao
171 2099 257 2170 ἔθνος,
281 2096 326 2155 καλ
340 2097 477 2175 Τυρρηνία
496 2095 561 2171 παρ’
582 2097 674 2162 αὐταῖς
690 2085 756 2154 ούσα
780 2101 838 2163 ταῖς
862 2096 952 2178 θύραις

169 2186 209 2244 ἔτι
223 2184 367 2266 ἀχείρωτος
386 2176 437 2257 ήν·
455 2186 516 2243 ἀλλ’
530 2183 592 2243 όταν
608 2184 749 2264 ὑποχείρια
764 2184 874 2264 γίνηται
887 2186 950 2248 τάδε

169 2273 203 2330 τθι
217 2273 295 2345 ἔθνη,
314 2272 431 2350 μάλιστα
453 2272 500 2348 μὲν
515 2271 638 2346 άπαντα,
656 2274 680 2331 εί
693 2272 721 2332 δέ
736 2271 774 2350 μή
793 2296 823 2352 γι
838 2272 872 2331 τὰ
886 2274 951 2354 πρὸς

132 2350 136 2357 ’
169 2361 299 2430 ἀνατολὰς
312 2362 358 2422 καλ
372 2363 485 2437 πλησίον
496 2368 542 2422 τοῦ
557 2360 693 2442 Τάραντος
708 2360 830 2437 κείμενα.
884 2363 949 2432 Τοῖς

168 2452 196 2512 δὲ
218 2451 344 2512 τάναντία
372 2450 472 2520 τούτοις
499 2452 620 2533 ἐφαίνετο
644 2452 785 2532 συμρίρειν
812 2451 878 2526 μηδὲ
904 2454 949 2514 τδν

114 2558 141 2596 ετ
168 2542 308 2623 ἐλάχιστον
332 2540 426 2623 χρόνον
450 2540 608 2619 άναμίνειν,
636 2541 697 2599 ἀλλ’
716 2539 883 2621 ἐπιψηφίζειν
903 2543 948 2603 τδν

168 2631 285 2708 πόλεμον
299 2629 361 2702 ἤδη.
407 2629 462 2689 Kal
479 2628 537 2688 ἐπεὶ
551 2625 599 2696 τδς
613 2628 720 2706 γνώμας
733 2628 784 2687 ίδει
800 2628 947 2708 διαριθμεῖ-

168 2723 243 2792 σθαι,
261 2717 368 2784 πλείους
384 2716 518 2797 ἐφάνησαν
534 2707 607 2776 ούτοι
621 2718 673 2776 τῶν
690 2715 887 2776 άναόάλλισθαι
902 2718 947 2778 τὸν

168 2806 283 2885 πόλεμον
300 2808 335 2872 εἰς
356 2805 460 2886 ἐτέρους
477 2803 586 2886 καιροὺς
609 2814 819 2884 παραινούντων.
865 2805 946 2867 Καὶὸ

166 2898 248 2974 δῆμος
262 2893 412 2974 ἐπεκύρωσε
428 2894 461 2953 sd
473 2893 585 2963 δόξαντα
597 2898 631 2973 τῆ
648 2895 738 2973 βουλῇ.
756 2892 852 2971 [Ζήτει
867 2895 894 2953 ἐν
908 2898 946 2976 τῷ

112 2998 141 3037 ab
167 2984 227 3065 περὶ
243 2983 500 3065 Στρατηγημάτων]
517 2983 616 3044 [stain.

206 3075 273 3133 λ’Π.
302 3072 365 3151 (Π,
391 3075 439 3146 Η)
511 3071 599 3130 Φύσιν
615 3071 706 3151 ἐχουσι
721 3079 774 3138 τοῖς
787 3071 835 3148 μέν
850 3072 946 3132 διασῶ-

166 3187 211 3223 σαι
231 3161 264 3220 τδι
286 3163 387 3220 ἑαυτῶν
406 3159 492 3237 σἰγοιθδι
504 3159 672 3239 βουλομένοις
692 3161 716 3218 οἱ
732 3159 792 3238 περὶ
807 3160 850 3218 τὸν
867 3161 945 3220 αὐτὸν

166 3250 391 3329 ἀναστρεφόμενοι
405 3249 485 3308 τόπον
501 3248 587 3308 οἰωνοὶ
605 3247 780 3330 σχολαιοτίρογ
795 3254 829 3327 τῇ
849 3250 945 3321 πτήσει

165 3341 230 3420 πρὸς
249 3342 348 3419 άγαθοῶ
362 3329 428 3398 εἶναι
442 3337 592 3414 συμύόλου·
608 3346 662 3405 τοῖς
683 3336 710 3396 δὲ
724 3343 776 3396 τῶν
798 3339 944 3419 ἀλλοτρίων

111 3450 137 3487 aa
166 3427 310 3509 ἐφιεμένοις
329 3429 353 3488 οί
375 3426 424 3499 τήν
444 3425 569 3503 ἐπίτομον
584 3426 628 3485 καλ
645 3435 755 3507 ταχεῖαν
770 3425 854 3503 ὁρμὴν
870 3428 944 3506 ἔχον-

166 3542 206 3584 τες
221 3521 257 3584 εἰς
280 3517 314 3577 τδι
337 3516 441 3597 πρόσω·
463 3507 533 3575 οὗτοι
558 3514 606 3592 μέν
628 3514 680 3597 γδιρ
699 3515 823 3597 πορισταί
852 3516 946 3574 τεκαὶ

166 3607 289 3685 θηρευταί
304 3610 356 3665 τῶν
376 3608 427 3688 οὐχ
440 3605 613 3686 ὑπαρχόντων
628 3606 712 3679 εἰσὶν,
731 3608 824 3664 ἐκεῖνοι
843 3606 870 3664 δὲ
888 3607 945 3663 ἐπί-

165 3718 259 3754 σκοποι
273 3695 319 3754 καὶ
336 3695 451 3775 ρύλακες
469 3698 521 3752 τῶν
536 3694 684 3772 παρόντων.
701 3693 803 3754 Αιιιθν.

208 3789 269 3859 (λθ)
293 3782 417 3843 Ἅπασαν
432 3783 481 3857 τήν
496 3784 625 3860 πολεμίαν
646 3782 756 3860 διεξῄει,
777 3783 890 3864 ἀρούρας
916 3807 945 3842 τε

111 3893 138 3930 ιο
166 3875 280 3948 ἀκμαῖον
295 3875 346 3947 ἤδη
371 3874 401 3932 τδ
421 3872 519 3931 σιτικδν
544 3871 622 3952 μίρος
637 3871 749 3952 ἐχούσας
772 3871 836 3951 πυρὶ
861 3872 945 3939 διδοὺς

166 3960 210 4016 καὶ
226 3961 318 4037 δένδρα
330 3959 486 4040 καρποφόρα
501 3959 607 4039 κείρων.

205 4048 398 4127 Παραπλήσιόν
423 4073 447 4106 τι
472 4048 618 4126 πάσχουσιν
641 4049 668 4105 αἱ
696 4046 944 4125 δημοκρατούμεναι

164 4134 253 4201 πόλεις
278 4137 330 4200 τοῖς
354 4137 510 4214 πελάγεσιν·
524 4136 610 4194 ἐκεῖνά
624 4158 653 4192 τε
677 4134 727 4214 γδιρ
749 4134 800 4191 ὑπὸ
814 4137 865 4192 τῶν
885 4135 944 4194 ἀνέ-

165 4249 222 4301 μων
235 4224 394 4303 ταράττεται
408 4224 483 4303 ιρύσιν
499 4224 594 4304 ἔχοντα
610 4224 735 4302 ἠρεμεῖν,
752 4215 831 4280 αύταί
848 4249 875 4283 τε
893 4225 944 4284 ὑπὸ

110 4337 136 4369 ιι
164 4319 216 4373 τῶν
229 4316 395 4390 δημαγωγῶν
411 4318 554 4388 κυκῶνται,
575 4313 657 4391 μηδὲν
670 4317 695 4372 ἐν
714 4316 821 4379 ἑαυταῖς
833 4313 942 4392 ἔχουσαι

164 4404 256 4462 κακόν.
273 4403 374 4463 Αιιιθν.

204 4495 284 4553 λῚΠ.
314 4496 375 4567 (Π,
401 4492 450 4569 13)
465 4495 525 4551 Τῶν
540 4491 712 4571 Ταραντίνων
733 4493 897 4569 βουλομένων
913 4497 942 4553 ἐκ

162 4588 209 4655 τῆς
226 4580 353 4660 Ἠπείρου
366 4581 473 4658 Πύρρον
494 4581 652 4657 μετακαλεῖν
670 4580 713 4638 ἐπὶ
728 4581 771 4637 τόν
785 4581 856 4638 κατὰ
876 4580 944 4640 Ῥω·

164 4672 250 4748 μαίων
266 4671 400 4747 πόλεμον,
417 4670 462 4727 καὶ
485 4670 543 4737 τοὺς
565 4670 714 4737 κωλύοντας
732 4670 940 4744 ἐξελαυνόντων,

109 4769 135 4806 θθ
164 4762 259 4820 Μέτων
274 4785 312 4827 τις
327 4759 372 4818 καὶ
388 4760 464 4824 αὐτὸς
477 4760 652 4838 Ταραντῖνος,
663 4758 708 4818 ίνα
719 4759 794 4839 τύχοι
807 4765 942 4840 προσοχῆς

163 4851 208 4905 καὶ
225 4849 350 4917 διδάξειεν
367 4848 477 4917 αὐτούς,
495 4850 544 4907 ὅσα
560 4850 628 4925 μετὰ
643 4853 690 4919 τῆς
710 4852 850 4927 βασιλικῆς
866 4850 941 4917 ἐξου-

163 4938 221 5002 σίας
236 4940 271 5003 εἷς
287 4940 364 4996 πόλιν
380 4936 517 5017 ἐλευθέραν
530 4936 576 4995 καί
591 4943 733 5019 τρυφῶσαν
748 4938 937 5008 εἰσελεύσεται,

164 5026 363 5101 συγκαθημένου
388 5032 434 5084 τοῦ
458 5025 589 5101 πλήθους,
617 5030 706 5103 παρῆν
732 5029 768 5092 εἰς
783 5029 813 5085 τὸ
832 5025 939 5104 θέατρον

163 5112 375 5188 ἐστεφανωμένος
409 5112 499 5192 ὥσπερ
529 5116 559 5172 ἐκ
590 5113 752 5190 συμποσίου,
795 5114 939 5186 παιδίσκην

704 277 871 341 DlONYSll
894 279 1272 344 HALlCllilNASSENSlS

1010 418 1120 470 diximus
1132 420 1210 470 veluti
1222 420 1338 484 vaticino,
1351 422 1456 473 Romani
1470 420 1546 486 legati
1559 421 1690 473 maritimo
1708 422 1797 476 itinero

1009 509 1115 559 Tarento
1128 514 1295 560 exceascnrnt
1737 580 1740 584 Ι

1042 599 1084 647 vt.
1098 596 1134 661 (t)
1149 597 1201 648 Sub
1213 597 1290 648 initiis
1303 598 1448 649 consulatus
1462 597 1572 649 concessi
1587 599 1689 651 AEuailio
1700 614 1797 667 cogno·

1009 689 1093 736 mento
1104 685 1228 737 Barbarion
1237 686 1339 737 aderant
1356 686 1388 736 ad
1398 686 1484 737 urbem
1492 685 1568 751 legati
1576 688 1649 739 missi
1657 692 1795 743 Tarentum

1010 787 1067 824 eum
1078 774 1213 836 Postumio,
1226 775 1320 825 nullum
1341 775 1443 838 quidam
1459 788 1605 839 responsum
1621 778 1742 841 terentes,
1755 794 1795 831 ve·

1009 877 1066 915 rum
1073 877 1136 929 quos
1146 863 1212 928 passi
1220 868 1291 915 eraut
1305 864 1466 915 contumelias
1481 870 1620 928 narrantes,
1633 870 1661 918 et
1671 870 1793 920 Postumii

1011 954 1105 1003 restem
1117 951 1205 1003 talium
1218 966 1302 1003 rerum
1310 955 1400 1004 testem
1413 954 1567 1005 exhibentes.
1578 956 1614 1019 (2)
1621 955 1794 1020 indignatione

1009 1041 1120 1091 omnium
1128 1045 1222 1101 coorta,
1232 1040 1318 1092 consul
1328 1041 1442 1093 AEmilius
1448 1046 1473 1093 et
1482 1043 1536 1106 ejus
1544 1042 1648 1108 collega,
1659 1049 1793 1098 coaetose

1009 1133 1079 1188 natu,
1089 1127 1150 1192 quid
1158 1128 1297 1179 iaciendum
1311 1133 1376 1180 esset
1389 1129 1541 1193 querebant,
1553 1129 1586 1179 ab
1596 1135 1656 1181 ortu
1668 1144 1751 1196 usque
1761 1134 1792 1184 ad

1009 1217 1069 1266 solis
1079 1230 1196 1267 occasum
1209 1219 1347 1280 perstantes
1357 1235 1364 1279 ς
1376 1217 1442 1281 quod
1455 1217 1541 1268 multis
1554 1218 1733 1283 continuisque
1744 1221 1793 1272 die·

1009 1305 1056 1355 bus
1067 1304 1172 1355 insecuti
1186 1309 1252 1355 suut.
1283 1310 1316 1368 (3)
1329 1307 1492 1365 Querebatur
1503 1310 1588 1357 autem
1600 1321 1663 1357 num
1672 1309 1790 1362 conditio

1009 1409 1053 1446 nes
1060 1395 1296 1459 pacisaTorentiuis
1307 1399 1389 1459 ruptae
1399 1396 1511 1456 tuissent,
1520 1396 1546 1446 id
1557 1396 1624 1446 enim
1635 1399 1730 1448 nemini
1743 1400 1789 1450 du·

1009 1484 1077 1534 bium
1093 1487 1154 1542 erat,
1171 1483 1214 1533 sed
1230 1497 1279 1548 quo
1295 1488 1404 1547 tmepore
1419 1483 1543 1534 exercitus
1559 1484 1584 1533 in
1596 1496 1641 1534 eos
1655 1484 1723 1537 toret
1736 1489 1792 1540 mil·

1008 1572 1105 1623 mullus.
1117 1573 1149 1635 (t)
1164 1571 1314 1630 Quibusdam
1332 1571 1398 1621 euim
1413 1571 1544 1623 ridebatur
1555 1572 1650 1622 bellum
1668 1575 1789 1638 ejusmodi

1009 1676 1057 1713 uon
1077 1675 1131 1712 esse
1147 1660 1332 1726 capessendum,
1353 1660 1474 1724 quamdiu
1494 1660 1587 1711 Lucani
1606 1663 1748 1727 Brutiique,
1765 1670 1790 1716 et

1009 1750 1125 1816 frequens
1143 1750 1307 1812 bellicosaque
1328 1762 1387 1813 gens
1404 1749 1542 1799 Samnitum
1562 1749 1729 1813 rebellarmt3
1745 1767 1789 1804 neo

1007 1854 1055 1890 nou
1073 1839 1171 1890 Etruria
1193 1839 1219 1888 in
1239 1839 1307 1888 urbis
1324 1839 1401 1902 portis
1427 1838 1474 1888 sita
1497 1838 1616 1888 indomita
1642 1846 1727 1905 esset;
1747 1843 1789 1894 sed

1008 1944 1065 1979 cum
1079 1930 1103 1978 bi
1115 1928 1198 1993 populi
1213 1928 1328 1977 submissi
1346 1927 1414 1989 laod,
1428 1941 1513 1978 omues
1525 1928 1627 1991 utique,
1642 1929 1682 1980 sin
1694 1931 1788 1991 miuus,

1007 2019 1075 2068 certe
1085 2015 1216 2067 orientales
1230 2019 1255 2067 et
1268 2017 1407 2067 Tarentinis
1419 2015 1526 2067 finitimi.
1540 2016 1575 2080 (5)
1589 2017 1653 2068 Aliis
1667 2022 1790 2072 contraria

1007 2109 1123 2173 expedire
1139 2108 1294 2168 ridebantur,
1310 2109 1421 2173 nihilque
1437 2108 1556 2174 temporis
1571 2109 1788 2176 interponendum,

1007 2202 1033 2249 at
1049 2198 1141 2249 bellum
1152 2196 1266 2260 protinus
1279 2209 1335 2246 esse
1348 2195 1538 2247 declarandum.
1553 2197 1589 2261 (6)
1607 2199 1696 2262 Igitur,
1711 2215 1789 2266 quum

1006 2285 1122 2350 suifragia
1135 2284 1260 2335 numerari
1272 2284 1421 2346 debuerunt,
1431 2285 1516 2350 plures
1524 2289 1645 2350 comperti
1657 2294 1716 2340 suut
1726 2290 1789 2342 banc

1005 2374 1153 2426 seutentiam
1171 2373 1286 2434 terentes,
1305 2386 1380 2436 quam
1397 2374 1442 2438 qui
1458 2372 1551 2424 bellum
1566 2373 1592 2423 iu
1610 2374 1661 2426 alia
1676 2380 1790 2444 tempora

1005 2462 1164 2526 rejiciendum
1173 2462 1312 2512 censebant.
1355 2461 1789 2527 Populusreroseuatusoousnltum

1004 2552 1151 2602 auctoritate
1162 2564 1209 2602 sua
1222 2549 1400 2617 comprobarit.

1068 2838 1157 2895 Quare
1169 2837 1197 2885 lu
1208 2835 1326 2898 capitulo
1340 2834 1372 2886 ote
1383 2835 1647 2901 strotncemntibus]

1032 3098 1087 3146 Vli.
1102 3097 1137 3158 (1)
1154 3095 1215 3160 [illae
1227 3096 1355 3160 augurales
1365 3095 1435 3161 aves]
1447 3096 1482 3148 ita
1493 3101 1560 3148 natas
1573 3102 1632 3149 sunt
1648 3104 1676 3150 ut
1691 3101 1732 3163 ils,
1745 3105 1790 3166 qui

1002 3203 1064 3252 bona
1074 3217 1119 3252 sua
1131 3204 1216 3252 volunt
1227 3217 1381 3265 conservare,
1395 3203 1478 3255 fausta
1489 3206 1558 3269 siqua
1570 3205 1642 3256 edant
1653 3225 1659 3264 ;
1670 3207 1701 3256 iis
1713 3223 1787 3269 vero,

1002 3309 1045 3373 qui
1059 3309 1144 3359 aliena}
1159 3308 1195 3359 rei
1207 3308 1315 3370 initiant,
1330 3322 1366 3359 eoe
1383 3311 1469 3360 contra
1480 3325 1539 3361 ares
1559 3310 1643 3376 rapido
1656 3311 1787 3376 citatoque

1002 3417 1086 3468 volatu
1099 3417 1184 3482 procul
1198 3419 1297 3468 abeunt.
1309 3419 1368 3468 limo
1381 3418 1471 3484 quippe
1480 3419 1584 3482 auguria
1595 3423 1682 3482 parant
1694 3433 1787 3470 ronan·

1001 3529 1091 3589 torque
1103 3542 1161 3591 opes
1174 3541 1231 3590 quaa
1242 3527 1374 3588 deiciunt,
1388 3527 1438 3578 illae
1447 3529 1529 3578 autom
1544 3530 1647 3578 attentas
1659 3532 1718 3578 sunt
1731 3543 1786 3580 cus·

1001 3631 1072 3682 todes
1084 3647 1166 3682 rerum
1179 3646 1355 3696 [emersurum.
1803 3630 1828 3711 J

1033 3807 1067 3870 (t)
1081 3807 1209 3856 Hosticum
1223 3806 1367 3856 uniuersum
1379 3807 1549 3863 concursabat.
1565 3821 1689 3872 agrosque
1701 3784 1791 3865 meso

998 3896 1049 3958 jam
1059 3897 1157 3946 albente
1166 3898 1269 3945 onustos
1282 3894 1428 3945 incendebat
1437 3899 1462 3944 et
1475 3893 1604 3959 frugiferas
1615 3897 1717 3948 arbores
1730 3913 1791 3959 suc-

1000 3983 1106 4034 cidebat.
1748 4048 1751 4053 Ι

1032 4074 1066 4132 (3)
1086 4072 1171 4122 Simile
1194 4072 1254 4135 quid
1277 4071 1386 4122 maribus
1405 4071 1534 4135 patiuntur
1553 4073 1636 4123 libera.
1655 4075 1784 4134 civitaten

1000 4174 1058 4210 uam
1072 4164 1098 4209 ct
1116 4159 1158 4209 illa
1170 4160 1252 4209 ventis
1266 4159 1397 4221 agitantur,
1412 4158 1470 4208 licet
1486 4163 1576 4208 natura
1590 4161 1686 4223 quieta;
1702 4160 1727 4207 et
1746 4161 1784 4210 lrae

1000 4249 1031 4300 ab
1045 4248 1183 4313 demagogis
1203 4248 1388 4312 permiscentur,
1408 4246 1524 4311 quamuis
1544 4261 1588 4312 per
1608 4261 1634 4296 se
1653 4245 1713 4295 nibil
1736 4249 1781 4298 im·

999 4339 1104 4403 probum
1117 4338 1230 4388 habeant.

1029 4512 1096 4559 l'lll.
1113 4509 1147 4571 (t)
1167 4513 1286 4571 Tempore
1301 4521 1352 4571 quo
1370 4506 1494 4557 Tarentini
1513 4518 1544 4554 ex
1558 4503 1632 4566 Epiro
1650 4505 1779 4565 Pyrrhum

997 4633 1113 4684 volebant
1128 4633 1216 4693 urtciro,
1238 4633 1294 4682 belli
1315 4637 1400 4682 contra
1419 4635 1537 4682 Romanos
1552 4641 1635 4687 causa,
1656 4635 1685 4680 et
1706 4633 1780 4694 liujus

996 4756 1125 4806 sententian
1137 4755 1292 4805 adversarios
1302 4755 1460 4819 repellebant,
1475 4754 1557 4801 Meton
1570 4750 1675 4813 quiderm
1690 4759 1713 4803 et
1729 4756 1780 4818 ipse

995 4878 1150 4939 Tarentinus,
1162 4881 1191 4928 ut
1201 4878 1358 4928 attentionem
1372 4876 1419 4926 sibi
1432 4877 1533 4935 iaceret,
1547 4874 1700 4940 doceretque
1711 4878 1778 4928 ciros

994 5002 1054 5067 quid
1070 5016 1127 5052 curu
1144 5001 1209 5065 regia
1227 5003 1350 5064 potestate
1369 4999 1393 5047 in
1411 4996 1498 5047 urbem
1516 4998 1619 5049 liberam
1635 5004 1660 5050 et
1682 5001 1776 5050 felicem

994 5126 1126 5174 ventorum
1137 5128 1220 5184 esset;
1232 5121 1333 5172 sedente
1345 5120 1462 5171 universo
1472 5121 1576 5186 populo,
1590 5125 1657 5174 reuit
1668 5124 1693 5172 in
1707 5124 1775 5174 thea-
