3772 5828
194 362 237 422 88
710 365 878 427 DIONYSII
899 367 1275 432 flettcaasassettsls

187 495 269 571 μύλος
283 494 482 572 ἐνομοθέτησεν,
500 493 525 563 ἐξ
540 486 576 554 ὧν
600 497 780 576 κοσμιωτέρας
803 474 881 564 αὖτδις
901 499 961 577 περί

185 581 246 651 τοὺς
267 583 362 662 ἄνδρας
386 585 579 663 ἀπειργάσατο,
604 587 679 643 ταῦτ’
709 588 790 644 ἐστιν·
831 585 848 644 ἀ
876 588 900 645 δ’
926 589 962 654 εἰς

186 674 252 730 αἷδῶ
266 670 311 729 καί
328 673 493 741 δικαιοσύνην
516 672 636 745 παίδων,
648 671 691 730 ἵνα
708 673 806 733 αέόωοι
828 673 887 742 τοῦς
906 699 960 733 πα-

185 760 263 840 τέρας
289 759 394 816 ἅπαντα
415 759 571 836 πράττοντές
588 782 616 815 τε
642 761 687 819 καὶ
712 759 829 837 λέγοντες
859 761 901 820 ὅτ’
929 763 960 823 ἀν

144 859 157 896 ⁵
186 847 281 904 ἐκεῖνοι
296 844 453 915 κελεύωσιν,
475 846 513 903 ἔτι
528 845 626 903 τούτων
639 837 672 917 ἦν
688 849 831 927 σεμνότερα
847 850 892 907 καὶ
908 873 957 927 με·

186 935 417 1014 γαλοπρεπέατιρα
434 933 479 991 καί
495 934 594 1004 πολλὴν
610 933 705 1013 έχοντα
729 937 801 1015 παρὰ
817 942 877 1005 τοὺς
891 944 960 1014 ἡμε-

185 1025 274 1102 τέρους
290 1024 383 1098 νόμους
402 1023 541 1102 διαφοράν.
585 1024 621 1082 Oi
638 1022 685 1100 μέν
699 1023 750 1102 γὰρ
765 1025 812 1092 τάς
831 1024 957 1097 Ἑλληνι-

185 1110 231 1176 κός
247 1109 478 1185 καταστησάμενοι
496 1109 629 1178 πολιτείας
654 1111 754 1192 βραχύν
781 1137 838 1171 τινα
862 1116 958 1196 κομιδῇ

185 1199 278 1278 χρόνον
300 1197 394 1266 ἔταξαν
414 1197 541 1275 ἄρχεσθαι
556 1197 615 1266 τοὺς
630 1202 723 1266 παῖδας
739 1200 789 1260 ὑπὸ
808 1205 859 1260 τῶν
873 1203 957 1261 πατέ-

139 1309 166 1349 to
186 1309 257 1366 ρων,
271 1286 356 1363 οἱμὲν
370 1289 418 1353 ἕως
430 1286 515 1364 τρίτον
531 1287 735 1367 ἐκπληρώσωσιν
747 1290 791 1370 ἀρ’
806 1289 875 1362 ἥόης
888 1290 958 1358 lanc·

183 1377 208 1434 oi
226 1377 248 1434 δ’
268 1372 326 1434 δσον
349 1373 380 1432 ἀν
402 1373 495 1454 χρόνον
518 1370 600 1447 ἠίθεοι
627 1374 753 1452 μένωσιν·
777 1380 801 1436 οἱ
823 1378 850 1437 δέ
875 1376 956 1457 μέχρι

181 1465 229 1532 τῆς
240 1462 276 1526 εἷς
288 1461 321 1517 ad
332 1461 426 1540 ἀρχεῖα
436 1460 469 1519 τδι
482 1459 587 1538 δημόσι’
598 1464 744 1542 ἐγγραφῆς,
757 1466 791 1529 ὡς
804 1466 833 1523 ἐκ
846 1468 893 1536 τῆς
905 1465 958 1524 Σό-

183 1551 264 1615 λωνος
284 1547 330 1607 καὶ
343 1550 479 1608 Πιττακοῦ
502 1549 547 1608 καί
562 1549 705 1629 Χαρώνδου
721 1551 873 1626 νομοθεσίας
886 1551 954 1631 ἐμα-

183 1644 243 1710 θον,
264 1628 300 1702 οἷς
321 1635 406 1707 πολλὴ
424 1645 595 1716 μαρτυρεῖται
616 1636 770 1717 ριλοσορία·
784 1640 913 1720 τιμωρίας
927 1665 956 1700 τε

129 1746 154 1787 tt
182 1725 253 1785 κατά
268 1728 320 1784 τῶν
338 1723 439 1784 παίδων
454 1723 567 1799 ἔταξαν,
582 1723 625 1784 ἐάν
641 1727 768 1786 ἀπειθῶσι
784 1737 837 1795 τοῖς
853 1730 955 1810 πατρά·

182 1837 236 1887 σιν,
260 1814 290 1873 οὗ
310 1811 435 1892 βαρείας,
458 1811 581 1879 ἐξελάσαι
600 1816 647 1883 τῆς
667 1814 750 1880 οίκίας
773 1816 956 1896 ἐπιτρίψαντες

181 1901 273 1970 αὐτοὺς
294 1901 339 1960 καὶ
361 1901 489 1981 χρήματα
516 1901 553 1976 μὴ
578 1903 749 1974 καταλιπεῖν,
768 1906 914 1984 περαιτέρω
932 1903 955 1962 δ’

181 1990 266 2048 οὐδέν.
311 1990 372 2049 Εἰσί
387 1988 409 2047 δ’
424 1991 474 2068 οὐχ
488 1989 576 2047 ἱκαναί
594 1998 740 2069 κατασχεῖν
759 1989 848 2049 ἄνοιαν
862 1990 953 2064 νεάτη·

179 2099 222 2143 τος
235 2076 280 2136 καί
294 2077 433 2135 αὐθάδειαν
443 2076 547 2154 τρόποιν
557 2119 566 2152 ,
577 2076 631 2136 οὐδ’
642 2077 678 2143 είς
689 2077 719 2134 τὸ
730 2081 833 2157 σῶρρον
844 2079 951 2156 ἀγαγεῖν

126 2184 154 2228 σο
180 2165 239 2234 τοὺς
259 2165 427 2242 ἠμεληκότας
444 2167 498 2222 τῶν
517 2164 606 2223 καλῶν
628 2167 656 2223 αί
680 2165 798 2241 μαλακαί
815 2166 952 2244 τιμωρίαι.

179 2253 320 2333 Τοιγάρτοι
335 2252 421 2311 πολλὰ
434 2254 461 2310 ἐν
473 2250 604 2324 Ἕλλησιν
616 2251 667 2312 ὑπὸ
681 2252 777 2311 τέκνων
792 2255 828 2321 είς
837 2251 954 2333 πατέρας

180 2344 380 2420 ἀσχημονεῖται.
422 2339 457 2402 Ὁ
472 2338 499 2398 δέ
513 2342 565 2399 τῶν
577 2339 719 2419 Ῥωμαίων
734 2340 873 2417 νομοθέτης
884 2342 956 2401 δίπα-

180 2451 243 2502 σαν,
261 2432 295 2495 ῶς
309 2430 404 2502 εἰπεῖν,
416 2427 513 2489 ἔδωκεν
529 2428 647 2498 ἐξουσίαν
661 2429 742 2510 πατρί
757 2433 816 2489 καθ’
831 2435 888 2491 υίοῦ
909 2432 954 2490 καί

180 2514 254 2595 παρίι
266 2516 353 2574 πάντα
367 2516 411 2575 τὸν
424 2522 469 2576 τοῦ
486 2518 544 2594 βίου
557 2517 667 2598 χρόνον,
683 2518 728 2575 ἐάν
743 2519 766 2576 τ’
781 2518 895 2598 εἴργειν,
909 2519 954 2577 ἐάν

125 2628 152 2669 ας
180 2627 211 2663 τε
225 2609 386 2683 μαστιγοῦν,
413 2605 458 2666 ἐάν
480 2629 508 2664 τε
530 2604 636 2682 δέσμιον
663 2605 706 2665 ἐπί
721 2609 772 2664 τῶν
795 2605 855 2664 κατ’
875 2606 953 2687 ἀγρὸν

181 2693 263 2774 ἐργων
293 2694 435 2774 κατέχειν,
458 2693 503 2752 ἐάν
527 2695 553 2754 τ’
569 2694 758 2754 ἀποκτιννύναι
776 2699 951 2776 προαιρῆται,

181 2779 230 2841 κάν
245 2781 279 2839 τὰ
294 2781 417 2841 πολιτικδι
432 2782 555 2863 πράττων
576 2786 590 2840 δ
606 2785 668 2850 παῖς
682 2782 734 2854 ἤδη
748 2783 883 2862 τυγχάνῃ,
904 2780 954 2841 κάν

178 2873 205 2928 έν
218 2872 311 2949 ἀρχαῖς
325 2879 382 2939 ταῖς
396 2873 531 2948 μεγίσταις
541 2869 731 2948 ἐξεταζόμενος,
744 2871 793 2928 κάν
803 2871 846 2929 διδι
858 2872 906 2941 τήν
918 2872 954 2936 τίς

177 2956 211 3018 τίς
225 2958 300 3018 κοινὰ
316 2959 467 3039 ριλυτιμίαν
485 2958 678 3034 ἐπαινούμενος.
721 2958 799 3017 Κατὰ
814 2959 906 3016 τοῦτόν
924 2958 955 3036 γέ

123 3069 151 3111 so
178 3070 218 3105 τοι
239 3048 281 3105 τὸν
304 3049 383 3124 νόμον
403 3047 493 3127 ἀνδρες
515 3047 644 3125 ἐπιρανεῖς
666 3047 829 3124 δημηγορίας
851 3045 954 3113 διεξιόν·

178 3157 220 3200 τες
233 3136 274 3192 ἐπὶ
289 3137 340 3192 τῶν
357 3133 478 3210 ἐμῦολων
504 3134 621 3198 ἐναντίας
641 3133 734 3210 μέντῇ
751 3135 847 3211 βουλῇ,
870 3156 953 3211 κεχα·

180 3224 303 3301 ρισμένας
316 3224 343 3281 δέ
353 3225 406 3288 τοῖς
420 3223 584 3297 δημοτικοῖς,
599 3221 644 3279 καί
657 3221 747 3300 σφόδρ’
760 3222 955 3295 εὐδοκιμοῦντες

179 3311 222 3370 ἐπί
236 3312 359 3388 ταύταις,
376 3309 605 3376 κατασπασθέντες
619 3308 670 3367 ἀπὸ
685 3314 731 3368 τοῦ
747 3310 866 3388 βήματος
882 3308 953 3380 ἀπή-

179 3407 281 3480 χθησαν
296 3401 346 3460 ὑπὸ
361 3404 412 3458 τῶν
423 3399 557 3479 πατέρων,
572 3399 605 3471 ἢν
620 3397 651 3457 διν
667 3398 774 3463 ἐκείνοις
788 3399 856 3478 φανῇ
870 3418 953 3473 τιμω-

124 3511 152 3552 ab
182 3490 237 3569 ρίαν
253 3489 401 3568 ὑρέξοντες·
417 3487 460 3554 οῦς
478 3486 659 3565 ἀπαγομένους
677 3487 718 3543 διὰ
733 3489 780 3556 τἠς
795 3486 890 3563 ἀγορᾶς
907 3486 952 3543 οὔ·

180 3578 231 3644 δεῖς
246 3582 296 3635 τῶν
309 3577 446 3655 παρόντων
461 3574 593 3646 ἐξελέσθαι
605 3573 712 3640 δυνατὸς
723 3564 769 3644 ἦν,
787 3568 841 3631 οὔθ’
858 3569 955 3638 ῦπατος

178 3665 237 3725 οὔτε
248 3666 383 3745 δήμαρχος
393 3664 446 3725 οὔθ’
459 3662 687 3740 δκολακευόμενος
696 3660 740 3722 ὑπ’
753 3662 838 3720 αὐτῶν
849 3660 893 3718 καὶ
903 3668 954 3717 πᾶ·

180 3774 229 3811 σαν
248 3751 366 3820 ἐξουσίαν
381 3754 482 3812 ἐλάττω
496 3757 542 3824 τῆς
562 3754 629 3818 ἰδίας
648 3741 715 3809 εἶναι
734 3749 844 3826 νομίζων
864 3749 952 3828 όχλος.

27 3887 28 3890 ,
131 3850 136 3864 ·
179 3839 235 3900 ’Eat
249 3840 300 3921 γδιρ
315 3841 399 3920 λέγειν
420 3842 495 3909 όσους
512 3842 666 3902 ἀπέκτειναν
685 3842 709 3900 οἱ
723 3841 834 3917 πατέρες
857 3839 953 3915 ἄνδρας

125 3951 153 3999 ςο
180 3930 290 4005 ἀγαθοὺς
301 3930 344 3988 ὑπ’
355 3935 448 4010 ἀρετῆς
460 3931 505 3989 καί
517 3929 663 4010 προθυμίας
674 3928 760 4007 ἕτερόν
771 3950 797 3985 τι
808 3926 954 4005 διαπράξα·

181 4023 242 4075 σθαι
263 4029 381 4096 γενναῖον
400 4018 476 4097 ἔργον
489 4020 688 4099 προαχθέντας,
703 4016 716 4075 δ
736 4015 774 4093 μὴ
789 4013 953 4093 προσέταξαν

183 4107 270 4171 αὐτοῖς
282 4111 306 4165 οἱ
320 4107 444 4186 πατέρες,
459 4106 579 4185 καθάπερ
596 4107 638 4166 ἐπί
652 4104 773 4165 Μαλλίου
785 4103 954 4180 Τορκουάτου

180 4193 226 4253 καὶ
242 4198 346 4253 πολλῶν
364 4196 451 4255 ἀλλων
466 4195 682 4276 παρειλήραμεν,
695 4193 760 4270 ὑπὲρ
775 4185 811 4249 ὧν
826 4189 896 4249 κατὰ
909 4192 952 4251 τδν

180 4285 275 4342 οἰκεῖον
290 4283 379 4360 καιρὸν
396 4287 455 4362 ἐρῶ.

125 4399 152 4437 ts
222 4370 339 4431 XXVII.
357 4370 411 4428 Kal
430 4372 483 4427 οὐδ’
498 4372 598 4428 ἐνταῦθ’
611 4369 674 4440 ἐστη
685 4373 731 4436 τῆς
744 4366 858 4434 ἐξουσίας
874 4369 888 4423 δ
903 4370 954 4424 τῶν

180 4457 323 4532 Ῥωμαίων
347 4456 505 4533 νομοθέτης,
528 4457 596 4516 elli
620 4458 666 4517 καί
687 4457 784 4516 πωλεῖν
809 4458 889 4536 ἐφῆκε
911 4445 955 4514 τὸν

180 4547 236 4607 υίδν
255 4550 292 4627 τῷ
309 4546 405 4624 πατρί,
427 4546 501 4603 οὐδὲν
521 4545 690 4628 ἐπιστραφείς
709 4543 734 4604 εί
747 4569 785 4612 τις
798 4542 870 4619 ὠμδν
892 4547 957 4604 ὑπο·

180 4638 293 4718 λήψεται
314 4633 344 4694 τδ
364 4632 529 4713 συγχώρημα
551 4634 596 4693 καί
625 4634 766 4715 βαρύτερον
786 4631 889 4705 ἢκατδι
907 4630 956 4704 τὴν

182 4726 293 4807 φυσικὴν
309 4724 485 4805 συμπάθειαν.
532 4724 586 4783 Καὶ
600 4724 613 4783 δ
628 4725 733 4782 πάντων
752 4723 867 4798 μάλιστα
889 4726 954 4780 dau·

126 4838 155 4875 ιο
182 4818 288 4893 μάσειεν
309 4816 340 4874 ἀν
356 4840 394 4881 τις
409 4813 461 4873 ῦπδ
475 4813 530 4881 τοῖς
541 4813 707 4885 Ἰἑλληνικοῖς
727 4811 802 4884 ἤθεσι
816 4811 870 4878 τοῖς
884 4811 957 4869 ἐκλε-

182 4907 302 4978 λυμένοις
330 4903 438 4984 τραρεὶς
465 4907 499 4968 ὡς
529 4902 622 4981 πικρὸν
644 4903 690 4960 καί
712 4897 882 4978 τυραννικὸν,
910 4893 957 4956 καί

182 4997 257 5050 τοῦτο
283 4991 451 5073 συνεχώρησε
474 4994 511 5072 τῷ
537 4988 634 5069 πατρί,
660 4989 740 5068 μέχρι
765 4985 854 5066 τρίτης
883 4987 955 5065 πρά·

183 5101 248 5146 σεωο
264 5084 308 5160 ἀρ’
321 5089 377 5143 υἱοῦ
395 5083 630 5164 χρηματίσασθαι,
643 5080 751 5156 μείζονα
765 5076 823 5145 δοῦς
837 5075 955 5144 ἐξουσίαν

182 5169 264 5247 πατρί
277 5171 345 5228 κατδι
361 5173 451 5238 παιδος
465 5171 482 5242 ιδ,
498 5171 612 5249 δεσπότῃ
631 5167 699 5227 saal
716 5166 826 5225 δούλοιν.
868 5163 956 5244 Θερα·

1015 509 1047 558 do
1060 508 1203 559 mulieribus
1219 510 1289 570 tulit,
1307 511 1398 575 quibus
1409 526 1451 562 eas
1465 527 1521 577 erga
1535 518 1638 566 maritos
1652 519 1790 573 modestio-

1015 620 1054 656 res
1066 608 1180 659 reddidit.
1214 612 1290 674 Leges
1301 625 1372 673 reno,
1387 626 1449 675 quas
1460 615 1517 664 tulit
1529 614 1562 665 do
1574 615 1705 670 liberorum
1719 635 1789 673 rere-

1014 708 1092 757 rentia
1114 711 1139 757 et
1154 709 1246 773 pictate
1268 723 1325 775 erga
1339 717 1465 776 parentes,
1481 718 1508 765 ut
1525 728 1568 766 eos
1581 716 1688 770 colerent
1707 721 1789 772 omnia

1014 810 1080 860 iussa
1102 811 1218 861 facientes
1236 817 1262 862 et
1280 815 1493 884 verentes‚tonpe
1505 818 1624 869 maiorem
1644 821 1789 884 gravitatem

1014 912 1040 959 et
1052 909 1205 973 splendorem
1221 910 1325 973 babent,
1340 917 1366 963 et
1380 918 1476 964 nostras
1490 915 1557 981 leges
1577 917 1647 983 longo
1662 924 1787 984 superant.

1013 1010 1061 1069 Qui
1071 1011 1136 1060 enim
1145 1013 1243 1062 Graecas
1252 1014 1494 1079 rerumpublicarum
1502 1019 1788 1087 formassonstituerunt,

1013 1115 1110 1174 tempus
1123 1112 1247 1175 quoddam
1260 1114 1393 1166 admodum
1403 1117 1477 1168 breve
1491 1121 1632 1171 statuerumt
1645 1124 1729 1186 patriae
1742 1138 1788 1187 po-

1013 1213 1111 1263 tcstatis
1125 1213 1151 1262 in
1162 1212 1252 1264 liberos
1265 1233 1271 1264 :
1286 1216 1327 1266 atii
1341 1216 1455 1282 quidem,
1468 1220 1547 1270 donec
1558 1222 1659 1273 tertium
1668 1224 1786 1287 puberta-

1012 1312 1045 1362 tis
1058 1327 1149 1363 annum
1161 1313 1346 1377 explevissent:
1357 1318 1399 1369 alii
1412 1333 1471 1370 vero
1485 1322 1602 1385 qnaden
1611 1325 1708 1376 catinos
1719 1341 1786 1376 man-

1011 1412 1101 1465 sissent
1122 1431 1128 1460 :
1150 1415 1191 1465 alii
1211 1416 1271 1467 raro
1292 1417 1370 1469 donec
1385 1419 1481 1483 publice
1503 1421 1568 1471 inter
1588 1422 1654 1473 siros
1671 1424 1786 1489 adscripti

1011 1515 1107 1577 essent,
1120 1516 1150 1564 ut
1169 1526 1309 1577 acceperam
1330 1514 1469 1580 exlegibus
1491 1517 1586 1568 Solonis
1607 1520 1634 1569 et
1654 1519 1741 1571 Pittaci
1759 1525 1784 1571 et

1011 1608 1162 1671 claranda,
1179 1625 1284 1676 quorum
1300 1626 1387 1676 magna
1402 1614 1520 1678 sapientia
1532 1615 1563 1666 ab
1575 1616 1688 1667 omnibus
1698 1617 1784 1668 lauda-

1009 1709 1051 1758 tur
1073 1721 1080 1753 ι
1108 1707 1152 1772 qui
1176 1720 1264 1772 poenas
1291 1709 1316 1758 in
1340 1712 1498 1760 contumaces
1522 1711 1613 1762 liberos
1646 1716 1785 1764 statuerunt

1009 1816 1057 1853 non
1068 1816 1173 1866 mares,
1185 1802 1357 1867 permittentes
1369 1805 1479 1869 patribus
1492 1808 1521 1856 ut
1533 1821 1577 1857 eos
1588 1808 1662 1858 domo
1674 1811 1783 1874 expelle-

1008 1905 1064 1953 rent
1074 1907 1101 1954 et
1118 1903 1311 1966 exheredarent,
1325 1904 1391 1956 ultra
1402 1919 1461 1956 vero
1471 1904 1541 1959 nihil.
1574 1907 1717 1961 illasantem
1735 1923 1786 1961 non

1008 1999 1134 2051 sufficiunt
1146 2001 1179 2052 ad
1189 2001 1390 2066 compescendam
1405 2001 1541 2053 iuventutis
1549 2004 1669 2056 insaniam
1680 2010 1705 2056 et
1715 2006 1786 2071 inge·

1009 2096 1044 2147 nii
1056 2096 1226 2148 ferocitatem:
1240 2112 1320 2165 neqam
1328 2100 1432 2164 possunt
1443 2099 1510 2149 leves
1524 2113 1602 2162 poerrm
1614 2114 1697 2151 rerum
1709 2101 1786 2152 bone-

1010 2198 1103 2247 surum
1115 2200 1295 2262 contemptores
1305 2196 1336 2247 ad
1344 2195 1535 2248 moderationem
1546 2198 1673 2250 reducere.
1704 2200 1787 2256 Quare

1010 2293 1076 2357 apud
1088 2296 1188 2344 Graecos
1200 2294 1277 2344 multa
1287 2293 1313 2343 in
1322 2296 1433 2358 parentes
1444 2293 1526 2357 turpia
1537 2293 1607 2343 libori
1617 2295 1784 2346 committunt.

1010 2392 1042 2440 at
1053 2391 1218 2440 Romanorum
1226 2389 1350 2453 legislator
1359 2402 1465 2450 omnem,
1473 2392 1500 2438 nt
1509 2389 1627 2439 itadicam
1637 2392 1786 2454 potestatem

1008 2491 1032 2540 in
1046 2491 1124 2542 fillum
1135 2493 1199 2557 patri
1208 2490 1343 2551 concessit,
1357 2488 1431 2552 idque
1445 2502 1489 2553 per
1502 2491 1582 2539 totam
1597 2490 1656 2540 vite
1667 2493 1784 2555 tempus,

1009 2588 1129 2640 sinaeum
1146 2587 1172 2638 in
1194 2599 1317 2637 carcerem
1330 2585 1441 2635 conicere
1453 2585 1507 2635 sire
1522 2584 1605 2648 capris
1618 2585 1713 2636 wdone
1732 2585 1787 2638 sinc

1008 2686 1119 2735 sinotum
1133 2685 1164 2735 ad
1176 2684 1295 2735 rusticum
1307 2697 1370 2748 opus
1381 2683 1491 2734 detinere
1503 2682 1556 2732 sire
1567 2682 1680 2734 occidere
1690 2683 1765 2734 vellet
1777 2703 1784 2736 τ

1009 2784 1066 2834 licet
1090 2785 1156 2834 tilius
1177 2784 1225 2832 iam
1248 2781 1423 2845 rempublicam
1445 2779 1646 2846 administraret,
1673 2786 1698 2833 et
1721 2782 1785 2832 inter

1009 2893 1119 2930 summos
1138 2879 1296 2943 magistratus
1308 2880 1458 2941 censeretur,
1478 2880 1504 2928 et
1518 2883 1618 2941 propter
1629 2876 1741 2928 stnffium
1759 2877 1786 2926 io

1010 2977 1188 3043 rempublicam
1204 2975 1357 3027 laudaretur.
1390 2976 1463 3026 Certe
1475 2987 1507 3024 ex
1523 2972 1572 3024 hac
1590 2974 1643 3038 lege
1662 2973 1709 3024 riri
1725 2971 1784 3023 illu-

1009 3081 1072 3126 stres
1097 3071 1222 3126 eoro‘ones
1244 3085 1288 3136 pro
1310 3071 1398 3122 rostris
1418 3071 1553 3134 babentes,
1571 3069 1668 3120 senatui
1683 3067 1784 3132 quidem

1008 3176 1142 3234 adversas,
1156 3172 1222 3236 plebi
1236 3185 1296 3222 vero
1308 3175 1404 3235 gratas,
1417 3174 1442 3220 et
1454 3173 1582 3234 propterea
1596 3167 1668 3219 valde
1678 3166 1784 3232 laudati,

1009 3291 1023 3326 e
1051 3279 1164 3338 suggesto
1188 3273 1290 3323 detracti
1319 3271 1460 3334 epatribus
1484 3270 1581 3320 abducti
1607 3271 1674 3330 sunt,
1700 3282 1786 3332 pennas

1008 3386 1093 3426 eorum
1107 3372 1226 3423 arbitratu
1241 3369 1323 3419 daturi
1336 3383 1342 3412 ι
1355 3382 1419 3432 quos
1430 3405 1437 3428 ,
1450 3381 1508 3416 cum
1520 3381 1563 3431 per
1576 3365 1686 3416 medium
1702 3365 1782 3415 iorum

1009 3475 1197 3534 abducerentur,
1212 3471 1294 3520 nullus
1306 3483 1390 3520 eorum
1400 3469 1447 3532 qui
1459 3467 1561 3517 aderant
1572 3467 1669 3531 poterat
1679 3465 1783 3530 eripere,

1008 3587 1056 3623 non
1071 3570 1169 3631 consul,
1182 3583 1231 3619 non
1244 3568 1357 3618 tribunus
1372 3564 1448 3629 plebis
1458 3603 1464 3622 ,
1475 3579 1524 3613 non
1536 3564 1589 3627 ipsa
1599 3563 1669 3627 plebs
1679 3600 1685 3622 ,
1696 3561 1737 3613 eni
1746 3561 1783 3613 illi

1008 3677 1203 3736 assentabantur,
1217 3675 1275 3725 licet
1288 3673 1361 3723 aliam
1376 3683 1474 3722 omnem
1486 3672 1635 3735 potestatem
1648 3681 1693 3718 sna
1704 3668 1783 3717 mino

1008 3790 1060 3826 rem
1082 3774 1244 3826 existimaret.
1277 3772 1330 3820 lton
1352 3769 1432 3819 dicam
1455 3767 1519 3817 enim
1540 3769 1602 3829 quot
1624 3764 1691 3814 siros
1709 3766 1787 3814 tortos

1007 3874 1056 3937 ipsi
1070 3877 1153 3936 patres
1167 3867 1349 3928 interfecerint,
1364 3864 1423 3928 quia
1434 3864 1524 3914 virtute
1541 3867 1567 3913 et
1585 3862 1661 3912 animi
1675 3860 1783 3925 quodam

1007 3969 1095 4020 ardore
1108 3965 1206 4030 impulsi
1217 3963 1315 4015 suntad
1326 3975 1470 4025 generosum
1480 3961 1575 4011 facinus
1584 3963 1674 4024 preter
1683 3961 1783 4022 patrum

1008 4068 1153 4120 mandatnm
1175 4066 1295 4116 edendum
1312 4083 1319 4115 ι
1339 4062 1547 4127 quemadmodum
1566 4060 1598 4111 de
1612 4059 1703 4111 Manlio
1723 4059 1784 4107 Tor-

1008 4172 1083 4233 quato
1095 4172 1120 4219 et
1132 4166 1216 4217 multis
1225 4165 1280 4230 aliis
1288 4164 1440 4228 accepimus,
1454 4161 1586 4225 dequibus
1599 4173 1643 4209 suo
1652 4158 1707 4209 loco
1719 4156 1785 4208 diee-

1008 4280 1071 4317 mos.

1040 4377 1140 4426 xxvll.
1149 4378 1232 4436 Neque
1242 4369 1488 4436 ltomanolegislatori
1496 4370 1558 4418 lianc
1566 4369 1711 4432 potestatem
1721 4363 1787 4429 patri

1010 4465 1107 4516 dedisse
1121 4463 1260 4522 solberet,
1276 4461 1319 4511 sed
1331 4460 1405 4511 etiam
1416 4458 1492 4509 lilium
1504 4456 1527 4507 ei
1538 4455 1643 4505 rendere
1655 4453 1766 4518 peramisit
1776 4471 1785 4501 a

1010 4553 1071 4603 nibil
1094 4551 1226 4602 deterritus
1245 4548 1312 4611 qnod
1326 4547 1437 4596 homines
1458 4546 1521 4595 hanc
1543 4546 1691 4608 potestatem
1708 4541 1784 4605 patri

1011 4653 1151 4692 concessam
1179 4636 1301 4688 crudelem
1325 4639 1407 4685 essent
1429 4632 1576 4691 indicaturi,
1601 4634 1626 4681 et
1647 4628 1784 4693 graviorem

1011 4743 1084 4794 qnam
1105 4725 1223 4778 naturalis
1244 4724 1347 4775 allectus
1365 4725 1499 4788 pateretur.
1532 4723 1578 4779 st,
1599 4717 1666 4781 quod
1679 4715 1784 4766 maxime

1011 4812 1098 4876 aliquis
1116 4811 1139 4862 in
1158 4811 1277 4860 dissoluta
1298 4811 1441 4860 Graecorum
1463 4805 1590 4869 disciplina
1607 4803 1741 4861 educatus,
1756 4800 1785 4849 nt

1012 4900 1126 4952 acerbum
1138 4902 1163 4949 et
1173 4896 1327 4960 tyrannicum
1344 4897 1456 4954 miretur,
1473 4894 1522 4943 boc
1539 4905 1637 4956 quoque
1648 4887 1711 4954 patri
1723 4899 1782 4936 oon·

1011 4989 1085 5041 cessit
1101 4991 1129 5037 ut
1141 4998 1221 5051 nstpue
1232 4985 1263 5035 ad
1273 4985 1372 5036 tertiam
1386 4982 1547 5033 venditionem
1561 4995 1589 5032 es
1602 4981 1650 5029 ilio
1661 4978 1784 5042 questum

1012 5078 1114 5137 iaceret,
1129 5075 1187 5126 data
1200 5072 1265 5138 patri
1280 5074 1305 5123 in
1319 5073 1395 5125 silium
1412 5069 1505 5121 maiore
1515 5072 1636 5134 potestate
1649 5076 1723 5128 quam
1736 5061 1784 5110 do·

1012 5166 1077 5219 nuno
1104 5165 1129 5216 in
1155 5161 1286 5227 mancipia.
1331 5163 1393 5212 Nam
1416 5173 1502 5211 sersus
1525 5157 1600 5209 semol
1624 5151 1738 5206 venditus
1761 5152 1788 5202 ct
