3772 5828
624 328 917 400 ANTIQUITATUM
935 326 1081 390 ROMAN.
1105 333 1178 395 ΠΒ.
1201 336 1266 396 vll.

1678 351 1737 411 ³99

146 461 231 527 αὐτοῖς
244 461 268 517 οἱ
282 458 425 536 δήμαρχοι,
440 455 484 514 καὶ
493 458 540 516 οὒκ
550 448 581 527 ’ήν
592 458 618 515 ἐν
631 457 704 537 μέρει
717 458 771 516 οὔδ’
785 459 811 516 ἐν
824 456 915 538 κόσμῳ
969 480 1018 528 qne
1029 467 1128 520 fiebant.
1162 475 1222 522 Nam
1241 477 1266 523 et
1283 475 1356 525 simul
1370 478 1579 541 vociferabantur,
1594 487 1619 534 et
1631 485 1677 534 sihi
1695 486 1738 537 in-

145 548 275 627 γινόμενος
297 549 362 626 παρ’
377 546 472 625 ἀμφοῖν
498 549 511 603 δ
533 544 619 623 λόγος.
662 543 764 606 Ἐύόων
788 544 839 625 γάρ
859 546 915 622 ἅμα
968 555 1048 605 vicem
1059 557 1240 622 obstrepebant,
1260 562 1293 611 ita
1311 567 1338 612 ut
1355 564 1385 623 ii,
1401 565 1445 627 qui
1467 567 1580 626 aderaut,
1598 569 1738 635 dificulter,

145 636 189 694 καί
204 633 329 703 ἐξέκλειον
349 634 486 707 ἀλλήλους,
511 632 579 692 ὥστε
600 630 638 709 μή
660 631 748 713 ῥᾴδιον
765 624 832 693 εἶναι
861 638 914 701 τοῖς
968 644 1028 705 qnid
1040 644 1086 694 sibi
1100 646 1196 708 vedent,
1212 649 1346 713 intelligere
1359 656 1469 715 possent.

145 729 256 803 παροῦσι
268 723 315 788 τὰς
328 719 442 787 διανοίας
457 722 541 780 αὐτῶν
558 721 611 782 ότι
632 722 768 799 βούλονται
792 723 911 784 συνιδεῖν.

105 850 118 889 g
184 812 261 872 XVI.
283 807 430 870 Ἐδικαίουν
446 807 473 867 δέ
487 811 512 867 οἱ
526 809 572 886 μέν
589 808 685 869 ύπατοι
707 810 753 881 τήν
778 812 914 890 κρείττονα

999 818 1059 868 livi.
1074 820 1194 870 consules
1219 823 1284 872 euim
1298 837 1398 886 equum
1413 839 1468 877 csse
1488 829 1623 879 censebant
1642 845 1678 893 se,
1699 835 1742 897 qui

145 899 248 978 ἔχοντες
266 894 382 966 ἐξουσίαν
405 896 527 955 ἁπάντων
541 897 630 978 άρχειν
656 901 709 956 τῶν
726 900 752 956 ἐν
771 905 803 978 τῇ
820 900 914 959 πόλει·
968 905 1086 958 maiorem
1102 908 1223 958 baberent
1245 914 1401 974 potestatem,
1418 913 1495 964 totius
1512 917 1588 966 etiam
1608 919 1676 970 urbis
1695 921 1744 970 im·

145 993 168 1046 oi
183 987 210 1045 δέ
226 987 356 1067 δήμαρχοι
381 983 429 1055 τήν
444 984 584 1055 ἐκκλησίαν
600 987 699 1043 ἐαυτῶν
718 975 785 1045 ιῖναι
799 987 913 1067 χωρίον,
968 994 1064 1058 perium
1075 994 1168 1046 hebere
1179 1014 1186 1045 ε
1199 996 1291 1046 tribuni
1309 1011 1368 1048 vero
1379 999 1503 1061 dicebant,
1513 1005 1655 1055 concionem
1670 1020 1744 1058 snum

145 1075 234 1153 ὥσπερ
249 1071 352 1132 ἐκείνων
365 1070 413 1140 τήν
425 1075 530 1151 βουλήν,
549 1072 595 1130 καί
613 1071 696 1132 ὁπόσα
713 1074 756 1131 ἐπὶ
768 1083 820 1142 τοῖς
832 1075 914 1151 δημό·

146 1186 202 1229 ταις
223 1154 254 1233 ήν
271 1159 357 1242 κρῖναί
373 1159 461 1219 τεκαὶ
476 1161 643 1242 ψηφίζεσθαι,
659 1160 758 1220 τούτων
777 1164 851 1221 αὐτοί
862 1173 915 1222 πᾶν

969 1093 1023 1131 csse
1038 1081 1130 1144 locum,
1150 1080 1216 1132 sicut
1231 1082 1331 1134 iliorum
1343 1090 1466 1147 senatum,
1484 1092 1509 1139 et
1531 1091 1556 1139 in
1570 1105 1615 1141 sua
1627 1105 1681 1143 asse
1699 1106 1743 1157 po·

969 1169 1066 1228 testate,
1083 1167 1203 1232 quidquid
1214 1170 1279 1233 apud
1298 1169 1417 1235 populum
1437 1174 1593 1226 iudicandum
1611 1177 1743 1229 deeemsn·

96 1294 121 1332 w
144 1251 213 1330 ἔχῃ,
233 1250 264 1310 ,η
284 1250 389 1333 χρὼς,
434 1250 628 1327 Σωηφωηίζηςη
643 1251 670 1308 δὲ
686 1251 738 1316 τοῖς
753 1251 800 1327 μὲν
814 1256 832 1323 η
847 1255 915 1325 πλη.
968 1252 1060 1305 dumve
1078 1259 1151 1306 esset.
1188 1258 1236 1305 Pro
1256 1257 1296 1305 his
1318 1259 1401 1309 stabat
1426 1260 1507 1324 plebs,
1527 1264 1745 1316 acclamationibus

144 1337 187 1407 θθς
199 1337 333 1398 ἐπιύοιῗισα
347 1336 394 1395 καί
410 1335 491 1412 θμόσε
505 1338 600 1416 χωρεῖν
615 1338 638 1396 τέ
653 1335 705 1395 δέοι
718 1345 771 1404 τοῖς
784 1337 916 1398 κωλύουσι

144 1423 396 1505 παρεσκευασμένη·
411 1427 463 1491 τοῖς
477 1424 505 1482 δέ
517 1424 624 1492 ὑπάτοις
634 1426 658 1484 οἱ
664 1424 796 1506 πατρίκιοι
806 1428 916 1502 συστρέ·

144 1517 238 1595 ψαντες
253 1512 355 1580 αύτούς.
399 1510 534 1590 Ἐγίγνετο
555 1510 583 1571 δέ
603 1512 683 1580 πολύς
701 1513 771 1588 ἀγὼν
786 1514 846 1594 περὶ
869 1520 915 1573 τοῦ

145 1599 183 1677 μή
196 1589 262 1668 εἶξαι
280 1597 429 1678 ἑκατέροις,
449 1602 484 1664 ὡς
499 1601 526 1658 ἐν
538 1610 587 1681 μιᾷ
608 1624 641 1679 τη
657 1601 716 1660 τότε
725 1601 799 1681 ἥττη
823 1625 916 1682 παρα-

94 1723 118 1760 γ,
145 1687 313 1767 χωρουμένης
328 1690 375 1757 τῆς
394 1687 430 1753 εἰς
444 1686 489 1745 τὸν
510 1689 599 1748 λοιπόν
616 1689 710 1769 χρόνον
727 1688 856 1771 ἑκατέρων
878 1683 915 1750 to

144 1777 287 1842 καιώσεως.
326 1773 421 1844 Ἥλιός
436 1798 463 1834 τε
477 1776 538 1855 περὶ
558 1776 710 1858 καταφορὰν
726 1771 757 1850 ήν
778 1778 847 1851 ἤδη,
870 1778 916 1839 καὶ

145 1866 296 1943 συνέτρεχεν
310 1866 340 1923 ἐκ
353 1868 404 1924 τῶν
420 1868 508 1924 οἰκιῶν
519 1865 548 1925 τδ
559 1865 625 1926 ἀλλο
637 1869 734 1940 πλῆθος
746 1868 782 1934 εἰς
795 1866 842 1937 τήν
854 1871 917 1945 ἀγο-

146 1951 209 2032 ράν,
231 1953 276 2011 καί
292 1952 411 2030 ἔμελλον,
428 1956 451 2012 el
467 1951 510 2022 νὺξ
532 1954 708 2031 ἐπιλαμύάνοι
727 1953 774 2027 τήν
794 1955 859 2036 ἐριν,
881 1958 917 2023 εἰς

144 2042 247 2118 πληγάς
259 2064 287 2100 τε
299 2041 344 2100 καί
363 2041 441 2100 λίθων
453 2041 584 2123 χωρήσειν
606 2043 695 2122 βολάς.
740 2043 799 2105 Ἵνα
822 2044 853 2111 δή
877 2045 915 2121 μή

93 2130 120 2203 20
144 2133 219 2188 τοῦτο
244 2128 358 2206 γίνοιτο,
384 2129 549 2208 προελθὼνύ
572 2133 699 2210 Βροῦτος,
721 2131 780 2199 τοὺς
804 2131 916 2200 ύπάτους

143 2215 215 2289 titos
241 2218 329 2276 δοῦναι
352 2217 428 2295 λόγον
456 2220 544 2298 αύτῷ,
572 2218 682 2277 παύσειν
712 2219 916 2299 ὑπισχνούμενος

143 2305 190 2377 τήν
201 2306 304 2367 στάσιν.
349 2308 472 2366 Κάκεῖνοι
487 2304 605 2374 δόξαντές
617 2329 690 2386 σφισι
704 2313 915 2387 παρακεχωρῆσ-

143 2398 202 2468 θαι,
220 2394 324 2454 ὅτιτῶν
344 2394 487 2472 δημάρχων
507 2393 643 2472 παρόντων
659 2400 688 2452 οὐ
700 2395 765 2468 παρ’
780 2396 882 2454 ἐκείνων
903 2399 917 2456 δ

144 2481 302 2561 δημαγωγός
319 2480 439 2559 ᾐτήσατο
458 2481 506 2554 τήν
530 2483 625 2561 χάριν,
642 2481 824 2562 ἐπιτρέπουσιν
846 2486 916 2564 αὐτῷ

93 2600 117 2635 25
143 2569 240 2647 λέγειν.
281 2573 392 2641 Σιωπῆς
418 2567 445 2626 δέ
468 2569 609 2649 γενομένης
633 2569 698 2628 ἄλλο
730 2570 777 2647 μέν
800 2572 872 2631 οὐδέν
902 2577 917 2631 δ

146 2661 258 2738 Βροῦτος
271 2648 353 2730 εἶπεν,
364 2655 484 2735 ἠρώτησε
500 2659 527 2716 δέ
542 2656 600 2723 τούς
611 2658 723 2726 ὑπάτους
740 2658 843 2718 τοιάνδε
858 2659 916 2719 τινλ

145 2743 291 2826 ἐρώτησιν·
305 2768 320 2801 ιι
334 2735 402 2824 Ἆρά
412 2767 450 2819 γε,
460 2743 521 2824 ἔφη,
538 2745 671 2821 μέμνησθε
685 2745 725 2804 ότι
739 2748 916 2825 διαλυομένοις

146 2862 159 2888 «
172 2840 237 2912 ἡμῖν
258 2837 306 2906 τήν
324 2833 414 2892 στάσιν
430 2838 505 2893 τοῦτο
523 2835 690 2915 συνεχωρήθη
705 2835 735 2894 τὸ
756 2836 855 2897 δίκαιον
872 2841 915 2920 ὑφ’

145 2949 157 2975 «ι
173 2925 258 2999 ὑμῶν,
282 2921 345 2980 όταν
372 2924 396 2981 ol
418 2921 549 3001 δήμαρχοι
575 2924 744 3004 συναγάγωσι
767 2924 810 2984 τδν
832 2926 914 3001 δῆμον

91 3044 116 3081 20
144 3037 157 3063 α
171 3011 237 3089 ὑπὲρ
253 3008 415 3081 ὁτουδήτινος
432 3010 469 3088 μή
485 3017 655 3093 παρεῖναιτῇ
675 3013 774 3094 συνόδῳ
786 3011 846 3081 τοὺς
861 3038 914 3073 πα·

144 3124 156 3150 v
171 3097 282 3177 τρικίους
295 3099 359 3173 μηδ’
373 3099 489 3177 ἐνοχλεῖν
496 3113 507 3174 ;
525 3125 536 3151 ι
550 3133 591 3145 -
603 3127 615 3153 ε
628 3099 805 3178 Μεμνήμιθα,
821 3127 835 3155 ι
849 3102 914 3183 ἐφη-

142 3208 185 3243 σεν
198 3189 211 3243 δ
225 3185 357 3267 Γεγάνιος.
381 3186 436 3247 Καὶ
461 3189 475 3244 δ
495 3187 608 3266 Βροῦτος
626 3190 763 3272 ὑποφέριι·
784 3217 796 3243 ι
816 3193 851 3251 Τί
869 3182 913 3249 σ’ύν

143 3298 156 3325 ι
170 3272 294 3342 παθόντες
311 3272 432 3352 ἐμποδὼν
451 3272 558 3334 ίστασθε
575 3279 649 3352 ἡμῖν,
666 3277 711 3336 καλ
725 3279 772 3336 οὐκ
786 3282 845 3337 ἐᾶτε
855 3276 914 3344 τοὺς

143 3384 156 3412 ιι
171 3359 322 3440 δημάρχους
336 3359 353 3419 ἀ
374 3360 512 3440 βούλονται
530 3361 631 3441 λέγεινς
653 3392 665 3417 ν
681 3395 721 3411 -
735 3364 914 3443 Ἀποκρίνεται

90 3470 117 3510 as
143 3447 205 3527 πρὸς
223 3456 305 3508 ταῦτα
323 3452 337 3506 ό
355 3450 491 3527 Γεγάνιος·
512 3478 525 3505 ι
540 3450 606 3511 Ὅτι
624 3453 671 3511 οὐκ
687 3452 761 3512 αὐτοὶ
774 3453 913 3512 συνεκάλε-

145 3562 158 3588 n
174 3559 222 3593 σαν
236 3534 279 3593 τὸν
294 3537 375 3612 δῆμον
399 3539 435 3603 είς
456 3536 505 3607 τήν
523 3539 685 3611 ἐκκλησίαν,
708 3543 767 3598 ἀλλ’
788 3545 864 3615 ήμεῑς
889 3541 913 3598 οἱ

145 3649 158 3676 n
175 3622 279 3701 ύπατοι.
322 3624 355 3683 E!
375 3623 423 3701 μέν
444 3616 488 3684 σ’ύν
509 3626 559 3685 ύπδ
573 3627 671 3686 τούτων
689 3632 706 3698 ή
729 3629 833 3693 σύνοδος
855 3627 911 3705 ἐγί-

145 3737 158 3764 «
175 3733 247 3783 νετσ,
263 3710 335 3769 οὐθέν
357 3709 389 3769 ἀν
413 3710 535 3789 ἠξιοῦμεν
554 3713 612 3773 οὔτε
634 3715 744 3774 κωλύειν
759 3713 818 3774 ούτε
833 3716 911 3774 πολυ·

144 3827 157 3854 n
171 3807 344 3879 πραγμονεῖν·
362 3801 451 3873 ἐπειδὴ
464 3799 492 3859 δέ
506 3805 582 3876 ήμεῖς
596 3804 775 3882 συνηγάγομεν
793 3804 841 3878 τήν
863 3807 909 3863 ἐκ·

87 3929 116 3970 40
143 3915 156 3942 n
169 3889 298 3963 κλησίαν,
313 3887 370 3968 οὐχί
388 3887 492 3955 τούτους
513 3890 645 3971 ἀγορεύειν
669 3891 823 3966 κωλύομεν,
841 3893 911 3951 ἀλλά

142 3975 220 4035 «ὑπὸ
233 3973 331 4034 τούτων
346 3974 420 4034 αὐτοὶ
443 3975 591 4038 κωλύεσθαι
611 3981 640 4038 οὗ
666 3980 823 4056 δικαιοῦμεν.
844 4008 857 4033 ι
870 4013 911 4027 -

143 4064 224 4123 {tels
243 4065 355 4144 Βροῦτος
380 4064 532 4144 ύπστυχοίν·
556 4069 729 4143 «Νικῶμεν,
756 4066 861 4148 ἐφησεν,
888 4058 910 4128 ἀι

142 4179 154 4206 ιι
169 4152 293 4228 δημόται,
316 4152 362 4211 καί
382 4153 608 4235 παρακεχώρηται
630 4159 693 4231 ἡμῖν
715 4155 766 4213 ὑπὸ
781 4159 908 4217 sdvers-

141 4266 153 4292 ι
170 4241 254 4321 φόρων
267 4239 316 4303 ὅσα
330 4240 463 4318 ἠξιοῦμεν.
500 4245 555 4303 Νῦν
571 4241 619 4320 μέν
631 4239 675 4302 οὖν
693 4244 771 4303 ἄπιτε
786 4244 831 4304 καί
842 4245 911 4306 παύ-

87 4371 112 4409 ,5
141 4356 153 4383 ι
168 4337 248 4390 σασθε
267 4331 485 4410 φιλονεικοῦντες·
501 4331 588 4411 αὔριον
604 4333 631 4392 δέ
653 4332 714 4408 ύμῖν
733 4335 909 4413 ὑπισχνοῦμαι

140 4444 152 4471 n
167 4420 275 4529 φανερὸν
304 4419 423 4491 ποιήσειν
443 4418 505 4493 ύσην
530 4419 604 4502 έχετε
629 4421 715 4499 ἰσχύν.
760 4424 814 4481 Καὶ
837 4423 909 4498 ὑμεῖς

140 4533 152 4559 ιι
167 4530 208 4582 γε,
224 4533 246 4566 ω
261 4506 403 4589 δήμαρχοι,
419 4510 634 4590 παραχωρήσατε
650 4510 735 4575 αὐτοῖς
749 4513 796 4579 τῆς
815 4511 909 4590 ἀγορᾶς

140 4621 152 4645 ιι
167 4596 193 4652 έν
212 4599 249 4675 τῷ
270 4597 395 4675 παρόντι·
415 4599 444 4655 ού
460 4595 510 4676 γάρ
530 4600 565 4665 είς
588 4597 661 4665 τέλος
680 4596 907 4679 παραχωρήσετε·
952 4659 954 4663 Α

140 4704 153 4732 ιι
170 4683 292 4754 μαθόντες
306 4683 334 4742 δέ
347 4685 406 4742 ὅσον
421 4683 476 4763 ἔχει
498 4685 593 4763 κράτος
607 4688 679 4760 ὑμῶν
695 4689 712 4756 ή
736 4686 806 4768 ἀρχή
825 4686 907 4768 (psoi-

89 4796 114 4835 50
140 4793 152 4820 ι
169 4773 244 4827 σεσθε
266 4768 293 4828 δέ
306 4773 353 4831 obs
365 4776 400 4839 εές
416 4774 535 4853 μακράν·
550 4773 602 4854 ἐγὼ
616 4779 693 4832 τοῦτο
704 4777 764 4850 ύμῖν
776 4776 907 4857 ὑποδέχο-

138 4884 151 4911 ι
166 4879 216 4932 μαι
237 4858 353 4929 ποιήσειν
377 4861 504 4942 φανερόν)
531 4863 706 4942 μετριωτέραν
732 4864 816 4923 αὐτῶν
840 4866 907 4923 ἀπο-

138 4972 150 4998 n
166 4943 264 5003 δεύσετε
291 4944 338 5016 τήν
369 4947 556 5030 θπερηφανίαν.
614 4949 681 5011 Ἐάν
710 4949 738 5009 δέ
762 4952 905 5032 φενακίζων

138 5060 151 5086 ι
164 5036 234 5109 ὑμᾶς
257 5036 365 5112 εὑρεθῶ,
380 5037 515 5115 χρήσασθε
527 5035 545 5095 δ
551 5061 577 5098 τι
585 5037 710 5118 βούλεσθέ
722 5061 777 5116 μοι.
795 5066 807 5092 ν

177 5123 271 5184 xvii.
280 5121 392 5190 Ούδενδς
401 5123 429 5182 δέ
440 5125 576 5206 πρδςταυτ
591 5126 776 5200 ἀντιλέξαντος,
787 5126 904 5202 ἀπήισαν

968 1341 1068 1390 addens
1079 1347 1191 1405 animos,
1201 1346 1226 1395 et
1241 1343 1264 1392 si
1284 1357 1348 1407 opus
1363 1344 1451 1396 inisset
1464 1349 1578 1410 congredi
1591 1356 1744 1414 paratarum

968 1423 1008 1487 iis,
1028 1427 1071 1490 qui
1083 1428 1255 1493 impedirent:
1280 1431 1438 1481 sconsulum
1451 1432 1564 1496 partibus
1583 1437 1682 1489 stabant
1701 1454 1746 1504 pa·

968 1511 1041 1574 tricii,
1058 1513 1102 1575 qui
1120 1527 1163 1565 eos
1184 1516 1295 1566 contorto
1315 1518 1413 1580 agmine
1432 1518 1563 1582 stipabant.
1597 1525 1679 1586 atqua
1704 1527 1743 1576 in-

968 1600 1034 1663 genti
1048 1602 1201 1653 contentione
1222 1606 1345 1655 certatum
1362 1609 1416 1667 cst,
1443 1623 1475 1659 ue
1488 1610 1558 1660 alteri
1570 1612 1653 1663 alteris
1668 1615 1743 1665 cede·

968 1691 1032 1748 rent,
1043 1689 1114 1752 quasi
1123 1689 1148 1740 iu
1163 1703 1212 1740 une
1224 1690 1271 1740 isla
1286 1694 1403 1755 prasenti
1416 1695 1520 1748 victoria
1530 1699 1571 1748 ius
1581 1714 1661 1761 omne,
1674 1702 1741 1765 quod

972 1773 997 1822 iu
1008 1778 1242 1840 postemmbtrique
1260 1784 1342 1829 esseut
1354 1779 1471 1847 habituri,
1488 1787 1642 1841 consisteret.
1677 1793 1744 1841 lam·

973 1871 1021 1921 que
1036 1860 1072 1909 sol
1096 1860 1128 1911 ad
1142 1874 1256 1911 occasum
1272 1865 1397 1927 vergebat,
1416 1871 1442 1916 et
1462 1869 1557 1934 reliqua
1569 1873 1701 1924 multitudo
1715 1888 1746 1926 ea

973 1948 1068 1998 aedibus
1081 1949 1105 1998 iu
1118 1949 1197 1999 iorum
1215 1952 1381 2002 concurrebat
1393 1972 1399 2013 ;
1414 1959 1439 2003 et
1452 1954 1473 2003 si
1485 1969 1529 2004 nox
1539 1960 1688 2008 contentioni
1706 1961 1744 2012 in-

972 2041 1081 2101 grueret,
1098 2038 1134 2088 illi
1149 2038 1181 2088 ad
1202 2039 1303 2088 vulnera
1326 2039 1486 2104 lapidumque
1507 2043 1587 2094 iectus
1611 2048 1743 2100 venissent.

971 2126 1029 2188 Sed,
1050 2140 1082 2176 ne
1111 2127 1159 2178 boc
1179 2127 1258 2188 tieret,
1278 2129 1372 2177 Brutus
1394 2129 1420 2178 in
1440 2129 1550 2181 medium
1574 2146 1745 2196 progressuss

971 2215 1114 2266 consulibus
1132 2216 1217 2280 petiit,
1234 2218 1264 2268 nt
1281 2216 1327 2268 sibi
1342 2217 1440 2268 dicendi
1454 2223 1603 2282 potestatem
1627 2224 1743 2285 iacerent,

970 2304 1093 2369 pollimtus
1106 2318 1134 2356 se
1146 2305 1291 2357 seditionem
1305 2305 1458 2359 sedaturum.
1492 2310 1530 2360 illi
1542 2310 1617 2375 igitur
1630 2317 1745 2376 putantes

956 2406 998 2449 ,se
1020 2393 1118 2455 vicisse,
1140 2394 1207 2457 quod
1221 2394 1384 2458 praesentibus
1395 2395 1501 2446 tribunis
1525 2399 1603 2461 plebis
1622 2402 1745 2465 popularis

970 2479 1012 2530 ille
1026 2481 1184 2532 concionator
1193 2480 1257 2530 hanc
1269 2482 1374 2545 gretiam
1389 2496 1437 2531 nou
1452 2483 1552 2544 abillis,
1567 2486 1610 2536 sed
1629 2501 1644 2536 a
1660 2503 1687 2539 se
1701 2504 1745 2554 pe-

971 2571 1060 2630 tiisset,
1077 2569 1099 2619 ei
1119 2568 1216 2619 dicendi
1233 2573 1381 2634 potestatem
1406 2570 1526 2623 iecerunt.
1560 2576 1635 2624 Facto
1656 2583 1741 2627 autem

970 2657 1083 2719 silentio,
1097 2659 1187 2706 Bmtus
1199 2656 1258 2707 nibil
1272 2657 1340 2707 aliud
1356 2657 1428 2719 dixit,
1447 2658 1492 2709 scd
1512 2659 1537 2709 iu
1553 2660 1619 2710 huuc
1639 2661 1743 2714 modum

970 2745 1081 2796 consules
1101 2747 1282 2808 interrogavit:
1309 2765 1322 2789 ι
1338 2748 1423 2798 noune
1445 2747 1555 2812 (inquit)
1577 2751 1742 2812 meministis,

971 2853 984 2878 a
998 2846 1055 2883 cum
1066 2832 1195 2883 dissidium
1211 2847 1430 2899 componeremus,
1443 2836 1516 2886 nobis
1532 2838 1579 2888 boc
1591 2839 1632 2888 ius
1644 2853 1658 2889 a
1672 2839 1743 2890 vobis

970 2941 984 2966 ι
1000 2935 1156 2983 concessum,
1168 2924 1265 2986 quoties
1279 2922 1372 2973 tribuni
1388 2938 1535 2990 quacunque
1546 2926 1578 2977 de
1591 2940 1678 2978 caussa
1694 2929 1744 2993 ple·

970 3028 983 3053 «ι
998 3008 1055 3060 bem
1065 3010 1234 3070 convocariut,
1249 3013 1277 3059 ut
1296 3009 1396 3060 minime
1410 3011 1484 3062 ncces
1503 3012 1613 3075 patriciis
1639 3013 1663 3063 ei
1682 3027 1740 3063 con·

970 3115 983 3140 ι
998 3097 1062 3148 cioni
1072 3101 1118 3148 aut
1130 3098 1257 3158 interesse,
1268 3100 1373 3147 autenm
1382 3099 1484 3148 turbare
1500 3103 1525 3149 ct
1541 3100 1676 3163 impedire?
1690 3121 1743 3146 »-

970 3188 1153 3240 «meminimus
1166 3208 1189 3251 ν,
1215 3186 1343 3251 respondit
1363 3189 1496 3253 Geganius.
1515 3192 1625 3239 -Tum
1647 3193 1739 3240 Brutus

968 3276 1056 3327 insert:
1075 3296 1088 3321 ι
1098 3278 1149 3327 cur
1159 3276 1235 3338 igitur
1251 3290 1296 3327 nos
1310 3276 1448 3340 impeditis,
1468 3290 1512 3328 nec
1523 3277 1603 3328 sinids
1620 3278 1740 3338 tribunos,

968 3384 980 3407 n
996 3376 1055 3428 qun
1072 3364 1176 3421 volunt,
1189 3362 1289 3413 dcere?
1308 3385 1320 3408 ν
1331 3391 1363 3401 -
1380 3364 1418 3413 dd
1436 3364 1491 3414 haec
1504 3365 1625 3426 Geganius
1638 3378 1741 3428 respon·

963 3449 1022 3500 dit:
1041 3469 1053 3492 ι
1075 3448 1137 3507 Quia
1153 3448 1222 3512 plebs
1242 3449 1274 3499 ad
1294 3451 1437 3500 concionem
1460 3464 1510 3500 non
1529 3451 1561 3500 ab
1579 3451 1641 3514 iilis,
1663 3452 1741 3502 seda

968 3557 980 3581 a
995 3536 1065 3587 uobis
1081 3536 1224 3586 consulibus
1245 3542 1380 3587 convocata
1404 3541 1451 3589 est.
1493 3538 1519 3590 Si
1538 3539 1604 3589 enim
1625 3540 1661 3591 illi
1681 3556 1741 3592 con·

969 3644 981 3668 a
995 3627 1090 3674 cionem
1102 3628 1291 3684 convocassent,
1306 3629 1373 3677 certa
1384 3639 1465 3691 nequa
1479 3626 1550 3678 vobis
1563 3629 1741 3695 impedimento

968 3729 980 3753 ι
996 3724 1061 3774 csse,
1076 3723 1156 3774 neque
1170 3710 1290 3760 curiosius
1306 3710 1332 3760 in
1348 3725 1403 3762 eam
1415 3726 1462 3762 uos
1478 3713 1589 3777 ingerere
1611 3716 1738 3768 vellemus.

966 3816 979 3842 a
993 3796 1043 3848 sed
1057 3797 1114 3862 quia
1126 3810 1171 3848 uos
1183 3797 1325 3848 concionem
1347 3801 1555 3864 convocavimus,
1579 3818 1627 3854 non
1644 3811 1741 3857 nosmet

967 3905 979 3931 ι
993 3885 1040 3949 ipsi
1053 3885 1215 3950 impedimus,
1228 3899 1278 3950 quo
1292 3886 1375 3937 minus
1392 3888 1436 3939 isti
1447 3890 1640 3953 concionentur,
1652 3894 1697 3944 sed
1708 3893 1740 3944 ab

966 3996 979 4021 ι
993 3976 1033 4027 bis
1048 3990 1093 4027 nos
1109 3976 1223 4041 impediri
1236 3977 1346 4040 iniquum
1370 3990 1425 4028 esse
1447 3979 1571 4032 ducimus.
1591 4001 1603 4025 ν
1623 4012 1653 4027 -.
1671 3987 1740 4036 Tunc

965 4066 1057 4114 Brutus
1075 4063 1128 4115 eins
1145 4065 1280 4114 orationem
1299 4064 1422 4129 excipiens
1440 4083 1448 4116 ε
1477 4085 1489 4110 ι
1508 4068 1632 4130 Vicimus,
1648 4070 1737 4135 inquit,

966 4169 979 4196 ι
993 4151 1117 4212 Quirites,
1138 4154 1163 4202 et
1174 4152 1207 4201 ab
1230 4150 1395 4213 adversariis,
1417 4165 1571 4218 quecunque
1584 4155 1737 4219 petebamus,

964 4259 978 4286 a
992 4241 1063 4292 nobis
1083 4243 1142 4290 sunt
1161 4253 1286 4291 concessa.
1320 4243 1391 4291 Nunc
1408 4240 1482 4305 igitur
1501 4242 1582 4306 abite,
1598 4248 1624 4295 ct
1635 4249 1737 4296 conten·

965 4344 978 4371 ι
990 4325 1066 4377 deudi
1083 4324 1157 4374 tinem
1171 4325 1243 4374 tacite
1261 4343 1268 4372 ι
1284 4337 1339 4374 cras
1353 4337 1411 4374 vero
1430 4325 1548 4388 polliceor
1560 4341 1600 4378 me
1614 4329 1683 4380 robis
1695 4330 1737 4382 de·

963 4432 977 4457 a
990 4414 1193 4473 monstraturum,
1208 4416 1325 4474 quantem
1339 4412 1450 4462 habentis
1461 4415 1605 4476 potentiam.
1638 4419 1669 4466 Et
1681 4430 1735 4480 vos,

963 4521 976 4547 ι
991 4500 1094 4563 tribuni,
1109 4501 1134 4550 in
1153 4501 1284 4565 praesentia
1305 4501 1357 4549 ioro
1380 4499 1428 4549 iliis
1444 4502 1522 4551 cedite
1544 4522 1550 4553 ι
1574 4517 1652 4566 neque
1671 4505 1736 4555 euim

963 4607 976 4633 ι
991 4589 1017 4638 in
1029 4591 1174 4653 perpetuum
1190 4588 1238 4637 iliis
1255 4586 1348 4636 cedetis
1365 4607 1371 4638 τ
1391 4588 1417 4637 et
1437 4587 1493 4648 ubi,
1513 4592 1605 4653 quanta
1617 4591 1649 4639 sii
1661 4591 1736 4640 vestri

963 4695 977 4722 τ
990 4677 1150 4742 magistmtns
1162 4677 1270 4740 potentie
1280 4674 1450 4739 cognoveritis,
1468 4675 1494 4725 id
1511 4677 1577 4738 quod
1588 4678 1658 4727 brevi
1677 4690 1734 4738 cog·

962 4766 1111 4825 «noscetis,
1126 4777 1166 4814 me
1186 4764 1251 4813 enim
1267 4762 1337 4812 vobis
1351 4761 1400 4812 hoc
1414 4761 1643 4812 demonstraturum
1661 4762 1733 4823 poili-

961 4874 974 4900 «
988 4867 1054 4915 ceor,
1067 4849 1318 4914 istorumsuperbiam
1330 4848 1517 4900 moderatiorem
1529 4847 1644 4898 reddetis.
1661 4848 1732 4904 Quod

960 4960 973 4987 a
986 4942 1007 4991 si
1023 4952 1063 4990 me
1075 4941 1160 4989 smum
1170 4937 1242 4988 vobis
1253 4936 1339 4988 iecisse
1351 4936 1503 4995 constiterit,
1519 4935 1550 4983 de
1562 4946 1602 4982 me
1613 4933 1733 4985 arbitratu

962 5032 1070 5082 «vestro
1086 5028 1222 5078 statuite.»
1263 5095 1266 5098 1

988 5129 1064 5177 livii.
1083 5127 1145 5177 cum
1171 5127 1253 5174 autem
1277 5120 1359 5172 nullus
1374 5121 1460 5170 contm
1476 5116 1545 5170 'hoc
1567 5117 1679 5183 dixisset,
1701 5133 1732 5171 ex
