3772 5828
185 307 245 365 tot

186 462 199 486 ιι
219 433 304 516 ἔροιτό
325 457 372 509 σε,
391 432 450 499 τοὺς
467 433 494 492 δὲ
512 431 545 504 δὴ
572 432 669 515 τάφους
694 435 747 489 τῶν
773 429 908 511 προγόνων
935 429 961 490 τί

187 551 200 577 ιι
219 523 310 582 παθὼν
327 523 519 596 ἀνασκάπτεις,
531 522 577 580 καί
590 520 669 596 τιμάς
681 519 712 588 ἀς
729 522 882 599 κομίζονται
896 521 961 599 παρ’

188 641 200 665 ιι
219 610 362 692 ἀνθρώπων
383 613 498 692 ἀφαιρῇς
525 613 589 668 θεῶν
616 608 643 668 δὲ
668 609 772 688 βωμούς
797 608 842 667 καί
866 607 962 685 τεμένη

189 727 201 751 ιι
221 702 266 758 καί
280 700 343 766 νεὼς
357 702 424 766 τίνος
444 699 605 773 ἀδικήματος
623 699 688 777 ἀργῇ
713 699 798 778 συλᾷς
813 697 859 757 καί
876 718 960 754 κατα-

189 816 201 841 ιι
222 790 304 854 καίεις
328 789 373 846 καὶ
397 787 568 867 ἀνατρέπεις,
593 785 638 845 καῖ
661 783 805 861 σεόασμῶν
828 786 876 844 οὐκ
900 787 962 865 δρᾷς

189 905 201 930 ι
218 878 357 957 τυγχάνειν
372 879 423 935 τῶν
441 877 561 952 νομίμων
570 896 578 944 ;
602 875 629 934 τί
646 875 710 954 πρὸς
723 878 806 933 ταῦτα
822 873 900 953 φαίης
915 875 962 946 ἀν,

189 993 201 1018 ιι
220 965 272 1044 ἐγὼ
298 965 346 1041 μὲν
368 968 418 1044 γὰρ
442 963 515 1023 οὐδὲν
538 965 603 1042 ὁρῶ.
670 962 765 1023 Ταῦτά
786 984 827 1022 σοι
852 959 912 1040 περί
933 982 961 1017 τε

190 1079 202 1107 ιι
220 1057 296 1131 ἡμῶν
312 1055 414 1126 αὐτῶν,
439 1041 462 1111 ἀι
484 1052 610 1132 Μάρκιε,
629 1054 681 1109 τῶν
704 1052 734 1109 ἐκ
758 1055 802 1109 τοὺ
827 1048 962 1128 συνεδρίου

189 1170 202 1195 ιι
219 1144 264 1202 καὶ
287 1143 416 1222 περὶτῶν
433 1141 521 1201 ἀλλων
534 1142 648 1200 πολιτῶν
656 1187 667 1216 ,
690 1137 734 1205 οὑς
750 1136 881 1199 ἀπολέσαι
901 1159 964 1218 προ-

136 1256 159 1295 ιο
190 1259 202 1283 ι
223 1236 294 1313 θυμῇ
307 1232 389 1294 κακόν
407 1230 480 1290 οὐδέν
495 1232 541 1288 ὑπ’
556 1231 643 1289 αὐτῶν
656 1223 809 1301 πεπονθὼς,
830 1227 920 1308 τάφων
934 1249 963 1284 τε

190 1346 202 1371 ι
220 1321 265 1378 καί
285 1324 362 1400 ἱερῶν
378 1318 423 1376 καί
436 1318 538 1383 πόλεως
560 1321 607 1388 τῆς
624 1314 778 1394 γειναμένης
799 1339 830 1376 τι
844 1317 890 1376 καὶ
904 1323 962 1396 θρε·

189 1435 201 1460 ιι
219 1409 338 1489 ψαμένης
349 1406 383 1465 τδι
403 1406 491 1465 δίκαια
506 1405 632 1484 εἰρήσθω.

227 1500 321 1559 XXV.
341 1523 354 1548 ι
373 1491 468 1568 Ἀλλά,
482 1494 561 1576 φέρε,
578 1497 600 1553 εί
614 1491 641 1553 δὲ
654 1493 686 1565 δὴ
701 1494 801 1562 πάντας
814 1492 965 1571 ἀνθρώπους

190 1613 202 1639 ιι
220 1588 265 1644 καί
286 1584 346 1650 τοὺς
366 1581 447 1660 μηδὲν
467 1582 621 1649 ἀδικοῦντάς
642 1605 672 1642 σε
692 1582 809 1662 γυναιξίν
832 1589 899 1662 ὑμοὺ
918 1584 963 1642 καί

137 1698 160 1736 rs
191 1703 203 1728 ι
222 1675 320 1742 τέκνοις
332 1672 407 1740 δίκας
420 1694 461 1730 σοι
474 1675 563 1731 δοῦναι
576 1674 724 1751 προσῆκεν,
736 1673 837 1741 πάντας
849 1673 876 1733 δέ
894 1672 965 1739 θεούς

191 1792 204 1820 ιι
221 1789 250 1823 τι
265 1765 310 1824 καί
324 1763 413 1842 ἥρωας
436 1761 481 1820 καί
508 1760 650 1836 δαίμονας,
673 1763 750 1821 πολιν
766 1786 794 1822 τι
815 1763 861 1824 καλ
874 1762 964 1845 χώραν

191 1881 204 1906 ι
222 1855 372 1914 ἀπολαῦσαι
388 1856 435 1922 τῆς
455 1852 506 1908 τῶν
522 1848 667 1930 δημάρχυιν
692 1851 798 1922 ἀνοίας,
814 1853 859 1911 καί
883 1851 964 1924 μηδὲν

191 1970 203 1996 ιι
223 1942 352 2022 ἐξαίρετον
364 1939 425 2017 μηδ’
440 1938 605 2018 ἀτιμώρητον
621 1945 743 2019 ἀφεῖσθαι
753 1942 832 2020 μέρος
846 1939 898 2000 ὑπὸ
909 1947 965 2013 σοῦ,

192 2059 204 2084 ιι
222 2033 272 2111 οὐχ
293 2034 384 2096 ἱκανὰς
398 2029 449 2100 ἤδη
470 2026 545 2105 παρδι
565 2030 671 2087 πάντων
696 2028 869 2107 εἰσπέπραξαι
891 2032 964 2095 δίκας

136 2142 165 2183 ao
192 2146 205 2172 ιι
222 2124 346 2179 τοσοῦτον
367 2115 415 2194 μέν
433 2117 509 2196 φόνον
536 2116 714 2194 ἐργασάμενος
736 2114 898 2194 ἀνθρώπων,
918 2141 963 2176 το-

192 2235 205 2261 ιι
223 2207 322 2275 σαύτην
338 2204 365 2262 δὲ
383 2203 474 2283 χώραν
488 2202 552 2284 πυρί
575 2204 621 2262 καί
635 2204 734 2284 σιδήρῳ
755 2203 961 2281 λωὺησάμινος,

192 2324 204 2349 ιι
224 2295 353 2360 τοσαύτας
367 2291 394 2350 δὲ
409 2293 497 2359 πολεῖς
509 2295 538 2351 ίκ
553 2293 657 2373 βάθρων
672 2292 837 2370 ἀναστήσας,
849 2294 895 2354 καί
910 2297 966 2375 έορ·

192 2411 205 2437 ιι
224 2384 270 2451 τάς
281 2382 309 2443 δέ
321 2383 367 2442 καί
381 2380 469 2447 θυσίας
483 2383 528 2440 καί
539 2380 687 2457 σεόασμοὺς
698 2385 762 2441 θεῶν
775 2382 821 2440 καί
835 2382 965 2460 δαιμόνων

193 2501 205 2527 ιι
226 2477 252 2533 ἐν
269 2473 375 2537 πολλοῖς
399 2471 487 2535 τόποις
508 2470 646 2551 ἀνεόρτους
670 2470 825 2545 ἀναγκάσας
844 2472 966 2548 γενέσθαι

137 2585 164 2625 st
193 2592 205 2617 ιι
224 2564 270 2623 καί
284 2562 392 2626 ἀθύτους
405 2558 451 2618 καὶ
467 2560 552 2636 τιμῶν
567 2559 686 2637 νομίμων
702 2558 920 2640 ἀμοίρουςςἜγὼ
932 2559 979 2633 μέν

193 2682 206 2706 ιι
223 2654 270 2711 ούκ
290 2650 378 2722 ἠξίουν
401 2649 503 2728 ἀνδρα,
519 2645 572 2728 ότῳ
593 2648 696 2728 φροντίς
720 2651 849 2720 ὁποσηοῦν
873 2651 966 2729 ἀρετάς

194 2769 206 2793 ιι
224 2743 308 2808 ἔστιν,
328 2737 386 2795 οὔτε
402 2743 567 2815 συναναιρεῖν
588 2744 642 2803 τοῖς
657 2737 759 2816 ἐχθροῖς
772 2734 806 2795 τά
819 2735 891 2818 φίλια
906 2742 965 2796 οὔτι

194 2855 205 2880 ιι
223 2825 340 2907 χαλεπόν
355 2824 436 2905 ἀργὴν
456 2815 521 2882 εἶναι
536 2826 581 2881 καὶ
593 2824 774 2905 ἀπαραίτητον
784 2829 821 2893 τίς
834 2828 892 2893 τοὺς
905 2825 966 2895 ίξα·

194 2944 206 2969 ιι
226 2914 406 2994 μαρτάνοντάς
430 2937 455 2970 τι
478 2912 539 2989 περὶ
561 2911 654 2984 αὑτὸν,
681 2915 766 2980 σίλλοις
781 2937 809 2972 τε
824 2914 870 2974 καὶ
892 2915 966 2982 δίκας

138 3057 144 3073 ,
194 3033 207 3058 ιι
226 3003 289 3083 παρ’
303 3005 389 3061 αὐτῶν
416 3001 543 3080 είληφότα
569 3002 668 3068 πολλάς
694 3005 737 3062 καί
764 3005 892 3082 μεγάλας.
933 3004 965 3064 Ἃ

194 3123 206 3147 ιι
225 3093 272 3170 μὲν
293 3084 337 3150 ούν
357 3088 546 3165 ἀπολογεῖσθαί
565 3112 592 3147 τε
614 3089 674 3174 περὶ
696 3095 772 3167 ἡμῶν
794 3094 880 3150 αὐτῶν
896 3092 965 3174 είχο·

194 3211 207 3236 ιι
226 3205 290 3259 μεν,
315 3181 361 3239 καί
383 3177 570 3259 παραιτεῖσθαί
592 3201 621 3236 σε
647 3179 706 3256 περὶ
729 3183 781 3238 τῶν
802 3182 964 3256 δημοτικῶν,

195 3300 206 3325 ιι
226 3277 302 3330 ταῦτ’
330 3271 417 3328 ἐστίν·
454 3269 470 3326 ἀ
512 3268 538 3325 δὲ
556 3267 722 3326 ὑποτίθεσθαί
750 3292 791 3327 σοι
811 3271 845 3327 δι’
864 3269 965 3329 εὔνοιαν

195 3389 207 3414 ιι
225 3364 248 3422 ol
282 3359 437 3436 τιμιώτατοι
473 3356 555 3436 φίλων
584 3356 678 3415 είκοντι
709 3359 754 3416 καὶ
783 3361 966 3438 ὑπισχνεῖσθαι

140 3493 145 3507 .
195 3479 207 3503 ιι
226 3446 440 3526 διαλλαττομένῳ
463 3445 526 3524 πρὸς
550 3446 598 3515 τὴν
623 3445 757 3525 πατρίδα,
783 3451 869 3507 ταυτί·
896 3450 922 3507 έν
944 3441 967 3532 ᾧ

195 3566 208 3592 ιι
224 3538 254 3597 τδ
269 3536 396 3596 δύνασθαί
412 3558 451 3595 σοι
466 3536 583 3609 μάλιστα
606 3535 722 3616 ὑπάρχει
741 3536 785 3594 καί
801 3535 830 3595 τὸ
845 3541 911 3595 θεῖον
927 3537 965 3598 ἔτι

195 3655 207 3681 ιι
226 3626 425 3704 συλλαμόσίνει,
453 3623 595 3702 μετριάσαι
628 3624 672 3683 καί
702 3627 893 3703 ταμιεύοασθαι
918 3628 966 3699 τὴν

195 3743 208 3768 ιι
226 3716 328 3794 τύχην,
345 3713 520 3790 ἐνθυμηθέντα
536 3714 577 3771 ὅτι
594 3713 743 3790 μεταθολάς
764 3716 819 3795 ἔχει
833 3716 920 3775 πάντα
934 3717 968 3777 τά

195 3832 208 3858 ιι
226 3806 388 3882 πράγματα,
401 3802 447 3862 καί
461 3802 534 3861 οὐδὲν
550 3804 659 3861 ἐπὶτῶν
676 3807 760 3863 αὐτῶν
779 3808 848 3884 φιλεῖ
873 3808 966 3883 διαμέ-

195 3919 207 3946 ιι
225 3917 287 3950 νειν·
301 3891 442 3964 νεμεσᾶταί
458 3915 484 3949 τε
498 3891 585 3948 πάντα
596 3893 646 3950 ὑπὸ
662 3895 725 3951 θεῶν
739 3893 772 3950 τά
789 3891 965 3973 ὑπερέχοντα,

193 4007 206 4032 ι
225 3981 286 4039 όταν
302 3984 338 4048 εἷς
358 3983 436 4060 ἀκρον
449 3981 601 4061 ἐπιφανείας
619 3979 764 4060 ἀφίκηται,
781 3983 825 4040 καί
840 3982 966 4062 τρέπεται

193 4096 205 4120 ιι
225 4069 304 4127 πάλιν
320 4073 355 4136 είς
375 4069 404 4129 τδ
427 4069 520 4145 μηδέν.
565 4070 691 4128 Μάλιστα
714 4070 742 4128 δέ
764 4075 840 4130 τοῦτο
865 4071 965 4153 πάσχει

192 4185 204 4209 ιι
222 4157 255 4215 τδι
277 4159 379 4234 σκληρά
401 4159 446 4216 καί
471 4161 629 4237 μεγάλαυχα
652 4157 808 4236 φρονήματα
834 4159 879 4217 καί
907 4162 966 4230 τοὺς

191 4274 203 4299 ιι
222 4247 297 4325 όρους
314 4247 465 4305 ἐκθαίνοντα
487 4253 533 4318 τῆς
548 4248 711 4327 ἀνθρωπίνης
726 4249 834 4327 φύσεως.
857 4249 965 4332 Ὑπάρ-

192 4364 204 4388 ιι
222 4360 265 4415 χει
287 4336 313 4392 δέ
334 4358 374 4392 σοι
395 4340 437 4392 νῦν
463 4336 586 4395 ἁπάντων
613 4337 740 4415 κράτιστα
766 4341 966 4403 καταλύσασθαι

192 4450 204 4474 ιι
223 4427 266 4482 τὸν
288 4425 414 4498 πόλεμον.
459 4425 497 4485 Ἥ
513 4450 541 4484 τε
564 4428 614 4508 γάρ
638 4427 719 4507 βουλὴ
744 4438 816 4489 πᾶσα
842 4431 965 4510 ὥρμηται

192 4540 204 4565 ιι
222 4511 267 4580 τὴν
290 4514 398 4573 κάθοδον
414 4516 578 4594 ψηφίσασθαί
602 4541 656 4590 σοι,
676 4518 721 4577 καί
735 4522 749 4575 ὑ
764 4519 844 4594 δῆμος
863 4522 966 4593 ἕτοιμός

192 4629 204 4654 ιι
223 4603 278 4660 ἔστι
302 4604 373 4682 νόμῳ
399 4604 539 4682 κυρωθέντι
561 4609 639 4664 λῦσαι
659 4607 707 4678 τὴν
730 4609 878 4686 ἀειφυγίαν.
930 4610 966 4670 Τί

192 4718 204 4743 ιι
223 4681 266 4749 οδν
284 4690 322 4748 ἔτι
345 4692 441 4749 κωλύει
473 4716 501 4749 σε
531 4694 577 4759 τίς
602 4695 710 4765 ἡδίστας
734 4693 778 4752 καί
805 4697 965 4769 τιμιωτάτας

192 4805 204 4829 ι
222 4779 292 4859 όιίφεις
314 4783 364 4837 τῶν
393 4782 606 4858 ἀναγκαιοτάτων
637 4784 768 4859 σωμάτων
803 4782 963 4855 ἀπολαὸεῖν,

194 4892 207 4918 ιι
223 4872 266 4927 καί
282 4870 437 4946 κεκομίσθαι
452 4871 500 4940 τὴν
516 4872 698 4951 περιμάχητον
719 4870 848 4950 πατρίδα,
874 4872 964 4954 ἀρχειν

193 4981 205 5005 ιι
223 4980 252 5012 τε
272 4958 361 5041 ὥσπερ
389 4986 430 5021 σοι
457 4964 587 5040 προσῆκεν
611 4964 745 5041 ἀρχόντων
774 4961 819 5018 καί
845 4966 965 5039 ἡγεῖσθαι

192 5068 204 5090 ι
223 5047 376 5122 ἡγεμόνιον,
397 5050 474 5110 παισί
489 5073 517 5106 τε
532 5049 576 5106 καί
588 5049 701 5127 ἐγγόνοις
716 5051 838 5127 μέγιστον
854 5050 964 5130 αὔχημα

190 5159 203 5183 ιι
220 5138 390 5213 καταλιπεῖν,
406 5141 512 5201 Τούτων
529 5138 617 5215 μέντοι
636 5143 687 5196 τῶν
704 5136 872 5217 ὑποσχέσεσιν
890 5146 964 5219 ἡμεῖς

710 298 875 360 DlONYSli
895 299 1270 394 Halicanbnsssusls

1019 440 1135 492 «iniuria
1167 457 1183 491 a
1207 441 1344 492 maioribus
1366 441 1499 493 lacessitus
1524 457 1611 495 eorum
1634 450 1801 500 monumenta

1016 546 1029 570 ι
1043 528 1146 587 evertis,
1164 532 1190 579 et
1205 529 1310 579 honoros
1322 527 1372 579 illis
1389 529 1421 579 ab
1439 529 1581 581 hominibus
1592 531 1687 584 delatos
1701 538 1803 601 eripis?

1017 614 1148 667 «deorum
1169 631 1229 667 vero
1255 632 1312 668 aras
1333 616 1438 668 delubra
1464 621 1489 668 et
1505 619 1613 684 templa,
1634 635 1684 687 qua
1701 623 1803 677 iniuria

1017 723 1029 747 ι
1046 703 1078 754 ab
1094 705 1145 755 illis
1158 709 1259 770 accepta
1274 706 1387 756 ostensus
1401 705 1503 770 diripis,
1521 708 1641 772 incendis,
1655 711 1800 778 subvertis,

1017 812 1030 836 ι
1044 791 1153 858 deosque
1178 793 1249 843 cultu
1269 794 1365 844 solenni
1384 798 1410 844 et
1431 794 1540 858 legitimo
1562 796 1662 861 privas?
1679 801 1744 864 quid
1765 803 1802 854 ad

1017 899 1031 925 ι
1045 880 1100 931 hmo
1113 883 1261 946 respondere
1271 885 1374 948 posses?
1387 882 1510 949 Equidem
1522 884 1583 935 nttril
1603 886 1685 938 video.
1704 893 1800 955 Atque,

1018 990 1031 1014 ι
1047 970 1115 1034 quod
1136 972 1224 1022 attinet
1245 973 1278 1023 ad
1296 972 1350 1031 ius,
1369 972 1425 1022 hoec
1444 976 1470 1023 et
1489 987 1534 1038 pro
1551 973 1636 1035 nohis,
1653 978 1750 1039 Marci,
1768 994 1802 1030 ex

1019 1078 1030 1101 ι
1045 1062 1143 1120 senatu,
1165 1065 1190 1111 et
1212 1061 1359 1126 procelaris
1382 1061 1493 1123 civibus,
1508 1076 1572 1127 qnos
1585 1063 1689 1128 perdere
1710 1068 1800 1132 cupis,

1018 1166 1031 1190 ι
1046 1146 1114 1197 nulla
1143 1148 1233 1199 iniuria
1253 1149 1285 1199 ab
1304 1149 1354 1199 illis
1375 1148 1492 1210 aflectus,
1513 1155 1540 1201 et
1553 1165 1598 1216 pro
1615 1153 1754 1217 sepulcris,
1774 1158 1802 1206 et

1018 1235 1158 1300 «templis,
1177 1241 1202 1287 et
1222 1237 1299 1299 urbe,
1320 1251 1378 1303 quse
1397 1242 1422 1288 te
1435 1238 1521 1302 genuit
1539 1242 1566 1289 et
1581 1239 1718 1303 educarit,
1732 1242 1801 1295 dicta

1018 1345 1031 1368 ι
1047 1325 1105 1376 sint.

1052 1511 1125 1559 xliv.
1146 1512 1221 1574 «Age
1230 1525 1301 1569 raro.
1316 1510 1336 1561 si
1351 1510 1451 1561 deceret
1464 1551 1469 1570 .
1484 1524 1570 1563 omnes
1585 1514 1700 1567 homines
1712 1521 1738 1568 et
1757 1532 1802 1570 eos

1020 1716 1032 1737 «
1047 1695 1193 1761 coniugibus
1207 1699 1233 1745 et
1253 1695 1338 1746 liberis
1356 1696 1401 1746 tibi
1421 1710 1505 1761 poenas
1525 1697 1599 1760 dare,
1615 1714 1753 1769 onmesqne
1774 1709 1801 1755 et

1026 1807 1038 1830 ι
1052 1788 1113 1839 alens
1130 1791 1156 1839 et
1166 1788 1254 1839 heroas
1274 1792 1300 1839 ct
1322 1789 1418 1854 genios,
1435 1791 1566 1857 ipsamque
1577 1795 1757 1859 rempublicam
1772 1804 1800 1850 et

1025 1902 1037 1924 ι
1052 1896 1124 1947 agros
1140 1883 1466 1937 tribunorum.dementiam
1481 1884 1563 1944 luere.
1584 1887 1619 1938 ita
1636 1893 1666 1939 ut
1681 1891 1745 1943 nihil
1755 1908 1803 1945 ex·

1024 1995 1036 2018 ι
1050 1975 1188 2040 ciperetur,
1202 1980 1227 2026 et
1242 1977 1302 2026 nihil
1314 1977 1451 2027 inultuma
1470 1980 1494 2028 te
1510 1978 1702 2044 relinqueretur,
1718 1999 1802 2040 nonne

1023 2084 1035 2114 ιι
1052 2069 1114 2118 satis
1132 2067 1301 2132 pmnarumab
1316 2068 1433 2119 omnibus
1449 2067 1500 2118 iam
1518 2069 1632 2133 exarmati,
1648 2077 1717 2123 tanta
1729 2079 1802 2129 cade

1024 2181 1036 2204 ι
1055 2163 1119 2212 tacta
1139 2162 1259 2220 uirorum,
1277 2164 1315 2211 tot
1341 2161 1407 2226 agris
1423 2162 1480 2226 igne
1493 2161 1605 2227 tetroque
1622 2168 1738 2227 vastatis,
1759 2175 1797 2220 tot

1023 2275 1034 2298 ι
1051 2253 1155 2305 urbibus
1175 2253 1288 2304 funditus
1307 2254 1417 2314 eversis,
1435 2257 1473 2304 tot
1492 2253 1558 2305 lesus
1575 2258 1600 2304 et
1621 2258 1748 2310 mmihciis
1769 2267 1796 2312 et

1024 2370 1036 2393 ι
1050 2349 1153 2400 deorum
1166 2348 1345 2412 geniorumque
1364 2347 1475 2399 cultibus
1494 2347 1608 2412 sublatis,
1627 2349 1663 2400 ita
1681 2356 1710 2402 ut
1726 2357 1793 2406 mul·

1024 2465 1036 2487 ι
1053 2443 1086 2493 tis
1103 2442 1128 2491 in
1145 2441 1219 2499 loeis.
1235 2454 1280 2490 nne
1292 2440 1346 2491 dies
1363 2441 1420 2491 testi
1440 2441 1601 2500 celebrentur.
1620 2456 1665 2494 nec
1675 2447 1799 2498 ειοτῖῖίυὶι

1024 2558 1036 2582 ιι
1050 2537 1124 2593 liant.
1139 2549 1184 2585 nec
1196 2533 1245 2584 diis
1259 2535 1366 2584 honores
1381 2534 1482 2597 legitimi
1496 2534 1656 2586 tribuantur?
1674 2539 1801 2604 Equidem

1024 2653 1037 2676 ι
1052 2630 1167 2682 existimo
1184 2628 1314 2692 indignum
1331 2627 1399 2690 viro,
1412 2628 1453 2678 cui
1472 2628 1554 2680 virtus
1571 2631 1802 2700 quantulocunque

1025 2746 1037 2770 ιι
1052 2739 1120 2775 curas
1140 2727 1190 2781 est,
1212 2722 1264 2773 sine
1283 2721 1335 2772 ullo
1354 2721 1498 2773 discrimine
1522 2722 1636 2775 inimicos
1654 2729 1680 2777 et
1708 2728 1803 2779 amicos

1024 2839 1036 2863 ι
1052 2817 1180 2880 neddere,
1201 2820 1227 2867 et
1238 2831 1339 2881 gravem
1351 2820 1428 2882 atque
1439 2816 1622 2882 implacabilem
1637 2819 1699 2883 iram
1715 2836 1802 2886 gerere

1025 2934 1037 2957 ιι
1052 2914 1145 2970 ineos,
1166 2909 1283 2973 aquibus
1295 2908 1379 2973 aliqua
1391 2908 1483 2960 iniuria
1500 2908 1578 2961 fuerit
1598 2910 1716 2970 citemus,
1732 2927 1799 2977 prae·

1025 3026 1037 3051 ι
1053 3005 1138 3056 sertim
1154 3016 1227 3060 vero,
1244 3002 1264 3052 si
1287 3002 1379 3053 inultas
1401 3002 1451 3053 lam
1473 3003 1505 3054 de
1525 3003 1576 3054 illis
1592 3019 1682 3070 easque
1698 3005 1801 3058 acerbas

1025 3114 1135 3166 «parmas
1156 3097 1296 3161 sumpserit.
1336 3099 1396 3147 llaec
1416 3097 1492 3162 igitur
1511 3104 1584 3162 sunt,
1601 3114 1659 3164 quas
1680 3102 1803 3153 habemus

1024 3220 1035 3242 ιι
1052 3200 1106 3247 tum
1121 3197 1149 3244 ut
1173 3207 1218 3242 nos
1238 3193 1304 3256 ipsos
1324 3206 1470 3257 purgemus,
1496 3197 1549 3243 tum
1572 3198 1601 3244 ut
1614 3209 1659 3259 pro
1682 3197 1753 3260 plebe
1777 3203 1803 3249 te

1025 3314 1037 3335 ιι
1055 3290 1223 3353 deprecemur.
1265 3288 1327 3343 Quae
1350 3300 1407 3335 roro
1432 3285 1616 3336 honoratissimi
1635 3289 1731 3352 quique
1757 3290 1802 3340 be-

1025 3410 1036 3431 ιι
1053 3385 1198 3438 nenotentiae
1218 3397 1306 3434 caussa
1318 3397 1415 3433 summo
1431 3382 1515 3432 studio
1536 3387 1560 3432 te
1576 3389 1692 3445 monent,
1708 3386 1806 3450 tibique

1025 3481 1204 3545 «ingratiam
1227 3493 1283 3528 cum
1315 3477 1396 3542 patria
1420 3477 1534 3527 redeunti
1556 3479 1717 3542 pollicentur,
1749 3481 1805 3531 haec

1028 3596 1040 3619 ι
1055 3579 1121 3625 sunt.
1156 3577 1221 3622 Dum
1238 3571 1345 3621 manime
1365 3573 1449 3634 potes,
1465 3574 1491 3620 et
1513 3586 1603 3621 nunrea
1623 3571 1738 3623 divinum
1758 3573 1804 3624 tibi

1028 3669 1133 3725 staret,
1147 3666 1273 3717 moderate
1292 3668 1316 3714 le
1330 3679 1416 3728 geras,
1435 3669 1461 3714 et
1480 3663 1586 3715 fortunae
1605 3665 1722 3716 benehcia
1741 3682 1802 3732 pru·

1027 3786 1038 3807 ι
1053 3764 1139 3814 denter
1151 3762 1290 3826 dispensem
1305 3764 1423 3824 reputans
1433 3775 1472 3810 res
1488 3775 1574 3811 omnes
1586 3775 1640 3811 esse
1652 3763 1802 3821 mutabiles,

1025 3880 1037 3903 ιι
1053 3863 1079 3907 et
1092 3856 1153 3907 nihil
1168 3869 1276 3917 unquam
1299 3855 1323 3903 in
1346 3854 1432 3904 eodem
1446 3859 1513 3905 statu
1531 3869 1675 3919 ponrranere
1695 3857 1775 3908 solere
1795 3876 1802 3905 :

1025 3974 1036 3995 ιι
1051 3948 1173 4016 quidquid
1190 3949 1255 3996 enim
1281 3948 1394 4007 excellit,
1415 3948 1458 3998 ubi
1479 3948 1511 3998 nd
1534 3963 1661 3999 snrnmum
1681 3951 1805 4002 claritatis

1024 4064 1037 4089 ιι
1052 4041 1177 4104 fastigium
1212 4039 1302 4096 evasit,
1336 4039 1528 4105 indignationem
1556 4042 1659 4091 deornm
1693 4041 1803 4107 elingere

1025 4142 1151 4205 «nequit,
1175 4146 1201 4190 et
1213 4154 1299 4190 rursus
1315 4138 1345 4187 ad
1367 4136 1470 4186 nihilum
1489 4135 1617 4200 redigitur.
1651 4138 1705 4185 Hoc
1716 4141 1804 4186 autem

1023 4255 1034 4277 «
1051 4235 1207 4299 potissimum
1223 4232 1312 4282 accidit
1326 4229 1418 4280 saevitis
1430 4244 1459 4278 ac
1476 4229 1590 4293 superbis
1611 4229 1727 4292 ingeniis,
1745 4242 1805 4293 quaa

1023 4348 1034 4368 ι
1054 4328 1168 4376 hnmanae
1190 4330 1285 4375 naturae
1309 4323 1427 4374 lcrnrinos
1454 4320 1676 4384 tranQrerlinntnr.
1733 4323 1804 4371 Nunc

1023 4440 1034 4463 ι
1050 4423 1134 4469 antem
1152 4418 1197 4467 tibi
1212 4415 1393 4467 honestissimis
1412 4412 1595 4463 conditionibus
1616 4412 1709 4461 bellarm
1724 4411 1805 4475 delto·

1023 4533 1035 4556 ι
1053 4525 1110 4561 nero
1124 4511 1191 4559 licet.
1225 4513 1286 4559 tlara
1309 4514 1333 4558 ot
1357 4512 1425 4557 tolus
1446 4510 1548 4556 senatus
1569 4504 1600 4552 ad
1619 4503 1804 4553 ‹leccrnendum

1023 4627 1034 4648 ι
1052 4604 1098 4654 tibi
1117 4603 1225 4653 reditum
1238 4643 1243 4660 ‚
1260 4607 1285 4652 et
1298 4601 1403 4666 qmpulns
1417 4600 1448 4650 ad
1464 4598 1577 4663 perpetui
1592 4598 1672 4647 arsitii
1683 4599 1803 4647 mulctam

1023 4717 1034 4739 ι
1050 4695 1102 4760 loge
1119 4694 1285 4758 abrogandam
1303 4698 1404 4758 paratus
1426 4695 1472 4743 ost.
1501 4690 1567 4748 Quid
1592 4689 1667 4752 igitur
1685 4694 1755 4739 relat
1779 4694 1804 4739 te

1022 4811 1033 4833 ι
1050 4789 1198 4839 suavissimo
1211 4789 1391 4852 carissirnoqne
1403 4785 1599 4837 necessariorum
1614 4789 1714 4834 tuorum
1734 4798 1803 4833 cons

1022 4902 1032 4923 ι
1049 4884 1121 4945 pactu
1133 4881 1223 4930 iterum
1239 4881 1296 4939 frui,
1311 4886 1334 4930 et
1346 4881 1452 4944 patrium
1465 4877 1629 4942 exoptandam
1645 4890 1799 4940 recuperare,

1022 4994 1033 5015 ι
1051 4978 1075 5023 ct
1097 4973 1234 5037 impurare.
1257 4977 1283 5020 nt
1308 4978 1331 5022 te
1353 4973 1440 5033 «locet,
1458 4971 1650 5034 impermotus,
1673 4972 1698 5018 et
1722 4966 1801 5016 ducos

1024 5082 1034 5103 ι
1053 5062 1159 5119 dulcere,
1181 5065 1207 5111 ot
1229 5060 1314 5110 liboris
1335 5060 1515 5124 nepotibusque
1543 5059 1677 5108 maximam
1696 5055 1800 5120 gloriam

1022 5171 1033 5193 ι
1051 5151 1211 5216 relinqueret
1224 5152 1305 5214 Aliquo
1316 5149 1405 5199 horum
1419 5148 1529 5200 omnium
1543 5147 1720 5212 promissorum
1743 5160 1803 5195 mox
