3772 5828
175 331 238 394 280
694 321 864 383 DIONYSH
888 320 1266 385 HALICARNASSENSIS

177 487 236 531 σαι,
253 463 300 526 ἕως
314 458 346 518 δν
360 453 562 519 ἀπολούσωνταί
577 453 666 515 τεκαὶ
691 452 738 521 πλις
757 455 871 525 ἐσθῆτας
890 456 956 513 ἀπο-
1010 464 1093 512 vestes
1106 460 1312 524 resumpsissent,
1325 473 1356 512 ne
1374 473 1402 512 se
1416 460 1495 512 nudas
1506 461 1640 514 viderent:
1660 478 1791 530 quumque

176 549 310 620 λάθωσιν,
321 544 367 606 ίνα
382 544 420 622 μὴ
435 542 537 623 γνμνθι
557 545 651 624 δρῶσιν
668 540 762 609 αὖτίς·
786 542 953 614 πθῑηῦᾶνῐων
1009 562 1035 612 id
1052 562 1088 613 iiii
1106 564 1233 625 iecissent,
1252 562 1345 614 cloelioe
1363 563 1463 614 hortatu
1489 569 1515 616 et
1533 565 1659 630 exemplo,
1684 568 1791 618 nuvium

177 638 221 699 καί
231 641 308 695 τοῦτο
320 637 373 693 τῶν
390 634 506 714 ἀνδρῶν,
521 631 791 714 παρακελευσαμένης
804 634 895 698 αὐταῖς
908 635 955 702 τῆς
1011 667 1136 716 [mum
1158 665 1184 715 in
1203 665 1289 716 urbem
1309 668 1369 718 sunt
1389 678 1504 718 mem
1539 671 1609 719 Tm
1637 670 1789 735 Tarquinius

177 723 302 791 Κλοιλίας
316 723 362 782 καί
375 721 481 802 πρώτης
494 719 695 801 καταρχούσης,
709 718 898 796 διανηξάμεναι
909 718 955 779 τδν

136 835 148 872 o
176 812 293 889 ποταμδν
316 813 353 879 είς
370 811 418 882 τήν
438 809 515 869 πολιν
531 809 659 882 ἐπῆλθον.
700 803 785 868 Ἔνθα
800 807 833 880 δή
847 807 956 876 πολύςθ

175 900 322 980 Ταρκύνιος
344 890 376 970 ήν
400 898 536 981 ἐπιορκίαν
557 919 586 956 τε
609 897 655 956 καί
677 895 803 956 ἀπιστίαν
819 899 871 963 τοῖς
883 894 954 957 Ῥω-

177 989 264 1066 μαίοις
281 986 420 1066 ἐγκαλῶν,
436 986 482 1044 καί
494 984 540 1045 τδν
555 985 670 1067 βασιλέα
686 983 837 1065 παροξύνων
850 989 886 1052 ὡς
897 985 956 1055 ἐξα-

175 1076 332 1154 πατώμενον
348 1077 393 1134 ὑπ’
419 1074 563 1155 ἀνθρώπων
588 1074 681 1133 δολίων
707 1074 790 1150 μηθίν
817 1076 956 1155 προσέχειν

177 1171 273 1235 αὐτοῖς.
316 1161 540 1244 Ἀπολογουμένυν
554 1161 583 1222 δέ
596 1166 643 1221 τοῦ
662 1160 762 1221 ὑπάτου
777 1160 823 1221 καὶ
839 1161 866 1220 rb
881 1162 957 1242 ἐργον

125 1270 151 1309 10
176 1259 203 1327 ἐξ
216 1258 304 1316 αὐτῶν
317 1254 437 1333 λέγοντος
448 1250 582 1331 γεγονέναι
598 1254 649 1310 τῶν
662 1250 813 1330 παρθένιον,
828 1248 891 1329 δίχα
909 1254 957 1323 τῆς

177 1350 304 1425 ἐπιταγῆς
330 1346 383 1402 τῶν
398 1341 538 1421 πατέρων,
560 1339 606 1398 καί
624 1337 654 1396 τδ
677 1338 769 1397 πιστὸν
784 1338 831 1397 οῦκ
846 1340 881 1405 είς
906 1362 958 1415 μα·

177 1436 243 1518 κρδιν
257 1432 417 1515 παρέξεσθαι
432 1428 553 1508 λέγοντας
566 1426 634 1509 ῦπδρ
647 1433 694 1486 τοῦ
708 1425 790 1502 μηδέν
805 1425 831 1505 ἐξ
847 1427 956 1486 ἐπιδου-

177 1527 225 1597 λῆς
239 1525 282 1602 ὑφ’
298 1522 398 1581 ἑαυτῶν
420 1522 593 1599 πεπρᾶχθαι,
604 1515 719 1583 πεισθείς
735 1517 749 1572 δ
769 1513 893 1594 βασιλεῦς
915 1538 959 1575 συ·

176 1611 328 1695 νεχύρησεν
351 1609 423 1688 αύτῷ
440 1605 590 1686 πορευθέντι
614 1604 661 1672 τλις
683 1601 829 1683 παρθένους
850 1606 957 1683 ἀγαγεῖν

126 1718 151 1759 ru
177 1703 213 1767 ὡς
237 1700 401 1777 ὑπισχνεῖτο.
445 1692 591 1775 Ούαλέριος
618 1692 666 1769 μίν
688 1689 721 1764 δή
744 1690 792 1759 τίς
816 1691 959 1772 παρθένους

178 1785 245 1854 άξων
269 1784 368 1865 ᾤχετο·
410 1783 558 1859 Ταρκύνιος
584 1779 612 1840 δέ
627 1778 673 1838 καί
699 1779 860 1853 δκηδιστής
878 1782 958 1840 αὐτοῦ

177 1875 229 1933 τῶν
242 1871 349 1932 δικαίων
362 1869 527 1952 ύπεριδύντες
538 1868 677 1950 πράγματι
689 1867 883 1928 ἐπιύούλευσαν
899 1873 959 1930 άνο·

178 1961 242 2042 σίιρ,
256 1960 336 2040 λάχον
350 1960 556 2040 ὑποπέμψαντες
572 1961 608 2026 είς
628 1958 676 2030 τήν
701 1957 760 2017 θδδν
772 1956 890 2031 ίππέων,
912 1958 960 2026 τάς

177 2073 207 2110 τε
231 2050 374 2129 παρθένους
390 2049 510 2128 ἁρπάσαι
528 2047 576 2115 τίς
602 2046 748 2125 ἀγομένας,
763 2047 809 2105 καί
822 2046 866 2105 τδν
885 2045 955 2106 ύπα·

125 2144 153 2185 2⁰
177 2162 223 2198 τον
242 2139 287 2197 καί
303 2135 363 2203 τοῦς
388 2136 484 2204 ἄλλους
499 2133 559 2204 τοῦς
573 2134 618 2194 ἐπί
638 2134 668 2194 τδ
685 2134 861 2213 στρατόπεδον
883 2138 959 2215 ἐρχο-

179 2225 271 2303 μένους
287 2223 448 2303 συλλαάεῑν,
463 2228 498 2291 ῶς
514 2223 589 2304 ῥύσια
601 2221 751 2290 καθέξοντες
765 2224 821 2281 ἀνθ’
834 2214 870 2280 ῶν
881 2225 957 2302 ’Ταρ-

178 2313 265 2372 κύνιον
290 2310 427 2392 ἀφείλοντο
458 2309 588 2388 Ῥωμαῖοι
614 2309 761 2390 χρημάτων
786 2309 820 2370 τά
845 2309 957 2388 σώματα

177 2404 278 2477 ταῦτα,
293 2397 339 2457 καί
351 2403 398 2471 τῆς
410 2397 484 2472 δίκης
506 2399 536 2458 τὸ
554 2399 627 2466 τέλος
642 2399 729 2458 ούκέτι
746 2405 955 2480 περιμενοῦντες.

178 2489 237 2550 ode
260 2486 333 2547 είασε
356 2488 379 2546 δ’
394 2486 482 2554 αὐτοῖς
504 2485 572 2546 κατά
592 2492 652 2545 νοῦν
680 2491 801 2566 χωρῆσαι
824 2485 872 2559 τήν
897 2493 956 2549 ἐπι-

125 2595 154 2637 tt
179 2574 277 2648 δουλίην
302 2576 331 2634 τδ
358 2574 500 2648 δαιμόνιον.
542 2572 589 2634 Ἔν
613 2570 667 2655 ύσιμ
687 2574 739 2654 γθρ
754 2577 784 2634 ἐκ
808 2581 853 2634 τοῦ
875 2575 958 2636 Λατί-

179 2689 230 2726 νων
254 2664 370 2744 χάρακος
384 2661 493 2742 ἐξήισαν
509 2664 532 2721 οί
548 2663 689 2739 μέλλοντες
709 2662 762 2731 τοῖς
778 2663 958 2743 παραγινομέ-

180 2776 232 2819 νοις
247 2750 396 2822 ἐπιθέσθαι,
412 2749 514 2830 φθάσας
532 2753 547 2808 θ
563 2753 617 2809 τῶν
631 2750 774 2827 Ῥωμαίων
799 2749 896 2818 ὕπατος
910 2743 959 2829 ήγε

180 2839 228 2907 τδς
239 2838 331 2919 κόρας·
344 2837 465 2920 καὶπρὸς
481 2842 571 2906 αύταῖς
582 2836 633 2913 ήδη
648 2847 705 2905 ταῖς
720 2840 815 2905 πύλαις
828 2845 873 2898 τοῦ
886 2838 959 2919 Τυρ·

183 2930 287 3006 ρηνικοῦ
300 2925 418 3006 χάρακος
439 2924 475 2985 ῶν
495 2926 546 2986 ύπδ
571 2931 622 2986 τῶν
649 2924 842 2995 ἐπιδιωξάντων
858 2927 889 2985 ἐκ
913 2931 960 2998 τῆς

127 3033 156 3075 ab
182 3014 271 3093 ἐτέρας
297 3013 500 3094 στρατοπεδείας
521 3013 765 3091 καταλαμύάνεται.
808 3014 890 3073 Ἔνθα
913 3018 960 3086 τῆς

182 3104 337 3179 συμπλοκῆς
354 3103 438 3160 αὐτῶν
454 3100 609 3178 γενομένης,
626 3109 721 3182 ταχεῖα
735 3102 788 3171 τοῖς
814 3104 960 3182 ’Τυρρηνοῖς

181 3190 302 3265 αίσθησις
316 3191 425 3271 ἐγένετο.
468 3189 521 3249 Καί
536 3187 604 3248 κατά
617 3189 731 3260 σπουδήν
747 3193 817 3248 δτοῦ
832 3189 960 3268 βασιλέως

182 3278 235 3348 oti<
255 3277 315 3351 ἴλην
337 3277 440 3336 ἱππέων
467 3276 628 3354 ἐπαγόμενος
651 3277 769 3350 ἐθοήθει,
783 3279 828 3336 καὶ
853 3280 883 3337 ἐκ
906 3283 959 3338 τῶν

181 3371 266 3437 πεζῶν
282 3370 306 3426 oi
321 3363 515 3446 προκαθήμενοι
529 3371 576 3425 τοῦ
592 3365 709 3445 χάρακος
724 3366 899 3446 συνέδραμον.

128 3478 155 3521 tt
222 3458 355 3519 XXXIV.
378 3455 439 3534 ’Ep’
463 3446 500 3520 οἷς
516 3456 671 3534 ἀγανακτῶν
684 3458 698 3513 δ
712 3454 844 3535 Πορσίνας
859 3459 895 3524 είς
916 3457 959 3516 ίκ-

182 3546 294 3620 κλησίαν
317 3545 376 3611 τούς
402 3544 552 3625 Τυρρηνούς
573 3544 722 3604 συνεκάλει·
748 3544 793 3604 καί
814 3544 960 3618 διεξῆλθεν,

183 3641 217 3702 ὡς
242 3633 439 3714 ἐπιτρεψάντων
467 3633 539 3713 αύτῷ
564 3633 669 3710 [δίκας]
687 3633 829 3710 Ῥωμαίων
853 3635 962 3696 δικάσαι

182 3723 242 3804 περί
257 3713 293 3781 ῶν
310 3724 480 3781 ἐνεκαλοῦντο
498 3721 548 3779 ύπδ
564 3722 728 3802 Ταρκυνίου,
748 3722 809 3802 πρίν
831 3725 963 3785 ἐπιτελεσ·

184 3816 260 3882 θῆναι
280 3810 328 3883 τήν
344 3810 437 3886 δίκην,
459 3812 495 3876 είς
517 3808 575 3889 ίερδι
588 3808 702 3887 σώματα
722 3811 859 3891 πρέσῦεών
873 3838 903 3873 τε
917 3815 961 3873 καί

130 3919 159 3960 to
185 3901 293 3981 ὁμήρων
317 3907 481 3981 παρανομεῖν
498 3901 525 3956 ἐν
544 3900 668 3964 σπονδαῖς
691 3899 865 3980 ἐπεχείρησαν
888 3905 912 3961 οί
927 3905 964 3960 δι·

184 3985 264 4053 καίως
284 3991 328 4047 ὑπ’
347 3990 434 4046 αὐτῶν
457 3986 634 4060 ἐξελαθέντες,
659 3986 716 4045 ὅθεν
741 3988 873 4067 Τυρρηνοί
894 3988 963 4050 Ῥω·

186 4073 277 4147 μαίους
300 4074 346 4148 μὲν
362 4075 506 4134 ἀπολύουσι
528 4078 580 4135 τῶν
603 4073 794 4154 ἐγκλημάτων,
820 4075 963 4158 ’Ταρκυνίῳ

185 4159 213 4218 δέ
225 4160 269 4219 καί
294 4161 423 4243 Μαμιλίῳ
450 4162 600 4222 διαλύοτται
623 4163 672 4235 τήν
695 4163 792 4238 ξενίαν,
810 4165 856 4224 καί
876 4174 963 4246 προεῖ-

185 4272 233 4308 πεν
250 4247 394 4326 αύθημερδν
410 4251 439 4307 ἐκ
455 4256 500 4309 τοῦ
522 4251 640 4331 χάρακος
661 4251 776 4312 ἀπιέναι.
820 4253 964 4334 Ταρκύνιοι

132 4363 159 4404 ις
186 4337 234 4412 μέν
249 4328 293 4397 οῦν
309 4340 335 4394 ἐν
351 4338 438 4395 ἐλπίσι
452 4341 580 4415 χρησταῖς
596 4340 729 4420 γενόμενοι
744 4343 803 4401 κατ’
820 4343 918 4424 ἀρχάς,
929 4347 963 4411 ὡς

185 4425 203 4495 ή
220 4426 422 4505 τυραννήσοντες
445 4418 516 4493 αὖθις
537 4433 584 4500 τῆς
604 4429 704 4496 πολέως
725 4432 870 4510 Τυρρηνῶν
891 4430 964 4511 σρίσι

1011 767 1168 819 vehementer
1182 767 1207 818 io
1219 770 1342 818 Romanos
1356 768 1525 832 invehebatur,
1539 771 1675 835 periurium
1690 776 1717 824 et
1732 788 1791 839 per-

1011 868 1094 920 tidiam
1112 868 1161 921 iilis
1176 868 1299 931 obicieus;
1314 883 1445 935 regemque
1466 871 1614 936 instigabat,
1635 879 1679 937 ut,
1695 877 1789 943 quippe

1010 971 1054 1034 qui
1072 971 1103 1022 ab
1119 969 1261 1022 hominibus
1276 961 1440 1024 fraudulentis
1453 973 1573 1040 deceptus
1584 982 1665 1041 esset,
1679 979 1791 1031 animum

1011 1077 1044 1128 ad
1060 1078 1115 1129 illos
1136 1091 1185 1128 non
1199 1077 1346 1129 adverteret
1380 1079 1487 1131 consue
1508 1072 1593 1132 auteni
1611 1097 1639 1134 se
1654 1087 1793 1148 purgante,

1011 1181 1085 1245 idque
1098 1179 1193 1231 facinus
1208 1180 1303 1231 iniussu
1317 1185 1414 1246 patrum
1426 1182 1458 1233 ab
1476 1184 1537 1249 ipsis
1554 1185 1689 1249 virginibus
1703 1192 1792 1252 patra-

1011 1285 1065 1334 tum
1080 1282 1253 1344 adseverante,
1271 1286 1297 1334 et
1313 1282 1382 1334 breui
1401 1298 1429 1337 se
1445 1284 1521 1337 iidem
1539 1287 1661 1340 tectarum
1676 1290 1792 1351 dicente,

1012 1386 1097 1438 nibila
1108 1399 1136 1437 se
1149 1385 1266 1437 insidiose
1280 1386 1430 1446 admissum
1443 1402 1489 1441 rex
1502 1389 1557 1442 eius
1571 1393 1653 1444 verbis
1667 1394 1794 1446 adductus

1012 1488 1125 1555 permisit
1140 1491 1172 1541 ut
1190 1487 1272 1539 abiret
1291 1492 1329 1551 et,
1350 1492 1559 1555 quemadmodum
1583 1498 1637 1547 erat
1651 1497 1790 1560 pollicitus,

1013 1591 1120 1656 virgines
1134 1590 1273 1643 reduceret.
1307 1593 1422 1644 veterius
1431 1592 1508 1659 igitur
1521 1595 1628 1661 virgines
1641 1598 1794 1650 reducturus

1013 1692 1135 1745 discessit.
1168 1696 1201 1743 At
1216 1693 1364 1757 Tarquinius
1380 1697 1484 1763 eiusque
1501 1712 1583 1764 gener,
1597 1701 1708 1766 neglecto
1720 1702 1789 1763 iure,

1014 1800 1101 1854 udarit
1122 1796 1236 1849 facinoris
1259 1797 1389 1849 consilium
1404 1803 1531 1864 ceperunt,
1553 1803 1665 1867 equitum
1684 1808 1790 1855 turmam

1014 1907 1078 1956 olum
1100 1902 1131 1952 ad
1152 1901 1200 1951 iter
1220 1898 1382 1951 obsidendum
1402 1902 1541 1967 mittentes,
1563 1907 1593 1957 ut
1609 1907 1714 1971 virgines
1734 1922 1793 1972 quae

1014 2009 1166 2061 ducebantur
1190 2006 1320 2069 caperent,
1342 2004 1469 2070 ipsumque
1491 2008 1617 2059 consulem
1648 2015 1674 2060 et
1696 2017 1792 2063 eeteros

1014 2113 1058 2178 qui
1070 2111 1102 2161 ad
1117 2112 1200 2160 castra
1210 2107 1428 2173 proficiscebantur
1441 2109 1688 2175 comprehenderent,
1705 2121 1732 2164 ot
1743 2117 1791 2180 ipsi

1014 2217 1107 2268 interea
1124 2213 1179 2265 hene
1190 2224 1292 2278 corpora
1314 2224 1359 2275 pro
1369 2210 1469 2276 pignore
1488 2210 1609 2264 bonorum
1628 2218 1792 2280 Tarquinios

1012 2320 1130 2375 Romanis
1144 2319 1286 2384 ereptorum
1302 2316 1447 2378 retinerent,
1462 2330 1511 2369 uon
1523 2323 1667 2385 exspectato
1681 2323 1786 2388 amplius

1012 2427 1097 2480 iudicii
1111 2426 1169 2476 tine.
1202 2421 1252 2474 Sed
1265 2422 1327 2472 deus
1336 2433 1384 2471 uon
1399 2421 1510 2486 permisit
1526 2427 1554 2475 ut
1567 2423 1623 2476 istun
1638 2427 1733 2480 insidiae
1747 2431 1785 2493 ip-

1013 2533 1048 2583 sis
1058 2545 1091 2583 en
1102 2526 1223 2579 sententia
1236 2525 1405 2576 succederent.
1439 2527 1503 2576 uum
1518 2525 1584 2577 enim
1599 2541 1631 2578 ex
1640 2529 1729 2581 castris
1742 2534 1786 2581 ia-

1013 2632 1072 2684 tinis
1095 2598 1262 2684 insidiatores.
1282 2627 1326 2690 qui
1344 2630 1468 2679 Romanos
1486 2631 1625 2694 aggressuri
1643 2638 1713 2686 eraut
1728 2650 1787 2700 pro.

1013 2736 1104 2798 deuut,
1125 2734 1211 2783 consui
1224 2732 1351 2780 Romanus
1370 2743 1415 2781 eos
1427 2733 1599 2794 antevertens,
1618 2734 1724 2798 virginea
1741 2739 1784 2787 ad-

1013 2836 1093 2887 duxit.
1127 2837 1158 2884 Et
1168 2845 1246 2898 quum
1267 2832 1315 2881 ianr
1335 2831 1367 2881 ad
1387 2832 1453 2898 ipsas
1477 2836 1637 2886 uuuseoram
1650 2839 1789 2888 castrorum

1013 2946 1085 3005 portas
1095 2937 1255 2993 accessisset,
1271 2934 1307 2983 ilii
1321 2935 1434 2997 quicum
1456 2947 1488 2985 ex
1507 2936 1592 2987 alteris
1613 2939 1702 2990 castris
1716 2939 1785 2992 inse·

1014 3043 1153 3110 quebautur
1161 3052 1218 3090 eum
1226 3041 1400 3098 assequuntur.
1435 3043 1490 3097 Quo
1500 3040 1525 3090 in
1537 3041 1592 3091 ioco
1603 3054 1684 3107 pugna
1692 3048 1787 3103 coorta,

1015 3145 1100 3198 statim
1112 3141 1209 3194 Etrusci
1220 3153 1273 3190 rom
1286 3143 1417 3190 senserunt
1430 3161 1436 3191 ι
1454 3145 1481 3192 et
1495 3144 1558 3208 regis
1571 3145 1637 3197 iilius
1650 3161 1708 3198 cum
1721 3151 1786 3213 equi·

1014 3256 1067 3304 tum
1081 3254 1164 3302 turma
1183 3260 1285 3312 propere
1305 3246 1431 3310 suppetias
1453 3246 1510 3297 tulit
1533 3250 1676 3317 peditesque
1689 3256 1731 3318 qui
1743 3269 1788 3320 pro

1015 3357 1104 3408 castris
1115 3354 1246 3406 stationem
1261 3350 1384 3401 habebant
1393 3364 1423 3402 eo
1436 3358 1622 3406 concurrerunt.

1047 3458 1155 3507 xxxiv.
1182 3451 1347 3511 Quamobrem
1363 3451 1503 3516 indignatus
1525 3456 1631 3505 Porsena
1644 3455 1675 3506 ad
1687 3459 1787 3508 concio-

1014 3577 1072 3615 nem
1090 3566 1206 3614 Etruscos
1228 3564 1374 3615 convocarit
1401 3565 1487 3627 eisque
1510 3564 1786 3629 declararit,quemad·

1014 3672 1116 3724 modum
1124 3672 1207 3723 delato
1221 3671 1252 3723 ad
1266 3685 1292 3722 se
1302 3686 1317 3721 a
1329 3673 1443 3724 Romanis
1455 3672 1553 3730 iudicio,
1565 3676 1590 3724 et
1601 3672 1647 3722 sibi
1657 3673 1790 3723 commissa

1015 3776 1153 3842 cognitione
1166 3777 1307 3837 criminum,
1319 3789 1376 3840 quas
1402 3777 1462 3842 ipsis
1476 3778 1623 3841 Tarquinius
1639 3777 1787 3843 objiciebat,

1015 3892 1123 3942 noudum
1133 3890 1203 3941 finita
1212 3901 1308 3948 caussa,
1320 3886 1407 3937 exules
1415 3886 1469 3937 iure
1477 3886 1572 3951 optimo
1581 3884 1613 3935 ab
1623 3885 1683 3949 ipsis
1691 3882 1787 3947 expulsi

1015 3998 1153 4062 legatorum
1169 3997 1194 4046 et
1207 3992 1320 4045 obsidum
1341 3993 1496 4042 sacrosancta
1518 4002 1631 4056 corpora,
1647 3991 1791 4053 contempta

1016 4104 1170 4155 induciarum
1189 4103 1318 4166 religione,
1341 4099 1432 4151 vioiare
1455 4098 1537 4149 conati
1562 4098 1674 4149 tuissent.
1705 4101 1791 4155 Quare

1017 4209 1114 4260 itimsci
1131 4213 1254 4261 Romanos
1263 4207 1408 4260 criminibus
1420 4204 1522 4257 obiectis
1532 4202 1681 4265 liberarunt,
1691 4209 1716 4254 et
1726 4207 1789 4255 Tar-

1016 4317 1108 4381 quiniis
1128 4323 1202 4384 atque
1225 4318 1334 4370 Mamilio
1354 4314 1489 4379 hospitium
1508 4311 1691 4372 renuntiarunt,
1710 4325 1790 4375 eoque

1016 4425 1070 4491 ipso
1091 4426 1131 4476 die
1146 4439 1190 4476 eos
1202 4425 1289 4476 castris
1304 4422 1422 4474 excedere
1436 4419 1567 4503 iusserunt.
1602 4416 1728 4480 Tarquinii
1742 4415 1790 4479 igi·

189 4516 366 4595 βοηθούντων,
380 4511 397 4582 ἢ
412 4512 445 4570 τά
459 4515 588 4593 χρήματα
604 4515 788 4595 κομιούμενοι,
806 4517 848 4576 dod
864 4517 913 4590 τήν
928 4520 965 4584 είς

186 4603 246 4670 τούς
260 4602 384 4681 πρέσῦεις
406 4601 451 4659 καί
466 4602 499 4660 τά
514 4606 602 4685 ὅμηρα
618 4606 785 4684 παρανομίαν
808 4604 964 4685 άμροτέρων

188 4690 376 4771 διαμαρτόντες
397 4690 513 4762 ἀπῆλθον
536 4695 565 4751 ἐκ
580 4698 625 4753 τοῦ
642 4692 818 4774 στρατοπέδου
835 4695 882 4753 σύν
900 4694 964 4752 αίσ-

135 4809 163 4850 ω
187 4779 295 4859 χύνῃτε
311 4779 356 4839 καί
370 4779 452 4857 μίσει.
497 4778 532 4842 Ὁ
552 4782 579 4840 δέ
594 4787 646 4841 τῶν
667 4785 810 4863 Τυρρηνῶν
843 4779 965 4861 βασιλεῦς

187 4865 221 4920 τά
243 4867 331 4951 ὅμηρα
355 4872 407 4928 τῶν
432 4867 575 4947 Ῥωμαίων
596 4870 640 4930 ἐπί
654 4871 684 4930 ιδ
699 4874 775 4951 βῆμα
799 4877 965 4951 προαχθηναι

188 4953 313 5022 κελεύσας
340 4959 484 5019 ἀποδίδωσι
512 4961 550 5040 τῷ
580 4960 688 5040 ὑπάτῳ,
705 4958 786 5019 εἰπὼν
810 4959 851 5017 ὅτι
877 4958 965 5029 πάσης

103 5107 105 5111 ,
189 5039 315 5114 ὅμηρείατ
337 5047 463 5123 κρείττον’
479 5051 581 5124 ῆγεῖται
600 5048 648 5120 τήν
671 5047 760 5107 πίστιν
785 5051 831 5119 τῆς
852 5047 962 5113 πολιως.

104 5136 106 5181 ί
191 5121 264 5187 Μίαν
274 5124 302 5184 δέ
309 5130 437 5207 παρθένον
447 5136 477 5193 ἐκ
486 5139 538 5194 τῶν
549 5134 656 5214 ὁμήρων
662 5181 672 5208 ,
686 5135 729 5217 ὑφ’
738 5129 768 5208 ἧς
780 5135 936 5209 ἐπείσθησαν
946 5136 974 5195 αί
1019 5143 1104 5204 tituit,
1115 5141 1198 5193 dicens
1209 5153 1236 5192 se
1247 5140 1325 5205 pluris
1333 5142 1411 5191 iacere
1423 5138 1497 5189 fidem
1506 5136 1591 5201 popuii
1604 5129 1707 5184 Romani
1717 5143 1793 5193 quum

1017 4537 1068 4596 tur,
1082 4535 1126 4600 qui
1139 4532 1257 4597 principio
1270 4532 1358 4581 bonam
1374 4542 1442 4593 spero
1455 4525 1603 4583 babuerunt,
1615 4536 1642 4574 se
1653 4522 1693 4573 rel
1706 4525 1790 4585 tprau·

1017 4637 1099 4688 uidem
1112 4639 1273 4685 Etruseorum
1287 4647 1360 4697 opera
1375 4634 1399 4683 et
1411 4631 1502 4681 auxilio
1511 4629 1663 4690 recepturos,
1676 4624 1713 4674 ret
1727 4623 1792 4671 bona

1017 4751 1062 4789 sua
1073 4740 1274 4801 recuperaturos,
1287 4735 1319 4785 ob
1328 4734 1422 4799 legatos
1432 4736 1457 4784 et
1466 4731 1566 4782 obsides
1578 4731 1664 4779 contra
1684 4726 1722 4774 ius
1735 4725 1789 4773 uio·

904 4873 921 4889 .,
1019 4840 1094 4901 iatos,
1107 4843 1212 4901 utraque
1233 4850 1261 4887 re
1275 4836 1387 4887 frustrati
1399 4850 1430 4887 ex
1444 4833 1531 4886 castris
1548 4845 1606 4882 eum
1623 4827 1753 4895 ignominia
1763 4826 1789 4874 et

1018 4939 1127 4991 omnium
1136 4938 1194 4988 odio
1206 4938 1379 4989 discesserunt.
1413 4940 1465 4987 iter
1478 4937 1562 4985 autem
1572 4935 1732 4983 Etruscorum
1741 4924 1789 4973 ob-

1018 5042 1082 5093 sides
1095 5045 1216 5092 Romanos
1227 5040 1258 5090 ad
1268 5038 1374 5089 tribunal
1384 5038 1487 5103 produci
1501 5034 1586 5096 iussit,
1601 5036 1626 5084 et
1637 5027 1730 5080 consuti
1741 5040 1792 5076 res·
