3772 5828
193 382 253 447 sid
712 377 880 439 DIONYSII
902 374 1289 440 HALICARNASSENSIS

194 539 207 563 ιι
224 509 270 566 καὶ
286 506 374 589 μορφή
392 509 438 565 τοῦ
452 504 588 584 βασιλείου
601 501 690 582 γένους
706 501 778 568 ἀξία.
820 499 859 562 *tl
872 500 971 560 τούτων

195 626 208 651 ιι
224 599 272 677 μέν
282 596 435 674 οὐδέτερον,
449 599 467 666 ή
482 593 504 651 δ’
518 591 627 662 ἀσθενής
639 591 677 648 ἔτι
695 592 741 650 καὶ
752 589 819 649 πολὺ
834 589 973 669 ἀπέχουσα

195 716 208 741 ιι
222 691 269 746 τοῦ
283 687 385 766 φρονεῖν
399 684 433 741 ad
446 681 615 760 προσήκοντα
634 679 724 751 νεότης
744 680 865 757 μεθέλκει
880 702 926 752 σε,
941 679 974 739 δι’

195 803 209 831 ιι
223 774 256 848 ἢν
271 776 319 831 οὐκ
335 773 414 839 ἀξιοῖς
429 770 462 829 τά
478 768 601 828 πολιτικά
620 767 765 847 πράττειν;
785 768 810 834 te
825 769 854 826 ού
869 769 974 837 πολλοῖς

153 892 167 929 ι
197 893 209 917 ι
224 865 329 926 ἀποδεῖς
350 859 420 917 ἔτεσι
440 854 668 927 πεντηκονταέτης
692 845 776 928 εἶναι,
802 855 930 935 κράτιστα
946 857 973 916 δέ

196 980 208 1006 ιι
224 953 355 1030 ἄνθρωποι
366 946 499 1027 πεφύκασι
513 952 615 1025 φρονεῖν
629 948 652 1001 οἱ
667 944 729 1023 περὶ
743 943 841 1017 ταύτην
855 944 973 1018 μάλιστα

195 1068 208 1094 ι
223 1040 356 1118 γενόμενοι
372 1036 420 1108 τήν
441 1031 559 1105 ήλικίαν.
604 1033 693 1111 Φέρε,
719 1033 778 1090 ἀλλ’
799 1037 878 1104 ἡτοῦ
891 1033 973 1092 κατέ-

195 1156 208 1183 ιι
222 1150 314 1209 χοντος
331 1126 364 1183 τά
381 1123 529 1205 πράγματα
542 1122 657 1198 εὐγένεια
671 1120 716 1181 καί
730 1125 748 1192 ή
763 1121 827 1201 πρὸς
838 1120 897 1189 τοθς
910 1145 974 1202 κρα-

195 1245 208 1269 ι
222 1217 324 1281 τίστους
337 1216 389 1272 τῶν
400 1213 514 1270 πολιτῶν
533 1209 725 1286 ίπιτηδειότης,
739 1208 773 1267 δι’
783 1209 817 1282 ἣν
827 1212 873 1269 ούιι
884 1212 973 1269 εδιτι-

141 1336 167 1376 ‚0
194 1335 207 1360 ιι
221 1305 342 1387 χείρητάς
356 1305 441 1373 ἐστιν,
464 1298 604 1378 ἀνέχεσθαί
619 1321 650 1358 σε
669 1297 824 1377 ἀναγκάζεις
842 1297 911 1358 ἀλλά
927 1300 973 1359 καλ

195 1424 208 1449 ι
223 1400 307 1454 ταῦτα
320 1392 456 1474 ἀμφότερα
471 1393 559 1455 κακῶς
575 1387 669 1466 ἔχοντα
684 1389 756 1469 αὐτῷ
775 1386 914 1467 τυγχάνει,
928 1388 974 1447 καὶ

194 1512 207 1538 ιι
224 1483 282 1544 stit
304 1481 381 1547 αὐτὸς
405 1478 473 1538 αδτά
494 1501 523 1554 γε
538 1479 637 1556 ἀγνοεῖ.
656 1475 710 1537 liei
728 1475 780 1551 μήν
799 1476 817 1548 ἥ
837 1500 868 1555 γε
886 1477 973 1554 τόλμα

195 1602 208 1628 ιι
223 1573 267 1633 καὶ
291 1573 321 1630 τδ
342 1568 519 1649 φιλοκίνδυνον
544 1566 629 1625 ἔνεστί
659 1588 705 1625 σου
726 1573 779 1632 τοῖς
800 1565 921 1645 τρόποις,
936 1556 972 1625 ὧν

195 1690 208 1714 ιι
225 1661 341 1738 μάλιστα
361 1660 399 1738 τῷ
424 1654 570 1734 βασιλεύειν
591 1656 713 1732 μέλλοντι
742 1655 793 1712 δεῖ·
815 1655 931 1736 ὑπάρχει
945 1657 973 1716 δέ

141 1787 167 1826 ¹3
195 1778 208 1803 ιι
223 1772 264 1810 σοι
285 1746 331 1807 καὶ
347 1748 457 1811 πλοῦτος
472 1744 560 1812 ἱκανὸς
574 1745 619 1803 καλ
636 1743 706 1823 φίλοι
721 1744 813 1802 πολλοὶ
832 1744 878 1803 καὶ
893 1745 972 1805 ἀλλαι

195 1865 208 1890 ι
223 1836 287 1920 πρὸς
308 1833 343 1894 τά
356 1831 492 1914 πράγματ’
512 1831 630 1912 ἀφορμαί
657 1831 754 1910 πολλαὶ
776 1835 820 1891 καλ
844 1832 969 1910 μεγάλαι.

195 1953 208 1979 ιι
221 1927 256 1988 Τί
265 1915 309 1986 οάν
319 1922 358 1982 έτι
368 1921 474 1999 μέλλεις
487 1921 532 1979 καὶ
545 1920 588 1979 τόν
601 1920 748 1997 αύτόματον
759 1921 854 2001 ίκδέχῃ
866 1921 967 1999 καιρὸν,

184 2045 207 2088 ,ι
224 2015 253 2076 θν
270 2015 327 2088 ήξιι
350 2037 392 2074 σοι
406 2009 491 2094 φέρων
506 2008 553 2081 τὴν
579 2009 715 2088 βασιλείαν
738 2007 820 2085 μηδέν
839 2012 877 2077 εἷς
893 2016 971 2070 τοῦτο

195 2134 208 2161 ιι
221 2099 504 2186 πραγματευσαμένῳ;
528 2099 596 2172 μετὰ
617 2095 665 2169 τήν
687 2102 733 2156 τοῦ
755 2096 870 2158 Τυλλίου
885 2098 970 2170 δήπου

39 2260 44 2273 Ι
138 2224 167 2267 ,0
195 2223 208 2249 ιι
223 2192 364 2264 τελευτήνς
382 2191 506 2267 ὡσπεράν
521 2183 701 2262 ἀναμενούσης
714 2189 762 2257 τ’ής
775 2185 857 2267 τύχης
870 2186 917 2255 τάς
928 2189 972 2245 ἀν-

195 2312 208 2338 ι
226 2282 356 2362 θρωπίνας
374 2274 554 2353 μελλήσεις,ή
569 2278 615 2344 τῆς
634 2271 735 2354 φύσεως
755 2276 830 2351 ήμῶν
849 2272 895 2342 τάς
909 2280 968 2336 καθ’

195 2400 208 2427 ιι
224 2370 328 2442 ἡλικίαν
342 2366 446 2446 έκιὶστιρ
459 2364 582 2430 τελευτάς
593 2362 730 2444 φερούσης,
742 2361 802 2420 ἀλλ’
812 2363 860 2421 ούκ
872 2365 898 2422 έν
909 2365 971 2438 ἀδή·

195 2489 208 2515 ι
221 2462 261 2540 λῳ
276 2455 321 2517 καί
336 2453 526 2533 δυστεκμάρτῳ
538 2452 607 2511 τέλει
617 2450 724 2509 πάντων
734 2454 786 2510 τῶν
801 2453 968 2531 ἀνθρωπίνων

195 2576 209 2603 ιι
222 2543 388 2627 πραγμάτων
401 2539 539 2615 κειμένων.
584 2539 656 2620 Ἐρῶ
674 2537 706 2609 δὴ
725 2537 794 2614 μετά
808 2540 969 2626 παρρησίας,

139 2677 167 2718 ,5
194 2665 207 2691 ιι
222 2634 267 2695 καὶ
282 2632 306 2692 τί
320 2654 353 2706 με
374 2629 464 2711 φήσεις
479 2632 619 2706 θρασεῖαν,
644 2626 674 2684 τὸ
694 2626 785 2685 δοκοῦν
802 2623 884 2686 αἴτιον
902 2618 970 2687 εἷναί

194 2752 208 2779 ιι
223 2748 268 2801 μοι
279 2728 325 2782 τοῦ
338 2721 470 2798 μηδεμιᾶς
480 2716 615 2797 ὀρέγεσθαί
627 2738 656 2774 σε
665 2715 732 2790 μήτε
741 2714 891 2794 φιλοτιμίας
902 2716 971 2792 μήτε

194 2842 207 2868 ιι
223 2813 308 2886 δόξης.
352 2807 423 2879 Γυνή
439 2830 484 2866 σοι
499 2805 605 2864 σύνεστι
622 2803 703 2881 μηδὲν
724 2809 823 2864 ἐοικυῖα
845 2813 899 2874 τοῖς
917 2812 970 2876 σοῖς

195 2897 380 2982 ιτράποις,ή
406 2920 434 2955 σε
458 2897 574 2966 κηλοῦσα
597 2892 643 2950 καί
664 2891 812 2974 κατᾴδουσα
837 2895 971 2969 μαλθακὸν

196 3018 209 3044 ιι
224 2991 388 3059 ἀποδέδωκε,
401 2984 447 3045 καὶ
459 2983 548 3053 λήσεις
564 2985 609 3040 ὑπ’
629 2985 708 3050 αὐτῆς
728 2981 864 3058 γενόμενος
880 2981 906 3050 ἐξ
922 2986 970 3041 ἀν·

136 3109 165 3149 ,0
197 3106 210 3132 ιι
227 3077 286 3158 δρὸς
308 3077 338 3135 τὸ
356 3072 447 3152 μηδέν·
462 3069 552 3143 ὥσπερ
567 3091 597 3144 γε
617 3069 701 3144 κάμοὶ
725 3068 853 3149 ψοφοδεὴς
870 3070 914 3128 καί
928 3074 971 3132 οδ-

195 3194 208 3222 ιι
224 3167 266 3226 δὲν
281 3167 348 3243 ἔχων
365 3161 456 3241 ἀνδρός
468 3158 554 3236 ἀνὴρ,
576 3160 602 3223 ὅς
616 3182 649 3235 με
669 3156 794 3227 ταπεινήν
806 3167 875 3216 ποιεῖ
887 3162 969 3237 μεγά-

195 3283 207 3309 ιι
220 3257 273 3313 λων
287 3244 367 3312 ούσαν
383 3250 457 3318 ἀξίαν
471 3246 516 3307 καί
529 3246 612 3317 καλήν
632 3245 661 3304 τὸ
675 3248 773 3324 σῶμα,
790 3253 967 3325 μαρανθεῖσαν

194 3371 206 3397 ιι
222 3343 245 3401 δ’
258 3341 301 3400 ὑπ’
317 3343 405 3399 αὐτοῦ.
450 3338 484 3397 Εἰ
500 3337 523 3394 δ’
546 3332 678 3412 ἐξεγένετο
698 3332 740 3392 σοί
760 3357 788 3392 τι
809 3333 900 3394 λαύεῖν
922 3339 968 3412 ἐμὲ

194 3460 207 3485 ιι
221 3442 343 3510 γυναῖκα,
353 3425 435 3503 κάμοί
454 3430 499 3483 σοῦ
513 3425 600 3502 τυχεῖν
617 3422 718 3503 ἀνδρὸς,
734 3424 780 3481 ούκ
792 3421 822 3481 ἀν
838 3427 864 3483 έν
877 3427 967 3507 ἰδιώτῃ

136 3549 165 3589 35
195 3548 207 3573 ιι
224 3520 272 3598 βίῳ
288 3521 409 3576 τοσοῦτον
425 3510 694 3590 διεζήσαμενχρόνον.
721 3510 756 3569 Τί
771 3500 815 3568 σύν
829 3513 875 3570 ούκ
888 3513 969 3572 ἀπαν-

194 3637 206 3660 ιι
223 3606 367 3688 ορθούμεθα
380 3605 410 3662 τὸ
424 3607 471 3674 τῆς
486 3603 567 3680 τύχης
580 3600 720 3674 ἐλάττωμα
739 3602 813 3677 ἡμεῖς
826 3602 971 3682 μεταθέμε-

193 3726 205 3749 ιι
222 3720 260 3755 νοι
272 3693 329 3760 τούς
339 3692 447 3770 γάμους,
458 3690 503 3748 καλ
513 3689 545 3748 σθ
553 3687 599 3765 μέν
608 3687 784 3754 ἀπαλλάττεις
795 3693 840 3747 τοῦ
852 3689 909 3770 βίου
920 3693 967 3767 τήν

193 3813 205 3835 ιι
221 3788 319 3843 σαυτοῦ
332 3791 463 3859 γυναῖκα,
480 3778 532 3857 ἐγὼ
546 3778 573 3836 δέ
588 3778 618 3837 ab
636 3775 700 3835 αύτδ
715 3776 831 3848 διαθήσω
844 3779 889 3838 τὸν
904 3781 967 3859 έμδν

193 3901 205 3925 ιι
221 3873 318 3951 ἄνδρας
331 3872 393 3931 όταν
410 3869 437 3928 δέ
451 3870 549 3927 τούτων
562 3863 787 3946 διαχειρισθέντων
802 3866 967 3947 συνέλθωμεν

193 3989 205 4012 ιι
220 3964 256 4026 εἰς
272 3963 301 4018 τὸ
322 3961 399 4032 αὐτὸ,
420 3960 543 4040 ἀσφαλῶς
567 3956 618 4028 ήδη
633 3953 666 4011 τδι
680 3952 760 4011 λοιπά
777 3955 965 4035 βουλεύσομεν,

193 4077 205 4101 ιι
221 4049 337 4107 ἐκποδὼν
352 4049 522 4119 πεποιημένοι
535 4043 569 4103 τά
583 4046 715 4102 λυποῦντα
726 4045 805 4118 ἡμᾶς.
851 4043 904 4101 Καί
916 4047 966 4126 γὰρ

193 4164 205 4188 ιι
220 4135 265 4195 ilo
282 4139 368 4195 τᾶλλα
382 4162 420 4205 τις
432 4139 530 4196 ἀδικεῖν
546 4140 625 4218 δκνῇ,
641 4136 777 4217 βασιλείας
797 4161 827 4216 γε
845 4136 922 4218 χάριν
936 4139 965 4196 ού

192 4254 204 4279 ιι
220 4224 324 4300 νέμεσις
339 4226 443 4284 ἅπαντα
456 4231 566 4301 τολμᾶν.
582 4253 595 4277 ιι

231 4317 323 4378 XXX.
346 4317 464 4373 ’Τοιαῦτα
487 4319 533 4386 τῆς
556 4315 673 4383 Τυλλίας
695 4315 835 4394 λεγούσης,
857 4316 970 4392 ἅσμενος

136 4426 163 4466 ιε
192 4406 294 4482 δέχεται
316 4401 362 4467 τάς
385 4402 495 4478 αἱρέσεις
513 4407 527 4461 d
551 4403 712 4482 Ταρκύνιος,
730 4404 775 4464 καί
797 4402 891 4463 αὐτίκα
911 4403 969 4470 δοθς

191 4496 257 4567 αὐτῇ
273 4491 373 4555 πίστεις
394 4489 555 4563 καὶλαύὼν,
575 4492 609 4550 τά
627 4492 764 4571 προτέλεια
788 4497 839 4551 τῶν
860 4492 968 4551 ἀνοσίων

190 4578 282 4656 γάμων
309 4576 519 4655 διαπραξάμενος
548 4579 703 4660 ἀπέρχεται.
768 4580 917 4648 Διελθόντες
940 4580 968 4639 δέ

189 4669 218 4728 ού
233 4670 331 4727 πολλοῦ
354 4664 421 4743 μετδι
440 4671 525 4724 ταῦτα
547 4668 657 4746 χρόνου,
683 4674 737 4737 τοῖς
757 4671 843 4735 αὐτοῖς
860 4669 967 4730 πάθεσιν

190 4761 398 4831 ἀποθνήσκουσιν
414 4755 470 4827 ἥτε
485 4755 650 4837 πρεσύυτέρα
662 4761 715 4816 τιῗιν
729 4758 843 4818 Τυλλίου
858 4757 968 4833 θυγατέ·

134 4865 162 4904 σο
191 4871 257 4922 ρων,
271 4849 314 4907 καὶ
329 4851 343 4906 θ
355 4847 478 4925 νεώτερος
493 4849 544 4902 τῶν
558 4847 724 4926 Ταρκυνίων.
769 4845 902 4907 Ἐνταῦθα
915 4845 967 4904 πά-

189 4935 230 4992 λιν
242 4938 425 5014 ἀναγκάζομαι
441 4939 589 5012 μεμνήσθαι
606 4934 732 5008 medion,
748 4935 794 4993 καὶ
810 4933 840 4992 τδ
853 4933 968 5014 ῥᾴθυμον

190 5024 268 5078 αὐτοῦ
285 5026 344 5099 περὶ
357 5025 405 5094 τήν
422 5024 538 5092 ἐξέτασιν
555 5027 606 5083 τῶν
621 5023 724 5102 χρόνων
741 5017 868 5101 ἐλέγχειν.
903 5020 967 5079 Ἐπὶ

188 5111 239 5188 γάρ
258 5112 304 5176 τῆς
324 5109 456 5188 ’λρράντος
480 5117 602 5184 τελευτῆς
627 5111 778 5190 γενόμενος,
804 5112 833 5168 οδ
857 5111 916 5168 καθ’
939 5107 966 5166 έν

186 5193 336 5277 ἁμαρτάνει
354 5197 447 5270 μόνον,
472 5199 546 5257 dxci
564 5197 690 5277 πρότερον
711 5197 790 5277 ἔφην,
812 5196 853 5254 ότι
867 5195 965 5275 γέγρα-

1030 528 1042 551 ι
1059 509 1120 558 timo
1138 509 1187 559 orti
1208 512 1282 570 sunt,
1302 507 1373 559 adest
1388 512 1414 558 et
1432 506 1512 559 forma
1532 509 1599 573 regio
1621 524 1709 573 genere
1722 512 1806 576 digna.

1030 623 1041 650 ι
1059 608 1096 654 An
1107 604 1170 657 torte
1179 606 1394 657 horumneutrum
1405 610 1429 656 te
1436 611 1525 656 rnoeet
1536 606 1580 657 sed
1587 607 1712 668 iuventus,
1723 611 1811 663 adbuc

1030 720 1042 746 ι
1057 701 1153 752 infirma
1166 706 1191 754 et
1203 717 1218 752 a
1229 702 1304 754 rectis
1317 702 1427 753 oonsiliis
1444 702 1528 753 adbuc
1546 703 1617 768 longe
1629 711 1738 765 romola.
1758 708 1809 759 im·

1030 817 1041 839 ι
1059 798 1129 862 pedit
1143 803 1180 857 te,
1200 813 1252 864 quo
1266 799 1393 850 minusad
1412 799 1555 865 reipublice
1569 800 1809 857 administrationem

1030 918 1041 941 ι
1057 899 1175 950 accedere
1187 899 1265 959 velis,
1281 900 1327 964 qui
1344 914 1393 951 non
1411 900 1481 965 longe
1495 901 1562 952 absis
1577 903 1809 969 aquinquagesimo

1029 1012 1041 1036 ι
1056 994 1139 1045 utatis
1147 996 1228 1044 anno?
1240 995 1357 1046 llomines
1366 999 1450 1046 autem
1465 996 1510 1061 qui
1519 997 1585 1048 bane
1594 1003 1695 1051 scetem
1706 1002 1810 1067 ingressi

1031 1110 1042 1133 ι
1056 1091 1125 1149 sunt,
1136 1089 1268 1155 prudentia
1277 1106 1353 1156 qnam
1364 1093 1472 1145 maxime
1483 1095 1563 1145 solent
1575 1097 1665 1148 valere.
1704 1104 1742 1150 An
1756 1101 1810 1152 eius

1031 1209 1043 1232 ι
1057 1188 1101 1253 qui
1112 1201 1215 1253 regnum
1231 1191 1299 1240 tenet
1318 1190 1446 1252 nobilitas,
1464 1198 1490 1243 et
1502 1193 1642 1260 gratiaque
1653 1197 1731 1260 pollet
1742 1199 1810 1263 apud

1030 1306 1042 1329 ι
1058 1285 1205 1349 optimates,
1215 1298 1265 1350 qua
1280 1287 1349 1349 tltJnt
1359 1286 1426 1339 band
1437 1286 1509 1340 iacile
1521 1289 1606 1341 invadi
1618 1293 1706 1356 possit,
1718 1297 1743 1344 te
1754 1294 1810 1345 brec

1030 1403 1042 1427 ι
1056 1381 1109 1448 pati
1125 1380 1208 1445 cogit?
1229 1383 1304 1447 Atqui
1323 1383 1371 1434 boc
1385 1399 1486 1451 quoque
1498 1390 1636 1453 utrumque
1652 1388 1690 1441 illi
1704 1391 1769 1443 male
1782 1407 1809 1443 se

1030 1501 1043 1526 ιι
1057 1480 1146 1537 babet.
1162 1479 1188 1529 id
1207 1480 1275 1544 quod
1296 1481 1348 1546 ipse
1360 1482 1425 1533 baud
1439 1484 1545 1548 ignorat.
1579 1488 1689 1539 Audacia
1708 1503 1767 1541 vero
1785 1494 1810 1541 et

1031 1601 1043 1624 ι
1057 1576 1223 1644 periculorum
1243 1582 1393 1645 contemptio
1410 1582 1462 1632 tuis
1481 1584 1594 1635 moribus
1615 1587 1694 1646 inest,
1718 1588 1812 1652 quibus

1030 1697 1043 1721 ι
1058 1675 1166 1727 maxime
1176 1689 1240 1740 opus
1249 1680 1288 1727 est
1297 1677 1328 1736 ei,
1342 1679 1387 1744 qui
1401 1685 1550 1743 regnaturus
1557 1687 1604 1734 est.
1614 1686 1678 1735 Sunt
1689 1689 1808 1749 praeterea

1031 1794 1043 1817 ι
1058 1772 1104 1823 tibi
1120 1772 1182 1822 satis
1193 1772 1283 1838 emplae
1296 1788 1357 1839 opes
1370 1780 1396 1827 et
1407 1777 1482 1827 amici
1491 1778 1564 1829 multi
1578 1783 1604 1830 et
1616 1781 1695 1832 multo
1705 1781 1754 1833 alia
1769 1787 1811 1834 ai·

1032 1891 1044 1915 ιι
1061 1884 1111 1937 que
1123 1884 1211 1934 magna
1224 1870 1256 1920 ad
1271 1885 1323 1922 rem
1343 1872 1535 1939 aggrediendam
1551 1875 1710 1928 adminicula.
1742 1880 1807 1939 Quid

1032 1987 1044 2010 ι
1060 1966 1136 2030 igitur
1148 1963 1231 2015 adhuc
1243 1967 1381 2027 cunctaris.
1395 1972 1421 2019 et
1434 1974 1563 2034 exspectas
1574 1973 1737 2034 occasionem,
1752 1990 1811 2040 quaa

1030 2076 1082 2112 nse
1102 2061 1147 2113 tibi
1170 2062 1237 2112 ultro
1253 2063 1353 2124 offerat,
1371 2065 1467 2130 tibique
1488 2067 1549 2117 nibil
1570 2068 1682 2120 molienti
1703 2085 1807 2136 regnum

1032 2185 1045 2208 ι
1057 2161 1162 2213 afferet?
1172 2175 1204 2211 an
1213 2160 1277 2212 forie
1287 2165 1342 2226 post
1350 2161 1425 2213 Tullii
1436 2161 1630 2229 obitumiqnasi
1638 2180 1698 2217 nero
1708 2168 1810 2220 fortuna

1031 2276 1044 2300 ι
1055 2255 1178 2306 humanas
1187 2255 1358 2305 cunebrtiones
1367 2257 1498 2320 exspectet.
1511 2258 1555 2307 aut
1568 2261 1656 2308 natura
1669 2262 1753 2310 nostra
1764 2274 1810 2325 pro

1031 2369 1043 2394 ι
1058 2347 1178 2412 cuiusque
1190 2352 1263 2398 alate
1282 2349 1356 2400 tinem
1367 2349 1426 2400 vltoe
1441 2349 1565 2415 imponat,
1587 2365 1670 2416 neque
1680 2352 1738 2404 finis
1753 2369 1809 2406 om·

1031 2462 1044 2485 ι
1060 2441 1129 2491 nium
1139 2452 1222 2491 rerum
1235 2440 1400 2491 humanarum
1413 2442 1523 2494 incertus
1539 2445 1572 2494 sit
1584 2449 1660 2510 atque
1674 2446 1809 2501 obscurus.

1032 2554 1044 2577 ι
1057 2530 1143 2583 Libere
1157 2535 1239 2582 lamen
1249 2532 1344 2590 diram.
1360 2533 1418 2585 licet
1427 2549 1467 2587 me
1476 2550 1550 2588 voces
1560 2537 1689 2601 audacem,
1704 2539 1731 2590 id
1743 2541 1812 2605 quod

1031 2645 1044 2669 ι
1058 2623 1118 2674 mibi
1135 2622 1232 2674 videtur
1246 2624 1271 2674 in
1289 2639 1376 2676 caussa
1389 2640 1459 2689 esse,
1482 2643 1527 2680 cur
1544 2631 1576 2679 ab
1589 2631 1658 2680 omni
1674 2632 1811 2685 ambitione

1032 2737 1044 2761 ι
1061 2716 1193 2767 abhorrens
1207 2720 1233 2766 et
1253 2720 1363 2782 oglerius
1379 2722 1493 2787 cupidine
1505 2726 1605 2774 tantum
1618 2724 1695 2775 absis.
1728 2727 1814 2778 Habes

1032 2828 1044 2852 ι
1059 2808 1125 2858 enim
1146 2821 1248 2859 uxorem
1267 2812 1379 2863 moribus
1395 2814 1446 2864 tuis
1463 2828 1564 2878 prorsus
1576 2815 1740 2879 dissimilem,
1752 2832 1810 2883 quae

1032 2921 1044 2945 ιι
1059 2903 1085 2950 te
1100 2900 1153 2951 suis
1167 2900 1289 2953 illecebris
1301 2909 1327 2955 et
1350 2906 1558 2959 incantationibus
1571 2909 1681 2970 emollit,
1695 2913 1721 2959 et
1732 2923 1748 2960 a
1759 2925 1810 2975 qua

1031 3028 1044 3053 ι
1056 3021 1085 3058 ex
1101 3006 1154 3055 siro
1172 3001 1203 3052 ad
1226 2999 1332 3049 nihilum
1350 3003 1375 3049 te
1390 3001 1468 3063 redigi
1492 3002 1584 3061 nescis3
1600 3003 1811 3067 quemadmodum

1032 3118 1044 3142 ι
1059 3097 1121 3148 mihi
1131 3105 1231 3160 quoque
1242 3094 1280 3140 est
1292 3090 1399 3139 maritus
1409 3090 1512 3141 tirrridus
1522 3095 1547 3140 et
1559 3091 1603 3155 qni
1615 3091 1675 3141 nibil
1687 3092 1759 3143 rirlle
1769 3091 1812 3142 ha·

1032 3211 1043 3235 ι
1059 3189 1115 3245 bet,
1135 3186 1179 3251 qui
1190 3199 1231 3234 me
1249 3183 1331 3247 annila
1349 3180 1447 3232 fortuna
1464 3183 1562 3247 dignam
1576 3184 1716 3247 depremit,
1733 3189 1758 3237 et
1772 3200 1812 3236 me

1032 3301 1043 3324 ι
1056 3277 1152 3342 egregia
1165 3275 1244 3325 sonna
1263 3272 1393 3337 praeditam
1412 3273 1535 3323 talreiaeit.
1569 3275 1641 3332 Quod
1653 3276 1674 3326 si
1691 3277 1736 3326 tibi
1750 3291 1811 3327 eon-

1032 3392 1043 3415 ι
1060 3370 1155 3435 tigisset
1170 3372 1199 3417 ut
1215 3380 1255 3416 me
1270 3379 1372 3415 uxorem
1394 3365 1513 3425 duceres,
1532 3371 1558 3417 et
1575 3368 1635 3418 milri
1654 3372 1683 3418 nt
1695 3372 1720 3419 te
1735 3371 1813 3419 mari-

1033 3485 1045 3507 ιι
1058 3466 1112 3513 lum
1126 3460 1256 3516 haberem,
1274 3461 1341 3508 certe
1352 3469 1401 3506 non
1414 3461 1464 3506 lam
1474 3457 1516 3507 diu
1531 3460 1622 3523 privati
1638 3461 1797 3512 vicissemus.

1064 3580 1076 3602 ιι
1091 3559 1156 3617 Quin
1167 3558 1239 3623 igitur
1256 3555 1363 3606 iortunae
1377 3567 1485 3604 errorem
1496 3557 1592 3603 nosmet
1605 3553 1652 3617 ipsi
1667 3554 1815 3617 corrigimus

1033 3672 1044 3695 ι
1061 3653 1200 3716 permutato
1221 3647 1348 3711 coniugio.
1373 3648 1399 3696 et
1422 3648 1449 3695 tu
1465 3659 1566 3694 uxorem
1588 3650 1658 3696 tuam
1679 3648 1710 3697 de
1731 3646 1814 3699 medio

1032 3768 1045 3793 ιι
1059 3747 1139 3809 tollis,
1155 3761 1199 3810 ego
1217 3758 1276 3793 vem
1298 3741 1385 3791 eodem
1399 3737 1473 3787 modo
1488 3736 1605 3786 maritum
1616 3750 1699 3787 meum
1715 3737 1814 3788 tracto?

1033 3863 1042 3884 ι
1058 3841 1120 3891 Cum
1132 3852 1191 3888 vem
1202 3837 1240 3886 bis
1253 3832 1382 3884 exstinctis
1397 3828 1520 3880 coniuncti
1539 3826 1670 3887 fuerimus,
1684 3831 1745 3878 lunc
1758 3829 1813 3879 tulo

1031 3953 1042 3977 ιι
1057 3932 1089 3981 de
1099 3929 1201 3993 reliquis
1210 3925 1412 3980 consultabimus,
1436 3906 1543 3970 emedio'
1553 3919 1657 3970 sublatis
1668 3919 1810 3979 obstaculis,

1030 4043 1042 4066 ιι
1056 4038 1113 4088 quie
1123 4024 1194 4073 nobis
1205 4020 1309 4070 molesta
1332 4021 1398 4066 sunt.
1432 4013 1541 4064 Etenim
1560 4012 1582 4062 si
1597 4012 1655 4075 quis
1667 4012 1723 4063 aliis
1733 4013 1759 4062 in
1769 4026 1813 4063 re-

1030 4113 1157 4165 «husius
1176 4112 1268 4162 violare
1287 4113 1395 4166 veretur,
1412 4104 1527 4170 regnandi
1547 4109 1629 4155 tamen
1648 4103 1813 4170 gratiaqnid·

1030 4223 1042 4246 ι
1056 4202 1094 4252 ris
1109 4202 1202 4253 audere
1220 4198 1259 4250 ias
1271 4202 1316 4251 est.
1330 4215 1342 4245 υ

1057 4334 1129 4383 xlix.
1149 4335 1208 4383 Haec
1223 4330 1319 4381 dicente
1333 4328 1425 4383 Tullia,
1444 4324 1593 4388 Tarquinius
1607 4322 1714 4374 libenter
1725 4321 1811 4372 condi·

1026 4429 1105 4480 tiones
1114 4429 1168 4479 illas
1182 4428 1276 4492 accepit
1286 4447 1292 4486 3
1304 4429 1330 4476 el
1344 4425 1426 4475 stetim
1436 4423 1495 4472 datu
1511 4421 1558 4470 tide
1575 4421 1720 4483 elementia,
1736 4423 1814 4483 alque

1028 4525 1178 4578 nefariarum
1193 4525 1336 4589 nuptiarum
1351 4520 1466 4586 primitiis
1485 4518 1641 4582 impetratis,
1656 4516 1726 4566 notit.
1756 4519 1810 4566 tion

1024 4624 1104 4675 multo
1126 4626 1208 4673 ιιιιιοιιι
1227 4626 1282 4686 post
1304 4619 1390 4670 morbo
1411 4616 1497 4667 eodem
1521 4618 1548 4664 et
1567 4612 1646 4663 maior
1666 4611 1742 4662 Tullii
1762 4612 1810 4661 illia

1025 4724 1051 4770 et
1064 4718 1213 4783 Tarquinius
1230 4718 1308 4767 minor
1330 4716 1452 4767 obierunt.
1489 4717 1569 4776 Atque
1592 4712 1639 4761 boc
1656 4711 1711 4760 loco
1723 4723 1812 4760 rursus

1023 4828 1097 4879 cogor
1111 4814 1177 4864 Fabii
1195 4813 1343 4863 mentionem
1361 4811 1456 4871 iecere,
1472 4813 1497 4859 et
1519 4810 1573 4860 eius
1594 4806 1766 4871 negligentiam
1785 4806 1810 4853 in

1024 4916 1163 4976 temporum
1179 4911 1356 4975 supputatione.
1380 4908 1535 4970 redarguere.
1569 4905 1673 4956 bruniis
1692 4902 1758 4954 enim
1775 4901 1811 4950 iu-

1022 5009 1124 5061 teritum
1145 5022 1263 5064 narrans.
1283 5022 1329 5057 non
1345 5005 1421 5056 semel
1441 5008 1538 5054 ionium
1554 5008 1639 5069 peceat
1656 5004 1702 5066 (ut
1716 5002 1742 5050 et
1751 5004 1811 5051 ante

1026 5107 1095 5172 diri)
1112 5105 1178 5173 quod
1198 5105 1283 5156 scribit
1299 5108 1418 5155 druntem
1437 5104 1564 5168 Tarquinii
1587 5103 1665 5153 litium
1680 5113 1748 5156 esse,
1766 5098 1810 5148 sed

1021 5208 1097 5259 etiam
1109 5207 1208 5265 iterum,
1224 5204 1289 5269 quod
1309 5204 1379 5255 illum
1395 5201 1543 5253 defunctum
1559 5205 1666 5252 amatre
1677 5198 1811 5268 Tanaquile
