3772 5828
703 331 869 394 uloutsri
891 332 1269 396 usticsnitsssuusis

177 501 190 525 ι
208 473 290 550 δῆμον
304 469 375 550 ίχειν
388 467 436 541 τὴν
454 465 573 537 ίξουσίαν
587 470 674 548 ψῆρον
689 466 858 547 ίπιρέροντα.
901 465 949 529 Ἐν

178 592 191 617 ι
208 563 237 624 δὲ
251 565 290 644 τῷ
303 559 415 637 παρόντι
429 561 478 638 οὑχ
489 557 555 637 ὑπέρ
565 558 655 636 ἑτέρου
668 555 736 622 τινὸς
747 554 765 627 ἢ
778 556 896 633 πολέμου
906 557 952 616 καὶ

178 679 191 705 ι
207 649 312 731 εἰρήνης
339 647 533 728 βουλευόμεθα,
562 642 631 705 ὥστε
659 641 746 715 πολλὴ
779 645 882 724 άνάγκη
907 645 952 705 τὸν

179 765 192 793 ι
223 762 291 818 ημον
314 740 477 813 ἐπικυρῶσαι
506 736 551 801 ric
576 731 708 813 ἡμετέρας
731 731 839 811 γνώμας
864 732 952 815 'tidem’

133 849 147 891 ι
178 855 191 880 ι
207 828 347 907 γενόμενον
360 823 461 904 κόριον.
505 821 736 900 Παραγγειλαντες
755 819 837 903 δὴτῷ
858 825 953 895 πλήθει

178 943 191 970 ι
207 924 330 997 παρεῖναι
343 912 413 972 κατὰ
426 914 500 973 τόνδε
534 910 578 967 τ’σν
602 910 681 983 νόμον
708 912 744 977 ιίς
768 909 817 982 τὴν
837 909 951 993 αἰγορδν,

178 1033 191 1057 ι
208 1004 314 1065 ίπειδδιν
324 1005 398 1079 ὑμεῖς
409 998 580 1072 ἀποδείξησθε
594 995 640 1065 τὰς
654 995 770 1075 γνώμας,
780 1000 954 1076 ἀποδώσομεν

178 1095 279 1169 «αὐτῷ
302 1089 350 1163 τὴν
364 1093 466 1172 γῆρυν,
491 1084 574 1156 οὑτως
597 1085 630 1144 ἂν
657 1086 774 1162 μάλιστα
800 1087 953 1163 νομίσαντας

179 1211 190 1234 a
209 1186 320 1262 ἀρθῆναι
334 1183 382 1252 τὴν
394 1180 449 1260 ίριν
462 1180 552 1256 ὑμῶν·
573 1175 590 1235 δ
604 1198 631 1234 τι
649 1175 678 1236 di
697 1174 729 1235 δν
743 1177 768 1234 οἱ
780 1178 885 1244 πλείους
899 1180 954 1259 ψη-

122 1275 162 1342 10'
179 1299 192 1323 ι
209 1271 349 1352 ρίσωνται,
363 1275 440 1329 τσὺτο
453 1265 608 1346 ἡγησόμεθα
626 1263 724 1344 κόριον.
765 1262 952 1340 'utensiiia'-

178 1383 260 1421 «rrou
278 1358 376 1430 ταύτης
395 1359 445 1416 rici
459 1362 506 1430 τῆς
519 1358 598 1434 τιμῆς
616 1353 755 1434 τυγχάνειν
772 1355 798 1412 οἱ
817 1354 953 1431 διαμένον-

178 1476 191 1502 a
207 1473 250 1518 τις
268 1439 384 1524 ιὺνοιτῇ
402 1448 477 1505 πόλει
495 1443 541 1504 καλ
563 1444 702 1521 μέλλοντες
725 1442 867 1523 ίσσμοιριῖν
887 1445 953 1524 ἡμῖν

178 1566 191 1591 ι
207 1544 328 1599 κακῶντι
341 1536 387 1595 καὶ
402 1538 517 1614 θγαθῶν.
537 1563 550 1588 ι

215 1625 327 1687 vati.
352 1626 446 1685 Ταῦτα
465 1624 581 1692 εἰπόντας
603 1620 724 1681 διέλυσαν
748 1622 793 1683 τόν
808 1622 952 1704 σὺλλογσν,

123 1740 147 1780 ιτ
174 1715 232 1782 ταῖς
243 1714 273 1774 δέ
288 1712 346 1786 ίξῆς
361 1713 472 1793 ἡμέραις
493 1712 671 1792 παραγγεῖλαι
683 1709 853 1780 κελεύσαντες
867 1711 952 1775 άπασι

174 1809 228 1871 τοῖς
240 1803 311 1871 κατδ
327 1804 383 1870 τοὺς
399 1802 494 1882 άγροὺς
508 1804 554 1861 καὶ
573 1801 607 1858 τά
624 1797 734 1880 ρροιίρια
753 1808 892 1881 παρεῖναι,
906 1802 952 1863 καλ

173 1894 207 1972 τῇ
219 1894 301 1973 βουλῇ
311 1893 633 1972 προαγορεύσαντιςῆκειν
644 1892 681 1956 εἰς
690 1886 738 1958 τὴν
749 1888 830 1962 αὐτὴν
838 1889 952 1972 ἡμέραν,

174 1980 264 2052 ίπιιδὴ
282 1985 431 2059 κατέμαθον
451 1980 533 2060 ὄχλου
563 1977 662 2058 μεστὴν
686 1969 768 2038 οὑσαν
793 1978 842 2051 τὴν
865 1980 951 2058 πόλιν,

174 2069 220 2128 καί
233 2068 281 2137 τδς
304 2073 412 2149 γνώμας
439 2072 491 2128 τῶν
519 2071 665 2148 πατρικίων
697 2070 877 2147 ίξηττωμίνας
899 2076 953 2134 τῶν

120 2177 149 2218 un
175 2157 302 2231 δεήσεων,
319 2158 349 2225 t<
372 2161 508 2218 ίποιοῦντσ
526 2156 574 2217 οὑν
592 2159 696 2237 οἰμωγῇ
717 2158 763 2217 καλ
776 2161 883 2244 ὀδυρμῷ
896 2185 952 2222 πα-

174 2245 247 2326 τέρες
259 2269 289 2304 τι
305 2246 351 2305 καλ
365 2246 458 2307 παιδία
481 2244 564 2315 νήπια
578 2249 631 2307 τῶν
641 2248 809 2320 ἀποστατῶν,
823 2254 856 2330 τῇ
874 2248 953 2334 κυρία

174 2336 226 2392 τῶν
241 2337 347 2414 ἡμερῶν
362 2333 471 2413 ίξῄεσαν
481 2334 525 2395 ίπλ
534 2333 583 2407 τλν
595 2333 695 2414 ἀγαρδν
706 2337 951 2416 στενοχωρουμένην

174 2423 205 2480 έκ
215 2423 316 2493 πολλῆς
328 2419 367 2481 ότι
377 2422 468 2489 νυκτὸς
478 2420 586 2482 ἅπασαν
595 2420 669 2502 όχλιγι
679 2423 853 2504 παντοδαπῷ.
897 2424 951 2485 Καὶ

173 2507 343 2588 προελθόντες
368 2508 411 2568 ίπλ
439 2509 470 2567 τὸ
490 2506 559 2586 ίερὺν
582 2516 628 2569 τοῦ
653 2507 814 2586 Ἡφαίστου,
840 2510 902 2571 ἔνθα
917 2505 950 2585 ἦν

121 2623 147 2665 τι
174 2594 231 2665 ite<
254 2598 343 2666 αὐτοῖς
370 2596 417 2664 τδς
433 2597 576 2669 ἐκκλησίας
605 2599 744 2671 ίπιτιλιῖν,
762 2603 877 2681 Ιπρῶτον
903 2601 950 2679 μέν

174 2687 305 2768 ῖπῄνεσαν
320 2685 365 2744 τδν
377 2687 460 2763 δῆμον
476 2686 520 2746 ίπί
533 2691 567 2766 τῇ
582 2689 684 2769 σπουδῇ
698 2689 744 2748 καὶ
758 2689 891 2770 προθυμία
904 2694 951 2762 τῆς

173 2774 243 2834 κατδι
252 2776 352 2844 πλῆθος
365 2773 475 2856 σίρίξιως
485 2796 492 2812 ·
502 2772 594 2834 έπιιτα
602 2776 787 2856 παρεκάλεσαν
798 2776 951 2857 ίκδέχισθαι

175 2863 233 2941 μεθ’
245 2861 365 2942 ἡσυχίας,
377 2862 426 2930 tui<
441 2862 472 2922 δν
479 2862 586 2940 γίνηται
596 2863 626 2922 τὸ
634 2863 821 2943 πραόοὺλιυμα
828 2870 875 2938 τῆς
887 2870 951 2945 βου-

174 2955 240 3023 λῆς·
253 2951 307 3018 τοῖς
320 2949 349 3010 δέ
360 2951 463 3018 οἰκείοις
476 2953 528 3010 τῶν
540 2952 698 3010 ἀποστατῶν
709 2953 808 3030 άγαθὺς
817 2953 951 3032 παρῄνουν

120 3060 147 3101 ου
174 3039 283 3107 ἐλπίδας
297 3039 381 3122 ἔχειν,
406 3042 441 3106 ῶς
468 3039 497 3097 οὑ
521 3038 564 3097 διίι
590 3044 693 3117 μακροῦ
719 3041 902 3116 κομιουμένοις
918 3041 951 3099 τά

175 3128 297 3208 φίλτατα.
342 3128 398 3188 Καὶ
417 3125 485 3204 μετὰ
504 3130 580 3184 τοῦτο
599 3127 770 3204 παρελθόντες
791 3129 827 3195 εἰς
840 3126 870 3186 τὸ
886 3151 951 3186 συν-

174 3218 271 3299 έδριον,
288 3217 362 3276 αὑτοί
377 3239 406 3275 τε
432 3211 606 3294 διελέχθησαν
626 3215 749 3281 ἐπιεικεῖς
771 3214 817 3272 καὶ
833 3215 952 3295 μετρίους

173 3307 276 3388 λόγους,
291 3306 336 3366 καί
361 3305 422 3373 τοὺς
437 3305 531 3371 ἄλλους
545 3301 633 3376 ἠξίουν
657 3302 775 3384 χρηστδις
789 3302 835 3364 καί
855 3307 951 3385 ριλαν-

174 3395 292 3475 θρώπους
316 3392 520 3453 ἀποδείκνυσθαι
548 3391 664 3471 γνώμας.
708 3393 819 3470 Πρῶτον
845 3390 873 3450 δέ
900 3397 951 3453 τῶν

121 3509 148 3549 τι
175 3483 262 3543 ἄλλων
277 3483 388 3540 ἐκάλουν
403 3481 446 3540 τδν
463 3479 592 3551 Μενήνιον
604 3503 611 3517 ·
623 3478 650 3548 ὃς
665 3480 780 3547 άναστθς
794 3482 848 3548 τοῖς
862 3481 948 3548 αὑτοῖς

175 3571 308 3651 ἐχρήσατο
322 3569 409 3648 λόγοις
422 3559 461 3636 οἷς
471 3568 517 3627 καί
529 3567 667 3649 πρότερον,
684 3568 728 3630 έπῖ
743 3567 791 3637 τδς
803 3569 948 3650 διαλλαγὰς

174 3661 222 3730 τὴν
239 3658 335 3737 βουλὴν
351 3658 532 3739 παρακαλῶν,
552 3656 598 3716 καλ
613 3658 721 3735 γνώμην
737 3659 891 3740 ἀπεφήνατο
903 3657 952 3729 τὴν

176 3748 258 3821 αὐτὴν
279 3747 357 3816 ἀξιῶν
373 3747 515 3828 πρισόείαν
531 3747 702 3807 ἀποστέλλειν
722 3749 787 3827 πρὸς
800 3749 859 3816 τοὺς
873 3753 954 3829 ἀρισ-

177 3836 290 3907 τηκότας
305 3834 347 3893 διδι
365 3835 479 3914 ταχέων,
490 3835 671 3913 αὐτοκράτορα
686 3838 737 3894 τῶν
753 3837 911 3914 διαλλαγῶν.

122 3953 151 3994 ιη
219 3926 346 3986 vatti.
361 3926 438 3984 Μετδι
454 3928 546 3983 τοῦτον
561 3924 700 3983 ἀνίσταντο
713 3925 871 4002 καλούμενοι
885 3922 954 3982 κατὰ

177 4013 283 4085 ἡλικίαν
294 4015 318 4071 σί
333 4011 380 4083 τὴν
391 4012 524 4085 ὑπατικὴν
540 4012 682 4093 ἐσχηκότες
694 4010 791 4093 ἀρχήν·
809 4003 846 4078 οἷς
857 4010 954 4071 ἅπασιν

178 4101 262 4161 ἐδόκει
279 4105 311 4180 τῇ
333 4101 464 4171 Μενηνίου
480 4104 596 4183 χρῆσθαι
606 4099 699 4179 γνώμῃ
713 4144 721 4171 ,
733 4098 781 4167 ἕως
807 4103 921 4171 καθῆκεν
941 4103 955 4159 θ

178 4190 253 4269 λόγος
268 4191 304 4255 είς
318 4189 362 4248 τὸν
376 4184 500 4249 Ἄππιον.
545 4188 579 4251 Ὁ
596 4190 618 4248 δ’
628 4190 759 4261 αἰναστδις,
776 4188 876 4270 ιὉρῶ
892 4189 954 4266 μέν,

182 4307 194 4333 ι
211 4279 318 4360 ἔρησιν,
333 4275 373 4335 ότι
388 4277 432 4335 καί
450 4286 504 4344 τοῖς
519 4278 626 4345 ὑπάτοις
641 4278 697 4336 dori
719 4277 919 4357 κεχαρισμένον,
933 4270 955 4338 ῶ

124 4392 151 4431 ης
183 4394 195 4420 ι
214 4365 307 4446 βουλὴ,
325 4365 370 4422 καὶ
387 4373 440 4430 τοῖς
456 4367 544 4433 ἄλλοις
569 4371 629 4443 ὑμῖν
646 4366 733 4448 ὀλίγου
749 4367 801 4424 δεῖν
817 4376 883 4426 πᾶσι
905 4391 954 4427 κα·

183 4483 195 4508 ι
212 4455 300 4531 τάγεεν
315 4454 359 4512 τὀν
374 4454 456 4530 δῆμον
473 4457 513 4536 ἐρ’
529 4445 566 4521 οἷς
584 4455 616 4513 ἂν
628 4455 703 4520 αὐτὸς
719 4453 803 4524 ἀξιοῖ·
818 4457 864 4515 καί
879 4458 956 4533 μόνος

183 4571 195 4596 ι
212 4541 239 4610 ἐξ
253 4541 376 4600 ἁπάντων
393 4539 444 4620 ἐγὼ
459 4542 584 4618 λείπομαι
599 4546 650 4602 τῶν
671 4544 875 4604 ἐναντιωθέντων
892 4546 956 4624 πρὸς

183 4659 195 4685 ι
212 4629 258 4698 ri<
274 4631 425 4703 ducisducis,
448 4633 555 4698 ἐκείνοις
578 4655 606 4690 τε
622 4632 740 4712 ἀπεχθὴς
764 4634 896 4711 διαμένων
910 4636 955 4693 καὶ

183 4748 195 4774 ι
212 4724 274 4796 ὑμῖν
285 4717 358 4778 οὐδέν
373 4717 412 4778 ἔτι
425 4719 555 4799 χρήσιμος
567 4717 616 4782 ῶν.
659 4723 699 4783 Οὐ
712 4722 765 4800 μὴν
779 4723 821 4784 dedu
831 4722 916 4782 ταῦτά
926 4745 955 4800 γε

135 4809 163 4848 t⁰
183 4821 195 4843 ε
217 4805 402 4881 ἀποστήσομαι
416 4807 466 4861 τῶν
483 4804 509 4873 έξ
524 4803 795 4883 οίρχῆςίγνωσμένων,
807 4803 865 4862 οὐδὲ
880 4825 961 4859 κατα-

185 4912 196 4937 ι
219 4888 301 4969 λείψω
316 4890 363 4962 τὴν
379 4889 452 4958 τάξιν
475 4895 521 4961 τῆς
535 4892 667 4959 πολιτείας
682 4892 757 4953 ἑκών.
799 4890 877 4970 Ὅσιρ
890 4889 917 4948 δέ
929 4888 960 4946 διν

186 4999 197 5023 ‘¹
221 4975 376 5055 ἐρημότερος
390 4979 508 5054 γένωμαι
521 4983 573 5037 τῶν
583 4979 616 5037 τά
634 4980 700 5038 αὑτά
712 5003 756 5055 μοι
769 4980 959 5056 προελομένων,

185 5091 198 5118 ι
213 5066 327 5148 τοσούτῳ
341 5069 494 5149 τιμιώτερος
519 5069 580 5146 ὑμῖν
600 5068 695 5146 ἔσομαί
718 5092 781 5129 ποτε
800 5071 826 5127 ἐν
851 5071 953 5151 χρόνῳ,

185 5179 198 5210 ι
215 5153 260 5212 καί
275 5154 410 5233 περιέσται
425 5181 469 5232 μοι
484 5161 560 5226 ζῶντι
575 5157 623 5234 μέν
638 5158 753 5234 ἔπαινος,
768 5159 955 5231 τελευτήσαντι

1008 494 1021 519 ι
1034 475 1149 540 suttregio
1172 476 1268 541 populi.
1304 476 1333 526 in
1352 475 1484 540 presentis
1503 489 1563 527 vero
1573 475 1605 526 de
1618 477 1685 529 nutis
1696 479 1745 532 ulie
1757 497 1785 537 re

1008 581 1021 605 ι
1035 575 1110 627 quem
1122 563 1154 614 de
1167 563 1232 615 betto
1246 567 1271 614 et
1290 576 1349 629 prce
1370 564 1538 614 consultamus
1561 584 1568 615 ε
1589 578 1665 629 quere
1683 569 1786 623 omntno

1009 668 1022 694 ι
1037 665 1137 704 necesse
1152 657 1191 704 est
1211 655 1241 702 ut
1266 652 1388 717 populus,
1409 652 1498 704 berum
1515 665 1598 704 rerum
1618 653 1734 710 domium
1753 674 1785 711 uc

1010 753 1151 792 «summus
1179 740 1283 801 arbiter,
1309 741 1443 793 sententies
1466 744 1564 792 nostres
1587 742 1711 810 suttmmis
1731 747 1785 799 suis

1009 846 1022 870 ι
1039 829 1107 877 retes
1126 827 1209 879 turbt.
1232 825 1333 877 indictis
1351 827 1426 891 igitur
1445 829 1536 894 pnputo
1553 844 1585 881 ex
1600 832 1654 896 iege
1667 835 1783 893 comitiis,

1011 934 1024 958 ι
1038 914 1083 966 ubi
1102 919 1236 970 sententies
1261 923 1358 970 νοείτω
1384 920 1503 983 tuleritis,
1527 922 1582 973 etus
1604 923 1729 990 sntirrqiis
1743 939 1786 977 ess

1010 1028 1024 1055 ι
1037 1012 1229 1076 committemus,
1242 1013 1345 1078 quisito
1358 1015 1513 1080 potissimum
1526 1019 1635 1069 restrum
1651 1023 1788 1072 contentio·

1010 1118 1024 1145 «
1040 1113 1097 1151 nem
1108 1101 1163 1151 tetii
1175 1116 1247 1167 posse
1263 1103 1434 1155 existimemus
1453 1124 1460 1155 r
1479 1104 1547 1169 qnod
1561 1119 1621 1157 rem
1638 1107 1717 1159 mmor
1729 1123 1787 1173 purs

1012 1186 1187 1251 «decreverit,
1217 1188 1243 1241 id
1262 1194 1345 1241 retum
1367 1191 1520 1243 iubebimus.
1551 1191 1626 1257 Digni
1650 1208 1709 1245 sene
1728 1197 1787 1248 suut

1011 1290 1024 1317 ι
1039 1273 1087 1324 boc
1097 1274 1190 1328 bonore
1219 1275 1296 1342 tiqui
1311 1281 1431 1343 perpetuo
1447 1282 1473 1330 et
1486 1283 1628 1331 construter
1645 1281 1786 1347 reipublice

1010 1381 1023 1406 ι
1040 1360 1153 1414 benevoli
1173 1364 1290 1428 ruerunt,
1310 1365 1403 1429 quique
1417 1367 1539 1419 motorum
1551 1370 1577 1420 et
1591 1367 1712 1421 bonorum
1727 1382 1785 1436 per·

1009 1468 1023 1495 s
1036 1450 1124 1518 ticipes
1137 1452 1266 1504 nobiscum
1277 1456 1336 1506 sunt
1344 1455 1430 1507 futuri.
1441 1476 1454 1501 ν

1046 1623 1144 1673 nxvrt.
1162 1621 1208 1673 His
1218 1622 1294 1675 dictis
1312 1626 1426 1676 senatum
1445 1622 1604 1677 dimiserunt.
1638 1625 1731 1678 Diebus
1743 1627 1784 1679 in·

1013 1718 1189 1783 sequentibus,
1200 1734 1277 1784 quum
1289 1734 1334 1785 per
1344 1735 1469 1788 precones
1479 1723 1642 1788 imperassent
1653 1726 1681 1775 ni
1690 1737 1783 1788 omncs,

1017 1813 1098 1878 quiin
1110 1814 1344 1879 omisetprcsidiis
1358 1817 1477 1882 degebant
1489 1856 1496 1879 ,
1511 1818 1537 1870 in
1556 1819 1645 1872 urbem
1661 1821 1784 1886 uenirent,

1011 1914 1039 1965 et
1048 1911 1144 1963 senatui
1158 1910 1357 1977 denuntiassent.
1367 1920 1396 1967 ut
1407 1916 1440 1966 nd
1454 1916 1558 1968 mndem
1571 1916 1638 1970 diem
1652 1918 1678 1970 in
1692 1921 1787 1973 curium

1012 2009 1123 2073 reniret,
1146 2008 1189 2060 ubi
1199 2010 1429 2064 animadverterunt
1450 2012 1537 2066 urbem
1551 2015 1626 2067 turbs
1636 2016 1748 2082 pienum,
1762 2021 1787 2070 et

1011 2097 1170 2164 petriciorum
1185 2099 1281 2148 enimus
1301 2101 1382 2150 rictus
1403 2101 1532 2165 precibus,
1547 2102 1707 2167 quibuscum
1726 2104 1785 2155 tietu

1008 2195 1035 2243 et
1050 2190 1222 2242 tonsuratione
1237 2196 1351 2256 parentes
1360 2194 1386 2244 et
1394 2193 1493 2259 petenti
1501 2207 1596 2257 eorum,
1608 2196 1653 2260 qui
1665 2197 1783 2248 seoessio·

1008 2298 1065 2337 nem
1077 2284 1193 2341 tererent,
1203 2298 1246 2337 eos
1267 2287 1411 2352 tutignbsnt,
1432 2291 1572 2354 prosumus
1588 2289 1630 2342 dis
1647 2290 1673 2342 in
1685 2290 1781 2348 turum,

1008 2378 1089 2430 omnis
1104 2379 1199 2443 generis
1212 2378 1284 2430 turbo
1296 2380 1347 2430 inm
1366 2381 1423 2433 inde
1441 2385 1540 2436 ennete
1553 2384 1671 2437 retertum
1685 2385 1783 2451 prodie-

1008 2472 1078 2522 runt.
1123 2471 1155 2519 st
1169 2482 1230 2519 cum
1248 2469 1275 2519 in
1298 2470 1417 2521 Vuiconei
1436 2472 1576 2537 venissent,
1595 2473 1640 2527 ubi
1656 2475 1785 2528 conciones

1009 2563 1100 2614 bebere
1113 2562 1240 2621 sotebant,
1261 2561 1369 2626 primum
1388 2562 1491 2628 quidem
1507 2566 1626 2633 poputum
1640 2567 1784 2636 lundsmnt,

1007 2654 1075 2719 quud
1097 2656 1167 2704 tento
1191 2654 1274 2705 studio
1290 2657 1317 2706 et
1337 2657 1406 2707 tento
1422 2657 1499 2708 enimi
1523 2658 1652 2711 ntscritrte
1672 2659 1786 2723 frequens

1011 2749 1124 2810 adesset,
1136 2747 1225 2799 deiude
1234 2760 1292 2798 eum
1304 2747 1463 2802 bortotisnnt
1475 2754 1504 2801 nt
1514 2752 1597 2815 quiete
1616 2757 1784 2817 exspectaret,

1009 2841 1087 2891 donec
1100 2839 1344 2891 senatusconsultum
1358 2839 1430 2892 tieret
1439 2861 1446 2891 =
1456 2840 1609 2892 nemsssrios
1617 2854 1677 2892 rere
1687 2854 1781 2896 eurum.

1009 2926 1054 2988 qui
1064 2929 1218 2976 secesserunt
1237 2925 1300 2976 bene
1317 2939 1416 2990 sperare
1429 2926 1561 2989 iubcbrnt,
1573 2925 1641 2990 quod
1654 2926 1725 2976 brevi
1742 2938 1783 2976 res

1009 3019 1149 3071 mrnstmm
1159 3024 1244 3072 essent
1255 3021 1387 3087 recepturi.
1419 3023 1509 3073 Postea
1520 3020 1622 3086 ingressi
1635 3021 1745 3082 curioni,
1758 3026 1783 3072 ct

1010 3109 1056 3174 ipsi
1075 3109 1163 3162 leniter
1179 3125 1208 3162 uc
1228 3111 1353 3163 modernis
1372 3115 1430 3162 sunt
1450 3111 1538 3172 iocrrti3
1552 3113 1579 3162 et
1591 3112 1653 3162 eiius
1665 3115 1784 3171 orarunt,

1012 3207 1040 3254 ut
1065 3203 1138 3253 utiles
1162 3218 1191 3255 sc
1212 3205 1331 3257 humanos
1354 3207 1486 3257 sententies
1513 3204 1630 3256 dicerent.
1665 3206 1785 3270 Primum,

1011 3301 1096 3349 nutem
1115 3298 1225 3349 omnium
1244 3301 1389 3352 sententium
1410 3304 1528 3365 rogarunt
1549 3300 1691 3351 Menenium
1705 3314 1713 3349 :
1725 3305 1785 3366 qui,

1008 3404 1065 3441 cum
1085 3392 1247 3450 surrexisset,
1273 3392 1360 3443 iisdem
1382 3393 1464 3445 verbis
1483 3396 1521 3445 est
1538 3407 1598 3444 usus
1614 3393 1706 3457 quibus
1729 3399 1786 3444 unte

1009 3483 1041 3533 ed
1053 3497 1141 3548 pacem
1155 3488 1266 3534 senatum
1278 3483 1395 3546 inerrans,
1407 3489 1433 3537 et
1444 3463 1556 3537 eamdem
1572 3487 1675 3550 protulit
1687 3490 1785 3538 senten-

1009 3579 1085 3640 tium,
1103 3591 1204 3629 censens
1228 3579 1307 3642 primu
1326 3594 1426 3644 quoqne
1446 3584 1557 3646 tempore
1571 3581 1604 3632 sd
1617 3595 1673 3643 ens,
1686 3581 1731 3646 qui
1745 3595 1785 3633 se·

1009 3667 1144 3719 cessionem
1168 3670 1274 3719 iecerunt
1287 3710 1291 3727 ,
1306 3668 1400 3732 legatos
1422 3684 1479 3721 curn
1494 3683 1591 3729 summe
1601 3684 1631 3722 sc
1646 3671 1723 3723 libers
1745 3686 1786 3737 ps·

1011 3759 1119 3811 ciscendi
1132 3763 1252 3824 potestate
1268 3760 1410 3812 mittendos.

1040 3912 1150 3961 txvtit.
1171 3912 1227 3958 Post
1240 3909 1307 3959 bunc
1318 3908 1359 3959 otii
1377 3908 1424 3960 riri
1437 3910 1594 3968 consuleres,
1608 3924 1653 3975 pro
1662 3911 1785 3977 cuiusque

1010 4007 1084 4054 aetotc
1097 4001 1193 4063 uocoti,
1207 4005 1366 4052 surrexerunt
1382 4020 1388 4051 :
1403 4002 1446 4066 qui
1459 4016 1544 4053 omncs
1563 4007 1590 4054 Ι..
1612 4004 1717 4055 iteuenii
1726 4019 1785 4058 sen-

1009 4095 1111 4148 tentium
1126 4094 1277 4158 sequendum
1299 4098 1464 4156 censuerunt,
1480 4094 1558 4145 donec
1576 4097 1677 4145 rentum
1694 4099 1734 4148 est
1753 4096 1785 4147 sd

1010 4182 1124 4250 Appium.
1160 4182 1207 4240 Qui
1227 4194 1284 4230 curu
1299 4182 1462 4245 surrexisset,
1481 4201 1494 4225 ι
1508 4182 1584 4232 Viden
1600 4183 1715 4246 equidem
1731 4182 1785 4248 (in-

1009 4299 1022 4323 s
1043 4283 1110 4347 quit)
1124 4285 1149 4332 et
1170 4279 1312 4330 consulibus
1327 4281 1352 4326 ct
1368 4275 1438 4325 vobis
1463 4274 1552 4324 ceteris
1574 4273 1651 4325 terme
1672 4276 1786 4327 omnibus

1010 4393 1022 4415 ι
1037 4372 1133 4437 placere
1150 4370 1244 4434 piebem
1268 4366 1368 4426 reduci,
1390 4363 1579 4427 quibuscunque
1607 4365 1787 4417 conditionibus

1010 4481 1022 4503 ι
1038 4460 1092 4524 ipss
1107 4458 1227 4515 reinerii,
1244 4462 1269 4505 ct
1284 4470 1323 4506 me
1345 4469 1377 4504 ex
1402 4451 1533 4511 omnibus,
1555 4452 1599 4515 qui
1617 4455 1786 4517 compositioni

1011 4565 1022 4588 u
1037 4550 1109 4597 anteo
1118 4544 1321 4602 adinveniuntur,
1333 4541 1413 4590 sotum
1423 4551 1561 4603 superesse,
1574 4540 1718 4602 mequeiitis
1727 4554 1785 4592 exo-

1010 4655 1022 4677 «
1037 4647 1102 4690 sum,
1116 4646 1161 4680 nec
1173 4631 1242 4680 robis
1256 4631 1362 4694 amplius
1372 4628 1459 4678 utitem
1470 4639 1532 4676 esse.
1548 4629 1725 4679 verumtamen
1737 4642 1787 4680 non

1011 4737 1023 4765 ιι
1041 4722 1167 4782 propterea
1179 4717 1210 4767 de
1229 4717 1329 4778 pristina
1347 4728 1402 4765 mes
1416 4714 1537 4762 sententia
1558 4712 1691 4775 decedem,
1707 4728 1786 4780 neque

1012 4825 1023 4848 e
1039 4817 1093 4854 mea
1108 4809 1194 4866 sponte
1207 4804 1348 4867 reipublice
1363 4812 1476 4850 coussern
1494 4798 1615 4849 deseram.
1649 4802 1706 4860 Quo
1722 4802 1785 4852 enim

1010 4914 1022 4937 ι
1039 4893 1117 4954 magis
1131 4905 1196 4940 nunc
1208 4892 1309 4943 deseror
1322 4891 1353 4941 nb
1367 4888 1437 4949 otiis,
1454 4889 1498 4950 qui
1509 4890 1622 4939 camdem
1639 4889 1784 4941 sententium

1011 5005 1022 5028 ι
1038 4988 1111 5034 antee
1119 4982 1294 5045 sequebantur,
1307 4995 1337 5032 co
1348 4979 1442 5030 maiore
1451 4982 1477 5029 et
1488 4979 1567 5043 pretio
1578 4981 1709 5045 ntiqusndo
1719 4981 1785 5045 opud

1011 5096 1023 5119 ι
1037 5088 1081 5125 ros
1094 5088 1145 5128 ero.
1156 5078 1182 5124 et
1196 5075 1267 5123 uirus
1279 5072 1376 5123 taudem
1389 5071 1510 5128 merebor,
1521 5076 1547 5120 et
1562 5077 1677 5123 mortuus
1692 5087 1787 5124 memo·

1010 5188 1022 5212 ι
1036 5168 1097 5218 rium
1110 5167 1176 5233 opud
1183 5169 1294 5230 posteros
1304 5176 1448 5225 consequor.
1465 5164 1536 5212 Foris
1554 5164 1638 5227 igitur,
1651 5165 1787 5229 Capitoline
