3772 5828
598 399 893 472 anthul‘ln‘l‘llll
916 399 1060 460 {roualt
1084 402 1158 462 llll.
1183 404 1232 463 ΙΙΙ.

96 529 203 610 «ψσσθ
213 528 252 589 δυ’
260 530 493 608 ὠφεληθησόμεθα.
537 530 692 644 Πρῶτον
663 555 709 590 αεν
725 533 772 590 ούκ
783 534 809 587 ἐν
823 555 874 610 ρα-

101 623 192 698 ινερῶ
216 617 436 699 βουλεύσαντες’
422 619 583 692 απόστασιν,
608 610 677 679 ἐν17
657 647 680 699 ῳ
701 619 817 684 κίνδυνος
829 594 883 690 ἦν

98 736 110 760 ⁸
125 710 186 766 καθ’
204 707 343 817 ίκάτερρν,
369 707 387 778 ἢ
413 707 616 790 ἀπαρασκεύους
642 708 809 788 ἐπειχθέντας
831 708 876 765 καὶ

99 823 111 847 ⁸
125 799 157 874 τῇ
182 793 308 874 οἰκείᾳ
293 794 402 867 ουνάμει
429 795 497 871 μόναΙ
525 797 716 862 πιστεύσαντας
744 796 786 853 τὸν
809 794 875 873 ὑπὲρ

55 907 67 942 n
98 885 250 945 «ἁπάντων
273 888 416 965 ἀναρρῖψαι
442 885 573 957 unigeni
596 883 876 965 παρασκευαζομένους

100 975 170 1032 ιικαί
184 972 304 1054 βοηθείας
320 974 473 1053 ἀγείροντας
489 975 540 1034 tal>
553 977 605 1032 τῶν
622 978 648 1032 ἐν
663 978 819 1053 παρασκευῇ
833 972 876 1031 όν·

94 1086 109 1114 ⁸
124 1086 178 1120 των
204 1064 469 1142 πρακαταληοθῆναι,
501 1062 639 1142 οὐδετέρου
661 1065 713 1121 τῶν
747 1064 872 1141 χαλεπῶν

99 1178 112 1203 ι
128 1149 227 1209 τούτων
240 1150 404 1229 πειραθέντες
417 1149 448 1211 τδ
466 1149 491 1219 ἐξ
506 1149 660 1232 ἀμφοτέρων
674 1147 805 1228 χρήσιμον
824 1147 877 1217 tio·

98 1264 111 1291 ⁸
128 1261 187 1316 μεν.
233 1237 352 1299 Ἔπειτα
378 1239 479 1309 πολλὴν
508 1238 554 1296 καί
576 1238 771 1313 δυσπολέμητον
796 1225 877 1294 ούσαν

43 1346 69 1383 ru
96 1354 108 1377 ⁸
124 1326 173 1397 τὴν
189 1329 240 1384 τῶν
257 1325 410 1384 ἀντιπάλων
433 1324 509 1404 ἰσχύν
529 1325 575 1383 καί
596 1324 679 1404 τύχην
705 1327 753 1382 ούκ
776 1325 807 1382 ἐκ
831 1328 876 1383 τοῦ

98 1443 111 1469 ιι
128 1417 215 1493 βιαίου
229 1412 329 1494 τρόπου
338 1412 517 1493 πειρασόμεθα
530 1417 681 1491 καθαιρεῖν,
695 1412 754 1470 ἀλλ’
770 1402 807 1476 οἷς
822 1411 877 1470 άλί-

97 1530 110 1556 ⁸
124 1526 215 1562 σκιται
235 1501 324 1561 πάντα
335 1500 369 1559 τά
384 1499 523 1580 ὑπέραυχα
540 1499 585 1560 καί
602 1500 639 1577 μθ,
656 1498 732 1580 ῥᾴδια
745 1503 784 1579 τῷ
800 1498 877 1579 βιαίῳ

98 1596 329 1671 «καθαιρεθῆναι,
344 1589 413 1670 θολῳ
435 1590 479 1647 καί
500 1589 606 1666 ἀπάτῃ,
630 1587 690 1647 οὔτε
713 1592 814 1667 πρῶτοι
830 1586 878 1666 ἄρ-

99 1678 218 1748 ιιξαντες
243 1681 328 1738 αὐτῶν
350 1676 408 1736 οὔτε
433 1677 519 1753 μόνοι.
564 1678 634 1755 Πρὸς
656 1677 683 1736 88
698 1675 811 1748 τούτοις,
830 1675 877 1734 οὐκ

98 1767 264 1846 «ἀξιομάχῳ
292 1766 356 1845 ούσῃ
379 1770 412 1837 τῆ
439 1764 522 1845 οίκείαρ
544 1763 655 1840 δυνάμει
677 1765 741 1843 πρὸς
768 1763 876 1821 άπασαν

99 1857 175 1926 ιτήν
193 1855 340 1931 Ρωμαίων
355 1877 383 1914 τε
404 1854 502 1912 καῖ’
467 1877 518 1912 των
539 1854 687 1931 συμμάχων
709 1849 818 1929 ἰσχύν’
804 1873 876 1908 αντι·

97 1948 191 2021 ιταχθ
193 1964 253 2011 ηναι
286 1939 333 2013 τὴν
362 1941 516 2012 Φιδηναίων
550 1963 579 1998 τι
617 1940 663 1999 καί
691 1942 875 2011 Οὐιεντανῶν,

98 2027 255 2100 ιτοσαύτην
279 2019 358 2088 ούσαν
386 2029 450 2101 ἐίσην
471 2033 565 2108 δρᾶτε,
592 2026 808 2136 προσειλήφαμέν
831 2047 875 2100 τε,

100 2116 174 2175 «καί
204 2120 239 2183 ὡς
259 2142 289 2176 αν
317 2119 432 2194 μάλιστα
457 2117 549 2196 θάρσος
581 2116 632 2173 τινὶ
660 2111 815 2222 συμμαχίας
834 2115 878 2191 βε-

98 2208 252 2268 ιιόαίου
229 2232 258 2266 το
289 2207 456 2286 ἐπικουρικὸν
484 2205 620 2286 παράσχοι
648 2202 875 2309 προσχενόμενον,

98 2296 197 2358 τούτω
210 2295 425 2377 παρεσκεύασταί
447 2318 503 2372 μοι.
544 2291 626 2354 Ού
599 2315 649 2371 γαρ
664 2295 690 2350 ἐν
711 2314 744 2370 τη
727 2289 876 2403 ”ήμετέραρ

98 2390 158 2466 «γῇ
179 2384 368 2456 Φιδηναῖοι
344 2407 389 2442 τον
413 2352 494 2461 ἀγίῖν’
520 2381 663 2492 ἀράμενοι,
682 2377 771 2448 τηςδ
790 2378 875 2434 αὐτῶν

97 2471 344 2553 «προκινδυνεύοντ
347 2495 389 2542 ες,
412 2471 437 2528 ἐν
463 2473 500 2527 τῶ
517 2470 589 2526 clici)
611 2468 656 2525 καὶ
677 2466 757 2536 την
745 2462 876 2542 ημετέραν

101 2560 299 2640 ιρυλάξουσιν
350 2558 426 2618 ⁶08
413 2557 439 2617 88
466 2557 571 2616 πάντων
601 2555 649 2632 μέν
676 2558 747 2612 ἐστιν
771 2552 876 2624 ἥδιστον

51 2671 60 2680 ·
100 2648 288 2728 «ἀνθρώποις,
314 2645 434 2712 σπανίοις
456 2644 484 2703 δέ
508 2668 575 2703 τισιν
597 2647 627 2703 ἐκ
642 2666 686 2702 του
705 2640 878 2722 παρελθόντος

100 2765 112 2790 ι
132 2739 226 2801 αἰῶνος
241 2733 384 2812 ἐξεγένετο,
406 2734 450 2792 καί
466 2732 536 2792 τοῦθ
549 2733 612 2804 ἡμῖν
633 2728 799 2810 θπάρξει·’
762 2751 878 2808 πασχον·

96 2854 108 2878 ιι
125 2849 167 2891 τες
194 2824 244 2882 ὑπὸ
271 2827 322 2882 τῶν
351 2823 500 2902 συμμάχων
523 2813 551 2881 εύ
579 2821 643 2902 ipos
667 2820 778 2885 ἐκείνους
805 2818 877 2876 αὐτοὶ

97 2940 109 2965 ⁸
126 2910 247 2988 δόξομεν.
294 2911 344 2971 Καί
361 2911 405 2971 ἐὰν
421 2911 485 2988 ἡμῖν
505 2908 641 2970 κατθνοῦν
658 2904 769 2987 χωρήσῃ
781 2904 812 2964 τδ
825 2903 871 2985 ἔρ-

99 3027 111 3051 ⁸
126 3023 191 3079 γον,
207 2998 299 3078 ὥσπερ
316 2999 346 3058 r8
362 2999 429 3066 είκθς
443 2998 513 3080 ἔχει,
526 2994 668 3069 Φιδηναῖοί
678 3017 706 3053 τι
716 2993 761 3053 καί
777 2992 875 3055 Οθῑιν-

100 3113 113 3138 ⁸
127 3086 200 3146 τανοί
227 3089 335 3168 βαρείας
356 3086 556 3156 ἀπαλλάξαντες
576 3090 646 3162 ἡμᾶς
670 3085 820 3160 ὑποταγῆς,
841 3084 876 3147 ὣς

101 3202 112 3225 ⁸
127 3173 169 3252 ὑφ’
185 3180 262 3252 ἡμῶν
292 3180 369 3235 τοῦτο
393 3173 550 3241 πεπονθότες
572 3173 645 3232 αὐτοί
660 3172 739 3250 χάριν
757 3174 822 3246 ἡμῖν
838 3169 876 3228 εί-

100 3283 229 3324 ισονται.
272 3265 366 3324 Ταῦτα
386 3262 434 3339 μέν
455 3266 541 3336 ἐστιν,
563 3261 580 3319 θ
599 3261 641 3319 erl
660 3263 758 3330 πολλῆς
772 3257 877 3338 ρροντί-

101 3376 114 3400 ⁸
132 3350 172 3416 δσς
185 3352 440 3426 παρασκευασθέντα
455 3350 534 3409 ἱκανά
550 3341 701 3408 εἶναιδοκεῖ
724 3368 768 3423 μοι
783 3346 877 3426 θάρσος

99 3461 112 3488 ⁸
128 3458 155 3493 τε
183 3437 230 3496 καὶ
248 3437 398 3515 προθυμίαν
424 3442 472 3510 τῆς
501 3437 671 3502 ἀποστάσεως
698 3437 759 3508 ὑμῖν
784 3454 876 3509 παρα-

39 3554 68 3594 25
99 3550 112 3578 ι
130 3533 214 3603 σχεῖν.
257 3524 311 3586 Ὃν
326 3526 354 3584 δέ
374 3525 470 3604 τρόπον
486 3526 628 3603 ἐπιχειρεῖν
647 3525 685 3600 τῷ
700 3518 769 3599 ἔργῳ
784 3517 875 3597 βεύού·

99 3638 111 3662 ⁸
129 3612 241 3688 λευμαι,
253 3612 325 3670 ταῦτ’
338 3612 467 3673 ἀκούσατέ
489 3632 549 3687 μου·
564 3608 637 3676 τάξιν
654 3607 702 3685 μέν
718 3604 872 3663 ἀποδέδωκέ

100 3720 176 3810 αμρι
189 3697 335 3769 Τύλλος
307 3725 355 3772 την
378 3701 430 3758 tel
451 3724 490 3758 τω
470 3699 575 3778 ”δρει,
591 3697 636 3757 καί
654 3695 755 3755 κελεύει
779 3717 812 3771 με
828 3698 874 3751 θα-

100 3787 268 3893 ιτέρουτιῗιν
279 3791 397 3872 κεράτων
412 3791 520 3870 άρχειν
514 3789 598 3846 ὅταν
612 3786 639 3845 δὲ
647 3785 786 3865 μέλλωμεν
796 3782 876 3860 ὁμόσε

99 3878 180 3944 «τοῖς
199 3879 334 3955 πολεμίοις
359 3888 473 3959 χωρεῖν,
497 3877 567 3957 ἄρξω
589 3874 635 3952 μίν
658 3876 709 3953 ἐγὼ
734 3871 816 3939 λύσας
830 3869 877 3940 την

44 3990 70 4028 ιο
99 3992 112 4018 ⁸
128 3966 202 4035 τάξιν
228 3967 316 4028 ἐπι
291 3993 322 4028 το
349 3968 452 4049 ὄρος*
435 3991 523 4046 αγειν,
554 3961 741 4035 ἀκολουθήσετε
776 3960 821 4019 δέ.
816 3983 876 4038 μοι

98 4082 111 4108 ⁸⁸
128 4057 202 4131 ύμείς
217 4058 441 4170 συντεταχμένους
460 4057 588 4161 ἀγοντεςη
583 4052 641 4119 τοὺς
655 4050 755 4131 λόχουθ
797 4046 876 4130 Ἀθά·

100 4167 205 4220 «μενος
224 4144 301 4204 δέ
266 4169 318 4205 των
333 4147 419 4228 άκρων
442 4145 488 4205 καί
506 4149 531 4205 ἐν
553 4166 590 4224 τῳ
571 4139 718 4222 ’ἀσιραλεῖ
740 4137 876 4214 γενόμενος

99 4233 186 4292 ιτίνα
203 4255 341 4314 χρησομαι
359 4235 454 4313 τρόπον
476 4241 530 4298 τοῖς
545 4228 613 4305 μετά
636 4251 719 4287 ταυτα
744 4224 876 4332 πράγμα-

99 4343 182 4393 ισιν,
199 4319 330 4379 ἀκούσατέ
347 4342 414 4396 μου·
433 4320 479 4379 ἐάν
502 4319 549 4394 μίν
570 4320 622 4397 δρῶ
646 4314 714 4375 κατθι
732 4312 875 4389 γνύιμηνθ

48 4433 72 4472 ιε
99 4432 112 4459 ⁸
126 4408 309 4485 διαλογίζομαι
322 4409 460 4488 χωροῦντά
488 4431 550 4485 μοι,
576 4405 651 4465 καίθ
637 4406 766 4484 θρασεῖς
760 4400 807 4459 μὲν
832 4423 876 4477 lt·

99 4521 111 4546 ⁸
127 4495 234 4573 γονότας
247 4495 308 4563 τοὺς
328 4498 487 4574 πολεμίους,
503 4501 538 4563 ὡς
552 4497 626 4569 ἡμῶν
652 4495 739 4556 αὐτοῖς
752 4491 875 4566 συλλαμ-

98 4607 111 4634 ⁸
127 4580 278 4657 θανόντων,
292 4585 428 4651 ταπεινούς
439 4583 467 4643 δέ
481 4582 526 4642 καί
547 4605 579 4640 πε
583 4578 702 4660 ριρόύους
717 4575 875 4651 Ῥωμαίους,

98 4695 111 4722 ⁸
128 4672 161 4739 a<
175 4694 195 4729 π
198 4673 444 4750 ροδεδομίνουςύρ’
468 4675 560 4748 ἡμων,
584 4693 667 4751 ρυχης
688 4691 717 4727 τε
735 4664 874 4743 μᾶλλονῆ

98 4784 111 4811 ⁸
127 4763 207 4832 ἀλκῆς
223 4785 242 4820 π
245 4761 446 4842 ορνοουμίνους,
466 4759 531 4840 ὅπερ
554 4759 633 4832 εἰκὸς,
650 4755 810 4830 ἐπιθησομαι
824 4753 874 4811 αύ-

52 4883 75 4921 ς,
100 4853 183 4915 ετοῖς
198 4851 244 4908 καί
257 4872 354 4927 μεατον
365 4848 508 4920 ποιήσων
510 4870 579 4926 κρων
592 4869 623 4905 το
634 4847 738 4915 πεοιον
753 4841 804 4909 ἐξ’
794 4863 842 4898 υπε
845 4863 875 4920 p-

99 4937 209 5007 ·δαξίου
228 4962 257 4997 τε
279 4937 378 4997 κατιὼν
398 4936 485 4996 ἐπὶ
461 4959 491 4996 το
514 4958 535 4993 π
536 4934 630 5015 ρανίς,
640 4932 770 5012 θαρρούσῃ
784 4952 812 4988 τε
829 4932 874 4987 καὶ

100 5052 113 5079 ⁸
128 5026 364 5106 συντεταγμένῃ
350 5023 460 5102 ουνάμει
487 5021 550 5103 πρὸς
568 5020 743 5100 ἐπτοημένους
770 5013 873 5096 ἀνθρύ-

100 5133 188 5182 ιισυς
214 5113 425 5196 προσφερόμενος
443 5112 488 5173 καί
513 5110 656 5188 σποράδας.
699 5106 777 5176 Δεινὴ
802 5107 826 5164 θ’
846 5110 873 5166 ἐν

99 5205 181 5273 «τοῖς
201 5203 325 5280 πολέμοις
345 5202 391 5286 καὶ
415 5204 433 5275 ἡ
457 5198 502 5260 bt
523 5200 599 5269 κινῆς
619 5194 786 5272 ἐμπίπτουσα
806 5214 870 5274 προ-

1644 412 1705 474 llll

933 559 944 581 ιι
963 541 1069 591 adoriar.
1104 542 1265 593 considerate.
1284 555 1369 594 autern
1393 550 1487 607 quanto
1508 552 1636 602 commoda
1649 554 1706 606 inde

931 653 943 675 ⁸
961 635 992 684 ad
1006 649 1052 685 nos
1063 635 1113 685 sint
1130 635 1305 687 redundatura.
1340 637 1450 686 Primum
1464 640 1574 702 quidem,
1592 647 1708 706 qrroniurn

931 749 942 772 ⁸
961 744 1008 779 non
1024 733 1109 793 aperte
1119 729 1150 780 de
1162 731 1297 780 delectione
1307 733 1410 781 consilia
1429 734 1553 796 inibimus,
1572 753 1620 801 qua
1641 741 1667 791 in
1681 756 1708 793 re

933 841 944 864 ⁸⁸
963 837 1052 887 auceps
1066 827 1120 873 erat
1135 823 1285 886 periculum,
1299 840 1329 874 ne
1343 831 1388 876 aut
1401 840 1452 889 prm
1467 829 1541 879 nimia
1554 831 1709 884 testinatione

932 931 943 952 ⁸
961 911 1073 975 imparati
1096 916 1122 962 et
1139 912 1198 962 solis
1222 912 1366 965 domesticis
1389 916 1465 979 copiis
1487 920 1542 968 troti
1559 921 1590 969 ‹lc
1612 936 1710 972 summa

931 1020 943 1043 ⁸
962 1015 1044 1051 rerum
1070 1003 1148 1053 aleam
1179 1004 1332 1064 laceremus,
1359 1011 1417 1069 aut,
1438 1007 1498 1057 duni
1527 1025 1573 1060 uns
1593 1026 1710 1076 paramus

931 1111 944 1135 ι
961 1096 987 1141 et
1014 1091 1105 1142 auxilia
1134 1092 1312 1152 sollicitamus,
1334 1097 1366 1146 ab
1391 1097 1451 1160 ipsis
1481 1099 1530 1148 iarn
1562 1104 1708 1166 preparatis

932 1203 943 1226 ι
962 1185 1173 1235 anteverteremur
1194 1204 1200 1235 ι
1226 1188 1341 1236 neutrum
1363 1187 1450 1238 borum
1472 1192 1635 1254 periculorum
1659 1210 1703 1247 ex·

932 1280 1025 1342 «perti
1056 1279 1181 1343 utrimque
1213 1281 1371 1331 commodum
1398 1286 1571 1349 percipiemus.
1614 1290 1710 1344 Delude

932 1396 944 1421 ι
962 1390 1021 1427 vero
1035 1376 1234 1427 aduersariorum
1251 1378 1317 1430 vires
1328 1392 1428 1441 magnus
1446 1385 1472 1430 et
1484 1395 1554 1444 preire
1566 1383 1668 1435 invictas
1684 1392 1710 1438 et

936 1489 949 1513 ι
968 1469 1090 1519 loctunam
1114 1483 1163 1519 non
1194 1470 1234 1528 nl,
1251 1470 1294 1520 sed
1310 1471 1340 1520 iis
1356 1471 1450 1522 artibus
1470 1475 1560 1537 quibus
1581 1478 1711 1540 capiuntur

933 1583 944 1603 ⁸
961 1577 1049 1614 omnes
1063 1577 1101 1614 res
1112 1563 1228 1628 superbas
1243 1568 1269 1615 et
1288 1577 1345 1628 quae
1366 1579 1413 1615 non
1435 1567 1504 1618 lacile
1518 1569 1542 1617 vl
1556 1575 1709 1634 evertuntur,

934 1678 946 1701 ι
964 1656 1081 1708 uiurirum
1095 1656 1152 1707 dolo
1163 1661 1189 1709 et
1205 1657 1300 1722 fraude,
1322 1662 1434 1711 evertere
1456 1661 1613 1726 ornabimur,
1631 1678 1712 1730 neque

933 1770 945 1793 ι
963 1749 1064 1800 bocnos
1076 1749 1148 1814 primi
1163 1752 1208 1799 aul
1230 1749 1276 1801 soli
1288 1750 1416 1802 iaciemus.
1449 1755 1572 1805 preterea
1590 1770 1647 1807 cum
1662 1759 1711 1809 du·

934 1868 946 1889 ι
963 1844 1075 1894 ιιιυοῑίσῑο
1095 1848 1187 1894 uostrae
1201 1846 1278 1909 copiae
1289 1861 1338 1896 nou
1361 1847 1395 1897 ila
1407 1849 1457 1900 sint
1469 1848 1557 1913 linum,
1570 1856 1597 1903 ul
1614 1856 1714 1909 cunctis

934 1954 945 1976 ⁸
964 1935 1133 1995 Romanorum
1145 1949 1176 1985 ac
1192 1935 1317 1986 sociorum
1334 1937 1431 1988 viribus
1444 1940 1564 2003 oppositae
1578 1943 1710 2005 resistant,

934 2047 945 2068 ⁸
963 2025 1108 2076 Fidenatem
1121 2029 1148 2077 et
1161 2026 1302 2078 Veientium
1315 2031 1398 2079 tantas
1415 2031 1499 2094 copias
1519 2039 1625 2097 quantas
1641 2036 1709 2087 ride·

932 2141 945 2166 ⁸
963 2123 995 2173 tis
1007 2122 1079 2174 nobis
1100 2123 1273 2186 adiunximus3
1293 2129 1367 2188 olqrrc
1387 2128 1414 2176 ut
1432 2127 1594 2180 auxiliaribus
1616 2131 1708 2196 copiis,

931 2235 944 2258 ι
962 2226 1022 2277 quas
1034 2213 1142 2266 trabituri
1157 2228 1257 2276 sumus,
1275 2219 1329 2267 luto
1353 2217 1428 2269 licere
1441 2220 1576 2281 possimus,
1592 2220 1618 2273 ld
1640 2237 1655 2272 a
1669 2238 1709 2276 rne

934 2305 1006 2355 «aab
1020 2306 1094 2356 inodo
1112 2307 1240 2370 prorsum
1261 2310 1307 2357 est.
1342 2311 1395 2358 Non
1411 2311 1475 2360 eninr
1501 2313 1524 2362 iu
1548 2317 1633 2365 nostro
1652 2330 1712 2380 apro

932 2417 944 2440 ⁸
962 2398 1091 2449 Fidenates
1108 2404 1166 2450 suut
1186 2399 1345 2458 dimicaturi,
1362 2400 1406 2450 scd
1420 2415 1464 2464 pro
1478 2416 1524 2452 suo
1543 2405 1710 2468 periclitantes

932 2509 944 2532 ⁸
960 2503 1009 2539 uuo
1021 2489 1157 2554 eodemque
1178 2492 1288 2553 tempore
1312 2494 1424 2540 nostrum
1447 2506 1546 2557 qrrnque
1567 2494 1708 2548 defendent.

932 2601 944 2623 ⁸
962 2581 1034 2640 Quod
1059 2594 1118 2631 vero
1136 2581 1246 2630 orrrrrium
1267 2583 1305 2630 est
1326 2581 1531 2635 iucundissimum
1555 2586 1713 2651 bominibus,

931 2698 942 2719 ⁸
961 2677 1005 2728 sed
1027 2676 1112 2740 paucis
1123 2675 1273 2739 quibusdam
1284 2675 1358 2738 idque
1378 2690 1435 2727 raro
1448 2680 1616 2742 superioribas
1629 2695 1708 2733 sacu-

932 2792 943 2816 ι
962 2772 992 2823 lis
1003 2772 1123 2836 contigit,
1144 2770 1168 2820 id
1182 2770 1256 2822 etiam
1276 2785 1324 2821 nus
1345 2785 1526 2837 consequemur
1542 2773 1712 2827 :lleuellciuna

931 2889 942 2911 ι
961 2869 1027 2917 enirn
1041 2865 1187 2930 accipientes
1211 2866 1329 2925 aseclis,
1348 2868 1408 2919 dare
1431 2869 1467 2919 eis
1491 2869 1538 2933 lissi
1556 2869 1701 2922 videbimur.

932 2987 942 3008 ⁸⁸
963 2969 992 3015 lit
1005 2965 1025 3013 si
1035 2978 1075 3015 res
1086 2964 1157 3014 nobis
1169 2976 1200 3013 ex
1212 2963 1288 3013 animi
1303 2966 1427 3015 sententia
1439 2966 1588 3017 successerit
1605 2972 1708 3030 (quem-

931 3077 943 3097 ⁸
961 3054 1092 3105 admodum
1123 3058 1161 3104 est
1188 3053 1333 3114 verisimile)
1363 3055 1493 3107 Fidenates
1524 3060 1549 3107 et
1580 3058 1708 3125 Veientes,

931 3172 944 3195 ιι
962 3152 1004 3216 qui
1020 3150 1089 3215 gravi
1103 3149 1206 3213 imperio
1225 3163 1270 3198 nos
1282 3149 1458 3211 liberaverint,
1470 3151 1540 3215 quasi
1553 3150 1602 3203 lroe
1613 3154 1708 3207 benen-

932 3267 943 3288 ⁸
962 3246 1054 3295 cluma
1074 3245 1144 3295 nobis
1175 3244 1330 3309 acceperint,
1352 3244 1459 3308 pralium
1479 3245 1550 3311 nobis
1570 3246 1706 3300 habebunt.

932 3364 944 3387 ιι
962 3347 1040 3406 Atque
1052 3341 1107 3391 hmo
1124 3345 1183 3390 sunt
1200 3354 1258 3404 quse
1277 3354 1366 3405 magna
1387 3353 1445 3389 cum
1465 3354 1479 3389 a
1493 3353 1533 3390 me
1547 3341 1644 3404 provisu
1657 3342 1711 3392 exl-

932 3459 943 3482 ⁸
962 3438 1037 3488 stimo
1058 3435 1129 3486 facile
1143 3447 1216 3498 posse
1231 3448 1276 3484 vos
1289 3433 1321 3484 ad
1341 3433 1503 3485 delectionem
1520 3434 1670 3486 confidenter
1682 3442 1708 3487 ot

932 3530 1076 3583 «alacriter
1098 3526 1235 3578 laeieudarn
1264 3527 1397 3592 impellere.
1431 3529 1479 3579 Sed
1493 3542 1543 3591 quo
1563 3527 1637 3579 manto
1654 3542 1706 3580 rom

931 3646 943 3667 ιι
962 3624 1041 3686 ipsam
1057 3621 1153 3684 aggredi
1173 3618 1314 3679 statuerim,
1329 3630 1395 3667 ame
1405 3617 1516 3681 accipite.
1550 3618 1636 3668 Tullus
1647 3620 1709 3671 milri

931 3737 947 3762 ιι,
960 3714 1093 3779 assignavit
1105 3714 1186 3764 locum
1197 3712 1229 3762 ad
1241 3709 1332 3761 montis
1346 3707 1450 3769 radices,
1463 3712 1487 3758 et
1498 3721 1539 3758 nie
1550 3709 1621 3759 alteri
1630 3723 1708 3762 cornu

931 3832 942 3854 ⁸
960 3823 1066 3875 praesse
1083 3809 1162 3859 iussit.
1208 3807 1253 3857 Ubi
1276 3805 1351 3870 igituir
1367 3816 1424 3853 curn
1442 3803 1514 3854 besto
1527 3803 1708 3868 conligendum

931 3903 1017 3963 «erit,
1040 3901 1153 3966 incipiam
1177 3913 1222 3961 ego
1246 3897 1328 3947 soluta
1352 3894 1406 3945 acie
1434 3892 1467 3944 od
1485 3898 1595 3944 montem
1619 3908 1707 3947 suece-

932 4015 944 4038 ι
960 3993 1034 4052 dere,
1055 4006 1100 4041 vos
1119 4003 1179 4040 vero
1204 3985 1334 4038 instructis
1354 3982 1485 4035 ordinibus
1506 3995 1546 4034 me
1564 3983 1706 4048 sequimini.

931 4110 942 4132 ι
960 4094 1023 4141 curn
1036 4084 1218 4139 cotemnenda
1228 4083 1314 4146 iugum
1324 4091 1489 4145 superavero,
1520 4087 1545 4130 ln
1557 4083 1614 4130 tuto
1627 4080 1707 4143 luero,

931 4205 942 4227 ι
960 4182 1021 4247 quid
1040 4184 1128 4246 postea
1145 4178 1192 4229 sim
1211 4177 1323 4228 tacturus
1344 4188 1430 4224 erma
1452 4171 1545 4224 audite
1578 4172 1604 4222 Si
1621 4173 1707 4224 uidero

931 4299 942 4320 ⁸
959 4292 991 4328 en
1013 4276 1088 4326 anirni
1107 4273 1228 4324 sententia
1251 4268 1312 4320 mibi
1336 4266 1469 4318 succedere
1493 4277 1552 4328 rrum
1571 4265 1666 4329 cogito,
1680 4269 1707 4316 et

930 4391 941 4412 ι
960 4368 1044 4419 bostes
1056 4366 1200 4417 audaciores
1220 4363 1298 4412 laetos
1314 4358 1384 4423 quasi
1407 4356 1501 4408 auxilio
1512 4359 1596 4408 noetm
1617 4356 1705 4416 lretos,

930 4482 942 4506 ι
961 4465 1046 4511 ooutra
1059 4473 1117 4510 vero
1132 4460 1254 4507 llornanos
1265 4452 1380 4503 demissis
1398 4456 1425 4500 et
1439 4447 1603 4499 consternatis
1617 4445 1707 4496 arrimrs

931 4572 943 4598 ι
959 4551 1031 4616 quasi
1042 4549 1137 4600 anobis
1149 4545 1267 4611 proditos,
1280 4545 1308 4592 ut
1317 4556 1359 4606 par
1371 4546 1418 4601 est,
1428 4540 1460 4589 de
1469 4541 1526 4604 luga
1534 4536 1618 4601 potius
1629 4549 1706 4598 quum

929 4665 942 4691 ιι
959 4644 1083 4706 depugna
1099 4639 1219 4702 cogitare,
1233 4633 1330 4684 adoriar
1342 4644 1395 4689 eos,
1410 4631 1436 4679 et
1448 4641 1561 4691 campum
1583 4625 1706 4675 cadaueri·

930 4736 1006 4786 «bus
1030 4732 1141 4797 replebo,
1155 4728 1185 4777 de
1204 4727 1259 4776 loco
1281 4722 1406 4787 superiore
1427 4719 1452 4769 in
1469 4715 1572 4768 declivia
1596 4713 1703 4763 descen·

928 4828 1033 4886 «deus,
1054 4828 1079 4875 et
1102 4835 1159 4872 curn
1185 4819 1294 4870 exercitu
1320 4815 1391 4879 pleno
1415 4810 1513 4860 lidusiae
1538 4811 1564 4856 et
1587 4806 1649 4854 bene
1662 4804 1703 4852 iu·

929 4920 1055 4970 «structo
1073 4916 1097 4964 in
1111 4914 1179 4963 uiros
1199 4914 1247 4960 iarn
1269 4909 1385 4971 paventes
1400 4908 1426 4952 ot
1440 4901 1566 4962 dispersos
1581 4896 1703 4958 impetum

927 5031 940 5058 ,
958 5009 1058 5061 paciens,
1091 5003 1178 5054 Gravis
1189 5000 1255 5052 enim
1271 5001 1309 5048 est
1324 5010 1354 5045 ac
1373 4990 1508 5058 peruiciosa
1523 4987 1548 5036 iu
1568 4983 1639 5035 bellis
1655 4985 1698 5035 vel

929 5101 1037 5155 «manis
1065 5095 1212 5164 proditionis
1235 5090 1358 5142 sociorum
1383 5084 1423 5134 vel
1449 5093 1570 5130 novorum
1591 5074 1702 5128 hosfium

935 5215 949 5242 ιι
965 5195 1087 5248 micatus
1099 5189 1193 5255 opiulo,
1209 5198 1265 5250 qum
1278 5180 1372 5233 animos
1384 5175 1491 5226 militurn
1504 5175 1607 5237 occupat
1619 5192 1624 5220 :
1638 5167 1700 5220 mul·
