3772 5828
620 369 914 443 AN'l'lQUlTATUM
936 370 1084 433 bollan.
1109 373 1181 434 LlB.
1205 376 1242 434 X.

134 502 217 582 κύριοι
230 500 400 579 κατέγνωσαν
416 502 515 560 ἀδικεῖν
529 499 627 574 ούτως,
649 501 719 561 ώστι
732 502 833 571 πάσαις
852 505 910 572 ταῖς

132 592 228 672 ψήφοις
247 594 300 648 τῶν
324 591 414 669 φυλῶν
438 591 537 650 ἀλῶναι
562 590 607 650 τὸν
631 589 725 669 ἄνδρα.
767 581 823 653 Ἦν
839 594 866 652 δὲ
881 592 911 653 τδ

132 683 238 757 τίμημα
251 684 299 749 τῆς
311 678 385 750 δίκης
404 677 564 758 ἀργυρικὸν,
588 678 705 758 ἀσσάρια
721 681 812 757 μύρια.
856 682 911 742 Καὶ

132 775 209 828 τοῦτο
224 768 271 827 οὑκ
289 767 350 826 άνευ
362 768 485 848 προνοίας
498 767 566 834 τινὸς
581 770 595 826 δ
610 767 718 836 Σίκκιος
732 767 845 840 ποιῆσαί
864 793 910 846 μοι

93 874 105 907 ·'›
133 860 220 926 δοκεῖ,
237 859 296 915 ἀλλ’
309 855 353 914 ἵνα
374 856 428 923 τοῖς
448 880 477 915 τε
498 854 645 936 πατρικίοις
666 859 784 918 ἐλάττων
807 863 825 930 ἡ
850 858 911 939 πιρί

132 953 179 1006 τοῦ
192 946 284 1024 ἀνδρὸς
299 943 401 1016 σπουδή
422 944 550 1022 γένηται,
575 945 621 1005 καί
637 945 720 1023 μηδὲν
741 945 911 1027 ἐξαμάρτωσι

133 1036 193 1112 περὶ
209 1033 257 1104 τὴν
272 1031 436 1114 ψηρορορίαν
459 1034 660 1109 ἐνθυμηθέντες,
677 1031 717 1092 δτι
737 1036 774 1101 εἰς
788 1034 910 1114 ἀργύριον

134 1122 324 1200 ζημιώσεταιδ
344 1118 423 1187 ἀλοίις
445 1120 491 1180 καί
517 1122 552 1186 τίς
579 1120 652 1180 οὐδὲν
670 1120 770 1201 ἕτερον,
791 1124 836 1181 καί
859 1131 913 1190 τοῖς

136 1211 286 1287 δημοτικοῖς
303 1214 320 1280 ἡ
335 1210 400 1289 πρὸς
416 1208 464 1283 τήν
489 1209 618 1290 τιμωρίαν
642 1209 711 1291 ὑρμδ,
727 1212 911 1292 προδυμοτίρα

134 1300 201 1376 μήτε
220 1304 308 1380 ψυχῆς
327 1299 410 1380 ἀνδρα
430 1298 560 1360 ὑπατικδν
577 1298 645 1377 μήτε
660 1299 784 1380 πατρίδος
800 1304 910 1362 ἀποστε·

135 1392 233 1468 ροῦσιν.
276 1387 424 1464 Ῥωμιλίου
451 1388 780 1457 lineamentarem
802 1390 912 1458 πολλαῖς

133 1477 240 1557 ὕστερον
267 1477 379 1555 ἡμέραις
406 1476 451 1537 καί
479 1476 634 1557 Οὐετούριος
656 1478 737 1536 ἑάλω·
759 1476 865 1557 τίμημα
884 1478 912 1538 tl

133 1567 178 1624 καὶ
201 1566 291 1646 ἐκείνῳ
313 1564 494 1645 ἐπεγέγραπτο
514 1566 666 1646 ἀργυρικὸν,
689 1564 809 1643 ἡμιόλιον
833 1564 908 1625 θατέ-

150 1677 190 1714 ου.

94 1762 105 1795 ·'›
135 1679 149 1735 ρ
173 1745 205 1805 L.
227 1747 321 1803 Ταῦτα
336 1742 369 1814 δὴ
392 1743 568 1823 λογιζομένοις
586 1751 639 1811 τοῖς
657 1746 683 1803 ἐν
705 1746 776 1824 ἀρχῇ
801 1741 909 1810 ὑπάτοις

133 1833 200 1893 πολὺ
217 1831 335 1911 παρέστη
358 1830 428 1905 δέος,
448 1833 494 1892 καί
514 1836 560 1891 τοῦ
586 1832 624 1909 μὴ
649 1833 734 1892 ταύτά
754 1838 846 1893 παθεῖν
861 1832 911 1892 ὑπὸ

133 1927 178 1979 τοῦ
192 1918 276 1994 δήμου
299 1918 366 1996 μετά
380 1918 428 1990 τήν
448 1918 573 1980 ὑπατείαν
589 1918 716 1998 πρόνοια,
740 1917 809 1978 ώστι
823 1918 910 1978 ούκίτι

135 2006 363 2086 ἀποκρυπτόμενοι
381 2007 428 2075 τὺς
441 2006 563 2087 γνώμας,
581 2006 650 2067 ἀλλὰ
675 2009 794 2088 φανερῶς
814 2007 848 2065 τά
863 2014 910 2066 τοῦ

134 2093 219 2172 δήμου
244 2095 442 2173 πολιτευόμενοι
471 2096 613 2157 διετέλουν.
655 2097 767 2175 Πρῶτον
794 2094 842 2173 μὲν
865 2084 910 2155 σύν

134 2183 177 2243 ἐπὶ
199 2188 246 2256 τῆς
267 2185 397 2265 λοχίτιδος
419 2184 560 2256 ἐκκλησίας
580 2183 661 2259 νόμον
675 2184 832 2265 ἐκύρωσαν,
854 2192 912 2251 ταῖς

133 2275 227 2353 ἀρχαῖς
241 2272 335 2342 ἐξεῖναι
351 2275 450 2342 πάσαις
468 2273 527 2341 τοὺς
551 2276 733 2350 ἀκοσμοῦντας
748 2272 766 2346 ἢ
790 2296 910 2354 παρανο-

134 2367 246 2435 μοῦντας
268 2364 304 2428 είς
327 2365 375 2433 τήν
401 2364 500 2419 ἑαυτῶν
523 2357 644 2427 ἐξουσίαν
670 2361 791 2435 ζημιοῦν.
836 2360 911 2427 Τέως

132 2447 184 2530 γὰρ
201 2451 251 2528 οὐχ
262 2451 361 2509 ἅπασιν
376 2450 450 2521 ἐξῆν,
465 2449 534 2507 ἀλλά
548 2456 602 2516 τοῖς
616 2446 723 2515 ὑπάτοις
743 2448 842 2525 μόνοις.
871 2448 910 2508 Τδ

134 2537 221 2611 μέντοι
244 2537 350 2615 τίμημα
366 2540 413 2596 οὐκ
429 2536 474 2596 ἐπί
495 2546 548 2603 τοῖς
562 2540 698 2612 ζημιοῦσιν
721 2535 818 2597 ὁπόσον
842 2526 910 2596 ε’ίναι

95 2652 108 2687 ,ι
135 2625 173 2682 δεῖ
189 2624 348 2696 κατέλιπον,
363 2627 421 2683 ἀλλ’
434 2624 509 2683 αύτολ
519 2624 566 2695 τὴν
577 2624 651 2692 ἀξίαν
662 2624 771 2702 ὥρισαν,
784 2623 909 2703 μέγιστον

135 2710 317 2781 ἀποδείξαντες
330 2713 389 2789 ὅρον
403 2711 501 2791 ζημίας
516 2711 563 2772 δύο
574 2712 696 2793 πρόόατα
710 2713 756 2773 καί
767 2713 910 2796 τριάκοντα

137 2801 210 2881 βόας.
256 2802 311 2863 Καὶ
335 2792 408 2869 οὑτος
433 2806 448 2862 ὑ
469 2802 548 2879 νόμος
573 2802 637 2883 άχρι
660 2803 757 2862 πολλοῦ
784 2802 912 2880 διέμεινεν

133 2889 185 2949 ὑπὸ
206 2889 350 2967 Ῥωμαίων
373 2890 580 2972 φυλαττόμενος.
633 2892 751 2952 Ἔπειτα
774 2893 836 2972 περί
858 2896 911 2951 τῶν

132 2979 237 3057 νόμων,
255 2978 299 3047 οὑς
314 2979 473 3050 ἐσπούδαζον
488 2981 512 3039 οί
522 2978 656 3059 δήμαρχοι
672 2977 772 3048 κοινοίις
783 2982 827 3040 ίπῖ
845 2990 910 3042 πάσι

80 3078 107 3115 ³⁰
134 3066 281 3145 Ῥωμαίοις
296 3072 430 3149 γραφῆναι
437 3110 447 3142 ,
464 3066 511 3126 καῖ
532 3069 568 3135 είς
589 3067 695 3126 ἅπαντα
711 3068 804 3148 χρόνον
829 3073 911 3152 ρυλα·

132 3158 327 3236 χθησομένους,
338 3156 479 3236 διάγνωσιν
494 3156 635 3217 ἀπέδωκαν
648 3161 683 3236 τῇ
699 3157 792 3237 βουλῇ.
836 3158 911 3221 Ἐλί-

133 3250 236 3324 χθησαν
250 3244 298 3323 μίν
309 3236 352 3305 οὑν
365 3244 460 3306 πολλοί
471 3267 499 3305 τε
510 3244 556 3304 καί
566 3244 619 3304 ὑπὸ
631 3248 684 3304 τῶν
700 3247 849 3325 κρατίστων
861 3250 910 3306 ἀν-

132 3336 199 3414 δρῶν
215 3338 251 3400 εἰς
269 3335 405 3415 ἀμφότερα
426 3334 472 3393 καί
486 3333 517 3394 τδ
531 3342 678 3415 συγχωρεῖν
697 3334 743 3393 καί
757 3334 787 3394 τὸ
801 3337 911 3396 κωλύειν

133 3423 253 3504 φέροντες
266 3424 356 3502 λύγοι,
371 3426 444 3482 ἐνίκα
456 3425 479 3483 δ’
501 3428 519 3495 ἡ
533 3423 566 3483 τὺ
579 3422 780 3502 δημοτικώτεραι
792 3424 844 3504 πρδ
858 3427 910 3484 τῶν

94 3542 106 3577 5
133 3514 308 3592 ὀλιγαρχικῶν
320 3511 463 3590 εἰσάγουσα
472 3516 498 3573 Τ
500 3514 556 3572 ίτου
567 3513 622 3573 Ῥω
626 3512 714 3591 μιλίου
722 3513 826 3592 γνώμη,
838 3517 912 3594 παρὰ

133 3602 182 3671 τήν
196 3602 320 3660 ἁπάντων
338 3599 415 3670 δόξαν
429 3605 482 3659 τῶν
495 3626 525 3661 τε
539 3603 689 3682 πατρικίων
703 3602 748 3661 καί
764 3605 817 3661 τῶν
832 3604 912 3680 δημο·

133 3693 214 3749 τικῶν
235 3691 374 3765 γενομένη.
417 3693 452 3750 οί
475 3689 523 3769 μὲν
542 3691 593 3772 γάρ
616 3689 802 3766 ὑπελάμῦανον
823 3692 911 3751 πάντα

133 3777 168 3837 τά
184 3777 289 3837 ἐναντία
315 3785 369 3845 τοῖς
384 3778 536 3850 δημοτικοῖς
551 3778 688 3860 φρονήσειν
711 3801 740 3838 τι
761 3780 807 3839 καὶ
828 3780 910 3849 λέξειν

132 3866 178 3925 τὸν
193 3866 275 3944 ἀνδρα
289 3865 384 3925 νεωστί
405 3865 453 3938 τήν
475 3869 502 3927 ἐν
520 3868 652 3949 τῷδήμῳ
668 3866 743 3940 δίκην
762 3870 912 3929 ἑαλωκότα·-

79 3970 106 4009 lo
135 3959 149 4013 ὃ
163 3955 190 4015 δὲ
206 3954 336 4029 ἀναστδις,
348 3954 439 4026 ίπειδὴ
461 3960 593 4038 προσῆκεν
607 3959 680 4038 αύτῷ
692 3955 800 4034 γνώμην
812 3958 911 4037 ίρωτη-

137 4043 206 4102 θέντι
231 4041 361 4116 κατάτὴν
380 4046 475 4104 ἑαυτοῦ
498 4044 570 4115 τάξιν
597 4047 804 4126 ἀποκρίνασθαι·
828 4038 860 4120 ἦν
885 4049 911 4110 δί

137 4134 164 4191 to
178 4141 232 4204 τοῖς
246 4134 289 4193 διά
305 4131 387 4212 μέσον
405 4132 475 4192 κατά
488 4156 516 4193 τε
535 4133 640 4203 ἀξίωσιν
659 4136 705 4193 καὶ
715 4136 836 4208 ἠλικίαν·
851 4135 912 4195 ἕλε·

133 4220 188 4291 ξεν·

171 4315 219 4374 LI,
244 4338 258 4365 a
272 4308 303 4372 Ἃ
325 4310 373 4388 μίν
389 4310 441 4370 ὑπδ
459 4314 505 4371 τοῦ
517 4308 601 4386 δήμου
622 4301 790 4384 uicesimi,
811 4312 909 4391 βουλή,

77 4432 104 4468 45
134 4426 147 4453 ν
161 4402 207 4460 καλ
225 4402 266 4461 δτι
278 4398 352 4461 ούδδν
370 4400 485 4472 ἀδικῶν,
501 4400 569 4458 ἀλλά
583 4402 632 4470 τῆς
645 4400 710 4481 πρὸς
726 4404 795 4476 ὑμᾶς
810 4402 911 4471 εὐνοίας

132 4516 144 4539 ι
160 4488 253 4565 ἕνεκα,
274 4491 396 4572 ρορτικδς
418 4487 450 4550 ἀν
473 4488 530 4563 ιίην
550 4488 665 4569 [ίγωγε]
681 4492 708 4550 όν
728 4491 824 4550 εἰδόσιν
847 4493 910 4568 ὑμῖν

132 4601 145 4627 ι
160 4578 274 4657 ἀκριῦῶς
296 4581 397 4658 λέγων·
419 4579 526 4657 μνήμην
563 4577 591 4639 δὲ
606 4581 693 4639 αὐτῶν
715 4583 842 4657 ποιοῦμαι
863 4584 910 4640 τοῦ

133 4666 304 4742 «ἀναγκαίου
327 4667 427 4741 ἕνεκεν,
440 4666 484 4726 ίνα
508 4668 594 4740 εἰδῆτε
614 4666 654 4726 ότι
677 4670 706 4729 ού
719 4668 847 4749 κολακεία
864 4674 910 4729 τοῦ

135 4753 304 4825 «δημοτικοῦ
319 4756 477 4840 ἐπιτρίψας,
493 4761 589 4838 ίχὺροῦ
608 4780 653 4834 μοι
670 4757 759 4830 ὄντος,
779 4759 838 4818 ἀλλ’
858 4760 911 4818 ἀπὸ

77 4875 104 4911 ,0
133 4867 146 4893 ι
162 4846 208 4900 τοῦ
221 4844 356 4919 βελτίστου
374 4843 409 4905 τά
423 4846 590 4927 συμρίροντα
616 4850 679 4926 ἐρῶ.
722 4846 859 4926 Θαυμάσῃ
882 4846 910 4907 δέ

133 4957 146 4981 ι
162 4931 271 5008 μηδεὶς,
294 4934 317 4991 st
327 4932 455 5016 πρότερόν
477 4958 506 4994 τε
522 4935 669 5011 πολλάκις,
686 4935 732 4995 καί
745 4935 824 5008 ἡνίκα
839 4934 912 4995 ὑπα-

132 5048 145 5073 ι
158 5042 201 5086 τος
213 5011 246 5091 ἦν
259 5024 307 5092 τῆς
324 5019 415 5095 ίτίρας
428 5024 608 5102 προαιρέσεως
619 5022 770 5102 γενόμενος,
781 5030 826 5084 νῦν
843 5022 911 5093 tini·

131 5136 144 5163 a
159 5132 223 5190 ρνης
238 5105 452 5184 μεταῦίόλημαι·
462 5110 530 5185 μηδδ
542 5111 694 5185 ὑπολάδητε
709 5111 778 5169 δυιῖν
791 5110 910 5193 θάτερον,

130 5223 143 5250 ιι
157 5196 244 5268 ήτότε
266 5195 456 5278 βιῦουλιῦσὺαί
474 5219 509 5273 με
522 5197 661 5277 κακῦς,ή
682 5204 728 5260 νῦν
742 5199 909 5261 ἀνατίθισὺαι

1685 389 1743 449 627

964 513 1048 564 missu
1069 514 1094 564 in
1118 514 1238 578 sutfragia
1262 530 1319 567 eum
1341 518 1440 569 violatis
1465 520 1606 585 reipublicae
1629 529 1746 580 omnibus

966 613 1091 677 suffragiis
1112 614 1268 664 (lamnarum.
1302 615 1397 665 ltulcta
1416 621 1502 667 autem
1527 620 1671 682 pecuniaria
1683 623 1745 686 luit,

966 712 1060 760 assium
1069 710 1153 760 decem
1173 711 1249 761 milia.
1284 714 1366 777 Atque
1381 712 1429 764 hoc
1441 728 1490 765 non
1500 716 1552 768 sine
1564 718 1675 782 quodam
1685 734 1745 785 pro·

966 806 1024 857 vido
1035 807 1138 858 consilio
1148 808 1244 859 Siccius
1258 810 1346 861 iecisse
1356 811 1417 862 mihi
1429 813 1538 875 videtur,
1553 816 1582 864 ut
1594 815 1692 879 patricii
1703 830 1746 867 reo

967 909 1095 959 remissius
1119 912 1229 961 l'arerent
1254 916 1278 961 et
1302 912 1363 963 nihil
1388 914 1413 963 in
1429 913 1553 979 suffragiis
1575 916 1682 968 terendis
1697 918 1748 982 'de-

967 1006 1114 1070 linquerent,
1141 1008 1297 1071 cogitantes,
1325 1023 1395 1061 roum
1424 1013 1518 1064 mulcta
1540 1015 1692 1078 pecuniaria,
1722 1018 1747 1065 et

968 1105 1035 1154 nulls
1055 1105 1102 1155 alia
1123 1119 1150 1156 re
1169 1106 1317 1157 mulctatum
1341 1109 1385 1165 iri;
1407 1114 1433 1160 et
1459 1111 1529 1175 plebs
1552 1113 1644 1177 rnajore
1672 1113 1747 1164 animi

967 1200 1099 1266 impetuad
1111 1215 1209 1264 pennam
1230 1201 1376 1265 exigendam
1395 1206 1509 1264 terretur,
1532 1207 1599 1272 quod
1622 1212 1746 1270 necvita,

967 1311 1013 1348 nec
1024 1299 1112 1363 patria,
1125 1299 1207 1349 virum
1215 1301 1370 1350 consularem
1380 1307 1446 1353 esset
1456 1305 1591 1367 privatura.
1626 1307 1747 1356 Damnato

968 1389 1089 1449 liomilio,
1113 1391 1198 1454 paucis
1210 1396 1264 1454 post
1279 1392 1366 1442 diebus
1380 1394 1499 1443 Veturius
1512 1395 1586 1445 etiam
1613 1395 1746 1447 damnatus

968 1486 1014 1531 cst.
1048 1485 1129 1546 Atque
1150 1482 1208 1533 lruie
1219 1498 1319 1547 quoque
1333 1483 1441 1548 irrogata
1464 1490 1502 1535 est
1519 1486 1614 1537 inoleta
1632 1487 1747 1551 pecunia·

969 1571 1013 1631 ria,
1025 1571 1096 1634 eujus
1108 1571 1234 1636 proportio
1246 1577 1300 1622 erat
1309 1574 1478 1637 sesquialtera.

999 1748 1026 1795 1..
1043 1745 1123 1810 llujus
1140 1745 1215 1808 igitur
1236 1746 1294 1795 anui
1316 1746 1448 1805 consules,
1475 1748 1529 1797 baec
1554 1749 1746 1809 considerantes,

967 1848 1069 1899 magnus
1081 1834 1180 1884 incessit
1200 1832 1289 1896 timor3
1302 1838 1327 1883 ct
1341 1850 1385 1896 ne,
1402 1839 1459 1900 post
1476 1837 1617 1901 depositum
1631 1839 1748 1889 consula·

968 1921 1128 1979 turo,eodem
1149 1921 1224 1971 modo
1245 1936 1260 1971 a
1278 1920 1348 1986 plebe
1370 1925 1544 1983 tractarentur,
1567 1924 1750 1988 provideeavo-

967 2013 1033 2058 runt.
1065 2011 1154 2071 ltaque
1168 2008 1298 2058 consilium
1315 2022 1389 2059 suum
1414 2024 1463 2060 nou
1477 2010 1584 2073 amplius
1609 2011 1745 2062 celabunt·

968 2096 1013 2147 sed
1027 2101 1111 2160 aperte
1138 2095 1202 2161 plebi
1217 2096 1340 2147 tacebant.
1376 2100 1410 2148 bo
1431 2099 1531 2163 quidem
1547 2100 1691 2151 centuriatis
1704 2114 1749 2150 oo·

967 2183 1044 2233 rnitiIs
1060 2184 1277 2247 legemtulorunt:
1297 2202 1308 2226 ι
1324 2185 1408 2234 Licere
1425 2184 1540 2236 omnibus
1562 2185 1748 2248 magistratibus

969 2290 981 2314 ι
994 2284 1037 2321 eos
1060 2270 1189 2329 mulctare,
1205 2270 1250 2333 qui
1274 2270 1368 2321 lacinus
1389 2271 1490 2333 aliquod
1508 2273 1616 2323 insolens
1632 2279 1676 2323 aut
1697 2272 1749 2323 ini·

969 2377 981 2400 ιι
999 2370 1077 2420 quum
1090 2361 1179 2420 praeler
1189 2356 1345 2421 disciplinam
1360 2372 1389 2407 ac
1402 2358 1469 2422 legcs
1482 2359 1624 2424 reipublicae
1639 2362 1663 2410 in
1678 2374 1749 2411 suam

969 2466 981 2490 ι
996 2450 1144 2511 potestatem
1164 2446 1331 2497 admisissent.
1348 2467 1360 2489 υ
1376 2450 1439 2497 llam
1451 2448 1482 2498 ad
1497 2449 1565 2499 illam
1589 2464 1668 2513 usque
1682 2449 1748 2500 diem

967 2536 1156 2597 nonomnibus,
1172 2536 1216 2586 sed
1236 2536 1450 2587 soliaconsulibus
1470 2536 1495 2586 id
1517 2536 1615 2589 licebat.
1648 2541 1749 2591 blulctss

967 2628 1049 2674 tamen
1064 2625 1152 2674 modus
1175 2639 1224 2674 uon
1238 2625 1347 2688 ipsorum
1362 2625 1465 2675 arbitrio
1488 2626 1623 2690 pecuniosus
1636 2632 1684 2687 est,
1702 2628 1748 2679 sed

967 2713 999 2763 ab
1022 2713 1069 2763 illis
1092 2713 1242 2778 praefinitus,
1262 2728 1293 2763 ne
1322 2713 1421 2765 scillcet
1439 2714 1548 2765 munima
1571 2716 1665 2766 mulcta
1685 2718 1749 2768 duos
1846 2770 1849 2776 ,

968 2824 1028 2861 ores
1042 2815 1067 2861 el
1087 2812 1190 2876 triginta
1202 2810 1278 2861 buces
1298 2812 1427 2863 excederc.
1454 2816 1514 2863 llaeo
1537 2813 1578 2864 lex
1590 2813 1635 2864 eliu
1649 2818 1748 2866 servata

969 2901 1008 2949 cst
1019 2900 1085 2964 apud
1095 2903 1226 2951 Romanos.
1260 2900 1355 2950 Deinde
1365 2901 1396 2951 de
1409 2900 1519 2966 legibus,
1532 2916 1596 2965 quas
1610 2901 1702 2955 tribuni
1723 2905 1748 2955 in

967 3003 1123 3040 communem
1146 2991 1223 3042 totius
1243 2991 1329 3055 populi
1343 2992 1445 3041 Romani
1460 3005 1547 3053 mum,
1571 2996 1597 3043 ct
1609 2992 1635 3042 in
1656 3007 1748 3058 perpe·

967 3081 1039 3129 tuum
1058 3078 1193 3128 servandas
1204 3079 1278 3129 scribi
1294 3079 1402 3129 maximo
1416 3080 1497 3131 studio
1506 3081 1647 3145 cupiebant,
1663 3083 1749 3146 cogni-

967 3167 1059 3218 tionem
1075 3168 1173 3217 senatui
1191 3169 1364 3233 permiserunt.
1399 3170 1485 3218 lllultae
1498 3174 1579 3219 lamen
1593 3170 1625 3220 ab
1648 3171 1748 3234 optimis

967 3255 1028 3306 viris
1042 3256 1169 3306 sententiaa
1181 3256 1206 3305 in
1219 3259 1350 3319 utramque
1367 3259 1464 3319 partem
1477 3261 1535 3307 sunt
1548 3257 1631 3320 dictas,
1640 3273 1748 3323 quarum

967 3344 1022 3394 alico
1045 3358 1075 3394 eo
1100 3345 1252 3409 spectabant,
1279 3350 1306 3395 ut
1337 3346 1407 3405 tepea
1428 3345 1545 3409 serenda
1561 3347 1747 3411 impedirentur,

967 3430 1022 3480 aliae
1033 3443 1076 3480 eas
1097 3431 1155 3480 lcrri
1174 3431 1299 3480 sinebant.
1334 3433 1426 3481 Tamen
1447 3435 1538 3495 praeter
1555 3433 1675 3495 omnium,
1690 3438 1747 3487 tum

967 3518 1134 3585 patriciorum,
1149 3524 1203 3570 tum
1215 3520 1366 3584 plebeiorum
1382 3520 1521 3585 opinionem
1538 3522 1599 3573 vicit
1609 3526 1638 3573 T.
1650 3524 1748 3575 liomilil

966 3608 1096 3665 sententia,
1111 3621 1167 3671 quae
1177 3608 1256 3672 plebis
1272 3610 1360 3671 magis.
1370 3624 1447 3674 quam
1462 3611 1620 3675 optimatum,
1636 3613 1749 3675 partibus

970 3697 1076 3747 larebat.
1110 3700 1201 3747 Omnes
1212 3697 1279 3747 enim
1292 3697 1476 3749 arbitrabantur
1493 3714 1560 3759 eum,
1577 3701 1610 3750 ob
1621 3706 1747 3753 recentem

967 3785 1132 3835 damnationis
1148 3785 1280 3846 ollensam,
1305 3787 1384 3850 plebis
1407 3787 1529 3838 voluntati
1549 3792 1575 3840 et
1592 3790 1702 3841 consiliis
1723 3795 1749 3842 et

967 3872 1040 3923 dictis
1052 3863 1176 3937 perpetuo
1192 3871 1391 3924 adversatumm.
1424 3874 1470 3925 llle
1490 3888 1564 3936 vero,
1584 3877 1626 3927 ubi
1644 3880 1747 3930 adeum

967 3980 998 4019 ex
1009 3965 1095 4016 ordine
1110 3969 1212 4016 rentum
1230 3970 1268 4016 est
1284 3965 1347 4027 (erat
1366 3964 1687 4031 autumantesque
1707 3969 1746 4020 di·

967 4054 1060 4119 gnitate
1070 4055 1096 4103 et
1107 4056 1182 4104 astate
1196 4057 1266 4103 eram
1277 4053 1367 4115 medii)
1398 4056 1497 4118 rogatus
1517 4058 1667 4109 sententium
1690 4071 1749 4109 sur·

966 4142 1039 4205 rasit,
1053 4144 1079 4192 et
1094 4140 1129 4191 ita
1143 4145 1182 4192 est
1191 4141 1290 4191 locutus
1305 4161 1311 4190 ε

998 4353 1039 4401 Ll.
1057 4371 1069 4394 ν
1087 4352 1148 4408 Quae
1164 4348 1260 4414 aplebc
1273 4363 1329 4399 sum
1340 4363 1441 4414 passus,
1452 4352 1539 4401 Patres
1555 4349 1700 4413 conscripti.
1715 4348 1747 4397 ob

969 4474 981 4497 ι
994 4455 1089 4506 nullum
1110 4469 1193 4506 meum
1214 4455 1311 4505 lacinus
1329 4455 1463 4518 injustum,
1483 4455 1527 4507 sed
1541 4455 1574 4505 ob
1588 4469 1668 4505 maram
1689 4467 1746 4516 crga

969 4575 1043 4612 «vos
1064 4560 1274 4621 benevolentiam,
1296 4562 1416 4611 molestus
1444 4575 1540 4621 essem,
1564 4562 1585 4612 si
1610 4560 1677 4625 apud
1700 4573 1745 4608 ros

968 4687 980 4711 ι
995 4666 1084 4718 horum
1096 4665 1173 4731 probe
1184 4681 1274 4729 guaros
1293 4679 1393 4717 narrare
1408 4666 1506 4717 vellem.
1542 4669 1648 4716 coactus
1662 4666 1746 4714 tamon

966 4791 979 4817 ι
995 4775 1085 4825 bomm
1105 4774 1254 4824 montionem
1275 4773 1338 4824 facio
1352 4776 1379 4824 ut
1401 4772 1485 4824 sciatis
1508 4769 1745 4834 permutasti

967 4903 978 4927 ι
994 4886 1114 4943 aemuler,
1127 4898 1184 4947 ηιιοι
1195 4882 1256 4934 mihi
1268 4885 1307 4933 est
1323 4882 1431 4939 inimica.
1452 4879 1497 4931 sed
1524 4875 1690 4929 sincerissime
1703 4889 1742 4936 ea,

967 5010 1074 5064 «quae
1091 4997 1219 5061 republica
1240 4998 1307 5057 sunt,
1323 4994 1456 5044 dicturum.
1490 4993 1610 5040 benamu
1629 4986 1743 5049 miretur,

967 5121 979 5149 ιι
996 5104 1018 5153 si
1031 5116 1096 5152 nunc
1111 5104 1212 5168 repente
1234 5103 1315 5153 cauus
1335 5111 1393 5150 sum
1409 5095 1461 5149 moi
1475 5094 1706 5164 dlsslmille„c1nnln
1717 5098 1745 5147 el

942 5226 945 5233 ·
967 5228 981 5253 ι
998 5222 1064 5273 supe
1081 5211 1151 5261 aute.
1167 5210 1193 5259 et
1207 5204 1306 5271 quando
1319 5202 1500 5269 anulum,
1517 5200 1747 5480 Μὶῐίξῇ
1719 5260 1724 5269 ,
1774 5266 1777 5271 .
