3772 5828
187 309 247 370 ⁴08

710 296 881 359 DlONYSll
903 292 1280 358 nnllcnnnnsssllffls
1325 320 1328 325 ·

192 436 359 518 «ἀναγκαίῳ
383 431 522 514 γενόμεναι
546 430 606 498 τούς
631 454 661 490 τε
687 428 800 498 ίξτόντας
834 430 880 488 καὶ
907 428 967 496 rob<
992 432 996 492 l
1023 457 1036 482 a
1050 436 1278 503 protueruntltam
1294 435 1330 487 illi
1351 449 1435 487 rerum
1451 436 1589 490 advictum
1607 443 1807 495 necessariarum

193 523 443 602 «ὑπολειπομένους
464 524 549 599 ὑμῶν.
604 523 640 582 oi
663 517 757 597 μένγε
782 518 969 601 ἀφθονωτέρων

194 617 376 695 «εὐποροῦσιν
390 614 443 671 ἐκεῖ
456 614 508 669 τῶν
523 609 678 683 ἐπιτηδείων
691 651 700 679 ,
715 611 739 667 οί
755 609 778 666 δ’
795 607 885 668 ἐνθοίδε
902 609 969 666 irno-

195 725 210 760 u
226 701 362 779 μείναντες
383 692 462 771 ἧττον
483 696 637 766 σπανίζουσι
659 703 706 766 τῆς
730 704 838 774 ἀγορᾶς.
880 697 921 751 Ἥ
941 715 969 751 τε

174 780 359 869 «ίσομοιρία
384 791 429 857 τῆς
454 786 551 864 τύχης,
578 786 608 857 ἧς
635 783 799 863 μετέσχομεν
823 783 884 860 ύμῖν
915 782 970 848 τοῖς

195 877 372 955 «δημοτικοῖς
395 877 419 933 οῖ
440 873 574 952 πατρίκιοι
601 873 692 953 κλήρῳ
725 872 900 948 ποιησόμενοι
921 870 970 943 τὴν

196 989 211 1026 n
224 965 327 1035 ἔξοδον,
343 965 372 1023 ού
383 961 501 1044 ψέγεται.

232 1056 341 1118 XXIX.
366 1053 430 1113 «Τί
455 1043 499 1110 οῦν
524 1049 649 1117 παθόντες
674 1052 698 1109 οἱ
725 1052 881 1129 δημαγωγοί
909 1046 971 1130 περὶ

196 1145 322 1205 «τούτων
337 1145 402 1219 ἡμῖν
424 1140 598 1218 ἐγκαλοῦσιν,
616 1129 652 1196 ὧν
678 1139 765 1204 κοινάς
785 1137 898 1219 ἔσχομεν
925 1138 972 1205 τάς

176 1266 179 1272 ·
196 1235 331 1313 «γνώμας
345 1232 390 1291 καί
404 1229 451 1296 τάς
463 1230 545 1308 τύχας
566 1225 618 1285 εἴτε
632 1228 721 1286 δεινῶν
734 1227 833 1299 ὄντοιν,
849 1230 885 1294 ὡς
899 1217 971 1286 οῦτοί

194 1346 211 1379 α
224 1341 321 1404 ρασιν,
346 1318 392 1378 εἴτ’
411 1318 567 1398 ὠρτλίμων,
589 1313 679 1394 ὥσπερ
708 1320 785 1391 ἡμεῖς
808 1315 928 1390 οἰόμεθα,
952 1314 970 1373 ἀ

196 1409 273 1489 «μὲν
296 1409 347 1489 γὰρ
361 1408 404 1466 ἐπὶ
421 1412 455 1486 τῇ
471 1404 564 1464 νεωστί
580 1408 663 1485 βουλῇ
680 1404 808 1483 γενομένῃ
825 1401 970 1475 διαθεόλή-

193 1524 210 1557 α
226 1504 292 1576 μεθα
307 1500 350 1555 ὑπ’
365 1497 469 1565 αὐτῶν,
483 1497 518 1561 όις
540 1495 588 1552 οὐκ
611 1491 740 1560 ἀξιοῦντες
756 1491 897 1574 μετριάσαι
911 1491 972 1570 περί

196 1591 273 1656 «τάς
292 1589 369 1664 τιμάς
387 1590 434 1656 τῆς
452 1589 559 1660 ἀγορᾶς,
586 1574 850 1647 {tristissimum
875 1579 969 1660 ἀμελέ-

197 1706 212 1742 u
228 1687 289 1742 σθαι
303 1679 351 1750 τὴν
361 1675 478 1746 ἐξουσίαν
490 1675 542 1730 τῶν
555 1671 702 1749 δημάρχων
712 1713 720 1740 ,
731 1673 766 1736 ὡς
778 1674 971 1745 μνησικακοῦν-

199 1793 270 1837 «τες
286 1771 346 1827 ὑμῖν
370 1769 417 1835 τῆς
436 1759 606 1825 ἀποστάσεως
631 1760 677 1815 καί
698 1756 777 1815 παντὶ
791 1756 889 1840 τρόπῳ,
901 1780 971 1836 προ·

197 1853 382 1930 «θυμούμενοι
403 1853 524 1907 κακῶσαι
545 1846 575 1905 τθ
596 1846 738 1924 δημοτικόν
762 1846 807 1905 καί
826 1840 916 1907 πάντα
938 1847 971 1904 τὰ

194 1945 333 2001 «τοιαῦτα
357 1937 513 2012 ἐγκλήματα
539 1934 622 2014 ἔργοις
649 1935 835 2011 ἀπολυσόμεθα
862 1936 908 1992 οὐκ
934 1937 969 2002 είς

193 2052 209 2090 (ε
225 2029 347 2110 μακρὰν,
364 2024 423 2085 αύτε
439 2025 520 2083 κακὸν
540 2023 612 2083 οὐδὲν
629 2027 696 2099 ὑμᾶς
717 2021 902 2101 ἐργαζόμενοι,
923 2022 970 2094 τη’ν

193 2143 208 2177 «
224 2118 248 2176 τ’
264 2115 380 2184 ἐξουσίαν
395 2117 447 2172 τῶν
463 2113 629 2191 δημάρχων,
645 2114 684 2192 ἀρ’
697 2101 734 2178 οἷς
746 2110 805 2169 τότε
821 2110 971 2191 συνεχωρή·

195 2229 211 2265 «
226 2226 311 2281 σαμεν
323 2207 384 2278 ὑμῖν
400 2204 478 2280 ἔχειν,
493 2200 538 2258 καί
548 2207 592 2259 νῦν
604 2197 782 2280 βεθαιοῦντες,
797 2204 842 2258 τοῦ
858 2199 886 2256 δὲ
897 2200 970 2258 σίτου

195 2319 209 2353 α
225 2293 274 2364 τὴν
285 2292 444 2368 διάπρασιν,
460 2293 495 2355 ὡς
506 2289 538 2346 ἀν
555 2290 616 2367 ὑμῖν
633 2287 718 2348 ἀπασι
732 2287 810 2367 δόξῃ,
826 2288 971 2365 ποιησόμε-

196 2405 211 2438 α
226 2404 275 2440 νοι.
320 2377 524 2458 Περιμείναντες
544 2369 606 2450 οῦν,
625 2377 670 2436 έοίν
684 2401 709 2437 τι
724 2378 762 2455 μὴ
783 2375 890 2454 γένηται
905 2376 969 2435 τού·

197 2492 294 2542 «των,
309 2468 369 2527 τότε
389 2474 559 2547 κατηγορεῖτε
576 2467 663 2543 ἡμῶν.
707 2467 742 2526 Ei
757 2465 784 2525 δὲ
801 2464 969 2545 βουληθείητε

197 2557 343 2639 «ἀκριόῶς
379 2555 499 2624 ίξετοίσαι
531 2555 565 2614 τόν
595 2555 724 2635 διάρορα,
752 2556 912 2630 δικαιότερον
938 2553 969 2613 ἀν

195 2652 303 2724 «ἡμεῖς
329 2647 353 2704 ol
377 2643 509 2725 πατρίκιοι
533 2648 579 2702 τοῦ
604 2643 688 2720 δήμου
711 2642 969 2722 κατηγοροίημεν,ἣ

196 2737 272 2808 «τὴν
289 2734 385 2814 βουλὴν
410 2735 481 2811 ύμεῖς
500 2731 586 2813 ἔχοιτε
613 2732 645 2792 δι’
666 2733 761 2801 αἰτίας.
780 2735 903 2793 Ἀδικεῖτε
918 2732 969 2814 γάρ

197 2850 211 2884 n
227 2833 316 2903 ἡμᾶς,
333 2814 355 2882 ὦ
375 2823 506 2901 δημόται,
528 2824 572 2880 καί
597 2819 679 2898 μηδὲν
700 2825 845 2903 ἀχθεσθῆτε
861 2820 969 2881 ἀκούον-

196 2937 285 2986 «τες,
312 2913 338 2972 σί
363 2936 393 2990 γε
419 2914 465 2970 οὐκ
488 2910 674 2986 ἀναμείναντες
699 2918 746 2984 τῆς
770 2911 878 2989 γνώμης
894 2914 970 2985 ἡμῶν

136 3060 142 3074 ,
197 3026 211 3060 u
226 3008 318 3081 μαθεῖν
333 3003 363 3061 τί)
387 3000 476 3066 τέλος,
501 3000 657 3078 κατηγορεῖν
676 3000 728 3072 ἤδη
757 3001 837 3068 αὐτῆς
858 2996 970 3064 ἀξιοῦτε.

194 3116 210 3148 α
226 3091 322 3153 Καίτοι
333 3091 371 3155 τίς
381 3091 427 3147 οὐκ
439 3078 506 3146 alies
518 3132 526 3159 ,
543 3085 582 3145 ότι
599 3088 676 3145 παντί
686 3089 724 3166 τῷ
739 3086 890 3164 βουλομένῳ)
902 3089 970 3165 ρυρσ-

197 3202 211 3236 ιι
223 3202 267 3239 τον
280 3179 355 3258 ἔργον
370 3178 402 3235 ἀν
418 3175 520 3254 γένοιτο
539 3173 650 3252 συγχέαι
669 3174 714 3232 καί
729 3173 829 3230 ἀνελεῖν
845 3173 968 3248 θμόνοιαν

196 3290 211 3325 «
227 3272 256 3327 ἐκ
269 3268 387 3336 πόλεως,
405 3269 512 3323 τοιαῦτα
528 3265 702 3342 ἐγκαλοῦντι,
720 3253 757 3321 ὧν
769 3265 786 3333 ἡ
800 3260 886 3328 πίστις
902 3263 970 3338 μέλ-

195 3360 305 3417 «λουσα
327 3356 372 3414 καί
393 3357 419 3413 ἐν
444 3354 534 3433 ἀδήλῳ
562 3353 600 3411 ἔτι
621 3342 705 3424 οῦσα,
732 3354 762 3411 οὗ
787 3351 891 3432 φυλακή
916 3353 972 3411 ἐστι

138 3501 143 3513 ,
197 3453 272 3506 «τοῦ
307 3445 343 3523 μὴ
369 3450 461 3502 παθεῖν
486 3467 511 3500 τι
543 3441 641 3512 κακὸν,
668 3440 736 3500 ἀλλά
762 3440 892 3520 πρόρασις
925 3447 970 3499 τοῦ

197 3537 349 3599 «ἀθικεῖνς
372 3530 425 3588 Καὶ
451 3532 479 3588 οὐ
503 3538 555 3596 τοῖς
577 3528 768 3608 προεστηκόσιν
783 3533 856 3606 ὑμῶν
874 3529 969 3607 μόνον,

196 3647 210 3676 n
225 3614 262 3680 ὧν
286 3620 458 3680 διαθάλλουσι
486 3617 534 3689 τὴν
560 3618 656 3696 βουλὴν
679 3618 725 3676 καλ
748 3624 969 3697 συκοφαντοῦσιν,

198 3714 349 3786 «ἐπιτιμᾶν
363 3708 443 3781 ἄξιον,
453 3708 522 3765 ἀλλά
537 3707 582 3763 καί
597 3711 659 3782 ὑμῖν
674 3708 724 3785 οὖχ
744 3698 838 3777 ἧττον,
858 3699 895 3765 ὧν
910 3731 971 3765 πισ-

200 3822 214 3855 ιι
227 3799 314 3858 τεύετε
336 3800 443 3867 αὐτοῖς,
458 3795 503 3853 καλ
530 3795 590 3873 πρίν
605 3799 762 3872 πειραθῆναι
786 3797 968 3870 ἀγανακτεῖτε.

199 3886 330 3965 «Ἐχρῆν
345 3887 396 3966 γάρ
412 3890 496 3962 ύμάς,
516 3884 539 3941 εί
560 3881 592 3939 τθ
611 3881 740 3957 μέλλοντα
764 3882 898 3960 ε’ροόεῖσθε
915 3886 970 3942 ἀδι-

201 3995 215 4029 ιε
228 3975 351 4050 κύματα,
385 3975 429 4032 καί
465 3974 511 4038 τὰς
542 3973 583 4028 ἐπ’
604 3973 690 4037 αὐτοῖς
723 3968 802 4050 θργθις
826 3972 971 4046 μελλούσας

201 4083 215 4119 α
229 4061 309 4139 ἔχειν.
352 4064 407 4120 Νῦν
423 4061 450 4118 δὲ
466 4059 586 4139 μαίνεσθε
603 4057 734 4139 ταχύτερα
755 4060 855 4133 μᾶλλον
869 4057 886 4128 ἢ
903 4086 967 4141 ρρο-

201 4169 215 4204 ιι
227 4147 358 4224 νιμόιτερα
375 4146 534 4225 ἐγνωκέναι,
558 4148 604 4206 καί
617 4148 648 4206 τ“ο
677 4147 870 4228 ἀσφαλέστερον
891 4152 918 4208 ἐν
932 4152 970 4230 τῷ

199 4235 425 4315 «κακουργοτέρῳ
445 4237 550 4293 τιθέναι.

235 4326 329 4385 XXX.
354 4351 364 4372 ν
389 4323 456 4401 Περὶ
474 4323 522 4397 μὲν
537 4323 569 4395 δὴ
593 4326 645 4382 τῶν
668 4327 760 4381 κοινῶν
780 4328 966 4405 ἀδικημάτων,

197 4437 212 4467 u
229 4415 269 4486 ἐφ’
289 4403 326 4478 οῖς
349 4411 396 4481 τὴν
413 4411 507 4489 βουλὴν
535 4416 558 4471 oi
582 4414 714 4494 δήμαρχοι
737 4414 880 4488 διέόαλον,
904 4420 971 4474 ἀπο-

197 4525 212 4556 s
227 4506 294 4580 χρῆν
310 4500 398 4576 οἴομαι
417 4506 532 4558 τοσαῦτα
551 4503 678 4582 εἰρῆσθαι.
709 4501 786 4562 Ἐπεὶ
804 4503 890 4562 δὲκαὶ
911 4508 969 4563 καθ’

200 4590 274 4649 «ἕνα
300 4592 408 4651 ἕκαστον
434 4596 526 4666 ἡμῶν,
550 4591 609 4670 περὶ
634 4584 669 4651 ὧν
685 4591 717 4651 ἀν
749 4593 865 4669 είπωμεν
888 4598 914 4653 ἐν
939 4597 971 4672 τῇ

200 4686 327 4761 «βουλῇ,
357 4687 561 4764 συκοραντοῦσι,
592 4682 637 4739 καὶ
664 4682 794 4743 διιστάναι
824 4682 872 4754 τὴν
896 4682 970 4740 πόλιν

198 4794 213 4825 ιε
229 4774 380 4845 αἰτιῶνται,
408 4772 452 4831 καῖ
476 4776 520 4828 νῦν
545 4770 625 4831 Γόῖον
651 4772 768 4852 Μαίρκιον
793 4771 873 4850 ἀνδρα
898 4770 971 4852 ριλό·

202 4880 215 4912 (ι
228 4865 303 4920 πολιν
328 4860 450 4942 ἐλευθέρῳ
474 4863 548 4941 φωνῇ
564 4859 731 4940 χρησόμενον
755 4860 821 4939 ὑπὲρ
845 4861 896 4915 τῶν
921 4879 973 4915 κοι·

201 4967 215 5001 (ι
228 4951 278 5005 νῶν
299 4955 450 5013 ἀποκτεῖναι
479 4946 635 5022 ζητοῦσινῆ
662 4950 765 5028 ρυγάδα
793 4951 903 5019 ποιῆσαι
926 4950 972 5017 τῆς

201 5055 216 5091 s
230 5039 368 5115 πατρίδος,
394 5043 522 5120 βούλομαι
550 5039 596 5098 καί
619 5039 680 5117 περί
700 5037 793 5096 τούτου
819 5035 853 5094 τά
882 5035 970 5094 δίκαιοι

200 5147 215 5181 u
230 5125 311 5183 εἰπεῖν
332 5127 397 5205 πρὸς
421 5133 497 5208 ὑμᾶς·
521 5128 568 5188 καὶ
582 5135 718 5201 σκοπεῖτε,
733 5127 756 5184 εί
781 5124 902 5206 μετρίους
924 5122 970 5184 καλ

1025 526 1190 578 «uberiorem
1207 524 1244 576 ibi
1260 525 1355 590 copiam
1369 525 1460 576 babent
1485 545 1491 575 ι
1512 531 1538 577 et
1555 526 1599 590 qui
1617 527 1658 578 bic
1676 543 1810 584 remanse-

1026 630 1039 655 ιι
1053 617 1126 671 runt,
1140 613 1234 663 minore
1249 625 1353 662 annone
1367 613 1470 676 penuria
1485 613 1605 665 laborant.
1639 621 1670 668 ut
1688 634 1811 687 exaequa.

1026 719 1038 744 ι
1053 699 1089 751 tio
1100 699 1219 762 lortmae,
1231 701 1302 752 cuius
1314 715 1359 752 nos
1373 702 1470 766 patricii
1484 716 1542 753 curn
1558 703 1660 767 plebeiis
1671 710 1811 774 participes

1029 803 1157 849 «sumus,
1175 790 1241 854 quod
1255 792 1323 841 sorte
1342 790 1451 842 delectos
1468 791 1493 842 in
1508 792 1616 845 colonias
1633 796 1806 862 omiserimus,

1027 896 1040 920 ι
1057 875 1216 942 vituperanda
1226 891 1276 928 non
1287 880 1335 929 est.

1056 1074 1140 1124 XlllX.
1160 1091 1173 1116 α
1186 1072 1236 1124 Gur
1248 1071 1322 1138 igitur
1332 1074 1520 1125 concionatores
1539 1075 1582 1127 isti
1595 1077 1667 1127 nobis
1687 1079 1751 1131 dant
1763 1082 1811 1133 cri·

1028 1185 1041 1210 ι
1053 1166 1114 1217 mini
1127 1179 1169 1226 ea,
1188 1179 1294 1230 quonum
1308 1181 1380 1230 uque
1393 1166 1524 1218 vobiscum
1537 1169 1643 1222 condem
1657 1175 1810 1226 sententiam

1028 1280 1040 1305 ι
1054 1264 1081 1311 et
1090 1260 1213 1311 tartunam
1231 1261 1364 1322 babemus,
1384 1262 1437 1313 sive
1455 1276 1485 1312 ea
1500 1262 1550 1314 sint
1571 1264 1653 1327 mala,
1669 1269 1697 1315 ut
1711 1268 1753 1318 isli
1767 1269 1804 1319 ai-

1028 1371 1041 1395 «
1055 1351 1116 1410 unt,
1133 1349 1186 1400 sire
1208 1350 1287 1411 bona,
1302 1354 1331 1400 ut
1351 1363 1396 1400 nos
1416 1350 1610 1403 existimamus?
1633 1357 1695 1406 liam
1719 1360 1745 1407 ct
1758 1360 1810 1410 cri-

1028 1464 1041 1489 «
1054 1442 1135 1504 mins,
1152 1457 1210 1508 qus
1223 1443 1293 1495 nobis
1304 1445 1331 1495 in
1344 1447 1433 1496 senatu
1450 1459 1529 1511 nuper
1549 1447 1635 1499 babilo
1648 1448 1807 1511 obiecerunt,

1029 1555 1042 1579 ν
1056 1535 1121 1587 nollo
1143 1550 1188 1587 nos
1204 1536 1332 1587 moderata
1351 1541 1461 1589 statuere
1475 1552 1559 1589 rerum
1577 1541 1701 1591 renalium
1713 1541 1807 1604 pretio,

1029 1648 1041 1672 υ
1058 1629 1142 1679 conari
1160 1643 1205 1696 per
1230 1628 1330 1680 insidias
1353 1629 1509 1681 tribunitiam
1533 1635 1683 1696 potestatem
1703 1632 1806 1692 tollere,

1030 1740 1043 1766 s
1057 1721 1174 1771 iniuriam
1196 1720 1341 1772 secessionis
1358 1723 1449 1771 restria
1465 1722 1492 1772 iu
1511 1723 1654 1773 memoriam
1676 1736 1806 1782 reuocare,

1029 1832 1041 1856 ε
1057 1814 1083 1863 et
1107 1810 1195 1876 quavis
1221 1811 1315 1862 ratione
1338 1811 1435 1876 plebem
1461 1812 1526 1864 male
1550 1817 1657 1864 tractore
1681 1813 1760 1875 nelle,
1781 1817 1809 1864 et

1030 1921 1043 1947 α
1058 1903 1139 1952 omnio
1148 1901 1288 1954 istiusmodi
1302 1904 1406 1955 arimino
1417 1903 1485 1956 brevi
1497 1918 1525 1955 re
1536 1904 1590 1968 ipsa
1596 1904 1731 1969 diluemus,
1740 1907 1810 1958 nullo

1031 2012 1044 2034 ι
1061 1991 1182 2042 maleficio
1204 2007 1248 2042 vos
1270 1992 1424 2056 afficientes,
1444 1997 1471 2045 et
1486 1995 1638 2046 tribunitiam
1661 2000 1811 2061 potestatem

1030 2105 1042 2129 ε
1056 2085 1145 2135 iisdem
1159 2085 1355 2147 conditionibus,
1376 2100 1440 2152 quas
1462 2092 1520 2139 tuuc
1534 2089 1606 2140 nobis
1621 2091 1809 2152 concessimus,

1030 2194 1042 2218 ι
1058 2188 1124 2224 nunc
1154 2189 1254 2240 quoque
1281 2178 1473 2241 confirmantes,
1495 2182 1522 2229 et
1545 2178 1709 2239 trumentum,
1731 2183 1809 2243 prout

1030 2285 1044 2311 ι
1062 2266 1134 2317 vobis
1153 2266 1362 2318 omnibusnisum
1383 2269 1467 2330 luerit,
1485 2267 1626 2319 vendentes.
1659 2271 1807 2334 Exspectate

1030 2377 1042 2402 ι
1056 2359 1142 2423 igitur,
1159 2361 1185 2408 et
1197 2358 1218 2408 si
1232 2359 1290 2424 quid
1304 2359 1393 2410 borum
1412 2375 1461 2412 nou
1474 2363 1613 2426 prestetur,
1632 2365 1692 2412 tunc
1704 2363 1808 2413 demum

1031 2472 1044 2495 a
1058 2457 1236 2503 nosuccusale.
1271 2453 1344 2510 Quod
1362 2454 1385 2505 si
1397 2455 1494 2506 sedetis
1513 2454 1653 2506 accuratius
1665 2455 1729 2505 banc
1747 2470 1808 2507 con-

1030 2564 1043 2589 «
1059 2546 1203 2598 troversiam
1216 2547 1373 2609 examinare,
1389 2551 1456 2600 certe
1474 2562 1520 2599 nos
1536 2548 1632 2613 patricii
1654 2550 1744 2601 iustius
1755 2551 1812 2616 ple·

1032 2658 1044 2682 ι
1061 2639 1118 2690 bem
1133 2654 1322 2700 accusaremus,
1343 2654 1420 2705 quam
1436 2655 1483 2692 vos
1498 2645 1611 2694 senatum
1623 2643 1748 2694 criminari
1757 2657 1814 2708 pos·

1030 2751 1041 2772 ιι
1059 2731 1127 2781 setis.
1161 2736 1211 2781 vos
1228 2731 1306 2793 enirn,
1327 2731 1456 2794 Quirites,
1481 2733 1597 2785 iniurium
1620 2735 1694 2784 nobis
1715 2736 1810 2794 facitis,

1030 2840 1043 2864 s
1057 2836 1137 2886 nequo
1154 2823 1256 2873 moleste
1277 2824 1377 2886 ieratis,
1401 2823 1464 2875 dum
1481 2823 1536 2876 banc
1547 2825 1651 2886 auditis,
1668 2826 1809 2891 siquidem.

1031 2937 1043 2960 ι
1058 2930 1108 2966 non
1118 2920 1262 2980 exspectato
1283 2920 1424 2968 nostrorum
1442 2917 1599 2969 consiliorum
1616 2919 1697 2978 exitu,
1710 2919 1760 2968 inm
1778 2933 1809 2969 ea

1029 3027 1042 3049 ι
1057 3021 1172 3057 accusare
1184 3009 1267 3059 nuliis.
1303 3008 1392 3073 Atqui,
1410 3009 1467 3073 quis
1480 3011 1573 3072 nescit,
1591 3009 1732 3060 facillimum
1755 3010 1808 3060 loro

1030 3096 1174 3157 «cuilibet,
1207 3098 1362 3148 concordium
1379 3098 1481 3148 turbore
1505 3102 1565 3148 ote
1591 3097 1691 3149 civitate
1719 3099 1807 3149 tollere
1836 3120 1840 3129 ¹

1028 3207 1040 3231 n
1055 3187 1161 3245 nolenti,
1179 3186 1200 3236 si
1213 3201 1242 3236 ea
1257 3188 1407 3248 criminetur,
1427 3200 1532 3253 quorum
1546 3186 1606 3238 tides
1636 3189 1719 3238 lutura
1736 3194 1762 3239 el
1780 3191 1807 3238 in

1029 3296 1040 3319 «
1055 3277 1149 3326 incerto
1171 3276 1253 3325 adbuc
1278 3277 1357 3341 posita
1378 3290 1426 3328 uon
1447 3276 1562 3342 probibet
1582 3276 1682 3327 anobis
1705 3279 1805 3330 maleli-

1029 3388 1042 3412 r
1055 3367 1135 3427 cium,
1149 3365 1192 3414 sod
1209 3366 1315 3428 speciem
1330 3366 1423 3430 proibet
1432 3365 1503 3430 quusi
1516 3366 1606 3416 iniusta
1621 3372 1741 3431 agamus?
1756 3372 1807 3418 Νο-

1029 3474 1041 3498 «
1055 3466 1104 3515 qne
1116 3466 1175 3502 vero
1187 3452 1232 3502 soli
1246 3454 1322 3503 vestri
1340 3453 1418 3504 duces
1437 3455 1590 3518 alpanum,
1607 3454 1640 3504 ob
1656 3455 1761 3504 crimino
1783 3461 1810 3507 ot

1030 3544 1207 3604 «calumnias,
1232 3543 1323 3606 quibus
1345 3549 1459 3595 senatum
1484 3544 1624 3603 lacessunt,
1641 3543 1814 3608 obiurgatione

1029 3655 1041 3677 «ι
1057 3637 1115 3684 sunt
1126 3632 1201 3696 digni,
1216 3631 1260 3681 scd
1270 3631 1344 3680 ctiam
1361 3646 1406 3682 vos
1424 3632 1471 3696 ipsi
1488 3646 1536 3682 non
1548 3631 1646 3691 minus,
1662 3634 1721 3696 qnia
1737 3634 1813 3684 sidem

1030 3743 1041 3765 ν
1056 3723 1105 3772 illis
1116 3727 1209 3771 temore
1223 3718 1333 3779 bubulis,
1345 3724 1371 3769 ei
1384 3720 1493 3770 nondum
1509 3719 1645 3783 quidquam
1661 3721 1755 3784 experti
1772 3723 1809 3771 in·

1030 3832 1041 3855 ν
1057 3812 1198 3877 dignamini.
1227 3809 1363 3873 Oportebat
1379 3809 1445 3858 enim
1461 3821 1521 3869 vos,
1538 3809 1560 3859 si
1574 3808 1672 3872 quasin
1684 3808 1808 3872 posterum

1030 3912 1042 3934 «ι
1056 3893 1179 3942 timebatis
1188 3891 1298 3949 iniurias,
1317 3889 1379 3938 iram
1395 3900 1493 3950 quoque
1504 3887 1529 3937 ln
1546 3886 1589 3937 ills
1606 3893 1718 3952 temporo
1732 3901 1809 3938 reser-

1030 3999 1042 4023 a
1058 3992 1125 4029 varo.
1160 3979 1191 4027 lt
1202 3990 1266 4025 nunc
1279 3979 1385 4029 constat.
1402 3987 1447 4024 vos
1458 3973 1563 4024 celerius
1574 3987 1649 4037 quoru
1665 3975 1811 4039 prudentius

1033 4067 1131 4117 -scbus
1146 4068 1235 4116 rosiris
1258 4064 1426 4125 consuluisse,
1441 4065 1468 4114 et
1485 4064 1576 4114 nostru
1596 4062 1684 4113 salutis
1698 4077 1766 4127 spem
1785 4065 1809 4114 in

1030 4178 1042 4202 α
1057 4159 1185 4209 maleficiis
1197 4158 1325 4208 collocare.

1058 4339 1133 4386 XXX.
1148 4356 1160 4378 ν
1174 4339 1254 4399 litque
1274 4333 1341 4397 quod
1351 4333 1439 4381 attinet
1463 4328 1619 4393 admoneas
1640 4326 1754 4385 iniurias,
1775 4328 1808 4375 ob

1029 4453 1040 4476 α
1053 4448 1115 4496 quus
1134 4433 1225 4482 tribuni
1246 4434 1326 4480 totum
1343 4431 1454 4477 senutnm
1477 4424 1539 4474 luiso
1559 4426 1721 4483 accusarunt,
1745 4421 1807 4480 liare,

1029 4552 1040 4574 u
1056 4546 1113 4596 quau
1131 4546 1199 4581 arno
1212 4531 1278 4580 dicta
1296 4531 1370 4588 sunt,
1395 4524 1507 4573 sullicere
1537 4523 1649 4572 arbitror.
1683 4519 1733 4569 Sed
1749 4522 1809 4583 quin

1028 4644 1040 4667 υ
1057 4638 1258 4689 unumquemque
1272 4624 1384 4671 nostrum
1395 4616 1577 4668 calumniantur
1592 4615 1624 4665 ob
1636 4614 1771 4665 sententias
1784 4615 1810 4663 iu

1029 4747 1040 4770 ν
1057 4730 1143 4778 senatu
1156 4742 1170 4776 a
1184 4726 1255 4776 nobis
1268 4725 1362 4783 dictas,
1385 4725 1410 4771 et
1428 4733 1471 4769 nos
1487 4723 1515 4767 ui
1534 4717 1677 4782 reipublicae
1693 4713 1807 4765 dissidio-

1031 4844 1043 4868 ιι
1055 4838 1110 4875 rum
1124 4825 1237 4874 auctores
1263 4820 1392 4877 accusant,
1415 4819 1442 4866 et
1466 4828 1531 4863 nunc
1554 4814 1582 4863 (l.
1615 4812 1747 4869 Marcium,
1770 4808 1807 4855 vi·

1029 4945 1041 4969 ι
1056 4938 1111 4975 rum
1131 4922 1216 4988 patriar
1234 4923 1373 4976 amantem,
1390 4917 1513 4977 libereque
1532 4913 1564 4962 de
1585 4910 1710 4975 republica
1735 4909 1805 4956 locu-

1029 5049 1041 5073 α
1055 5032 1121 5085 tum,
1141 5038 1229 5076 necare
1248 5025 1294 5071 uut
1311 5018 1390 5083 patrio
1412 5016 1535 5080 expellere
1548 5013 1668 5077 eupiunt,
1690 5007 1744 5057 volo
1759 5006 1808 5056 bac

1029 5151 1041 5177 ι
1056 5141 1156 5196 quoque
1172 5127 1204 5177 de
1219 5122 1300 5183 reid,
1313 5121 1381 5183 quud
1392 5131 1492 5182 aequum
1507 5120 1562 5176 est,
1581 5114 1648 5179 apud
1661 5122 1704 5162 ros
1714 5107 1806 5158 dicere.
