3772 5828
202 375 240 433 26
723 375 888 437 DiONYSli
912 379 1292 441 Hntlcnltnnssbnsts

203 506 289 572 άλλως
303 528 376 581 πως,
392 509 438 564 οὐκ
451 506 481 563 θν
495 504 565 584 εὐροι
580 506 676 578 ταύτης
688 508 735 565 τιν’
748 511 969 589 ἐπιτηδειοτέραν.

204 594 254 662 Ὧς
269 594 320 674 γὰρ
337 595 386 671 μία
406 598 440 671 γῆ
459 594 522 672 πρὸς
537 593 626 675 έτέραν
642 596 774 675 κρίνεσθαι
794 598 924 671 τοσαύτην
945 603 974 658 τὸ

205 683 327 761 μέγεθος,
342 685 371 741 οὐ
395 683 473 758 μόνον
484 686 531 752 τῆς
546 683 676 761 Εὐρώπης
695 686 764 744 ἀλλά
777 687 822 744 καί
833 692 879 756 τῆς
894 688 976 761 ἄλλης

205 771 311 839 ἀπάσης
334 770 461 851 κρατίστη
493 773 552 827 κατ’
573 771 639 845 ἐμὴν
665 772 741 840 δόξαν
767 775 835 832 ἐστὶν
866 776 975 838 Ἰταλία.

162 877 177 919 b
204 858 298 918 Καίτοι
314 881 347 932 με
361 859 390 915 οὐ
402 855 510 927 λέληθεν
524 855 564 915 ὅτι
582 859 688 926 πολλοῖς
702 863 731 918 οὐ
752 861 834 919 πιστὰ
849 863 913 931 δόξω
928 863 976 921 λέ-

204 968 269 1020 γειν,
282 945 478 1022 ἐνθυμουμένοις
490 942 624 1023 Αἴγυπτόν
639 969 667 1004 τε
682 947 726 1005 καὶ
742 946 846 1019 Λιύύην
861 949 906 1007 καί
923 954 975 1009 Bn-

204 1032 309 1092 θυλῶνα
331 1035 375 1092 καὶ
394 1036 416 1091 εί
440 1034 471 1105 δή
488 1057 554 1100 τινες
574 1035 648 1092 ἄλλοι
671 1036 753 1114 χῶροί
766 1037 831 1096 εἶσιν
847 1039 975 1116 εὐδαίμο-

203 1145 256 1193 νες,
272 1124 329 1180 ἀλλ’
342 1122 394 1199 ἐγὼ
414 1122 457 1179 τὸν
473 1124 502 1179 ἐκ
516 1127 564 1200 γῆς
579 1124 691 1181 πλοῦτον
706 1125 754 1182 οὐκ
768 1126 794 1181 ἐν
810 1135 858 1204 μιᾷ
871 1127 976 1203 τίθεμαι

202 1213 310 1287 καρπῶν
331 1211 406 1289 itaq,
422 1210 475 1268 οὐδ’
490 1211 635 1288 είσέρχιταί
650 1234 682 1286 με
698 1215 774 1281 ζῆλος
788 1215 930 1285 οἰκήσεως,
949 1221 975 1274 ἐν

150 1320 175 1360 ιο
202 1290 221 1378 ᾗ
239 1299 316 1375 μόνον
333 1299 398 1357 siaiu
414 1297 523 1376 ἄρουραι
540 1297 644 1373 πίονες,
661 1303 713 1356 τῶν
729 1299 751 1356 δ’
767 1300 855 1359 ἀλλων
871 1303 974 1374 attis-i

204 1388 290 1466 βραχύ
307 1411 331 1444 τι
346 1387 504 1464 Ιχρησίμων,
518 1385 575 1445 ἀλλ’
588 1386 645 1456 ἥτις
659 1388 691 1445 διν
705 1392 744 1457 εῖη
758 1389 974 1468 πολυαρκεστάτη

201 1476 293 1533 τεκαὶ
314 1478 367 1533 τῶν
392 1474 554 1534 ἐπεισάκτων
571 1476 677 1551 ἀγαθῶν
696 1477 739 1534 ἐπὶ
753 1476 783 1534 τὸ
806 1477 871 1536 πολύ
884 1479 975 1560 ἐλάχι-

203 1585 263 1620 στον
286 1561 412 1638 δεομένη,
435 1561 534 1634 ταύτην
563 1561 705 1640 κρατίστην
733 1556 798 1622 εῖναι
826 1565 973 1642 λογίζομαι.

202 1654 289 1710 Τοῦτο
305 1650 330 1709 δέ
345 1650 374 1707 τὸ
388 1649 527 1729 παμρύρον
541 1648 586 1708 καὶ
600 1651 765 1730 πολυωρελές
779 1652 841 1732 παρ’
855 1657 973 1724 ἡντινοῦν

149 1764 173 1801 15
203 1739 284 1811 ἀλλην
300 1742 349 1815 γῆν
359 1737 477 1798 Ἰταλίαν
493 1738 561 1816 ἔχειν
576 1738 709 1813 πείθομαι.

242 1828 390 1887 xxxvii.
414 1828 454 1886 Οὐ
475 1826 525 1906 γὰρ
542 1826 651 1904 ἀρούρας
670 1827 717 1904 μὲν
737 1831 835 1905 ἀγαθὰς
855 1832 909 1910 ἔχει
930 1835 974 1892 καὶ

200 1915 311 1986 πολλάς,
329 1914 449 1993 ἄδενδρος
460 1913 482 1971 δ’
495 1915 564 1972 ἐστίν
580 1916 615 1980 ὡς
629 1915 775 1996 σιτορύρος·
791 1920 845 1976 οὐδ’
860 1911 894 1978 αὐ
907 1921 975 2000 ρυτδι

200 2004 248 2077 μέν
263 2004 330 2062 ἐστιν
354 2000 432 2072 ἱκανὴ
458 2006 570 2060 παντοῖα
593 2003 752 2083 θρέψασθαι,
780 2006 930 2084 σπείρεσθαι
950 2008 975 2065 δ’

199 2094 234 2156 ὡς
258 2091 381 2168 δενδρῖτις
413 2089 599 2168 ὀλιγόκαρπος·
627 2093 680 2149 οὐδ’
709 2093 790 2172 άμρω
814 2094 861 2170 μέν
891 2101 973 2153 ταῦτα

146 2204 173 2244 20
198 2178 324 2259 παρέχειν
335 2178 458 2257 δαψιλὴς,
467 2178 673 2258 προθατεύεσθαι
685 2180 707 2238 δ’
722 2183 906 2253 ἀνεπιτήδειος·
918 2185 974 2242 οὐδ’

200 2267 231 2325 ἀν
247 2289 285 2331 τις
304 2266 384 2335 αὐτὴν
407 2267 471 2344 φαίη
488 2266 657 2346 πολύκαρπον
674 2265 722 2343 μὲν
736 2260 803 2325 εἶναι
824 2269 869 2327 καὶ
892 2268 975 2328 πολύ-

200 2355 303 2433 δενδρον
336 2353 380 2411 καί
408 2353 570 2425 πολύθυτον,
598 2356 753 2431 ἐνδιαίτημα
783 2357 806 2413 δ’
831 2355 975 2435 ἀνθρώποις

200 2443 327 2522 θπάρχειν
358 2443 454 2521 ἄχαρι·
478 2444 536 2500 ἀλλ’
559 2446 613 2501 ἐστι
638 2445 725 2513 πάσης
750 2446 785 2511 ὡς
808 2447 890 2503 εἰπεῖν
909 2447 974 2517 ἡδο-

201 2534 247 2602 νῆς
262 2555 291 2590 τε
309 2530 354 2590 καί
367 2530 492 2611 ῶρελείας
505 2532 628 2597 ἔκπλεως.
686 2531 768 2597 Ποίας
786 2532 832 2605 μέν
846 2533 897 2613 γθιρ
918 2535 972 2592 λεί-

160 2645 172 2681 n
199 2641 277 2677 πεται
301 2618 436 2699 σιτοράρου
457 2619 494 2694 μὴ
521 2627 651 2695 ποταμοῖς
674 2619 742 2678 ἀλλά
771 2629 823 2686 τοῖς
848 2623 974 2701 οὐρανίοις

199 2705 291 2764 ὕδασιν
307 2706 451 2784 ἀρδομένης
469 2705 503 2765 τδι
523 2707 673 2782 καλούμενα
694 2711 849 2786 Καμπανῶν
875 2711 970 2782 πεδία,

200 2797 226 2852 ἐν
240 2786 277 2861 οἷς
289 2794 339 2872 ἐγὼ
354 2795 399 2853 καὶ
415 2796 573 2874 τρικάρπους
584 2797 734 2873 ἐθεασάμην
746 2799 856 2876 ἀρούρας
873 2799 972 2877 θερινὸν

199 2882 243 2942 ἐπὶ
266 2886 407 2963 χειμερινῷ
429 2885 474 2942 καὶ
499 2884 677 2962 μετοπωρινὸν
703 2886 746 2942 ἐπὶ
765 2890 855 2964 θερινῷ
878 2887 973 2964 σπόρον

199 2969 387 3049 ἐκτρερούσας;
419 2972 496 3036 ποίας
519 2972 542 3027 δ’
576 2972 728 3050 έλαιορόρου
754 2973 786 3029 τδι
811 2977 973 3033 Μεσσαπίων

145 3070 172 3110 ³0
199 3058 244 3116 καὶ
259 3057 376 3119 Δαυνίων
399 3056 443 3114 καί
462 3056 584 3116 Σαύίνων
598 3058 643 3116 καί
662 3060 766 3118 πολλῶν
789 3060 876 3118 ἄλλων
892 3062 972 3141 γεώρ·

199 3166 261 3223 για;
284 3143 359 3209 ποίας
381 3146 404 3201 δ’
419 3145 554 3224 οἰνοφύτου
573 3147 706 3225 Τυρρηνία
730 3147 774 3206 καὶ
790 3147 910 3206 Ἀλύανοῖ
930 3151 974 3207 καὶ

199 3234 353 3310 Φαλερίνων
367 3232 453 3311 χωρία
465 3238 622 3309 θαυμαστῶς
637 3237 672 3302 ῶς
689 3236 858 3314 φιλάμπελα,
880 3238 925 3296 καί
940 3239 974 3296 δι’

201 3322 341 3401 ἐλαχίστου
357 3320 436 3380 πόνου
456 3320 592 3388 πλείστους
607 3322 663 3398 ἅμα
681 3324 726 3381 καῖ
740 3325 893 3402 κρατίστους
909 3349 973 3403 καρ·

200 3410 264 3478 πούς
284 3410 425 3490 ἐξενεγκεῖν
439 3409 556 3490 εύπορα;
574 3410 653 3490 χωρὶς
674 3411 701 3470 δέ
715 3416 760 3482 τῆς
781 3416 887 3492 ἐνεργοῦ
909 3416 972 3472 πολ-

147 3520 172 3556 .s
199 3498 247 3569 λήν
269 3499 315 3575 μὲν
342 3501 374 3559 ἀν
398 3523 436 3567 τις
456 3498 526 3577 εύροι
552 3500 600 3569 τὴν
625 3502 661 3567 εἰς
692 3501 804 3577 ποίμνας
837 3502 973 3578 ἀνειμένην

200 3589 296 3659 αὐτῆς,
314 3587 413 3659 πολλὴν
438 3587 465 3647 δέ
485 3587 533 3658 τὴν
553 3588 706 3666 αἰγονόμον,
720 3590 758 3648 ἐτι
781 3590 808 3647 δέ
827 3590 909 3649 πλείω
929 3590 974 3649 καί

201 3676 417 3756 θαυμασιωτέραν
432 3675 480 3748 τὴν
501 3676 663 3759 ίππορορύύν
679 3699 706 3734 τε
723 3679 768 3735 καὶ
786 3679 942 3757 βουκολίδα·
957 3684 973 3751 ἡ

200 3759 251 3839 γάρ
274 3760 354 3827 έλειος
374 3762 419 3821 καί
437 3765 564 3840 λειμωνία
583 3765 679 3845 βοτάνη
697 3765 805 3844 δαψιλὴς
820 3758 900 3838 οὐσα,
923 3771 973 3825 τῶν

200 3852 223 3904 τ’
238 3849 355 3926 ὀργάδων
369 3855 386 3922 ἡ
400 3854 509 3932 δροσερδι
524 3854 569 3913 καί
582 3856 741 3934 κατάρρυτος
753 3855 858 3932 ἄπειρος
872 3855 920 3926 ὅση
931 3859 975 3916 θέ-

202 3958 240 4013 ρει
254 3940 361 4013 νέμεται
384 3941 430 3998 καί
447 3940 561 4020 παρέχει
581 3942 623 4001 tri
641 3943 739 4007 παντὸς
755 3941 911 4013 εὐθηνούσας
928 3944 975 4010 τάς

202 4024 307 4100 ἀγέλας.
354 4026 465 4087 Πάντων
481 4030 503 4086 δ’
526 4030 590 4087 εἰσίν
606 4032 630 4087 οἱ
649 4031 741 4106 δρυμοὶ
762 4030 975 4104 θαυμασιώτατοι

202 4114 263 4194 περί
274 4138 303 4172 τε
320 4113 353 4171 τδι
368 4115 510 4194 κρημνώδη
528 4117 615 4194 χοιρία
629 4118 674 4175 καῖ
686 4118 732 4181 τδις
749 4117 834 4183 νάπας
850 4119 894 4174 καὶ
916 4117 976 4184 τούς

202 4201 382 4278 ἀγεωργήτους
400 4202 506 4283 λάρους,
529 4204 555 4272 ἐξ
573 4195 609 4263 ῶν
625 4207 725 4273 πολλῆς
751 4203 798 4278 μέν
823 4207 974 4283 εὐποροῦσιν

202 4286 265 4358 ύλης
277 4287 322 4346 καῖ
334 4290 416 4359 καλῆς
429 4292 463 4355 είς
475 4292 652 4368 ναυπηγησιν.
665 4294 764 4361 πολλῆς
780 4290 807 4348 δέ
820 4296 865 4362 τῆς
880 4295 915 4360 εἷς
929 4293 975 4362 τθις

203 4376 283 4441 ἄλλας
305 4375 427 4453 ἐργασίας
459 4379 573 4438 εὐθέτου.
617 4380 668 4438 Καὶ
696 4380 794 4437 τούτοιν
816 4380 888 4438 οὐθὲν
917 4384 975 4443 οὐτε

204 4464 374 4545 δυσπόριστόν
394 4465 463 4522 ἐστιν
478 4465 537 4525 οὐτε
550 4466 639 4544 πράσον
652 4471 697 4534 τῆς
713 4471 874 4547 ἀνθρωπίνης
886 4474 976 4550 χρείας

202 4553 331 4628 κείμενον,
344 4553 402 4609 ἀλλ’
414 4553 608 4633 εὐκατέργαστα
616 4555 661 4613 καῖ
672 4555 747 4637 ῥηίδια
756 4560 875 4635 παρεῖναι
888 4562 975 4620 πάντα

202 4641 245 4700 διδ
260 4644 357 4711 πλῆθος
372 4643 424 4699 τῶν
438 4646 579 4715 ποταμῶν,
595 4642 619 4702 οί
632 4644 792 4723 διαρρέουσιν
807 4646 912 4707 ἅπασαν
927 4650 974 4721 την

204 4728 286 4800 ἀκτὴν
302 4731 347 4786 καί
368 4733 474 4787 ποιοῦσι
492 4728 537 4795 τάς
556 4753 584 4788 τε
606 4733 715 4806 κομιδὰς
736 4735 840 4799 καὶτὰς
856 4738 975 4818 ἀμείψεις

145 4829 174 4869 bd
204 4821 255 4874 τῶν
273 4819 303 4875 ἐκ
318 4822 365 4893 γῆς
380 4815 515 4896 ’ρυομένων
529 4819 680 4886 λυσιτελεῖς.
722 4819 802 4900 Ἔχει
817 4825 839 4881 δ’
853 4830 869 4892 ἡ
885 4830 919 4901 γῆ
931 4825 975 4883 καὶ

202 4905 309 4981 νάματα
324 4909 427 4985 θερμῶν
442 4905 544 4962 ύδάτοιν
560 4909 585 4965 ἐν
599 4910 703 4976 πολλοῖς
718 4912 848 4990 εὑρημένα
862 4912 975 4990 χωρίοις,

201 4993 298 5070 λουτρὰ
320 5002 468 5073 παρασχεῖν
484 4994 580 5066 ἥδιστα
602 4996 647 5054 καί
670 4999 758 5063 νόσους
774 4999 895 5058 ἰάσασθαι
910 5021 975 5078 χρο-

204 5078 271 5144 νίους
292 5081 401 5154 ἄριστα·
426 5084 471 5141 καὶ
487 5085 606 5161 μέταλλα
627 5085 798 5156 παντοδαπὰ,
814 5084 859 5143 καί
881 5086 976 5163 θηρίων

204 5166 286 5242 ἀγρας
300 5168 432 5245 ἀρθόνους,
444 5172 489 5229 καὶ
500 5173 632 5246 θαλάττης
643 5172 719 5252 ρύσιν
733 5174 893 5252 πολύγονον,
907 5173 975 5232 ἀλλα

1029 524 1122 573 ratione
1135 522 1239 586 plurima
1251 524 1376 574 commoda
1393 529 1542 590 perceperit,
1560 529 1651 580 nullam
1669 530 1740 581 aliam
1756 532 1801 582 hae

1028 606 1125 669 regione
1137 607 1327 656 commodiorem
1338 611 1447 673 reperiet.
1481 612 1505 659 Si
1515 612 1580 662 enim
1593 613 1702 664 eiusdem
1712 629 1792 679 magur

1028 689 1121 739 tudinis
1144 695 1223 739 terras
1243 689 1306 740 inter
1325 704 1352 741 se
1366 694 1556 756 comparaveris,
1571 696 1642 745 ltalia
1661 710 1714 747 meo
1733 697 1801 757 judi-

1029 773 1067 821 eio
1084 787 1132 822 nou
1148 774 1227 823 solum
1242 776 1379 838 Europam,
1391 776 1435 825 sed
1449 779 1475 826 el
1488 779 1623 840 quamlibet
1638 780 1709 829 allum
1725 782 1801 831 totius

1028 855 1094 905 orbis
1105 857 1228 919 regionem
1242 856 1311 920 longe
1320 862 1427 921 superat.
1461 862 1613 922 Quamquam
1627 876 1675 911 non
1688 876 1727 912 me
1740 864 1801 927 iugit

1028 937 1093 1000 quod
1123 939 1207 987 inultis
1228 938 1377 988 incredibilia
1396 940 1479 991 dicere
1503 943 1610 993 videbor.
1633 946 1801 1009 reputantibus

1027 1024 1159 1084 AEgypturn
1172 1025 1197 1071 et
1207 1021 1311 1071 Africam
1324 1035 1354 1069 ac
1365 1021 1536 1087 babyloniam,
1547 1030 1572 1074 et
1589 1027 1668 1090 siqua
1690 1030 1738 1077 alia
1750 1031 1800 1079 loca

1027 1106 1059 1155 ob
1080 1107 1217 1156 felicitatem
1243 1106 1404 1157 celebrantur.
1437 1108 1485 1158 Sed
1504 1122 1551 1172 ego
1564 1114 1636 1162 terrai
1647 1126 1706 1175 opos
1719 1128 1766 1163 non
1777 1115 1799 1163 in

1029 1205 1077 1240 una
1091 1192 1144 1240 sola
1158 1192 1254 1255 frugum
1266 1193 1346 1254 speeie
1361 1204 1444 1255 pone:
1459 1208 1504 1244 noc
1514 1207 1553 1245 me
1570 1194 1637 1246 subit
1650 1196 1800 1247 desiderium

1028 1276 1153 1326 babitandi
1163 1275 1204 1326 ubi
1218 1289 1274 1324 arra
1288 1280 1381 1325 lantum
1396 1281 1455 1327 sunt
1469 1278 1581 1341 pinguia,
1593 1284 1728 1330 cantarum
1743 1295 1802 1331 vero

1029 1372 1109 1408 rernm
1125 1358 1221 1406 utilium
1232 1361 1275 1406 sul
1295 1359 1360 1406 nulla
1379 1373 1479 1422 prorsus
1495 1365 1539 1410 aut
1556 1362 1688 1426 perexiguo
1708 1364 1801 1415 utilitas

1028 1441 1180 1505 percipitur:
1195 1441 1306 1491 sedeam
1320 1443 1442 1505 regionem
1455 1445 1573 1508 optimam
1587 1459 1641 1496 esse
1656 1450 1732 1510 puto,
1744 1461 1800 1510 quae

1028 1524 1073 1573 sibi
1091 1524 1144 1589 ipsa
1158 1525 1264 1575 maxime
1276 1525 1379 1587 sufficit,
1394 1527 1585 1592 advecticiisque
1605 1529 1674 1579 bunis
1690 1531 1799 1593 plerum-

1027 1622 1076 1672 que
1093 1622 1168 1670 quam
1185 1607 1284 1658 minime
1293 1608 1393 1670 indiget.
1427 1610 1523 1660 ltaliam
1535 1625 1593 1662 vero
1613 1612 1677 1662 hanc
1691 1615 1800 1663 omnium

1028 1703 1109 1739 rerum
1127 1693 1221 1754 copiam
1237 1705 1265 1741 ae
1281 1692 1374 1741 variam
1394 1692 1528 1743 utilitatem
1540 1697 1629 1757 preter
1642 1698 1736 1745 ceteras
1757 1709 1799 1745 re·

1027 1772 1111 1834 genes
1122 1771 1213 1822 habere
1231 1787 1372 1837 persuasum
1384 1775 1442 1824 mibi
1454 1780 1500 1825 est.

1059 1862 1170 1908 xxxiii
1193 1863 1276 1924 b'cque
1288 1862 1353 1910 enim
1368 1876 1427 1912 arva
1438 1864 1539 1927 quidem
1551 1864 1615 1915 bona
1626 1868 1651 1916 el
1663 1866 1740 1915 mulla
1752 1865 1796 1915 ba·

1029 1952 1083 2011 bet,
1096 1952 1139 2001 sed
1148 1952 1278 2001 arboribus
1290 1957 1370 2016 caret,
1386 1958 1414 2004 ut
1424 1955 1607 2017 immentilera3
1624 1970 1703 2021 necque
1714 1971 1799 2007 rursus

1027 2045 1117 2108 quibus
1135 2045 1261 2094 orlnrribus
1271 2045 1331 2096 libet
1342 2046 1436 2096 alendis
1446 2051 1484 2097 est
1497 2048 1600 2108 idonea,
1613 2047 1657 2097 sed
1669 2048 1690 2097 si
1705 2053 1801 2098 seratur

1028 2150 1117 2200 paucas
1130 2137 1245 2200 producit
1257 2139 1346 2201 trugas,
1362 2142 1390 2188 ut
1402 2138 1528 2188 arboribus
1539 2139 1634 2198 ubsila;
1655 2153 1733 2202 neque
1747 2140 1797 2188 lor·

1027 2229 1090 2290 giler
1101 2229 1153 2278 llaec
1163 2228 1262 2290 quidem
1275 2233 1379 2292 utraque
1394 2229 1545 2293 suppeditat,
1558 2229 1601 2279 sed
1616 2231 1697 2293 pecori
1710 2230 1797 2280 alendo

1029 2333 1115 2383 parum
1125 2325 1183 2384 apta
1193 2325 1243 2378 est;
1256 2335 1336 2386 neque
1347 2322 1515 2372 eliamdincrit
1524 2320 1613 2384 aliquis
1624 2332 1678 2371 eum
1688 2320 1798 2383 lrugibns

1028 2411 1127 2476 quidem
1141 2415 1166 2462 et
1177 2413 1304 2463 arboribus
1312 2417 1338 2463 et
1347 2414 1445 2477 pascuis
1456 2414 1588 2474 abundare,
1603 2414 1646 2462 sed
1655 2413 1800 2462 loenmesae

1028 2503 1061 2553 ad
1078 2503 1237 2554 habitandum
1260 2506 1398 2555 bominibus
1413 2507 1571 2556 iniucundum
1587 2519 1693 2556 :rerum
1706 2505 1799 2567 omnis,

1029 2595 1194 2658 utiladieam,
1204 2596 1336 2660 voluptatis
1343 2597 1536 2659 atqueulilitatis
1544 2600 1582 2648 est
1589 2597 1666 2662 pena.
1677 2596 1801 2656 Quaenim

1029 2690 1196 2741 imaneutiiera
1205 2695 1280 2754 terra
1293 2705 1348 2755 quae
1363 2705 1412 2741 uon
1424 2692 1507 2742 linaiis
1523 2693 1567 2743 scd
1578 2693 1650 2758 aquis
1663 2691 1802 2743 caelestibus

1029 2783 1130 2846 rigatur,
1149 2783 1274 2835 interiores
1291 2787 1349 2835 sunt
1369 2785 1449 2848 campi
1466 2785 1509 2848 qui
1529 2788 1646 2834 vocantur
1666 2783 1800 2847 Campani?

1029 2873 1055 2922 iu
1067 2875 1157 2937 quibus
1168 2888 1213 2938 ego
1223 2875 1274 2927 vidi
1285 2890 1344 2926 arra
1353 2878 1393 2927 rel
1407 2876 1490 2926 trifera
1500 2915 1506 2935 ,
1517 2889 1572 2940 quse
1582 2879 1716 2925 sementem
1728 2876 1799 2926 assti-

1029 2976 1086 3012 ram
1093 2970 1149 3027 post
1155 2964 1495 3027 lribcmam,etautumnalem
1503 2966 1558 3026 post
1565 2963 1676 3012 aestivam
1684 2960 1800 3012 reddunt.

1028 3057 1060 3105 El
1077 3070 1147 3114 rura,
1164 3070 1219 3119 quse
1235 3056 1361 3118 Messapii,
1378 3055 1477 3114 Daunii,
1490 3054 1582 3113 Sabini,
1605 3053 1676 3103 mulli
1691 3053 1732 3102 alil
1758 3067 1800 3103 co·

1029 3149 1097 3206 lunt,
1108 3149 1149 3198 cui
1164 3149 1283 3198 oliriierre
1305 3147 1413 3197 cedunt?
1427 3146 1466 3196 eui
1482 3145 1585 3195 vitiferau
1601 3148 1732 3206 Etruscus,
1755 3146 1801 3195 Al-

1029 3239 1123 3297 banus,
1146 3240 1185 3289 vel
1201 3237 1317 3288 Falernus
1343 3250 1409 3299 ager,
1430 3235 1525 3286 vitibus
1546 3235 1635 3283 mirum
1652 3234 1676 3283 in
1698 3234 1802 3284 modum

1028 3331 1116 3388 arnici,
1132 3331 1175 3394 qui
1196 3330 1313 3394 plurimos
1331 3328 1405 3378 simul
1425 3330 1451 3379 et
1470 3327 1576 3391 optimos
1591 3327 1686 3376 tructus
1699 3325 1802 3374 minimo

1029 3435 1086 3471 cum
1106 3421 1189 3471 labore
1211 3420 1281 3471 facile
1301 3420 1440 3469 lerunltlit
1462 3421 1553 3483 preter
1568 3421 1676 3475 terram,
1690 3428 1745 3477 quaa
1757 3427 1801 3464 co-

1028 3508 1097 3570 litur,
1110 3510 1213 3559 inultam
1225 3509 1299 3559 etiam
1311 3508 1335 3557 iu
1350 3508 1431 3558 llolio
1444 3507 1551 3570 reperias
1561 3504 1644 3555 orium
1657 3516 1802 3566 caprarum-

1029 3612 1077 3662 que
1095 3598 1210 3662 gregibus
1230 3598 1358 3661 pascendis
1371 3597 1541 3647 ‹iestirratomr
1562 3593 1704 3656 ampliorem
1725 3590 1803 3643 etiam

1029 3690 1103 3749 atque
1126 3686 1331 3736 admirabiliorem
1345 3698 1432 3749 agrum
1451 3680 1561 3734 invenias
1580 3681 1611 3730 ad
1632 3692 1752 3744 equorum
1772 3692 1803 3728 ae

1028 3774 1102 3823 boum
1114 3778 1225 3825 armenta
1235 3772 1357 3837 pascenda
1373 3779 1466 3837 aptum.
1500 3773 1561 3821 Nam
1575 3768 1689 3833 palustris
1703 3780 1732 3816 ac
1747 3779 1803 3829 pra·

1029 3863 1108 3913 tensis
1126 3863 1216 3919 herba,
1236 3862 1307 3912 cuius
1326 3875 1414 3921 magna
1432 3864 1471 3910 est
1488 3859 1572 3922 copia,
1593 3859 1619 3906 ct
1635 3858 1708 3906 nne
1729 3853 1804 3903 cultu

1029 3947 1104 3997 herba
1117 3948 1212 3996 roseida
1225 3950 1249 3997 et
1260 3946 1351 4009 irrigua
1361 3959 1410 4007 qua
1423 3957 1493 4008 paerm
1505 3943 1600 3993 inlinita
1616 3947 1694 4006 pecus
1713 3943 1800 3990 estate

1030 4035 1145 4097 paseilm,
1156 4048 1240 4097 greges
1253 4039 1278 4084 et
1295 4036 1406 4083 armenta
1427 4031 1555 4082 laetissima
1575 4031 1693 4094 perpetuo
1709 4027 1800 4079 reddit.

1028 4125 1078 4173 Sed
1097 4125 1205 4186 inprimis
1224 4125 1332 4174 maxime
1351 4123 1455 4173 mirandi
1469 4124 1526 4173 sunt
1549 4121 1640 4179 saltus,
1654 4121 1720 4170 circa
1735 4130 1803 4182 pros·

1029 4215 1101 4274 rupta
1122 4215 1148 4260 et
1165 4225 1294 4262 nemoroso
1308 4212 1361 4261 loca
1375 4215 1400 4260 ct
1421 4210 1495 4260 colles
1515 4209 1636 4265 incultos,
1656 4221 1688 4257 ex
1710 4205 1801 4269 quibus

1030 4315 1141 4364 magnam
1154 4304 1229 4362 alque
1241 4300 1361 4364 egregiam
1375 4298 1485 4349 materie
1499 4298 1594 4362 copiam
1606 4297 1638 4347 ad
1653 4308 1727 4346 nares
1738 4293 1803 4344 aedi-

1030 4389 1153 4447 beandas,
1174 4389 1325 4450 multamque
1345 4392 1370 4438 et
1393 4388 1447 4438 aliis
1468 4386 1583 4451 operibus
1603 4388 1685 4449 aptam
1705 4385 1803 4447 petunt.

1030 4482 1109 4541 ,etque
1123 4478 1212 4526 trorum
1229 4475 1288 4525 nibil
1308 4479 1347 4525 est
1362 4476 1399 4526 sel
1412 4478 1498 4540 paratu
1517 4473 1630 4531 dil'lioile,
1644 4472 1683 4522 vel
1701 4471 1733 4521 ab
1754 4470 1803 4520 hu·

1030 4566 1108 4614 rnrrrris
1121 4564 1208 4614 usibus
1222 4566 1342 4613 remotum
1357 4582 1363 4613 z
1381 4564 1423 4614 sed
1436 4562 1517 4614 omnia
1532 4562 1602 4612 laelio
1622 4560 1702 4624 parari
1713 4562 1739 4610 el
1755 4558 1803 4609 ba·

1030 4654 1082 4703 beri
1108 4656 1224 4716 pessunt,
1247 4657 1346 4715 propter
1380 4651 1562 4702 multitudinem
1589 4649 1734 4708 fluviorum,
1760 4646 1804 4713 qui

1030 4744 1108 4790 totum
1123 4753 1191 4788 oram
1213 4743 1356 4802 permeant,
1379 4744 1404 4789 et
1417 4740 1525 4788 efficiunt
1545 4740 1574 4788 ut
1593 4735 1736 4796 commode,
1751 4740 1803 4785 lam

1029 4830 1190 4892 importantur
1203 4842 1275 4891 quam
1290 4831 1457 4892 permutentur
1473 4842 1528 4885 res,
1542 4839 1604 4890 quas
1621 4829 1687 4875 terra
1705 4824 1803 4887 progig-

1029 4919 1074 4967 nit.
1108 4919 1188 4969 Habet
1207 4919 1280 4967 etism
1303 4916 1373 4966 ltalia
1396 4929 1515 4979 aquarum
1529 4913 1663 4965 calidarum
1677 4911 1761 4963 multis
1778 4912 1803 4962 io

1028 5008 1090 5058 locis
1101 5010 1286 5073 scaturrigines,
1302 5021 1359 5071 qum
1374 5006 1458 5055 balnea
1471 5005 1646 5055 iucundissima
1657 5002 1767 5067 praebent
1778 5005 1804 5054 el

1029 5096 1121 5146 morbis
1132 5097 1254 5148 diuturnis
1268 5095 1382 5147 sanandis
1391 5096 1448 5143 sunt
1457 5093 1602 5143 utilissime.
1636 5092 1716 5142 Habet
1729 5091 1803 5141 etiam

1029 5184 1155 5250 omnigena
1170 5186 1283 5247 metalla,
1295 5187 1321 5236 et
1331 5183 1442 5248 copiosas
1461 5183 1568 5233 serarum
1580 5179 1736 5240 venationes,
1748 5192 1801 5229 ma·
