3772 5828
186 362 243 423 {12

164 487 274 568 1λόγον,
290 487 446 568 βουλόμενον
466 486 545 546 ababa
562 487 739 556 ἐπιδιίξασθαι
762 490 814 554 τοῖς
828 491 958 546 ἀπιστοῦ-

184 601 224 637 σιν
240 577 345 657 ἐναργές
365 600 391 634 τι
412 578 521 651 μήνυμα
543 581 589 647 τῆς
610 577 675 657 πρός
699 577 745 649 τὴν
770 574 872 652 δαίμον’
896 581 959 653 ὁμι-

182 664 251 736 λίας,
266 665 310 722 καί
327 664 482 745 διδαχθέντα
497 665 543 722 ὑπ’
557 666 639 737 αὐτῆς
653 669 763 734 ποιῆσαι
783 667 862 723 τάδε·
875 663 960 723 καλέ-

185 774 269 810 σαντα
282 750 426 827 Ῥωμαίων
442 750 555 818 πολλοὺς
569 755 616 811 καὶ
631 752 741 830 ἀγαθούς
755 754 790 818 είς
804 753 853 822 τὴν
863 751 959 823 οἰκίαν,

142 861 156 898 s
183 832 248 918 ῖνῇ
273 839 441 913 διαιτώμενος
467 840 626 919 ἐτύγχανεν,
652 840 743 900 ἔπειτα
767 839 886 909 δείξαντα
905 842 959 927 τοῖς

184 931 286 988 ἐλθοῦσι
304 929 338 987 ric
352 928 424 994 ἔνδον
447 932 481 1008 τῇ
495 931 521 987 τ’
539 928 606 1008 ἄλλῃ
629 934 780 1007 κατασκευῇ
800 926 906 1011 φαύλως
919 952 961 986 κε-

186 1016 376 1096 χορηγημένα,
401 1017 446 1075 καί
467 1016 499 1088 δὴ
520 1017 632 1075 καὶτῶν
656 1020 691 1083 είς
714 1018 829 1076 ἑστίασιν
850 1016 960 1096 ὀχλικὴν

184 1104 340 1176 ἐπιτηδείων
355 1104 453 1184 ἄπορα,
466 1105 526 1163 τότε
541 1104 589 1181 μὲν
604 1104 822 1164 ἀπαλλάττεσθαι
836 1103 960 1175 κελεύειν,

184 1194 219 1259 είς
233 1195 347 1272 ἐσπέραν
362 1193 390 1251 δὲ
410 1193 500 1250 καλεῖν
516 1188 609 1256 αὐτούς
632 1192 676 1250 ἐπὶ
690 1192 720 1249 τό
739 1194 855 1251 δεῖπνον·
874 1213 961 1270 παρα-

132 1308 158 1348 10
184 1280 332 1357 γενομένοις
347 1279 374 1337 δὲ
389 1279 458 1337 κατὰ
473 1280 521 1348 τάν
541 1280 743 1358 ἀποδειχθεῖσαν
767 1279 839 1358 ὥραν
859 1277 960 1335 ἐπιδεῖ-

185 1367 227 1436 ξαι
242 1367 381 1445 στρωμνάς
401 1390 429 1427 τε
448 1369 599 1433 πολυτελεῖς
617 1367 661 1424 καὶ
682 1365 812 1445 τραπέζας
834 1365 961 1438 innupt-

184 1480 236 1515 των
255 1454 386 1533 γεμούσας
399 1457 505 1514 πολλῶν
520 1456 563 1513 καὶ
578 1458 684 1526 κακῶν,
700 1453 817 1513 ἑστίασίν
833 1454 858 1512 τ’
874 1455 961 1519 αὐτοῖς

183 1549 342 1621 παραθεῖναι
370 1545 563 1601 κατακλιθεῖσιν
588 1543 693 1614 ἀπάσης
721 1542 830 1614 ἐδωδῆς,
850 1541 883 1612 ἢν
905 1540 962 1600 οὐδ’

185 1633 216 1690 δν
236 1633 267 1690 ἐκ
292 1633 390 1688 πολλοῦ
418 1632 487 1689 πάνυ
513 1631 608 1710 χρόνου
629 1629 884 1711 παρασκιυάσασθαί
910 1652 960 1687 τινι

132 1749 156 1786 ιη
184 1721 236 1787 τῶν
258 1717 313 1778 τότ’
333 1717 477 1796 ἀνθρώπων
504 1720 590 1799 ῥηίδιον
615 1711 655 1786 ἦν.
698 1719 760 1783 Τοῖς
773 1715 799 1776 δέ
815 1716 960 1794 Ῥωμαίοις

188 1805 355 1879 κατάπληξίν
369 1829 398 1864 τε
408 1807 474 1885 πρὸς
488 1806 599 1866 ἕκαστον
612 1810 665 1864 τῶν
681 1804 818 1884 δρωμένων
830 1807 959 1876 ύπελθεῖν,

183 1894 229 1953 καί
244 1893 319 1962 δόξαν
339 1893 365 1962 ἐξ
381 1894 479 1953 ἐκείνου
491 1899 536 1952 τοῦ
556 1892 650 1972 χρόνον
663 1899 831 1972 παραστῆναι
844 1892 959 1972 βέόαιον,

184 1982 224 2041 ότι
234 1983 280 2043 θεοί
294 2007 333 2050 τις
346 1986 417 2062 αὐτῷ
434 1986 523 2053 συνῆν.

222 2070 294 2132 LXi.
322 2073 358 2130 Οἱ
381 2071 407 2130 δὲ
424 2071 458 2128 τὰ
480 2067 587 2146 μυθώδη
611 2068 697 2127 πάντα
719 2073 911 2148 περιαιροῦντες
930 2069 960 2127 ἐκ

85 2197 96 2229 .
130 2186 158 2224 ω
183 2163 231 2230 τῆς
256 2160 372 2239 ἱστορίας
392 2157 542 2216 πεπλάσθαι
562 2157 640 2237 φασίν
665 2157 715 2214 ὑπὸ
734 2162 779 2215 τοῦ
809 2157 888 2231 Νόμα
914 2158 957 2216 τὸν

183 2248 245 2327 περὶ
268 2253 316 2320 τῆς
346 2245 470 2326 Ἠγερίας
498 2244 586 2322 λόγον,
608 2244 652 2302 ἵνα
679 2247 742 2324 ῥᾷον
765 2246 834 2323 αύτῷ
862 2243 956 2322 προσέ·

183 2359 268 2417 χωσιν
291 2339 315 2396 σί
335 2335 369 2394 ad
391 2337 446 2394 θεῖα
463 2336 573 2401 δεδιότες
596 2333 641 2392 καῖ
664 2332 804 2413 προθύμως
828 2329 957 2413 δέχωνται

184 2423 244 2490 τοθξ
271 2422 316 2482 ὑπ’
335 2424 416 2482 αὐτοῦ
441 2426 589 2498 τιθεμένους
616 2421 720 2497 νόμους,
739 2423 773 2487 ῶς
796 2421 869 2501 παρὰ
893 2425 957 2479 θεῶν

184 2509 383 2589 κομιζομένους.
425 2509 525 2570 Λαόεῖν
541 2511 563 2567 δ’
577 2507 653 2568 αὐτόν
668 2507 717 2581 τὴν
730 2508 828 2567 τούτων
844 2509 957 2587 μίμησιν

129 2624 157 2662 25
185 2601 373 2682 ἀποφαίνουσιν
400 2602 429 2658 ἐκ
453 2602 506 2656 τῶν
530 2596 695 2668 Ἑλληνικῶν
717 2597 957 2676 παραδειγμάτων,

185 2686 304 2761 ζηλωτὴν
326 2687 463 2764 γενόμενον
488 2691 535 2758 τῆς
557 2708 586 2744 τε
609 2684 687 2745 Μίνω
711 2690 757 2742 τοῦ
784 2685 887 2765 Κρητός
913 2687 958 2745 καί

184 2780 232 2845 τῆς
248 2777 396 2852 Λυκούργου
416 2780 469 2849 τοῦΙ
483 2772 695 2848 Λακεδαιμονίου
711 2772 814 2850 σοφίας·
831 2763 867 2832 ῶν
882 2776 896 2832 ό
911 2773 959 2851 μίν

185 2862 314 2938 ὁμιλητὴς
329 2862 378 2940 ἔφη
393 2862 513 2941 γενέσθαι
529 2866 574 2920 τοῦ
591 2861 651 2927 Διός
677 2859 722 2917 καὶ
748 2862 842 2939 φοιτῶν
870 2863 904 2926 εἰς
929 2859 959 2919 τὸ

185 2957 308 3013 Δικταῖον
324 2951 397 3028 ὄρος,
417 2954 443 3009 ἐν
461 2942 625 3030 ᾧτραφῆναι
639 2949 683 3006 τόν
703 2947 753 3008 Δία
773 2949 958 3024 μυθολογοῦσιν

129 3059 158 3099 συ
184 3044 208 3101 οἱ
231 3044 331 3117 Κρῆτες
344 3039 395 3097 ύπδ
415 3041 467 3096 τῶν
494 3037 637 3115 Κουρήτων
661 3036 764 3113 νεογνὸν
787 3035 862 3112 όντα,
879 3037 958 3095 κατέ·

185 3127 274 3186 όαινεν
294 3129 330 3193 εἰς
344 3126 374 3184 τό
388 3128 456 3204 ῖερδν
471 3124 574 3203 ἀντρον,
588 3123 633 3180 καί
651 3122 708 3190 τούς
721 3121 813 3200 νόμους
828 3124 882 3181 ἐκεῖ
895 3147 958 3181 συν-

184 3213 262 3280 τιθείς
276 3213 409 3286 ἐκόμιζεν,
436 3211 479 3278 οθς
493 3212 618 3291 ἀπέφαινε
635 3215 708 3288 παρὰ
716 3216 762 3270 τοῦ
777 3209 837 3275 Διὸς
852 3209 958 3287 λαμόά-

183 3320 246 3362 νειν’
274 3325 288 3360 ο
309 3303 336 3359 δὲ
362 3305 512 3377 Λυκοῦργος
536 3303 571 3365 είς
592 3299 707 3379 Δελφοὺς
727 3298 884 3377 ἀφικόμενος
905 3296 957 3355 ὑπὸ

183 3396 228 3452 τοῦ
251 3390 420 3455 Ἀπόλλωνος
450 3387 499 3468 ἔφη
526 3388 693 3445 διδάσκεσθαι
715 3384 762 3457 τλν
789 3385 955 3461 νομοθεσίαν.

131 3497 158 3537 oo
185 3480 226 3540 'fb
243 3479 289 3556 μὲν
311 3470 355 3537 οῦν
371 3477 600 3555 ἀκριθολογεῖσθαι
621 3476 747 3554 περὶτῶν
763 3477 878 3551 μυθικῶν
889 3476 959 3532 icco·

187 3569 310 3648 ρημάτων
325 3566 369 3624 καί
390 3565 505 3642 μάλιστα
528 3568 579 3622 τῶν
595 3567 630 3630 είς
656 3561 726 3630 θεούς
748 3563 958 3642 ἀναφερομένων,

186 3660 295 3734 μακρῶν
313 3655 397 3727 λόγων
421 3652 543 3729 δεόμενον
561 3654 628 3730 ὁρῶν
652 3652 735 3711 ἀείσω·
759 3651 777 3710 ἀ
800 3652 828 3709 δέ
851 3674 896 3726 μοι
914 3652 960 3709 δο-

185 3748 275 3800 κοῦσιν
291 3740 377 3818 ἀγαθά
400 3740 531 3816 Ῥωμαῖοι
559 3738 652 3797 λαθεῖν
680 3741 709 3797 ἐκ
726 3744 772 3810 τῆς
794 3738 891 3797 ἐκείνου
915 3745 960 3798 τοῦ

186 3829 278 3906 ἀνδρὸς
299 3832 394 3907 ἀρχῆς,
408 3831 443 3893 ῶς
469 3830 500 3886 ἐκ
520 3831 571 3885 τῶν
598 3826 748 3906 ἐπιχωρίων
770 3826 866 3900 ἔμαθον
888 3831 958 3885 ίστο·

132 3945 159 3986 tu
187 3920 248 3997 ριῶν
266 3918 452 3995 ἀφηγήσομαι,
467 3913 603 3994 προειπών
625 3916 651 3972 ἐν
679 3913 746 3978 οἵαις
768 3914 891 3993 ἐτύγχανε
912 3938 959 3971 τα·

188 4008 282 4085 ραχαῖς
299 4005 332 4061 τὰ
345 4006 492 4083 πράγματα
511 4009 557 4074 τῆς
571 4003 671 4069 πολεως
692 4001 767 4072 ὄντα,
785 4002 846 4080 πρὶν
863 4004 960 4062 ἐκεῖνον

186 4094 229 4153 ἐπί
253 4092 301 4162 τὴν
326 4094 461 4170 βασιλείαν
480 4094 630 4172 παρελθεῖν.

225 4182 313 4242 LXII.
325 4179 459 4252 Μετάτὴν
477 4179 619 4256 Ῥωμύλου
637 4177 760 4249 τελευτὴν
779 4182 796 4248 ἡ
814 4177 894 4258 βουλὴ
908 4185 959 4237 τῶν

187 4275 277 4333 κοινῶν
299 4267 425 4347 γενομένη
451 4270 528 4349 κυρία
552 4270 597 4328 καὶ
618 4269 710 4348 χρόνον
726 4268 854 4327 ἐνιαύσιον
870 4267 960 4347 ῶσπερ

132 4387 159 4423 ιε
188 4362 250 4441 ίφην
269 4364 438 4435 κατασχοῦσα
460 4358 507 4428 τὴν
533 4358 699 4430 δυναστείαν,
722 4357 888 4435 διαφέρεσθαι
914 4359 959 4415 καὶ

187 4446 333 4514 στασιάζειν
349 4445 414 4514 αὐτὴ
433 4446 496 4522 πρὸς
511 4445 605 4515 ἑαυτὴν
618 4443 714 4522 ἤρξατο
736 4444 796 4523 περὶ
810 4448 856 4502 τοῦ
870 4445 960 4504 πλεῖο-

187 4617 230 4698 ip,
250 4623 302 4681 ἀπὸ
318 4625 370 4678 τῶν
393 4621 448 4697 ἅμα
465 4619 598 4698 Ῥωμύλῳ
620 4618 669 4690 τὴν
690 4621 811 4678 ἀποικίαν
840 4621 960 4679 στειλοίν·

186 4737 254 4785 των,
277 4710 383 4789 γνώμης
406 4712 430 4765 τ’
446 4709 536 4785 ἄρχειν
557 4707 629 4778 ἠξίου
650 4708 695 4766 καί
715 4711 798 4785 τιμῶν
813 4709 858 4774 τάς
880 4711 959 4785 μεγί-

134 4818 162 4856 ae
189 4824 252 4868 στας
281 4798 427 4873 λαμόοῖνειν
444 4799 487 4854 καὶ
499 4796 687 4875 θεραπεύεσθαι
707 4795 772 4874 πρὸς
793 4798 843 4853 τῶν
858 4796 959 4869 ἐπηλύ-

189 4890 254 4946 δων·
276 4890 299 4946 οἱ
312 4886 335 4945 δ’
348 4886 454 4964 ὕστερον
467 4886 502 4950 είς
516 4882 575 4949 τούς
586 4883 736 4962 πατρικίους
750 4883 959 4963 καταγραφέντες

189 4976 218 5032 ἐκ
232 4978 283 5032 τῶν
307 4976 418 5033 ἐποίκων
445 4974 567 5049 οὐδεμιᾶς
590 4970 671 5049 ᾤοντο
695 4972 747 5030 δεῖν
769 4972 959 5031 ἀπελαύνεσθαι

188 5066 266 5135 τιμῆς
279 5061 338 5119 οὐδὲ
353 5065 510 5137 μειονεκτεῖν
531 5063 581 5117 τῶν
598 5059 712 5138 ἑτέρων,
730 5058 845 5134 μάλιστα
861 5060 884 5116 θ’
903 5058 958 5117 ὅσοι

189 5153 235 5206 τοῦ
250 5147 372 5208 Σαόίνων
397 5150 540 5229 ἐτύγχανον
559 5148 629 5213 δντες
643 5147 741 5223 γένους,
759 5145 804 5204 καί
827 5145 896 5204 κατὰ
912 5145 959 5212 τδις

705 357 870 417 utonisu
894 358 1273 421 HALICARNASSENSIS

1015 510 1085 558 csse,
1113 498 1204 562 serunt
1229 502 1330 563 ipsum,
1355 500 1484 552 ostendere
1508 502 1627 552 nolentem
1656 503 1789 556 incredulis

1012 584 1152 635 bominibus
1165 589 1278 649 apertum
1298 586 1397 650 aliquod
1409 586 1526 638 indicium
1537 602 1589 639 suaa
1605 591 1719 640 eumden
1731 603 1790 640 cou-

1013 671 1166 732 suetudinis,
1181 676 1209 721 ut
1224 685 1251 722 se
1262 671 1293 720 ab
1306 673 1347 722 iiia
1360 673 1476 722 edoctum
1492 673 1546 724 brec
1559 675 1639 726 iacere
1659 675 1788 739 probaret,

1013 761 1176 809 Romanorum
1194 759 1285 809 multos
1298 760 1437 824 probosque
1449 761 1516 812 uiros
1529 761 1555 811 in
1577 762 1644 812 edes
1657 762 1699 812 ubi
1711 762 1788 826 dege·

1013 845 1055 895 bat
1067 859 1181 908 vocasse,
1196 848 1300 909 deiude,
1315 863 1372 899 cum
1394 849 1425 899 iis
1440 849 1484 914 qui
1504 855 1667 901 conuenerant
1680 851 1786 914 supelte-

1013 934 1095 984 ctilem
1108 934 1217 986 vitamet
1237 935 1337 987 domurn
1349 938 1417 988 omni
1427 937 1475 987 aiio
1488 942 1607 1002 apparatu
1620 939 1683 989 maie
1694 939 1785 988 iustru-

1013 1026 1092 1081 ctam,
1118 1022 1252 1086 quinetiam
1279 1024 1355 1073 rebus
1377 1024 1490 1075 omuibus
1518 1025 1548 1074 ad
1576 1024 1717 1075 conuiuium
1742 1038 1787 1074 su-

1013 1107 1127 1159 bitarium
1161 1111 1303 1160 necessariis
1333 1115 1458 1162 carentem
1494 1112 1655 1173 ostendisset,
1688 1113 1788 1164 iussisse

1012 1199 1072 1247 tune
1088 1199 1189 1260 quidem
1202 1199 1341 1260 discedere,
1361 1199 1409 1250 sub
1421 1213 1550 1264 respemm
1563 1215 1621 1252 rem
1634 1216 1676 1252 eos
1687 1203 1717 1252 nd
1734 1217 1787 1252 coe·

1012 1299 1069 1336 nam
1084 1287 1213 1347 inritesse;
1236 1288 1296 1353 ipsis
1311 1303 1371 1340 vero
1390 1290 1422 1339 ad
1443 1290 1529 1341 boram
1549 1291 1687 1342 modiatam
1704 1306 1786 1343 rerer.

1014 1375 1048 1424 sis
1065 1374 1201 1424 ostendisse
1225 1380 1249 1425 et
1269 1376 1347 1427 tectos
1367 1376 1556 1441 splendidos-et
1578 1390 1674 1429 mensas
1694 1378 1788 1441 poculis

1013 1463 1098 1514 multis
1119 1468 1145 1514 et
1168 1463 1321 1528 elegantibus
1343 1470 1446 1516 onustas
1469 1467 1594 1530 jussisque
1617 1465 1788 1527 discumbere,

1012 1553 1124 1616 opipares
1158 1553 1242 1617 epulan
1267 1558 1294 1604 et
1321 1554 1389 1604 cibos
1420 1556 1578 1618 apposuisse,
1612 1568 1675 1618 quos
1705 1554 1788 1605 nullus

1013 1642 1078 1691 illius
1104 1641 1190 1692 secuti
1212 1641 1287 1692 bomo
1306 1645 1417 1706 tempere
1436 1644 1596 1706 quantumvis
1618 1645 1689 1706 ionga
1713 1643 1785 1694 tacile

1014 1730 1133 1792 parasset.
1165 1731 1233 1778 Tune
1254 1732 1338 1779 autem
1358 1731 1479 1779 Romanos
1494 1733 1521 1779 et
1540 1730 1612 1780 udde
1631 1729 1786 1793 obstupuisse

1012 1816 1044 1864 eb
1056 1816 1199 1865 varietatem
1211 1828 1309 1873 renim,
1322 1827 1385 1876 quas
1394 1814 1525 1877 ridebant,
1538 1820 1563 1865 et
1581 1816 1612 1865 ab
1623 1816 1664 1865 ilie
1677 1819 1787 1878 ternpore

1012 1905 1065 1952 sine
1081 1903 1131 1952 ulie
1144 1902 1218 1953 dubio
1230 1903 1397 1961 existimasse,
1410 1903 1482 1953 deam
1496 1904 1603 1966 aliquam
1617 1919 1674 1954 curn
1689 1917 1719 1954 ee
1732 1917 1787 1954 oon·

1012 1990 1169 2040 suetudinem
1182 1989 1282 2040 habere.

1044 2088 1103 2136 axi.
1123 2087 1172 2137 Sed
1184 2089 1228 2150 qui
1242 2101 1327 2138 omnes
1346 2087 1441 2138 rannus
1457 2101 1488 2138 ex
1505 2088 1721 2149 historicorum,
1737 2093 1787 2141 Nu·

1011 2189 1078 2226 mam
1101 2177 1155 2226 baec
1181 2177 1212 2227 de
1232 2176 1318 2240 Egeria
1338 2177 1437 2226 tirrxisse
1453 2177 1554 2238 dicunt,
1576 2182 1605 2228 ut
1627 2181 1670 2242 qni
1695 2194 1785 2230 numen

1010 2271 1120 2323 divinum
1133 2277 1270 2324 metuerent
1292 2272 1386 2322 facilius
1407 2273 1502 2323 anbues
1518 2273 1550 2322 ad
1569 2287 1597 2323 se
1615 2272 1785 2333 adverterent,

1010 2370 1037 2420 et
1058 2370 1129 2434 leges·
1142 2383 1205 2434 quas
1227 2369 1323 2421 latonas
1342 2371 1407 2420 esset
1430 2367 1564 2430 lubentius,
1575 2373 1602 2419 nt
1620 2368 1693 2418 adiis
1708 2369 1787 2431 tatas,

1012 2466 1158 2529 deciperent.
1214 2465 1289 2517 Aiunt
1310 2469 1469 2516 autemeam
1490 2464 1515 2515 in
1534 2464 1574 2516 bis
1593 2469 1706 2516 secutum
1730 2480 1786 2517 esse

1010 2566 1147 2628 exemplum
1166 2565 1324 2624 Graeeemm,
1337 2563 1424 2614 Minois
1437 2564 1561 2614 cretensis
1573 2566 1599 2614 et
1620 2564 1723 2627 Lycurgi
1737 2568 1785 2615 La.

1010 2664 1153 2714 celemenii
1173 2664 1298 2728 sapientie
1323 2664 1454 2724 amulum,
1482 2677 1586 2726 qnorum
1612 2662 1673 2713 aiter
1687 2664 1787 2726 quidem

1010 2759 1140 2809 simulabat
1165 2760 1212 2810 sibi
1233 2773 1287 2810 esse
1314 2773 1371 2809 cum
1396 2761 1454 2809 ione
1470 2759 1686 2815 consuetudinem.
1710 2774 1786 2824 quare

1012 2862 1120 2909 montem
1145 2859 1267 2909 Dictaeum
1289 2859 1460 2921 frequentans,
1484 2858 1526 2908 ubi
1548 2859 1636 2908 Jouem
1658 2859 1787 2908 cretenses

1012 2956 1106 3018 tingunt
1133 2968 1148 3004 a
1172 2954 1305 3004 Curetibus
1328 2953 1409 3003 adbuc
1433 2965 1517 3003 reeens
1543 2957 1628 3003 natum
1653 2952 1784 3004 educatum

1011 3060 1079 3107 ease,
1107 3047 1133 3096 in
1165 3060 1261 3096 sarnum
1287 3051 1385 3097 animm
1411 3046 1591 3107 descendebat,
1617 3053 1643 3098 et
1666 3048 1731 3112 leges
1750 3048 1785 3098 ibi

1011 3142 1121 3192 conditas
1135 3142 1160 3190 in
1181 3141 1266 3190 urbem
1285 3141 1418 3200 atterebat,
1433 3154 1496 3204 quas
1517 3154 1543 3191 se
1562 3147 1654 3194 aiore
1676 3144 1785 3207 decipere

1012 3236 1161 3288 affirmabat.
1197 3237 1265 3286 niter
1284 3250 1343 3287 rere
1356 3240 1482 3300 Lucurgns
1497 3239 1622 3301 protectus
1640 3237 1748 3303 Delphos
1760 3254 1786 3290 se

1012 3335 1043 3384 ab
1056 3333 1164 3397 Apolline
1176 3333 1257 3394 legum
1269 3331 1425 3381 serendarum
1441 3333 1561 3382 rationem
1579 3333 1695 3383 didicisse
1713 3335 1782 3385 dixit.

1013 3432 1133 3479 Aeeurate
1156 3428 1231 3493 igitur
1254 3428 1361 3477 scribere
1376 3427 1407 3477 de
1428 3426 1502 3477 rebus
1521 3428 1650 3490 tubulos-is,
1665 3429 1786 3493 precipue

1012 3540 1071 3577 nero
1090 3525 1122 3576 de
1147 3525 1178 3575 iis
1198 3538 1255 3589 qurc
1281 3524 1313 3574 ad
1337 3523 1398 3574 deos
1422 3526 1555 3588 pertinent,
1584 3538 1641 3574 cum
1668 3525 1739 3588 ionga
1759 3523 1786 3574 id

1013 3624 1123 3674 oratione
1141 3623 1250 3690 indigere
1270 3622 1476 3682 animadvertam,
1488 3635 1553 3671 nune
1566 3623 1668 3672 missum
1680 3622 1784 3684 iaciam;

1013 3718 1057 3769 sed
1068 3733 1124 3781 ane
1143 3718 1205 3769 bona
1219 3717 1320 3769 Romani
1341 3716 1458 3766 ridentur
1470 3715 1529 3765 mihi
1542 3729 1572 3765 ex
1595 3716 1661 3766 iilius
1672 3716 1719 3765 viri
1736 3717 1784 3766 im-

1012 3817 1080 3882 perio
1091 3816 1238 3881 percepisse,
1251 3818 1279 3866 ut
1297 3829 1328 3865 ex
1342 3814 1450 3878 ipserum
1468 3813 1608 3863 domesticis
1621 3812 1785 3862 monumentis

1013 3910 1134 3974 comperi,
1149 3911 1280 3968 enarrabo,
1298 3910 1341 3960 nbi
1362 3908 1429 3973 prius
1440 3919 1577 3966 monuero,
1596 3917 1671 3969 quam
1686 3909 1784 3968 pertur-

1013 4007 1087 4057 batus
1113 4005 1200 4055 suisset
1215 4005 1356 4069 reipublice
1375 4006 1469 4063 status,
1491 4003 1620 4063 uunquam
1635 4000 1677 4050 iiie
1698 4001 1731 4051 ad
1743 4015 1784 4053 re-

1013 4117 1087 4167 gnum
1105 4102 1240 4152 accederet.

1043 4185 1116 4234 biiii.
1135 4185 1193 4232 Post
1211 4183 1307 4233 Romuli
1319 4182 1428 4240 obitum,
1445 4192 1502 4230 enm
1518 4181 1617 4229 senatus
1627 4191 1724 4228 omnem
1741 4179 1787 4229 rei·

1015 4264 1119 4329 publicae
1132 4263 1365 4313 administrationem
1383 4261 1490 4325 adeptus
1510 4263 1535 4310 et
1550 4272 1593 4323 per
1603 4258 1724 4321 integrum
1739 4273 1785 4309 arr-

1014 4359 1072 4395 num
1094 4346 1138 4407 (ut
1156 4342 1221 4404 dixi)
1237 4345 1357 4405 potestate
1373 4341 1468 4404 petitus
1486 4344 1565 4399 esset,
1581 4338 1628 4403 ipsi
1649 4341 1731 4404 patres
1747 4339 1786 4388 in-

1013 4430 1051 4476 ter
1066 4441 1093 4475 se
1109 4423 1226 4474 dissidere
1246 4422 1313 4472 etde
1331 4421 1385 4471 iure
1407 4435 1527 4485 requoque
1546 4420 1691 4470 contendere
1703 4431 1786 4483 cuspe-

1014 4511 1080 4554 runt.
1092 4507 1217 4567 Quotquot
1224 4502 1288 4552 enun
1296 4515 1381 4550 eorum
1393 4507 1462 4551 erant
1472 4515 1502 4550 ex
1512 4513 1614 4550 numero
1625 4499 1786 4556 Albanorum,

1013 4585 1054 4647 qui
1068 4597 1124 4633 cum
1138 4580 1241 4633 Rornuio
1253 4580 1372 4629 coloniam
1388 4579 1557 4638 deduxerant,
1573 4580 1599 4628 et
1618 4579 1642 4626 in
1660 4577 1788 4628 sententiis

1013 4663 1123 4713 dicendis
1141 4665 1166 4712 et
1196 4661 1298 4710 summis
1313 4659 1445 4710 bonoribus
1462 4658 1586 4723 capiendis
1599 4658 1786 4722 praerogatiuam

1013 4758 1039 4794 se
1054 4743 1143 4794 habere
1154 4755 1230 4805 seque
1247 4755 1262 4790 a
1273 4741 1342 4790 novis
1352 4740 1446 4789 colonis
1457 4739 1505 4788 coti
1521 4750 1619 4800 aequum
1639 4736 1768 4786 censebant
1779 4753 1785 4783 :

1013 4824 1136 4886 quotquot
1150 4835 1208 4872 rcro
1220 4835 1249 4871 ex
1263 4823 1333 4871 noris
1351 4820 1443 4870 cetenis
1454 4820 1538 4884 postea
1556 4817 1579 4866 in
1600 4818 1698 4878 patrum
1718 4813 1787 4862 ordi·

1013 4917 1069 4953 ncm
1095 4901 1164 4952 retati
1196 4904 1280 4962 erant,
1302 4915 1316 4950 a
1339 4899 1408 4950 nulio
1429 4898 1521 4949 bonore
1544 4910 1570 4945 sc
1596 4893 1713 4943 arcendos
1732 4904 1787 4940 esse

1012 4984 1197 5043 existimabant,
1212 4987 1236 5032 et
1248 4980 1380 5046 putabunt
1393 4979 1558 5029 conditionem
1577 4988 1647 5025 suam
1661 4984 1736 5035 quam
1748 4982 1786 5018 re

1012 5071 1119 5119 tenerum
1141 5068 1287 5118 deteriorem
1304 5073 1418 5114 essenon
1442 5060 1531 5111 debere
1555 5077 1561 5107 ι
1583 5055 1704 5120 praecipue
1727 5065 1785 5102 sero

1012 5150 1133 5211 quotquot
1154 5150 1224 5198 emnt
1241 5143 1323 5198 Sabini
1344 5139 1451 5206 generis,
1465 5141 1491 5190 et
1509 5137 1551 5202 qui
1567 5150 1598 5187 ex
1614 5133 1705 5186 toedere
1718 5129 1784 5195 qued
