3772 5828
186 318 246 378 :tle

189 447 242 510 ίίαλ
261 447 356 507 αὐτίκα
372 443 642 525 παρασκευασάμενοι
665 440 767 523 ᾤχοντο
789 443 831 501 διδ
854 443 964 521 τάχους,

187 540 231 598 ἐπι
246 537 293 616 μέν
304 533 432 601 Αἰκανοὺς
446 537 526 600 Τῖτος
540 530 714 611 Οὐετούριος,
728 530 774 591 ἐπι
789 530 817 588 δὲ
828 531 964 590 Οὐολούσ-

185 656 247 698 κους
262 620 347 695 Αὐλος
367 628 535 708 Οὐεργίνιος,
546 626 622 692 αὐτὸς
637 625 659 683 δ’
671 629 685 683 θ
697 624 829 706 δικτάτωρ
847 624 964 704 [Οὐαλέ-

187 721 252 802 ριος]
274 721 317 780 ἐπὶ
334 718 473 785 Σαύίνους.
516 716 573 788 Τὴν
583 715 610 774 δὲ
625 715 703 776 πολιν
718 716 775 794 ἅμα
798 719 853 783 τοῖς
874 739 966 797 γεραι-

147 829 159 866 ο
187 810 271 892 τέροις
295 811 340 869 καὶ
369 808 450 888 ὐλίγῳ
477 806 528 865 τινὶ
549 805 729 886 στρατεύματι
757 805 864 886 ἀκμαίῳ
888 807 968 872 Τιτος

187 903 302 982 Λάρκιος
322 900 475 981 ἐφύλαττεν.
521 895 555 956 ‘0
572 896 620 971 μέν
637 886 681 954 οὐν
696 893 874 956 Οὐολούσκων
889 894 966 952 πολε·

188 1014 236 1066 μσς
245 989 354 1069 ταχεῖαν
364 987 412 1057 τήν
427 984 514 1063 κρίσιν
528 982 622 1043 ἔλαθε·
637 983 731 1054 πλήθει
744 982 796 1062 γάρ
817 981 967 1062 ὑπεραίρειν

188 1075 255 1136 πολὺ
269 1075 422 1151 νομίσαντες
441 1072 487 1132 καλ
505 1075 557 1130 τῶν
571 1071 705 1153 προτέρων
717 1073 807 1130 κακῶν
821 1073 869 1130 οὐκ
882 1071 967 1146 drep-

186 1164 337 1237 νησθέντες,
353 1160 497 1237 ἀγωνισταὶ
507 1159 617 1239 ταχίους
630 1163 648 1232 ἢ
662 1158 853 1239 φρονιμώτεροι
869 1157 967 1237 [ἀναγ-

135 1260 161 1300 ¹⁰
187 1249 341 1331 κασθὲντες]
367 1251 514 1327 γενόμενοι,
539 1255 631 1310 θᾶττον
653 1255 754 1332 πρῶτοι
768 1248 899 1329 ὥρμησαν
923 1247 966 1307 ἐπι

187 1342 246 1408 τούς
266 1341 431 1416 Ῥωμαίους,
457 1340 536 1410 ἡνίκα
550 1337 675 1421 ὤρθησαν
692 1343 719 1399 ἐν
733 1338 839 1420 συνόψει
852 1358 966 1418 στρατο-

188 1427 373 1493 πεδεύσαντες.
416 1428 565 1505 Γενομένης
579 1426 606 1486 δέ
620 1431 710 1508 μάχης
724 1435 868 1507 καρτερᾶς,
880 1424 967 1485 πολλδι

190 1520 237 1592 μιν
253 1516 395 1595 δράσαντες
417 1523 540 1593 γενναῖα,
556 1516 640 1575 πλείω
657 1517 684 1575 δέ
707 1516 741 1575 τά
761 1514 833 1574 δεινά
855 1512 966 1584 ὑπομεί-

188 1627 291 1676 ναντες,
304 1608 339 1670 εις
354 1603 438 1684 φυγὴν
455 1605 611 1677 τρέπονται,
630 1608 675 1665 καὶ
698 1605 757 1664 ότε
774 1603 861 1687 χάραξ
880 1603 967 1662 αὐτῶν

136 1697 161 1738 ¹⁶
189 1694 273 1764 ἐάλω,
297 1691 342 1750 καλ
367 1692 442 1759 πόλις
463 1693 590 1772 ἐπιφανὴς
605 1696 634 1752 ἐκ
657 1694 811 1774 πολιορκίας
828 1690 967 1772 παρέστη·

187 1781 331 1860 Οὐέλιτραι
355 1781 379 1840 δ’
394 1781 477 1858 ὄνομα
493 1784 572 1862 αὐτῇ.
618 1782 734 1861 Ὁμοίως
748 1782 775 1843 δέ
791 1784 838 1841 καὶ
861 1784 892 1842 τύ
907 1783 965 1843 Σα-

187 1868 267 1930 όίνων
292 1867 415 1953 φρόνημα
431 1875 457 1930 ἐν
478 1872 560 1951 ὀλίγῳ
580 1870 650 1930 πάνυ
675 1868 838 1943 ἐταπεινώθη
867 1868 966 1950 χρόνῳ,

186 1967 237 2040 μιᾷ
253 1957 400 2038 παρατάξει
421 1959 579 2040 ἀμφοτέρων
594 1959 808 2032 νουθετηθέντων.
851 1957 968 2019 Ἔπειτα

184 2047 244 2121 ἥτε
259 2050 335 2128 χώρα
353 2048 533 2126 προενομιύθη
549 2049 595 2107 καί
611 2046 735 2127 πολίχναι
755 2047 821 2115 τινές
833 2047 966 2119 ἑάλωσαν,

133 2156 161 2196 ιιι
185 2135 212 2206 ἐξ
226 2128 263 2195 ὧν
275 2136 360 2194 πολλὰ
374 2137 419 2195 και
441 2136 555 2213 σώματα
567 2138 614 2197 καλ
628 2138 757 2217 χρήματα
772 2138 797 2196 οἱ
807 2139 968 2216 στρατιῶται

186 2224 294 2285 ἔλαθον.
340 2227 451 2285 Αἰκανοί
471 2225 500 2286 δὲ
514 2226 547 2284 τά
568 2231 616 2298 τῆς
635 2226 769 2293 ἀσθενείας
791 2229 890 2285 ἑαυτῶν
907 2227 967 2303 θρα·

188 2317 294 2394 ρῶντες,
311 2315 368 2374 ἐπεὶ
386 2315 419 2374 τλι
437 2318 490 2374 τῶν
513 2313 666 2395 συμμάχων
691 2315 764 2382 τέλος
786 2315 880 2394 ἐχσντα
902 2312 967 2373 ἐπύ-

186 2409 278 2480 θοντο,
294 2403 400 2484 χωρίοις
414 2405 439 2462 τ’
454 2407 556 2485 ἐχυροῖς
575 2404 739 2476 ὑπεκάθηντο
759 2404 803 2463 καὶ
818 2405 856 2470 είς
878 2400 968 2481 μάχας

185 2494 214 2552 οὐ
239 2492 391 2571 προῄεσαν,
416 2492 461 2560 τάς
476 2516 504 2553 τε
521 2492 704 2574 ἀποχωρήσεις
725 2491 778 2572 ἐπῃ
793 2491 919 2552 ἐδύναντο
933 2490 967 2548 δι’

133 2599 159 2636 as
186 2582 254 2660 ὀρῶν
269 2577 286 2652 ἢ
303 2581 409 2660 δρυμῶν
434 2582 564 2664 κρυφαίας
587 2586 740 2658 ἐποιοῦντο,
764 2581 812 2641 καὶ
831 2579 965 2660 διέτριψαν

184 2668 231 2746 μέν
258 2670 321 2750 ἀχρι
339 2671 408 2739 τινδς
434 2671 598 2753 διαφέροντες
623 2671 667 2731 τδν
695 2672 826 2748 πόλεμον·
849 2673 879 2730 οὐ
903 2669 966 2745 μέν·

185 2783 256 2836 τοιγε
277 2759 458 2821 διασώσασθαι
477 2765 560 2822 ἀθῶον
581 2762 631 2835 τὴν
651 2759 779 2843 στρατιάν
803 2757 966 2831 ἐδυνήθησαν

186 2848 346 2923 ἐπιθεμένων
373 2854 459 2917 αὐτοῖς
487 2854 539 2909 τῶν
565 2849 708 2926 Ῥωμαίων
727 2850 753 2907 ἐν
768 2848 876 2929 χωρίοις
899 2868 932 2926 κρ
953 2878 967 2891 ·

186 2936 301 3013 μυώδεσι
325 2941 465 3016 τολμηρῶς
499 2938 544 2996 καλ
569 2939 705 2998 λαθόντων
733 2936 762 2994 ro
790 2933 967 3017 στρατόπεδον

131 3047 157 3085 ao
185 3023 254 3084 κατδι
267 3028 369 3106 κράτος.
412 3024 528 3087 Ἔπειτα
544 3026 614 3107 φυγή
628 3051 657 3086 τε
673 3029 759 3085 αὐτῶν
775 3027 804 3083 ἐκ
816 3028 863 3095 τῆς
882 3021 966 3084 Λατί-

185 3138 235 3172 νων
260 3120 308 3194 γῖης
332 3115 448 3191 ἐγένετο,
473 3115 519 3173 καὶ
544 3115 702 3196 παραδόσεις
727 3116 779 3171 τῶν
804 3113 919 3189 πολεων,
937 3110 967 3177 ἀς

187 3203 279 3283 ἔτυχον
300 3209 385 3264 αὐτῶν
411 3229 444 3284 τη
461 3203 553 3284 πρώτη
569 3204 653 3285 ἐφόδῳ
668 3199 894 3278 καταλαύόμενοι,
916 3201 966 3260 εἰσὶ

186 3292 214 3350 δέ
230 3275 267 3351 db
292 3294 338 3350 καὶ
353 3295 382 3350 ἐκ
401 3291 558 3373 φιλονεικίας
576 3293 623 3350 οὐκ
647 3287 806 3350 ἐκλιπόντων
826 3287 871 3356 τάς
885 3289 967 3368 άκρας

187 3381 307 3448 ἁλώσεις.

132 3491 158 3530 aa
226 3472 326 3532 thll.
351 3470 496 3549 Οὐαλέριος
511 3470 538 3528 δὲ
559 3468 628 3528 κατὰ
645 3474 704 3530 νοῦν
716 3467 886 3549 χωρήσαντος
897 3470 968 3549 αὐτῷ

185 3564 230 3618 τοῦ
243 3559 376 3637 πολέμου,
391 3558 435 3616 τδν
450 3558 560 3618 εἰωθότα
571 3559 700 3641 θρίαμθον
714 3557 766 3617 ἀπὸ
778 3562 824 3631 τῆς
835 3558 909 3631 νίκης
920 3581 968 3617 κα·

184 3648 319 3728 ταγαγὼν,
332 3648 448 3708 ἀπέλυσε
461 3648 504 3708 τδν
516 3650 598 3727 δήμου
610 3649 663 3709 ἀπδ
672 3653 718 3721 τῆς
729 3649 882 3728 στρατείας,
895 3647 969 3707 ούπω

184 3741 231 3809 τῆς
244 3741 337 3818 βουλῆς
348 3737 437 3817 καιρδν
449 3729 690 3815 εἶναινομιζούσης,
699 3739 742 3796 ἵνα
751 3737 788 3814 μὴ
799 3737 844 3805 τάς
856 3737 969 3816 ὑποσχέ-

185 3848 238 3893 σεις
248 3829 382 3884 ἀπαιτοῖεν
394 3830 417 3885 οι
426 3826 532 3908 άποροι·
544 3828 579 3893 εἰς
587 3826 614 3883 δὲ
624 3825 671 3896 τὴν
684 3824 848 3903 δορίκτητον,
859 3825 891 3897 ἣν
902 3826 969 3886 Οὐσ-

132 3937 159 3975 ιυ
184 3915 310 3982 λσύσκους
325 3916 471 3996 ἀφείλοντο,
486 3914 647 3995 κληρούχους
664 3914 835 3985 ἀπέστειλεν,
851 3913 969 3982 ἐπιλέξας

186 4002 280 4079 ἀνδρας
291 4007 320 4060 ἐκ
334 4009 385 4062 τῶν
400 4004 519 4086 ἀπόρων,
533 4002 557 4061 οἲ
571 4002 619 4074 τήν
634 4026 662 4060 τε
670 4002 800 4077 πολεμίαν
814 4000 968 4080 φρουρήσειν

185 4091 295 4166 ἔμελλον
301 4095 346 4150 καὶ
352 4096 381 4153 ab
388 4097 413 4152 ἐν
423 4098 455 4174 τῇ
462 4094 536 4154 πολει
547 4092 686 4161 στασιάζον
698 4090 805 4150 ἔλαττον
813 4089 966 4158 ἀποδείξειν.

188 4182 280 4240 Ταῦτα
302 4182 499 4258 διοικησάμενος
514 4181 587 4254 ἠξίου
599 4181 647 4252 τήν
666 4177 763 4260 βουλὴν
779 4176 826 4244 τάς
849 4180 967 4259 ὑποσχέ-

187 4292 242 4335 σεις
266 4272 336 4348 αύτῷ
362 4270 526 4346 βεθαιῶσαι,
553 4268 747 4347 κεκομισμένην
771 4269 801 4328 τδ
820 4267 893 4348 cepi
922 4274 968 4329 τοῦ

135 4378 162 4415 ιι
187 4357 301 4429 πλήθους
317 4357 447 4434 πρόθυμον
463 4362 556 4427 ἐντοῖς
573 4362 683 4436 ἀγῶσιν.
728 4358 775 4426 Ὡς
793 4355 819 4416 δὲ
843 4363 967 4440 οὐπροα-

187 4454 256 4523 εῖχεν
283 4447 354 4525 αὐτῷ
380 4447 423 4503 τὀν
460 4455 533 4525 νοῦν,
559 4451 617 4508 ἀλλ’
641 4449 714 4526 οίπερ
738 4448 863 4527 πρότερον
887 4452 967 4519 ἠναν-

185 4541 287 4593 τιούντο
311 4559 343 4613 τη
372 4534 463 4614 γνώμῃ
495 4538 687 4618 συστρέψαντες
712 4535 817 4602 ἑαυτούς
848 4539 900 4594 νέοι
924 4537 969 4595 καὶ

189 4625 269 4705 βίαιοι
284 4624 328 4682 καὶ
342 4624 437 4695 πλήθει
450 4630 501 4683 τῶν
515 4627 610 4705 ἐτέρων
626 4630 837 4706 ἐπικρατοῦντες,
851 4626 896 4683 καὶ
910 4625 969 4684 τότε

187 4716 363 4793 ἀντέπραττον
376 4715 420 4771 καὶ
438 4717 522 4793 πολλῇ
539 4716 658 4795 auraici]
674 4718 806 4794 ἐχρῶντο,
822 4717 869 4786 τήν
885 4713 969 4773 οἰκίαν

135 4816 162 4853 ⁵⁰
189 4806 275 4862 αὐτῶν
288 4803 460 4879 δημοκόλακα
477 4805 663 4883 ἀποραίνοντες
684 4803 729 4863 καὶ
745 4803 832 4877 νόμων
847 4807 968 4879 πονηρῶν

189 4892 325 4970 ἀρχηγὸν,
353 4884 375 4973 ᾧ
400 4891 427 4950 δέ
450 4893 567 4969 μάλιστα
588 4893 735 4971 ἠγάλλοντο
760 4894 783 4950 οι
816 4891 907 4969 ἀνδρες
926 4892 969 4950 ἐπι

188 4980 235 5046 τῆς
259 4982 401 5052 ἐκκλησίας
420 4985 472 5040 τῶν
495 4983 671 5059 δικαστηρίων
700 4978 889 5055 πολιτεύματι,
910 4980 970 5037 τού-

190 5085 228 5140 τῳ
241 5072 329 5124 πᾶσαν
344 5070 500 5149 ἧροινικίναι
520 5070 567 5141 τήν
585 5073 638 5127 τῶν
653 5066 800 5149 πατρικίων
816 5068 969 5126 δυναστείαν

190 5146 352 5225 αἰτιώμενοι·
368 5157 527 5232 σχετλιάσας
540 5161 554 5214 θ
568 5154 711 5236 Οὐαλέριος
722 5153 821 5227 πολλδι,
833 5155 878 5213 καλ
890 5156 925 5220 ὡς
940 5157 968 5213 οὐ

705 308 874 370 DlONYSll
897 309 1279 374 HALlCARNASSENSlS

1019 455 1058 504 tes
1069 454 1122 518 ipse
1131 454 1236 505 dictator
1247 454 1361 506 ducebat.
1395 459 1475 522 Atque
1483 458 1600 511 instructi
1608 470 1694 512 omncs
1703 462 1799 514 contes-

1021 543 1065 593 tim
1074 547 1228 596 maturarunt
1238 545 1293 606 iter,
1307 549 1333 596 et
1344 546 1369 596 in
1382 549 1474 611 AEquos
1487 552 1516 599 Τ.
1529 550 1663 611 veturius,
1685 551 1712 601 in
1728 553 1800 604 Vols·

1020 645 1063 681 cos
1074 636 1102 683 Α.
1113 633 1252 697 Virginius,
1263 635 1293 696 [ιιι
1308 634 1411 686 sabmos
1424 638 1476 702 ipse
1488 638 1598 690 dictator
1612 639 1726 690 Valerius
1738 656 1795 706 pro·

1020 721 1100 770 tectus
1114 723 1161 771 est.
1195 721 1233 772 Ad
1245 722 1314 773 urbis
1327 737 1387 774 vero
1398 726 1535 777 custodiam
1548 740 1604 778 cum
1624 729 1761 780 senioribus
1773 735 1800 782 et

1020 806 1110 869 exigua
1124 807 1233 870 quadam
1245 807 1366 858 iuniorum
1380 822 1455 860 manu
1475 813 1504 861 T.
1516 812 1618 863 Larcius
1635 813 1735 864 relictus
1747 819 1796 868 est.

1020 897 1123 944 Aecum
1137 893 1233 944 Volscis
1248 895 1297 944 cito
1308 880 1456 948 debellatum
1476 903 1523 950 est.
1559 900 1621 952 ilum
1636 901 1701 952 enim
1715 915 1742 954 se
1754 903 1800 952 mi-

1021 981 1092 1032 litum
1106 996 1211 1034 nomem
1223 983 1294 1048 longe
1310 986 1449 1051 superiores
1467 985 1582 1040 hostibus
1595 990 1766 1043 existimarent
1777 992 1802 1044 ei

1021 1073 1176 1137 superiorum
1190 1073 1297 1125 cladium
1309 1075 1474 1140 immemores,
1482 1079 1588 1130 celerius
1601 1094 1676 1144 quam
1691 1082 1800 1145 pruden-

1020 1161 1071 1210 tius
1088 1161 1211 1226 pugnandi
1220 1163 1303 1214 studio
1323 1166 1419 1231 abrepti
1436 1170 1528 1228 essent,
1541 1168 1611 1218 ocius
1630 1169 1655 1218 in
1675 1173 1800 1220 Romanos

1021 1249 1068 1314 ipsi
1080 1251 1173 1313 priores
1197 1253 1315 1319 impetum
1331 1256 1454 1315 lecerunt,
1480 1256 1629 1320 simulatque
1647 1257 1673 1307 in
1686 1263 1800 1309 mutuum

1021 1345 1182 1405 conspectum
1198 1357 1303 1406 venere,
1317 1348 1344 1395 et
1367 1345 1438 1396 alteri
1450 1345 1584 1397 alterorum
1604 1351 1686 1398 cestra
1707 1348 1797 1400 ridere

1021 1431 1160 1482 θοιιιιιιιεεο
1172 1436 1254 1484 nutem
1268 1434 1321 1484 acri
1342 1433 1426 1499 proelio
1454 1436 1534 1486 multa
1546 1435 1646 1500 quidem
1663 1437 1759 1501 egregia
1768 1438 1800 1487 ta·

1021 1520 1104 1572 ciuora
1117 1521 1260 1579 ediderunt.
1275 1523 1319 1574 sed
1335 1524 1406 1588 longe
1426 1524 1513 1574 maiori
1522 1525 1592 1576 clade
1603 1530 1706 1590 accepta
1718 1527 1743 1576 in
1762 1528 1801 1576 tu-

1021 1627 1077 1677 gam
1091 1615 1156 1664 versi
1166 1618 1240 1674 sunt;
1255 1619 1281 1664 οι
1292 1616 1373 1665 castra
1388 1628 1474 1665 eorum
1486 1617 1557 1679 capta
1573 1619 1646 1677 suut,
1664 1620 1690 1665 et
1708 1615 1802 1678 insigne

1022 1701 1088 1753 itlius
1097 1704 1177 1767 gentis
1191 1703 1326 1768 oppidum,
1344 1705 1383 1753 cui
1395 1715 1485 1753 nomen
1499 1707 1553 1753 erat
1576 1703 1691 1763 Velitre,
1712 1704 1799 1754 obses·

1022 1802 1079 1840 ιιιιιι
1093 1791 1119 1841 ιιι
1136 1790 1218 1855 populi
1234 1790 1337 1840 Romani
1356 1793 1503 1854 potestatem
1523 1790 1598 1842 venit.
1630 1791 1688 1841 Pari
1702 1802 1800 1854 quoque

1022 1878 1096 1929 modo
1109 1879 1242 1943 perexiguo
1253 1878 1370 1943 temporis
1379 1879 1460 1944 spatio
1469 1878 1617 1930 Sabinorum
1630 1879 1744 1944 superbia
1754 1879 1800 1930 do·

1023 1967 1084 2018 mita
1111 1971 1158 2018 est.
1193 1970 1223 2017 Et
1242 1973 1373 2032 postquam
1397 1983 1447 2018 uno
1461 1968 1548 2034 prelio
1571 1970 1672 2032 utrique
1697 1970 1802 2034 repressi

1023 2041 1096 2118 snut,
1106 2056 1196 2107 deiude
1207 2070 1266 2119 ager
1280 2061 1392 2107 vastatus
1403 2060 1444 2108 est
1457 2060 1482 2109 οι
1491 2058 1606 2123 oppidula
1617 2060 1712 2124 aliquot
1720 2074 1801 2124 expu-

1021 2149 1103 2210 gnata,
1115 2144 1180 2196 nnde
1194 2158 1309 2210 magnum
1320 2146 1448 2196 hominum
1467 2160 1596 2198 nnmerum
1609 2147 1697 2196 milites
1709 2148 1800 2212 abege·

1022 2236 1095 2294 runt,
1117 2246 1278 2298 magnamque
1297 2236 1408 2299 pecunie
1426 2236 1480 2286 vim
1507 2234 1690 2300 absportarunt.
1725 2237 1799 2299 AEqui

1022 2323 1143 2374 verosuis
1160 2324 1256 2374 viribus
1267 2324 1428 2387 dissidentes,
1442 2328 1572 2390 postquam
1592 2325 1738 2376 endiremnt
1756 2325 1800 2376 de·

1022 2412 1141 2464 bellatum
1161 2426 1219 2463 cnm
1235 2413 1324 2475 sociis,
1339 2413 1498 2465 continebant
1508 2426 1535 2466 sc
1546 2414 1572 2465 in
1584 2414 1645 2465 locis
1662 2415 1801 2464 munitiori-

1023 2501 1083 2564 bus,
1095 2514 1176 2567 neque
1193 2502 1306 2553 inaciem
1320 2503 1418 2567 prodire
1430 2502 1570 2565 audebant,
1588 2507 1615 2556 et
1625 2518 1675 2568 quo
1689 2508 1802 2568 poterant

1021 2591 1086 2641 clam
1096 2604 1124 2641 se
1138 2590 1288 2655 recipiebant
1296 2604 1340 2656 per
1353 2593 1474 2643 montium
1482 2593 1538 2659 iuge
1546 2597 1573 2645 et
1589 2593 1679 2657 saltus,
1697 2597 1723 2644 et
1738 2597 1802 2645 tem·

1023 2694 1071 2745 pus
1085 2685 1193 2733 terentes
1204 2682 1296 2733 bellum
1315 2682 1459 2746 aliquandiu
1479 2684 1660 2749 produxerunt.
1692 2676 1747 2736 No'n
1762 2699 1803 2750 po·

1022 2773 1123 2822 tuerunt
1143 2776 1226 2822 tamen
1252 2771 1403 2823 incolumem
1422 2774 1561 2825 exercitum
1586 2774 1719 2835 reducere,
1745 2776 1802 2838 quia

1022 2861 1124 2911 Romani
1147 2860 1171 2910 in
1186 2860 1249 2911 locis
1265 2862 1397 2926 praeruptis
1417 2862 1536 2914 οιιιιεσιοτ
1547 2876 1591 2915 eos
1600 2865 1658 2913 sunt
1668 2862 1762 2922 adorti,
1776 2867 1802 2913 οι

1022 2952 1103 3001 castre
1125 2963 1211 3000 eorum
1232 2950 1257 3000 vi
1277 2952 1455 3016 expugnarunt.
1490 2953 1544 3009 Quo
1569 2951 1634 3001 lacto
1656 2952 1681 3002 et
1704 2950 1751 3014 ipsi
1769 2965 1799 3000 cr

1022 3051 1080 3101 agro
1090 3038 1178 3088 Latino
1191 3040 1320 3102 fugerunt,
1339 3051 1370 3089 ac
1389 3050 1448 3088 naor
1469 3035 1670 3087 mente-crebre
1690 3035 1798 3085 deditio-

1022 3140 1066 3177 nes
1076 3128 1174 3177 urbium
1184 3166 1191 3188 ,
1203 3142 1266 3191 quas
1285 3128 1365 3192 primo
1378 3139 1423 3176 suo
1434 3124 1541 3176 adremn
1555 3127 1629 3188 atque
1642 3125 1738 3189 impetu
1759 3139 1796 3175 ce-

1021 3219 1122 3281 perunt,
1138 3215 1261 3266 rionnuliae
1276 3218 1350 3267 etiam
1369 3216 1513 3281 expugnatas
1528 3216 1601 3275 sunt,
1613 3226 1718 3278 quarum
1732 3227 1797 3265 arces

1021 3305 1143 3355 obstinate
1156 3305 1240 3356 hostes
1251 3306 1366 3357 deserere
1380 3303 1500 3356 nolebant.

1055 3464 1142 3513 XLlll.
1161 3461 1276 3512 Valerius
1287 3466 1386 3521 autem,
1402 3476 1460 3512 cum
1476 3461 1502 3513 id
1516 3460 1609 3513 bellum
1620 3460 1736 3512 exanimi
1750 3475 1798 3511 sen·

1024 3557 1099 3608 tentia
1111 3555 1159 3620 ipsi
1180 3555 1355 3618 successisset,
1370 3555 1403 3607 de
1420 3569 1489 3606 more
1503 3556 1535 3606 ob
1555 3558 1653 3620 partam
1672 3556 1799 3605 uictoriam

1024 3655 1082 3703 acto
1093 3650 1229 3715 triumpho,
1242 3648 1334 3700 milites
1343 3648 1452 3711 dimisit,
1461 3663 1611 3713 quamquam
1628 3653 1729 3700 senatus
1746 3663 1800 3698 non·

1023 3746 1083 3795 dum
1097 3743 1122 3794 id
1135 3746 1303 3809 opportunum
1318 3747 1415 3807 tempus
1434 3756 1489 3793 esse
1510 3741 1685 3800 arbitrabatur,
1700 3756 1730 3792 ne
1749 3742 1800 3791 ino·

1023 3851 1067 3906 pes
1076 3836 1195 3901 promissa
1207 3839 1351 3900 repeterent.
1387 3839 1415 3886 lu
1426 3849 1513 3900 agrum
1526 3839 1608 3886 antem
1620 3833 1683 3884 bello
1692 3837 1798 3897 partum,

1026 3945 1100 3996 quem
1121 3928 1219 3980 Volscis
1233 3929 1389 3991 ademerant,
1412 3930 1512 3981 colonos
1526 3929 1608 3992 misit,
1621 3941 1683 3992 quos
1696 3927 1727 3978 de
1745 3927 1797 3976 ino·

1023 4042 1081 4093 pum
1095 4041 1197 4077 numero
1211 4028 1343 4093 selegerat,
1355 4033 1383 4081 ut
1398 4032 1423 4080 et
1432 4029 1548 4081 hostilem
1560 4041 1656 4094 agrum,
1670 4040 1744 4091 quem
1758 4041 1795 4075 ce·

1024 4122 1275 4183 permemoratur,
1299 4125 1325 4172 et
1343 4121 1488 4172 seditionem
1518 4120 1638 4172 urbanam
1656 4119 1799 4170 minuerent.

1025 4230 1069 4281 llis
1082 4230 1158 4281 rebus
1173 4229 1262 4293 gestis,
1289 4222 1360 4288 petiit
1380 4235 1394 4269 u
1409 4221 1510 4279 senatu,
1525 4219 1569 4278 ut,
1589 4229 1646 4266 cum
1666 4217 1800 4280 promptam

1024 4322 1101 4387 plebis
1113 4321 1137 4370 in
1150 4320 1241 4384 preliis
1256 4314 1351 4378 osqrerti
1368 4312 1417 4361 sint
1429 4321 1544 4372 operam,
1559 4305 1582 4357 ei
1604 4311 1750 4370 prestarent
1762 4306 1800 4356 illa

1024 4430 1080 4482 quae
1093 4414 1246 4479 promiserat.
1279 4409 1325 4459 Sed
1339 4420 1395 4456 cum
1411 4407 1511 4452 senatus
1527 4401 1559 4450 ad
1576 4402 1629 4450 eius
1645 4401 1719 4450 rerba
1738 4411 1802 4450 men·

1024 4517 1074 4564 tem
1094 4523 1142 4558 non
1155 4507 1295 4561 adhiberet,
1314 4505 1339 4552 at
1356 4504 1398 4560 (ut
1419 4498 1507 4559 antea)
1525 4497 1634 4546 iuniores
1656 4501 1683 4546 et
1703 4495 1802 4546 violenti

1025 4602 1136 4652 homines
1154 4602 1207 4651 eius
1228 4597 1356 4650 sententiae
1377 4595 1576 4648 adversarentur,
1593 4591 1636 4654 qui
1662 4592 1737 4640 etium
1750 4588 1803 4638 aliis

1026 4708 1127 4745 numero
1141 4695 1212 4753 longe
1232 4692 1368 4756 superiores
1387 4692 1472 4747 erant,
1488 4691 1512 4738 et
1528 4685 1636 4749 grauiter
1648 4684 1673 4733 in
1693 4697 1749 4733 eum
1766 4683 1797 4731 ιιι-

1025 4787 1182 4848 veherentur,
1192 4785 1269 4849 ipsius
1282 4783 1399 4834 familiam
1412 4779 1497 4846 populi
1509 4776 1670 4827 adulatricem
1683 4776 1800 4839 appellare

1025 4885 1076 4938 tes,
1087 4883 1114 4929 et
1128 4892 1226 4929 morum
1246 4877 1413 4941 improborum
1428 4876 1565 4932 auctorem,
1579 4872 1652 4934 eique
1670 4868 1798 4932 exprobra·

1024 4977 1091 5033 rent,
1112 4973 1178 5036 quod
1193 4986 1250 5037 rege
1270 4971 1301 5021 de
1321 4970 1470 5020 iudiciorum
1486 4965 1677 5031 provocatione,
1698 4975 1748 5022 qua
1772 4962 1794 5009 ιι

1025 5065 1129 5117 maxime
1143 5067 1319 5131 gloriabantur,
1332 5065 1410 5128 ipsam
1424 5061 1587 5129 patriciorum
1599 5055 1732 5126 potentiam
1745 5055 1805 5105 sun-

1024 5166 1091 5216 ditus
1101 5165 1257 5225 sustulisset,
1270 5169 1329 5213 tunc
1343 5164 1468 5227 precipue
1485 5162 1599 5213 valerius
1612 5156 1719 5223 graviter
1737 5155 1801 5206 indi·
