3772 5828
207 530 234 586 αἱ
251 527 387 605 παρθένοι,
409 526 548 604 τεκμήριον
571 527 709 605 οὐμικρόν
737 526 912 605 παρεχόμενοι
932 535 976 587 τοῦ

205 615 327 693 λόγουτὸ
342 612 446 691 συμόδιν
465 615 525 692 περὶ
544 614 592 686 τὴν
608 613 737 691 ἔμπρησιν
762 619 806 673 τοῦ
821 619 889 692 ἱεροῦ
909 617 977 674 κατὰ

203 703 247 760 τδν
268 701 422 762 Φοινικικόν
438 701 552 779 πόλεμον
573 703 618 760 τόν
633 707 736 782 πρῶτον
763 704 895 761 συστάντα
911 706 979 766 Ῥω·

204 790 289 866 μαίοις
303 790 367 869 πρὸς
386 791 583 869 Καρχηδονίους
595 790 654 870 περί
674 793 806 858 Σικελίας.
851 791 976 874 Ἐμπρη-

162 897 175 934 ο
203 877 305 944 σθένεος
328 879 379 957 γδρ
401 883 447 935 τοῦ
469 878 592 953 τεμένους
615 882 660 937 καὶ
681 882 732 936 τῶν
752 881 887 958 παρθένυιν
913 905 976 962 φευ-

207 973 310 1043 γουσῶν
329 969 359 1025 έκ
372 972 418 1026 τοῦ
441 968 530 1045 πυρὸς,
556 969 608 1025 τῶν
628 970 786 1048 ἱεροφαντῶν
809 991 847 1034 τις
870 971 977 1035 Λεύκιος

204 1057 368 1122 ἱὶαικίλιοςὶ
391 1056 551 1126 καλούμενος
575 1057 722 1127 Μέτελλος,
746 1056 810 1133 ἀνὴρ
832 1057 974 1130 ὑπατικὸς,

201 1144 215 1199 δ
238 1142 281 1201 τόν
297 1142 413 1216 ἀοίδιμον
440 1146 468 1200 ἐκ
488 1143 609 1208 Σικελίας
630 1143 683 1201 ἀπὸ
710 1142 896 1223 Καρχηδονίων
913 1168 976 1203 κατ·

201 1228 307 1311 αγαγὼν
327 1229 396 1287 όκτόν
417 1229 462 1287 καί
485 1229 625 1307 τριάκοντα
650 1231 695 1289 καὶ
717 1232 809 1289 έκατδν
832 1232 976 1312 ἐλεφάντινον

148 1334 175 1375 to
202 1318 344 1400 θρίαμόον,
362 1316 491 1395 ὑπεριδὼν
515 1322 561 1388 τῆς
577 1318 643 1386 ἰδίας
666 1319 808 1399 ἀσφαλείας
833 1327 878 1378 τοῦ
903 1326 976 1402 κοινῇ

201 1409 376 1488 συμφέροντος
399 1405 488 1478 ἕνεκα,
500 1407 731 1486 παρεκινδύνευσεν
751 1410 787 1475 εἰς
801 1406 834 1467 sd
849 1402 978 1486 καιόμενα

202 1497 344 1574 βιάσασθαι
364 1493 458 1553 καὶτὰ
480 1495 686 1577 καταλειφθέντα
705 1496 756 1554 ὑπὸ
775 1501 828 1556 τῶν
842 1497 976 1576 παρθένιον

201 1584 323 1665 ἁρπάσας
336 1583 394 1662 ἱερδι
416 1583 540 1642 διέσωσεν
559 1585 589 1642 ἐκ
614 1588 659 1644 τοῦ
683 1586 777 1660 πυρός·
796 1584 837 1665 ἐφ’
861 1577 977 1664 ᾧτεμδς

199 1672 273 1751 παρδι
286 1676 334 1743 τῆς
352 1671 451 1737 πόλεως
465 1671 623 1749 ἐξηνέγκατο
644 1671 772 1752 μεγάλας,
793 1677 828 1740 ὡς
845 1679 860 1744 ἢ
877 1677 923 1744 τῆς
938 1675 974 1732 εί-

148 1776 172 1814 te
199 1759 271 1826 κόνος
281 1762 359 1818 αὐτοῦ
372 1763 419 1829 τῆς
432 1761 458 1817 έν
470 1765 506 1840 τῷ
518 1761 679 1840 Καπιτωλίῳ
693 1762 832 1839 γενομένης
843 1762 975 1842 ἐπιγραφὴ

200 1848 334 1928 μαρτυρεῖ.
366 1851 451 1907 Τοῦτο
465 1849 497 1919 δὴ
510 1849 632 1916 λαθόντες
647 1849 854 1928 ὁμολογούμενον
871 1853 974 1910 ἐπιαυν·

198 1936 323 1995 άπτουσιν
350 1935 422 1995 αὐτοὶ
443 1938 606 2015 στοχασμούς
633 1962 704 2004 τινας
720 1938 807 2010 ἰδίους,
827 1941 850 1996 οί
876 1937 923 2014 μέν
947 1942 976 1998 ἐκ

198 2028 250 2084 τῶν
273 2027 298 2083 ἐν
315 2023 478 2106 Σαμοθρᾴκῃ
495 2025 612 2102 λέγοντες
633 2029 710 2105 ἱερῶν
725 2035 818 2105 μοῖραν
834 2016 901 2085 είναὶ
915 2050 973 2086 τινα

197 2113 395 2192 φυλαττομένην
418 2113 464 2184 τήν
486 2114 595 2187 ἐνθάδε,
621 2114 758 2191 Δαρδάνου
790 2115 837 2189 μέν
870 2116 905 2181 εἱς
926 2116 974 2185 τὴν

144 2228 171 2266 m
199 2202 242 2282 ὑφ’
256 2205 349 2260 ἑαυτοῦ
364 2206 514 2261 κτισθεῖσαν
534 2201 609 2260 πόλιν
633 2204 662 2260 ἐκ
680 2206 727 2272 τῆς
752 2201 833 2272 νήσου
858 2202 891 2261 τὰ
916 2207 974 2282 ἱερὰ

198 2291 432 2368 μετενεγκαμένου,
452 2291 555 2350 Αἰνείου
571 2289 594 2348 δ’
608 2290 645 2348 ὅτ’
659 2290 750 2369 ἔφυγεν
770 2293 801 2349 lx
815 2295 861 2363 τῆς
873 2292 973 2372 Τρωά-

198 2380 241 2444 δος
256 2376 312 2455 άμα
326 2387 380 2443 τοῖς
395 2379 482 2445 ἄλλοις
505 2379 549 2437 καῖ
568 2382 652 2436 ταῦτα
667 2377 824 2453 κομίσαντος
848 2381 883 2446 είς
904 2379 973 2440 Ἰτα-

197 2467 276 2527 λίαν·
306 2470 329 2527 οἱ
363 2466 390 2525 δὲ
414 2466 444 2524 τὸ
473 2465 588 2533 διοπετὲς
619 2467 764 2525 παλλάδιον
788 2467 974 2547 ἀποφαίνοντες

197 2546 264 2615 εἶναι
282 2555 313 2616 τδ
327 2557 391 2636 παρ’
416 2553 522 2614 Ἰλιεῦσι
541 2555 689 2633 γενόμενον,
713 2557 748 2620 ὡς
771 2556 876 2614 Αἰνείου
897 2554 972 2632 κομί·

143 2666 169 2705 ευ
198 2667 289 2710 σαντος
302 2644 365 2702 αὐτὸ
378 2642 412 2701 δι’
427 2642 574 2721 ἐμπειρίαν,
594 2640 706 2721 Ἀχαιῶν
723 2640 793 2699 δὲτὸ
809 2640 909 2716 μίμημ’
926 2642 973 2698 αὖ·

196 2737 242 2791 τοῦ
253 2729 387 2790 λαθόντων
402 2729 499 2808 κλοπῇ,
514 2729 574 2810 περὶ
592 2721 621 2788 οἱ
637 2729 731 2788 πολλοὶ
750 2729 840 2810 σφόδρ’
858 2728 973 2808 εἱρηνται

197 2826 318 2893 ποιηταῖς
342 2840 370 2876 τι
396 2816 442 2875 καί
463 2823 641 2896 συγγραφεῦσι
659 2817 744 2895 λόγοι.
789 2815 861 2893 Ἐγὼ
886 2815 914 2874 δὲ
943 2816 973 2873 τὸ

199 2908 246 2984 μίν
264 2896 332 2967 εἶναί
352 2930 411 2965 τινα
425 2914 478 2972 τοῖς
499 2907 604 2972 πολλοῖς
624 2905 702 2975 ἄδηλ’
717 2904 775 2982 ἱερδι
797 2906 972 2983 φυλαττόμεν’

198 2995 249 3056 ὓπδ
262 2999 314 3055 τῶν
334 2994 469 3076 παρθένων
483 2995 528 3052 καί
550 2996 579 3052 ού
602 2994 632 3051 εδ
645 2998 698 3070 πῦρ
720 2991 796 3067 μόνον
819 2993 848 3048 ἐκ
867 2991 971 3051 πολλῶν

142 3098 169 3140 ³0
197 3083 266 3142 πάνυ
280 3082 534 3160 καταλαμόάνομαι·
548 3082 605 3141 τὶνα
622 3081 648 3141 δέ
663 3081 737 3139 ταῦτ’
760 3079 833 3138 ἐστίν
847 3082 894 3138 οὐκ
909 3079 972 3148 diuis

196 3172 427 3255 πολυπραγμονεῖν
442 3170 497 3230 οὔτ’
517 3171 630 3247 ἐμαυτόν
645 3168 701 3226 οὔτ’
717 3168 795 3226 ἄλλον
813 3168 905 3226 οὐδένα
919 3172 970 3227 τῶν

197 3262 361 3340 βουλομένων
375 3258 409 3319 τδι
422 3260 486 3339 πρός
500 3257 571 3325 θεοὺς
585 3257 644 3317 ὅσια
658 3261 759 3337 τηρεῖν.

236 3352 348 3412 vall.
367 3352 401 3408 Αἱ
414 3348 441 3406 δὲ
455 3347 641 3427 θεραπεύουσαι
654 3347 701 3419 τὴν
714 3346 769 3406 θεὸν
782 3345 905 3426 παρθένοι
915 3345 971 3404 τέτ-

198 3461 272 3516 ταρες
283 3437 329 3512 μέν
344 3429 411 3508 ἦσαν
422 3439 482 3495 κατ’
491 3437 643 3515 άρχδις,τῶν
654 3437 782 3514 βασιλέοιν
792 3433 873 3498 αὖτθς
886 3437 972 3513 αἱρου-

143 3538 169 3579 :ts
198 3524 282 3600 μένων
296 3529 335 3605 ἐφ’
349 3517 385 3591 οἱς
400 3524 580 3595 κατεστήσατο
596 3524 703 3590 δικαίοις
716 3527 730 3581 ό
747 3524 853 3599 Νόμας·
864 3521 970 3601 ὕστερον

197 3613 224 3670 δέ
238 3612 279 3670 διδι
294 3615 391 3684 πλῆθος
405 3617 456 3671 τῶν
469 3616 617 3692 ἱερουργιῶν
633 3612 663 3677 ἃς
681 3614 842 3671 ἐπιτελοῦσιν
856 3610 882 3679 ἓξ
896 3613 969 3687 γενό-

198 3723 275 3774 μεναι
284 3699 362 3780 μέχρι
374 3706 420 3760 τοῦ
431 3703 491 3759 καθ’
503 3705 572 3773 ἡμᾶς
582 3699 734 3776 διαμένουσι
746 3700 854 3777 χρόνου,
867 3701 969 3759 δίαιταν

197 3785 384 3866 ἔχουσαιπαρδι
396 3792 428 3866 τῇ
439 3790 500 3866 θεῷ,
508 3787 568 3845 ἔνθα
581 3788 613 3844 δι’
622 3787 721 3866 ἡμέρας
732 3788 778 3861 μὲν
789 3787 870 3853 οὐδεὶς
882 3788 971 3867 ἀπείρ-

196 3896 271 3951 γεται
293 3878 344 3932 τῶν
371 3876 535 3952 βουλομένων
563 3874 686 3945 εἰσιέναι,
709 3874 812 3951 νύκτωρ
835 3875 859 3931 δ’
886 3876 969 3933 οὐδενὶ

141 3983 169 4027 ευ
196 3963 248 4020 τῶν
261 3963 373 4041 ἀρρένων
388 3960 662 4036 ἐναυλίσασθαιθέμις.
707 3962 805 4039 Χρόνον
817 3959 843 4017 δὲ
855 3984 970 4038 τριακον·

196 4055 276 4119 ταετῆ
292 4051 378 4126 μένειν
400 4050 481 4118 etri<
497 4052 638 4126 ἀναγκαῖον
656 4049 738 4125 ἁγνὰς
759 4048 852 4126 γάμοιν
868 4052 969 4122 θυηπο-

196 4141 293 4206 λούσας
308 4164 337 4199 τε
366 4141 410 4198 καὶ
430 4131 515 4198 edite
536 4137 729 4218 θρησκευούσας
745 4135 814 4195 κατόι
833 4136 927 4213 νόμον·
943 4139 970 4196 έν

197 4219 219 4310 ᾧ
235 4228 297 4288 δέκα
319 4227 365 4304 μέν
392 4230 436 4300 ἔτη
454 4227 592 4305 μανθάνειν
608 4225 687 4292 αὖτδς
703 4225 766 4294 ἔδει,
794 4226 856 4286 δέκα
871 4226 895 4282 δ’
910 4228 970 4285 έπε-

196 4318 279 4376 τελεῖν
295 4317 327 4374 τὰ
341 4317 413 4396 ἱερδι,
429 4318 460 4377 τὰ
483 4315 510 4374 δὲ
532 4313 613 4375 λυιπδι
635 4313 698 4371 δέκα
720 4313 851 4372 διδάσκειν
868 4313 967 4393 ἑτέρας.

143 4423 169 4463 ts
197 4406 429 4486 Ἐκπληρωθείσης
447 4405 474 4464 δέ
499 4411 544 4476 τῆς
566 4403 777 4485 τριακονταετίας
799 4401 872 4461 οὐδέν
890 4395 921 4474 ἦν
941 4402 970 4461 τδ

199 4497 315 4554 κωλῦσον
330 4492 376 4559 τός
394 4494 553 4572 βουλομένας
570 4491 710 4559 ἀποθείσας
724 4491 757 4550 τδι
772 4490 913 4566 στέμματα
925 4491 970 4549 καί

196 4581 229 4640 τδι
244 4582 322 4640 λοιπὰ
340 4581 487 4661 παράσημα
501 4584 547 4650 τῆς
565 4581 708 4659 ἱερωσύνης
722 4581 873 4657 γαμεῖσθαι.
919 4578 970 4637 Καί

198 4671 323 4732 ἐποίησάν
338 4694 404 4736 τινες
421 4673 497 4726 τοῦτο
516 4667 584 4726 πάνυ
603 4669 705 4745 ὀλίγαι,
726 4660 767 4736 αἱς
792 4669 883 4739 άζηλοι
896 4664 970 4724 συνέ·

198 4759 284 4831 όησαν
308 4763 335 4817 αἱ
348 4759 467 4817 τελευταὶ
482 4760 534 4816 τῶν
556 4757 620 4835 βίων
640 4758 685 4815 καί
702 4759 730 4816 οὗ
746 4756 814 4814 πάνυ
838 4758 970 4834 εὐτυχεῖς,

144 4855 171 4893 ⁶⁰
198 4844 264 4906 ὥστε
282 4848 316 4907 δι’
330 4852 420 4907 οἰωνοῦ
442 4845 625 4923 λαμόοίνουσαι
646 4844 693 4912 τάς
717 4843 820 4902 ἐκείνων
835 4842 970 4922 συμφοράς

199 4936 226 4990 αἱ
240 4937 329 4994 λοιπαί
351 4937 473 5016 παρθένοι
489 4933 596 5010 μένουσι
610 4933 683 5010 παρὰ
706 4936 739 5012 τῆ
754 4934 804 5012 θεῷ
831 4933 910 5010 μέχρι
925 4933 971 4986 θα·

198 5021 289 5079 νάτυυ·
302 5015 362 5081 τ6;ε
382 5027 404 5081 δ’
421 5028 455 5092 εἷς
477 5026 520 5082 τὀν
535 5028 580 5095 τῆς
601 5021 758 5091 ἐκλιπούσης
772 5018 880 5098 άριθμδν
895 5017 970 5096 ἑτέρα

200 5109 280 5166 πάλιν
296 5109 346 5167 ὑπὸ
360 5114 411 5167 τῶν
426 5115 586 5192 ἱεροφαντῶν
601 5109 796 5169 ἀποδείκνυται.
844 5109 870 5166 Τ
873 5107 931 5180 ιμαὶ
947 5106 970 5162 δ’

200 5197 290 5263 αυτοῖς
319 5196 487 5255 ἀποδέδονται
512 5196 586 5278 παρὰ
614 5202 661 5269 τῆς
684 5197 784 5262 πόλεως
809 5193 905 5253 πολλαὶ
922 5192 969 5252 καί

725 391 890 454 liiONYSli
916 395 1296 462 flattcrnnnssbn'sts

1035 540 1123 589 acddlt
1141 541 1164 590 in
1188 542 1298 592 incendio
1322 542 1386 593 iilius
1411 543 1507 606 templi,
1528 548 1637 609 tempore
1655 545 1729 610 primi
1751 545 1809 598 belii

1032 641 1134 699 Punici,
1148 642 1215 704 quod
1230 642 1295 692 inter
1308 645 1431 692 liomanos
1443 646 1469 693 et
1485 644 1696 708 carthaginienses
1708 650 1809 708 propter

1030 738 1136 790 Siciliam
1154 745 1234 792 ortum
1247 746 1292 793 est.
1323 747 1423 794 lueeuso
1440 745 1505 794 enim
1528 746 1620 809 templo
1633 750 1658 796 et
1671 746 1808 809 uirginibus

1035 855 1067 892 ex
1083 843 1137 905 igne
1149 844 1307 909 fugientibus,
1321 846 1421 909 quidam
1439 845 1471 896 de
1489 860 1590 897 numero
1604 847 1746 910 piontilienm
1757 851 1806 898 Lu·

1030 942 1082 992 cius
1102 945 1215 995 cecilius
1240 944 1361 1003 Metellus,
1378 947 1417 996 rir
1441 947 1589 1007 consularis,
1614 950 1658 1011 qui
1678 948 1807 1013 cartiragr·

1030 1040 1155 1092 aiensibus
1182 1044 1207 1093 iu
1231 1044 1314 1095 Sicilie
1340 1045 1445 1096 devictis
1465 1046 1491 1096 in
1515 1047 1557 1098 ilio
1572 1047 1661 1098 celebri
1686 1048 1809 1112 trimupbo

1030 1157 1141 1195 crurum
1154 1145 1297 1210 elephantos
1310 1147 1468 1210 deduxerat,
1490 1148 1599 1213 neglecta
1619 1149 1716 1212 propria
1729 1151 1808 1202 salute

1030 1265 1081 1316 pre
1095 1252 1200 1303 utilitate
1223 1255 1334 1318 publiea,
1353 1269 1449 1330 summo
1468 1269 1525 1306 cum
1546 1254 1653 1320 periculo
1675 1262 1714 1306 est
1733 1270 1808 1306 ausus

1033 1350 1059 1402 in
1075 1352 1164 1404 ardens
1183 1355 1310 1416 penetrale
1328 1355 1479 1419 irrumpere,
1500 1358 1525 1406 et
1545 1369 1614 1406 sacra
1639 1369 1653 1404 a
1675 1355 1809 1419 virginibus

1030 1451 1128 1502 deserta
1141 1465 1171 1502 etr
1181 1451 1234 1516 ipso
1245 1453 1357 1505 incendio
1370 1454 1472 1518 eripuit;
1484 1454 1517 1504 ob
1532 1455 1598 1517 quod
1610 1455 1754 1518 preclarum
1770 1456 1809 1504 ia·

1030 1551 1100 1601 cinus
1117 1552 1201 1616 magui
1218 1553 1323 1604 bonores
1342 1567 1356 1603 ε
1381 1553 1481 1604 civitate
1497 1553 1521 1605 ei
1537 1554 1612 1606 delati
1631 1560 1704 1616 sunt,
1724 1561 1751 1606 ut
1769 1556 1808 1620 ip·

1030 1665 1086 1701 sum
1101 1652 1207 1714 elogium
1223 1657 1313 1704 statuae
1328 1653 1383 1704 eius
1402 1653 1427 1703 in
1445 1654 1568 1717 capitolio
1585 1658 1677 1706 crcrtro
1694 1658 1808 1706 testatur.

1030 1753 1098 1800 lianc
1110 1751 1184 1815 igitur
1208 1766 1259 1802 rem
1271 1766 1315 1816 pro
1336 1751 1589 1812 contessasumentes,
1616 1754 1647 1804 do
1662 1767 1708 1803 suo
1733 1767 1808 1816 quas·

1029 1855 1087 1907 dam
1106 1857 1261 1908 coniecturas
1280 1858 1381 1907 addunt.
1428 1858 1534 1915 Quidam
1555 1861 1620 1910 enim
1639 1860 1723 1910 dicunt
1738 1875 1808 1911 secra

1029 1973 1084 2024 qum
1095 1960 1129 2010 ibi
1142 1964 1272 2010 servantur
1285 1973 1339 2011 esse
1359 1963 1455 2024 partem
1472 1973 1558 2010 eorum
1569 1975 1626 2024 quas
1647 1964 1764 2014 translata
1778 1977 1809 2013 ex

1029 2063 1197 2113 samothracia
1222 2067 1312 2113 essent.
1356 2061 1484 2111 Dardanus
1505 2063 1569 2110 euim
1592 2077 1623 2112 cx
1655 2064 1734 2115 insula
1757 2067 1809 2114 ista

1031 2163 1054 2212 ln
1068 2163 1155 2213 urbem
1172 2176 1227 2213 ase
1239 2161 1362 2211 conditam
1374 2175 1403 2211 ca
1420 2163 1608 2224 transportaret,
1626 2167 1703 2225 atque
1719 2167 1809 2213 AEncus

1028 2279 1059 2315 ex
1072 2277 1130 2326 agro
1139 2249 1243 2313 Troiano
1261 2261 1377 2326 prolugus
1397 2273 1454 2309 cnm
1468 2259 1568 2323 reliquis
1590 2259 1643 2309 luec
1661 2274 1760 2324 quoquo
1784 2264 1808 2312 in

1028 2365 1122 2415 ttuiiam
1133 2363 1282 2427 deportaret.
1315 2361 1362 2414 Alii
1375 2363 1457 2410 autum
1475 2363 1589 2409 usserunt
1605 2373 1659 2410 csse
1673 2361 1807 2411 l’nitadiurn

1027 2467 1091 2518 coeie
1109 2467 1250 2531 delapsum,
1273 2464 1341 2529 quod
1363 2461 1429 2528 apud
1450 2461 1550 2513 ilienses
1577 2462 1670 2522 luerat,
1690 2465 1808 2529 quodque

1027 2570 1115 2617 AEneas
1129 2569 1165 2618 rei
1174 2582 1263 2632 gnarus
1279 2580 1363 2618 seeum
1379 2568 1501 2630 portarum
1514 2563 1618 2615 achivos
1633 2578 1692 2615 roro
1705 2567 1806 2617 simula-

1027 2680 1098 2717 crum
1125 2666 1156 2716 ad
1178 2668 1231 2717 clus
1254 2666 1440 2717 similitudinem
1463 2665 1555 2714 iactum
1578 2666 1752 2730 surripuisse:
1775 2669 1806 2718 de

1026 2779 1075 2828 quo
1097 2766 1173 2817 nrulta
1192 2782 1207 2816 a
1224 2766 1303 2830 poetis
1321 2768 1347 2816 et
1367 2765 1491 2815 historicis
1509 2764 1601 2829 scriptu
1614 2769 1679 2817 sunt.
1712 2772 1744 2817 Al
1761 2782 1806 2831 ogo

1026 2889 1080 2926 esse
1095 2874 1206 2937 quaedam
1219 2887 1289 2923 saera
1305 2872 1376 2937 uulgo
1391 2873 1527 2937 incognite,
1539 2887 1620 2937 neque
1631 2875 1709 2938 ignem
1726 2877 1805 2926 solum

1026 2991 1084 3042 quus
1102 2975 1267 3037 auirgiuibus
1279 2978 1409 3024 serventur
1420 2989 1451 3025 en·
1466 2975 1579 3038 piurimis
1599 2977 1694 3027 indiciis
1709 2977 1805 3041 colligo.

1026 3075 1073 3126 Sed
1086 3087 1199 3138 quterram
1216 3074 1280 3133 sint,
1294 3085 1400 3134 nequca
1419 3086 1472 3131 me,
1487 3087 1567 3136 neque
1584 3075 1616 3124 uir
1631 3075 1680 3125 ulio
1689 3075 1805 3139 quopiam

1027 3177 1164 3239 eorumqui
1184 3175 1284 3240 pietatis
1304 3175 1327 3223 in
1343 3172 1403 3223 deos
1421 3172 1525 3222 studiosi
1545 3177 1618 3233 snut,
1634 3175 1755 3225 curiosius
1766 3175 1805 3224 in-

1028 3275 1175 3339 quirendum
1197 3285 1292 3322 censeo.

1056 3372 1151 3421 ldlvll.
1179 3369 1292 3432 virgines
1309 3370 1405 3426 autern,
1426 3378 1483 3428 quae
1495 3365 1549 3417 dem
1567 3366 1642 3417 sacris
1661 3371 1803 3431 operantur,

1024 3457 1094 3507 initio
1107 3459 1224 3520 quattuor
1243 3455 1313 3504 erant
1336 3470 1343 3500 ι
1363 3464 1468 3514 quarum
1489 3453 1653 3515 optandarum
1672 3454 1711 3504 ius
1729 3467 1804 3518 peuns

1025 3544 1091 3608 ipsos
1112 3557 1182 3604 reges
1202 3547 1270 3603 erut,
1284 3554 1314 3591 es
1337 3537 1433 3601 legibus
1453 3552 1515 3600 quas
1534 3542 1613 3590 Numa
1633 3540 1775 3592 instituere!
1796 3560 1804 3592 ι

1024 3636 1110 3696 postea
1132 3634 1226 3689 tamon,
1249 3630 1281 3681 ob
1300 3632 1482 3683 multitudinem
1499 3640 1625 3678 sacrorum
1651 3640 1708 3692 quoe
1733 3641 1805 3691 pern·

1025 3722 1100 3783 gunt,
1127 3716 1158 3766 ed
1182 3719 1303 3767 senarium
1322 3732 1449 3768 numerum
1473 3718 1566 3775 auctae,
1593 3713 1617 3762 in
1641 3711 1728 3762 eodem
1757 3727 1803 3762 nu·

1025 3822 1093 3859 mero
1110 3807 1141 3856 ad
1160 3811 1243 3856 nostra
1263 3819 1341 3868 usque
1358 3811 1467 3869 tempora
1486 3803 1642 3866 permanent,
1660 3800 1686 3848 et
1706 3799 1729 3846 in
1750 3799 1804 3848 olera

1027 3895 1082 3944 iano
1105 3894 1212 3956 degunt,
1232 3891 1297 3941 unde
1324 3891 1433 3940 interdiu
1457 3888 1539 3938 nulius
1561 3885 1603 3949 qui
1628 3882 1720 3947 ingredi
1742 3884 1804 3933 sciit

1024 3987 1138 4031 arcetur:
1151 3979 1194 4029 sed
1204 3978 1263 4028 nulii
1273 3979 1370 4041 generis
1380 3977 1481 4027 musculi
1490 3976 1539 4026 iilic
1551 3975 1690 4038 pernoctate
1703 3971 1741 4020 tas
1753 3974 1801 4023 ost.

1024 4064 1803 4127 lleoesseautemestiliasanuptiispersxxannospurnsmanere

1024 4167 1093 4205 secra
1107 4153 1222 4203 iacientes
1233 4157 1258 4204 et
1274 4151 1381 4214 reliques
1394 4148 1547 4200 caerimonias
1558 4149 1589 4198 de
1601 4159 1669 4197 more
1681 4157 1800 4208 peragen-

1023 4247 1062 4292 tes
1072 4260 1078 4290 :
1089 4240 1161 4291 cuius
1174 4239 1290 4302 temporis
1299 4237 1385 4302 primis
1397 4237 1481 4287 decem
1491 4236 1560 4286 annis
1571 4247 1613 4284 eas
1625 4233 1720 4283 discere
1729 4243 1802 4294 opor·

1024 4329 1103 4391 lebat,
1130 4326 1289 4392 sequentibus
1310 4327 1396 4375 decern
1416 4337 1486 4373 sacra
1508 4324 1603 4380 lacere,
1623 4318 1724 4381 reliquis
1744 4331 1803 4367 vero

1025 4417 1094 4466 annis
1100 4416 1159 4466 alias
1170 4415 1266 4465 docere.
1299 4411 1401 4476 Expieto
1413 4416 1495 4460 aulem
1505 4407 1604 4471 triginta
1611 4411 1731 4456 annorum
1739 4411 1802 4456 tem·

1024 4518 1095 4568 pore,
1119 4500 1177 4549 nihil
1192 4500 1227 4549 eis
1241 4512 1297 4561 quae
1317 4498 1407 4547 veilent
1428 4496 1601 4559 impedimento
1623 4488 1688 4554 eret,
1704 4492 1802 4556 qrromi·

1025 4607 1072 4642 nus
1096 4588 1179 4639 intulis
1201 4589 1226 4636 et
1248 4583 1348 4648 reliquis
1379 4581 1509 4632 sacerdotii
1529 4580 1664 4643 insignibus
1685 4580 1802 4642 depositis

1025 4679 1152 4730 nuberent.
1211 4673 1239 4724 ld
1270 4677 1352 4723 autem
1386 4685 1513 4735 perpaucas
1539 4669 1675 4727 iaciebant;
1710 4667 1801 4729 quibus

1025 4768 1081 4817 vitu
1105 4764 1160 4814 imis
1183 4776 1230 4811 non
1255 4759 1374 4824 optandus
1406 4773 1485 4822 neque
1514 4756 1646 4806 admodum
1674 4754 1802 4803 lellxcon·

1025 4856 1096 4917 tigit:
1124 4854 1208 4914 itaque
1232 4848 1333 4911 reliquas
1354 4848 1450 4896 iliarum
1470 4860 1553 4895 casum
1576 4857 1619 4908 pro
1648 4842 1728 4891 omine
1758 4853 1801 4889 ac-

1025 4942 1141 5007 cipientes
1160 4937 1264 5000 virgines
1291 4948 1371 4997 nsque
1396 4936 1427 4984 ad
1448 4938 1552 4984 mortem
1575 4931 1640 4995 apud
1657 4929 1728 4978 dcem
1745 4940 1800 4976 ma-

1024 5031 1091 5078 nent.
1124 5028 1187 5074 Tum
1203 5035 1262 5072 vero
1288 5022 1312 5071 in
1343 5020 1424 5070 iocum
1447 5021 1527 5080 iilius,
1546 5033 1602 5082 qum
1623 5017 1739 5076 decessit,
1753 5016 1800 5066 alia

1025 5109 1207 5175 apontillcibus
1221 5107 1387 5157 substituitur.
1422 5105 1634 5154 lionores'eutem
1645 5101 1694 5152 ills
1712 5111 1726 5150 a
1743 5101 1802 5150 civi·

1025 5197 1073 5248 bus
1090 5196 1166 5247 deleti
1188 5200 1247 5245 sunt
1268 5193 1339 5246 multi
1358 5194 1383 5241 et
1406 5190 1526 5254 insignes,
1548 5203 1653 5252 quorum
1666 5185 1801 5254 gratiane·
