3772 5828
579 368 872 437 antiquitatum
894 370 1041 429 ROMAN.
1069 370 1141 431 LIB.
1165 372 1188 430 l.
1646 384 1684 441 at

84 525 114 560 τε
131 501 226 580 μυρία,
242 498 274 556 τά
291 498 338 574 μέν
354 496 500 577 εὔχρηστα,
514 497 546 555 τά
559 498 586 554 δὲ
601 501 741 571 θαυμαστά
754 522 760 534 ·
774 498 856 556 ἀπάν-

86 613 137 646 των
155 589 181 646 δὲ
196 587 352 654 κάλλιστον,
369 585 434 664 ἀέρα
446 586 606 664 κεκραμένον
621 594 677 652 ταῖς
691 584 772 665 ὥραις
788 610 858 660 συμ-

85 675 199 755 μέτρως,
215 664 269 734 οἷον
292 673 388 745 ἥκιστα
412 674 552 748 πημαίνειν
571 677 678 752 κρυμῶν
703 673 858 753 impietate

83 764 129 824 καί
144 765 269 823 θάλπεσιν
289 761 411 830 ἐξαισίοις
433 765 543 840 καρπῶν
566 785 593 820 τε
604 761 704 838 γένεσιν
720 762 765 820 καί
784 761 857 831 ζώων

82 849 171 931 φύσιν.

124 939 287 1000 XXXVIII·
300 937 384 997 Οὐδέν
399 935 430 1005 δὴ
445 936 594 1011 θαυμαστὸν
610 929 642 1008 ἦν
660 936 856 1005 cubertoirata

19 1038 25 1049 ”
82 1029 157 1106 ίεράιν
176 1025 313 1087 θπολαάεῖν
328 1030 372 1083 τοῦ
389 1023 492 1102 Κρόνου
506 1022 554 1093 τὴν
570 1024 660 1102 χώραν
676 1022 793 1099 ταύτην,
813 1024 856 1084 clv

83 1117 134 1193 μὲν
148 1116 258 1193 δαίμονα
268 1118 359 1173 τοῦτον
371 1111 501 1186 οἰομένους
510 1102 575 1169 ε’ίναι
592 1112 678 1183 πάσης
694 1111 857 1188 εὐδαιμονίας

83 1205 180 1282 δοτῆρα
201 1202 247 1261 καί
266 1200 408 1279 πληρωτὴν
426 1199 580 1277 ἀνθρώποις,
599 1199 649 1257 είτε
667 1200 762 1285 Κρόνον
778 1200 856 1259 αὐτὸν

82 1294 122 1350 δεῖ
138 1294 242 1361 καλεῖν,
262 1293 298 1354 ῶς
315 1285 445 1359 Ἕλληνες
466 1287 595 1355 ἀξιοῦσιν,
616 1287 667 1347 είτε
690 1289 855 1365 Σάτουρνον,

81 1378 272 1457 ὡςῬωμαῖοι,
287 1387 375 1441 πᾶσαν
390 1376 416 1433 δὲ
433 1376 619 1454 περιειληφότα
634 1376 680 1446 τὴν
694 1383 739 1435 τοῦ
756 1377 857 1453 κόσμου

83 1465 178 1546 φύσιν,
191 1466 320 1544 ὁποτέρως
335 1465 366 1522 ἄν
387 1487 424 1528 τις
437 1463 571 1543 ὀνομάσῃ·
586 1461 634 1532 τὴν
649 1464 676 1522 δέ
687 1463 778 1543 χώραν
790 1463 856 1522 ταό-

83 1578 130 1627 την
145 1557 262 1633 ὁρῶντας
284 1553 401 1611 ἔκπλεων
423 1550 528 1620 ἁπάσης
541 1551 662 1630 εὐπορίας
675 1549 722 1609 καί
736 1551 856 1629 χάριτος,

82 1635 114 1714 ἧς
132 1643 163 1702 εδ
186 1641 278 1714 θνητθν
301 1639 402 1720 ἐφίεται
420 1638 506 1714 γένος,
525 1637 657 1706 ἀξιοῦντας
680 1638 707 1698 δέ
733 1643 777 1696 καὶ
796 1639 856 1719 θείῳ

38 1754 52 1791 ο
83 1730 150 1810 [καί
162 1727 265 1810 θνητῷ]
277 1726 346 1806 γένει
363 1726 392 1784 τὸ
406 1724 552 1806 πρόσφορον
567 1728 665 1784 ἀνεῖναι
682 1725 786 1786 πάντων
800 1748 856 1805 χω-

83 1818 144 1897 ρίων
163 1817 210 1877 καί
234 1813 450 1896 ἁρμοδιώτατον,
463 1813 511 1890 όρη
534 1813 581 1890 μὲν
597 1813 643 1871 καί
661 1813 746 1879 νάπας
767 1813 854 1888 Πανί,

83 1907 214 1980 λειμῶνας
227 1903 254 1962 δέ
268 1901 314 1962 καί
332 1901 457 1972 τεθηλότα
472 1902 559 1980 χοιρία
578 1901 708 1980 νύμφαις,
723 1900 804 1967 ἀκτὰς
827 1899 855 1959 δέ

81 1993 128 2056 καὶ
140 1990 232 2062 νήσους
249 1988 382 2068 πελαγίοις
400 1990 521 2064 δαίμοσι,
536 1991 588 2046 τῶν
607 1988 629 2046 δ’
641 1988 728 2048 ἀλλων
744 1991 778 2055 ὡς
795 1988 856 2047 ἕκα-

82 2081 144 2138 στον
155 2102 180 2139 τι
193 2083 242 2160 θεῷ
256 2077 301 2137 καί
314 2079 417 2155 δαίμονι
430 2080 533 2137 οἰκεῖον.
587 2078 700 2154 Λέγουσι
714 2077 741 2136 δέ
753 2079 798 2135 καὶ
809 2074 856 2144 τάς

83 2169 172 2235 θυσίας
189 2171 316 2227 έπιτελεῐν
331 2170 368 2246 τῷ
389 2166 482 2246 Κρόνῳ
496 2164 555 2233 τοῦς
569 2166 712 2237 παλαιοὺς,
728 2165 817 2244 ὥσπερ
830 2169 856 2224 έν

82 2255 234 2335 Καρχηδόνι
254 2256 319 2321 τέως
334 2254 440 2325 ἡπόλις
461 2252 572 2328 διέμεινε
594 2253 638 2311 καί
660 2253 733 2332 παρά
749 2255 857 2319 Κελτοῖς

83 2347 119 2410 είς
133 2344 191 2404 τόδε
203 2345 299 2424 χρόνου
313 2342 414 2417 γίνεται
427 2341 472 2398 καί
489 2342 514 2398 ἐν
534 2341 623 2406 ἀλλοις
637 2340 688 2398 τισί
704 2344 755 2397 τῶν
773 2343 857 2398 ἑσπεη

85 2434 147 2511 ρέυιν
172 2435 266 2502 ἐθνῶν,
287 2429 470 2508 ἀνδροφόνους·
495 2426 631 2505 Ἠρακλέα
647 2425 674 2484 δὲ
695 2432 793 2484 παῦσαι
813 2428 855 2484 τὸν

82 2522 165 2595 νόμον
187 2523 232 2588 τῆς
249 2516 339 2581 θυσίας
361 2513 521 2594 βουληθέντα
536 2515 579 2573 τόν
595 2537 623 2572 τε
640 2513 728 2593 βωμὸν
747 2514 857 2593 ἱδρόσα-

20 2635 47 2670 ιο
85 2612 148 2664 σθαι
163 2605 207 2664 τὸν
225 2604 268 2662 ἐπὶ
283 2608 322 2682 τῷ
339 2603 491 2682 Σατορνίῳ,
513 2602 559 2660 καὶ
577 2600 755 2682 κατάρξασθαι
771 2603 856 2679 θυμά·

68 2717 137 2777 Ιτων
165 2693 250 2770 ἁγνῶν
283 2691 326 2749 ἐπὶ
349 2693 456 2769 καθαρῷ
483 2696 547 2769 πυρί
571 2690 745 2768 ἁγιζομένων·
766 2689 808 2749 ίνα
830 2693 856 2753 δέ

66 2781 165 2861 ’μηθέν
197 2779 237 2852 είη
271 2780 323 2845 τοῖς
351 2778 495 2856 ἀνθρώποις
520 2778 653 2855 ἐνθύμιον,
675 2784 710 2846 ὡς
741 2783 856 2860 πατρίων

81 2871 227 2948 ἠλογηκόσι
243 2872 354 2943 θυσιῶν,
371 2866 473 2935 διδάξαι
487 2868 546 2934 τοὺς
561 2870 732 2949 ἐπιχωρίους,
743 2873 857 2946 ἀπομει-

81 2957 249 3034 λιττομένους
261 2958 308 3026 τὴν
325 2961 370 3014 τοῦ
386 2962 445 3014 θεοῦ
460 2960 539 3032 μῆνιν
554 2958 612 3016 ἀντί
631 2958 856 3036 τῶνάνθρώπων,

22 3079 50 3117 30
81 3044 126 3112 οθς
140 3044 340 3120 συμποδίζοντες
355 3045 401 3103 καί
414 3048 466 3104 τῶν
481 3052 575 3126 χειρῶν
591 3047 712 3125 ἀκρατεῖς
725 3054 857 3113 ποιοῦντες

84 3132 218 3213 ἐρρίπτουν
234 3135 269 3198 είς
279 3132 309 3189 τὸ
323 3137 369 3190 τοῦ
381 3132 506 3215 Τεόίριος
519 3136 617 3216 ῥεῖθρον
629 3179 637 3205 ,
649 3133 744 3192 εἴδωλα
757 3138 858 3193 ποιοῦν-

83 3244 131 3289 τας
140 3220 291 3299 ἀνδρείκελα
304 3223 489 3296 κεκοσμημένα
501 3226 542 3281 τὸν
553 3222 630 3281 αὐτὸν
645 3221 751 3289 ἐκείνοις
760 3221 857 3299 τρόπον

86 3309 226 3387 ἐμθιίλλειν
239 3312 274 3376 είς
285 3308 327 3367 τδν
339 3311 468 3386 ποταμὸν,
477 3310 519 3369 ίνα
531 3311 586 3388 [δὴ]
597 3312 682 3382 τὸτῆς
696 3309 796 3376 ὀττείας
807 3309 823 3367 δ
832 3334 859 3367 τι

85 3399 117 3467 δή
134 3401 191 3456 ποτ’
208 3388 241 3467 ἦν
256 3400 283 3455 ἐν
303 3405 359 3464 ταῖς
374 3395 498 3456 ἁπάντων
514 3403 610 3478 ψυχαῖς
623 3401 775 3478 παραμένον
789 3395 859 3464 ἐξαι-

26 3516 53 3554 ςς
85 3490 159 3567 ρεθῇ,
173 3489 226 3543 τῶν
250 3485 358 3544 εἰκόνων
372 3491 419 3545 τοῦ
434 3488 548 3544 παλαιοῦ
568 3486 667 3550 πάθους
687 3486 725 3543 ἔτι
741 3485 857 3560 σωζομέ·

82 3598 146 3634 νων.
190 3576 276 3634 Τοῦτο
296 3573 325 3633 δέ
338 3574 384 3633 καί
398 3575 490 3653 μέχρις
503 3579 567 3650 ἐμοῦ
583 3576 710 3632 διετέλουν
726 3572 858 3648 Ῥωμαῖοι

84 3664 195 3741 δρῶντες
208 3661 248 3720 δυ’
264 3661 311 3732 έτη
328 3663 420 3740 μικρὸν
435 3662 543 3740 ὕστερον
558 3665 661 3738 ἐαρινῆς
676 3661 814 3738 ἰσημερίας
832 3663 859 3719 ἐν

85 3748 150 3828 μηνί
179 3745 280 3828 liniq,
300 3759 358 3816 ταῖς
384 3751 559 3825 καλουμέναις
583 3751 674 3820 εἰδοῖς,
702 3749 858 3826 διχομηνίδα

86 3838 240 3915 θουλόμενοι
252 3842 351 3911 ταύτην
365 3830 490 3910 εἶναιτὴν
506 3839 626 3920 ἡμέραν·
639 3842 665 3897 ἐν
679 3830 859 3917 ᾔπροθάσαν-

28 3956 55 3992 ao
86 3951 130 3996 τες
141 3926 200 4005 λερὰ
210 3925 245 3985 air
262 3927 333 3987 κατὰ
343 3927 402 3995 τοῦς
414 3929 508 4005 νόμους
519 3932 543 3987 οί
559 3927 717 4003 καλούμενοι
730 3926 859 4008 Ποντίφι-

83 4039 145 4087 κες,
163 4013 254 4093 ἱερέων
271 4017 295 4074 oi
310 4015 523 4095 διαφανέστατοι,
547 4015 593 4074 καί
609 4015 653 4075 σῦν
674 4018 759 4080 αὐτοῖς
782 4019 808 4074 αί
829 4015 859 4073 τδ

84 4105 216 4164 ἀθάνατον
228 4109 281 4182 πῦρ
292 4104 513 4183 διαφυλάττουσαι
525 4105 665 4185 παρθένοι,
677 4103 819 4182 στρατηγοί
831 4127 858 4162 τε

81 4194 129 4253 καί
143 4196 196 4251 τῶν
210 4188 297 4251 ἀλλων
308 4196 421 4251 πολιτῶν
436 4191 479 4261 οθς
491 4196 611 4272 παρεῖναι
629 4200 687 4259 ταῖς
699 4193 857 4270 ἱερουργίαις

83 4283 175 4358 θέμις,
200 4281 297 4341 ι’ίδωλα
320 4282 432 4358 μορφαῖς
453 4281 595 4358 ἀνθρώπων
619 4280 763 4356 εἰκασμένα
790 4280 860 4358 τριά·

33 4389 56 4423 ιο
86 4393 168 4429 κοντα
183 4369 227 4428 τδν
242 4366 351 4447 ἀριθμὸν
371 4366 424 4426 ἀπὸ
444 4371 490 4438 τῆς
507 4370 578 4446 ίεράς
592 4365 703 4448 γεφιίρας
719 4368 858 4445 βάλλουσιν

88 4462 125 4525 είς
138 4457 170 4516 ab
186 4460 270 4539 ῥεῦμα
283 4462 329 4515 τοῦ
340 4455 482 4534 Τιδέριος,
495 4456 623 4534 Ἀργείους
632 4452 698 4514 αθτά
712 4458 858 4522 καλοῦντες.

83 4545 166 4607 ’tiit
174 4545 226 4625 γὰρ
235 4543 302 4625 θπίρ
316 4543 363 4622 μέν
372 4548 424 4603 τῶν
435 4549 529 4603 θυσιῶν
541 4545 586 4603 καί
597 4548 647 4602 τῶν
661 4544 748 4602 ἄλλων
758 4546 858 4623 ίερουρ·

83 4640 166 4709 γιῶυ,
187 4634 217 4702 ἀς
244 4632 418 4710 ἡῬωμαίων
435 4635 509 4700 αυλις
532 4637 650 4694 συντελεῖ
674 4633 743 4692 κατά
765 4657 793 4691 τε
814 4634 857 4692 τδν

84 4720 243 4790 Ἑλληνικὸν
257 4721 359 4780 καὶτὸν
374 4720 513 4801 ἐπιχώριον
529 4721 641 4800 τρόπον,
657 4725 683 4781 ἐν
697 4721 778 4801 ἑτέρῳ
790 4721 859 4800 λόγῳ

43 4830 65 4869 νε
86 4808 250 4885 δηλώσομεν.
282 4801 413 4871 ’δπαιτεῶ
429 4811 451 4866 δ’
476 4814 489 4868 δ
508 4809 599 4888 παρὼν
620 4807 709 4890 καιρδς
732 4809 799 4868 ἔοικε
815 4811 860 4869 καὶ

88 4897 211 4975 περὶτῆς
232 4895 393 4976 Ἡρακλέους
409 4896 518 4979 ἀφίξεως
538 4900 573 4963 είς
593 4897 707 4958 Ἰταλίαν
728 4899 785 4975 μετ’
801 4899 859 4956 ἐπι-

91 4985 207 5051 στάσεως
229 4984 345 5051 πλείονος
364 4985 491 5057 διελθεῖν,
515 4985 560 5043 καί
586 4983 611 5043 εί
632 5009 657 5042 τι
685 4985 762 5061 λόγου
790 4986 860 5054 άξιυν

92 5072 197 5151 έδρσσεν
213 5071 303 5133 αὐτόθι
321 5074 358 5150 μὴ
373 5075 543 5151 παραλιπεῖν.

131 5158 261 5222 xxxix.
271 5159 350 5222 Ἐστι
362 5161 390 5221 δέ
400 5164 453 5220 τῶν
467 5161 531 5242 θπέρ
543 5168 588 5221 τοῦ
602 5162 721 5237 δαίμονος
732 5163 806 5221 τοῦδε
817 5166 861 5222 λε-

915 510 998 572 risque
1012 514 1122 558 naturam
1137 509 1242 559 fertilem
1261 514 1287 560 et
1304 512 1490 563 nliaiunumcra
1502 516 1540 565 vel
1562 519 1630 568 utilia
1650 522 1690 571 uel

913 596 1028 647 miranda.
1063 597 1118 653 Sed.
1134 598 1321 659 quodomnium
1341 601 1533 663 pulcherrimum
1546 606 1598 660 est.
1609 605 1688 657 babet

912 697 993 732 aerem
1009 698 1054 747 pro
1067 685 1185 735 varietate
1201 689 1376 748 tempestatum
1390 686 1451 735 adeo
1470 690 1646 751 temperatum,
1660 696 1688 742 ut

912 785 991 835 neque
1004 773 1079 823 nimio
1095 773 1182 835 trigore
1197 784 1276 834 neque
1291 771 1366 821 nimio
1382 773 1461 822 calore
1476 777 1572 836 t'rugum
1586 788 1686 837 genera·

912 860 1003 912 tionem
1013 866 1039 912 et
1048 861 1189 911 animalium
1206 861 1397 924 procreationem
1418 861 1501 910 laedat.

944 952 1077 1000 xxxviii.
1092 951 1130 1000 Nil
1143 951 1218 1011 igitur
1230 949 1329 1011 mirum,
1342 949 1364 999 si
1375 949 1467 1012 antiqui
1478 950 1599 1013 regionem
1614 951 1688 1004 istam

911 1050 1018 1097 saturno
1027 1061 1121 1097 sacram
1133 1048 1296 1111 putaverunt,
1306 1060 1380 1110 quem
1390 1047 1464 1096 deum
1473 1049 1554 1097 omnis
1566 1049 1688 1099 felicitatis

911 1148 1025 1196 humanm
1035 1151 1159 1197 auctorem
1170 1162 1200 1197 uc
1212 1152 1396 1212 propagatorem
1407 1147 1591 1209 existimarunt,
1604 1150 1688 1201 sireis

911 1250 1020 1304 cronos,
1039 1253 1065 1297 ut
1087 1250 1166 1298 Gracci
1187 1248 1283 1307 volunt¹
1297 1247 1350 1298 sire
1369 1251 1489 1298 Satumus
1505 1252 1544 1300 est
1561 1251 1684 1314 appellau-

911 1352 967 1410 dus,
980 1354 1009 1399 ut
1021 1350 1101 1412 placet
1109 1352 1224 1400 Romanis
1239 1365 1245 1395 τ
1267 1350 1310 1413 qui
1325 1351 1462 1400 universam
1476 1352 1560 1401 muudi
1575 1356 1686 1403 naturam

911 1446 1092 1510 complectitur,
1108 1447 1203 1496 utrovis
1223 1448 1296 1497 modo
1314 1461 1372 1498 enm
1391 1449 1508 1499 nominas.
1568 1452 1613 1501 llil
1637 1455 1685 1502 nri·

910 1557 978 1605 rurrr,
988 1548 1107 1607 inquom,
1116 1559 1172 1593 curn
1180 1545 1291 1594 riderent
1299 1544 1364 1594 banc
1373 1550 1463 1597 terram
1473 1547 1686 1611 omniopportuui·

911 1648 962 1694 tate
970 1648 996 1694 et
1007 1644 1083 1708 gratia
1091 1646 1216 1700 refertam.
1227 1645 1299 1695 cuius
1309 1660 1387 1710 genus
1399 1647 1534 1696 humanum
1546 1648 1684 1698 studiosum

910 1748 962 1806 est,
979 1759 1084 1808 cumque
1100 1749 1227 1795 censerent
1246 1746 1328 1796 (lirino
1347 1748 1429 1810 generi
1453 1749 1684 1800 convenientissima

910 1851 937 1898 et
958 1847 1096 1910 gratissima
1115 1848 1168 1896 loca
1190 1849 1307 1897 sacranda
1329 1861 1397 1906 esse,
1413 1853 1509 1897 montes
1537 1854 1562 1898 et
1586 1864 1686 1901 nemora

912 1946 984 2006 Pani,
998 1949 1069 2010 prata
1082 1949 1107 1996 et
1122 1947 1174 1995 loca
1188 1946 1290 1995 virentia
1305 1947 1432 2010 nymphis,
1451 1948 1533 1997 littora
1546 1951 1570 1999 et
1590 1949 1685 2000 insulas

910 2047 1052 2099 numinibus
1062 2047 1175 2106 marinis,
1186 2049 1211 2097 ct
1219 2047 1308 2097 celeris
1317 2046 1340 2096 in
1353 2047 1426 2097 rebus
1436 2048 1568 2112 uniruique
1581 2049 1627 2098 deo
1641 2053 1685 2100 aut

910 2150 979 2212 genio
992 2149 1111 2214 quidquid
1127 2151 1178 2212 ipsi
1194 2148 1311 2198 familiare
1329 2152 1488 2213 qrutrunquc
1503 2154 1575 2201 esset.
1609 2151 1683 2202 Aiunt

910 2250 984 2300 etiarn
998 2250 1091 2313 priscos
1105 2250 1160 2298 illos
1178 2249 1288 2297 immines
1311 2251 1416 2298 Saturno
1430 2249 1542 2299 riclirnns
1563 2251 1683 2301 humanas

910 2349 1037 2397 immolare
1051 2347 1135 2395 solitos
1150 2347 1237 2405 luisse,
1251 2347 1315 2397 sicut
1329 2347 1474 2410 Carthagine
1487 2348 1577 2407 siebat,
1591 2363 1679 2413 quam·

910 2448 954 2498 diu
967 2462 995 2498 ea
1014 2448 1073 2497 urbs
1093 2448 1178 2507 stetit,
1194 2451 1220 2496 et
1240 2460 1303 2495 nuuc
1321 2458 1419 2508 quoque
1437 2446 1464 2495 [rt
1485 2448 1549 2510 aputl
1564 2447 1645 2497 Gallos
1660 2452 1686 2498 et

911 2551 973 2600 alias
993 2550 1111 2612 quasdam
1136 2554 1221 2612 gentes
1241 2547 1416 2597 occidentales.
1461 2547 1591 2596 llcrculcm
1610 2560 1683 2607 nero,

910 2665 966 2701 eum
981 2650 1046 2699 huuc
1060 2663 1186 2699 sacrorum
1198 2662 1291 2698 morem
1303 2648 1401 2697 abolere
1416 2648 1502 2706 vellet,
1519 2651 1543 2697 et
1557 2660 1624 2696 aram
1638 2646 1683 2696 de·

910 2752 1006 2801 dicasse
1021 2751 1046 2801 iu
1066 2752 1125 2799 colle
1141 2750 1271 2808 Saturnio,
1285 2753 1311 2799 et
1322 2753 1445 2798 auctorem
1460 2749 1535 2798 luisse
1550 2752 1578 2797 ut
1597 2748 1685 2797 hostia

911 2856 1002 2903 sanetae
1017 2851 1086 2915 puris
1096 2850 1192 2913 ignibus
1204 2850 1370 2899 aalolereulur.
1404 2852 1439 2898 Ne
1451 2853 1533 2897 autem
1552 2849 1684 2910 quicquam

910 2951 1036 3001 bominum
1048 2952 1142 3001 animos
1151 2954 1255 3000 terreret
1265 2953 1307 2998 aut
1317 2949 1437 3009 turbaret,
1445 2948 1516 3010 quasi
1529 2949 1608 3010 patria
1615 2959 1685 2997 sacra

911 3052 1085 3115 neglexissent,
1098 3052 1162 3101 iliius
1177 3051 1281 3114 regionis
1291 3050 1381 3099 iricolas
1396 3049 1521 3106 docuisse,
1534 3052 1562 3097 ut
1572 3047 1603 3096 ad
1619 3048 1684 3095 iranr

911 3149 950 3199 dci
965 3149 1108 3214 placandam
1119 3164 1162 3213 pro
1171 3150 1325 3212 homiuibus,
1339 3164 1401 3213 quos
1413 3151 1514 3214 pedibus
1524 3149 1685 3210 munitumque

911 3250 1005 3301 rinctus
1015 3252 1039 3301 iu
1053 3251 1161 3301 Tiberim
1171 3251 1304 3312 iaciebant,
1318 3252 1448 3301 simulacra
1462 3250 1493 3299 ad
1509 3251 1605 3299 illorum
1614 3249 1684 3298 sinri-

911 3352 1039 3402 litnd'ruem
1054 3353 1134 3401 cllicta
1145 3352 1281 3416 eodemque
1297 3365 1346 3414 quo
1358 3351 1392 3399 illi
1406 3350 1492 3399 habitu
1505 3353 1589 3398 ornata
1602 3348 1627 3395 iu
1641 3349 1685 3395 tlu-

913 3455 980 3504 rium
991 3455 1137 3518 proicerent,
1152 3458 1179 3502 ut
1190 3455 1212 3503 si
1225 3453 1284 3516 quiri
1298 3451 1419 3514 religionis
1436 3452 1460 3500 in
1472 3449 1581 3499 omnium
1598 3446 1685 3496 animis

884 3552 887 3559 “
913 3571 1020 3620 unquam
1043 3556 1173 3605 resedisset
1194 3555 1219 3604 id
1241 3554 1386 3604 evelleretur
1405 3552 1509 3600 servatis
1527 3549 1600 3613 prisci
1622 3549 1685 3597 ritus

913 3657 1065 3719 imaginibus.
1099 3659 1153 3706 Hoc
1173 3661 1255 3706 autem
1280 3657 1406 3716 bucusque
1424 3653 1526 3702 Romani
1546 3654 1685 3702 constanter

912 3760 1035 3811 iaciebant
1057 3758 1187 3822 quotannis
1205 3759 1287 3822 paullo
1301 3760 1357 3821 post
1380 3768 1481 3805 vernum
1496 3753 1682 3816 aequinoctium,

912 3862 994 3912 irlibun
1015 3861 1099 3923 Maiis,
1112 3874 1186 3922 quem
1205 3859 1271 3910 diem
1285 3857 1375 3907 mensis
1394 3855 1503 3906 medium
1519 3869 1573 3906 esse
1589 3855 1684 3905 volunt.

913 3963 964 4008 Hoc
979 3959 1018 4008 die
1034 3959 1163 4008 Pontifices
1179 3960 1355 4022 quisnmmum
1368 3957 1431 4007 iuter
1447 3954 1585 4005 sacerdotes
1601 3954 1683 4004 locum

914 4064 1009 4120 tenent,
1027 4063 1053 4110 et
1075 4074 1132 4109 cum
1153 4059 1201 4108 illis
1221 4058 1341 4122 uirgines,
1365 4071 1422 4120 <pure
1439 4057 1518 4119 ignem
1536 4057 1684 4120 perpetuum

914 4166 1027 4222 servant,
1041 4165 1067 4212 et
1078 4164 1195 4224 praetores
1204 4160 1328 4222 ceterique
1341 4160 1424 4218 cives,
1439 4171 1501 4222 quos
1517 4157 1594 4208 sacris
1609 4157 1685 4207 inter·

913 4274 967 4311 esse
988 4261 1025 4312 las
1050 4264 1103 4320 est,
1120 4260 1241 4310 sacrificio
1260 4261 1306 4311 rite
1325 4264 1425 4324 peracto
1444 4260 1574 4310 simulacra
1588 4258 1620 4309 ad
1639 4257 1687 4307 liu.

914 4376 992 4414 mana
1006 4363 1091 4412 forman
1104 4361 1289 4412 similitudinem
1304 4363 1383 4422 lacta,
1402 4362 1501 4424 triginta
1518 4374 1620 4410 numero
1632 4397 1637 4418 ‚
1651 4359 1681 4407 ‹le

913 4469 987 4531 ponte
1006 4477 1077 4514 sacro
1091 4463 1116 4512 in
1134 4463 1241 4513 Tiberim
1257 4462 1359 4512 llurium
1378 4462 1484 4520 iaciunt,
1505 4475 1570 4525 quos
1590 4465 1681 4522 Argeos

914 4565 1045 4630 appellant.
1078 4568 1171 4614 Verum
1196 4565 1227 4614 (le
1253 4564 1379 4614 sacrificiis
1400 4567 1425 4613 et
1447 4563 1499 4613 aliis
1526 4560 1685 4617 coeminentia,

914 4681 976 4731 quas
989 4667 1096 4730 pupulus
1108 4669 1231 4716 Romanus
1244 4668 1330 4718 Graeco
1341 4669 1469 4731 patrioque
1482 4679 1551 4715 more
1560 4665 1687 4724 diligenter

914 4764 1042 4823 observat¹
1062 4765 1086 4813 iu
1100 4765 1148 4814 alio
1167 4765 1230 4815 libro
1244 4779 1352 4829 agemus.
1385 4770 1445 4816 llam
1461 4777 1570 4827 presens
1591 4765 1686 4823 tempus

913 4877 1014 4927 poscere
1031 4864 1136 4926 ridetur,
1149 4868 1178 4915 ut
1201 4866 1274 4915 etiam
1290 4865 1321 4915 ‹le
1334 4864 1447 4915 Herculis
1460 4863 1568 4911 adventu
1590 4859 1614 4907 in
1634 4861 1681 4908 lta·

914 4965 971 5015 liam
982 4967 1054 5029 plura
1067 4966 1143 5015 rerba
1157 4966 1289 5026 iaciamus,
1306 4980 1353 5016 nee
1368 4965 1464 5015 silentio
1476 4966 1652 5025 praetereamus
1666 4962 1687 5013 si

915 5069 981 5132 quod
993 5070 1086 5119 lacinus
1096 5069 1212 5118 memoria
1223 5068 1323 5132 dignum
1335 5068 1369 5117 ibi
1380 5064 1521 5130 patraverit.

949 5172 1057 5220 xxxix.
1072 5173 1134 5227 Quae
1148 5173 1230 5218 autem
1244 5169 1275 5218 ‹le
1288 5169 1335 5216 boc
1349 5167 1396 5217 deo
1407 5165 1547 5225 traduntur,
1560 5163 1648 5227 partim
1656 5164 1688 5214 ad
