<?xml version="1.0" encoding="UTF-8"?>
<!DOCTYPE html PUBLIC "-//W3C//DTD XHTML 1.0 Transitional//EN"
    "http://www.w3.org/TR/xhtml1/DTD/xhtml1-transitional.dtd">
<html xmlns="http://www.w3.org/1999/xhtml" xml:lang="en" lang="en">
 <head>
  <title>
</title>
<meta http-equiv="Content-Type" content="text/html;charset=utf-8" />
  <meta name='ocr-system' content='tesseract 3.04.00' />
  <meta name='ocr-capabilities' content='ocr_page ocr_carea ocr_par ocr_line ocrx_word'/>
</head>
<body>
  <div class='ocr_page' id='page_1' title='image "./dionysiihalicar00prougoog_0651.png"; bbox 0 0 3772 5828; ppageno 0'>
   <div class='ocr_carea' id='block_1_1' title="bbox 177 313 239 375">
    <p class='ocr_par' dir='ltr' id='par_1_1' title="bbox 177 313 239 375">
     <span class='ocr_line' id='line_1_1' title="bbox 177 313 239 375; baseline -0.065 0"><span class='ocrx_word' id='word_1_1' title='bbox 177 313 239 375; x_wconf 78' lang='lat' dir='ltr'><strong>boi</strong></span> 
     </span>
    </p>
   </div>
   <div class='ocr_carea' id='block_1_2' title="bbox 127 430 963 5196">
    <p class='ocr_par' dir='ltr' id='par_1_2' title="bbox 127 430 963 4395">
     <span class='ocr_line' id='line_1_2' title="bbox 180 430 954 521; baseline -0.012 -22"><span class='ocrx_word' id='word_1_2' title='bbox 180 440 277 521; x_wconf 75' lang='grc' dir='ltr'>ἄνδρας</span> <span class='ocrx_word' id='word_1_3' title='bbox 298 436 381 517; x_wconf 77' lang='grc' dir='ltr'>ἱερούς</span> <span class='ocrx_word' id='word_1_4' title='bbox 400 435 521 513; x_wconf 82' lang='grc' dir='ltr'>ἔπεμψαν</span> <span class='ocrx_word' id='word_1_5' title='bbox 546 430 740 511; x_wconf 69' lang='grc' dir='ltr'>μαρτυρόμενοι</span> <span class='ocrx_word' id='word_1_6' title='bbox 763 432 836 502; x_wconf 88' lang='grc' dir='ltr'>θεούς</span> <span class='ocrx_word' id='word_1_7' title='bbox 858 456 887 492; x_wconf 86' lang='grc' dir='ltr'>τε</span> <span class='ocrx_word' id='word_1_8' title='bbox 908 431 954 492; x_wconf 85' lang='grc' dir='ltr'>καλ</span> 
     </span>
     <span class='ocr_line' id='line_1_3' title="bbox 180 519 952 605; baseline -0.01 -19"><span class='ocrx_word' id='word_1_9' title='bbox 180 530 321 605; x_wconf 86' lang='grc' dir='ltr'>δαίμονας,</span> <span class='ocrx_word' id='word_1_10' title='bbox 345 521 385 581; x_wconf 81' lang='grc' dir='ltr'>ότι</span> <span class='ocrx_word' id='word_1_11' title='bbox 411 522 448 600; x_wconf 77' lang='grc' dir='ltr'>μή</span> <span class='ocrx_word' id='word_1_12' title='bbox 474 521 625 594; x_wconf 83' lang='grc' dir='ltr'>δυνηθέντες</span> <span class='ocrx_word' id='word_1_13' title='bbox 650 523 702 579; x_wconf 78' lang='grc' dir='ltr'>τῶν</span> <span class='ocrx_word' id='word_1_14' title='bbox 730 519 839 580; x_wconf 90' lang='grc' dir='ltr'>δικαίων</span> <span class='ocrx_word' id='word_1_15' title='bbox 863 528 952 601; x_wconf 86' lang='grc' dir='ltr'>τυχεῖν</span> 
     </span>
     <span class='ocr_line' id='line_1_4' title="bbox 180 607 954 693; baseline -0.012 -17"><span class='ocrx_word' id='word_1_16' title='bbox 180 619 249 679; x_wconf 84' lang='grc' dir='ltr'>ὅσιον</span> <span class='ocrx_word' id='word_1_17' title='bbox 260 615 319 693; x_wconf 85' lang='grc' dir='ltr'>[καὶ</span> <span class='ocrx_word' id='word_1_18' title='bbox 335 612 453 690; x_wconf 84' lang='grc' dir='ltr'>δίκαιον]</span> <span class='ocrx_word' id='word_1_19' title='bbox 469 609 719 687; x_wconf 74' lang='grc' dir='ltr'>ἀναγκασθήσονται</span> <span class='ocrx_word' id='word_1_20' title='bbox 740 610 855 686; x_wconf 88' lang='grc' dir='ltr'>πολεμον</span> <span class='ocrx_word' id='word_1_21' title='bbox 875 607 954 691; x_wconf 79' lang='grc' dir='ltr'>ἐκρί-</span> 
     </span>
     <span class='ocr_line' id='line_1_5' title="bbox 181 696 953 785; baseline -0.009 -21"><span class='ocrx_word' id='word_1_22' title='bbox 181 729 249 785; x_wconf 89' lang='grc' dir='ltr'>ρειν·</span> <span class='ocrx_word' id='word_1_23' title='bbox 264 704 308 761; x_wconf 79' lang='grc' dir='ltr'>καλ</span> <span class='ocrx_word' id='word_1_24' title='bbox 324 700 391 775; x_wconf 69' lang='grc' dir='ltr'>μετὰ</span> <span class='ocrx_word' id='word_1_25' title='bbox 406 704 491 758; x_wconf 78' lang='grc' dir='ltr'>ταῦτα</span> <span class='ocrx_word' id='word_1_26' title='bbox 522 698 567 757; x_wconf 77' lang='grc' dir='ltr'>τὀν</span> <span class='ocrx_word' id='word_1_27' title='bbox 582 696 685 756; x_wconf 82' lang='grc' dir='ltr'>ύπατον</span> <span class='ocrx_word' id='word_1_28' title='bbox 701 698 873 760; x_wconf 74' lang='grc' dir='ltr'>ἀπέστειλαν.</span> <span class='ocrx_word' id='word_1_29' title='bbox 918 696 953 757; x_wconf 88' lang='grc' dir='ltr'><strong>Ὁ</strong></span> 
     </span>
     <span class='ocr_line' id='line_1_6' title="bbox 139 785 955 871; baseline -0.002 -23"><span class='ocrx_word' id='word_1_30' title='bbox 139 824 152 861; x_wconf 67' lang='lat'><strong>5</strong></span> <span class='ocrx_word' id='word_1_31' title='bbox 180 792 207 852; x_wconf 72' lang='lat' dir='ltr'><strong>di</strong></span> <span class='ocrx_word' id='word_1_32' title='bbox 227 793 361 871; x_wconf 73' lang='grc' dir='ltr'>Γράκχος,</span> <span class='ocrx_word' id='word_1_33' title='bbox 374 785 466 859; x_wconf 72' lang='grc' dir='ltr'>ἐπειδὴ</span> <span class='ocrx_word' id='word_1_34' title='bbox 480 785 538 854; x_wconf 84' lang='grc' dir='ltr'>τούς</span> <span class='ocrx_word' id='word_1_35' title='bbox 554 785 705 864; x_wconf 77' lang='grc' dir='ltr'>Ῥωμαίους</span> <span class='ocrx_word' id='word_1_36' title='bbox 719 786 872 865; x_wconf 86' lang='grc' dir='ltr'>προσιόντας</span> <span class='ocrx_word' id='word_1_37' title='bbox 887 785 955 864; x_wconf 88' lang='grc' dir='ltr'>ἐμα-</span> 
     </span>
     <span class='ocr_line' id='line_1_7' title="bbox 180 873 955 954; baseline -0.012 -13"><span class='ocrx_word' id='word_1_38' title='bbox 180 887 237 951; x_wconf 92' lang='grc' dir='ltr'>θεν,</span> <span class='ocrx_word' id='word_1_39' title='bbox 250 877 398 947; x_wconf 80' lang='grc' dir='ltr'>ἀναστήσας</span> <span class='ocrx_word' id='word_1_40' title='bbox 413 875 461 949; x_wconf 71' lang='grc' dir='ltr'>τήν</span> <span class='ocrx_word' id='word_1_41' title='bbox 481 873 592 950; x_wconf 87' lang='grc' dir='ltr'>δύναμιν</span> <span class='ocrx_word' id='word_1_42' title='bbox 604 877 692 953; x_wconf 79' lang='grc' dir='ltr'>ἐπῆγε</span> <span class='ocrx_word' id='word_1_43' title='bbox 707 873 886 954; x_wconf 72' lang='grc' dir='ltr'>προσωτέρω,</span> <span class='ocrx_word' id='word_1_44' title='bbox 902 876 955 934; x_wconf 81' lang='grc' dir='ltr'>τῶν</span> 
     </span>
     <span class='ocr_line' id='line_1_8' title="bbox 180 963 955 1045; baseline -0.009 -17"><span class='ocrx_word' id='word_1_45' title='bbox 180 968 314 1045; x_wconf 90' lang='grc' dir='ltr'>πολεμίων</span> <span class='ocrx_word' id='word_1_46' title='bbox 326 970 355 1026; x_wconf 88' lang='grc' dir='ltr'>ἐκ</span> <span class='ocrx_word' id='word_1_47' title='bbox 369 964 448 1032; x_wconf 86' lang='grc' dir='ltr'>ποδδς</span> <span class='ocrx_word' id='word_1_48' title='bbox 463 963 617 1041; x_wconf 74' lang='grc' dir='ltr'>ἑπομένων,</span> <span class='ocrx_word' id='word_1_49' title='bbox 636 963 793 1042; x_wconf 84' lang='grc' dir='ltr'>βουλόμενος</span> <span class='ocrx_word' id='word_1_50' title='bbox 808 963 902 1029; x_wconf 81' lang='grc' dir='ltr'>αύτούς</span> <span class='ocrx_word' id='word_1_51' title='bbox 918 965 955 1029; x_wconf 84' lang='grc' dir='ltr'>εἷς</span> 
     </span>
     <span class='ocr_line' id='line_1_9' title="bbox 179 1042 956 1134; baseline -0.01 -18"><span class='ocrx_word' id='word_1_52' title='bbox 179 1063 289 1117; x_wconf 78' lang='grc' dir='ltr'>τοιαῦτα</span> <span class='ocrx_word' id='word_1_53' title='bbox 314 1053 531 1134; x_wconf 68' lang='grc' dir='ltr'>προσαγαγέσθαι</span> <span class='ocrx_word' id='word_1_54' title='bbox 551 1050 638 1132; x_wconf 91' lang='grc' dir='ltr'>χωρία</span> <span class='ocrx_word' id='word_1_55' title='bbox 660 1053 686 1109; x_wconf 91' lang='grc' dir='ltr'>ἐν</span> <span class='ocrx_word' id='word_1_56' title='bbox 701 1042 739 1117; x_wconf 79' lang='grc' dir='ltr'>οἷς</span> <span class='ocrx_word' id='word_1_57' title='bbox 753 1052 956 1122; x_wconf 75' lang='grc' dir='ltr'>πλεονεκτήσειν</span> 
     </span>
     <span class='ocr_line' id='line_1_10' title="bbox 181 1137 956 1224; baseline -0.01 -19"><span class='ocrx_word' id='word_1_58' title='bbox 181 1146 304 1224; x_wconf 77' lang='grc' dir='ltr'>ἔμελλεν·</span> <span class='ocrx_word' id='word_1_59' title='bbox 322 1144 387 1222; x_wconf 84' lang='grc' dir='ltr'>θπιρ</span> <span class='ocrx_word' id='word_1_60' title='bbox 410 1143 454 1202; x_wconf 79' lang='grc' dir='ltr'>καὶ</span> <span class='ocrx_word' id='word_1_61' title='bbox 475 1139 584 1211; x_wconf 80' lang='grc' dir='ltr'>συνίύη.</span> <span class='ocrx_word' id='word_1_62' title='bbox 629 1138 755 1207; x_wconf 81' lang='grc' dir='ltr'>Φυλάξας</span> <span class='ocrx_word' id='word_1_63' title='bbox 777 1137 829 1218; x_wconf 81' lang='grc' dir='ltr'>γδρ</span> <span class='ocrx_word' id='word_1_64' title='bbox 852 1140 956 1199; x_wconf 79' lang='grc' dir='ltr'>αὐλῶνα</span> 
     </span>
     <span class='ocr_line' id='line_1_11' title="bbox 128 1226 956 1314; baseline -0.008 -21"><span class='ocrx_word' id='word_1_65' title='bbox 128 1256 154 1298; x_wconf 90' lang='grc' dir='ltr'>ιο</span> <span class='ocrx_word' id='word_1_66' title='bbox 180 1232 390 1314; x_wconf 88' lang='grc' dir='ltr'>περικλειόμενον</span> <span class='ocrx_word' id='word_1_67' title='bbox 419 1229 524 1309; x_wconf 81' lang='grc' dir='ltr'>ὄρεσιν,</span> <span class='ocrx_word' id='word_1_68' title='bbox 547 1232 582 1294; x_wconf 79' lang='grc' dir='ltr'>ὡς</span> <span class='ocrx_word' id='word_1_69' title='bbox 607 1226 732 1287; x_wconf 79' lang='grc' dir='ltr'>ἐνέθαλον</span> <span class='ocrx_word' id='word_1_70' title='bbox 763 1228 798 1294; x_wconf 80' lang='grc' dir='ltr'>είς</span> <span class='ocrx_word' id='word_1_71' title='bbox 816 1231 906 1286; x_wconf 80' lang='grc' dir='ltr'>τοῦτον</span> <span class='ocrx_word' id='word_1_72' title='bbox 932 1229 956 1286; x_wconf 86' lang='grc' dir='ltr'>οί</span> 
     </span>
     <span class='ocr_line' id='line_1_12' title="bbox 182 1314 953 1399; baseline -0.01 -18"><span class='ocrx_word' id='word_1_73' title='bbox 182 1320 314 1399; x_wconf 70' lang='grc' dir='ltr'>Ῥωμαῖοι</span> <span class='ocrx_word' id='word_1_74' title='bbox 329 1317 465 1383; x_wconf 83' lang='grc' dir='ltr'>διώκοντες</span> <span class='ocrx_word' id='word_1_75' title='bbox 484 1315 579 1389; x_wconf 82' lang='grc' dir='ltr'>αὐτόν,</span> <span class='ocrx_word' id='word_1_76' title='bbox 596 1314 754 1396; x_wconf 80' lang='grc' dir='ltr'>ύποστρέρει</span> <span class='ocrx_word' id='word_1_77' title='bbox 769 1338 797 1373; x_wconf 93' lang='grc' dir='ltr'>τι</span> <span class='ocrx_word' id='word_1_78' title='bbox 812 1315 858 1373; x_wconf 81' lang='grc' dir='ltr'>καὶ</span> <span class='ocrx_word' id='word_1_79' title='bbox 871 1338 953 1394; x_wconf 85' lang='grc' dir='ltr'>στρα-</span> 
     </span>
     <span class='ocr_line' id='line_1_13' title="bbox 180 1401 955 1484; baseline -0.012 -13"><span class='ocrx_word' id='word_1_80' title='bbox 180 1407 348 1471; x_wconf 73' lang='grc' dir='ltr'>τοπεδεύεται</span> <span class='ocrx_word' id='word_1_81' title='bbox 368 1405 437 1463; x_wconf 81' lang='grc' dir='ltr'>κατθ</span> <span class='ocrx_word' id='word_1_82' title='bbox 455 1404 504 1475; x_wconf 74' lang='grc' dir='ltr'>τήν</span> <span class='ocrx_word' id='word_1_83' title='bbox 523 1407 553 1463; x_wconf 91' lang='grc' dir='ltr'>ἐκ</span> <span class='ocrx_word' id='word_1_84' title='bbox 565 1409 612 1463; x_wconf 71' lang='grc' dir='ltr'>τοῦ</span> <span class='ocrx_word' id='word_1_85' title='bbox 629 1405 745 1470; x_wconf 83' lang='grc' dir='ltr'>αὐλῶνος</span> <span class='ocrx_word' id='word_1_86' title='bbox 761 1402 810 1471; x_wconf 78' lang='grc' dir='ltr'>ἔξω</span> <span class='ocrx_word' id='word_1_87' title='bbox 825 1401 955 1484; x_wconf 75' lang='grc' dir='ltr'>φέρουσαν</span> 
     </span>
     <span class='ocr_line' id='line_1_14' title="bbox 179 1490 954 1567; baseline -0.008 -12"><span class='ocrx_word' id='word_1_88' title='bbox 179 1497 250 1556; x_wconf 69' lang='lat' dir='ltr'><strong>tiis.</strong></span> <span class='ocrx_word' id='word_1_89' title='bbox 294 1493 345 1553; x_wconf 82' lang='grc' dir='ltr'>Ἐκ</span> <span class='ocrx_word' id='word_1_90' title='bbox 365 1491 507 1551; x_wconf 68' lang='grc' dir='ltr'>διανύτων</span> <span class='ocrx_word' id='word_1_91' title='bbox 523 1491 697 1564; x_wconf 84' lang='grc' dir='ltr'>συνιύεύήκει</span> <span class='ocrx_word' id='word_1_92' title='bbox 720 1500 773 1557; x_wconf 90' lang='grc' dir='ltr'>τοῖς</span> <span class='ocrx_word' id='word_1_93' title='bbox 792 1490 954 1567; x_wconf 85' lang='grc' dir='ltr'>Ῥωμαίοις,</span> 
     </span>
     <span class='ocr_line' id='line_1_15' title="bbox 180 1578 955 1661; baseline -0.006 -20"><span class='ocrx_word' id='word_1_94' title='bbox 180 1585 231 1661; x_wconf 86' lang='grc' dir='ltr'>οὐχ</span> <span class='ocrx_word' id='word_1_95' title='bbox 243 1582 272 1641; x_wconf 85' lang='grc' dir='ltr'>δν</span> <span class='ocrx_word' id='word_1_96' title='bbox 283 1580 420 1640; x_wconf 81' lang='grc' dir='ltr'>ἐύούλοντο</span> <span class='ocrx_word' id='word_1_97' title='bbox 433 1579 588 1648; x_wconf 73' lang='grc' dir='ltr'>ἐκλέξασθαι</span> <span class='ocrx_word' id='word_1_98' title='bbox 602 1580 682 1640; x_wconf 84' lang='grc' dir='ltr'>τόπον</span> <span class='ocrx_word' id='word_1_99' title='bbox 695 1581 731 1647; x_wconf 76' lang='grc' dir='ltr'>εἰς</span> <span class='ocrx_word' id='word_1_100' title='bbox 740 1578 955 1659; x_wconf 81' lang='grc' dir='ltr'>στρατοπεδείαν,</span> 
     </span>
     <span class='ocr_line' id='line_1_16' title="bbox 129 1664 957 1748; baseline 0.001 -22"><span class='ocrx_word' id='word_1_101' title='bbox 129 1706 154 1746; x_wconf 65' lang='lat'>¹5</span> <span class='ocrx_word' id='word_1_102' title='bbox 182 1669 240 1728; x_wconf 77' lang='grc' dir='ltr'>ἀλλ’</span> <span class='ocrx_word' id='word_1_103' title='bbox 261 1668 289 1728; x_wconf 85' lang='grc' dir='ltr'>δν</span> <span class='ocrx_word' id='word_1_104' title='bbox 317 1670 413 1727; x_wconf 73' lang='grc' dir='ltr'>ἔδωκεν</span> <span class='ocrx_word' id='word_1_105' title='bbox 435 1669 524 1736; x_wconf 82' lang='grc' dir='ltr'>αὐτοῖς</span> <span class='ocrx_word' id='word_1_106' title='bbox 544 1673 559 1729; x_wconf 82' lang='grc' dir='ltr'>ό</span> <span class='ocrx_word' id='word_1_107' title='bbox 576 1678 683 1748; x_wconf 85' lang='grc' dir='ltr'>καιρὸς,</span> <span class='ocrx_word' id='word_1_108' title='bbox 709 1667 768 1727; x_wconf 80' lang='grc' dir='ltr'>ἔνθα</span> <span class='ocrx_word' id='word_1_109' title='bbox 789 1666 848 1727; x_wconf 89' lang='grc' dir='ltr'>ούτι</span> <span class='ocrx_word' id='word_1_110' title='bbox 866 1664 957 1736; x_wconf 85' lang='grc' dir='ltr'>ίπποις</span> 
     </span>
     <span class='ocr_line' id='line_1_17' title="bbox 180 1748 955 1837; baseline 0.003 -23"><span class='ocrx_word' id='word_1_111' title='bbox 180 1756 255 1836; x_wconf 79' lang='grc' dir='ltr'>χιλόν</span> <span class='ocrx_word' id='word_1_112' title='bbox 279 1755 388 1832; x_wconf 85' lang='grc' dir='ltr'>εὔπορον</span> <span class='ocrx_word' id='word_1_113' title='bbox 408 1748 438 1828; x_wconf 80' lang='grc' dir='ltr'>ήν</span> <span class='ocrx_word' id='word_1_114' title='bbox 456 1756 620 1835; x_wconf 82' lang='grc' dir='ltr'>λαμθοίνειν,</span> <span class='ocrx_word' id='word_1_115' title='bbox 642 1757 715 1835; x_wconf 86' lang='grc' dir='ltr'>όρεσι</span> <span class='ocrx_word' id='word_1_116' title='bbox 739 1755 955 1837; x_wconf 85' lang='grc' dir='ltr'>περικλιιομένου</span> 
     </span>
     <span class='ocr_line' id='line_1_18' title="bbox 181 1845 951 1929; baseline 0.003 -26"><span class='ocrx_word' id='word_1_117' title='bbox 181 1851 226 1904; x_wconf 82' lang='grc' dir='ltr'>τοῦ</span> <span class='ocrx_word' id='word_1_118' title='bbox 244 1848 326 1906; x_wconf 90' lang='grc' dir='ltr'>τόπου</span> <span class='ocrx_word' id='word_1_119' title='bbox 341 1848 426 1928; x_wconf 86' lang='grc' dir='ltr'>ψιλοῖς</span> <span class='ocrx_word' id='word_1_120' title='bbox 441 1848 486 1905; x_wconf 84' lang='grc' dir='ltr'>καὶ</span> <span class='ocrx_word' id='word_1_121' title='bbox 495 1845 652 1921; x_wconf 82' lang='grc' dir='ltr'>δυσόιέτοις,</span> <span class='ocrx_word' id='word_1_122' title='bbox 670 1845 730 1906; x_wconf 83' lang='grc' dir='ltr'>οὔτε</span> <span class='ocrx_word' id='word_1_123' title='bbox 741 1850 843 1915; x_wconf 77' lang='grc' dir='ltr'>ἑαυτοῖς</span> <span class='ocrx_word' id='word_1_124' title='bbox 855 1848 951 1929; x_wconf 74' lang='grc' dir='ltr'>τρορδις</span> 
     </span>
     <span class='ocr_line' id='line_1_19' title="bbox 182 1934 958 2011; baseline 0.001 -20"><span class='ocrx_word' id='word_1_125' title='bbox 182 1935 212 1991; x_wconf 86' lang='grc' dir='ltr'>ἐκ</span> <span class='ocrx_word' id='word_1_126' title='bbox 221 1943 268 2006; x_wconf 77' lang='grc' dir='ltr'>τῆς</span> <span class='ocrx_word' id='word_1_127' title='bbox 279 1934 409 2011; x_wconf 80' lang='grc' dir='ltr'>πολεμίας</span> <span class='ocrx_word' id='word_1_128' title='bbox 420 1935 586 2010; x_wconf 83' lang='grc' dir='ltr'>συγκομίζειν</span> <span class='ocrx_word' id='word_1_129' title='bbox 597 1979 606 2008; x_wconf 96' lang='grc'>,</span> <span class='ocrx_word' id='word_1_130' title='bbox 619 1934 711 2008; x_wconf 78' lang='grc' dir='ltr'>ἐπειδὴ</span> <span class='ocrx_word' id='word_1_131' title='bbox 730 1935 912 2007; x_wconf 75' lang='grc' dir='ltr'>κατηνύλωντο</span> <span class='ocrx_word' id='word_1_132' title='bbox 928 1938 958 2004; x_wconf 74' lang='grc' dir='ltr'>ἃς</span> 
     </span>
     <span class='ocr_line' id='line_1_20' title="bbox 181 2019 957 2102; baseline 0.003 -23"><span class='ocrx_word' id='word_1_133' title='bbox 181 2020 280 2080; x_wconf 84' lang='grc' dir='ltr'>οἴκοθεν</span> <span class='ocrx_word' id='word_1_134' title='bbox 304 2021 411 2102; x_wconf 80' lang='grc' dir='ltr'>έρερον,</span> <span class='ocrx_word' id='word_1_135' title='bbox 436 2019 495 2079; x_wconf 88' lang='grc' dir='ltr'>ούτε</span> <span class='ocrx_word' id='word_1_136' title='bbox 519 2022 880 2100; x_wconf 83' lang='grc' dir='ltr'>μεταστρατοπεδεύσασθαι,</span> <span class='ocrx_word' id='word_1_137' title='bbox 905 2027 957 2081; x_wconf 82' lang='grc' dir='ltr'>τῶν</span> 
     </span>
     <span class='ocr_line' id='line_1_21' title="bbox 127 2108 953 2187; baseline 0.006 -20"><span class='ocrx_word' id='word_1_138' title='bbox 127 2145 155 2184; x_wconf 75' lang='lat'>20</span> <span class='ocrx_word' id='word_1_139' title='bbox 180 2110 312 2186; x_wconf 90' lang='grc' dir='ltr'>πολεμίων</span> <span class='ocrx_word' id='word_1_140' title='bbox 329 2109 542 2187; x_wconf 76' lang='grc' dir='ltr'>ἀντικαθημένων</span> <span class='ocrx_word' id='word_1_141' title='bbox 566 2110 611 2168; x_wconf 78' lang='grc' dir='ltr'>καὶ</span> <span class='ocrx_word' id='word_1_142' title='bbox 646 2108 801 2169; x_wconf 85' lang='grc' dir='ltr'>κωλυόντων</span> <span class='ocrx_word' id='word_1_143' title='bbox 826 2109 873 2177; x_wconf 73' lang='lat' dir='ltr'><strong>sis&lt;</strong></span> <span class='ocrx_word' id='word_1_144' title='bbox 898 2112 953 2182; x_wconf 79' lang='grc' dir='ltr'>ἐξό·</span> 
     </span>
     <span class='ocr_line' id='line_1_22' title="bbox 181 2197 955 2279; baseline 0.004 -22"><span class='ocrx_word' id='word_1_145' title='bbox 181 2200 247 2265; x_wconf 89' lang='grc' dir='ltr'>δους.</span> <span class='ocrx_word' id='word_1_146' title='bbox 291 2197 439 2259; x_wconf 62' lang='lat' dir='ltr'><strong>batracae</strong></span> <span class='ocrx_word' id='word_1_147' title='bbox 453 2222 482 2257; x_wconf 90' lang='grc' dir='ltr'>τε</span> <span class='ocrx_word' id='word_1_148' title='bbox 498 2197 669 2278; x_wconf 88' lang='grc' dir='ltr'>προελόμενοι</span> <span class='ocrx_word' id='word_1_149' title='bbox 679 2197 725 2257; x_wconf 86' lang='grc' dir='ltr'>καλ</span> <span class='ocrx_word' id='word_1_150' title='bbox 736 2199 905 2279; x_wconf 81' lang='grc' dir='ltr'>προελθόντες</span> <span class='ocrx_word' id='word_1_151' title='bbox 919 2203 955 2269; x_wconf 84' lang='grc' dir='ltr'>εἷς</span> 
     </span>
     <span class='ocr_line' id='line_1_23' title="bbox 181 2285 958 2368; baseline 0.003 -22"><span class='ocrx_word' id='word_1_152' title='bbox 181 2286 272 2368; x_wconf 79' lang='grc' dir='ltr'>μα’χην</span> <span class='ocrx_word' id='word_1_153' title='bbox 286 2286 511 2367; x_wconf 81' lang='grc' dir='ltr'>ἀνεκρούσθησαν,</span> <span class='ocrx_word' id='word_1_154' title='bbox 532 2287 577 2345; x_wconf 87' lang='grc' dir='ltr'>καλ</span> <span class='ocrx_word' id='word_1_155' title='bbox 592 2285 691 2353; x_wconf 82' lang='grc' dir='ltr'>πολλδς</span> <span class='ocrx_word' id='word_1_156' title='bbox 714 2287 818 2365; x_wconf 87' lang='grc' dir='ltr'>πληγδις</span> <span class='ocrx_word' id='word_1_157' title='bbox 833 2287 958 2358; x_wconf 77' lang='grc' dir='ltr'>λαθόντες</span> 
     </span>
     <span class='ocr_line' id='line_1_24' title="bbox 182 2372 957 2454; baseline 0.003 -22"><span class='ocrx_word' id='word_1_158' title='bbox 182 2376 217 2440; x_wconf 83' lang='grc' dir='ltr'>εἰς</span> <span class='ocrx_word' id='word_1_159' title='bbox 228 2372 271 2433; x_wconf 86' lang='grc' dir='ltr'>τδν</span> <span class='ocrx_word' id='word_1_160' title='bbox 286 2377 371 2432; x_wconf 85' lang='grc' dir='ltr'>αύτῶν</span> <span class='ocrx_word' id='word_1_161' title='bbox 388 2373 613 2444; x_wconf 82' lang='grc' dir='ltr'>κατεκλείσθησαν</span> <span class='ocrx_word' id='word_1_162' title='bbox 632 2374 751 2454; x_wconf 86' lang='grc' dir='ltr'>χοίρακα.</span> <span class='ocrx_word' id='word_1_163' title='bbox 795 2373 829 2435; x_wconf 92' lang='grc' dir='ltr'><strong>Ὁ</strong></span> <span class='ocrx_word' id='word_1_164' title='bbox 846 2374 874 2434; x_wconf 79' lang='grc' dir='ltr'>δέ</span> <span class='ocrx_word' id='word_1_165' title='bbox 890 2378 957 2437; x_wconf 85' lang='grc' dir='ltr'>Κοί-</span> 
     </span>
     <span class='ocr_line' id='line_1_25' title="bbox 181 2463 958 2545; baseline 0.003 -24"><span class='ocrx_word' id='word_1_166' title='bbox 181 2463 235 2530; x_wconf 90' lang='grc' dir='ltr'>λιος</span> <span class='ocrx_word' id='word_1_167' title='bbox 260 2463 381 2543; x_wconf 85' lang='grc' dir='ltr'>ἐπαρθεὶς</span> <span class='ocrx_word' id='word_1_168' title='bbox 400 2465 438 2544; x_wconf 81' lang='grc' dir='ltr'>τῷ</span> <span class='ocrx_word' id='word_1_169' title='bbox 461 2463 644 2544; x_wconf 83' lang='grc' dir='ltr'>προτερήματι</span> <span class='ocrx_word' id='word_1_170' title='bbox 665 2463 750 2545; x_wconf 83' lang='grc' dir='ltr'>τούτῳ</span> <span class='ocrx_word' id='word_1_171' title='bbox 768 2463 958 2544; x_wconf 81' lang='grc' dir='ltr'>πιριετοίρριυέ</span> 
     </span>
     <span class='ocr_line' id='line_1_26' title="bbox 128 2542 959 2632; baseline -0.002 -18"><span class='ocrx_word' id='word_1_172' title='bbox 128 2576 155 2614; x_wconf 77' lang='lat' dir='ltr'><strong>ao</strong></span> <span class='ocrx_word' id='word_1_173' title='bbox 181 2575 210 2612; x_wconf 87' lang='grc' dir='ltr'>τι</span> <span class='ocrx_word' id='word_1_174' title='bbox 224 2551 317 2620; x_wconf 79' lang='grc' dir='ltr'>αὐτούς</span> <span class='ocrx_word' id='word_1_175' title='bbox 331 2553 377 2612; x_wconf 82' lang='grc' dir='ltr'>καὶ</span> <span class='ocrx_word' id='word_1_176' title='bbox 391 2550 597 2632; x_wconf 75' lang='grc' dir='ltr'>περιεχαράκου,</span> <span class='ocrx_word' id='word_1_177' title='bbox 609 2550 655 2609; x_wconf 83' lang='grc' dir='ltr'>καλ</span> <span class='ocrx_word' id='word_1_178' title='bbox 666 2552 767 2618; x_wconf 87' lang='grc' dir='ltr'>πολλδις</span> <span class='ocrx_word' id='word_1_179' title='bbox 780 2552 888 2618; x_wconf 82' lang='grc' dir='ltr'>ἐλπίδας</span> <span class='ocrx_word' id='word_1_180' title='bbox 904 2542 959 2632; x_wconf 75' lang='grc' dir='ltr'>εἶχε</span> 
     </span>
     <span class='ocr_line' id='line_1_27' title="bbox 181 2639 958 2722; baseline 0.003 -22"><span class='ocrx_word' id='word_1_181' title='bbox 181 2643 252 2719; x_wconf 80' lang='grc' dir='ltr'>λιμῷ</span> <span class='ocrx_word' id='word_1_182' title='bbox 267 2640 420 2707; x_wconf 86' lang='grc' dir='ltr'>πιεσθέντας</span> <span class='ocrx_word' id='word_1_183' title='bbox 441 2640 609 2720; x_wconf 80' lang='grc' dir='ltr'>παραδώσειν</span> <span class='ocrx_word' id='word_1_184' title='bbox 624 2643 695 2722; x_wconf 80' lang='grc' dir='ltr'>αύτῷ</span> <span class='ocrx_word' id='word_1_185' title='bbox 709 2639 741 2698; x_wconf 70' lang='lat' dir='ltr'><strong>:i</strong></span> <span class='ocrx_word' id='word_1_186' title='bbox 759 2642 841 2701; x_wconf 80' lang='grc' dir='ltr'>ὅπλα.</span> <span class='ocrx_word' id='word_1_187' title='bbox 886 2639 958 2721; x_wconf 75' lang='grc' dir='ltr'>’θρι-</span> 
     </span>
     <span class='ocr_line' id='line_1_28' title="bbox 182 2728 958 2810; baseline -0.003 -21"><span class='ocrx_word' id='word_1_188' title='bbox 182 2736 293 2807; x_wconf 83' lang='grc' dir='ltr'>κομὲνης</span> <span class='ocrx_word' id='word_1_189' title='bbox 308 2733 330 2789; x_wconf 82' lang='grc' dir='ltr'>δ’</span> <span class='ocrx_word' id='word_1_190' title='bbox 346 2733 382 2797; x_wconf 78' lang='grc' dir='ltr'>εἰς</span> <span class='ocrx_word' id='word_1_191' title='bbox 401 2728 512 2804; x_wconf 83' lang='grc' dir='ltr'>Ῥώμην</span> <span class='ocrx_word' id='word_1_192' title='bbox 525 2728 585 2810; x_wconf 82' lang='grc' dir='ltr'>περὶ</span> <span class='ocrx_word' id='word_1_193' title='bbox 601 2729 699 2788; x_wconf 84' lang='grc' dir='ltr'>τούτοιν</span> <span class='ocrx_word' id='word_1_194' title='bbox 716 2730 860 2807; x_wconf 85' lang='grc' dir='ltr'>ιἰγγελίας,</span> <span class='ocrx_word' id='word_1_195' title='bbox 879 2729 958 2790; x_wconf 83' lang='grc' dir='ltr'>Κόϊν-</span> 
     </span>
     <span class='ocr_line' id='line_1_29' title="bbox 181 2813 960 2896; baseline -0.001 -22"><span class='ocrx_word' id='word_1_196' title='bbox 181 2838 224 2882; x_wconf 88' lang='grc' dir='ltr'>τος</span> <span class='ocrx_word' id='word_1_197' title='bbox 245 2817 453 2896; x_wconf 79' lang='grc' dir='ltr'>θκαταλιιρθεὶς</span> <span class='ocrx_word' id='word_1_198' title='bbox 468 2818 511 2874; x_wconf 82' lang='grc' dir='ltr'>ἐπὶ</span> <span class='ocrx_word' id='word_1_199' title='bbox 531 2819 578 2885; x_wconf 78' lang='grc' dir='ltr'>τῆς</span> <span class='ocrx_word' id='word_1_200' title='bbox 599 2815 698 2879; x_wconf 87' lang='grc' dir='ltr'>πόλεως</span> <span class='ocrx_word' id='word_1_201' title='bbox 713 2813 827 2893; x_wconf 88' lang='grc' dir='ltr'>ἔπαρχος</span> <span class='ocrx_word' id='word_1_202' title='bbox 846 2814 899 2873; x_wconf 74' lang='lat' dir='ltr'><strong>aab</strong></span> <span class='ocrx_word' id='word_1_203' title='bbox 913 2820 960 2887; x_wconf 79' lang='grc' dir='ltr'>τῆς</span> 
     </span>
     <span class='ocr_line' id='line_1_30' title="bbox 182 2894 960 2984; baseline -0.003 -22"><span class='ocrx_word' id='word_1_204' title='bbox 182 2902 229 2962; x_wconf 72' lang='grc' dir='ltr'>σὺν</span> <span class='ocrx_word' id='word_1_205' title='bbox 256 2906 327 2984; x_wconf 78' lang='grc' dir='ltr'>αύτῷ</span> <span class='ocrx_word' id='word_1_206' title='bbox 348 2912 495 2983; x_wconf 71' lang='grc' dir='ltr'>στρατιᾶς,</span> <span class='ocrx_word' id='word_1_207' title='bbox 523 2903 583 2960; x_wconf 81' lang='grc' dir='ltr'>ὅσον</span> <span class='ocrx_word' id='word_1_208' title='bbox 608 2894 639 2970; x_wconf 73' lang='grc' dir='ltr'>ἦν</span> <span class='ocrx_word' id='word_1_209' title='bbox 662 2900 841 2979; x_wconf 87' lang='grc' dir='ltr'>α’κμαιότατόν</span> <span class='ocrx_word' id='word_1_210' title='bbox 866 2924 893 2960; x_wconf 86' lang='grc' dir='ltr'>τι</span> <span class='ocrx_word' id='word_1_211' title='bbox 914 2904 960 2960; x_wconf 84' lang='grc' dir='ltr'>καὶ</span> 
     </span>
     <span class='ocr_line' id='line_1_31' title="bbox 129 2989 960 3071; baseline -0.006 -19"><span class='ocrx_word' id='word_1_212' title='bbox 129 3012 157 3053; x_wconf 80' lang='lat' dir='ltr'>so</span> <span class='ocrx_word' id='word_1_213' title='bbox 182 2992 321 3071; x_wconf 82' lang='grc' dir='ltr'>κριίτιστον</span> <span class='ocrx_word' id='word_1_214' title='bbox 338 2995 414 3069; x_wconf 81' lang='grc' dir='ltr'>μέρος</span> <span class='ocrx_word' id='word_1_215' title='bbox 428 2990 566 3061; x_wconf 79' lang='grc' dir='ltr'>ἐπιλέξας,</span> <span class='ocrx_word' id='word_1_216' title='bbox 582 2990 624 3047; x_wconf 78' lang='grc' dir='ltr'>ἐπὶ</span> <span class='ocrx_word' id='word_1_217' title='bbox 637 2993 793 3068; x_wconf 85' lang='grc' dir='ltr'>συμμαχίαν</span> <span class='ocrx_word' id='word_1_218' title='bbox 807 2989 909 3069; x_wconf 80' lang='grc' dir='ltr'>έπεμψε</span> <span class='ocrx_word' id='word_1_219' title='bbox 923 2994 960 3070; x_wconf 82' lang='grc' dir='ltr'>τῷ</span> 
     </span>
     <span class='ocr_line' id='line_1_32' title="bbox 183 3077 960 3158; baseline -0.001 -21"><span class='ocrx_word' id='word_1_220' title='bbox 183 3083 285 3158; x_wconf 81' lang='grc' dir='ltr'>ύποίτῳ.</span> <span class='ocrx_word' id='word_1_221' title='bbox 339 3078 446 3155; x_wconf 85' lang='grc' dir='ltr'>ἹΙγεῖτο</span> <span class='ocrx_word' id='word_1_222' title='bbox 471 3078 497 3134; x_wconf 79' lang='grc' dir='ltr'>δέ</span> <span class='ocrx_word' id='word_1_223' title='bbox 521 3082 567 3144; x_wconf 78' lang='grc' dir='ltr'>τῆς</span> <span class='ocrx_word' id='word_1_224' title='bbox 593 3079 728 3153; x_wconf 77' lang='grc' dir='ltr'>δυνάμεως</span> <span class='ocrx_word' id='word_1_225' title='bbox 754 3077 852 3147; x_wconf 79' lang='grc' dir='ltr'>ταύτης</span> <span class='ocrx_word' id='word_1_226' title='bbox 881 3080 960 3142; x_wconf 78' lang='grc' dir='ltr'>Τῖτος</span> 
     </span>
     <span class='ocr_line' id='line_1_33' title="bbox 183 3162 961 3243; baseline -0.001 -20"><span class='ocrx_word' id='word_1_227' title='bbox 183 3166 304 3229; x_wconf 83' lang='grc' dir='ltr'>Κοίντιος</span> <span class='ocrx_word' id='word_1_228' title='bbox 328 3166 343 3220; x_wconf 84' lang='grc' dir='ltr'>ό</span> <span class='ocrx_word' id='word_1_229' title='bbox 367 3163 478 3238; x_wconf 91' lang='grc' dir='ltr'>ταμίας,</span> <span class='ocrx_word' id='word_1_230' title='bbox 502 3163 570 3242; x_wconf 78' lang='grc' dir='ltr'>ἀνήρ</span> <span class='ocrx_word' id='word_1_231' title='bbox 596 3162 729 3231; x_wconf 80' lang='grc' dir='ltr'>ὑπατικός.</span> <span class='ocrx_word' id='word_1_232' title='bbox 772 3163 843 3243; x_wconf 82' lang='grc' dir='ltr'>Πρὸς</span> <span class='ocrx_word' id='word_1_233' title='bbox 866 3163 893 3222; x_wconf 83' lang='grc' dir='ltr'>δέ</span> <span class='ocrx_word' id='word_1_234' title='bbox 916 3166 961 3224; x_wconf 82' lang='grc' dir='ltr'>τὸν</span> 
     </span>
     <span class='ocr_line' id='line_1_34' title="bbox 183 3250 962 3327; baseline -0.004 -16"><span class='ocrx_word' id='word_1_235' title='bbox 183 3252 270 3327; x_wconf 78' lang='grc' dir='ltr'>ἕτερον</span> <span class='ocrx_word' id='word_1_236' title='bbox 295 3255 347 3308; x_wconf 86' lang='grc' dir='ltr'>τῶν</span> <span class='ocrx_word' id='word_1_237' title='bbox 372 3250 481 3309; x_wconf 78' lang='grc' dir='ltr'>ύπύτων</span> <span class='ocrx_word' id='word_1_238' title='bbox 504 3252 634 3323; x_wconf 89' lang='grc' dir='ltr'>Ναύτιον,</span> <span class='ocrx_word' id='word_1_239' title='bbox 652 3252 695 3310; x_wconf 83' lang='grc' dir='ltr'>ἐπί</span> <span class='ocrx_word' id='word_1_240' title='bbox 719 3256 765 3324; x_wconf 73' lang='grc' dir='ltr'>τῆς</span> <span class='ocrx_word' id='word_1_241' title='bbox 792 3254 819 3311; x_wconf 86' lang='grc' dir='ltr'>ἐν</span> <span class='ocrx_word' id='word_1_242' title='bbox 840 3253 962 3320; x_wconf 80' lang='grc' dir='ltr'>Σαύίνοις</span> 
     </span>
     <span class='ocr_line' id='line_1_35' title="bbox 183 3340 961 3422; baseline 0.001 -22"><span class='ocrx_word' id='word_1_243' title='bbox 183 3351 308 3422; x_wconf 81' lang='grc' dir='ltr'>στρατιᾶς</span> <span class='ocrx_word' id='word_1_244' title='bbox 318 3340 390 3413; x_wconf 84' lang='grc' dir='ltr'>ὄντα,</span> <span class='ocrx_word' id='word_1_245' title='bbox 402 3341 548 3420; x_wconf 89' lang='grc' dir='ltr'>γροίμματα</span> <span class='ocrx_word' id='word_1_246' title='bbox 561 3341 724 3422; x_wconf 77' lang='grc' dir='ltr'>διαπέμψας,</span> <span class='ocrx_word' id='word_1_247' title='bbox 736 3343 769 3400; x_wconf 90' lang='grc' dir='ltr'>τοί</span> <span class='ocrx_word' id='word_1_248' title='bbox 781 3367 809 3401; x_wconf 87' lang='grc' dir='ltr'>τε</span> <span class='ocrx_word' id='word_1_249' title='bbox 822 3342 961 3419; x_wconf 81' lang='grc' dir='ltr'>συμύόντα</span> 
     </span>
     <span class='ocr_line' id='line_1_36' title="bbox 131 3429 961 3512; baseline -0.006 -19"><span class='ocrx_word' id='word_1_250' title='bbox 131 3455 158 3493; x_wconf 85' lang='lat' dir='ltr'>as</span> <span class='ocrx_word' id='word_1_251' title='bbox 182 3435 220 3510; x_wconf 81' lang='grc' dir='ltr'>τῷ</span> <span class='ocrx_word' id='word_1_252' title='bbox 241 3433 370 3512; x_wconf 83' lang='grc' dir='ltr'>Μηνυκίιρ</span> <span class='ocrx_word' id='word_1_253' title='bbox 391 3431 549 3512; x_wconf 79' lang='grc' dir='ltr'>διεσύρησι,</span> <span class='ocrx_word' id='word_1_254' title='bbox 563 3430 608 3488; x_wconf 82' lang='grc' dir='ltr'>καὶ</span> <span class='ocrx_word' id='word_1_255' title='bbox 634 3430 710 3488; x_wconf 80' lang='grc' dir='ltr'>αὐτὸν</span> <span class='ocrx_word' id='word_1_256' title='bbox 732 3429 806 3503; x_wconf 82' lang='grc' dir='ltr'>ήκειν</span> <span class='ocrx_word' id='word_1_257' title='bbox 826 3431 897 3504; x_wconf 78' lang='grc' dir='ltr'>ἠξίου</span> <span class='ocrx_word' id='word_1_258' title='bbox 920 3432 961 3488; x_wconf 83' lang='grc' dir='ltr'>διὰ</span> 
     </span>
     <span class='ocr_line' id='line_1_37' title="bbox 183 3519 961 3599; baseline -0.001 -22"><span class='ocrx_word' id='word_1_259' title='bbox 183 3520 293 3599; x_wconf 83' lang='grc' dir='ltr'>ταχέων.</span> <span class='ocrx_word' id='word_1_260' title='bbox 339 3523 475 3590; x_wconf 79' lang='grc' dir='ltr'>Κάκεῖνος,</span> <span class='ocrx_word' id='word_1_261' title='bbox 494 3519 635 3598; x_wconf 79' lang='grc' dir='ltr'>ἐπιτρέψας</span> <span class='ocrx_word' id='word_1_262' title='bbox 657 3529 710 3585; x_wconf 82' lang='grc' dir='ltr'>τοῖς</span> <span class='ocrx_word' id='word_1_263' title='bbox 728 3520 897 3599; x_wconf 80' lang='grc' dir='ltr'>πρεσόευταῖς</span> <span class='ocrx_word' id='word_1_264' title='bbox 919 3522 961 3578; x_wconf 77' lang='grc' dir='ltr'>τὀν</span> 
     </span>
     <span class='ocr_line' id='line_1_38' title="bbox 182 3607 963 3689; baseline -0.001 -24"><span class='ocrx_word' id='word_1_265' title='bbox 182 3609 290 3686; x_wconf 76' lang='grc' dir='ltr'>χάρακα</span> <span class='ocrx_word' id='word_1_266' title='bbox 317 3608 465 3689; x_wconf 87' lang='grc' dir='ltr'>ιρυλοίττειν,</span> <span class='ocrx_word' id='word_1_267' title='bbox 489 3609 566 3672; x_wconf 82' lang='grc' dir='ltr'>αὐτὸς</span> <span class='ocrx_word' id='word_1_268' title='bbox 593 3607 640 3667; x_wconf 83' lang='grc' dir='ltr'>σὺν</span> <span class='ocrx_word' id='word_1_269' title='bbox 667 3608 763 3684; x_wconf 88' lang='grc' dir='ltr'>ὀλίγοις</span> <span class='ocrx_word' id='word_1_270' title='bbox 779 3613 900 3668; x_wconf 81' lang='grc' dir='ltr'>ἱππεῦσιν</span> <span class='ocrx_word' id='word_1_271' title='bbox 927 3611 963 3675; x_wconf 85' lang='grc' dir='ltr'>εἷς</span> 
     </span>
     <span class='ocr_line' id='line_1_39' title="bbox 184 3693 962 3777; baseline -0.001 -23"><span class='ocrx_word' id='word_1_272' title='bbox 184 3693 293 3771; x_wconf 84' lang='grc' dir='ltr'>Ῥώμην</span> <span class='ocrx_word' id='word_1_273' title='bbox 314 3697 415 3755; x_wconf 85' lang='grc' dir='ltr'>ἐλαύνει</span> <span class='ocrx_word' id='word_1_274' title='bbox 436 3696 551 3777; x_wconf 84' lang='grc' dir='ltr'>συντόνῳ</span> <span class='ocrx_word' id='word_1_275' title='bbox 576 3697 742 3777; x_wconf 73' lang='grc' dir='ltr'>Ιχρησόμενος</span> <span class='ocrx_word' id='word_1_276' title='bbox 763 3696 897 3774; x_wconf 73' lang='grc' dir='ltr'>ίππασία·</span> <span class='ocrx_word' id='word_1_277' title='bbox 914 3697 962 3762; x_wconf 85' lang='grc' dir='ltr'>εἷς·</span> 
     </span>
     <span class='ocr_line' id='line_1_40' title="bbox 184 3783 962 3860; baseline 0.006 -22"><span class='ocrx_word' id='word_1_278' title='bbox 184 3783 264 3843; x_wconf 70' lang='lat' dir='ltr'><strong>sitin</strong></span> <span class='ocrx_word' id='word_1_279' title='bbox 287 3784 310 3840; x_wconf 79' lang='grc' dir='ltr'>δ’</span> <span class='ocrx_word' id='word_1_280' title='bbox 333 3789 367 3851; x_wconf 88' lang='grc' dir='ltr'>εἷς</span> <span class='ocrx_word' id='word_1_281' title='bbox 391 3785 438 3856; x_wconf 80' lang='grc' dir='ltr'>τήν</span> <span class='ocrx_word' id='word_1_282' title='bbox 465 3786 540 3844; x_wconf 81' lang='grc' dir='ltr'>πολιν</span> <span class='ocrx_word' id='word_1_283' title='bbox 571 3788 608 3844; x_wconf 90' lang='grc' dir='ltr'>έτι</span> <span class='ocrx_word' id='word_1_284' title='bbox 636 3789 735 3857; x_wconf 75' lang='grc' dir='ltr'>πολλῆς</span> <span class='ocrx_word' id='word_1_285' title='bbox 757 3786 847 3853; x_wconf 76' lang='grc' dir='ltr'>νυκτὸς</span> <span class='ocrx_word' id='word_1_286' title='bbox 872 3784 962 3860; x_wconf 85' lang='grc' dir='ltr'>οὔσης,</span> 
     </span>
     <span class='ocr_line' id='line_1_41' title="bbox 131 3871 960 3952; baseline -0.005 -19"><span class='ocrx_word' id='word_1_287' title='bbox 131 3898 160 3937; x_wconf 81' lang='lat' dir='ltr'><strong>an</strong></span> <span class='ocrx_word' id='word_1_288' title='bbox 185 3872 336 3931; x_wconf 83' lang='grc' dir='ltr'>έύουλεύετο</span> <span class='ocrx_word' id='word_1_289' title='bbox 351 3873 396 3931; x_wconf 85' lang='grc' dir='ltr'>σθν</span> <span class='ocrx_word' id='word_1_290' title='bbox 413 3877 451 3952; x_wconf 82' lang='grc' dir='ltr'>τῷ</span> <span class='ocrx_word' id='word_1_291' title='bbox 466 3871 565 3952; x_wconf 77' lang='grc' dir='ltr'>Φαόίῳ</span> <span class='ocrx_word' id='word_1_292' title='bbox 581 3872 625 3931; x_wconf 81' lang='grc' dir='ltr'>καί</span> <span class='ocrx_word' id='word_1_293' title='bbox 641 3876 693 3929; x_wconf 84' lang='grc' dir='ltr'>τῶν</span> <span class='ocrx_word' id='word_1_294' title='bbox 710 3873 796 3930; x_wconf 86' lang='grc' dir='ltr'>ἄλλων</span> <span class='ocrx_word' id='word_1_295' title='bbox 813 3874 960 3950; x_wconf 81' lang='grc' dir='ltr'>βουλευτῶν</span> 
     </span>
     <span class='ocr_line' id='line_1_42' title="bbox 184 3959 960 4038; baseline -0.004 -21"><span class='ocrx_word' id='word_1_296' title='bbox 184 3961 237 4025; x_wconf 83' lang='grc' dir='ltr'>τοῖς</span> <span class='ocrx_word' id='word_1_297' title='bbox 250 3959 453 4036; x_wconf 77' lang='grc' dir='ltr'>πρεσύυτᾶτοις,</span> <span class='ocrx_word' id='word_1_298' title='bbox 468 3960 484 4018; x_wconf 84' lang='grc' dir='ltr'>ό</span> <span class='ocrx_word' id='word_1_299' title='bbox 498 3985 524 4018; x_wconf 91' lang='grc' dir='ltr'>τι</span> <span class='ocrx_word' id='word_1_300' title='bbox 535 3962 588 4038; x_wconf 81' lang='grc' dir='ltr'>χρή</span> <span class='ocrx_word' id='word_1_301' title='bbox 607 3969 699 4018; x_wconf 85' lang='grc' dir='ltr'>ποιεῖν.</span> <span class='ocrx_word' id='word_1_302' title='bbox 743 3960 820 4020; x_wconf 78' lang='grc' dir='ltr'>Ἐπεὶ</span> <span class='ocrx_word' id='word_1_303' title='bbox 837 3959 863 4018; x_wconf 80' lang='grc' dir='ltr'>δέ</span> <span class='ocrx_word' id='word_1_304' title='bbox 880 3970 960 4019; x_wconf 82' lang='grc' dir='ltr'>πᾶσιν</span> 
     </span>
     <span class='ocr_line' id='line_1_43' title="bbox 186 4048 960 4127; baseline 0.005 -23"><span class='ocrx_word' id='word_1_305' title='bbox 186 4048 268 4104; x_wconf 81' lang='grc' dir='ltr'>ἐδόκει</span> <span class='ocrx_word' id='word_1_306' title='bbox 283 4048 432 4125; x_wconf 80' lang='grc' dir='ltr'>δικτάτορος</span> <span class='ocrx_word' id='word_1_307' title='bbox 445 4051 545 4108; x_wconf 83' lang='grc' dir='ltr'>δεῖσθαι</span> <span class='ocrx_word' id='word_1_308' title='bbox 565 4054 579 4106; x_wconf 81' lang='grc' dir='ltr'>θ</span> <span class='ocrx_word' id='word_1_309' title='bbox 594 4054 699 4127; x_wconf 81' lang='grc' dir='ltr'>καιρός,</span> <span class='ocrx_word' id='word_1_310' title='bbox 720 4048 903 4107; x_wconf 83' lang='grc' dir='ltr'>ἀποδείκνυσιν</span> <span class='ocrx_word' id='word_1_311' title='bbox 917 4051 960 4108; x_wconf 84' lang='grc' dir='ltr'>ἐπὶ</span> 
     </span>
     <span class='ocr_line' id='line_1_44' title="bbox 185 4131 961 4212; baseline 0.008 -24"><span class='ocrx_word' id='word_1_312' title='bbox 185 4131 233 4203; x_wconf 80' lang='grc' dir='ltr'>τήν</span> <span class='ocrx_word' id='word_1_313' title='bbox 250 4136 334 4212; x_wconf 71' lang='grc' dir='ltr'>ἀρχὴν</span> <span class='ocrx_word' id='word_1_314' title='bbox 348 4139 445 4206; x_wconf 87' lang='grc' dir='ltr'>ταύτην</span> <span class='ocrx_word' id='word_1_315' title='bbox 460 4136 572 4195; x_wconf 73' lang='grc' dir='ltr'>Λεύκιον</span> <span class='ocrx_word' id='word_1_316' title='bbox 587 4132 706 4195; x_wconf 83' lang='grc' dir='ltr'>Κοίντιον</span> <span class='ocrx_word' id='word_1_317' title='bbox 728 4137 892 4196; x_wconf 84' lang='grc' dir='ltr'>Κικιννοίτον.</span> <span class='ocrx_word' id='word_1_318' title='bbox 909 4137 961 4197; x_wconf 85' lang='grc' dir='ltr'>Καί</span> 
     </span>
     <span class='ocr_line' id='line_1_45' title="bbox 186 4221 961 4306; baseline 0.008 -25"><span class='ocrx_word' id='word_1_319' title='bbox 186 4221 262 4288; x_wconf 82' lang='grc' dir='ltr'>αὐτὸς</span> <span class='ocrx_word' id='word_1_320' title='bbox 277 4222 325 4297; x_wconf 85' lang='grc' dir='ltr'>μέν</span> <span class='ocrx_word' id='word_1_321' title='bbox 340 4228 423 4281; x_wconf 77' lang='grc' dir='ltr'>ταῦτα</span> <span class='ocrx_word' id='word_1_322' title='bbox 448 4224 656 4305; x_wconf 82' lang='grc' dir='ltr'>διαπραξόμενος</span> <span class='ocrx_word' id='word_1_323' title='bbox 676 4223 761 4306; x_wconf 83' lang='grc' dir='ltr'>ᾤχετο</span> <span class='ocrx_word' id='word_1_324' title='bbox 777 4226 856 4284; x_wconf 83' lang='grc' dir='ltr'>πάλιν</span> <span class='ocrx_word' id='word_1_325' title='bbox 873 4227 916 4285; x_wconf 82' lang='grc' dir='ltr'>ἐπὶ</span> <span class='ocrx_word' id='word_1_326' title='bbox 932 4228 961 4287; x_wconf 85' lang='grc' dir='ltr'>τὸ</span> 
     </span>
     <span class='ocr_line' id='line_1_46' title="bbox 132 4311 373 4395; baseline -0.004 -27"><span class='ocrx_word' id='word_1_327' title='bbox 132 4358 158 4395; x_wconf 61' lang='lat'>45</span> <span class='ocrx_word' id='word_1_328' title='bbox 186 4311 373 4390; x_wconf 75' lang='grc' dir='ltr'>στρατόπεδον,</span> 
     </span>
    </p>

    <p class='ocr_par' dir='ltr' id='par_1_3' title="bbox 185 4399 962 4749">
     <span class='ocr_line' id='line_1_47' title="bbox 226 4399 961 4486; baseline 0.01 -26"><span class='ocrx_word' id='word_1_329' title='bbox 226 4403 333 4461; x_wconf 73' lang='lat' dir='ltr'><strong>xliv.</strong></span> <span class='ocrx_word' id='word_1_330' title='bbox 359 4399 393 4461; x_wconf 89' lang='grc' dir='ltr'>Ὁ</span> <span class='ocrx_word' id='word_1_331' title='bbox 405 4403 430 4460; x_wconf 75' lang='grc' dir='ltr'>δὲ</span> <span class='ocrx_word' id='word_1_332' title='bbox 444 4407 489 4473; x_wconf 79' lang='grc' dir='ltr'>τῆς</span> <span class='ocrx_word' id='word_1_333' title='bbox 505 4403 604 4470; x_wconf 88' lang='grc' dir='ltr'>πόλεως</span> <span class='ocrx_word' id='word_1_334' title='bbox 618 4405 733 4486; x_wconf 81' lang='grc' dir='ltr'>ἔπαρχος</span> <span class='ocrx_word' id='word_1_335' title='bbox 743 4404 846 4471; x_wconf 61' lang='lat' dir='ltr'><strong>attide&lt;</strong></span> <span class='ocrx_word' id='word_1_336' title='bbox 860 4407 961 4484; x_wconf 82' lang='grc' dir='ltr'>ἔπεμπε</span> 
     </span>
     <span class='ocr_line' id='line_1_48' title="bbox 185 4488 961 4575; baseline 0.006 -28"><span class='ocrx_word' id='word_1_337' title='bbox 185 4488 243 4554; x_wconf 76' lang='grc' dir='ltr'>τούς</span> <span class='ocrx_word' id='word_1_338' title='bbox 269 4490 507 4571; x_wconf 73' lang='grc' dir='ltr'>παραληψομένους</span> <span class='ocrx_word' id='word_1_339' title='bbox 531 4493 574 4551; x_wconf 79' lang='grc' dir='ltr'>τὸν</span> <span class='ocrx_word' id='word_1_340' title='bbox 591 4494 710 4552; x_wconf 83' lang='grc' dir='ltr'>Κοίντιον</span> <span class='ocrx_word' id='word_1_341' title='bbox 735 4494 777 4550; x_wconf 78' lang='grc' dir='ltr'>ἐπί</span> <span class='ocrx_word' id='word_1_342' title='bbox 803 4494 850 4563; x_wconf 72' lang='grc' dir='ltr'>τήν</span> <span class='ocrx_word' id='word_1_343' title='bbox 868 4497 961 4575; x_wconf 81' lang='grc' dir='ltr'>ἀρχήν.</span> 
     </span>
     <span class='ocr_line' id='line_1_49' title="bbox 185 4577 962 4662; baseline 0.001 -24"><span class='ocrx_word' id='word_1_344' title='bbox 185 4577 285 4658; x_wconf 81' lang='grc' dir='ltr'>Ἔτυχε</span> <span class='ocrx_word' id='word_1_345' title='bbox 301 4578 387 4636; x_wconf 76' lang='grc' dir='ltr'>δὲκαὶ</span> <span class='ocrx_word' id='word_1_346' title='bbox 402 4580 460 4637; x_wconf 87' lang='grc' dir='ltr'>τότε</span> <span class='ocrx_word' id='word_1_347' title='bbox 477 4582 570 4662; x_wconf 77' lang='grc' dir='ltr'>ύάνήρ</span> <span class='ocrx_word' id='word_1_348' title='bbox 591 4586 642 4639; x_wconf 80' lang='grc' dir='ltr'>τῶν</span> <span class='ocrx_word' id='word_1_349' title='bbox 667 4585 725 4639; x_wconf 85' lang='grc' dir='ltr'>κατ’</span> <span class='ocrx_word' id='word_1_350' title='bbox 742 4581 819 4660; x_wconf 78' lang='grc' dir='ltr'>ιίγρδν</span> <span class='ocrx_word' id='word_1_351' title='bbox 837 4580 919 4660; x_wconf 80' lang='grc' dir='ltr'>ἔργων</span> <span class='ocrx_word' id='word_1_352' title='bbox 937 4607 962 4639; x_wconf 89' lang='grc' dir='ltr'>τι</span> 
     </span>
     <span class='ocr_line' id='line_1_50' title="bbox 186 4668 962 4749; baseline 0.001 -23"><span class='ocrx_word' id='word_1_353' title='bbox 186 4669 420 4747; x_wconf 78' lang='grc' dir='ltr'>διαπραττόμενος.</span> <span class='ocrx_word' id='word_1_354' title='bbox 466 4668 540 4729; x_wconf 83' lang='grc' dir='ltr'>Ἰδὼν</span> <span class='ocrx_word' id='word_1_355' title='bbox 557 4672 583 4728; x_wconf 81' lang='grc' dir='ltr'>δὲ</span> <span class='ocrx_word' id='word_1_356' title='bbox 599 4699 642 4737; x_wconf 92' lang='grc' dir='ltr'>τον</span> <span class='ocrx_word' id='word_1_357' title='bbox 666 4671 807 4749; x_wconf 79' lang='grc' dir='ltr'>προσιόντα</span> <span class='ocrx_word' id='word_1_358' title='bbox 825 4669 902 4748; x_wconf 84' lang='grc' dir='ltr'>δχλον</span> <span class='ocrx_word' id='word_1_359' title='bbox 917 4670 962 4728; x_wconf 85' lang='grc' dir='ltr'>καὶ</span> 
     </span>
    </p>

    <p class='ocr_par' dir='ltr' id='par_1_4' title="bbox 133 4757 963 5196">
     <span class='ocr_line' id='line_1_51' title="bbox 133 4757 963 4836; baseline 0.005 -22"><span class='ocrx_word' id='word_1_360' title='bbox 133 4795 159 4832; x_wconf 64' lang='grc'>,0</span> <span class='ocrx_word' id='word_1_361' title='bbox 187 4757 352 4824; x_wconf 81' lang='grc' dir='ltr'>ὑποπτεύσας</span> <span class='ocrx_word' id='word_1_362' title='bbox 374 4759 417 4817; x_wconf 86' lang='grc' dir='ltr'>ἐπ’</span> <span class='ocrx_word' id='word_1_363' title='bbox 441 4758 519 4816; x_wconf 84' lang='grc' dir='ltr'>αὐτὸν</span> <span class='ocrx_word' id='word_1_364' title='bbox 540 4758 631 4831; x_wconf 79' lang='grc' dir='ltr'>ήκειν,</span> <span class='ocrx_word' id='word_1_365' title='bbox 658 4759 791 4831; x_wconf 75' lang='grc' dir='ltr'>ἐσθῆτότ’</span> <span class='ocrx_word' id='word_1_366' title='bbox 814 4759 963 4836; x_wconf 77' lang='grc' dir='ltr'>έλιίμύανεν</span> 
     </span>
     <span class='ocr_line' id='line_1_52' title="bbox 187 4848 963 4929; baseline 0.009 -26"><span class='ocrx_word' id='word_1_367' title='bbox 187 4848 394 4927; x_wconf 79' lang='grc' dir='ltr'>εὐπρεπεστέραν</span> <span class='ocrx_word' id='word_1_368' title='bbox 405 4895 413 4921; x_wconf 98' lang='grc'>,</span> <span class='ocrx_word' id='word_1_369' title='bbox 425 4848 470 4906; x_wconf 81' lang='grc' dir='ltr'>καὶ</span> <span class='ocrx_word' id='word_1_370' title='bbox 484 4848 642 4917; x_wconf 81' lang='grc' dir='ltr'>ὑπαντήσων</span> <span class='ocrx_word' id='word_1_371' title='bbox 656 4853 741 4916; x_wconf 75' lang='grc' dir='ltr'>αὐτοῖς</span> <span class='ocrx_word' id='word_1_372' title='bbox 754 4849 900 4929; x_wconf 86' lang='grc' dir='ltr'>ἐπορεύετο.</span> <span class='ocrx_word' id='word_1_373' title='bbox 914 4848 963 4910; x_wconf 81' lang='grc' dir='ltr'>Ὡς</span> 
     </span>
     <span class='ocr_line' id='line_1_53' title="bbox 187 4931 962 5017; baseline 0.004 -27"><span class='ocrx_word' id='word_1_374' title='bbox 187 4934 209 4990; x_wconf 85' lang='grc' dir='ltr'>δ’</span> <span class='ocrx_word' id='word_1_375' title='bbox 226 4936 300 5012; x_wconf 80' lang='grc' dir='ltr'>ἐγγὺς</span> <span class='ocrx_word' id='word_1_376' title='bbox 315 4931 346 5008; x_wconf 66' lang='grc' dir='ltr'>ἦν</span> <span class='ocrx_word' id='word_1_377' title='bbox 358 4984 366 5013; x_wconf 91' lang='grc'>,</span> <span class='ocrx_word' id='word_1_378' title='bbox 377 4938 472 5004; x_wconf 80' lang='grc' dir='ltr'>ἵππους</span> <span class='ocrx_word' id='word_1_379' title='bbox 489 4961 517 4995; x_wconf 90' lang='grc' dir='ltr'>τε</span> <span class='ocrx_word' id='word_1_380' title='bbox 529 4939 600 5017; x_wconf 79' lang='grc' dir='ltr'>αὐτῷ</span> <span class='ocrx_word' id='word_1_381' title='bbox 612 4937 737 5016; x_wconf 74' lang='grc' dir='ltr'>’ραλοίροις</span> <span class='ocrx_word' id='word_1_382' title='bbox 751 4936 962 5013; x_wconf 86' lang='grc' dir='ltr'>κεκοσμημένους</span> 
     </span>
     <span class='ocr_line' id='line_1_54' title="bbox 187 5021 963 5103; baseline 0.004 -27"><span class='ocrx_word' id='word_1_383' title='bbox 187 5021 329 5098; x_wconf 86' lang='grc' dir='ltr'>ἐκπρεπέσι</span> <span class='ocrx_word' id='word_1_384' title='bbox 347 5031 480 5103; x_wconf 77' lang='grc' dir='ltr'>προσῆγον</span> <span class='ocrx_word' id='word_1_385' title='bbox 501 5025 545 5083; x_wconf 81' lang='grc' dir='ltr'>καί</span> <span class='ocrx_word' id='word_1_386' title='bbox 566 5026 683 5089; x_wconf 87' lang='grc' dir='ltr'>πελέκεις</span> <span class='ocrx_word' id='word_1_387' title='bbox 705 5025 762 5096; x_wconf 84' lang='grc' dir='ltr'>ἅμα</span> <span class='ocrx_word' id='word_1_388' title='bbox 786 5029 842 5090; x_wconf 90' lang='grc' dir='ltr'>ταῖς</span> <span class='ocrx_word' id='word_1_389' title='bbox 859 5024 963 5102; x_wconf 78' lang='grc' dir='ltr'>ροίύδοις</span> 
     </span>
     <span class='ocr_line' id='line_1_55' title="bbox 187 5111 962 5196; baseline 0.004 -29"><span class='ocrx_word' id='word_1_390' title='bbox 187 5111 411 5191; x_wconf 83' lang='grc' dir='ltr'>εἰκοσιτέτταρας,</span> <span class='ocrx_word' id='word_1_391' title='bbox 432 5115 603 5196; x_wconf 87' lang='grc' dir='ltr'>παρέστησαν</span> <span class='ocrx_word' id='word_1_392' title='bbox 625 5113 720 5183; x_wconf 77' lang='grc' dir='ltr'>ἐσθῆτα</span> <span class='ocrx_word' id='word_1_393' title='bbox 743 5135 770 5169; x_wconf 89' lang='grc' dir='ltr'>τε</span> <span class='ocrx_word' id='word_1_394' title='bbox 787 5114 901 5191; x_wconf 77' lang='grc' dir='ltr'>ἁλουργῆ</span> <span class='ocrx_word' id='word_1_395' title='bbox 917 5111 962 5170; x_wconf 87' lang='grc' dir='ltr'>καὶ</span> 
     </span>
    </p>
   </div>
   <div class='ocr_carea' id='block_1_3' title="bbox 691 280 1257 364">
    <p class='ocr_par' dir='ltr' id='par_1_5' title="bbox 691 280 1257 364">
     <span class='ocr_line' id='line_1_56' title="bbox 691 280 1257 364; baseline -0.005 -1"><span class='ocrx_word' id='word_1_396' title='bbox 691 301 860 364; x_wconf 84' lang='lat' dir='ltr'><strong>uronrsu</strong></span> <span class='ocrx_word' id='word_1_397' title='bbox 880 280 1257 363; x_wconf 79' lang='lat' dir='ltr'><strong>naarcaau&#39;assansrs</strong></span> 
     </span>
    </p>
   </div>
   <div class='ocr_carea' id='block_1_4' title="bbox 1009 432 1805 1094">
    <p class='ocr_par' dir='ltr' id='par_1_6' title="bbox 1009 432 1805 1094">
     <span class='ocr_line' id='line_1_57' title="bbox 1012 432 1805 504; baseline -0.009 -12"><span class='ocrx_word' id='word_1_398' title='bbox 1012 442 1170 501; x_wconf 87' lang='lat' dir='ltr'><strong>tuissent‚se</strong></span> <span class='ocrx_word' id='word_1_399' title='bbox 1183 440 1251 504; x_wconf 88' lang='lat' dir='ltr'><strong>pium</strong></span> <span class='ocrx_word' id='word_1_400' title='bbox 1276 439 1420 503; x_wconf 87' lang='lat' dir='ltr'><strong>justumque</strong></span> <span class='ocrx_word' id='word_1_401' title='bbox 1444 434 1537 486; x_wconf 85' lang='lat' dir='ltr'><strong>bellurn</strong></span> <span class='ocrx_word' id='word_1_402' title='bbox 1561 432 1654 484; x_wconf 80' lang='lat' dir='ltr'><strong>interae</strong></span> <span class='ocrx_word' id='word_1_403' title='bbox 1679 435 1805 485; x_wconf 79' lang='lat' dir='ltr'><strong>eoactum</strong></span> 
     </span>
     <span class='ocr_line' id='line_1_58' title="bbox 1009 530 1802 590; baseline -0.013 0"><span class='ocrx_word' id='word_1_404' title='bbox 1009 539 1040 590; x_wconf 93' lang='lat' dir='ltr'>iri</span> <span class='ocrx_word' id='word_1_405' title='bbox 1051 560 1058 589; x_wconf 75' lang='grc' dir='ltr'>ι</span> <span class='ocrx_word' id='word_1_406' title='bbox 1068 553 1098 590; x_wconf 89' lang='lat' dir='ltr'>ae</span> <span class='ocrx_word' id='word_1_407' title='bbox 1108 542 1161 590; x_wconf 91' lang='lat' dir='ltr'><strong>tum</strong></span> <span class='ocrx_word' id='word_1_408' title='bbox 1183 536 1284 587; x_wconf 88' lang='lat' dir='ltr'><strong>demum</strong></span> <span class='ocrx_word' id='word_1_409' title='bbox 1297 534 1425 586; x_wconf 82' lang='lat' dir='ltr'><strong>consulem</strong></span> <span class='ocrx_word' id='word_1_410' title='bbox 1442 547 1502 585; x_wconf 86' lang='grc' dir='ltr'>οιιιιι</span> <span class='ocrx_word' id='word_1_411' title='bbox 1520 534 1639 584; x_wconf 72' lang='grc' dir='ltr'>εαατσίίιι</span> <span class='ocrx_word' id='word_1_412' title='bbox 1656 530 1802 581; x_wconf 88' lang='lat' dir='ltr'><strong>miserunt.</strong></span> 
     </span>
     <span class='ocr_line' id='line_1_59' title="bbox 1010 629 1805 700; baseline -0.01 -11"><span class='ocrx_word' id='word_1_413' title='bbox 1010 636 1144 696; x_wconf 76' lang='lat' dir='ltr'><strong>Graoehus,</strong></span> <span class='ocrx_word' id='word_1_414' title='bbox 1161 633 1258 700; x_wconf 82' lang='lat' dir='ltr'><strong>cognito</strong></span> <span class='ocrx_word' id='word_1_415' title='bbox 1279 636 1446 683; x_wconf 82' lang='lat' dir='ltr'><strong>Romanorum</strong></span> <span class='ocrx_word' id='word_1_416' title='bbox 1472 629 1588 688; x_wconf 83' lang='lat' dir='ltr'><strong>adveatu.</strong></span> <span class='ocrx_word' id='word_1_417' title='bbox 1612 629 1692 681; x_wconf 88' lang='lat' dir='ltr'><strong>motis</strong></span> <span class='ocrx_word' id='word_1_418' title='bbox 1707 631 1805 682; x_wconf 83' lang='lat' dir='ltr'><strong>castris</strong></span> 
     </span>
     <span class='ocr_line' id='line_1_60' title="bbox 1010 727 1803 808; baseline -0.016 -22"><span class='ocrx_word' id='word_1_419' title='bbox 1010 734 1114 787; x_wconf 91' lang='lat' dir='ltr'><strong>ulterius</strong></span> <span class='ocrx_word' id='word_1_420' title='bbox 1133 735 1173 784; x_wconf 92' lang='lat' dir='ltr'>est</span> <span class='ocrx_word' id='word_1_421' title='bbox 1192 743 1348 796; x_wconf 80' lang='lat' dir='ltr'><strong>progressus,</strong></span> <span class='ocrx_word' id='word_1_422' title='bbox 1364 728 1507 779; x_wconf 86' lang='lat' dir='ltr'><strong>hostibuse</strong></span> <span class='ocrx_word' id='word_1_423' title='bbox 1527 727 1634 808; x_wconf 75' lang='lat' dir='ltr'><strong>restigio</strong></span> <span class='ocrx_word' id='word_1_424' title='bbox 1656 728 1743 794; x_wconf 86' lang='lat' dir='ltr'><strong>ipsum</strong></span> <span class='ocrx_word' id='word_1_425' title='bbox 1759 744 1803 781; x_wconf 89' lang='lat' dir='ltr'>se.</span> 
     </span>
     <span class='ocr_line' id='line_1_61' title="bbox 1010 831 1800 904; baseline -0.004 -15"><span class='ocrx_word' id='word_1_426' title='bbox 1010 838 1144 904; x_wconf 80' lang='lat' dir='ltr'><strong>questibus</strong></span> <span class='ocrx_word' id='word_1_427' title='bbox 1160 857 1168 886; x_wconf 72' lang='grc' dir='ltr'>ε</span> <span class='ocrx_word' id='word_1_428' title='bbox 1186 835 1244 900; x_wconf 90' lang='lat' dir='ltr'><strong>quia</strong></span> <span class='ocrx_word' id='word_1_429' title='bbox 1259 832 1357 884; x_wconf 84' lang='lat' dir='ltr'><strong>volebat</strong></span> <span class='ocrx_word' id='word_1_430' title='bbox 1379 846 1423 884; x_wconf 88' lang='lat' dir='ltr'>eos</span> <span class='ocrx_word' id='word_1_431' title='bbox 1436 831 1461 883; x_wconf 90' lang='lat' dir='ltr'><strong>in</strong></span> <span class='ocrx_word' id='word_1_432' title='bbox 1476 846 1506 884; x_wconf 88' lang='lat' dir='ltr'>ea</span> <span class='ocrx_word' id='word_1_433' title='bbox 1526 832 1580 883; x_wconf 88' lang='lat' dir='ltr'><strong>ioea</strong></span> <span class='ocrx_word' id='word_1_434' title='bbox 1596 834 1758 898; x_wconf 68' lang='lat' dir='ltr'>pertrahere,</span> <span class='ocrx_word' id='word_1_435' title='bbox 1773 834 1800 886; x_wconf 89' lang='lat' dir='ltr'><strong>in</strong></span> 
     </span>
     <span class='ocr_line' id='line_1_62' title="bbox 1010 932 1800 1005; baseline -0.013 -13"><span class='ocrx_word' id='word_1_436' title='bbox 1010 940 1102 1005; x_wconf 88' lang='lat' dir='ltr'><strong>quibus</strong></span> <span class='ocrx_word' id='word_1_437' title='bbox 1128 938 1181 1003; x_wconf 90' lang='lat' dir='ltr'><strong>ipse</strong></span> <span class='ocrx_word' id='word_1_438' title='bbox 1205 935 1308 987; x_wconf 88' lang='lat' dir='ltr'><strong>meliore</strong></span> <span class='ocrx_word' id='word_1_439' title='bbox 1324 933 1463 984; x_wconf 78' lang='lat' dir='ltr'><strong>perditione</strong></span> <span class='ocrx_word' id='word_1_440' title='bbox 1484 934 1550 983; x_wconf 84' lang='lat' dir='ltr'><strong>esset</strong></span> <span class='ocrx_word' id='word_1_441' title='bbox 1575 932 1687 981; x_wconf 87' lang='lat' dir='ltr'><strong>tuturus.</strong></span> <span class='ocrx_word' id='word_1_442' title='bbox 1723 932 1800 992; x_wconf 85' lang='lat' dir='ltr'><strong>Quod</strong></span> 
     </span>
     <span class='ocr_line' id='line_1_63' title="bbox 1011 1026 1800 1094; baseline -0.011 -7"><span class='ocrx_word' id='word_1_443' title='bbox 1011 1037 1086 1088; x_wconf 88' lang='lat' dir='ltr'><strong>etiam</strong></span> <span class='ocrx_word' id='word_1_444' title='bbox 1109 1031 1213 1091; x_wconf 75' lang='lat' dir='ltr'><strong>accidit,</strong></span> <span class='ocrx_word' id='word_1_445' title='bbox 1236 1044 1293 1081; x_wconf 87' lang='lat' dir='ltr'><strong>uam</strong></span> <span class='ocrx_word' id='word_1_446' title='bbox 1309 1043 1385 1094; x_wconf 87' lang='lat' dir='ltr'><strong>quum</strong></span> <span class='ocrx_word' id='word_1_447' title='bbox 1404 1029 1560 1078; x_wconf 74' lang='lat' dir='ltr'>observasset</span> <span class='ocrx_word' id='word_1_448' title='bbox 1585 1026 1716 1090; x_wconf 85' lang='lat' dir='ltr'><strong>quandam</strong></span> <span class='ocrx_word' id='word_1_449' title='bbox 1739 1041 1800 1078; x_wconf 87' lang='lat' dir='ltr'><strong>eea·</strong></span> 
     </span>
    </p>
   </div>
   <div class='ocr_carea' id='block_1_5' title="bbox 1011 1127 1800 1893">
    <p class='ocr_par' dir='ltr' id='par_1_7' title="bbox 1011 1127 1800 1893">
     <span class='ocr_line' id='line_1_64' title="bbox 1012 1127 1800 1193; baseline -0.004 -9"><span class='ocrx_word' id='word_1_450' title='bbox 1012 1135 1101 1185; x_wconf 84' lang='lat' dir='ltr'><strong>vallem</strong></span> <span class='ocrx_word' id='word_1_451' title='bbox 1116 1131 1241 1183; x_wconf 87' lang='lat' dir='ltr'><strong>montibus</strong></span> <span class='ocrx_word' id='word_1_452' title='bbox 1253 1131 1369 1190; x_wconf 83' lang='grc' dir='ltr'>οἰοοῑοοι,</span> <span class='ocrx_word' id='word_1_453' title='bbox 1383 1132 1408 1179; x_wconf 88' lang='lat' dir='ltr'>et</span> <span class='ocrx_word' id='word_1_454' title='bbox 1418 1128 1536 1191; x_wconf 77' lang='lat' dir='ltr'><strong>bomani,</strong></span> <span class='ocrx_word' id='word_1_455' title='bbox 1548 1127 1593 1192; x_wconf 92' lang='lat' dir='ltr'><strong>qui</strong></span> <span class='ocrx_word' id='word_1_456' title='bbox 1603 1127 1690 1193; x_wconf 88' lang='lat' dir='ltr'><strong>ipsum</strong></span> <span class='ocrx_word' id='word_1_457' title='bbox 1704 1141 1800 1193; x_wconf 89' lang='lat' dir='ltr'><strong>seque·</strong></span> 
     </span>
     <span class='ocr_line' id='line_1_65' title="bbox 1011 1232 1798 1296; baseline -0.004 -8"><span class='ocrx_word' id='word_1_458' title='bbox 1011 1236 1148 1295; x_wconf 89' lang='lat' dir='ltr'><strong>bantur,in</strong></span> <span class='ocrx_word' id='word_1_459' title='bbox 1170 1248 1224 1285; x_wconf 91' lang='lat' dir='ltr'>eum</span> <span class='ocrx_word' id='word_1_460' title='bbox 1251 1233 1353 1296; x_wconf 78' lang='lat' dir='ltr'><strong>ingressi</strong></span> <span class='ocrx_word' id='word_1_461' title='bbox 1382 1232 1493 1292; x_wconf 89' lang='lat' dir='ltr'><strong>tuissent,</strong></span> <span class='ocrx_word' id='word_1_462' title='bbox 1516 1244 1603 1296; x_wconf 78' lang='lat' dir='ltr'><strong>agmen</strong></span> <span class='ocrx_word' id='word_1_463' title='bbox 1617 1232 1756 1296; x_wconf 79' lang='lat' dir='ltr'><strong>convertit,</strong></span> <span class='ocrx_word' id='word_1_464' title='bbox 1771 1238 1798 1285; x_wconf 90' lang='lat' dir='ltr'>et</span> 
     </span>
     <span class='ocr_line' id='line_1_66' title="bbox 1011 1333 1798 1402; baseline 0 -14"><span class='ocrx_word' id='word_1_465' title='bbox 1011 1342 1092 1388; x_wconf 87' lang='lat' dir='ltr'><strong>eastra</strong></span> <span class='ocrx_word' id='word_1_466' title='bbox 1104 1336 1186 1402; x_wconf 81' lang='lat' dir='ltr'>posuit</span> <span class='ocrx_word' id='word_1_467' title='bbox 1196 1335 1221 1393; x_wconf 83' lang='lat' dir='ltr'>ia</span> <span class='ocrx_word' id='word_1_468' title='bbox 1231 1334 1279 1395; x_wconf 84' lang='lat' dir='ltr'><strong>via,</strong></span> <span class='ocrx_word' id='word_1_469' title='bbox 1296 1348 1353 1399; x_wconf 72' lang='lat' dir='ltr'><strong>quae</strong></span> <span class='ocrx_word' id='word_1_470' title='bbox 1367 1337 1438 1385; x_wconf 82' lang='lat' dir='ltr'><strong>extra</strong></span> <span class='ocrx_word' id='word_1_471' title='bbox 1458 1333 1594 1384; x_wconf 83' lang='lat' dir='ltr'><strong>eouvaliem</strong></span> <span class='ocrx_word' id='word_1_472' title='bbox 1607 1333 1713 1385; x_wconf 84' lang='lat' dir='ltr'><strong>terebat.</strong></span> <span class='ocrx_word' id='word_1_473' title='bbox 1738 1340 1798 1396; x_wconf 85' lang='lat' dir='ltr'>Quo</span> 
     </span>
     <span class='ocr_line' id='line_1_67' title="bbox 1012 1433 1796 1498; baseline -0.004 -9"><span class='ocrx_word' id='word_1_474' title='bbox 1012 1437 1106 1489; x_wconf 88' lang='lat' dir='ltr'><strong>laetum</strong></span> <span class='ocrx_word' id='word_1_475' title='bbox 1115 1438 1153 1485; x_wconf 85' lang='lat' dir='ltr'>est</span> <span class='ocrx_word' id='word_1_476' title='bbox 1173 1433 1429 1492; x_wconf 67' lang='lat' dir='ltr'><strong>assentationum,</strong></span> <span class='ocrx_word' id='word_1_477' title='bbox 1448 1446 1497 1483; x_wconf 88' lang='lat' dir='ltr'>nou</span> <span class='ocrx_word' id='word_1_478' title='bbox 1506 1446 1580 1498; x_wconf 90' lang='lat' dir='ltr'><strong>quem</strong></span> <span class='ocrx_word' id='word_1_479' title='bbox 1592 1434 1735 1497; x_wconf 83' lang='lat' dir='ltr'><strong>rapiebant,</strong></span> <span class='ocrx_word' id='word_1_480' title='bbox 1750 1436 1796 1487; x_wconf 89' lang='lat' dir='ltr'>sed</span> 
     </span>
     <span class='ocr_line' id='line_1_68' title="bbox 1012 1530 1795 1599; baseline -0.001 -14"><span class='ocrx_word' id='word_1_481' title='bbox 1012 1549 1087 1599; x_wconf 86' lang='lat' dir='ltr'><strong>quesn</strong></span> <span class='ocrx_word' id='word_1_482' title='bbox 1107 1536 1170 1587; x_wconf 88' lang='lat' dir='ltr'><strong>ratio</strong></span> <span class='ocrx_word' id='word_1_483' title='bbox 1191 1531 1309 1598; x_wconf 91' lang='lat' dir='ltr'><strong>temporis</strong></span> <span class='ocrx_word' id='word_1_484' title='bbox 1337 1531 1397 1596; x_wconf 85' lang='lat' dir='ltr'><strong>ipsis</strong></span> <span class='ocrx_word' id='word_1_485' title='bbox 1417 1530 1501 1593; x_wconf 86' lang='lat' dir='ltr'><strong>dabat,</strong></span> <span class='ocrx_word' id='word_1_486' title='bbox 1524 1530 1557 1580; x_wconf 88' lang='lat' dir='ltr'><strong>ad</strong></span> <span class='ocrx_word' id='word_1_487' title='bbox 1573 1535 1654 1582; x_wconf 81' lang='lat' dir='ltr'><strong>eastra</strong></span> <span class='ocrx_word' id='word_1_488' title='bbox 1679 1532 1795 1597; x_wconf 85' lang='lat' dir='ltr'><strong>ponenda</strong></span> 
     </span>
     <span class='ocr_line' id='line_1_69' title="bbox 1014 1630 1794 1700; baseline -0.004 -15"><span class='ocrx_word' id='word_1_489' title='bbox 1014 1637 1143 1700; x_wconf 85' lang='lat' dir='ltr'><strong>caperent;</strong></span> <span class='ocrx_word' id='word_1_490' title='bbox 1166 1634 1209 1686; x_wconf 92' lang='lat' dir='ltr'><strong>ubi</strong></span> <span class='ocrx_word' id='word_1_491' title='bbox 1232 1645 1278 1683; x_wconf 86' lang='lat' dir='ltr'>nee</span> <span class='ocrx_word' id='word_1_492' title='bbox 1300 1630 1382 1695; x_wconf 88' lang='lat' dir='ltr'><strong>pabuli</strong></span> <span class='ocrx_word' id='word_1_493' title='bbox 1409 1631 1505 1693; x_wconf 80' lang='lat' dir='ltr'><strong>copiam</strong></span> <span class='ocrx_word' id='word_1_494' title='bbox 1530 1642 1576 1695; x_wconf 88' lang='lat' dir='ltr'>pru</span> <span class='ocrx_word' id='word_1_495' title='bbox 1599 1630 1673 1695; x_wconf 85' lang='lat' dir='ltr'><strong>equis</strong></span> <span class='ocrx_word' id='word_1_496' title='bbox 1701 1631 1794 1682; x_wconf 86' lang='lat' dir='ltr'><strong>babere</strong></span> 
     </span>
     <span class='ocr_line' id='line_1_70' title="bbox 1014 1726 1792 1799; baseline -0.012 -13"><span class='ocrx_word' id='word_1_497' title='bbox 1014 1736 1136 1799; x_wconf 74' lang='lat' dir='ltr'><strong>poterant,</strong></span> <span class='ocrx_word' id='word_1_498' title='bbox 1159 1733 1215 1784; x_wconf 90' lang='lat' dir='ltr'><strong>iooo</strong></span> <span class='ocrx_word' id='word_1_499' title='bbox 1235 1729 1360 1781; x_wconf 90' lang='lat' dir='ltr'><strong>montibus</strong></span> <span class='ocrx_word' id='word_1_500' title='bbox 1387 1726 1460 1777; x_wconf 90' lang='lat' dir='ltr'><strong>nudis</strong></span> <span class='ocrx_word' id='word_1_501' title='bbox 1480 1729 1507 1778; x_wconf 92' lang='lat' dir='ltr'>et</span> <span class='ocrx_word' id='word_1_502' title='bbox 1531 1740 1634 1780; x_wconf 87' lang='lat' dir='ltr'><strong>aeeessu</strong></span> <span class='ocrx_word' id='word_1_503' title='bbox 1652 1728 1792 1780; x_wconf 79' lang='lat' dir='ltr'><strong>diffiodibus</strong></span> 
     </span>
     <span class='ocr_line' id='line_1_71' title="bbox 1014 1811 1793 1893; baseline -0.004 -9"><span class='ocrx_word' id='word_1_504' title='bbox 1014 1835 1179 1893; x_wconf 88' lang='lat' dir='ltr'><strong>circumdato;</strong></span> <span class='ocrx_word' id='word_1_505' title='bbox 1202 1845 1246 1883; x_wconf 88' lang='lat' dir='ltr'>nee</span> <span class='ocrx_word' id='word_1_506' title='bbox 1259 1828 1306 1881; x_wconf 89' lang='lat' dir='ltr'><strong>sibi</strong></span> <span class='ocrx_word' id='word_1_507' title='bbox 1326 1827 1386 1892; x_wconf 85' lang='lat' dir='ltr'><strong>ipsis</strong></span> <span class='ocrx_word' id='word_1_508' title='bbox 1402 1811 1557 1878; x_wconf 82' lang='lat' dir='ltr'><strong>commeatus</strong></span> <span class='ocrx_word' id='word_1_509' title='bbox 1570 1842 1602 1879; x_wconf 81' lang='lat' dir='ltr'>ex</span> <span class='ocrx_word' id='word_1_510' title='bbox 1614 1826 1713 1881; x_wconf 89' lang='lat' dir='ltr'><strong>bostieo</strong></span> <span class='ocrx_word' id='word_1_511' title='bbox 1722 1845 1793 1881; x_wconf 83' lang='grc' dir='ltr'>τοιο-</span> 
     </span>
    </p>
   </div>
   <div class='ocr_carea' id='block_1_6' title="bbox 1013 1934 1797 2307">
    <p class='ocr_par' dir='ltr' id='par_1_8' title="bbox 1013 1934 1797 2307">
     <span class='ocr_line' id='line_1_72' title="bbox 1013 1934 1797 2007; baseline -0.001 -15"><span class='ocrx_word' id='word_1_512' title='bbox 1013 1956 1109 2007; x_wconf 83' lang='lat' dir='ltr'><strong>parare,</strong></span> <span class='ocrx_word' id='word_1_513' title='bbox 1120 1941 1287 2005; x_wconf 82' lang='lat' dir='ltr'><strong>consumptis,</strong></span> <span class='ocrx_word' id='word_1_514' title='bbox 1303 1951 1366 2001; x_wconf 90' lang='lat' dir='ltr'><strong>quos</strong></span> <span class='ocrx_word' id='word_1_515' title='bbox 1380 1935 1455 1986; x_wconf 88' lang='lat' dir='ltr'><strong>domo</strong></span> <span class='ocrx_word' id='word_1_516' title='bbox 1469 1934 1604 1988; x_wconf 77' lang='lat' dir='ltr'><strong>attulerant</strong></span> <span class='ocrx_word' id='word_1_517' title='bbox 1621 1955 1628 1988; x_wconf 86' lang='grc' dir='ltr'>ι</span> <span class='ocrx_word' id='word_1_518' title='bbox 1643 1952 1690 1990; x_wconf 88' lang='lat' dir='ltr'>nee</span> <span class='ocrx_word' id='word_1_519' title='bbox 1712 1943 1797 1991; x_wconf 86' lang='lat' dir='ltr'><strong>eastra</strong></span> 
     </span>
     <span class='ocr_line' id='line_1_73' title="bbox 1014 2036 1796 2108; baseline -0.003 -12"><span class='ocrx_word' id='word_1_520' title='bbox 1014 2049 1126 2108; x_wconf 88' lang='lat' dir='ltr'><strong>mutare,</strong></span> <span class='ocrx_word' id='word_1_521' title='bbox 1159 2042 1272 2094; x_wconf 75' lang='lat' dir='ltr'><strong>hostibus</strong></span> <span class='ocrx_word' id='word_1_522' title='bbox 1297 2043 1378 2090; x_wconf 83' lang='lat' dir='ltr'><strong>eastra</strong></span> <span class='ocrx_word' id='word_1_523' title='bbox 1398 2038 1511 2103; x_wconf 85' lang='lat' dir='ltr'><strong>opposita</strong></span> <span class='ocrx_word' id='word_1_524' title='bbox 1530 2036 1692 2100; x_wconf 80' lang='lat' dir='ltr'><strong>habentibus,</strong></span> <span class='ocrx_word' id='word_1_525' title='bbox 1716 2045 1796 2106; x_wconf 88' lang='lat' dir='ltr'><strong>atque</strong></span> 
     </span>
     <span class='ocr_line' id='line_1_74' title="bbox 1014 2140 1792 2205; baseline -0.005 -9"><span class='ocrx_word' id='word_1_526' title='bbox 1014 2144 1287 2197; x_wconf 83' lang='lat' dir='ltr'><strong>exitusobsidentibns.</strong></span> <span class='ocrx_word' id='word_1_527' title='bbox 1321 2146 1412 2201; x_wconf 85' lang='lat' dir='ltr'><strong>Quare,</strong></span> <span class='ocrx_word' id='word_1_528' title='bbox 1425 2154 1503 2205; x_wconf 88' lang='lat' dir='ltr'><strong>quum</strong></span> <span class='ocrx_word' id='word_1_529' title='bbox 1517 2140 1657 2191; x_wconf 73' lang='lat' dir='ltr'><strong>statuissent</strong></span> <span class='ocrx_word' id='word_1_530' title='bbox 1679 2141 1746 2191; x_wconf 81' lang='lat' dir='ltr'><strong>riam</strong></span> <span class='ocrx_word' id='word_1_531' title='bbox 1766 2144 1792 2193; x_wconf 80' lang='lat' dir='ltr'><strong>ri</strong></span> 
     </span>
     <span class='ocr_line' id='line_1_75' title="bbox 1015 2240 1790 2307; baseline 0.001 -12"><span class='ocrx_word' id='word_1_532' title='bbox 1015 2247 1119 2305; x_wconf 81' lang='lat' dir='ltr'><strong>tertiare,</strong></span> <span class='ocrx_word' id='word_1_533' title='bbox 1136 2247 1162 2295; x_wconf 89' lang='lat' dir='ltr'>et</span> <span class='ocrx_word' id='word_1_534' title='bbox 1175 2245 1201 2294; x_wconf 91' lang='lat' dir='ltr'><strong>in</strong></span> <span class='ocrx_word' id='word_1_535' title='bbox 1213 2243 1289 2293; x_wconf 83' lang='lat' dir='ltr'><strong>aciem</strong></span> <span class='ocrx_word' id='word_1_536' title='bbox 1300 2241 1458 2306; x_wconf 77' lang='lat' dir='ltr'><strong>prodiissent,</strong></span> <span class='ocrx_word' id='word_1_537' title='bbox 1469 2240 1550 2307; x_wconf 73' lang='lat' dir='ltr'><strong>relecti</strong></span> <span class='ocrx_word' id='word_1_538' title='bbox 1559 2243 1632 2303; x_wconf 79' lang='lat' dir='ltr'><strong>sunt;</strong></span> <span class='ocrx_word' id='word_1_539' title='bbox 1646 2246 1683 2305; x_wconf 84' lang='lat' dir='ltr'>et,</span> <span class='ocrx_word' id='word_1_540' title='bbox 1697 2245 1790 2296; x_wconf 86' lang='lat' dir='ltr'><strong>multis</strong></span> 
     </span>
    </p>
   </div>
   <div class='ocr_carea' id='block_1_7' title="bbox 1014 2342 1802 3926">
    <p class='ocr_par' dir='ltr' id='par_1_9' title="bbox 1014 2342 1802 3926">
     <span class='ocr_line' id='line_1_76' title="bbox 1014 2342 1790 2416; baseline -0.003 -13"><span class='ocrx_word' id='word_1_541' title='bbox 1014 2342 1158 2404; x_wconf 80' lang='lat' dir='ltr'><strong>vulneribus</strong></span> <span class='ocrx_word' id='word_1_542' title='bbox 1180 2351 1303 2416; x_wconf 84' lang='lat' dir='ltr'><strong>acceptis,</strong></span> <span class='ocrx_word' id='word_1_543' title='bbox 1316 2349 1341 2398; x_wconf 90' lang='lat' dir='ltr'>ia</span> <span class='ocrx_word' id='word_1_544' title='bbox 1364 2348 1452 2400; x_wconf 86' lang='lat' dir='ltr'><strong>eadem</strong></span> <span class='ocrx_word' id='word_1_545' title='bbox 1479 2351 1558 2400; x_wconf 81' lang='lat' dir='ltr'><strong>eastra</strong></span> <span class='ocrx_word' id='word_1_546' title='bbox 1579 2352 1636 2399; x_wconf 83' lang='lat' dir='ltr'><strong>suut</strong></span> <span class='ocrx_word' id='word_1_547' title='bbox 1657 2352 1790 2413; x_wconf 83' lang='lat' dir='ltr'><strong>compulsi.</strong></span> 
     </span>
     <span class='ocr_line' id='line_1_77' title="bbox 1014 2447 1792 2513; baseline -0.006 -7"><span class='ocrx_word' id='word_1_548' title='bbox 1014 2457 1077 2506; x_wconf 86' lang='lat' dir='ltr'>Tum</span> <span class='ocrx_word' id='word_1_549' title='bbox 1107 2451 1209 2511; x_wconf 83' lang='lat' dir='ltr'><strong>tloelius,</strong></span> <span class='ocrx_word' id='word_1_550' title='bbox 1235 2452 1283 2502; x_wconf 87' lang='lat' dir='ltr'>boe</span> <span class='ocrx_word' id='word_1_551' title='bbox 1301 2449 1410 2504; x_wconf 88' lang='lat' dir='ltr'><strong>seeundo</strong></span> <span class='ocrx_word' id='word_1_552' title='bbox 1424 2461 1541 2500; x_wconf 77' lang='lat' dir='ltr'><strong>successu</strong></span> <span class='ocrx_word' id='word_1_553' title='bbox 1564 2447 1651 2513; x_wconf 84' lang='lat' dir='ltr'><strong>elatus,</strong></span> <span class='ocrx_word' id='word_1_554' title='bbox 1667 2462 1711 2500; x_wconf 90' lang='lat' dir='ltr'>eos</span> <span class='ocrx_word' id='word_1_555' title='bbox 1724 2451 1792 2501; x_wconf 78' lang='lat' dir='ltr'><strong>losse</strong></span> 
     </span>
     <span class='ocr_line' id='line_1_78' title="bbox 1016 2551 1793 2620; baseline -0.001 -14"><span class='ocrx_word' id='word_1_556' title='bbox 1016 2555 1129 2620; x_wconf 84' lang='lat' dir='ltr'><strong>valloque</strong></span> <span class='ocrx_word' id='word_1_557' title='bbox 1146 2554 1299 2605; x_wconf 82' lang='lat' dir='ltr'><strong>circumdare</strong></span> <span class='ocrx_word' id='word_1_558' title='bbox 1323 2553 1396 2617; x_wconf 84' lang='lat' dir='ltr'><strong>coepit</strong></span> <span class='ocrx_word' id='word_1_559' title='bbox 1415 2566 1422 2595; x_wconf 73' lang='grc' dir='ltr'>ι</span> <span class='ocrx_word' id='word_1_560' title='bbox 1442 2553 1468 2601; x_wconf 89' lang='lat' dir='ltr'>et</span> <span class='ocrx_word' id='word_1_561' title='bbox 1490 2551 1516 2602; x_wconf 91' lang='lat' dir='ltr'><strong>in</strong></span> <span class='ocrx_word' id='word_1_562' title='bbox 1534 2563 1647 2614; x_wconf 71' lang='lat' dir='ltr'><strong>magnam</strong></span> <span class='ocrx_word' id='word_1_563' title='bbox 1661 2564 1729 2614; x_wconf 78' lang='lat' dir='ltr'><strong>spent</strong></span> <span class='ocrx_word' id='word_1_564' title='bbox 1745 2567 1793 2606; x_wconf 80' lang='lat' dir='ltr'>re·</span> 
     </span>
     <span class='ocr_line' id='line_1_79' title="bbox 1016 2648 1795 2713; baseline -0.003 -6"><span class='ocrx_word' id='word_1_565' title='bbox 1016 2657 1097 2713; x_wconf 86' lang='lat' dir='ltr'><strong>uerat,</strong></span> <span class='ocrx_word' id='word_1_566' title='bbox 1122 2667 1166 2705; x_wconf 87' lang='lat' dir='ltr'>eos</span> <span class='ocrx_word' id='word_1_567' title='bbox 1186 2653 1249 2703; x_wconf 87' lang='lat' dir='ltr'><strong>tame</strong></span> <span class='ocrx_word' id='word_1_568' title='bbox 1273 2654 1384 2710; x_wconf 89' lang='lat' dir='ltr'><strong>coaetos,</strong></span> <span class='ocrx_word' id='word_1_569' title='bbox 1407 2648 1482 2700; x_wconf 80' lang='lat' dir='ltr'><strong>anais</strong></span> <span class='ocrx_word' id='word_1_570' title='bbox 1506 2648 1621 2709; x_wconf 83' lang='lat' dir='ltr'><strong>traditis,</strong></span> <span class='ocrx_word' id='word_1_571' title='bbox 1644 2650 1795 2705; x_wconf 84' lang='lat' dir='ltr'><strong>deditionem</strong></span> 
     </span>
     <span class='ocr_line' id='line_1_80' title="bbox 1015 2744 1795 2811; baseline -0.004 -9"><span class='ocrx_word' id='word_1_572' title='bbox 1015 2753 1134 2803; x_wconf 83' lang='lat' dir='ltr'><strong>tacturos.</strong></span> <span class='ocrx_word' id='word_1_573' title='bbox 1168 2748 1214 2799; x_wconf 85' lang='lat' dir='ltr'><strong>llis</strong></span> <span class='ocrx_word' id='word_1_574' title='bbox 1241 2750 1345 2798; x_wconf 76' lang='lat' dir='ltr'><strong>Romam</strong></span> <span class='ocrx_word' id='word_1_575' title='bbox 1369 2744 1509 2807; x_wconf 78' lang='lat' dir='ltr'><strong>nunciatis,</strong></span> <span class='ocrx_word' id='word_1_576' title='bbox 1541 2748 1572 2805; x_wconf 82' lang='lat' dir='ltr'>Q.</span> <span class='ocrx_word' id='word_1_577' title='bbox 1594 2747 1702 2811; x_wconf 82' lang='lat' dir='ltr'><strong>Fabius,</strong></span> <span class='ocrx_word' id='word_1_578' title='bbox 1726 2748 1795 2800; x_wconf 89' lang='lat' dir='ltr'><strong>urbis</strong></span> 
     </span>
     <span class='ocr_line' id='line_1_81' title="bbox 1016 2845 1793 2916; baseline -0.001 -15"><span class='ocrx_word' id='word_1_579' title='bbox 1016 2852 1158 2916; x_wconf 77' lang='lat' dir='ltr'><strong>prefectus,</strong></span> <span class='ocrx_word' id='word_1_580' title='bbox 1181 2848 1299 2900; x_wconf 82' lang='lat' dir='ltr'><strong>selectum</strong></span> <span class='ocrx_word' id='word_1_581' title='bbox 1319 2860 1419 2898; x_wconf 89' lang='lat' dir='ltr'><strong>suarum</strong></span> <span class='ocrx_word' id='word_1_582' title='bbox 1434 2845 1563 2910; x_wconf 87' lang='lat' dir='ltr'><strong>oopiarum</strong></span> <span class='ocrx_word' id='word_1_583' title='bbox 1579 2846 1666 2898; x_wconf 84' lang='lat' dir='ltr'><strong>dorem</strong></span> <span class='ocrx_word' id='word_1_584' title='bbox 1678 2860 1709 2899; x_wconf 83' lang='lat' dir='ltr'>ae</span> <span class='ocrx_word' id='word_1_585' title='bbox 1719 2849 1793 2901; x_wconf 87' lang='lat' dir='ltr'><strong>robur</strong></span> 
     </span>
     <span class='ocr_line' id='line_1_82' title="bbox 1016 2947 1792 3014; baseline -0.003 -10"><span class='ocrx_word' id='word_1_586' title='bbox 1016 2951 1110 3004; x_wconf 88' lang='lat' dir='ltr'><strong>oonsuti</strong></span> <span class='ocrx_word' id='word_1_587' title='bbox 1127 2950 1220 3002; x_wconf 85' lang='lat' dir='ltr'><strong>auxilio</strong></span> <span class='ocrx_word' id='word_1_588' title='bbox 1252 2950 1332 3000; x_wconf 89' lang='lat' dir='ltr'><strong>misit.</strong></span> <span class='ocrx_word' id='word_1_589' title='bbox 1367 2948 1412 2999; x_wconf 87' lang='lat' dir='ltr'><strong>ilis</strong></span> <span class='ocrx_word' id='word_1_590' title='bbox 1431 2950 1515 2999; x_wconf 88' lang='lat' dir='ltr'><strong>autern</strong></span> <span class='ocrx_word' id='word_1_591' title='bbox 1536 2947 1616 3012; x_wconf 89' lang='lat' dir='ltr'><strong>eopiis</strong></span> <span class='ocrx_word' id='word_1_592' title='bbox 1632 2953 1735 3014; x_wconf 81' lang='lat' dir='ltr'><strong>praeerat</strong></span> <span class='ocrx_word' id='word_1_593' title='bbox 1761 2953 1792 3002; x_wconf 85' lang='grc' dir='ltr'>Τ.</span> 
     </span>
     <span class='ocr_line' id='line_1_83' title="bbox 1018 3046 1796 3114; baseline 0.003 -14"><span class='ocrx_word' id='word_1_594' title='bbox 1018 3051 1134 3109; x_wconf 86' lang='lat' dir='ltr'><strong>Quintius</strong></span> <span class='ocrx_word' id='word_1_595' title='bbox 1155 3052 1276 3114; x_wconf 75' lang='lat' dir='ltr'><strong>quaestor,</strong></span> <span class='ocrx_word' id='word_1_596' title='bbox 1299 3049 1337 3097; x_wconf 83' lang='lat' dir='ltr'><strong>vir</strong></span> <span class='ocrx_word' id='word_1_597' title='bbox 1361 3046 1505 3099; x_wconf 77' lang='lat' dir='ltr'><strong>consularis.</strong></span> <span class='ocrx_word' id='word_1_598' title='bbox 1539 3048 1578 3098; x_wconf 85' lang='lat' dir='ltr'>sd</span> <span class='ocrx_word' id='word_1_599' title='bbox 1613 3050 1716 3101; x_wconf 85' lang='lat' dir='ltr'><strong>alierum</strong></span> <span class='ocrx_word' id='word_1_600' title='bbox 1736 3064 1796 3102; x_wconf 78' lang='lat' dir='ltr'><strong>vero</strong></span> 
     </span>
     <span class='ocr_line' id='line_1_84' title="bbox 1017 3148 1798 3213; baseline 0.001 -10"><span class='ocrx_word' id='word_1_601' title='bbox 1017 3151 1151 3208; x_wconf 73' lang='lat' dir='ltr'><strong>masolam,</strong></span> <span class='ocrx_word' id='word_1_602' title='bbox 1176 3150 1221 3213; x_wconf 90' lang='lat' dir='ltr'><strong>qui</strong></span> <span class='ocrx_word' id='word_1_603' title='bbox 1252 3149 1390 3199; x_wconf 80' lang='lat' dir='ltr'><strong>exercitum</strong></span> <span class='ocrx_word' id='word_1_604' title='bbox 1407 3149 1432 3198; x_wconf 88' lang='lat' dir='ltr'><strong>iu</strong></span> <span class='ocrx_word' id='word_1_605' title='bbox 1461 3148 1558 3200; x_wconf 84' lang='lat' dir='ltr'><strong>sabinis</strong></span> <span class='ocrx_word' id='word_1_606' title='bbox 1591 3150 1707 3213; x_wconf 78' lang='lat' dir='ltr'><strong>ilabebat,</strong></span> <span class='ocrx_word' id='word_1_607' title='bbox 1722 3152 1798 3204; x_wconf 79' lang='lat' dir='ltr'><strong>literis</strong></span> 
     </span>
     <span class='ocr_line' id='line_1_85' title="bbox 1017 3250 1797 3316; baseline 0 -13"><span class='ocrx_word' id='word_1_608' title='bbox 1017 3253 1098 3303; x_wconf 85' lang='lat' dir='ltr'><strong>missis</strong></span> <span class='ocrx_word' id='word_1_609' title='bbox 1119 3251 1273 3316; x_wconf 78' lang='lat' dir='ltr'><strong>significavit,</strong></span> <span class='ocrx_word' id='word_1_610' title='bbox 1288 3251 1347 3314; x_wconf 91' lang='lat' dir='ltr'><strong>quid</strong></span> <span class='ocrx_word' id='word_1_611' title='bbox 1361 3250 1467 3301; x_wconf 83' lang='lat' dir='ltr'><strong>llinucio</strong></span> <span class='ocrx_word' id='word_1_612' title='bbox 1489 3250 1621 3302; x_wconf 77' lang='lat' dir='ltr'><strong>accidisset</strong></span> <span class='ocrx_word' id='word_1_613' title='bbox 1635 3265 1753 3316; x_wconf 87' lang='lat' dir='ltr'><strong>eumque,</strong></span> <span class='ocrx_word' id='word_1_614' title='bbox 1768 3255 1797 3303; x_wconf 89' lang='lat' dir='ltr'><strong>nt</strong></span> 
     </span>
     <span class='ocr_line' id='line_1_86' title="bbox 1016 3352 1795 3418; baseline -0.004 -10"><span class='ocrx_word' id='word_1_615' title='bbox 1016 3356 1128 3408; x_wconf 87' lang='lat' dir='ltr'><strong>celeriter</strong></span> <span class='ocrx_word' id='word_1_616' title='bbox 1142 3354 1243 3413; x_wconf 84' lang='lat' dir='ltr'><strong>veniret,</strong></span> <span class='ocrx_word' id='word_1_617' title='bbox 1270 3354 1371 3417; x_wconf 84' lang='lat' dir='ltr'><strong>rogavit.</strong></span> <span class='ocrx_word' id='word_1_618' title='bbox 1407 3352 1458 3414; x_wconf 92' lang='lat' dir='ltr'><strong>lile,</strong></span> <span class='ocrx_word' id='word_1_619' title='bbox 1474 3352 1607 3403; x_wconf 81' lang='lat' dir='ltr'><strong>sommissa</strong></span> <span class='ocrx_word' id='word_1_620' title='bbox 1635 3353 1722 3418; x_wconf 72' lang='lat' dir='ltr'><strong>legatis</strong></span> <span class='ocrx_word' id='word_1_621' title='bbox 1741 3369 1795 3405; x_wconf 86' lang='lat' dir='ltr'><strong>eas·</strong></span> 
     </span>
     <span class='ocr_line' id='line_1_87' title="bbox 1017 3451 1798 3515; baseline -0.006 -7"><span class='ocrx_word' id='word_1_622' title='bbox 1017 3460 1112 3508; x_wconf 86' lang='lat' dir='ltr'><strong>trorum</strong></span> <span class='ocrx_word' id='word_1_623' title='bbox 1132 3453 1254 3511; x_wconf 79' lang='lat' dir='ltr'><strong>erastodia,</strong></span> <span class='ocrx_word' id='word_1_624' title='bbox 1274 3467 1330 3503; x_wconf 88' lang='lat' dir='ltr'>cum</span> <span class='ocrx_word' id='word_1_625' title='bbox 1353 3451 1458 3515; x_wconf 88' lang='lat' dir='ltr'><strong>reliquis</strong></span> <span class='ocrx_word' id='word_1_626' title='bbox 1474 3451 1600 3515; x_wconf 88' lang='lat' dir='ltr'><strong>equitibus</strong></span> <span class='ocrx_word' id='word_1_627' title='bbox 1620 3454 1745 3503; x_wconf 78' lang='grc' dir='ltr'>οοιιοίιυίο</span> <span class='ocrx_word' id='word_1_628' title='bbox 1759 3453 1798 3503; x_wconf 89' lang='lat' dir='ltr'><strong>iti·</strong></span> 
     </span>
     <span class='ocr_line' id='line_1_88' title="bbox 1017 3551 1798 3619; baseline -0.006 -11"><span class='ocrx_word' id='word_1_629' title='bbox 1017 3572 1075 3610; x_wconf 90' lang='lat' dir='ltr'><strong>nere</strong></span> <span class='ocrx_word' id='word_1_630' title='bbox 1091 3560 1193 3608; x_wconf 82' lang='lat' dir='ltr'><strong>Romam</strong></span> <span class='ocrx_word' id='word_1_631' title='bbox 1210 3557 1292 3615; x_wconf 72' lang='lat' dir='ltr'><strong>veuit,</strong></span> <span class='ocrx_word' id='word_1_632' title='bbox 1308 3554 1444 3619; x_wconf 77' lang='lat' dir='ltr'><strong>urbemque</strong></span> <span class='ocrx_word' id='word_1_633' title='bbox 1462 3554 1586 3618; x_wconf 77' lang='lat' dir='ltr'><strong>ingressus</strong></span> <span class='ocrx_word' id='word_1_634' title='bbox 1609 3551 1692 3603; x_wconf 80' lang='lat' dir='ltr'><strong>adiano</strong></span> <span class='ocrx_word' id='word_1_635' title='bbox 1710 3553 1798 3604; x_wconf 87' lang='lat' dir='ltr'><strong>intem·</strong></span> 
     </span>
     <span class='ocr_line' id='line_1_89' title="bbox 1018 3655 1802 3724; baseline -0.004 -15"><span class='ocrx_word' id='word_1_636' title='bbox 1018 3664 1086 3724; x_wconf 84' lang='lat' dir='ltr'><strong>pesta</strong></span> <span class='ocrx_word' id='word_1_637' title='bbox 1124 3662 1207 3718; x_wconf 86' lang='lat' dir='ltr'><strong>noete,</strong></span> <span class='ocrx_word' id='word_1_638' title='bbox 1236 3657 1352 3721; x_wconf 85' lang='lat' dir='ltr'><strong>quidnam</strong></span> <span class='ocrx_word' id='word_1_639' title='bbox 1382 3655 1520 3707; x_wconf 80' lang='lat' dir='ltr'><strong>leniendum</strong></span> <span class='ocrx_word' id='word_1_640' title='bbox 1549 3658 1615 3705; x_wconf 87' lang='lat' dir='ltr'><strong>esset</strong></span> <span class='ocrx_word' id='word_1_641' title='bbox 1636 3668 1695 3705; x_wconf 87' lang='lat' dir='ltr'>eum</span> <span class='ocrx_word' id='word_1_642' title='bbox 1724 3656 1802 3706; x_wconf 85' lang='lat' dir='ltr'><strong>Fabio</strong></span> 
     </span>
     <span class='ocr_line' id='line_1_90' title="bbox 1017 3756 1799 3826; baseline -0.001 -15"><span class='ocrx_word' id='word_1_643' title='bbox 1017 3761 1121 3826; x_wconf 74' lang='lat' dir='ltr'><strong>sitisque</strong></span> <span class='ocrx_word' id='word_1_644' title='bbox 1135 3760 1272 3811; x_wconf 88' lang='lat' dir='ltr'><strong>senioribus</strong></span> <span class='ocrx_word' id='word_1_645' title='bbox 1289 3757 1383 3809; x_wconf 79' lang='lat' dir='ltr'><strong>uiribus</strong></span> <span class='ocrx_word' id='word_1_646' title='bbox 1399 3757 1564 3808; x_wconf 81' lang='lat' dir='ltr'><strong>consultabat.</strong></span> <span class='ocrx_word' id='word_1_647' title='bbox 1602 3756 1649 3809; x_wconf 88' lang='lat' dir='ltr'><strong>Ubi</strong></span> <span class='ocrx_word' id='word_1_648' title='bbox 1672 3772 1733 3809; x_wconf 80' lang='lat' dir='ltr'><strong>vero</strong></span> <span class='ocrx_word' id='word_1_649' title='bbox 1744 3773 1799 3810; x_wconf 90' lang='lat' dir='ltr'>om·</span> 
     </span>
     <span class='ocr_line' id='line_1_91' title="bbox 1018 3860 1800 3926; baseline 0 -12"><span class='ocrx_word' id='word_1_650' title='bbox 1018 3864 1091 3914; x_wconf 90' lang='lat' dir='ltr'><strong>nibus</strong></span> <span class='ocrx_word' id='word_1_651' title='bbox 1104 3863 1184 3912; x_wconf 81' lang='lat' dir='ltr'><strong>visum</strong></span> <span class='ocrx_word' id='word_1_652' title='bbox 1210 3866 1248 3913; x_wconf 87' lang='lat' dir='ltr'>est</span> <span class='ocrx_word' id='word_1_653' title='bbox 1270 3865 1367 3926; x_wconf 82' lang='lat' dir='ltr'><strong>tempus</strong></span> <span class='ocrx_word' id='word_1_654' title='bbox 1385 3860 1529 3911; x_wconf 87' lang='lat' dir='ltr'><strong>dictatorem</strong></span> <span class='ocrx_word' id='word_1_655' title='bbox 1552 3874 1664 3925; x_wconf 74' lang='lat' dir='ltr'><strong>poscere,</strong></span> <span class='ocrx_word' id='word_1_656' title='bbox 1687 3861 1800 3914; x_wconf 85' lang='lat' dir='ltr'><strong>adeum</strong></span> 
     </span>
    </p>
   </div>
   <div class='ocr_carea' id='block_1_8' title="bbox 1018 3970 1801 4040">
    <p class='ocr_par' dir='ltr' id='par_1_10' title="bbox 1018 3970 1801 4040">
     <span class='ocr_line' id='line_1_92' title="bbox 1018 3970 1801 4040; baseline 0.011 -21"><span class='ocrx_word' id='word_1_657' title='bbox 1018 3970 1188 4034; x_wconf 76' lang='lat' dir='ltr'><strong>magistratum</strong></span> <span class='ocrx_word' id='word_1_658' title='bbox 1212 3973 1238 4020; x_wconf 93' lang='lat' dir='ltr'>L.</span> <span class='ocrx_word' id='word_1_659' title='bbox 1259 3971 1429 4021; x_wconf 77' lang='lat' dir='ltr'><strong>cincinnatum</strong></span> <span class='ocrx_word' id='word_1_660' title='bbox 1451 3970 1596 4034; x_wconf 78' lang='lat' dir='ltr'><strong>designavit.</strong></span> <span class='ocrx_word' id='word_1_661' title='bbox 1631 3976 1713 4038; x_wconf 80' lang='lat' dir='ltr'><strong>Atque</strong></span> <span class='ocrx_word' id='word_1_662' title='bbox 1737 3975 1801 4040; x_wconf 86' lang='lat' dir='ltr'><strong>ipse,</strong></span> 
     </span>
    </p>
   </div>
   <div class='ocr_carea' id='block_1_9' title="bbox 1018 4078 1563 4143">
    <p class='ocr_par' dir='ltr' id='par_1_11' title="bbox 1018 4078 1563 4143">
     <span class='ocr_line' id='line_1_93' title="bbox 1018 4078 1563 4143; baseline 0.002 -14"><span class='ocrx_word' id='word_1_663' title='bbox 1018 4079 1058 4129; x_wconf 90' lang='lat' dir='ltr'>his</span> <span class='ocrx_word' id='word_1_664' title='bbox 1074 4080 1189 4143; x_wconf 85' lang='lat' dir='ltr'><strong>peractis,</strong></span> <span class='ocrx_word' id='word_1_665' title='bbox 1205 4078 1230 4128; x_wconf 92' lang='lat' dir='ltr'><strong>in</strong></span> <span class='ocrx_word' id='word_1_666' title='bbox 1242 4092 1286 4129; x_wconf 89' lang='lat' dir='ltr'>sua</span> <span class='ocrx_word' id='word_1_667' title='bbox 1298 4083 1379 4129; x_wconf 88' lang='lat' dir='ltr'><strong>castra</strong></span> <span class='ocrx_word' id='word_1_668' title='bbox 1393 4083 1431 4130; x_wconf 90' lang='lat' dir='ltr'>est</span> <span class='ocrx_word' id='word_1_669' title='bbox 1441 4093 1563 4131; x_wconf 81' lang='lat' dir='ltr'><strong>reversus.</strong></span> 
     </span>
    </p>
   </div>
   <div class='ocr_carea' id='block_1_10' title="bbox 1017 4413 1804 5186">
    <p class='ocr_par' dir='ltr' id='par_1_12' title="bbox 1017 4413 1804 5186">
     <span class='ocr_line' id='line_1_94' title="bbox 1051 4413 1800 4479; baseline 0.001 -16"><span class='ocrx_word' id='word_1_670' title='bbox 1051 4416 1137 4464; x_wconf 64' lang='lat' dir='ltr'><strong>xxti.</strong></span> <span class='ocrx_word' id='word_1_671' title='bbox 1156 4413 1244 4463; x_wconf 83' lang='lat' dir='ltr'><strong>Fabius</strong></span> <span class='ocrx_word' id='word_1_672' title='bbox 1258 4418 1356 4474; x_wconf 90' lang='lat' dir='ltr'><strong>autem,</strong></span> <span class='ocrx_word' id='word_1_673' title='bbox 1372 4416 1505 4478; x_wconf 78' lang='lat' dir='ltr'><strong>pratee-tus</strong></span> <span class='ocrx_word' id='word_1_674' title='bbox 1528 4416 1607 4476; x_wconf 86' lang='lat' dir='ltr'><strong>urbis,</strong></span> <span class='ocrx_word' id='word_1_675' title='bbox 1625 4414 1691 4466; x_wconf 85' lang='lat' dir='ltr'><strong>misit</strong></span> <span class='ocrx_word' id='word_1_676' title='bbox 1701 4413 1747 4479; x_wconf 86' lang='lat' dir='ltr'><strong>qui</strong></span> <span class='ocrx_word' id='word_1_677' title='bbox 1766 4416 1800 4465; x_wconf 88' lang='lat' dir='ltr'><strong>ad</strong></span> 
     </span>
     <span class='ocr_line' id='line_1_95' title="bbox 1018 4501 1802 4565; baseline 0.008 -16"><span class='ocrx_word' id='word_1_678' title='bbox 1018 4501 1148 4565; x_wconf 89' lang='lat' dir='ltr'><strong>imperium</strong></span> <span class='ocrx_word' id='word_1_679' title='bbox 1174 4503 1301 4560; x_wconf 87' lang='lat' dir='ltr'><strong>Quintium</strong></span> <span class='ocrx_word' id='word_1_680' title='bbox 1337 4503 1496 4554; x_wconf 80' lang='lat' dir='ltr'><strong>adducerent.</strong></span> <span class='ocrx_word' id='word_1_681' title='bbox 1528 4507 1601 4554; x_wconf 85' lang='lat' dir='ltr'><strong>Forte</strong></span> <span class='ocrx_word' id='word_1_682' title='bbox 1626 4507 1708 4556; x_wconf 85' lang='lat' dir='ltr'><strong>aulem</strong></span> <span class='ocrx_word' id='word_1_683' title='bbox 1739 4506 1802 4555; x_wconf 86' lang='lat' dir='ltr'><strong>lune</strong></span> 
     </span>
     <span class='ocr_line' id='line_1_96' title="bbox 1018 4588 1803 4654; baseline 0.011 -19"><span class='ocrx_word' id='word_1_684' title='bbox 1018 4588 1169 4652; x_wconf 88' lang='lat' dir='ltr'><strong>quoqueiiie</strong></span> <span class='ocrx_word' id='word_1_685' title='bbox 1184 4589 1309 4651; x_wconf 85' lang='lat' dir='ltr'><strong>quoddam</strong></span> <span class='ocrx_word' id='word_1_686' title='bbox 1332 4605 1394 4654; x_wconf 91' lang='lat' dir='ltr'><strong>opus</strong></span> <span class='ocrx_word' id='word_1_687' title='bbox 1421 4592 1541 4641; x_wconf 87' lang='lat' dir='ltr'><strong>rusticum</strong></span> <span class='ocrx_word' id='word_1_688' title='bbox 1569 4591 1684 4643; x_wconf 84' lang='lat' dir='ltr'><strong>iaciebat.</strong></span> <span class='ocrx_word' id='word_1_689' title='bbox 1717 4596 1803 4652; x_wconf 81' lang='lat' dir='ltr'><strong>Quum</strong></span> 
     </span>
     <span class='ocr_line' id='line_1_97' title="bbox 1019 4678 1804 4744; baseline 0.011 -19"><span class='ocrx_word' id='word_1_690' title='bbox 1019 4691 1076 4726; x_wconf 81' lang='lat' dir='ltr'><strong>vero</strong></span> <span class='ocrx_word' id='word_1_691' title='bbox 1090 4678 1187 4728; x_wconf 85' lang='lat' dir='ltr'><strong>turbam</strong></span> <span class='ocrx_word' id='word_1_692' title='bbox 1201 4679 1374 4729; x_wconf 85' lang='lat' dir='ltr'><strong>adventantem</strong></span> <span class='ocrx_word' id='word_1_693' title='bbox 1391 4681 1571 4744; x_wconf 78' lang='lat' dir='ltr'><strong>conspexisset,</strong></span> <span class='ocrx_word' id='word_1_694' title='bbox 1588 4680 1731 4744; x_wconf 85' lang='lat' dir='ltr'><strong>suspicatus</strong></span> <span class='ocrx_word' id='word_1_695' title='bbox 1746 4696 1804 4734; x_wconf 88' lang='lat' dir='ltr'><strong>earn</strong></span> 
     </span>
     <span class='ocr_line' id='line_1_98' title="bbox 1018 4765 1804 4836; baseline 0.008 -21"><span class='ocrx_word' id='word_1_696' title='bbox 1018 4765 1049 4815; x_wconf 90' lang='lat' dir='ltr'><strong>ad</strong></span> <span class='ocrx_word' id='word_1_697' title='bbox 1071 4781 1097 4816; x_wconf 90' lang='lat' dir='ltr'>se</span> <span class='ocrx_word' id='word_1_698' title='bbox 1123 4768 1218 4825; x_wconf 78' lang='lat' dir='ltr'><strong>venire,</strong></span> <span class='ocrx_word' id='word_1_699' title='bbox 1245 4772 1338 4818; x_wconf 79' lang='lat' dir='ltr'><strong>restem</strong></span> <span class='ocrx_word' id='word_1_700' title='bbox 1359 4768 1531 4832; x_wconf 86' lang='lat' dir='ltr'><strong>elegantiorem</strong></span> <span class='ocrx_word' id='word_1_701' title='bbox 1562 4769 1665 4831; x_wconf 89' lang='lat' dir='ltr'><strong>sumsit,</strong></span> <span class='ocrx_word' id='word_1_702' title='bbox 1693 4770 1804 4836; x_wconf 88' lang='lat' dir='ltr'><strong>ipsisque</strong></span> 
     </span>
     <span class='ocr_line' id='line_1_99' title="bbox 1017 4853 1804 4922; baseline 0.009 -20"><span class='ocrx_word' id='word_1_703' title='bbox 1017 4853 1117 4903; x_wconf 75' lang='lat' dir='ltr'><strong>obuiam</strong></span> <span class='ocrx_word' id='word_1_704' title='bbox 1139 4854 1192 4903; x_wconf 75' lang='lat' dir='ltr'><strong>isit.</strong></span> <span class='ocrx_word' id='word_1_705' title='bbox 1227 4857 1262 4904; x_wconf 78' lang='lat' dir='ltr'><strong>ad</strong></span> <span class='ocrx_word' id='word_1_706' title='bbox 1288 4871 1350 4918; x_wconf 91' lang='lat' dir='ltr'><strong>quos</strong></span> <span class='ocrx_word' id='word_1_707' title='bbox 1375 4863 1507 4921; x_wconf 88' lang='lat' dir='ltr'><strong>postquam</strong></span> <span class='ocrx_word' id='word_1_708' title='bbox 1531 4859 1646 4912; x_wconf 74' lang='lat' dir='ltr'><strong>aecessIt.</strong></span> <span class='ocrx_word' id='word_1_709' title='bbox 1671 4862 1697 4909; x_wconf 92' lang='lat' dir='ltr'>et</span> <span class='ocrx_word' id='word_1_710' title='bbox 1725 4872 1804 4922; x_wconf 82' lang='lat' dir='ltr'><strong>equos</strong></span> 
     </span>
     <span class='ocr_line' id='line_1_100' title="bbox 1019 4944 1801 5011; baseline 0.005 -18"><span class='ocrx_word' id='word_1_711' title='bbox 1019 4944 1128 5009; x_wconf 84' lang='lat' dir='ltr'><strong>phaleris</strong></span> <span class='ocrx_word' id='word_1_712' title='bbox 1150 4945 1283 5009; x_wconf 82' lang='lat' dir='ltr'><strong>insignibus</strong></span> <span class='ocrx_word' id='word_1_713' title='bbox 1296 4948 1396 4995; x_wconf 60' lang='lat' dir='ltr'><strong>«ornatos</strong></span> <span class='ocrx_word' id='word_1_714' title='bbox 1411 4946 1581 5008; x_wconf 85' lang='lat' dir='ltr'><strong>adduxerunt,</strong></span> <span class='ocrx_word' id='word_1_715' title='bbox 1596 4952 1620 4998; x_wconf 84' lang='lat' dir='ltr'>et</span> <span class='ocrx_word' id='word_1_716' title='bbox 1635 4947 1724 5011; x_wconf 75' lang='lat' dir='ltr'><strong>viginti</strong></span> <span class='ocrx_word' id='word_1_717' title='bbox 1736 4960 1801 5011; x_wconf 87' lang='lat' dir='ltr'><strong>qua·</strong></span> 
     </span>
     <span class='ocr_line' id='line_1_101' title="bbox 1021 5032 1804 5099; baseline 0.004 -16"><span class='ocrx_word' id='word_1_718' title='bbox 1021 5037 1077 5083; x_wconf 87' lang='lat' dir='ltr'><strong>tuor·</strong></span> <span class='ocrx_word' id='word_1_719' title='bbox 1103 5032 1183 5081; x_wconf 73' lang='lat' dir='ltr'><strong>trieres</strong></span> <span class='ocrx_word' id='word_1_720' title='bbox 1203 5048 1257 5081; x_wconf 86' lang='grc' dir='ltr'>ινιιιι</span> <span class='ocrx_word' id='word_1_721' title='bbox 1286 5033 1346 5096; x_wconf 85' lang='lat' dir='ltr'><strong>ipsis</strong></span> <span class='ocrx_word' id='word_1_722' title='bbox 1366 5035 1494 5084; x_wconf 88' lang='lat' dir='ltr'><strong>securibus</strong></span> <span class='ocrx_word' id='word_1_723' title='bbox 1514 5039 1540 5086; x_wconf 86' lang='lat' dir='ltr'>et</span> <span class='ocrx_word' id='word_1_724' title='bbox 1556 5049 1703 5099; x_wconf 86' lang='lat' dir='ltr'><strong>purpuram,</strong></span> <span class='ocrx_word' id='word_1_725' title='bbox 1725 5036 1804 5097; x_wconf 78' lang='lat' dir='ltr'><strong>atque</strong></span> 
     </span>
     <span class='ocr_line' id='line_1_102' title="bbox 1024 5120 1804 5186; baseline 0.003 -15"><span class='ocrx_word' id='word_1_726' title='bbox 1024 5122 1072 5171; x_wconf 81' lang='lat' dir='ltr'><strong>alia</strong></span> <span class='ocrx_word' id='word_1_727' title='bbox 1097 5121 1198 5186; x_wconf 79' lang='lat' dir='ltr'><strong>insignia</strong></span> <span class='ocrx_word' id='word_1_728' title='bbox 1221 5121 1310 5184; x_wconf 88' lang='lat' dir='ltr'><strong>quibus</strong></span> <span class='ocrx_word' id='word_1_729' title='bbox 1336 5123 1393 5172; x_wconf 89' lang='lat' dir='ltr'><strong>olim</strong></span> <span class='ocrx_word' id='word_1_730' title='bbox 1421 5122 1512 5186; x_wconf 80' lang='lat' dir='ltr'><strong>regium</strong></span> <span class='ocrx_word' id='word_1_731' title='bbox 1541 5120 1671 5186; x_wconf 86' lang='lat' dir='ltr'><strong>imperium</strong></span> <span class='ocrx_word' id='word_1_732' title='bbox 1695 5134 1804 5173; x_wconf 76' lang='lat' dir='ltr'><strong>exome-</strong></span> 
     </span>
    </p>
   </div>
   <div class='ocr_carea' id='block_1_11' title="bbox 0 0 1901 5828">
    <p class='ocr_par' dir='ltr' id='par_1_13' title="bbox 0 0 1901 5828">
     <span class='ocr_line' id='line_1_103' title="bbox 0 0 1901 5828; baseline 0 0"><span class='ocrx_word' id='word_1_733' title='bbox 0 0 1901 5828; x_wconf 95' lang='lat' dir='ltr'> </span> 
     </span>
    </p>
   </div>
  </div>
 </body>
</html>
