3772 5828
184 327 245 384 258

180 453 281 523 Μάνιος
298 455 442 538 Παπίριος,
465 459 495 516 ἐκ
521 459 573 514 τῶν
594 457 739 535 πατρικίων
756 455 823 537 ἀνὴρ
847 457 959 539 ἡσυχίας

181 542 261 624 φίλος.

223 634 258 694 ΙΙ.
282 631 332 699 Ὡς
350 630 377 692 δὲ
389 633 585 705 κατεστήσαντο
597 638 690 702 ταῦτα,
705 634 835 701 δείσαντες
849 637 884 700 ὡς
900 635 959 712 ἐμοί

182 722 255 782 δοκεῖ
264 721 301 801 μὴ
319 721 379 791 doio
392 731 444 788 τοῖς
455 724 561 790 πολλοῖς
574 721 711 801 ἐγγίνηται
725 724 785 803 περί
799 726 845 795 τῆς
867 727 959 795 καινῆς

141 827 154 865 ε
181 810 314 880 πολιτείας
332 812 379 870 οὐκ
395 810 503 886 ἀληθὴς,
523 808 563 868 ότι
579 809 624 868 δύο
645 813 761 889 βασιλεῖς
774 811 858 892 κύριοι
879 812 955 891 γεγό-

181 920 240 956 νασι
256 903 302 970 τῆς
317 899 416 964 πολεως
429 899 483 956 ἀνθ’
498 897 561 969 ένὸς,
573 899 697 979 ἑκατέρου
714 901 766 957 τῶν
780 899 888 959 ὑπάτων
899 900 959 968 τοὺς

182 985 283 1045 δώδεκα
309 985 428 1052 πελέκεις
442 987 545 1066 ἔχοντος
563 984 653 1066 ώσπερ
681 979 750 1067 εἶχον·
775 990 800 1046 οἱ
826 991 957 1068 βασιλεῖς,

182 1072 286 1154 ίκριναν
309 1075 339 1135 τό
365 1098 393 1133 τε
409 1074 465 1141 δέος
480 1073 622 1154 ἀφελέσθαι
647 1079 698 1134 τῶν
716 1078 831 1135 πσλιτῶν
847 1077 892 1137 καὶ
912 1083 959 1151 τῆς

182 1161 298 1231 ίξουσίας
309 1168 422 1241 μειῶσαι
435 1161 479 1222 τὸν
492 1161 593 1243 φθόνον,
604 1167 651 1222 τοῦ
664 1162 712 1242 μὲν
727 1166 814 1243 ίτόρσυ
828 1170 880 1226 τῶν
892 1167 958 1227 aad·

130 1276 154 1315 ιο
181 1275 233 1310 των
247 1253 307 1319 τοὺς
317 1251 419 1311 δώδεκα
430 1250 625 1319 κατατάξαντες
638 1256 811 1330 προηγεῖσθαι
824 1252 956 1328 πελέκεις,

180 1344 226 1399 τού
237 1339 258 1399 δ’
270 1340 357 1419 ἑτέρου
368 1340 468 1399 δώδεκα
484 1337 616 1421 ὑπηρέτας
628 1338 737 1420 βάόδους
747 1339 855 1420 ἔχοντας
870 1341 959 1418 μόνον,

180 1431 217 1497 ὣς
230 1429 259 1490 δι’
273 1453 339 1496 τινες
353 1431 485 1510 ἱστοροῦσι
505 1429 550 1487 καί
574 1426 693 1507 κορύνας,
714 1428 828 1506 γίνεσθαι
854 1430 882 1488 δέ
905 1433 957 1490 τῶν

180 1518 313 1577 πελέκεων
327 1516 375 1590 την
403 1516 554 1597 παράληψιν
579 1521 608 1576 ἐκ
637 1520 797 1597 περιτροπῆς
815 1517 861 1576 ένα
887 1523 959 1597 μῆνα

181 1606 336 1687 κατέχοντος
350 1606 443 1672 αὐτούς
457 1603 593 1684 ἑκατέρου.
642 1607 730 1665 Τοῦτο
748 1609 772 1662 τ’
785 1602 836 1678 ἤδη
857 1607 887 1668 τὸ
902 1630 959 1668 πσ-

130 1717 156 1756 εο
181 1695 294 1773 λίτευμα
312 1693 544 1771 καταστησάμενοι
559 1693 692 1774 πρόθυμον
712 1694 839 1765 ῖποίηααν
860 1696 897 1765 είς
910 1696 965 1773 τὴν

183 1783 308 1862 διαμονὴν
324 1788 376 1844 τῶν
396 1783 560 1864 πραγμάτων
582 1782 626 1842 τὸν
652 1780 770 1859 δημότην
793 1783 839 1844 καί
864 1807 959 1845 ταπει-

182 1872 225 1933 νδν
238 1871 316 1953 ὄχλον
326 1918 335 1948 ,
347 1872 392 1932 καὶ
407 1872 475 1930 ἄλλα
493 1869 593 1936 τούτοις
608 1870 782 1950 παραπλήσια
801 1873 849 1932 ούκ
873 1872 959 1953 όλίγα.

182 1960 237 2025 Καὶ
251 1963 302 2040 γὰρ
316 1960 374 2028 τοὺς
383 1961 475 2038 νόμους
487 1958 547 2027 τοὺς
557 1958 616 2039 περὶ
626 1963 678 2018 τῶν
690 1958 856 2036 συμόολαίων
867 1961 958 2044 [τοὺς]

181 2050 232 2111 tri
245 2050 361 2112 ’Τυλλίου
375 2047 540 2129 γραφέντας,
559 2046 755 2128 φιλανθρώπους
781 2047 826 2107 καλ
849 2050 959 2128 δημοτι-

128 2155 155 2195 2⁰
182 2139 242 2208 κσίις
253 2130 320 2199 εἶναι
329 2140 478 2213 δοκοῦντας,
487 2134 530 2202 οθς
538 2135 790 2203 άπανταςλατίλυσε
802 2138 958 2217 Ταρκύνιος,

182 2229 372 2289 άνενειύσαντο·
390 2225 436 2285 καί
448 2224 494 2293 τδις
509 2222 598 2291 θυσίας
612 2223 658 2292 τοῖς
680 2247 709 2284 τε
723 2223 792 2284 κατὰ
814 2226 891 2286 πόλιν
912 2229 959 2289 καλ

181 2315 228 2384 τὰς
241 2316 285 2375 ἐπὶ
305 2317 357 2374 τῶν
376 2316 476 2394 ἀγρῶν,
492 2311 523 2380 θς
545 2314 678 2372 ίποιοῢντο
700 2315 773 2391 κοινῇ
788 2311 917 2382 συνιόντες
934 2318 958 2376 οἱ

181 2403 296 2479 δημόται
307 2425 336 2461 τε
355 2403 401 2461 καὶ
419 2405 443 2460 οί
458 2398 585 2482 φυλέται,
603 2399 683 2459 πάλιν
694 2398 856 2479 προσέταξαν
870 2404 957 2464 ίπιτε·

180 2493 292 2567 λεῖσθαι,
302 2494 336 2558 ὡς
346 2490 389 2550 ίπλ
401 2489 516 2552 ’Τυλλίου
525 2489 707 2548 συνετελοῦντο
718 2511 725 2526 ·
738 2489 919 2559 όκκλησιάζειν
928 2515 957 2552 τε

127 2603 154 2642 ac
181 2583 267 2649 αὐτοῖς
283 2577 417 2641 άπίδοσαν
430 2577 495 2657 ύπίρ
513 2580 563 2636 τῶν
588 2577 717 2656 μεγίστων
733 2575 778 2636 καί
792 2580 878 2660 ψῆφον
900 2581 958 2641 έπι-

180 2670 280 2752 φέρειν,
295 2668 340 2728 καλ
354 2668 439 2727 τᾶλλα
455 2666 588 2748 πράττειν,
599 2666 648 2725 ὅσα
663 2664 733 2725 κατὰ
747 2664 805 2734 τούς
817 2668 957 2750 προτέρους

181 2758 447 2839 ἔθισμούςέπραττον.
490 2760 554 2822 Τοῖς
566 2756 614 2832 μὲν
624 2746 668 2814 σύν
675 2757 781 2816 πολλοῖς
790 2755 849 2816 καθ’
861 2757 957 2832 ἡδονὴν

180 2847 214 2908 τά
233 2848 356 2927 γινόμενα
376 2846 421 2906 ὑπ’
436 2849 521 2906 αὐτῶν
540 2835 581 2917 ἦν,
601 2848 631 2905 ἐκ
644 2844 817 2925 πολυχρονίου
842 2847 958 2917 δουλείας

182 2937 218 3003 εἰς
237 2935 391 2995 άνέλπιστον
406 2931 557 3013 ἀφιγμένοις
573 2933 661 2992 ίλευθε
680 2931 735 2990 ίαν·
760 2934 900 3011 εὑρέθησαν
927 2936 957 2996 δέ

129 3037 157 3078 ae
181 3047 248 3091 τινες
262 3022 289 3093 ἐξ
310 3024 395 3082 αὐτῶν
410 3018 494 3100 ὅμως,
513 3011 550 3087 οἶς
562 3018 639 3086 πόθος
657 2955 689 3091 Τν
709 3023 761 3078 τῶν
776 3023 803 3078 ἐν
825 3023 957 3102 τυραννίδι

183 3113 310 3172 κακῶνδι’
319 3109 461 3184 εὖύθειανῆ
472 3105 515 3166 dol
523 3106 682 3178 πλεονεξίαν,
689 3105 779 3187 ἄνδρες
786 3110 832 3167 οθκ
840 3110 957 3190 άφανεῖς,

182 3200 207 3260 οῖ
219 3202 377 3278 συνώμοσαν
393 3195 435 3256 όπί
450 3196 575 3277 προδοσίογ
587 3197 634 3265 τῆς
655 3193 754 3260 πόλεως
768 3194 915 3275 Ταρκύνιόν
928 3222 957 3258 τε

181 3290 373 3358 καταδέξασθαι
383 3283 532 3361 συνθέμενοι
546 3283 592 3342 καλ
603 3280 660 3349 τοὺς
670 3282 784 3352 ὑπάτους
794 3287 955 3352 ἀποκτεῖναι.

181 3379 324 3458 Ἡγεμόνες
337 3377 358 3435 δ’
373 3376 458 3434 αὐτῶν
471 3371 562 3440 οἵτινες
577 3370 704 3450 ἐγίνοντο,
723 3370 769 3431 καὶ
783 3371 818 3432 δι’
828 3371 882 3442 σίας
900 3373 958 3450 έξη·

127 3477 153 3518 aa
180 3468 330 3547 λέγχθησαν
362 3462 519 3523 ἀνελπίστου
551 3459 711 3541 συντυχίας,
737 3462 823 3522 καίτοι
857 3463 959 3534 πάντας

180 3554 331 3639 ἀνθρώπους
344 3551 481 3625 λεληθέναι
497 3552 640 3630 δοκοῦντες,
652 3547 734 3630 μικρά
745 3553 796 3611 τῶν
810 3551 956 3635 ἔμπροσθεν

179 3645 325 3724 γενομένων
341 3640 482 3700 άναλαόὼν
498 3639 577 3711 λέξω.

220 3737 274 3796 ΙΙΙ.
298 3730 443 3814 Ταρκύνιος
472 3728 563 3802 ἐπειδὴ
589 3733 637 3802 τῆς
671 3727 806 3808 βασιλείας
839 3728 956 3807 ἐξέπεσε,

179 3821 272 3902 χρόνον
288 3820 336 3898 μέν
351 3841 410 3877 τινα
425 3820 454 3879 οὗ
470 3816 552 3876 πολύν
570 3819 596 3876 ίν
623 3815 698 3876 πόλει
713 3814 820 3877 Γαόίων
836 3818 957 3898 διέτριόε,

127 3933 154 3971 ιο
181 3909 239 3977 τούς
251 3935 279 3969 τε
293 3904 427 3974 συνιόντας
440 3905 504 3987 πρδς
518 3903 595 3967 αὐτόν
612 3907 642 3964 ἐκ
656 3909 702 3975 τῆς
718 3903 819 3971 πόλεως
830 3908 958 3988 ὑποδεχό-

182 4021 266 4073 μενος,
284 3989 320 4064 σίς
340 3990 372 4068 ἦν
389 3995 507 4075 τυραννὶς
534 3992 729 4072 ἀσπαστότερον
747 3995 842 4072 χρῆμα
857 3994 958 4055 ἐλευθε-

183 4082 255 4165 ρίας,
269 4085 314 4143 καὶ
327 4092 384 4151 ταῖς
396 4084 516 4145 Λατίνων
533 4083 635 4143 όλπίσιν
648 4080 767 4160 ἐπέχων,
791 4083 826 4145 ὡς
849 4082 873 4141 dl
891 4082 959 4143 ἐκεί-

182 4198 231 4233 νων
262 4174 493 4253 καταχθησόμενος
525 4175 572 4234 έπί
595 4167 645 4238 ιλιι
677 4172 773 4256 ἀρχόν.
817 4171 864 4242 Ὡς
888 4174 910 4234 δ’
930 4179 959 4237 οὐ

181 4269 320 4343 προσεῖχον
336 4263 407 4338 αὐτῷ
418 4263 461 4320 τὸν
471 4270 529 4323 νοῦν
541 4267 578 4324 αἱ
591 4263 679 4329 πολεις
688 4261 742 4324 οὐδ’
756 4261 894 4325 θόούλοντσ
906 4266 959 4326 πό-

126 4371 152 4411 ta
180 4354 260 4429 λεμον
288 4349 352 4426 ὑπὲρ
379 4353 456 4410 αὐτοῦ
481 4351 529 4424 τὴν
563 4350 705 4430 Ῥωμαίων
733 4351 809 4410 πολιν
842 4354 966 4435 ἐκφέρειν,

181 4439 309 4519 ἀπογνοὺς
322 4439 368 4505 τὰς
382 4439 454 4520 παρδι
470 4441 568 4501 τούτοιν
583 4441 733 4519 ἐπικουρίας
748 4445 784 4508 εἷς
791 4441 957 4524 Τυρρηνικὴν

179 4530 338 4609 καταφεύγει
352 4528 427 4587 πόλιν
443 4531 613 4610 Ταρκυνίους,
629 4530 655 4600 ἐξ
676 4524 707 4604 ἧς
731 4529 761 4589 τὸ
779 4531 843 4612 πρὸς
862 4531 959 4611 μητρὸς

180 4622 249 4699 αὐτῷ
264 4618 335 4697 γένος
348 4611 391 4691 ἦν.
435 4620 534 4685 Πείσας
548 4621 574 4678 δὲ
587 4619 620 4679 τὰ
630 4622 693 4691 τέλη
705 4622 756 4678 τῶν
768 4623 957 4700 Ταρκυνιητῶν

179 4707 301 4786 δωρεαῖς,
313 4707 358 4765 καὶ
372 4708 405 4765 δι’
416 4707 519 4765 ἐκείνοιν
535 4708 578 4766 ἐπὶ
591 4707 638 4778 τὴν
650 4706 790 4778 ἐκκλησίαν
804 4706 958 4788 παραχθείς,

125 4814 152 4852 ou
179 4797 227 4866 τήν
244 4820 271 4854 τε
286 4796 438 4877 συγγένειαν
453 4794 615 4855 ἀνενεώσατο
627 4795 674 4867 τὴν
698 4795 870 4874 ὑπάρχουσαν
885 4798 957 4875 αθτῳ

180 4883 244 4958 πρὸς
258 4886 306 4957 την
321 4886 407 4960 πολιν,
423 4884 468 4946 καί
485 4884 531 4951 τὰς
556 4883 702 4963 εὐεργεσίας
723 4882 868 4955 διεξῆλθεν,
893 4882 923 4948 ἃς
942 4887 956 4941 ὁ

180 4967 286 5039 πάππος
306 4978 386 5036 αὐτοῦ
408 4976 506 5043 πείσαις
521 4974 664 5055 ἐχαρίσατο
688 4973 745 5039 ταῖς
768 4975 793 5030 ἐν
819 4970 956 5052 ’Τυρρηνία

180 5057 284 5129 πόλεσι,
310 5065 356 5120 καί
380 5066 425 5132 τάς
447 5064 576 5137 συνθήκας
603 5061 818 5138 ὑπεμίμνησκεν,
839 5060 870 5128 θς
886 5051 954 5131 ἦσαν

181 5144 352 5218 πεποιημένοι
371 5151 435 5226 πρὸς
448 5152 535 5212 αὐτόν.
579 5149 644 5209 Ἐπί
659 5149 686 5207 δέ
699 5149 796 5216 τούτοις
814 5148 896 5209 ἅπασι
908 5149 955 5217 τάς

704 325 871 410 DlONYSll
894 325 1271 390 HALlCARNASSENSIS

1013 469 1043 516 Et
1056 466 1150 530 pumus
1162 479 1206 515 rex
1218 464 1371 517 sacrificulus
1381 469 1479 516 creatus
1492 469 1531 519 est
1543 467 1640 519 Μυσίαι
1659 469 1783 534 Papirius,

1012 571 1043 608 ex
1058 555 1142 607 ordine
1155 557 1274 620 patricio,
1286 556 1325 606 vir
1340 556 1408 621 pacis
1416 569 1512 609 amaus.

1045 648 1077 695 11.
1093 645 1138 695 ilis
1149 645 1223 696 rebus
1232 644 1383 704 constitutis,
1398 646 1471 696 veriti
1484 646 1556 711 (meo
1567 646 1666 713 quidem
1679 647 1791 712 iudicio)

1013 751 1043 789 ue
1052 752 1101 802 qua
1111 738 1172 788 salsa
1178 738 1260 802 opinio
1267 737 1504 804 dehaereipublicae
1512 755 1575 792 nora
1584 742 1661 793 torma
1668 743 1693 793 iu
1702 743 1792 794 munis

1013 831 1078 894 vulgi
1107 830 1283 892 innasceretur,
1304 832 1376 894 quasi
1408 846 1453 896 ριυ
1486 847 1535 884 uuo
1557 848 1613 900 rege
1635 834 1686 886 duo
1708 840 1792 890 meent

1013 924 1116 984 creatis,
1127 935 1202 988 penas
1212 937 1276 987 quos
1286 927 1351 975 essct
1366 923 1508 990 reipublicae
1518 927 1711 991 administratio,
1723 929 1792 994 quod

1013 1023 1119 1080 uterque
1132 1015 1219 1067 consid
1230 1031 1266 1066 scr
1280 1030 1379 1070 secures
1395 1018 1510 1084 haberet,
1526 1025 1554 1072 ut
1567 1025 1640 1074 antea
1656 1036 1727 1086 reges
1743 1023 1791 1074 ha·

1014 1111 1113 1174 iebant,
1132 1111 1296 1164 decreuerunt
1306 1111 1355 1164 hoc
1376 1119 1446 1167 metu
1463 1117 1530 1168 eires
1542 1116 1661 1181 liberare,
1672 1123 1698 1171 et
1711 1124 1793 1185 potes-

1016 1205 1075 1255 tatis
1097 1205 1164 1256 illius
1187 1205 1304 1256 iuvidiam
1330 1207 1456 1270 minuere;
1479 1212 1659 1265 constituentes
1674 1216 1703 1263 ut
1722 1215 1793 1266 atteri

1015 1298 1109 1349 consuti
1120 1297 1251 1349 duodecim
1261 1312 1361 1352 secures
1372 1304 1555 1367 mutarentur,
1568 1307 1641 1358 atteri
1654 1321 1713 1358 vero
1725 1307 1790 1358 duo·

1014 1390 1094 1442 decim
1105 1389 1206 1442 lictores
1219 1405 1276 1443 cum
1287 1395 1347 1445 sotis
1359 1396 1467 1449 fascibus
1478 1400 1593 1465 preirent
1603 1404 1678 1465 atque
1685 1403 1715 1451 ut
1729 1415 1791 1452 uou-

1015 1484 1075 1534 uutti
1096 1483 1198 1535 uadunt
1214 1499 1271 1536 cum
1292 1487 1369 1540 clavis
1390 1493 1465 1555 atque
1484 1505 1584 1545 secures
1614 1507 1657 1558 per
1673 1495 1740 1546 vices
1758 1495 1792 1546 ita

1003 1579 1194 1644 'acciperentur,
1215 1583 1244 1631 ut
1262 1584 1367 1646 uterque
1385 1587 1472 1636 consul
1487 1600 1531 1652 per
1551 1587 1670 1653 integrum
1683 1603 1793 1642 mensem

1015 1688 1057 1726 eas
1071 1675 1210 1726 alternatim
1233 1675 1345 1730 moeret.
1378 1681 1432 1732 itoc
1457 1680 1534 1746 igitur
1555 1683 1668 1734 instituto
1690 1689 1716 1736 et
1737 1685 1793 1749 aliis
1881 1730 1883 1734 ,

1015 1767 1101 1819 multis
1114 1768 1256 1820 huiusmodi
1277 1771 1428 1837 eneccruut,
1451 1777 1480 1826 ut
1496 1776 1591 1841 plebeia
1605 1780 1680 1842 atque
1690 1778 1792 1831 humilis

1016 1859 1091 1911 turba
1103 1874 1180 1926 prona
1196 1862 1323 1914 voluntate
1335 1863 1361 1914 iu
1375 1865 1424 1917 iaec
1441 1879 1524 1918 rerum
1541 1872 1608 1919 statu
1626 1870 1793 1922 conseruando

1016 1958 1193 2019 perseveraret.
1227 1955 1324 2012 umam
1349 1958 1415 2025 leges
1435 1958 1468 2010 de
1490 1962 1658 2013 contractibus
1677 1976 1693 2013 a
1715 1964 1794 2015 Tullio

1016 2045 1096 2110 laus,
1116 2060 1173 2110 qure
1187 2047 1303 2100 humane
1315 2054 1341 2102 et
1363 2051 1493 2117 peculares
1508 2053 1664 2119 videbantur,
1682 2071 1794 2122 quasque

1015 2153 1100 2191 omues
1110 2141 1260 2204 Tarquinius
1269 2144 1412 2207 cuatelam,
1424 2146 1586 2200 memorum
1602 2152 1645 2209 ;et
1656 2151 1791 2210 sacrific-ia,

1015 2246 1121 2300 quorum
1133 2247 1222 2286 mussa
1235 2240 1261 2290 et
1283 2239 1311 2290 in
1324 2239 1386 2292 urba
1398 2243 1425 2292 et
1437 2239 1463 2290 iu
1474 2240 1541 2304 amis
1563 2244 1729 2296 communiter
1748 2260 1791 2310 po·

1015 2338 1113 2406 pulcras
1128 2342 1155 2390 ct
1168 2338 1273 2390 uiduae
1287 2336 1313 2386 in
1330 2349 1409 2387 uuum
1421 2335 1550 2389 οοιινειιίτο
1564 2338 1629 2390 soliti
1640 2343 1724 2403 crant,
1744 2341 1792 2391 ius

1015 2434 1105 2484 tauram
1115 2432 1240 2484 iusserunt
1248 2429 1415 2482 eodemmodo
1421 2445 1472 2496 quo
1477 2435 1592 2498 regnante
1598 2433 1677 2484 tullio
1687 2432 1791 2485 debaut:

1016 2528 1042 2578 et
1056 2526 1211 2578 comitiorum
1225 2523 1257 2577 de
1275 2523 1350 2575 rebus
1369 2524 1484 2577 maximis
1499 2525 1671 2579 maenarum
1689 2533 1716 2579 et
1739 2531 1792 2582 sut·

1016 2620 1087 2684 tragii
1102 2619 1203 2683 terendi,
1217 2620 1242 2670 at
1258 2618 1373 2680 aliorum,
1387 2632 1541 2685 quecunque
1556 2623 1628 2673 autea
1642 2622 1722 2674 lacere
1733 2637 1793 2676 cou-

1016 2716 1156 2775 sueverant,
1186 2710 1351 2763 teciendorum
1380 2714 1532 2778 -potestatem
1550 2712 1600 2766 illia
1625 2715 1792 2769 reddiderunt.

1016 2813 1078 2869 Qure
1086 2809 1167 2861 omnia
1178 2806 1268 2874 populo
1279 2810 1348 2873 grata
1369 2821 1399 2860 ac
1415 2808 1525 2861 iucunda
1538 2815 1627 2872 eraut,
1645 2812 1736 2876 quippe
1750 2812 1794 2877 qui

1015 2917 1048 2956 ex
1067 2903 1187 2956 scrutate
1198 2901 1320 2965 ,dinume
1340 2901 1366 2953 in
1382 2902 1520 2955 umrutam
1535 2917 1583 2955 nou
1604 2908 1728 2969 aperaum
1751 2918 1793 2957 re·

1016 3002 1094 3050 uerat.
1127 2998 1302 3048 verumtamem
1331 2997 1442 3049 nonnulii
1466 2999 1596 3050 intereos
1617 2999 1713 3051 iuranti
1734 3002 1794 3051 suut

1015 3092 1062 3144 riri
1078 3090 1141 3141 haud
1154 3089 1287 3153 ignobiles,
1306 3090 1349 3154 qui
1361 3091 1413 3142 sire
1427 3093 1533 3145 stultitia
1543 3094 1595 3145 sire
1607 3095 1712 3147 avaritia
1729 3109 1794 3147 com-

1016 3185 1074 3237 moti
1102 3184 1166 3234 nutu
1191 3183 1315 3246 tyrannica
1339 3182 1509 3237 desiderantes
1536 3187 1568 3239 de
1585 3187 1648 3239 urbe
1671 3189 1795 3254 prodenda

1016 3278 1183 3340 conimaraut,
1197 3276 1346 3340 etpacticue
1367 3276 1432 3328 inter
1453 3293 1480 3330 se
1502 3279 1567 3331 taeta
1581 3283 1743 3345 Tarquinium
1754 3297 1794 3335 re·

1015 3374 1107 3425 ducere
1131 3373 1159 3422 et
1181 3368 1296 3422 mosmos
1321 3371 1418 3422 credere
1440 3374 1586 3425 statuerant.
1617 3354 1666 3427 sed
1693 3377 1793 3441 quinam

1016 3467 1106 3521 tuerint
1120 3479 1206 3518 eorum
1224 3464 1311 3527 duces,
1334 3467 1360 3517 et
1373 3479 1449 3530 quam
1466 3467 1590 3532 insperato
1611 3483 1671 3521 σοιιι
1694 3451 1794 3523 iudicati

1016 3563 1113 3625 tuerint,
1128 3560 1242 3626 quamvis
1255 3560 1424 3612 existimarent
1434 3573 1461 3611 se
1476 3575 1561 3613 omues
1576 3565 1694 3616 mortales
1707 3565 1792 3628 latere

1015 3672 1068 3710 rem
1080 3656 1162 3723 paullo
1173 3656 1246 3705 altius
1259 3660 1370 3720 repetens
1383 3655 1471 3706 dicam.

1047 3754 1089 3801 tlt.
1103 3749 1251 3812 Tarquinius
1265 3762 1340 3813 reguo
1354 3751 1440 3813 pulsus
1453 3763 1502 3799 nou
1518 3749 1561 3802 diu
1580 3752 1665 3806 Gabiis
1688 3759 1726 3806 est
1739 3769 1793 3807 me·

1014 3858 1092 3912 retus,
1119 3864 1161 3900 cos
1180 3847 1303 3910 excipiens
1325 3847 1367 3912 qui
1389 3862 1419 3898 ex
1442 3847 1504 3899 urbe
1526 3850 1603 3900 adse
1622 3851 1791 3909 contiuebaut.

1014 3957 1130 4023 quoniam
1141 3953 1251 4019 tyrannis
1273 3950 1308 4000 cis
1325 3950 1379 4014 ipsa
1396 3950 1508 4001 libertate
1528 3951 1619 4015 gmticr
1633 3954 1695 4015 erat,
1708 3955 1733 4002 et
1748 3968 1792 4017 spe

1015 4055 1156 4106 latinorum
1168 4053 1254 4111 tretus,
1271 4049 1341 4112 quasi
1362 4062 1450 4100 eorum
1463 4064 1538 4115 opera
1557 4052 1583 4102 in
1594 4063 1696 4115 reguum
1706 4052 1793 4104 reduci

1013 4159 1113 4236 possets
1138 4170 1271 4233 sedquum
1287 4159 1370 4228 populi
1385 4155 1418 4206 ad
1439 4155 1492 4205 eius
1510 4168 1597 4218 preces
1615 4155 1726 4207 animum
1744 4169 1793 4207 σου

1014 4271 1181 4332 adverterent,
1197 4282 1243 4319 neo
1267 4265 1322 4316 eius
1339 4269 1427 4309 caussa
1448 4255 1539 4306 betium
1560 4256 1674 4307 Romanis
1704 4256 1793 4308 iuterre

1014 4340 1263 4433 vellentdesperans
1276 4381 1301 4418 se
1317 4364 1409 4415 auxilia
1419 4362 1451 4412 ab
1457 4360 1516 4425 ipsis
1534 4359 1722 4421 impetraturum
1729 4358 1792 4405 Tar-

1012 4471 1119 4535 quinios,
1138 4472 1163 4520 in
1178 4473 1305 4520 Etruscam
1325 4464 1412 4516 urbem
1432 4452 1459 4511 se
1479 4456 1658 4522 recapitando
1682 4459 1793 4506 materno

1013 4580 1102 4631 genere
1110 4566 1216 4616 ducebat
1226 4564 1351 4627 originem.
1386 4553 1569 4620 Cumigituribi
1580 4549 1792 4616 Tarquiniensium

1013 4664 1173 4726 magistratus
1188 4661 1356 4713 munificentia
1375 4659 1422 4710 sibi
1439 4656 1603 4716 conciliasset,
1616 4654 1642 4702 et
1657 4650 1689 4701 ab
1707 4647 1791 4700 illisin

938 4799 954 4813 .
1012 4763 1152 4814 concionem
1183 4762 1318 4827 productus
1342 4760 1440 4822 luisset,
1460 4754 1627 4822 cognationem
1653 4748 1790 4810 renovarit,

1011 4875 1067 4927 quae
1081 4859 1127 4911 sibi
1142 4875 1199 4910 eum
1213 4873 1242 4909 eo
1254 4858 1343 4924 populu
1357 4857 1532 4915 intercedebat,
1545 4858 1570 4904 et
1583 4849 1703 4902 beneticia
1720 4857 1788 4896 rem·

1011 4962 1165 5022 memorarit,
1184 4975 1240 5024 que
1253 4975 1315 5011 avus
1334 4962 1359 5011 iu
1384 4971 1468 5010 omues
1482 4957 1589 5007 Etruriae
1610 4952 1721 5005 civitates
1734 4961 1790 4998 ceu·

1012 5060 1110 5120 tulerat,
1126 5063 1199 5122 etque
1225 5059 1326 5118 toedera,
1346 5069 1401 5121 qum
1417 5068 1474 5104 curn
1495 5055 1537 5104 illu
1556 5054 1677 5113 fecerant,
1709 5047 1745 5099 ela
1764 5045 1790 5097 in

1010 5160 1153 5211 memoriam
1169 5158 1301 5207 revocarit.
1336 5156 1464 5205 Postremo
1483 5157 1566 5204 autem
1586 5156 1690 5218 questus
1707 5153 1746 5202 est
1759 5146 1790 5196 do
