<?xml version="1.0" encoding="UTF-8"?>
<!DOCTYPE html PUBLIC "-//W3C//DTD XHTML 1.0 Transitional//EN"
    "http://www.w3.org/TR/xhtml1/DTD/xhtml1-transitional.dtd">
<html xmlns="http://www.w3.org/1999/xhtml" xml:lang="en" lang="en">
 <head>
  <title>
</title>
<meta http-equiv="Content-Type" content="text/html;charset=utf-8" />
  <meta name='ocr-system' content='tesseract 3.04.00' />
  <meta name='ocr-capabilities' content='ocr_page ocr_carea ocr_par ocr_line ocrx_word'/>
</head>
<body>
  <div class='ocr_page' id='page_1' title='image "./dionysiihalicar00prougoog_0262.png"; bbox 0 0 3772 5828; ppageno 0'>
   <div class='ocr_carea' id='block_1_1' title="bbox 144 299 1260 384">
    <p class='ocr_par' dir='ltr' id='par_1_1' title="bbox 144 299 1260 384">
     <span class='ocr_line' id='line_1_1' title="bbox 144 299 1260 384; baseline -0.001 -1"><span class='ocrx_word' id='word_1_1' title='bbox 144 299 229 383; x_wconf 82' lang='grc' dir='ltr'>ὀιο</span> <span class='ocrx_word' id='word_1_2' title='bbox 693 324 861 384; x_wconf 77' lang='lat' dir='ltr'><strong>nrosrsu</strong></span> <span class='ocrx_word' id='word_1_3' title='bbox 884 321 1260 384; x_wconf 76' lang='lat' dir='ltr'><strong>nnnrcnnuassnnsrs</strong></span> 
     </span>
    </p>
   </div>
   <div class='ocr_carea' id='block_1_2' title="bbox 128 455 951 1244">
    <p class='ocr_par' dir='ltr' id='par_1_2' title="bbox 128 455 951 1244">
     <span class='ocr_line' id='line_1_2' title="bbox 171 455 948 531; baseline 0 -19"><span class='ocrx_word' id='word_1_4' title='bbox 171 457 322 513; x_wconf 73' lang='grc' dir='ltr'>ἀπελθοῦσα</span> <span class='ocrx_word' id='word_1_5' title='bbox 346 455 426 514; x_wconf 89' lang='grc' dir='ltr'>πάλιν</span> <span class='ocrx_word' id='word_1_6' title='bbox 441 455 488 522; x_wconf 81' lang='grc' dir='ltr'>τάς</span> <span class='ocrx_word' id='word_1_7' title='bbox 509 456 632 531; x_wconf 72' lang='grc' dir='ltr'>ἡμισείας</span> <span class='ocrx_word' id='word_1_8' title='bbox 653 458 704 513; x_wconf 89' lang='grc' dir='ltr'>τῶν</span> <span class='ocrx_word' id='word_1_9' title='bbox 733 456 948 531; x_wconf 69' lang='grc' dir='ltr'>ἀπολειπομένων</span> 
     </span>
     <span class='ocr_line' id='line_1_3' title="bbox 171 542 949 625; baseline 0.003 -24"><span class='ocrx_word' id='word_1_10' title='bbox 171 542 318 602; x_wconf 75' lang='grc' dir='ltr'>κατέκαυσε</span> <span class='ocrx_word' id='word_1_11' title='bbox 333 542 379 600; x_wconf 85' lang='grc' dir='ltr'>καὶ</span> <span class='ocrx_word' id='word_1_12' title='bbox 389 543 436 608; x_wconf 80' lang='grc' dir='ltr'>τὰς</span> <span class='ocrx_word' id='word_1_13' title='bbox 444 544 541 608; x_wconf 72' lang='grc' dir='ltr'>λοιπάς</span> <span class='ocrx_word' id='word_1_14' title='bbox 555 551 624 623; x_wconf 88' lang='grc' dir='ltr'>τρεῖς</span> <span class='ocrx_word' id='word_1_15' title='bbox 639 544 768 619; x_wconf 78' lang='grc' dir='ltr'>ἐνέγκασα</span> <span class='ocrx_word' id='word_1_16' title='bbox 780 543 810 602; x_wconf 88' lang='grc' dir='ltr'>τδ</span> <span class='ocrx_word' id='word_1_17' title='bbox 824 544 881 604; x_wconf 78' lang='grc' dir='ltr'>ἴσον</span> <span class='ocrx_word' id='word_1_18' title='bbox 891 545 949 625; x_wconf 77' lang='grc' dir='ltr'>ᾔτει</span> 
     </span>
     <span class='ocr_line' id='line_1_4' title="bbox 170 629 951 712; baseline 0 -22"><span class='ocrx_word' id='word_1_19' title='bbox 170 631 290 712; x_wconf 73' lang='grc' dir='ltr'>χρυσίον.</span> <span class='ocrx_word' id='word_1_20' title='bbox 335 631 487 708; x_wconf 76' lang='grc' dir='ltr'>Θαυμάσας</span> <span class='ocrx_word' id='word_1_21' title='bbox 511 629 542 701; x_wconf 77' lang='grc' dir='ltr'>δὴ</span> <span class='ocrx_word' id='word_1_22' title='bbox 566 631 596 688; x_wconf 87' lang='grc' dir='ltr'>τδ</span> <span class='ocrx_word' id='word_1_23' title='bbox 624 630 747 710; x_wconf 77' lang='grc' dir='ltr'>βούλημα</span> <span class='ocrx_word' id='word_1_24' title='bbox 768 636 814 703; x_wconf 81' lang='grc' dir='ltr'>τῆς</span> <span class='ocrx_word' id='word_1_25' title='bbox 828 633 951 710; x_wconf 84' lang='grc' dir='ltr'>γυναικὸς</span> 
     </span>
     <span class='ocr_line' id='line_1_5' title="bbox 171 720 948 804; baseline 0.001 -23"><span class='ocrx_word' id='word_1_26' title='bbox 171 721 354 801; x_wconf 84' lang='grc' dir='ltr'>όἸάρκιίνιος</span> <span class='ocrx_word' id='word_1_27' title='bbox 374 720 433 788; x_wconf 82' lang='grc' dir='ltr'>τοῦς</span> <span class='ocrx_word' id='word_1_28' title='bbox 460 720 648 788; x_wconf 73' lang='grc' dir='ltr'>οἰωνοσκόπους</span> <span class='ocrx_word' id='word_1_29' title='bbox 674 722 877 804; x_wconf 84' lang='grc' dir='ltr'>μετεπέμψατο,</span> <span class='ocrx_word' id='word_1_30' title='bbox 904 724 948 784; x_wconf 84' lang='grc' dir='ltr'>καλ</span> 
     </span>
     <span class='ocr_line' id='line_1_6' title="bbox 128 809 949 891; baseline -0.006 -19"><span class='ocrx_word' id='word_1_31' title='bbox 128 832 142 872; x_wconf 76' lang='grc' dir='ltr'>ο</span> <span class='ocrx_word' id='word_1_32' title='bbox 172 812 366 889; x_wconf 76' lang='grc' dir='ltr'>διηγησάμενος</span> <span class='ocrx_word' id='word_1_33' title='bbox 390 811 478 877; x_wconf 84' lang='grc' dir='ltr'>αὐτοῖς</span> <span class='ocrx_word' id='word_1_34' title='bbox 499 809 529 866; x_wconf 82' lang='grc' dir='ltr'>τὸ</span> <span class='ocrx_word' id='word_1_35' title='bbox 556 817 685 887; x_wconf 73' lang='grc' dir='ltr'>πρᾶγμα,</span> <span class='ocrx_word' id='word_1_36' title='bbox 707 810 732 868; x_wconf 91' lang='grc' dir='ltr'>τί</span> <span class='ocrx_word' id='word_1_37' title='bbox 746 809 799 890; x_wconf 77' lang='grc' dir='ltr'>χρὴ</span> <span class='ocrx_word' id='word_1_38' title='bbox 824 811 949 891; x_wconf 87' lang='grc' dir='ltr'>πράττειν</span> 
     </span>
     <span class='ocr_line' id='line_1_7' title="bbox 170 897 950 978; baseline 0.001 -19"><span class='ocrx_word' id='word_1_39' title='bbox 170 900 260 978; x_wconf 83' lang='grc' dir='ltr'>ἤρετο.</span> <span class='ocrx_word' id='word_1_40' title='bbox 307 900 429 959; x_wconf 82' lang='grc' dir='ltr'>Κάκιῖνοι</span> <span class='ocrx_word' id='word_1_41' title='bbox 452 898 494 957; x_wconf 80' lang='grc' dir='ltr'>διά</span> <span class='ocrx_word' id='word_1_42' title='bbox 510 897 628 975; x_wconf 81' lang='grc' dir='ltr'>σημείων</span> <span class='ocrx_word' id='word_1_43' title='bbox 657 901 734 959; x_wconf 88' lang='grc' dir='ltr'>τινῶν</span> <span class='ocrx_word' id='word_1_44' title='bbox 761 899 885 976; x_wconf 77' lang='grc' dir='ltr'>μαθόντες</span> <span class='ocrx_word' id='word_1_45' title='bbox 909 899 950 960; x_wconf 84' lang='grc' dir='ltr'>ότι</span> 
     </span>
     <span class='ocr_line' id='line_1_8' title="bbox 171 985 949 1067; baseline -0.001 -18"><span class='ocrx_word' id='word_1_46' title='bbox 171 991 335 1067; x_wconf 88' lang='grc' dir='ltr'>θεόπεμπτον</span> <span class='ocrx_word' id='word_1_47' title='bbox 362 985 458 1060; x_wconf 88' lang='grc' dir='ltr'>άγαθδν</span> <span class='ocrx_word' id='word_1_48' title='bbox 482 986 655 1066; x_wconf 77' lang='grc' dir='ltr'>ἀπεστράφη,</span> <span class='ocrx_word' id='word_1_49' title='bbox 675 985 720 1044; x_wconf 82' lang='grc' dir='ltr'>καὶ</span> <span class='ocrx_word' id='word_1_50' title='bbox 744 989 863 1065; x_wconf 78' lang='grc' dir='ltr'>μεγάλην</span> <span class='ocrx_word' id='word_1_51' title='bbox 881 1010 949 1066; x_wconf 87' lang='grc' dir='ltr'>συμ-</span> 
     </span>
     <span class='ocr_line' id='line_1_9' title="bbox 171 1072 949 1158; baseline -0.001 -21"><span class='ocrx_word' id='word_1_52' title='bbox 171 1079 252 1158; x_wconf 80' lang='grc' dir='ltr'>φοράν</span> <span class='ocrx_word' id='word_1_53' title='bbox 273 1073 461 1155; x_wconf 86' lang='grc' dir='ltr'>ἀποφαίνοντες</span> <span class='ocrx_word' id='word_1_54' title='bbox 478 1073 508 1131; x_wconf 85' lang='grc' dir='ltr'>τδ</span> <span class='ocrx_word' id='word_1_55' title='bbox 524 1072 561 1149; x_wconf 80' lang='grc' dir='ltr'>μὴ</span> <span class='ocrx_word' id='word_1_56' title='bbox 578 1076 666 1141; x_wconf 83' lang='grc' dir='ltr'>πάσας</span> <span class='ocrx_word' id='word_1_57' title='bbox 681 1074 760 1133; x_wconf 86' lang='grc' dir='ltr'>αδτδν</span> <span class='ocrx_word' id='word_1_58' title='bbox 776 1075 824 1143; x_wconf 83' lang='grc' dir='ltr'>τάς</span> <span class='ocrx_word' id='word_1_59' title='bbox 840 1075 949 1152; x_wconf 79' lang='grc' dir='ltr'>βόόλονς</span> 
     </span>
     <span class='ocr_line' id='line_1_10' title="bbox 170 1163 950 1244; baseline 0 -20"><span class='ocrx_word' id='word_1_60' title='bbox 170 1167 313 1244; x_wconf 90' lang='grc' dir='ltr'>πρίασθαι,</span> <span class='ocrx_word' id='word_1_61' title='bbox 348 1163 489 1220; x_wconf 75' lang='grc' dir='ltr'>ἐκέλευσαν</span> <span class='ocrx_word' id='word_1_62' title='bbox 513 1163 700 1242; x_wconf 72' lang='grc' dir='ltr'>ἀπαριθμῆσαι</span> <span class='ocrx_word' id='word_1_63' title='bbox 716 1167 760 1244; x_wconf 83' lang='grc' dir='ltr'>τῇ</span> <span class='ocrx_word' id='word_1_64' title='bbox 783 1165 889 1242; x_wconf 83' lang='grc' dir='ltr'>γυναικί</span> <span class='ocrx_word' id='word_1_65' title='bbox 919 1164 950 1225; x_wconf 88' lang='grc' dir='ltr'>τδ</span> 
     </span>
    </p>
   </div>
   <div class='ocr_carea' id='block_1_3' title="bbox 9 1249 949 1339">
    <p class='ocr_par' dir='ltr' id='par_1_3' title="bbox 9 1249 949 1339">
     <span class='ocr_line' id='line_1_11' title="bbox 9 1249 949 1339; baseline -0.012 -22"><span class='ocrx_word' id='word_1_66' title='bbox 9 1266 31 1339; x_wconf 22' lang='grc' dir='ltr'>γ’</span> <span class='ocrx_word' id='word_1_67' title='bbox 111 1292 142 1330; x_wconf 68' lang='lat'><strong>„0</strong></span> <span class='ocrx_word' id='word_1_68' title='bbox 168 1253 276 1335; x_wconf 78' lang='grc' dir='ltr'>χρυσίον</span> <span class='ocrx_word' id='word_1_69' title='bbox 295 1251 355 1310; x_wconf 82' lang='grc' dir='ltr'>δσον</span> <span class='ocrx_word' id='word_1_70' title='bbox 370 1251 428 1331; x_wconf 77' lang='grc' dir='ltr'>ᾔτει</span> <span class='ocrx_word' id='word_1_71' title='bbox 455 1251 500 1308; x_wconf 85' lang='grc' dir='ltr'>καλ</span> <span class='ocrx_word' id='word_1_72' title='bbox 520 1249 579 1317; x_wconf 80' lang='grc' dir='ltr'>τοῦς</span> <span class='ocrx_word' id='word_1_73' title='bbox 592 1251 729 1330; x_wconf 85' lang='grc' dir='ltr'>περιόντας</span> <span class='ocrx_word' id='word_1_74' title='bbox 753 1255 804 1310; x_wconf 90' lang='grc' dir='ltr'>τῶν</span> <span class='ocrx_word' id='word_1_75' title='bbox 818 1256 949 1331; x_wconf 83' lang='grc' dir='ltr'>χρησμῶν</span> 
     </span>
    </p>
   </div>
   <div class='ocr_carea' id='block_1_4' title="bbox 97 1330 949 5235">
    <p class='ocr_par' dir='ltr' id='par_1_4' title="bbox 97 1330 949 4796">
     <span class='ocr_line' id='line_1_12' title="bbox 169 1330 948 1419; baseline -0.001 -18"><span class='ocrx_word' id='word_1_76' title='bbox 169 1341 272 1401; x_wconf 73' lang='grc' dir='ltr'>λαθεῖν.</span> <span class='ocrx_word' id='word_1_77' title='bbox 316 1340 351 1401; x_wconf 85' lang='grc' dir='ltr'><strong>Ἡ</strong></span> <span class='ocrx_word' id='word_1_78' title='bbox 368 1339 416 1418; x_wconf 71' lang='grc' dir='ltr'>μέν</span> <span class='ocrx_word' id='word_1_79' title='bbox 444 1330 488 1397; x_wconf 82' lang='grc' dir='ltr'>οῦν</span> <span class='ocrx_word' id='word_1_80' title='bbox 503 1338 568 1419; x_wconf 73' lang='grc' dir='ltr'>γυνὴ</span> <span class='ocrx_word' id='word_1_81' title='bbox 591 1339 638 1405; x_wconf 82' lang='grc' dir='ltr'>τδς</span> <span class='ocrx_word' id='word_1_82' title='bbox 666 1339 779 1418; x_wconf 82' lang='grc' dir='ltr'>βόόλους</span> <span class='ocrx_word' id='word_1_83' title='bbox 800 1343 880 1401; x_wconf 83' lang='grc' dir='ltr'>δοῦσα</span> <span class='ocrx_word' id='word_1_84' title='bbox 903 1340 948 1400; x_wconf 78' lang='grc' dir='ltr'>καί</span> 
     </span>
     <span class='ocr_line' id='line_1_13' title="bbox 169 1427 946 1512; baseline 0 -23"><span class='ocrx_word' id='word_1_85' title='bbox 169 1431 294 1512; x_wconf 79' lang='grc' dir='ltr'>φράσασα</span> <span class='ocrx_word' id='word_1_86' title='bbox 319 1437 407 1507; x_wconf 88' lang='grc' dir='ltr'>τηρεῖν</span> <span class='ocrx_word' id='word_1_87' title='bbox 432 1430 562 1503; x_wconf 82' lang='grc' dir='ltr'>ίπιμελῶς</span> <span class='ocrx_word' id='word_1_88' title='bbox 587 1427 614 1497; x_wconf 72' lang='grc' dir='ltr'>ἐξ</span> <span class='ocrx_word' id='word_1_89' title='bbox 636 1428 780 1509; x_wconf 81' lang='grc' dir='ltr'>ἀνθρώποιο</span> <span class='ocrx_word' id='word_1_90' title='bbox 801 1431 946 1506; x_wconf 72' lang='grc' dir='ltr'>ἠφανίσθη·</span> 
     </span>
     <span class='ocr_line' id='line_1_14' title="bbox 168 1517 948 1601; baseline 0.006 -25"><span class='ocrx_word' id='word_1_91' title='bbox 168 1517 315 1597; x_wconf 77' lang='grc' dir='ltr'>Ταρκύνιος</span> <span class='ocrx_word' id='word_1_92' title='bbox 330 1518 358 1575; x_wconf 81' lang='grc' dir='ltr'>δὲ</span> <span class='ocrx_word' id='word_1_93' title='bbox 374 1520 426 1575; x_wconf 89' lang='grc' dir='ltr'>τῶν</span> <span class='ocrx_word' id='word_1_94' title='bbox 450 1519 537 1576; x_wconf 83' lang='grc' dir='ltr'>ἀστῶν</span> <span class='ocrx_word' id='word_1_95' title='bbox 554 1517 649 1597; x_wconf 85' lang='grc' dir='ltr'>ἄνδρας</span> <span class='ocrx_word' id='word_1_96' title='bbox 665 1520 798 1600; x_wconf 76' lang='grc' dir='ltr'>ἐπιφανεῖς</span> <span class='ocrx_word' id='word_1_97' title='bbox 818 1521 862 1580; x_wconf 86' lang='grc' dir='ltr'>δόο</span> <span class='ocrx_word' id='word_1_98' title='bbox 876 1544 948 1601; x_wconf 85' lang='grc' dir='ltr'>προ-</span> 
     </span>
     <span class='ocr_line' id='line_1_15' title="bbox 169 1605 949 1688; baseline 0.005 -24"><span class='ocrx_word' id='word_1_99' title='bbox 169 1607 363 1686; x_wconf 77' lang='grc' dir='ltr'>χειρισάμενος,</span> <span class='ocrx_word' id='word_1_100' title='bbox 388 1605 433 1663; x_wconf 84' lang='grc' dir='ltr'>καί</span> <span class='ocrx_word' id='word_1_101' title='bbox 459 1606 600 1680; x_wconf 82' lang='grc' dir='ltr'>δημοσίους</span> <span class='ocrx_word' id='word_1_102' title='bbox 617 1608 704 1673; x_wconf 88' lang='grc' dir='ltr'>αὐτοῖς</span> <span class='ocrx_word' id='word_1_103' title='bbox 727 1611 888 1688; x_wconf 88' lang='grc' dir='ltr'>θεράποντας</span> <span class='ocrx_word' id='word_1_104' title='bbox 902 1608 949 1669; x_wconf 77' lang='grc' dir='ltr'>δύο</span> 
     </span>
     <span class='ocr_line' id='line_1_16' title="bbox 116 1693 949 1782; baseline 0.007 -30"><span class='ocrx_word' id='word_1_105' title='bbox 116 1720 141 1759; x_wconf 74' lang='grc' dir='ltr'>ιο</span> <span class='ocrx_word' id='word_1_106' title='bbox 169 1695 350 1775; x_wconf 78' lang='grc' dir='ltr'>παραζεύξας,</span> <span class='ocrx_word' id='word_1_107' title='bbox 369 1693 475 1762; x_wconf 78' lang='grc' dir='ltr'>ἐκείνοις</span> <span class='ocrx_word' id='word_1_108' title='bbox 491 1695 614 1754; x_wconf 83' lang='grc' dir='ltr'>ἀπέδωκε</span> <span class='ocrx_word' id='word_1_109' title='bbox 626 1694 675 1767; x_wconf 80' lang='grc' dir='ltr'>τὴν</span> <span class='ocrx_word' id='word_1_110' title='bbox 694 1699 747 1756; x_wconf 89' lang='grc' dir='ltr'>τῶν</span> <span class='ocrx_word' id='word_1_111' title='bbox 769 1696 880 1776; x_wconf 79' lang='grc' dir='ltr'>βιόλίων</span> <span class='ocrx_word' id='word_1_112' title='bbox 897 1722 949 1782; x_wconf 88' lang='grc' dir='ltr'>φυ-</span> 
     </span>
     <span class='ocr_line' id='line_1_17' title="bbox 168 1774 948 1864; baseline 0.005 -22"><span class='ocrx_word' id='word_1_113' title='bbox 168 1783 265 1856; x_wconf 71' lang='grc' dir='ltr'>λακήν.</span> <span class='ocrx_word' id='word_1_114' title='bbox 309 1774 363 1842; x_wconf 79' lang='grc' dir='ltr'>Ὧν</span> <span class='ocrx_word' id='word_1_115' title='bbox 377 1782 422 1842; x_wconf 90' lang='grc' dir='ltr'>τδν</span> <span class='ocrx_word' id='word_1_116' title='bbox 440 1783 527 1863; x_wconf 72' lang='grc' dir='ltr'>ἕτερον</span> <span class='ocrx_word' id='word_1_117' title='bbox 543 1782 653 1864; x_wconf 87' lang='grc' dir='ltr'>Μάρκον</span> <span class='ocrx_word' id='word_1_118' title='bbox 669 1785 781 1844; x_wconf 82' lang='grc' dir='ltr'>Ἀτίλιον</span> <span class='ocrx_word' id='word_1_119' title='bbox 801 1787 899 1846; x_wconf 83' lang='grc' dir='ltr'>ἀδικεῖν</span> <span class='ocrx_word' id='word_1_120' title='bbox 922 1812 948 1846; x_wconf 96' lang='grc' dir='ltr'>τι</span> 
     </span>
     <span class='ocr_line' id='line_1_18' title="bbox 169 1873 947 1955; baseline 0.004 -22"><span class='ocrx_word' id='word_1_121' title='bbox 169 1874 277 1944; x_wconf 78' lang='grc' dir='ltr'>δόξαντα</span> <span class='ocrx_word' id='word_1_122' title='bbox 294 1874 355 1954; x_wconf 84' lang='grc' dir='ltr'>περὶ</span> <span class='ocrx_word' id='word_1_123' title='bbox 368 1873 417 1944; x_wconf 68' lang='grc' dir='ltr'>τὴν</span> <span class='ocrx_word' id='word_1_124' title='bbox 431 1874 536 1946; x_wconf 92' lang='grc' dir='ltr'>πίστιν,</span> <span class='ocrx_word' id='word_1_125' title='bbox 549 1873 595 1933; x_wconf 79' lang='grc' dir='ltr'>καὶ</span> <span class='ocrx_word' id='word_1_126' title='bbox 608 1874 748 1951; x_wconf 81' lang='grc' dir='ltr'>μηνυθένθ’</span> <span class='ocrx_word' id='word_1_127' title='bbox 762 1875 806 1955; x_wconf 80' lang='grc' dir='ltr'>ὑφ’</span> <span class='ocrx_word' id='word_1_128' title='bbox 817 1877 872 1945; x_wconf 80' lang='grc' dir='ltr'>ένδς</span> <span class='ocrx_word' id='word_1_129' title='bbox 895 1880 947 1936; x_wconf 86' lang='grc' dir='ltr'>τῶν</span> 
     </span>
     <span class='ocr_line' id='line_1_19' title="bbox 170 1963 946 2044; baseline 0 -22"><span class='ocrx_word' id='word_1_130' title='bbox 170 1964 304 2040; x_wconf 85' lang='grc' dir='ltr'>δημοσίων</span> <span class='ocrx_word' id='word_1_131' title='bbox 320 1966 355 2030; x_wconf 86' lang='grc' dir='ltr'>ῶς</span> <span class='ocrx_word' id='word_1_132' title='bbox 372 1963 563 2043; x_wconf 82' lang='grc' dir='ltr'>πατροκτόνον,</span> <span class='ocrx_word' id='word_1_133' title='bbox 579 1966 616 2031; x_wconf 86' lang='grc' dir='ltr'>εἰς</span> <span class='ocrx_word' id='word_1_134' title='bbox 637 1963 717 2023; x_wconf 82' lang='grc' dir='ltr'>ἀσκὸν</span> <span class='ocrx_word' id='word_1_135' title='bbox 733 1965 848 2043; x_wconf 79' lang='grc' dir='ltr'>ἐνράψας</span> <span class='ocrx_word' id='word_1_136' title='bbox 864 1965 946 2044; x_wconf 88' lang='grc' dir='ltr'>βόειον</span> 
     </span>
     <span class='ocr_line' id='line_1_20' title="bbox 170 2051 947 2137; baseline -0.004 -23"><span class='ocrx_word' id='word_1_137' title='bbox 170 2056 273 2137; x_wconf 76' lang='grc' dir='ltr'>ἔρριψεν</span> <span class='ocrx_word' id='word_1_138' title='bbox 296 2056 332 2121; x_wconf 81' lang='grc' dir='ltr'>είς</span> <span class='ocrx_word' id='word_1_139' title='bbox 345 2053 376 2113; x_wconf 92' lang='grc' dir='ltr'>τδ</span> <span class='ocrx_word' id='word_1_140' title='bbox 398 2056 523 2133; x_wconf 87' lang='grc' dir='ltr'>πέλαγος.</span> <span class='ocrx_word' id='word_1_141' title='bbox 568 2052 645 2114; x_wconf 79' lang='grc' dir='ltr'>Μετά</span> <span class='ocrx_word' id='word_1_142' title='bbox 659 2053 687 2112; x_wconf 80' lang='grc' dir='ltr'>δέ</span> <span class='ocrx_word' id='word_1_143' title='bbox 702 2051 750 2125; x_wconf 72' lang='grc' dir='ltr'>τὴν</span> <span class='ocrx_word' id='word_1_144' title='bbox 764 2051 877 2125; x_wconf 77' lang='grc' dir='ltr'>έκόολὴν</span> <span class='ocrx_word' id='word_1_145' title='bbox 895 2058 947 2113; x_wconf 89' lang='grc' dir='ltr'>τῶν</span> 
     </span>
     <span class='ocr_line' id='line_1_21' title="bbox 115 2140 948 2224; baseline 0 -22"><span class='ocrx_word' id='word_1_146' title='bbox 115 2163 144 2202; x_wconf 77' lang='lat' dir='ltr'>no</span> <span class='ocrx_word' id='word_1_147' title='bbox 171 2144 353 2224; x_wconf 77' lang='grc' dir='ltr'>βασιλέων,ἡ</span> <span class='ocrx_word' id='word_1_148' title='bbox 377 2144 452 2207; x_wconf 86' lang='grc' dir='ltr'>πόλις</span> <span class='ocrx_word' id='word_1_149' title='bbox 481 2141 650 2202; x_wconf 79' lang='grc' dir='ltr'>ἀναλαόοῦσα</span> <span class='ocrx_word' id='word_1_150' title='bbox 674 2140 795 2214; x_wconf 79' lang='grc' dir='ltr'>τὴντῶν</span> <span class='ocrx_word' id='word_1_151' title='bbox 817 2146 948 2224; x_wconf 82' lang='grc' dir='ltr'>χρησμῶν</span> 
     </span>
     <span class='ocr_line' id='line_1_22' title="bbox 170 2229 948 2312; baseline -0.004 -19"><span class='ocrx_word' id='word_1_152' title='bbox 170 2231 351 2312; x_wconf 85' lang='grc' dir='ltr'>προστασίαν,</span> <span class='ocrx_word' id='word_1_153' title='bbox 376 2230 472 2311; x_wconf 86' lang='grc' dir='ltr'>ἀνδρας</span> <span class='ocrx_word' id='word_1_154' title='bbox 499 2253 529 2290; x_wconf 87' lang='grc' dir='ltr'>τε</span> <span class='ocrx_word' id='word_1_155' title='bbox 554 2229 613 2296; x_wconf 84' lang='grc' dir='ltr'>τοδς</span> <span class='ocrx_word' id='word_1_156' title='bbox 635 2229 858 2307; x_wconf 72' lang='grc' dir='ltr'>ἐπιφανεστάτους</span> <span class='ocrx_word' id='word_1_157' title='bbox 881 2235 948 2290; x_wconf 74' lang='grc' dir='ltr'>ἀπο</span> 
     </span>
     <span class='ocr_line' id='line_1_23' title="bbox 150 2310 948 2400; baseline -0.001 -20"><span class='ocrx_word' id='word_1_158' title='bbox 150 2310 153 2316; x_wconf 36' lang='lat'><em>*</em></span> <span class='ocrx_word' id='word_1_159' title='bbox 169 2322 299 2381; x_wconf 88' lang='grc' dir='ltr'>δείκνυσιν</span> <span class='ocrx_word' id='word_1_160' title='bbox 319 2321 407 2377; x_wconf 85' lang='grc' dir='ltr'>αὐτῶν</span> <span class='ocrx_word' id='word_1_161' title='bbox 422 2320 555 2399; x_wconf 78' lang='grc' dir='ltr'>φύλακας,</span> <span class='ocrx_word' id='word_1_162' title='bbox 569 2317 595 2378; x_wconf 77' lang='lat' dir='ltr'><strong>oi</strong></span> <span class='ocrx_word' id='word_1_163' title='bbox 605 2319 649 2377; x_wconf 82' lang='grc' dir='ltr'>διίι</span> <span class='ocrx_word' id='word_1_164' title='bbox 664 2318 722 2398; x_wconf 85' lang='grc' dir='ltr'>βίον</span> <span class='ocrx_word' id='word_1_165' title='bbox 736 2319 836 2391; x_wconf 85' lang='grc' dir='ltr'>ταύτην</span> <span class='ocrx_word' id='word_1_166' title='bbox 857 2320 948 2400; x_wconf 75' lang='grc' dir='ltr'>έχουσι</span> 
     </span>
     <span class='ocr_line' id='line_1_24' title="bbox 168 2407 947 2488; baseline 0.003 -22"><span class='ocrx_word' id='word_1_167' title='bbox 168 2409 215 2479; x_wconf 79' lang='grc' dir='ltr'>τὴν</span> <span class='ocrx_word' id='word_1_168' title='bbox 227 2407 391 2483; x_wconf 79' lang='grc' dir='ltr'>ἐπιμέλειαν,</span> <span class='ocrx_word' id='word_1_169' title='bbox 407 2410 551 2485; x_wconf 81' lang='grc' dir='ltr'>στρατειῶν</span> <span class='ocrx_word' id='word_1_170' title='bbox 575 2407 712 2488; x_wconf 85' lang='grc' dir='ltr'>ἀφειμένοι</span> <span class='ocrx_word' id='word_1_171' title='bbox 726 2408 773 2467; x_wconf 82' lang='grc' dir='ltr'>καί</span> <span class='ocrx_word' id='word_1_172' title='bbox 787 2412 839 2468; x_wconf 90' lang='grc' dir='ltr'>τῶν</span> <span class='ocrx_word' id='word_1_173' title='bbox 859 2409 947 2469; x_wconf 86' lang='grc' dir='ltr'>ἀλλων</span> 
     </span>
     <span class='ocr_line' id='line_1_25' title="bbox 168 2496 948 2574; baseline 0.001 -16"><span class='ocrx_word' id='word_1_174' title='bbox 168 2501 220 2558; x_wconf 84' lang='grc' dir='ltr'>τῶν</span> <span class='ocrx_word' id='word_1_175' title='bbox 236 2497 305 2558; x_wconf 73' lang='grc' dir='ltr'>κατὰ</span> <span class='ocrx_word' id='word_1_176' title='bbox 320 2496 396 2557; x_wconf 86' lang='grc' dir='ltr'>πόλιν</span> <span class='ocrx_word' id='word_1_177' title='bbox 416 2501 623 2574; x_wconf 82' lang='grc' dir='ltr'>πραγματειῶν,</span> <span class='ocrx_word' id='word_1_178' title='bbox 637 2498 684 2557; x_wconf 86' lang='grc' dir='ltr'>καλ</span> <span class='ocrx_word' id='word_1_179' title='bbox 697 2497 838 2573; x_wconf 83' lang='grc' dir='ltr'>δημοσίους</span> <span class='ocrx_word' id='word_1_180' title='bbox 860 2500 948 2566; x_wconf 81' lang='grc' dir='ltr'>αὐτοῖς</span> 
     </span>
     <span class='ocr_line' id='line_1_26' title="bbox 112 2578 947 2669; baseline -0.002 -20"><span class='ocrx_word' id='word_1_181' title='bbox 112 2608 140 2649; x_wconf 72' lang='lat' dir='ltr'>ss</span> <span class='ocrx_word' id='word_1_182' title='bbox 167 2590 410 2669; x_wconf 81' lang='grc' dir='ltr'>παρακαθίστησιν,</span> <span class='ocrx_word' id='word_1_183' title='bbox 436 2578 473 2645; x_wconf 79' lang='grc' dir='ltr'>ῶν</span> <span class='ocrx_word' id='word_1_184' title='bbox 495 2588 577 2666; x_wconf 86' lang='grc' dir='ltr'>χωρίς</span> <span class='ocrx_word' id='word_1_185' title='bbox 590 2589 637 2647; x_wconf 83' lang='grc' dir='ltr'>οῦκ</span> <span class='ocrx_word' id='word_1_186' title='bbox 653 2588 788 2667; x_wconf 77' lang='grc' dir='ltr'>ίπιτρέπει</span> <span class='ocrx_word' id='word_1_187' title='bbox 801 2588 849 2657; x_wconf 73' lang='grc' dir='ltr'>τὰς</span> <span class='ocrx_word' id='word_1_188' title='bbox 872 2592 947 2648; x_wconf 82' lang='grc' dir='ltr'>ἑπισ-</span> 
     </span>
     <span class='ocr_line' id='line_1_27' title="bbox 166 2672 948 2760; baseline 0.003 -24"><span class='ocrx_word' id='word_1_189' title='bbox 166 2676 253 2760; x_wconf 68' lang='lat' dir='ltr'><strong>siper&lt;</strong></span> <span class='ocrx_word' id='word_1_190' title='bbox 269 2682 321 2736; x_wconf 83' lang='grc' dir='ltr'>τῶν</span> <span class='ocrx_word' id='word_1_191' title='bbox 342 2679 473 2756; x_wconf 77' lang='grc' dir='ltr'>χρησμῶν</span> <span class='ocrx_word' id='word_1_192' title='bbox 486 2672 540 2743; x_wconf 83' lang='grc' dir='ltr'>τοῖς</span> <span class='ocrx_word' id='word_1_193' title='bbox 558 2676 669 2756; x_wconf 87' lang='grc' dir='ltr'>ἀνδράσι</span> <span class='ocrx_word' id='word_1_194' title='bbox 682 2680 826 2740; x_wconf 85' lang='grc' dir='ltr'>ποιεῖσθαι.</span> <span class='ocrx_word' id='word_1_195' title='bbox 870 2680 948 2738; x_wconf 85' lang='grc' dir='ltr'>Συνε-</span> 
     </span>
     <span class='ocr_line' id='line_1_28' title="bbox 165 2765 947 2850; baseline 0 -24"><span class='ocrx_word' id='word_1_196' title='bbox 165 2769 237 2826; x_wconf 87' lang='grc' dir='ltr'>λόντι</span> <span class='ocrx_word' id='word_1_197' title='bbox 259 2769 399 2838; x_wconf 84' lang='grc' dir='ltr'>δἐἰπεῖν,</span> <span class='ocrx_word' id='word_1_198' title='bbox 423 2765 496 2825; x_wconf 79' lang='grc' dir='ltr'>οὐδὲν</span> <span class='ocrx_word' id='word_1_199' title='bbox 519 2765 588 2825; x_wconf 71' lang='grc' dir='ltr'>οὕτω</span> <span class='ocrx_word' id='word_1_200' title='bbox 611 2765 744 2840; x_wconf 85' lang='grc' dir='ltr'>Ῥωμαῖοι</span> <span class='ocrx_word' id='word_1_201' title='bbox 771 2766 947 2850; x_wconf 86' lang='grc' dir='ltr'>φυλάττουσιν</span> 
     </span>
     <span class='ocr_line' id='line_1_29' title="bbox 165 2852 946 2935; baseline 0.001 -22"><span class='ocrx_word' id='word_1_202' title='bbox 165 2853 218 2914; x_wconf 82' lang='grc' dir='ltr'>οὔθ’</span> <span class='ocrx_word' id='word_1_203' title='bbox 251 2852 321 2913; x_wconf 88' lang='grc' dir='ltr'>όσιον</span> <span class='ocrx_word' id='word_1_204' title='bbox 354 2857 443 2930; x_wconf 79' lang='grc' dir='ltr'>κτῆμα</span> <span class='ocrx_word' id='word_1_205' title='bbox 479 2852 533 2914; x_wconf 81' lang='grc' dir='ltr'>οὔθ’</span> <span class='ocrx_word' id='word_1_206' title='bbox 564 2854 648 2935; x_wconf 78' lang='grc' dir='ltr'>ἱερὸν,</span> <span class='ocrx_word' id='word_1_207' title='bbox 675 2857 710 2922; x_wconf 85' lang='grc' dir='ltr'>ῶς</span> <span class='ocrx_word' id='word_1_208' title='bbox 736 2853 771 2913; x_wconf 76' lang='lat' dir='ltr'>od</span> <span class='ocrx_word' id='word_1_209' title='bbox 800 2853 946 2914; x_wconf 79' lang='grc' dir='ltr'>Σιόόλλεια</span> 
     </span>
     <span class='ocr_line' id='line_1_30' title="bbox 165 2940 945 3024; baseline -0.001 -23"><span class='ocrx_word' id='word_1_210' title='bbox 165 2942 295 3021; x_wconf 90' lang='grc' dir='ltr'>θέσφατα.</span> <span class='ocrx_word' id='word_1_211' title='bbox 339 2943 465 3020; x_wconf 87' lang='grc' dir='ltr'>Χρῶνται</span> <span class='ocrx_word' id='word_1_212' title='bbox 487 2942 511 3000; x_wconf 92' lang='grc' dir='ltr'>δ’</span> <span class='ocrx_word' id='word_1_213' title='bbox 531 2943 629 3014; x_wconf 76' lang='grc' dir='ltr'>αὐτοῖς,</span> <span class='ocrx_word' id='word_1_214' title='bbox 644 2940 707 3001; x_wconf 84' lang='grc' dir='ltr'>όταν</span> <span class='ocrx_word' id='word_1_215' title='bbox 725 2947 743 3013; x_wconf 76' lang='lat' dir='ltr'><strong>l,</strong></span> <span class='ocrx_word' id='word_1_216' title='bbox 760 2943 841 3021; x_wconf 79' lang='grc' dir='ltr'>βουλὴ</span> <span class='ocrx_word' id='word_1_217' title='bbox 863 2945 945 3024; x_wconf 75' lang='grc' dir='ltr'>ψηφί·</span> 
     </span>
     <span class='ocr_line' id='line_1_31' title="bbox 109 3029 945 3103; baseline -0.001 -14"><span class='ocrx_word' id='word_1_218' title='bbox 109 3040 138 3089; x_wconf 68' lang='lat' dir='ltr'>do</span> <span class='ocrx_word' id='word_1_219' title='bbox 164 3052 263 3103; x_wconf 81' lang='grc' dir='ltr'>σηται,</span> <span class='ocrx_word' id='word_1_220' title='bbox 279 3030 397 3097; x_wconf 87' lang='grc' dir='ltr'>στάσεως</span> <span class='ocrx_word' id='word_1_221' title='bbox 411 3029 615 3103; x_wconf 82' lang='grc' dir='ltr'>καταλαόοιίσης</span> <span class='ocrx_word' id='word_1_222' title='bbox 629 3029 677 3102; x_wconf 71' lang='grc' dir='ltr'>τὴν</span> <span class='ocrx_word' id='word_1_223' title='bbox 700 3031 787 3103; x_wconf 78' lang='grc' dir='ltr'>πολιν,</span> <span class='ocrx_word' id='word_1_224' title='bbox 805 3029 823 3102; x_wconf 73' lang='grc' dir='ltr'>ἢ</span> <span class='ocrx_word' id='word_1_225' title='bbox 850 3031 945 3089; x_wconf 89' lang='grc' dir='ltr'>δυστυ-</span> 
     </span>
     <span class='ocr_line' id='line_1_32' title="bbox 97 3116 944 3198; baseline -0.001 -21"><span class='ocrx_word' id='word_1_226' title='bbox 97 3133 99 3137; x_wconf 83' lang='grc'>’</span> <span class='ocrx_word' id='word_1_227' title='bbox 163 3121 224 3198; x_wconf 33' lang='grc' dir='ltr'>Ιγ’ίας</span> <span class='ocrx_word' id='word_1_228' title='bbox 249 3119 316 3185; x_wconf 88' lang='grc' dir='ltr'>τινδς</span> <span class='ocrx_word' id='word_1_229' title='bbox 340 3120 456 3197; x_wconf 88' lang='grc' dir='ltr'>μεγάλης</span> <span class='ocrx_word' id='word_1_230' title='bbox 479 3119 665 3196; x_wconf 81' lang='grc' dir='ltr'>συμπεσούσης</span> <span class='ocrx_word' id='word_1_231' title='bbox 689 3116 759 3175; x_wconf 75' lang='grc' dir='ltr'>κατὰ</span> <span class='ocrx_word' id='word_1_232' title='bbox 783 3116 944 3195; x_wconf 78' lang='grc' dir='ltr'>πόλεμον,ἢ</span> 
     </span>
     <span class='ocr_line' id='line_1_33' title="bbox 163 3204 943 3287; baseline 0.001 -24"><span class='ocrx_word' id='word_1_233' title='bbox 163 3208 279 3287; x_wconf 87' lang='grc' dir='ltr'>τεράτων</span> <span class='ocrx_word' id='word_1_234' title='bbox 294 3212 371 3266; x_wconf 88' lang='grc' dir='ltr'>τινῶν</span> <span class='ocrx_word' id='word_1_235' title='bbox 383 3207 428 3264; x_wconf 81' lang='grc' dir='ltr'>καὶ</span> <span class='ocrx_word' id='word_1_236' title='bbox 441 3207 639 3285; x_wconf 84' lang='grc' dir='ltr'>φαντασμάτων</span> <span class='ocrx_word' id='word_1_237' title='bbox 655 3204 777 3283; x_wconf 89' lang='grc' dir='ltr'>μεγάλων</span> <span class='ocrx_word' id='word_1_238' title='bbox 793 3204 838 3262; x_wconf 80' lang='grc' dir='ltr'>καὶ</span> <span class='ocrx_word' id='word_1_239' title='bbox 853 3206 943 3264; x_wconf 83' lang='grc' dir='ltr'>δυσευ-</span> 
     </span>
     <span class='ocr_line' id='line_1_34' title="bbox 165 3285 944 3376; baseline -0.006 -19"><span class='ocrx_word' id='word_1_240' title='bbox 165 3299 245 3376; x_wconf 85' lang='grc' dir='ltr'>ρέτων</span> <span class='ocrx_word' id='word_1_241' title='bbox 260 3299 348 3364; x_wconf 84' lang='grc' dir='ltr'>αὐτοῖς</span> <span class='ocrx_word' id='word_1_242' title='bbox 361 3295 510 3376; x_wconf 80' lang='grc' dir='ltr'>φανέντων,</span> <span class='ocrx_word' id='word_1_243' title='bbox 529 3285 571 3354; x_wconf 77' lang='grc' dir='ltr'>οἶα</span> <span class='ocrx_word' id='word_1_244' title='bbox 587 3295 714 3360; x_wconf 82' lang='grc' dir='ltr'>πολλάκις</span> <span class='ocrx_word' id='word_1_245' title='bbox 727 3292 837 3365; x_wconf 79' lang='grc' dir='ltr'>συνέόη.</span> <span class='ocrx_word' id='word_1_246' title='bbox 883 3286 944 3354; x_wconf 77' lang='grc' dir='ltr'>θῦ-</span> 
     </span>
     <span class='ocr_line' id='line_1_35' title="bbox 164 3385 944 3465; baseline -0.004 -18"><span class='ocrx_word' id='word_1_247' title='bbox 164 3412 203 3447; x_wconf 91' lang='grc' dir='ltr'>τοι</span> <span class='ocrx_word' id='word_1_248' title='bbox 217 3388 349 3464; x_wconf 90' lang='grc' dir='ltr'>διέμειναν</span> <span class='ocrx_word' id='word_1_249' title='bbox 369 3388 392 3443; x_wconf 80' lang='grc' dir='ltr'>οἱ</span> <span class='ocrx_word' id='word_1_250' title='bbox 412 3385 530 3463; x_wconf 75' lang='grc' dir='ltr'>χρησμοί</span> <span class='ocrx_word' id='word_1_251' title='bbox 551 3385 632 3465; x_wconf 77' lang='grc' dir='ltr'>μέχρι</span> <span class='ocrx_word' id='word_1_252' title='bbox 654 3389 699 3443; x_wconf 88' lang='grc' dir='ltr'>τοῦ</span> <span class='ocrx_word' id='word_1_253' title='bbox 718 3386 860 3462; x_wconf 78' lang='grc' dir='ltr'>Μαρσικοῦ</span> <span class='ocrx_word' id='word_1_254' title='bbox 877 3388 944 3458; x_wconf 87' lang='grc' dir='ltr'>κλη-</span> 
     </span>
     <span class='ocr_line' id='line_1_36' title="bbox 111 3473 945 3553; baseline -0.004 -17"><span class='ocrx_word' id='word_1_255' title='bbox 111 3508 137 3547; x_wconf 72' lang='lat'>35</span> <span class='ocrx_word' id='word_1_256' title='bbox 164 3477 248 3543; x_wconf 82' lang='grc' dir='ltr'>θέντος</span> <span class='ocrx_word' id='word_1_257' title='bbox 271 3477 389 3551; x_wconf 82' lang='grc' dir='ltr'>πολέμου</span> <span class='ocrx_word' id='word_1_258' title='bbox 405 3475 520 3551; x_wconf 89' lang='grc' dir='ltr'>κείμενοι</span> <span class='ocrx_word' id='word_1_259' title='bbox 541 3474 613 3532; x_wconf 83' lang='grc' dir='ltr'>κατά</span> <span class='ocrx_word' id='word_1_260' title='bbox 630 3478 694 3549; x_wconf 80' lang='grc' dir='ltr'>γῆς,</span> <span class='ocrx_word' id='word_1_261' title='bbox 711 3473 738 3530; x_wconf 84' lang='grc' dir='ltr'>έν</span> <span class='ocrx_word' id='word_1_262' title='bbox 754 3475 792 3551; x_wconf 83' lang='grc' dir='ltr'>τῷ</span> <span class='ocrx_word' id='word_1_263' title='bbox 821 3476 877 3553; x_wconf 84' lang='grc' dir='ltr'>ναῷ</span> <span class='ocrx_word' id='word_1_264' title='bbox 899 3480 945 3534; x_wconf 92' lang='grc' dir='ltr'>τοῦ</span> 
     </span>
     <span class='ocr_line' id='line_1_37' title="bbox 166 3562 944 3642; baseline -0.003 -19"><span class='ocrx_word' id='word_1_265' title='bbox 166 3566 348 3623; x_wconf 86' lang='grc' dir='ltr'>Καπιτωλίνου</span> <span class='ocrx_word' id='word_1_266' title='bbox 359 3563 420 3628; x_wconf 84' lang='grc' dir='ltr'>Διὸς</span> <span class='ocrx_word' id='word_1_267' title='bbox 432 3565 458 3622; x_wconf 81' lang='grc' dir='ltr'>έν</span> <span class='ocrx_word' id='word_1_268' title='bbox 471 3563 557 3642; x_wconf 83' lang='grc' dir='ltr'>λιθίνη</span> <span class='ocrx_word' id='word_1_269' title='bbox 571 3562 698 3641; x_wconf 89' lang='grc' dir='ltr'>λάρνακι,</span> <span class='ocrx_word' id='word_1_270' title='bbox 708 3564 753 3619; x_wconf 73' lang='grc' dir='ltr'>ὑπ’</span> <span class='ocrx_word' id='word_1_271' title='bbox 766 3564 870 3640; x_wconf 87' lang='grc' dir='ltr'>ἀνδρῶν</span> <span class='ocrx_word' id='word_1_272' title='bbox 880 3563 944 3621; x_wconf 88' lang='grc' dir='ltr'>δέκα</span> 
     </span>
     <span class='ocr_line' id='line_1_38' title="bbox 164 3650 944 3731; baseline 0.001 -20"><span class='ocrx_word' id='word_1_273' title='bbox 164 3653 365 3731; x_wconf 85' lang='grc' dir='ltr'>φυλαττόμενοι.</span> <span class='ocrx_word' id='word_1_274' title='bbox 410 3650 488 3711; x_wconf 85' lang='grc' dir='ltr'>Μετά</span> <span class='ocrx_word' id='word_1_275' title='bbox 511 3653 539 3712; x_wconf 78' lang='grc' dir='ltr'>δέ</span> <span class='ocrx_word' id='word_1_276' title='bbox 554 3652 602 3722; x_wconf 72' lang='grc' dir='ltr'>τὴν</span> <span class='ocrx_word' id='word_1_277' title='bbox 617 3650 708 3731; x_wconf 89' lang='grc' dir='ltr'>τρίτην</span> <span class='ocrx_word' id='word_1_278' title='bbox 724 3650 768 3710; x_wconf 81' lang='grc' dir='ltr'>ἐπί</span> <span class='ocrx_word' id='word_1_279' title='bbox 789 3652 845 3719; x_wconf 86' lang='grc' dir='ltr'>ταῖς</span> <span class='ocrx_word' id='word_1_280' title='bbox 866 3651 944 3712; x_wconf 73' lang='lat' dir='ltr'><strong>ttio-</strong></span> 
     </span>
     <span class='ocr_line' id='line_1_39' title="bbox 165 3740 945 3819; baseline -0.001 -20"><span class='ocrx_word' id='word_1_281' title='bbox 165 3742 283 3815; x_wconf 76' lang='grc' dir='ltr'>μήκοντα</span> <span class='ocrx_word' id='word_1_282' title='bbox 310 3741 356 3799; x_wconf 83' lang='grc' dir='ltr'>καί</span> <span class='ocrx_word' id='word_1_283' title='bbox 382 3740 474 3799; x_wconf 83' lang='grc' dir='ltr'>ἓκατδν</span> <span class='ocrx_word' id='word_1_284' title='bbox 498 3741 659 3818; x_wconf 80' lang='grc' dir='ltr'>ὀλυμπιάσιν</span> <span class='ocrx_word' id='word_1_285' title='bbox 687 3740 882 3819; x_wconf 80' lang='grc' dir='ltr'>ἐμπρησθέντος</span> <span class='ocrx_word' id='word_1_286' title='bbox 899 3745 945 3800; x_wconf 88' lang='grc' dir='ltr'>τοῦ</span> 
     </span>
     <span class='ocr_line' id='line_1_40' title="bbox 164 3826 947 3903; baseline 0.004 -19"><span class='ocrx_word' id='word_1_287' title='bbox 164 3837 243 3901; x_wconf 86' lang='grc' dir='ltr'>ναοῦ,</span> <span class='ocrx_word' id='word_1_288' title='bbox 267 3832 314 3889; x_wconf 78' lang='grc' dir='ltr'>εἴτ’</span> <span class='ocrx_word' id='word_1_289' title='bbox 331 3831 356 3897; x_wconf 81' lang='grc' dir='ltr'>ἐξ</span> <span class='ocrx_word' id='word_1_290' title='bbox 379 3828 539 3903; x_wconf 79' lang='grc' dir='ltr'>ἐπιόουλῆς,</span> <span class='ocrx_word' id='word_1_291' title='bbox 563 3831 599 3894; x_wconf 85' lang='grc' dir='ltr'>ῶς</span> <span class='ocrx_word' id='word_1_292' title='bbox 625 3827 725 3886; x_wconf 77' lang='grc' dir='ltr'>οἴονταί</span> <span class='ocrx_word' id='word_1_293' title='bbox 746 3850 828 3897; x_wconf 89' lang='grc' dir='ltr'>τινες,</span> <span class='ocrx_word' id='word_1_294' title='bbox 847 3826 896 3886; x_wconf 80' lang='grc' dir='ltr'>εἶτ’</span> <span class='ocrx_word' id='word_1_295' title='bbox 917 3830 947 3887; x_wconf 82' lang='grc' dir='ltr'>ίκ</span> 
     </span>
     <span class='ocr_line' id='line_1_41' title="bbox 110 3916 946 3993; baseline 0.002 -21"><span class='ocrx_word' id='word_1_296' title='bbox 110 3946 137 3984; x_wconf 79' lang='lat' dir='ltr'>to</span> <span class='ocrx_word' id='word_1_297' title='bbox 165 3918 348 3993; x_wconf 82' lang='grc' dir='ltr'>ταύτομάτου,</span> <span class='ocrx_word' id='word_1_298' title='bbox 364 3917 410 3975; x_wconf 81' lang='grc' dir='ltr'>σῦν</span> <span class='ocrx_word' id='word_1_299' title='bbox 425 3925 478 3983; x_wconf 86' lang='grc' dir='ltr'>τοῖς</span> <span class='ocrx_word' id='word_1_300' title='bbox 495 3917 583 3984; x_wconf 85' lang='grc' dir='ltr'>ἀλλοις</span> <span class='ocrx_word' id='word_1_301' title='bbox 596 3916 749 3992; x_wconf 79' lang='grc' dir='ltr'>ἀναθήμασι</span> <span class='ocrx_word' id='word_1_302' title='bbox 764 3920 811 3973; x_wconf 87' lang='grc' dir='ltr'>τοῦ</span> <span class='ocrx_word' id='word_1_303' title='bbox 827 3920 887 3975; x_wconf 82' lang='grc' dir='ltr'>θεοῦ</span> <span class='ocrx_word' id='word_1_304' title='bbox 901 3917 946 3974; x_wconf 86' lang='grc' dir='ltr'>καὶ</span> 
     </span>
     <span class='ocr_line' id='line_1_42' title="bbox 165 3994 946 4084; baseline 0.004 -24"><span class='ocrx_word' id='word_1_305' title='bbox 165 3994 234 4061; x_wconf 81' lang='grc' dir='ltr'>οῦτοι</span> <span class='ocrx_word' id='word_1_306' title='bbox 255 4007 431 4084; x_wconf 84' lang='grc' dir='ltr'>διεφθάρησαν</span> <span class='ocrx_word' id='word_1_307' title='bbox 446 4008 498 4065; x_wconf 84' lang='grc' dir='ltr'>ῦπδ</span> <span class='ocrx_word' id='word_1_308' title='bbox 516 4011 561 4064; x_wconf 91' lang='grc' dir='ltr'>τοῦ</span> <span class='ocrx_word' id='word_1_309' title='bbox 575 4004 665 4084; x_wconf 87' lang='grc' dir='ltr'>πυρός.</span> <span class='ocrx_word' id='word_1_310' title='bbox 711 4005 747 4064; x_wconf 83' lang='grc' dir='ltr'>Οἱ</span> <span class='ocrx_word' id='word_1_311' title='bbox 765 4003 793 4062; x_wconf 78' lang='grc' dir='ltr'>δέ</span> <span class='ocrx_word' id='word_1_312' title='bbox 817 4008 861 4061; x_wconf 84' lang='grc' dir='ltr'>νῦν</span> <span class='ocrx_word' id='word_1_313' title='bbox 875 4003 946 4070; x_wconf 85' lang='grc' dir='ltr'>ὄντες</span> 
     </span>
     <span class='ocr_line' id='line_1_43' title="bbox 165 4091 946 4173; baseline 0 -24"><span class='ocrx_word' id='word_1_314' title='bbox 165 4093 195 4149; x_wconf 80' lang='grc' dir='ltr'>ἐκ</span> <span class='ocrx_word' id='word_1_315' title='bbox 210 4092 316 4150; x_wconf 90' lang='grc' dir='ltr'>πολλῶν</span> <span class='ocrx_word' id='word_1_316' title='bbox 329 4096 380 4151; x_wconf 89' lang='grc' dir='ltr'>είσι</span> <span class='ocrx_word' id='word_1_317' title='bbox 398 4095 560 4173; x_wconf 82' lang='grc' dir='ltr'>συμφορητοὶ</span> <span class='ocrx_word' id='word_1_318' title='bbox 573 4093 677 4157; x_wconf 86' lang='grc' dir='ltr'>τόπων,</span> <span class='ocrx_word' id='word_1_319' title='bbox 693 4094 717 4150; x_wconf 84' lang='grc' dir='ltr'>οἱ</span> <span class='ocrx_word' id='word_1_320' title='bbox 732 4091 781 4168; x_wconf 87' lang='grc' dir='ltr'>μὲν</span> <span class='ocrx_word' id='word_1_321' title='bbox 797 4094 894 4150; x_wconf 81' lang='grc' dir='ltr'>ἐκτῶν</span> <span class='ocrx_word' id='word_1_322' title='bbox 920 4093 946 4149; x_wconf 72' lang='grc' dir='ltr'>ἐν</span> 
     </span>
     <span class='ocr_line' id='line_1_44' title="bbox 165 4179 945 4260; baseline 0 -22"><span class='ocrx_word' id='word_1_323' title='bbox 165 4179 268 4260; x_wconf 75' lang='grc' dir='ltr'>Ἰταλίᾳ</span> <span class='ocrx_word' id='word_1_324' title='bbox 289 4180 389 4238; x_wconf 86' lang='grc' dir='ltr'>πόλεων</span> <span class='ocrx_word' id='word_1_325' title='bbox 405 4184 588 4258; x_wconf 81' lang='grc' dir='ltr'>κομισθέντες,</span> <span class='ocrx_word' id='word_1_326' title='bbox 605 4184 628 4240; x_wconf 85' lang='grc' dir='ltr'>οἱ</span> <span class='ocrx_word' id='word_1_327' title='bbox 650 4180 675 4238; x_wconf 88' lang='grc' dir='ltr'>δ’</span> <span class='ocrx_word' id='word_1_328' title='bbox 692 4179 718 4248; x_wconf 80' lang='grc' dir='ltr'>ἐξ</span> <span class='ocrx_word' id='word_1_329' title='bbox 734 4179 870 4258; x_wconf 87' lang='grc' dir='ltr'>Ἐρυθρῶν</span> <span class='ocrx_word' id='word_1_330' title='bbox 892 4182 945 4238; x_wconf 88' lang='grc' dir='ltr'>τῶν</span> 
     </span>
     <span class='ocr_line' id='line_1_45' title="bbox 166 4265 946 4348; baseline -0.005 -21"><span class='ocrx_word' id='word_1_331' title='bbox 166 4271 192 4329; x_wconf 83' lang='grc' dir='ltr'>έν</span> <span class='ocrx_word' id='word_1_332' title='bbox 206 4266 295 4348; x_wconf 71' lang='grc' dir='ltr'>Ἀσίη,</span> <span class='ocrx_word' id='word_1_333' title='bbox 317 4269 387 4325; x_wconf 71' lang='grc' dir='ltr'>κατὰ</span> <span class='ocrx_word' id='word_1_334' title='bbox 409 4269 494 4346; x_wconf 87' lang='grc' dir='ltr'>δόγμα</span> <span class='ocrx_word' id='word_1_335' title='bbox 523 4272 618 4348; x_wconf 74' lang='grc' dir='ltr'>βουλῆς</span> <span class='ocrx_word' id='word_1_336' title='bbox 642 4271 720 4348; x_wconf 88' lang='grc' dir='ltr'>τριῶν</span> <span class='ocrx_word' id='word_1_337' title='bbox 744 4265 946 4325; x_wconf 87' lang='grc' dir='ltr'>ἀποσταλέντων</span> 
     </span>
     <span class='ocr_line' id='line_1_46' title="bbox 110 4354 947 4437; baseline 0.002 -24"><span class='ocrx_word' id='word_1_338' title='bbox 110 4373 138 4413; x_wconf 76' lang='grc' dir='ltr'>ιο</span> <span class='ocrx_word' id='word_1_339' title='bbox 165 4356 334 4434; x_wconf 83' lang='grc' dir='ltr'>πρεσόευτῶν</span> <span class='ocrx_word' id='word_1_340' title='bbox 349 4356 392 4412; x_wconf 78' lang='grc' dir='ltr'>ἐπί</span> <span class='ocrx_word' id='word_1_341' title='bbox 410 4359 457 4429; x_wconf 79' lang='grc' dir='ltr'>τὴν</span> <span class='ocrx_word' id='word_1_342' title='bbox 474 4357 652 4437; x_wconf 78' lang='grc' dir='ltr'>ἀντιγραφὴν,</span> <span class='ocrx_word' id='word_1_343' title='bbox 672 4359 697 4415; x_wconf 79' lang='grc' dir='ltr'>οἱ</span> <span class='ocrx_word' id='word_1_344' title='bbox 712 4354 737 4414; x_wconf 85' lang='grc' dir='ltr'>δ’</span> <span class='ocrx_word' id='word_1_345' title='bbox 756 4354 782 4422; x_wconf 69' lang='grc' dir='ltr'>ἐξ</span> <span class='ocrx_word' id='word_1_346' title='bbox 797 4355 884 4414; x_wconf 80' lang='grc' dir='ltr'>ἄλλων</span> <span class='ocrx_word' id='word_1_347' title='bbox 898 4355 947 4415; x_wconf 90' lang='grc' dir='ltr'>πό-</span> 
     </span>
     <span class='ocr_line' id='line_1_47' title="bbox 165 4444 946 4525; baseline -0.003 -22"><span class='ocrx_word' id='word_1_348' title='bbox 165 4449 231 4504; x_wconf 92' lang='grc' dir='ltr'>λεων</span> <span class='ocrx_word' id='word_1_349' title='bbox 261 4445 306 4504; x_wconf 85' lang='grc' dir='ltr'>καλ</span> <span class='ocrx_word' id='word_1_350' title='bbox 330 4444 394 4523; x_wconf 84' lang='grc' dir='ltr'>παρ’</span> <span class='ocrx_word' id='word_1_351' title='bbox 420 4449 521 4525; x_wconf 89' lang='grc' dir='ltr'>ἀνδρῶν</span> <span class='ocrx_word' id='word_1_352' title='bbox 545 4448 655 4504; x_wconf 79' lang='grc' dir='ltr'>ἰδιωτῶν</span> <span class='ocrx_word' id='word_1_353' title='bbox 670 4446 895 4524; x_wconf 79' lang='grc' dir='ltr'>μεταγραφέντες·</span> <span class='ocrx_word' id='word_1_354' title='bbox 919 4447 946 4502; x_wconf 84' lang='grc' dir='ltr'>ἐν</span> 
     </span>
     <span class='ocr_line' id='line_1_48' title="bbox 165 4525 944 4613; baseline -0.004 -20"><span class='ocrx_word' id='word_1_355' title='bbox 165 4525 202 4602; x_wconf 69' lang='grc' dir='ltr'>οἷς</span> <span class='ocrx_word' id='word_1_356' title='bbox 215 4535 379 4613; x_wconf 78' lang='grc' dir='ltr'>εὑρίσκονταί</span> <span class='ocrx_word' id='word_1_357' title='bbox 393 4557 459 4600; x_wconf 89' lang='grc' dir='ltr'>τινες</span> <span class='ocrx_word' id='word_1_358' title='bbox 474 4534 684 4611; x_wconf 82' lang='grc' dir='ltr'>ἐμπεποιημένοι</span> <span class='ocrx_word' id='word_1_359' title='bbox 697 4536 751 4599; x_wconf 87' lang='grc' dir='ltr'>τοῖς</span> <span class='ocrx_word' id='word_1_360' title='bbox 770 4532 944 4601; x_wconf 82' lang='grc' dir='ltr'>Σιῦυλλείοις,</span> 
     </span>
     <span class='ocr_line' id='line_1_49' title="bbox 165 4621 945 4705; baseline -0.006 -21"><span class='ocrx_word' id='word_1_361' title='bbox 165 4626 317 4705; x_wconf 74' lang='grc' dir='ltr'>ἐλέγχονται</span> <span class='ocrx_word' id='word_1_362' title='bbox 332 4624 359 4682; x_wconf 72' lang='grc' dir='ltr'>δέ</span> <span class='ocrx_word' id='word_1_363' title='bbox 371 4628 429 4689; x_wconf 80' lang='grc' dir='ltr'>ταῖς</span> <span class='ocrx_word' id='word_1_364' title='bbox 445 4623 622 4699; x_wconf 84' lang='grc' dir='ltr'>καλουμέναις</span> <span class='ocrx_word' id='word_1_365' title='bbox 641 4621 822 4702; x_wconf 75' lang='grc' dir='ltr'>ἀκροστιχίσι·</span> <span class='ocrx_word' id='word_1_366' title='bbox 834 4622 904 4698; x_wconf 89' lang='grc' dir='ltr'>λέγω</span> <span class='ocrx_word' id='word_1_367' title='bbox 918 4622 945 4679; x_wconf 85' lang='grc' dir='ltr'>δὲ</span> 
     </span>
     <span class='ocr_line' id='line_1_50' title="bbox 165 4711 945 4796; baseline -0.005 -24"><span class='ocrx_word' id='word_1_368' title='bbox 165 4715 182 4772; x_wconf 84' lang='grc' dir='ltr'>ἀ</span> <span class='ocrx_word' id='word_1_369' title='bbox 206 4713 344 4796; x_wconf 88' lang='grc' dir='ltr'>Τερέντιος</span> <span class='ocrx_word' id='word_1_370' title='bbox 374 4712 503 4792; x_wconf 79' lang='grc' dir='ltr'>Οὐάρρων</span> <span class='ocrx_word' id='word_1_371' title='bbox 527 4713 675 4792; x_wconf 83' lang='grc' dir='ltr'>ἱστόρηκεν,</span> <span class='ocrx_word' id='word_1_372' title='bbox 697 4713 722 4769; x_wconf 76' lang='grc' dir='ltr'>ἐν</span> <span class='ocrx_word' id='word_1_373' title='bbox 751 4714 784 4789; x_wconf 71' lang='grc' dir='ltr'>τῇ</span> <span class='ocrx_word' id='word_1_374' title='bbox 809 4711 945 4788; x_wconf 81' lang='grc' dir='ltr'>θεολογικῇ</span> 
     </span>
    </p>

    <p class='ocr_par' dir='ltr' id='par_1_5' title="bbox 110 4803 347 4884">
     <span class='ocr_line' id='line_1_51' title="bbox 110 4803 347 4884; baseline 0.021 -26"><span class='ocrx_word' id='word_1_375' title='bbox 110 4815 137 4852; x_wconf 78' lang='lat' dir='ltr'><strong>llll</strong></span> <span class='ocrx_word' id='word_1_376' title='bbox 164 4803 347 4884; x_wconf 70' lang='grc' dir='ltr'>πραγματείᾳ.</span> 
     </span>
    </p>

    <p class='ocr_par' dir='ltr' id='par_1_6' title="bbox 164 4887 946 5235">
     <span class='ocr_line' id='line_1_52' title="bbox 205 4887 945 4971; baseline -0.007 -21"><span class='ocrx_word' id='word_1_377' title='bbox 205 4892 308 4955; x_wconf 84' lang='lat' dir='ltr'><strong>Lxlll.</strong></span> <span class='ocrx_word' id='word_1_378' title='bbox 332 4897 426 4954; x_wconf 82' lang='grc' dir='ltr'>Ταῦτα</span> <span class='ocrx_word' id='word_1_379' title='bbox 442 4888 679 4971; x_wconf 82' lang='grc' dir='ltr'>διαπραξάμενοςθ</span> <span class='ocrx_word' id='word_1_380' title='bbox 698 4887 845 4969; x_wconf 86' lang='grc' dir='ltr'>Ταρκύνιος</span> <span class='ocrx_word' id='word_1_381' title='bbox 865 4890 892 4947; x_wconf 82' lang='grc' dir='ltr'>έν</span> <span class='ocrx_word' id='word_1_382' title='bbox 909 4889 945 4945; x_wconf 84' lang='grc' dir='ltr'>εί-</span> 
     </span>
     <span class='ocr_line' id='line_1_53' title="bbox 167 4975 946 5059; baseline -0.004 -23"><span class='ocrx_word' id='word_1_383' title='bbox 167 4977 231 5056; x_wconf 79' lang='grc' dir='ltr'>ρνίνῃ</span> <span class='ocrx_word' id='word_1_384' title='bbox 247 5003 276 5037; x_wconf 90' lang='grc' dir='ltr'>τε</span> <span class='ocrx_word' id='word_1_385' title='bbox 296 4979 425 5042; x_wconf 75' lang='grc' dir='ltr'>καὶκατὰ</span> <span class='ocrx_word' id='word_1_386' title='bbox 446 4981 594 5059; x_wconf 87' lang='grc' dir='ltr'>πολέμους,</span> <span class='ocrx_word' id='word_1_387' title='bbox 612 4979 657 5039; x_wconf 85' lang='grc' dir='ltr'>καλ</span> <span class='ocrx_word' id='word_1_388' title='bbox 679 4979 725 5037; x_wconf 88' lang='grc' dir='ltr'>δύο</span> <span class='ocrx_word' id='word_1_389' title='bbox 737 4978 826 5043; x_wconf 84' lang='grc' dir='ltr'>πολεις</span> <span class='ocrx_word' id='word_1_390' title='bbox 845 4975 946 5034; x_wconf 86' lang='grc' dir='ltr'>ἀποικί-</span> 
     </span>
     <span class='ocr_line' id='line_1_54' title="bbox 165 5064 944 5145; baseline -0.01 -16"><span class='ocrx_word' id='word_1_391' title='bbox 165 5087 222 5132; x_wconf 75' lang='grc' dir='ltr'>σας,</span> <span class='ocrx_word' id='word_1_392' title='bbox 235 5065 283 5135; x_wconf 84' lang='grc' dir='ltr'>τὴν</span> <span class='ocrx_word' id='word_1_393' title='bbox 296 5067 343 5138; x_wconf 81' lang='grc' dir='ltr'>μέν</span> <span class='ocrx_word' id='word_1_394' title='bbox 353 5068 518 5145; x_wconf 84' lang='grc' dir='ltr'>καλουμένην</span> <span class='ocrx_word' id='word_1_395' title='bbox 530 5067 651 5145; x_wconf 82' lang='grc' dir='ltr'>Σιγνίαν,</span> <span class='ocrx_word' id='word_1_396' title='bbox 666 5069 696 5123; x_wconf 85' lang='grc' dir='ltr'>οὖ</span> <span class='ocrx_word' id='word_1_397' title='bbox 709 5064 778 5124; x_wconf 78' lang='grc' dir='ltr'>κατά</span> <span class='ocrx_word' id='word_1_398' title='bbox 792 5065 944 5143; x_wconf 85' lang='grc' dir='ltr'>προαίρεσιν</span> 
     </span>
     <span class='ocr_line' id='line_1_55' title="bbox 164 5150 944 5235; baseline -0.004 -23"><span class='ocrx_word' id='word_1_399' title='bbox 164 5153 224 5212; x_wconf 84' lang='grc' dir='ltr'>ἀλλ’</span> <span class='ocrx_word' id='word_1_400' title='bbox 240 5155 269 5212; x_wconf 79' lang='grc' dir='ltr'>ἐκ</span> <span class='ocrx_word' id='word_1_401' title='bbox 291 5156 336 5208; x_wconf 89' lang='grc' dir='ltr'>τοῦ</span> <span class='ocrx_word' id='word_1_402' title='bbox 357 5155 505 5230; x_wconf 80' lang='grc' dir='ltr'>αὐτομάτου</span> <span class='ocrx_word' id='word_1_403' title='bbox 512 5199 520 5226; x_wconf 96' lang='grc'>,</span> <span class='ocrx_word' id='word_1_404' title='bbox 541 5153 729 5235; x_wconf 76' lang='grc' dir='ltr'>χειμασάντων</span> <span class='ocrx_word' id='word_1_405' title='bbox 751 5154 778 5211; x_wconf 81' lang='grc' dir='ltr'>έν</span> <span class='ocrx_word' id='word_1_406' title='bbox 801 5155 839 5233; x_wconf 78' lang='grc' dir='ltr'>τῷ</span> <span class='ocrx_word' id='word_1_407' title='bbox 853 5150 944 5231; x_wconf 81' lang='grc' dir='ltr'>χωρίῳ</span> 
     </span>
    </p>
   </div>
   <div class='ocr_carea' id='block_1_5' title="bbox 1002 453 1786 2857">
    <p class='ocr_par' dir='ltr' id='par_1_7' title="bbox 1002 453 1786 2857">
     <span class='ocr_line' id='line_1_56' title="bbox 1003 453 1783 526; baseline 0.01 -21"><span class='ocrx_word' id='word_1_408' title='bbox 1003 454 1112 518; x_wconf 76' lang='lat' dir='ltr'><strong>digressa</strong></span> <span class='ocrx_word' id='word_1_409' title='bbox 1126 454 1253 506; x_wconf 80' lang='lat' dir='ltr'>dimidiam</span> <span class='ocrx_word' id='word_1_410' title='bbox 1267 453 1417 519; x_wconf 82' lang='lat' dir='ltr'><strong>reliquorum</strong></span> <span class='ocrx_word' id='word_1_411' title='bbox 1432 454 1549 508; x_wconf 87' lang='lat' dir='ltr'><strong>librorum</strong></span> <span class='ocrx_word' id='word_1_412' title='bbox 1564 460 1660 523; x_wconf 86' lang='lat' dir='ltr'><strong>partem</strong></span> <span class='ocrx_word' id='word_1_413' title='bbox 1673 462 1783 526; x_wconf 75' lang='lat' dir='ltr'><strong>exussit3</strong></span> 
     </span>
     <span class='ocr_line' id='line_1_57' title="bbox 1003 557 1784 629; baseline 0.006 -21"><span class='ocrx_word' id='word_1_414' title='bbox 1003 560 1028 608; x_wconf 91' lang='lat' dir='ltr'><strong>el</strong></span> <span class='ocrx_word' id='word_1_415' title='bbox 1041 557 1121 608; x_wconf 80' lang='lat' dir='ltr'><strong>allatis</strong></span> <span class='ocrx_word' id='word_1_416' title='bbox 1135 557 1237 621; x_wconf 87' lang='lat' dir='ltr'><strong>reliquis</strong></span> <span class='ocrx_word' id='word_1_417' title='bbox 1255 557 1335 608; x_wconf 89' lang='lat' dir='ltr'><strong>tribus</strong></span> <span class='ocrx_word' id='word_1_418' title='bbox 1348 557 1451 608; x_wconf 88' lang='lat' dir='ltr'><strong>candem</strong></span> <span class='ocrx_word' id='word_1_419' title='bbox 1465 559 1578 625; x_wconf 78' lang='lat' dir='ltr'><strong>pecunine</strong></span> <span class='ocrx_word' id='word_1_420' title='bbox 1597 574 1719 613; x_wconf 88' lang='lat' dir='ltr'><strong>summam</strong></span> <span class='ocrx_word' id='word_1_421' title='bbox 1740 577 1784 629; x_wconf 88' lang='lat' dir='ltr'><strong>pe-</strong></span> 
     </span>
     <span class='ocr_line' id='line_1_58' title="bbox 1004 656 1785 729; baseline 0.01 -19"><span class='ocrx_word' id='word_1_422' title='bbox 1004 660 1051 711; x_wconf 90' lang='lat' dir='ltr'><strong>tiit.</strong></span> <span class='ocrx_word' id='word_1_423' title='bbox 1085 660 1246 725; x_wconf 88' lang='lat' dir='ltr'><strong>Tarquinius,</strong></span> <span class='ocrx_word' id='word_1_424' title='bbox 1266 660 1376 711; x_wconf 87' lang='lat' dir='ltr'><strong>mulieris</strong></span> <span class='ocrx_word' id='word_1_425' title='bbox 1394 661 1522 713; x_wconf 58' lang='lat' dir='ltr'><strong>confilium</strong></span> <span class='ocrx_word' id='word_1_426' title='bbox 1537 656 1656 726; x_wconf 66' lang='lat' dir='ltr'><strong>sumtus,</strong></span> <span class='ocrx_word' id='word_1_427' title='bbox 1675 678 1785 729; x_wconf 75' lang='lat' dir='ltr'><strong>augures</strong></span> 
     </span>
     <span class='ocr_line' id='line_1_59' title="bbox 1003 759 1784 837; baseline 0.01 -24"><span class='ocrx_word' id='word_1_428' title='bbox 1003 761 1131 813; x_wconf 75' lang='lat' dir='ltr'><strong>accersivit</strong></span> <span class='ocrx_word' id='word_1_429' title='bbox 1151 765 1188 822; x_wconf 87' lang='lat' dir='ltr'>et,</span> <span class='ocrx_word' id='word_1_430' title='bbox 1209 775 1235 814; x_wconf 87' lang='lat' dir='ltr'><strong>re</strong></span> <span class='ocrx_word' id='word_1_431' title='bbox 1253 762 1303 813; x_wconf 87' lang='lat' dir='ltr'><strong>illis</strong></span> <span class='ocrx_word' id='word_1_432' title='bbox 1322 759 1450 827; x_wconf 88' lang='lat' dir='ltr'><strong>exposita,</strong></span> <span class='ocrx_word' id='word_1_433' title='bbox 1470 764 1530 830; x_wconf 85' lang='lat' dir='ltr'><strong>quid</strong></span> <span class='ocrx_word' id='word_1_434' title='bbox 1554 766 1691 821; x_wconf 71' lang='lat' dir='ltr'><strong>laciendum</strong></span> <span class='ocrx_word' id='word_1_435' title='bbox 1709 785 1784 837; x_wconf 81' lang='lat' dir='ltr'><strong>qnae·</strong></span> 
     </span>
     <span class='ocr_line' id='line_1_60' title="bbox 1003 867 1783 938; baseline 0.013 -21"><span class='ocrx_word' id='word_1_436' title='bbox 1003 867 1068 918; x_wconf 82' lang='lat' dir='ltr'>sivit.</span> <span class='ocrx_word' id='word_1_437' title='bbox 1102 868 1140 918; x_wconf 89' lang='lat' dir='ltr'><strong>llli</strong></span> <span class='ocrx_word' id='word_1_438' title='bbox 1158 882 1231 930; x_wconf 81' lang='lat' dir='ltr'><strong>uero,</strong></span> <span class='ocrx_word' id='word_1_439' title='bbox 1246 883 1304 921; x_wconf 88' lang='lat' dir='ltr'>cnm</span> <span class='ocrx_word' id='word_1_440' title='bbox 1322 884 1353 922; x_wconf 81' lang='lat' dir='ltr'><strong>ex</strong></span> <span class='ocrx_word' id='word_1_441' title='bbox 1364 870 1512 936; x_wconf 83' lang='lat' dir='ltr'><strong>quibusdem</strong></span> <span class='ocrx_word' id='word_1_442' title='bbox 1523 872 1599 935; x_wconf 76' lang='lat' dir='ltr'><strong>slgnis</strong></span> <span class='ocrx_word' id='word_1_443' title='bbox 1611 873 1783 938; x_wconf 77' lang='lat' dir='ltr'><strong>cognovissent</strong></span> 
     </span>
     <span class='ocr_line' id='line_1_61' title="bbox 1002 968 1782 1040; baseline 0.012 -21"><span class='ocrx_word' id='word_1_444' title='bbox 1002 982 1059 1019; x_wconf 88' lang='lat' dir='ltr'>cum</span> <span class='ocrx_word' id='word_1_445' title='bbox 1069 968 1160 1020; x_wconf 88' lang='lat' dir='ltr'><strong>donum</strong></span> <span class='ocrx_word' id='word_1_446' title='bbox 1174 969 1294 1022; x_wconf 84' lang='lat' dir='ltr'><strong>divinitus</strong></span> <span class='ocrx_word' id='word_1_447' title='bbox 1310 972 1412 1024; x_wconf 90' lang='lat' dir='ltr'><strong>missum</strong></span> <span class='ocrx_word' id='word_1_448' title='bbox 1428 975 1603 1040; x_wconf 83' lang='lat' dir='ltr'><strong>adspernalurn</strong></span> <span class='ocrx_word' id='word_1_449' title='bbox 1619 975 1710 1035; x_wconf 85' lang='lat' dir='ltr'><strong>lursse,</strong></span> <span class='ocrx_word' id='word_1_450' title='bbox 1727 991 1782 1028; x_wconf 85' lang='lat' dir='ltr'>mn·</span> 
     </span>
     <span class='ocr_line' id='line_1_62' title="bbox 1003 1073 1786 1142; baseline 0.011 -20"><span class='ocrx_word' id='word_1_451' title='bbox 1003 1085 1125 1137; x_wconf 82' lang='lat' dir='ltr'><strong>gnamque</strong></span> <span class='ocrx_word' id='word_1_452' title='bbox 1138 1073 1258 1125; x_wconf 83' lang='lat' dir='ltr'><strong>iacturum</strong></span> <span class='ocrx_word' id='word_1_453' title='bbox 1282 1074 1373 1126; x_wconf 81' lang='lat' dir='ltr'><strong>lectam</strong></span> <span class='ocrx_word' id='word_1_454' title='bbox 1391 1075 1607 1142; x_wconf 81' lang='lat' dir='ltr'><strong>dixissent,qnod</strong></span> <span class='ocrx_word' id='word_1_455' title='bbox 1630 1091 1679 1128; x_wconf 91' lang='lat' dir='ltr'>non</span> <span class='ocrx_word' id='word_1_456' title='bbox 1698 1092 1786 1131; x_wconf 87' lang='lat' dir='ltr'><strong>omnes</strong></span> 
     </span>
     <span class='ocr_line' id='line_1_63' title="bbox 1002 1174 1784 1243; baseline 0.01 -18"><span class='ocrx_word' id='word_1_457' title='bbox 1002 1174 1079 1225; x_wconf 87' lang='lat' dir='ltr'><strong>libros</strong></span> <span class='ocrx_word' id='word_1_458' title='bbox 1094 1175 1208 1237; x_wconf 80' lang='lat' dir='ltr'>emisset,</span> <span class='ocrx_word' id='word_1_459' title='bbox 1225 1177 1350 1230; x_wconf 87' lang='lat' dir='ltr'><strong>iusserunt</strong></span> <span class='ocrx_word' id='word_1_460' title='bbox 1360 1191 1415 1229; x_wconf 80' lang='grc' dir='ltr'>οσον</span> <span class='ocrx_word' id='word_1_461' title='bbox 1429 1179 1540 1243; x_wconf 72' lang='lat' dir='ltr'><strong>pecunie</strong></span> <span class='ocrx_word' id='word_1_462' title='bbox 1554 1193 1676 1230; x_wconf 86' lang='lat' dir='ltr'><strong>summam</strong></span> <span class='ocrx_word' id='word_1_463' title='bbox 1686 1181 1784 1233; x_wconf 86' lang='lat' dir='ltr'><strong>mulieri</strong></span> 
     </span>
     <span class='ocr_line' id='line_1_64' title="bbox 1003 1279 1782 1347; baseline 0.006 -18"><span class='ocrx_word' id='word_1_464' title='bbox 1003 1280 1135 1342; x_wconf 79' lang='lat' dir='ltr'><strong>numerosi,</strong></span> <span class='ocrx_word' id='word_1_465' title='bbox 1149 1294 1224 1346; x_wconf 87' lang='lat' dir='ltr'><strong>quam</strong></span> <span class='ocrx_word' id='word_1_466' title='bbox 1235 1279 1349 1346; x_wconf 89' lang='lat' dir='ltr'><strong>petebat,</strong></span> <span class='ocrx_word' id='word_1_467' title='bbox 1358 1287 1384 1332; x_wconf 91' lang='lat' dir='ltr'><strong>et</strong></span> <span class='ocrx_word' id='word_1_468' title='bbox 1400 1281 1499 1332; x_wconf 83' lang='lat' dir='ltr'><strong>oracula</strong></span> <span class='ocrx_word' id='word_1_469' title='bbox 1511 1295 1569 1347; x_wconf 82' lang='lat' dir='ltr'><strong>quos</strong></span> <span class='ocrx_word' id='word_1_470' title='bbox 1581 1285 1726 1347; x_wconf 75' lang='lat' dir='ltr'>supererant</span> <span class='ocrx_word' id='word_1_471' title='bbox 1740 1297 1782 1334; x_wconf 87' lang='lat' dir='ltr'><strong>re·</strong></span> 
     </span>
     <span class='ocr_line' id='line_1_65' title="bbox 1002 1381 1783 1450; baseline 0.005 -18"><span class='ocrx_word' id='word_1_472' title='bbox 1002 1381 1072 1433; x_wconf 87' lang='lat' dir='ltr'><strong>dimi.</strong></span> <span class='ocrx_word' id='word_1_473' title='bbox 1104 1382 1202 1445; x_wconf 77' lang='lat' dir='ltr'><strong>Mulier,</strong></span> <span class='ocrx_word' id='word_1_474' title='bbox 1216 1386 1300 1435; x_wconf 84' lang='lat' dir='ltr'><strong>sulem</strong></span> <span class='ocrx_word' id='word_1_475' title='bbox 1316 1396 1373 1434; x_wconf 90' lang='lat' dir='ltr'><strong>enm</strong></span> <span class='ocrx_word' id='word_1_476' title='bbox 1387 1382 1462 1434; x_wconf 90' lang='lat' dir='ltr'><strong>libros</strong></span> <span class='ocrx_word' id='word_1_477' title='bbox 1473 1382 1616 1435; x_wconf 86' lang='lat' dir='ltr'><strong>tradidisset</strong></span> <span class='ocrx_word' id='word_1_478' title='bbox 1634 1387 1711 1450; x_wconf 82' lang='lat' dir='ltr'><strong>utque</strong></span> <span class='ocrx_word' id='word_1_479' title='bbox 1724 1385 1783 1437; x_wconf 92' lang='lat' dir='ltr'><strong>dili-</strong></span> 
     </span>
     <span class='ocr_line' id='line_1_66' title="bbox 1002 1487 1784 1552; baseline 0.005 -16"><span class='ocrx_word' id='word_1_480' title='bbox 1002 1489 1088 1550; x_wconf 79' lang='lat' dir='ltr'><strong>genter</strong></span> <span class='ocrx_word' id='word_1_481' title='bbox 1104 1488 1290 1537; x_wconf 81' lang='lat' dir='ltr'><strong>asservarentur</strong></span> <span class='ocrx_word' id='word_1_482' title='bbox 1312 1487 1464 1548; x_wconf 76' lang='lat' dir='ltr'><strong>monuisset,</strong></span> <span class='ocrx_word' id='word_1_483' title='bbox 1475 1499 1600 1552; x_wconf 81' lang='lat' dir='ltr'><strong>nunquam</strong></span> <span class='ocrx_word' id='word_1_484' title='bbox 1616 1491 1702 1552; x_wconf 81' lang='lat' dir='ltr'><strong>postca</strong></span> <span class='ocrx_word' id='word_1_485' title='bbox 1720 1488 1784 1541; x_wconf 89' lang='lat' dir='ltr'><strong>iuter</strong></span> 
     </span>
     <span class='ocr_line' id='line_1_67' title="bbox 1003 1587 1784 1654; baseline 0.005 -16"><span class='ocrx_word' id='word_1_486' title='bbox 1003 1588 1114 1639; x_wconf 86' lang='lat' dir='ltr'><strong>homines</strong></span> <span class='ocrx_word' id='word_1_487' title='bbox 1144 1587 1287 1654; x_wconf 89' lang='lat' dir='ltr'><strong>comparuit.</strong></span> <span class='ocrx_word' id='word_1_488' title='bbox 1320 1588 1465 1652; x_wconf 73' lang='lat' dir='ltr'><strong>Tarquinius</strong></span> <span class='ocrx_word' id='word_1_489' title='bbox 1495 1603 1554 1640; x_wconf 81' lang='lat' dir='ltr'><strong>uero</strong></span> <span class='ocrx_word' id='word_1_490' title='bbox 1578 1589 1724 1642; x_wconf 78' lang='lat' dir='ltr'><strong>duumviros</strong></span> <span class='ocrx_word' id='word_1_491' title='bbox 1752 1605 1784 1642; x_wconf 81' lang='lat' dir='ltr'><strong>ex</strong></span> 
     </span>
     <span class='ocr_line' id='line_1_68' title="bbox 1003 1690 1783 1757; baseline 0.001 -15"><span class='ocrx_word' id='word_1_492' title='bbox 1003 1693 1119 1744; x_wconf 91' lang='lat' dir='ltr'><strong>nobilium</strong></span> <span class='ocrx_word' id='word_1_493' title='bbox 1129 1705 1231 1743; x_wconf 89' lang='lat' dir='ltr'><strong>numero</strong></span> <span class='ocrx_word' id='word_1_494' title='bbox 1244 1692 1338 1743; x_wconf 75' lang='lat' dir='ltr'><strong>crearit</strong></span> <span class='ocrx_word' id='word_1_495' title='bbox 1348 1691 1447 1755; x_wconf 84' lang='lat' dir='ltr'><strong>eisque,</strong></span> <span class='ocrx_word' id='word_1_496' title='bbox 1459 1690 1558 1743; x_wconf 89' lang='lat' dir='ltr'><strong>duobus</strong></span> <span class='ocrx_word' id='word_1_497' title='bbox 1571 1691 1676 1757; x_wconf 88' lang='lat' dir='ltr'><strong>publicis</strong></span> <span class='ocrx_word' id='word_1_498' title='bbox 1694 1693 1783 1743; x_wconf 89' lang='lat' dir='ltr'><strong>minis·</strong></span> 
     </span>
     <span class='ocr_line' id='line_1_69' title="bbox 1002 1788 1782 1853; baseline -0.004 -12"><span class='ocrx_word' id='word_1_499' title='bbox 1002 1791 1048 1841; x_wconf 85' lang='lat' dir='ltr'><strong>tris</strong></span> <span class='ocrx_word' id='word_1_500' title='bbox 1061 1790 1162 1850; x_wconf 88' lang='lat' dir='ltr'><strong>additis,</strong></span> <span class='ocrx_word' id='word_1_501' title='bbox 1180 1790 1298 1841; x_wconf 89' lang='lat' dir='ltr'><strong>librorum</strong></span> <span class='ocrx_word' id='word_1_502' title='bbox 1316 1788 1453 1839; x_wconf 83' lang='lat' dir='ltr'><strong>custodiam</strong></span> <span class='ocrx_word' id='word_1_503' title='bbox 1468 1788 1610 1848; x_wconf 77' lang='lat' dir='ltr'><strong>mundarit3</strong></span> <span class='ocrx_word' id='word_1_504' title='bbox 1627 1802 1733 1853; x_wconf 85' lang='lat' dir='ltr'><strong>quorum</strong></span> <span class='ocrx_word' id='word_1_505' title='bbox 1744 1788 1782 1839; x_wconf 83' lang='lat' dir='ltr'>al·</span> 
     </span>
     <span class='ocr_line' id='line_1_70' title="bbox 1003 1886 1781 1952; baseline -0.001 -13"><span class='ocrx_word' id='word_1_506' title='bbox 1003 1893 1098 1950; x_wconf 88' lang='lat' dir='ltr'><strong>lerum,</strong></span> <span class='ocrx_word' id='word_1_507' title='bbox 1109 1891 1142 1938; x_wconf 82' lang='lat' dir='ltr'>tl.</span> <span class='ocrx_word' id='word_1_508' title='bbox 1157 1888 1267 1948; x_wconf 80' lang='lat' dir='ltr'><strong>Atilium,</strong></span> <span class='ocrx_word' id='word_1_509' title='bbox 1280 1887 1347 1952; x_wconf 86' lang='lat' dir='ltr'><strong>qnod</strong></span> <span class='ocrx_word' id='word_1_510' title='bbox 1365 1886 1439 1938; x_wconf 87' lang='lat' dir='ltr'><strong>lrdem</strong></span> <span class='ocrx_word' id='word_1_511' title='bbox 1453 1900 1501 1936; x_wconf 91' lang='lat' dir='ltr'>uon</span> <span class='ocrx_word' id='word_1_512' title='bbox 1514 1899 1627 1937; x_wconf 77' lang='lat' dir='ltr'><strong>servasse</strong></span> <span class='ocrx_word' id='word_1_513' title='bbox 1646 1886 1781 1949; x_wconf 80' lang='lat' dir='ltr'><strong>rideretur,</strong></span> 
     </span>
     <span class='ocr_line' id='line_1_71' title="bbox 1003 1988 1783 2056; baseline -0.003 -13"><span class='ocrx_word' id='word_1_514' title='bbox 1003 1995 1029 2042; x_wconf 89' lang='lat' dir='ltr'><strong>et</strong></span> <span class='ocrx_word' id='word_1_515' title='bbox 1039 1990 1071 2043; x_wconf 80' lang='lat' dir='ltr'>ab</span> <span class='ocrx_word' id='word_1_516' title='bbox 1081 1992 1160 2042; x_wconf 83' lang='lat' dir='ltr'><strong>altero</strong></span> <span class='ocrx_word' id='word_1_517' title='bbox 1174 1990 1271 2056; x_wconf 91' lang='lat' dir='ltr'><strong>publico</strong></span> <span class='ocrx_word' id='word_1_518' title='bbox 1282 1990 1393 2042; x_wconf 89' lang='lat' dir='ltr'><strong>ministro</strong></span> <span class='ocrx_word' id='word_1_519' title='bbox 1408 1992 1539 2040; x_wconf 72' lang='lat' dir='ltr'><strong>accusatus</strong></span> <span class='ocrx_word' id='word_1_520' title='bbox 1558 1988 1646 2040; x_wconf 73' lang='grc' dir='ltr'>[οἰοιοῖ</span> <span class='ocrx_word' id='word_1_521' title='bbox 1662 1993 1690 2040; x_wconf 90' lang='lat' dir='ltr'>ul</span> <span class='ocrx_word' id='word_1_522' title='bbox 1702 1992 1783 2056; x_wconf 80' lang='lat' dir='ltr'><strong>porri·</strong></span> 
     </span>
     <span class='ocr_line' id='line_1_72' title="bbox 1003 2089 1784 2156; baseline -0.003 -11"><span class='ocrx_word' id='word_1_523' title='bbox 1003 2095 1096 2156; x_wconf 80' lang='lat' dir='ltr'><strong>cidem,</strong></span> <span class='ocrx_word' id='word_1_524' title='bbox 1111 2095 1136 2144; x_wconf 90' lang='lat' dir='ltr'><strong>in</strong></span> <span class='ocrx_word' id='word_1_525' title='bbox 1150 2094 1257 2145; x_wconf 89' lang='lat' dir='ltr'><strong>culleum</strong></span> <span class='ocrx_word' id='word_1_526' title='bbox 1271 2093 1389 2155; x_wconf 88' lang='lat' dir='ltr'><strong>insutum,</strong></span> <span class='ocrx_word' id='word_1_527' title='bbox 1405 2091 1509 2142; x_wconf 75' lang='lat' dir='ltr'><strong>inmare</strong></span> <span class='ocrx_word' id='word_1_528' title='bbox 1522 2089 1633 2154; x_wconf 85' lang='lat' dir='ltr'><strong>proiecit.</strong></span> <span class='ocrx_word' id='word_1_529' title='bbox 1666 2093 1714 2141; x_wconf 86' lang='lat' dir='ltr'><strong>Sed</strong></span> <span class='ocrx_word' id='word_1_530' title='bbox 1727 2097 1784 2156; x_wconf 89' lang='lat' dir='ltr'><strong>post</strong></span> 
     </span>
     <span class='ocr_line' id='line_1_73' title="bbox 1003 2191 1782 2261; baseline -0.008 -13"><span class='ocrx_word' id='word_1_531' title='bbox 1003 2209 1075 2261; x_wconf 74' lang='lat' dir='ltr'><strong>rogos</strong></span> <span class='ocrx_word' id='word_1_532' title='bbox 1093 2199 1208 2256; x_wconf 80' lang='lat' dir='ltr'><strong>exactos,</strong></span> <span class='ocrx_word' id='word_1_533' title='bbox 1234 2193 1372 2259; x_wconf 70' lang='lat' dir='ltr'><strong>respublica</strong></span> <span class='ocrx_word' id='word_1_534' title='bbox 1388 2191 1543 2244; x_wconf 75' lang='lat' dir='ltr'><strong>oraculorum</strong></span> <span class='ocrx_word' id='word_1_535' title='bbox 1571 2193 1709 2257; x_wconf 89' lang='lat' dir='ltr'><strong>patrocinio</strong></span> <span class='ocrx_word' id='word_1_536' title='bbox 1726 2207 1782 2243; x_wconf 88' lang='lat' dir='ltr'><strong>sus-</strong></span> 
     </span>
     <span class='ocr_line' id='line_1_74' title="bbox 1004 2294 1780 2364; baseline -0.003 -14"><span class='ocrx_word' id='word_1_537' title='bbox 1004 2303 1087 2364; x_wconf 90' lang='lat' dir='ltr'><strong>cepto,</strong></span> <span class='ocrx_word' id='word_1_538' title='bbox 1102 2298 1261 2349; x_wconf 82' lang='lat' dir='ltr'><strong>nobilissimis</strong></span> <span class='ocrx_word' id='word_1_539' title='bbox 1275 2297 1335 2348; x_wconf 80' lang='lat' dir='ltr'><strong>uiris</strong></span> <span class='ocrx_word' id='word_1_540' title='bbox 1348 2309 1434 2347; x_wconf 88' lang='lat' dir='ltr'><strong>eorum</strong></span> <span class='ocrx_word' id='word_1_541' title='bbox 1445 2294 1584 2346; x_wconf 88' lang='lat' dir='ltr'><strong>custodium</strong></span> <span class='ocrx_word' id='word_1_542' title='bbox 1596 2295 1757 2346; x_wconf 82' lang='lat' dir='ltr'><strong>commitebat</strong></span> <span class='ocrx_word' id='word_1_543' title='bbox 1773 2318 1780 2348; x_wconf 77' lang='grc' dir='ltr'>ι</span> 
     </span>
     <span class='ocr_line' id='line_1_75' title="bbox 1003 2392 1782 2462; baseline -0.005 -16"><span class='ocrx_word' id='word_1_544' title='bbox 1003 2396 1046 2462; x_wconf 90' lang='lat' dir='ltr'><strong>qui</strong></span> <span class='ocrx_word' id='word_1_545' title='bbox 1067 2408 1111 2460; x_wconf 90' lang='lat' dir='ltr'><strong>per</strong></span> <span class='ocrx_word' id='word_1_546' title='bbox 1129 2398 1209 2446; x_wconf 91' lang='lat' dir='ltr'><strong>totum</strong></span> <span class='ocrx_word' id='word_1_547' title='bbox 1223 2395 1282 2446; x_wconf 77' lang='lat' dir='ltr'><strong>vite</strong></span> <span class='ocrx_word' id='word_1_548' title='bbox 1296 2398 1395 2459; x_wconf 89' lang='lat' dir='ltr'><strong>tempus</strong></span> <span class='ocrx_word' id='word_1_549' title='bbox 1415 2392 1463 2444; x_wconf 87' lang='lat' dir='ltr'><strong>boe</strong></span> <span class='ocrx_word' id='word_1_550' title='bbox 1476 2405 1577 2443; x_wconf 83' lang='grc' dir='ltr'>ιοοοοοο</span> <span class='ocrx_word' id='word_1_551' title='bbox 1597 2392 1740 2457; x_wconf 78' lang='lat' dir='ltr'><strong>iunguntur,</strong></span> <span class='ocrx_word' id='word_1_552' title='bbox 1767 2408 1782 2442; x_wconf 83' lang='grc' dir='ltr'>ο</span> 
     </span>
     <span class='ocr_line' id='line_1_76' title="bbox 1004 2482 1784 2565; baseline -0.008 -16"><span class='ocrx_word' id='word_1_553' title='bbox 1004 2500 1091 2551; x_wconf 78' lang='lat' dir='ltr'><strong>militis</strong></span> <span class='ocrx_word' id='word_1_554' title='bbox 1104 2504 1130 2551; x_wconf 90' lang='lat' dir='ltr'><strong>et</strong></span> <span class='ocrx_word' id='word_1_555' title='bbox 1151 2498 1253 2565; x_wconf 87' lang='lat' dir='ltr'><strong>reliquis</strong></span> <span class='ocrx_word' id='word_1_556' title='bbox 1270 2496 1371 2548; x_wconf 87' lang='lat' dir='ltr'><strong>urbanis</strong></span> <span class='ocrx_word' id='word_1_557' title='bbox 1393 2482 1582 2555; x_wconf 86' lang='lat' dir='ltr'><strong>muniislibcri,</strong></span> <span class='ocrx_word' id='word_1_558' title='bbox 1606 2498 1682 2560; x_wconf 77' lang='lat' dir='ltr'><strong>utque</strong></span> <span class='ocrx_word' id='word_1_559' title='bbox 1696 2508 1784 2544; x_wconf 76' lang='lat' dir='ltr'><strong>servos</strong></span> 
     </span>
     <span class='ocr_line' id='line_1_77' title="bbox 1004 2594 1785 2664; baseline -0.008 -12"><span class='ocrx_word' id='word_1_560' title='bbox 1004 2602 1113 2664; x_wconf 89' lang='lat' dir='ltr'><strong>publicos</strong></span> <span class='ocrx_word' id='word_1_561' title='bbox 1132 2601 1179 2651; x_wconf 88' lang='lat' dir='ltr'><strong>illis</strong></span> <span class='ocrx_word' id='word_1_562' title='bbox 1191 2599 1309 2664; x_wconf 76' lang='lat' dir='ltr'><strong>adponit,</strong></span> <span class='ocrx_word' id='word_1_563' title='bbox 1332 2599 1384 2649; x_wconf 89' lang='lat' dir='ltr'><strong>sine</strong></span> <span class='ocrx_word' id='word_1_564' title='bbox 1398 2597 1490 2663; x_wconf 88' lang='lat' dir='ltr'><strong>quibus</strong></span> <span class='ocrx_word' id='word_1_565' title='bbox 1509 2609 1558 2647; x_wconf 88' lang='lat' dir='ltr'>uon</span> <span class='ocrx_word' id='word_1_566' title='bbox 1578 2594 1671 2661; x_wconf 82' lang='lat' dir='ltr'><strong>potitur</strong></span> <span class='ocrx_word' id='word_1_567' title='bbox 1696 2609 1785 2661; x_wconf 85' lang='lat' dir='ltr'><strong>quem-</strong></span> 
     </span>
     <span class='ocr_line' id='line_1_78' title="bbox 1003 2694 1780 2769; baseline -0.008 -19"><span class='ocrx_word' id='word_1_568' title='bbox 1003 2713 1079 2764; x_wconf 78' lang='lat' dir='ltr'><strong>quam</strong></span> <span class='ocrx_word' id='word_1_569' title='bbox 1092 2699 1194 2769; x_wconf 67' lang='lat' dir='ltr'><strong>oracula</strong></span> <span class='ocrx_word' id='word_1_570' title='bbox 1215 2698 1344 2763; x_wconf 83' lang='lat' dir='ltr'><strong>inspicere.</strong></span> <span class='ocrx_word' id='word_1_571' title='bbox 1377 2699 1424 2758; x_wconf 82' lang='lat' dir='ltr'><strong>ut,</strong></span> <span class='ocrx_word' id='word_1_572' title='bbox 1434 2700 1464 2747; x_wconf 90' lang='lat' dir='ltr'>ul</span> <span class='ocrx_word' id='word_1_573' title='bbox 1477 2709 1528 2747; x_wconf 83' lang='lat' dir='ltr'><strong>rem</strong></span> <span class='ocrx_word' id='word_1_574' title='bbox 1544 2695 1629 2760; x_wconf 85' lang='lat' dir='ltr'><strong>paucis</strong></span> <span class='ocrx_word' id='word_1_575' title='bbox 1639 2694 1780 2759; x_wconf 72' lang='lat' dir='ltr'><strong>expediam,</strong></span> 
     </span>
     <span class='ocr_line' id='line_1_79' title="bbox 1004 2791 1783 2857; baseline -0.005 -10"><span class='ocrx_word' id='word_1_576' title='bbox 1004 2798 1106 2848; x_wconf 85' lang='lat' dir='ltr'><strong>Romani</strong></span> <span class='ocrx_word' id='word_1_577' title='bbox 1118 2798 1209 2849; x_wconf 90' lang='lat' dir='ltr'><strong>nnllam</strong></span> <span class='ocrx_word' id='word_1_578' title='bbox 1219 2810 1272 2847; x_wconf 87' lang='lat' dir='ltr'><strong>rena</strong></span> <span class='ocrx_word' id='word_1_579' title='bbox 1282 2797 1392 2846; x_wconf 76' lang='lat' dir='ltr'><strong>sanctam</strong></span> <span class='ocrx_word' id='word_1_580' title='bbox 1405 2797 1448 2844; x_wconf 84' lang='lat' dir='ltr'>aut</span> <span class='ocrx_word' id='word_1_581' title='bbox 1459 2806 1554 2844; x_wconf 74' lang='lat' dir='ltr'><strong>sacrorn</strong></span> <span class='ocrx_word' id='word_1_582' title='bbox 1568 2805 1641 2855; x_wconf 73' lang='lat' dir='ltr'><strong>nsque</strong></span> <span class='ocrx_word' id='word_1_583' title='bbox 1654 2791 1783 2857; x_wconf 78' lang='lat' dir='ltr'><strong>diligenter</strong></span> 
     </span>
    </p>
   </div>
   <div class='ocr_carea' id='block_1_6' title="bbox 1002 2896 1781 3050">
    <p class='ocr_par' dir='ltr' id='par_1_8' title="bbox 1002 2896 1781 3050">
     <span class='ocr_line' id='line_1_80' title="bbox 1002 2896 1780 2966; baseline -0.01 -15"><span class='ocrx_word' id='word_1_584' title='bbox 1002 2904 1079 2966; x_wconf 77' lang='lat' dir='ltr'><strong>etque</strong></span> <span class='ocrx_word' id='word_1_585' title='bbox 1098 2900 1215 2964; x_wconf 79' lang='lat' dir='ltr'><strong>Sibyllina</strong></span> <span class='ocrx_word' id='word_1_586' title='bbox 1231 2899 1331 2950; x_wconf 82' lang='lat' dir='ltr'><strong>orsculs</strong></span> <span class='ocrx_word' id='word_1_587' title='bbox 1352 2896 1507 2948; x_wconf 87' lang='lat' dir='ltr'><strong>custodlunl.</strong></span> <span class='ocrx_word' id='word_1_588' title='bbox 1539 2897 1575 2946; x_wconf 82' lang='lat' dir='ltr'>Ea</span> <span class='ocrx_word' id='word_1_589' title='bbox 1592 2898 1676 2945; x_wconf 89' lang='lat' dir='ltr'><strong>autern</strong></span> <span class='ocrx_word' id='word_1_590' title='bbox 1689 2908 1780 2945; x_wconf 92' lang='lat' dir='ltr'><strong>consu·</strong></span> 
     </span>
     <span class='ocr_line' id='line_1_81' title="bbox 1003 2981 1781 3050; baseline -0.008 -12"><span class='ocrx_word' id='word_1_591' title='bbox 1003 2988 1056 3038; x_wconf 90' lang='lat' dir='ltr'><strong>lunt</strong></span> <span class='ocrx_word' id='word_1_592' title='bbox 1067 2989 1164 3050; x_wconf 83' lang='lat' dir='ltr'><strong>quoties</strong></span> <span class='ocrx_word' id='word_1_593' title='bbox 1175 2990 1276 3037; x_wconf 86' lang='lat' dir='ltr'><strong>senalus</strong></span> <span class='ocrx_word' id='word_1_594' title='bbox 1286 2985 1312 3035; x_wconf 91' lang='lat' dir='ltr'><strong>id</strong></span> <span class='ocrx_word' id='word_1_595' title='bbox 1325 2984 1445 3044; x_wconf 88' lang='lat' dir='ltr'><strong>decernit,</strong></span> <span class='ocrx_word' id='word_1_596' title='bbox 1455 2986 1499 3034; x_wconf 85' lang='lat' dir='ltr'>sut</span> <span class='ocrx_word' id='word_1_597' title='bbox 1508 2983 1533 3033; x_wconf 91' lang='lat' dir='ltr'><strong>in</strong></span> <span class='ocrx_word' id='word_1_598' title='bbox 1545 2981 1666 3046; x_wconf 85' lang='lat' dir='ltr'><strong>republica</strong></span> <span class='ocrx_word' id='word_1_599' title='bbox 1676 2985 1733 3031; x_wconf 82' lang='lat' dir='ltr'><strong>ortu</strong></span> <span class='ocrx_word' id='word_1_600' title='bbox 1744 2994 1781 3032; x_wconf 88' lang='lat' dir='ltr'>sc·</span> 
     </span>
    </p>
   </div>
   <div class='ocr_carea' id='block_1_7' title="bbox 1001 3077 1779 3147">
    <p class='ocr_par' dir='ltr' id='par_1_9' title="bbox 1001 3077 1779 3147">
     <span class='ocr_line' id='line_1_82' title="bbox 1001 3077 1779 3147; baseline -0.012 -10"><span class='ocrx_word' id='word_1_601' title='bbox 1001 3085 1107 3146; x_wconf 88' lang='lat' dir='ltr'><strong>ditione,</strong></span> <span class='ocrx_word' id='word_1_602' title='bbox 1120 3089 1164 3135; x_wconf 82' lang='lat' dir='ltr'>nul</span> <span class='ocrx_word' id='word_1_603' title='bbox 1176 3085 1200 3134; x_wconf 92' lang='lat' dir='ltr'><strong>in</strong></span> <span class='ocrx_word' id='word_1_604' title='bbox 1209 3084 1274 3134; x_wconf 90' lang='lat' dir='ltr'><strong>bello</strong></span> <span class='ocrx_word' id='word_1_605' title='bbox 1286 3082 1354 3147; x_wconf 76' lang='lat' dir='ltr'><strong>gnari</strong></span> <span class='ocrx_word' id='word_1_606' title='bbox 1363 3083 1444 3147; x_wconf 82' lang='lat' dir='ltr'><strong>aliqua</strong></span> <span class='ocrx_word' id='word_1_607' title='bbox 1454 3079 1576 3145; x_wconf 70' lang='lat' dir='ltr'><strong>etlnsignl</strong></span> <span class='ocrx_word' id='word_1_608' title='bbox 1589 3077 1657 3130; x_wconf 87' lang='lat' dir='ltr'><strong>clade</strong></span> <span class='ocrx_word' id='word_1_609' title='bbox 1670 3081 1779 3144; x_wconf 85' lang='lat' dir='ltr'><strong>accepts,</strong></span> 
     </span>
    </p>
   </div>
   <div class='ocr_carea' id='block_1_8' title="bbox 999 3185 1782 4753">
    <p class='ocr_par' dir='ltr' id='par_1_10' title="bbox 999 3185 1782 4753">
     <span class='ocr_line' id='line_1_83' title="bbox 1001 3185 1780 3257; baseline -0.015 -12"><span class='ocrx_word' id='word_1_610' title='bbox 1001 3198 1044 3246; x_wconf 85' lang='lat' dir='ltr'>aul</span> <span class='ocrx_word' id='word_1_611' title='bbox 1056 3209 1112 3244; x_wconf 91' lang='lat' dir='ltr'><strong>curn</strong></span> <span class='ocrx_word' id='word_1_612' title='bbox 1124 3194 1205 3257; x_wconf 82' lang='lat' dir='ltr'><strong>aliqua</strong></span> <span class='ocrx_word' id='word_1_613' title='bbox 1214 3190 1323 3257; x_wconf 79' lang='lat' dir='ltr'><strong>prodigia</strong></span> <span class='ocrx_word' id='word_1_614' title='bbox 1333 3194 1377 3241; x_wconf 90' lang='lat' dir='ltr'>aul</span> <span class='ocrx_word' id='word_1_615' title='bbox 1385 3192 1483 3255; x_wconf 84' lang='lat' dir='ltr'><strong>spectro</strong></span> <span class='ocrx_word' id='word_1_616' title='bbox 1497 3186 1577 3252; x_wconf 85' lang='lat' dir='ltr'><strong>(quod</strong></span> <span class='ocrx_word' id='word_1_617' title='bbox 1588 3198 1654 3249; x_wconf 72' lang='lat' dir='ltr'><strong>sepe</strong></span> <span class='ocrx_word' id='word_1_618' title='bbox 1663 3185 1780 3249; x_wconf 76' lang='lat' dir='ltr'><strong>contigit)</strong></span> 
     </span>
     <span class='ocr_line' id='line_1_84' title="bbox 1001 3280 1781 3358; baseline -0.019 -14"><span class='ocrx_word' id='word_1_619' title='bbox 1001 3294 1134 3358; x_wconf 82' lang='lat' dir='ltr'><strong>apponent,</strong></span> <span class='ocrx_word' id='word_1_620' title='bbox 1148 3304 1205 3356; x_wconf 79' lang='lat' dir='ltr'><strong>quse</strong></span> <span class='ocrx_word' id='word_1_621' title='bbox 1219 3302 1334 3353; x_wconf 82' lang='lat' dir='ltr'><strong>magnum</strong></span> <span class='ocrx_word' id='word_1_622' title='bbox 1346 3284 1448 3350; x_wconf 80' lang='lat' dir='ltr'><strong>aliquod</strong></span> <span class='ocrx_word' id='word_1_623' title='bbox 1460 3287 1486 3335; x_wconf 85' lang='lat' dir='ltr'>ct</span> <span class='ocrx_word' id='word_1_624' title='bbox 1500 3282 1599 3347; x_wconf 75' lang='lat' dir='ltr'><strong>cognitu</strong></span> <span class='ocrx_word' id='word_1_625' title='bbox 1614 3280 1781 3331; x_wconf 81' lang='lat' dir='ltr'><strong>difficilema-</strong></span> 
     </span>
     <span class='ocr_line' id='line_1_85' title="bbox 1002 3376 1780 3454; baseline -0.018 -13"><span class='ocrx_word' id='word_1_626' title='bbox 1002 3391 1054 3441; x_wconf 89' lang='lat' dir='ltr'>lum</span> <span class='ocrx_word' id='word_1_627' title='bbox 1067 3388 1226 3454; x_wconf 89' lang='lat' dir='ltr'><strong>portendunt.</strong></span> <span class='ocrx_word' id='word_1_628' title='bbox 1261 3385 1292 3436; x_wconf 89' lang='lat' dir='ltr'>ili</span> <span class='ocrx_word' id='word_1_629' title='bbox 1305 3383 1463 3434; x_wconf 84' lang='lat' dir='ltr'><strong>oraculorum</strong></span> <span class='ocrx_word' id='word_1_630' title='bbox 1474 3380 1530 3432; x_wconf 87' lang='lat' dir='ltr'><strong>libri</strong></span> <span class='ocrx_word' id='word_1_631' title='bbox 1545 3391 1626 3442; x_wconf 84' lang='lat' dir='ltr'><strong>usque</strong></span> <span class='ocrx_word' id='word_1_632' title='bbox 1643 3376 1675 3428; x_wconf 86' lang='lat' dir='ltr'>nd</span> <span class='ocrx_word' id='word_1_633' title='bbox 1689 3376 1780 3428; x_wconf 83' lang='lat' dir='ltr'><strong>bellurn</strong></span> 
     </span>
     <span class='ocr_line' id='line_1_86' title="bbox 1002 3479 1779 3556; baseline -0.018 -13"><span class='ocrx_word' id='word_1_634' title='bbox 1002 3491 1133 3543; x_wconf 81' lang='lat' dir='ltr'><strong>Marsicum</strong></span> <span class='ocrx_word' id='word_1_635' title='bbox 1144 3483 1331 3556; x_wconf 85' lang='lat' dir='ltr'><strong>permanserunt</strong></span> <span class='ocrx_word' id='word_1_636' title='bbox 1345 3485 1495 3542; x_wconf 84' lang='lat' dir='ltr'><strong>incolumes,</strong></span> <span class='ocrx_word' id='word_1_637' title='bbox 1520 3482 1566 3532; x_wconf 90' lang='lat' dir='ltr'>sub</span> <span class='ocrx_word' id='word_1_638' title='bbox 1585 3485 1650 3532; x_wconf 79' lang='lat' dir='ltr'><strong>terro</strong></span> <span class='ocrx_word' id='word_1_639' title='bbox 1670 3479 1779 3541; x_wconf 85' lang='lat' dir='ltr'><strong>conditi,</strong></span> 
     </span>
     <span class='ocr_line' id='line_1_87' title="bbox 1001 3582 1780 3660; baseline -0.024 -12"><span class='ocrx_word' id='word_1_640' title='bbox 1001 3594 1129 3660; x_wconf 88' lang='lat' dir='ltr'><strong>intemplo</strong></span> <span class='ocrx_word' id='word_1_641' title='bbox 1141 3595 1206 3645; x_wconf 82' lang='lat' dir='ltr'><strong>loris</strong></span> <span class='ocrx_word' id='word_1_642' title='bbox 1219 3590 1364 3657; x_wconf 76' lang='lat' dir='ltr'><strong>Capitolini,</strong></span> <span class='ocrx_word' id='word_1_643' title='bbox 1379 3590 1403 3639; x_wconf 93' lang='lat' dir='ltr'><strong>in</strong></span> <span class='ocrx_word' id='word_1_644' title='bbox 1415 3600 1471 3637; x_wconf 83' lang='lat' dir='ltr'><strong>arca</strong></span> <span class='ocrx_word' id='word_1_645' title='bbox 1482 3585 1589 3649; x_wconf 87' lang='lat' dir='ltr'><strong>lapidea,</strong></span> <span class='ocrx_word' id='word_1_646' title='bbox 1604 3596 1620 3633; x_wconf 81' lang='grc' dir='ltr'>ε</span> <span class='ocrx_word' id='word_1_647' title='bbox 1633 3582 1780 3634; x_wconf 81' lang='lat' dir='ltr'><strong>decemviris</strong></span> 
     </span>
     <span class='ocr_line' id='line_1_88' title="bbox 1000 3684 1781 3751; baseline -0.022 0"><span class='ocrx_word' id='word_1_648' title='bbox 1000 3698 1128 3751; x_wconf 84' lang='lat' dir='ltr'><strong>asservati.</strong></span> <span class='ocrx_word' id='word_1_649' title='bbox 1161 3700 1222 3748; x_wconf 90' lang='lat' dir='ltr'><strong>Post</strong></span> <span class='ocrx_word' id='word_1_650' title='bbox 1232 3700 1344 3746; x_wconf 86' lang='lat' dir='ltr'><strong>exactam</strong></span> <span class='ocrx_word' id='word_1_651' title='bbox 1354 3705 1412 3743; x_wconf 79' lang='lat' dir='ltr'><strong>sero</strong></span> <span class='ocrx_word' id='word_1_652' title='bbox 1427 3689 1524 3740; x_wconf 87' lang='lat' dir='ltr'><strong>tertiam</strong></span> <span class='ocrx_word' id='word_1_653' title='bbox 1539 3700 1614 3750; x_wconf 89' lang='lat' dir='ltr'><strong>supra</strong></span> <span class='ocrx_word' id='word_1_654' title='bbox 1625 3699 1688 3736; x_wconf 83' lang='lat' dir='ltr'><strong>csxx</strong></span> <span class='ocrx_word' id='word_1_655' title='bbox 1699 3684 1781 3749; x_wconf 64' lang='lat' dir='ltr'><strong>olym-</strong></span> 
     </span>
     <span class='ocr_line' id='line_1_89' title="bbox 1001 3773 1781 3862; baseline -0.023 -13"><span class='ocrx_word' id='word_1_656' title='bbox 1001 3798 1097 3862; x_wconf 83' lang='lat' dir='ltr'><strong>piadem</strong></span> <span class='ocrx_word' id='word_1_657' title='bbox 1114 3797 1205 3860; x_wconf 90' lang='lat' dir='ltr'><strong>templo</strong></span> <span class='ocrx_word' id='word_1_658' title='bbox 1221 3795 1334 3849; x_wconf 87' lang='lat' dir='ltr'><strong>incenso,</strong></span> <span class='ocrx_word' id='word_1_659' title='bbox 1348 3773 1401 3842; x_wconf 83' lang='lat' dir='ltr'><strong>sive</strong></span> <span class='ocrx_word' id='word_1_660' title='bbox 1414 3802 1459 3853; x_wconf 90' lang='lat' dir='ltr'><strong>per</strong></span> <span class='ocrx_word' id='word_1_661' title='bbox 1470 3785 1572 3837; x_wconf 83' lang='lat' dir='ltr'><strong>insidias</strong></span> <span class='ocrx_word' id='word_1_662' title='bbox 1589 3784 1736 3847; x_wconf 82' lang='lat' dir='ltr'><strong>aliquorum,</strong></span> <span class='ocrx_word' id='word_1_663' title='bbox 1753 3785 1781 3834; x_wconf 90' lang='lat' dir='ltr'>ut</span> 
     </span>
     <span class='ocr_line' id='line_1_90' title="bbox 1001 3885 1779 3955; baseline -0.021 -5"><span class='ocrx_word' id='word_1_664' title='bbox 1001 3899 1108 3951; x_wconf 89' lang='lat' dir='ltr'><strong>nonnulli</strong></span> <span class='ocrx_word' id='word_1_665' title='bbox 1121 3897 1281 3955; x_wconf 89' lang='lat' dir='ltr'><strong>arbitrantur,</strong></span> <span class='ocrx_word' id='word_1_666' title='bbox 1297 3896 1349 3945; x_wconf 77' lang='lat' dir='ltr'><strong>sinc</strong></span> <span class='ocrx_word' id='word_1_667' title='bbox 1363 3906 1437 3951; x_wconf 79' lang='grc' dir='ltr'>οοιιι,</span> <span class='ocrx_word' id='word_1_668' title='bbox 1452 3891 1476 3940; x_wconf 90' lang='lat' dir='ltr'><strong>bi</strong></span> <span class='ocrx_word' id='word_1_669' title='bbox 1494 3901 1591 3954; x_wconf 85' lang='lat' dir='ltr'><strong>quoque</strong></span> <span class='ocrx_word' id='word_1_670' title='bbox 1607 3900 1663 3938; x_wconf 90' lang='lat' dir='ltr'><strong>eum</strong></span> <span class='ocrx_word' id='word_1_671' title='bbox 1677 3885 1779 3948; x_wconf 83' lang='lat' dir='ltr'><strong>reliquis</strong></span> 
     </span>
     <span class='ocr_line' id='line_1_91' title="bbox 1000 3985 1779 4059; baseline -0.022 -9"><span class='ocrx_word' id='word_1_672' title='bbox 1000 4001 1040 4052; x_wconf 89' lang='lat' dir='ltr'>dei</span> <span class='ocrx_word' id='word_1_673' title='bbox 1059 3999 1168 4050; x_wconf 83' lang='lat' dir='ltr'><strong>donariis</strong></span> <span class='ocrx_word' id='word_1_674' title='bbox 1183 3997 1237 4059; x_wconf 80' lang='lat' dir='ltr'><strong>igne</strong></span> <span class='ocrx_word' id='word_1_675' title='bbox 1258 3991 1381 4054; x_wconf 84' lang='lat' dir='ltr'><strong>absumpti</strong></span> <span class='ocrx_word' id='word_1_676' title='bbox 1405 3992 1471 4037; x_wconf 89' lang='lat' dir='ltr'><strong>sunl.</strong></span> <span class='ocrx_word' id='word_1_677' title='bbox 1505 3985 1611 4037; x_wconf 79' lang='lat' dir='ltr'><strong>oracula</strong></span> <span class='ocrx_word' id='word_1_678' title='bbox 1626 3996 1700 4044; x_wconf 77' lang='lat' dir='ltr'><strong>vero,</strong></span> <span class='ocrx_word' id='word_1_679' title='bbox 1722 3995 1779 4045; x_wconf 82' lang='lat' dir='ltr'>quae</span> 
     </span>
     <span class='ocr_line' id='line_1_92' title="bbox 1000 4084 1782 4158; baseline -0.024 -7"><span class='ocrx_word' id='word_1_680' title='bbox 1000 4114 1066 4152; x_wconf 89' lang='lat' dir='ltr'><strong>nnnc</strong></span> <span class='ocrx_word' id='word_1_681' title='bbox 1082 4102 1193 4158; x_wconf 83' lang='lat' dir='ltr'><strong>exstant,</strong></span> <span class='ocrx_word' id='word_1_682' title='bbox 1209 4110 1239 4146; x_wconf 82' lang='lat' dir='ltr'>cr</span> <span class='ocrx_word' id='word_1_683' title='bbox 1256 4094 1331 4143; x_wconf 78' lang='lat' dir='ltr'><strong>variis</strong></span> <span class='ocrx_word' id='word_1_684' title='bbox 1343 4090 1404 4141; x_wconf 81' lang='lat' dir='ltr'><strong>locis</strong></span> <span class='ocrx_word' id='word_1_685' title='bbox 1417 4090 1475 4139; x_wconf 86' lang='lat' dir='ltr'><strong>sunt</strong></span> <span class='ocrx_word' id='word_1_686' title='bbox 1493 4087 1666 4152; x_wconf 84' lang='lat' dir='ltr'><strong>comporlula·</strong></span> <span class='ocrx_word' id='word_1_687' title='bbox 1687 4084 1735 4134; x_wconf 85' lang='lat' dir='ltr'><strong>alia</strong></span> <span class='ocrx_word' id='word_1_688' title='bbox 1748 4096 1782 4133; x_wconf 77' lang='lat' dir='ltr'><strong>ex</strong></span> 
     </span>
     <span class='ocr_line' id='line_1_93' title="bbox 1001 4185 1779 4252; baseline -0.026 -2"><span class='ocrx_word' id='word_1_689' title='bbox 1001 4199 1092 4250; x_wconf 86' lang='lat' dir='ltr'><strong>italicis</strong></span> <span class='ocrx_word' id='word_1_690' title='bbox 1104 4196 1216 4251; x_wconf 87' lang='lat' dir='ltr'><strong>urbibus.</strong></span> <span class='ocrx_word' id='word_1_691' title='bbox 1230 4192 1278 4243; x_wconf 85' lang='lat' dir='ltr'><strong>alia</strong></span> <span class='ocrx_word' id='word_1_692' title='bbox 1289 4204 1320 4242; x_wconf 80' lang='lat' dir='ltr'><strong>ex</strong></span> <span class='ocrx_word' id='word_1_693' title='bbox 1341 4188 1455 4252; x_wconf 81' lang='lat' dir='ltr'><strong>Erythris</strong></span> <span class='ocrx_word' id='word_1_694' title='bbox 1475 4185 1602 4244; x_wconf 74' lang='lat' dir='ltr'><strong>Asiaticis,</strong></span> <span class='ocrx_word' id='word_1_695' title='bbox 1615 4197 1647 4234; x_wconf 81' lang='lat' dir='ltr'><strong>ex</strong></span> <span class='ocrx_word' id='word_1_696' title='bbox 1663 4185 1779 4233; x_wconf 74' lang='lat' dir='ltr'><strong>senatus-</strong></span> 
     </span>
     <span class='ocr_line' id='line_1_94' title="bbox 1001 4279 1780 4355; baseline -0.026 -6"><span class='ocrx_word' id='word_1_697' title='bbox 1001 4297 1114 4349; x_wconf 85' lang='lat' dir='ltr'><strong>eonsulto</strong></span> <span class='ocrx_word' id='word_1_698' title='bbox 1124 4291 1305 4355; x_wconf 80' lang='lat' dir='ltr'><strong>missislegalis,</strong></span> <span class='ocrx_word' id='word_1_699' title='bbox 1317 4288 1453 4353; x_wconf 89' lang='lat' dir='ltr'><strong>quieorum</strong></span> <span class='ocrx_word' id='word_1_700' title='bbox 1465 4283 1590 4347; x_wconf 84' lang='lat' dir='ltr'><strong>exemplar</strong></span> <span class='ocrx_word' id='word_1_701' title='bbox 1597 4279 1780 4338; x_wconf 75' lang='lat' dir='ltr'><strong>describerent,</strong></span> 
     </span>
     <span class='ocr_line' id='line_1_95' title="bbox 999 4381 1780 4452; baseline -0.027 0"><span class='ocrx_word' id='word_1_702' title='bbox 999 4402 1046 4452; x_wconf 80' lang='lat' dir='ltr'><strong>elia</strong></span> <span class='ocrx_word' id='word_1_703' title='bbox 1063 4413 1094 4450; x_wconf 87' lang='lat' dir='ltr'><strong>ex</strong></span> <span class='ocrx_word' id='word_1_704' title='bbox 1116 4396 1171 4447; x_wconf 86' lang='lat' dir='ltr'><strong>aliis</strong></span> <span class='ocrx_word' id='word_1_705' title='bbox 1192 4392 1309 4452; x_wconf 89' lang='lat' dir='ltr'><strong>urbibus,</strong></span> <span class='ocrx_word' id='word_1_706' title='bbox 1331 4393 1357 4441; x_wconf 89' lang='lat' dir='ltr'><strong>et</strong></span> <span class='ocrx_word' id='word_1_707' title='bbox 1379 4385 1510 4452; x_wconf 74' lang='lat' dir='ltr'><strong>opulentis</strong></span> <span class='ocrx_word' id='word_1_708' title='bbox 1537 4381 1679 4432; x_wconf 89' lang='lat' dir='ltr'><strong>bominibus</strong></span> <span class='ocrx_word' id='word_1_709' title='bbox 1696 4384 1780 4431; x_wconf 90' lang='lat' dir='ltr'><strong>trans·</strong></span> 
     </span>
     <span class='ocr_line' id='line_1_96' title="bbox 999 4476 1780 4560; baseline -0.026 -13"><span class='ocrx_word' id='word_1_710' title='bbox 999 4496 1092 4560; x_wconf 70' lang='lat' dir='ltr'><strong>cripta,</strong></span> <span class='ocrx_word' id='word_1_711' title='bbox 1108 4490 1232 4555; x_wconf 87' lang='lat' dir='ltr'><strong>inquibus</strong></span> <span class='ocrx_word' id='word_1_712' title='bbox 1245 4485 1359 4551; x_wconf 72' lang='lat' dir='ltr'><strong>quedam</strong></span> <span class='ocrx_word' id='word_1_713' title='bbox 1373 4482 1434 4534; x_wconf 87' lang='lat' dir='ltr'><strong>laiso</strong></span> <span class='ocrx_word' id='word_1_714' title='bbox 1443 4479 1592 4531; x_wconf 83' lang='lat' dir='ltr'><strong>carminibus</strong></span> <span class='ocrx_word' id='word_1_715' title='bbox 1602 4476 1727 4539; x_wconf 78' lang='lat' dir='ltr'><strong>sibyllinis</strong></span> <span class='ocrx_word' id='word_1_716' title='bbox 1740 4477 1780 4527; x_wconf 93' lang='lat' dir='ltr'><strong>in·</strong></span> 
     </span>
     <span class='ocr_line' id='line_1_97' title="bbox 1000 4570 1779 4653; baseline -0.031 -9"><span class='ocrx_word' id='word_1_717' title='bbox 1000 4595 1064 4644; x_wconf 80' lang='lat' dir='ltr'><strong>serta</strong></span> <span class='ocrx_word' id='word_1_718' title='bbox 1076 4588 1239 4653; x_wconf 82' lang='lat' dir='ltr'><strong>reperiuntur,</strong></span> <span class='ocrx_word' id='word_1_719' title='bbox 1253 4597 1308 4647; x_wconf 85' lang='lat' dir='ltr'><strong>quoe</strong></span> <span class='ocrx_word' id='word_1_720' title='bbox 1322 4579 1539 4646; x_wconf 79' lang='lat' dir='ltr'><strong>deprehenduntur</strong></span> <span class='ocrx_word' id='word_1_721' title='bbox 1553 4588 1582 4624; x_wconf 85' lang='lat' dir='ltr'><strong>ex</strong></span> <span class='ocrx_word' id='word_1_722' title='bbox 1598 4570 1779 4623; x_wconf 80' lang='lat' dir='ltr'><strong>acrosticltisin.</strong></span> 
     </span>
     <span class='ocr_line' id='line_1_98' title="bbox 1000 4679 1781 4753; baseline -0.027 -6"><span class='ocrx_word' id='word_1_723' title='bbox 1000 4698 1060 4747; x_wconf 87' lang='lat' dir='ltr'><strong>Dico</strong></span> <span class='ocrx_word' id='word_1_724' title='bbox 1074 4697 1157 4745; x_wconf 85' lang='lat' dir='ltr'><strong>aulem</strong></span> <span class='ocrx_word' id='word_1_725' title='bbox 1179 4705 1217 4751; x_wconf 82' lang='lat' dir='ltr'>ea,</span> <span class='ocrx_word' id='word_1_726' title='bbox 1234 4703 1291 4753; x_wconf 77' lang='grc' dir='ltr'>ηοω</span> <span class='ocrx_word' id='word_1_727' title='bbox 1305 4689 1434 4738; x_wconf 88' lang='lat' dir='ltr'><strong>Terentius</strong></span> <span class='ocrx_word' id='word_1_728' title='bbox 1448 4687 1529 4734; x_wconf 83' lang='lat' dir='ltr'><strong>Varro</strong></span> <span class='ocrx_word' id='word_1_729' title='bbox 1541 4684 1565 4730; x_wconf 92' lang='lat' dir='ltr'><strong>in</strong></span> <span class='ocrx_word' id='word_1_730' title='bbox 1581 4679 1634 4730; x_wconf 89' lang='lat' dir='ltr'><strong>suls</strong></span> <span class='ocrx_word' id='word_1_731' title='bbox 1650 4690 1781 4729; x_wconf 83' lang='lat' dir='ltr'><strong>commen-</strong></span> 
     </span>
    </p>
   </div>
   <div class='ocr_carea' id='block_1_9' title="bbox 999 4786 1574 4852">
    <p class='ocr_par' dir='ltr' id='par_1_11' title="bbox 999 4786 1574 4852">
     <span class='ocr_line' id='line_1_99' title="bbox 999 4786 1574 4852; baseline -0.028 -2"><span class='ocrx_word' id='word_1_732' title='bbox 999 4800 1067 4851; x_wconf 81' lang='lat' dir='ltr'><strong>tariis</strong></span> <span class='ocrx_word' id='word_1_733' title='bbox 1079 4810 1163 4848; x_wconf 86' lang='lat' dir='ltr'><strong>semen</strong></span> <span class='ocrx_word' id='word_1_734' title='bbox 1171 4794 1310 4845; x_wconf 81' lang='lat' dir='ltr'><strong>divinarum</strong></span> <span class='ocrx_word' id='word_1_735' title='bbox 1322 4788 1447 4841; x_wconf 73' lang='lat' dir='ltr'><strong>memorio</strong></span> <span class='ocrx_word' id='word_1_736' title='bbox 1459 4786 1574 4852; x_wconf 87' lang='lat' dir='ltr'><strong>prodidit.</strong></span> 
     </span>
    </p>
   </div>
   <div class='ocr_carea' id='block_1_10' title="bbox 997 4872 1842 5220">
    <p class='ocr_par' dir='ltr' id='par_1_12' title="bbox 997 4872 1842 5220">
     <span class='ocr_line' id='line_1_100' title="bbox 1030 4872 1778 4958; baseline -0.029 -11"><span class='ocrx_word' id='word_1_737' title='bbox 1030 4898 1116 4947; x_wconf 87' lang='lat' dir='ltr'><strong>Llllll.</strong></span> <span class='ocrx_word' id='word_1_738' title='bbox 1134 4872 1350 4958; x_wconf 75' lang='lat' dir='ltr'><strong>Tarquiniuscum</strong></span> <span class='ocrx_word' id='word_1_739' title='bbox 1365 4890 1419 4939; x_wconf 84' lang='lat' dir='ltr'>haec</span> <span class='ocrx_word' id='word_1_740' title='bbox 1431 4899 1492 4951; x_wconf 88' lang='lat' dir='ltr'><strong>pace</strong></span> <span class='ocrx_word' id='word_1_741' title='bbox 1504 4884 1616 4948; x_wconf 79' lang='lat' dir='ltr'><strong>belloque</strong></span> <span class='ocrx_word' id='word_1_742' title='bbox 1627 4879 1742 4946; x_wconf 85' lang='lat' dir='ltr'><strong>gessisset</strong></span> <span class='ocrx_word' id='word_1_743' title='bbox 1752 4878 1778 4925; x_wconf 83' lang='lat' dir='ltr'><strong>el</strong></span> 
     </span>
     <span class='ocr_line' id='line_1_101' title="bbox 999 4968 1777 5043; baseline -0.031 -5"><span class='ocrx_word' id='word_1_744' title='bbox 999 4989 1061 5038; x_wconf 82' lang='lat' dir='ltr'><strong>duos</strong></span> <span class='ocrx_word' id='word_1_745' title='bbox 1074 4985 1181 5037; x_wconf 82' lang='lat' dir='ltr'><strong>colonias</strong></span> <span class='ocrx_word' id='word_1_746' title='bbox 1198 4981 1363 5043; x_wconf 85' lang='lat' dir='ltr'><strong>condidisset,</strong></span> <span class='ocrx_word' id='word_1_747' title='bbox 1375 4990 1449 5028; x_wconf 88' lang='lat' dir='ltr'><strong>unam</strong></span> <span class='ocrx_word' id='word_1_748' title='bbox 1464 4973 1633 5038; x_wconf 73' lang='lat' dir='ltr'><strong>quidcunque</strong></span> <span class='ocrx_word' id='word_1_749' title='bbox 1645 4968 1777 5032; x_wconf 77' lang='lat' dir='ltr'><strong>Signiaro·</strong></span> 
     </span>
     <span class='ocr_line' id='line_1_102' title="bbox 999 5055 1842 5137; baseline -0.033 -10"><span class='ocrx_word' id='word_1_750' title='bbox 999 5077 1109 5137; x_wconf 68' lang='lat' dir='ltr'><strong>coibatur,</strong></span> <span class='ocrx_word' id='word_1_751' title='bbox 1123 5087 1171 5123; x_wconf 93' lang='lat' dir='ltr'>non</span> <span class='ocrx_word' id='word_1_752' title='bbox 1184 5071 1315 5133; x_wconf 86' lang='lat' dir='ltr'><strong>industrio,</strong></span> <span class='ocrx_word' id='word_1_753' title='bbox 1333 5067 1376 5118; x_wconf 84' lang='lat' dir='ltr'>sed</span> <span class='ocrx_word' id='word_1_754' title='bbox 1397 5079 1456 5116; x_wconf 81' lang='lat' dir='ltr'><strong>casu</strong></span> <span class='ocrx_word' id='word_1_755' title='bbox 1475 5062 1553 5125; x_wconf 89' lang='lat' dir='ltr'><strong>(quod</strong></span> <span class='ocrx_word' id='word_1_756' title='bbox 1573 5061 1597 5111; x_wconf 90' lang='lat' dir='ltr'><strong>in</strong></span> <span class='ocrx_word' id='word_1_757' title='bbox 1614 5072 1643 5110; x_wconf 83' lang='lat' dir='ltr'><strong>eo</strong></span> <span class='ocrx_word' id='word_1_758' title='bbox 1657 5057 1711 5107; x_wconf 83' lang='lat' dir='ltr'>tom</span> <span class='ocrx_word' id='word_1_759' title='bbox 1728 5055 1777 5102; x_wconf 92' lang='lat' dir='ltr'><strong>mi·</strong></span> <span class='ocrx_word' id='word_1_760' title='bbox 1839 5109 1842 5115; x_wconf 69' lang='lat'>‚</span> 
     </span>
     <span class='ocr_line' id='line_1_103' title="bbox 997 5142 1778 5220; baseline -0.032 -3"><span class='ocrx_word' id='word_1_761' title='bbox 997 5166 1056 5216; x_wconf 90' lang='lat' dir='ltr'><strong>lites</strong></span> <span class='ocrx_word' id='word_1_762' title='bbox 1068 5163 1251 5220; x_wconf 80' lang='lat' dir='ltr'><strong>hibernassent,</strong></span> <span class='ocrx_word' id='word_1_763' title='bbox 1266 5163 1396 5218; x_wconf 83' lang='lat' dir='ltr'><strong>castraque</strong></span> <span class='ocrx_word' id='word_1_764' title='bbox 1410 5155 1445 5204; x_wconf 88' lang='lat' dir='ltr'><strong>ila</strong></span> <span class='ocrx_word' id='word_1_765' title='bbox 1459 5150 1619 5202; x_wconf 83' lang='lat' dir='ltr'><strong>munivissent</strong></span> <span class='ocrx_word' id='word_1_766' title='bbox 1632 5148 1659 5197; x_wconf 93' lang='lat' dir='ltr'>nl</span> <span class='ocrx_word' id='word_1_767' title='bbox 1672 5143 1733 5194; x_wconf 90' lang='lat' dir='ltr'><strong>nibil</strong></span> <span class='ocrx_word' id='word_1_768' title='bbox 1746 5142 1778 5192; x_wconf 87' lang='lat' dir='ltr'>nb</span> 
     </span>
    </p>
   </div>
   <div class='ocr_carea' id='block_1_11' title="bbox 0 0 1890 5828">
    <p class='ocr_par' dir='ltr' id='par_1_13' title="bbox 0 0 1890 5828">
     <span class='ocr_line' id='line_1_104' title="bbox 0 0 1890 5828; baseline 0 1"><span class='ocrx_word' id='word_1_769' title='bbox 0 0 1890 5828; x_wconf 95' lang='lat' dir='ltr'> </span> 
     </span>
    </p>
   </div>
  </div>
 </body>
</html>
