3772 5828
208 352 267 411 ill

207 484 271 545 'Eri
284 484 336 563 γάρ
347 482 507 562 ἀγνοούντων
515 505 560 542 τον
571 486 718 565 ἀφανισμὸν
734 489 813 546 αὐτοῦ
837 487 980 564 Ῥωμαίων

209 573 261 630 είτε
280 570 349 630 κατθι
365 571 487 646 δαίμονος
510 573 634 652 πρόνοιαν
654 575 702 631 εἴτ’
724 574 750 642 ἐξ
765 576 905 648 ἕπεόουλίζς
933 581 983 636 ἀν-

209 659 340 739 θρωπίνης
355 659 468 736 ἐγένετο,
489 661 627 739 παρελθών
638 684 677 727 τις
697 663 732 728 εἰς
747 663 794 734 τὴν
806 664 902 743 ἀγοράν
916 665 983 726 Ἰού·

208 749 262 814 λιος
276 748 369 825 ὄνομα,
390 753 442 807 τῶν
466 750 511 805 ἀπ’
531 748 677 823 Ἀσκανίου,
695 754 838 831 γεωργικὸς
859 753 925 835 ἀνὴρ
938 755 984 813 καί

208 837 251 894 τὸν
276 836 332 895 θίαν
365 838 556 910 ἀνεπιληπτος,
588 829 639 905 οἶος
666 839 746 914 μηδὲν
776 840 807 898 ἂν
836 843 984 918 ψεύσασθαι

208 925 314 1003 κέρδους
327 924 403 983 ἕνεκα
417 925 528 998 οἰκείου,
550 925 600 1007 ἔφη
623 932 848 1007 παραγιγνόμενος
862 930 888 998 ἰξ
903 933 983 1011 ἀγροῦ

208 1011 347 1090 Ῥωμύλον
375 1013 438 1071 ἰδεῖν
465 1013 566 1072 ἀπιόντ’
588 1016 617 1072 ἰκ
640 1020 687 1087 τῆς
708 1017 810 1084 πόλεως
837 1017 931 1097 έχοντα
951 1019 985 1077 τά

209 1100 290 1173 όπλα,
308 1100 353 1160 καί
368 1100 459 1172 ἐπειδὴ
476 1101 552 1178 ἐγγὺς
566 1100 670 1180 ἐγένετο
685 1105 797 1163 ἀκοῦσαι
812 1106 888 1166 ταῦτ’
904 1109 984 1165 αὐτοῦ

207 1188 343 1265 λε’γοντος·
355 1215 368 1243 ι
380 1186 505 1267 Ἄγγελλε
518 1188 671 1266 Ῥωμαίοις,
680 1191 783 1266 Ἰούλιε,
795 1191 828 1250 τὰ
837 1195 984 1270 παρ’ἐμοῦ,

209 1303 220 1328 ι
236 1277 276 1334 ότι
288 1277 317 1352 μ’
329 1281 344 1335 θ
362 1276 453 1356 λαχὼν
469 1275 508 1335 ὅτ’
528 1276 656 1356 ἐγενόμην
678 1279 779 1355 δαίμων
789 1283 825 1347 εἰς
839 1281 911 1348 θεοὺς
924 1283 986 1360 ἀγε·

208 1390 223 1420 ιι
239 1387 282 1422 ται
297 1363 341 1423 τὸν
365 1365 457 1436 θνητόν
475 1363 673 1446 ἰκπληρύσαντ’
692 1369 790 1427 αἰῶνα·
807 1368 862 1446 εἰμί
881 1371 908 1428 δὲ
923 1372 985 1432 Ku-

211 1478 223 1504 ο
244 1462 322 1530 ρἰνος.
341 1479 354 1504 ν
373 1451 531 1533 Πιριλαόιίιν
552 1455 574 1512 δ’
592 1453 698 1514 ίίπασαν
719 1455 767 1528 τὴν
789 1460 850 1537 περὶ
874 1457 908 1518 τά
928 1463 985 1518 θεῖα

207 1538 363 1615 νομοθεσίαν
383 1548 505 1621 γραφαῖς,
528 1542 624 1600 διεῖλεν
645 1544 683 1611 εἰς
707 1543 776 1603 ὀκτὼ
798 1544 907 1626 μοίρας,
923 1543 984 1606 deni

207 1631 258 1686 τῶν
276 1631 352 1708 ἱερῶν
375 1621 442 1699 ἦσαν
457 1632 484 1687 αἱ
504 1630 660 1709 συμμορίαι.

248 1716 348 1778 LXIV.
377 1715 508 1776 Ἀπέθωκε
532 1718 559 1776 δέ
584 1720 647 1796 μίαν
668 1718 714 1796 μὲν
749 1722 902 1801 ἱερουργιῶν
921 1723 982 1781 διοί-

206 1803 279 1869 ταξιν
303 1813 356 1873 τοῖς
372 1805 512 1884 τριάκοντα
533 1807 694 1886 Κουρίωσιν,
705 1806 749 1875 οθς
767 1809 832 1889 ἔφην
855 1808 890 1868 sd
909 1809 983 1869 κοινά

727 355 893 416 DIONl'Sll
918 355 1294 426 HALICARNASSENSIS

1039 509 1078 559 nis
1104 510 1198 562 insidiis
1223 527 1238 564 e
1261 517 1395 579 conspeetu
1420 515 1547 567 hominnm
1575 518 1688 573 sublatus
1710 521 1815 587 luisset,

1038 598 1138 663 qnidam
1149 600 1248 652 nomine
1268 603 1349 653 Julius
1362 602 1393 652 ab
1413 605 1517 655 Ascanio
1527 604 1660 669 oriundus,
1681 608 1762 660 bonus
1774 624 1815 660 eo·

1040 685 1113 736 lonue
1125 690 1151 737 et
1167 689 1224 740 vitos
1238 690 1338 755 integrm
1362 690 1408 751 rir,
1432 693 1476 755 qul
1491 698 1601 756 quaestus
1615 696 1705 760 privati
1726 705 1824 746 oarnsn'

1038 787 1086 824 nnn
1097 776 1195 827 mentiri
1208 778 1303 841 potuit,
1320 779 1346 829 in
1368 780 1511 832 oonoiouern
1528 796 1673 848 progressus
1693 783 1772 845 dixit,
1788 797 1815 834 se

1041 878 1098 915 curn
1109 879 1137 916 ex
1150 880 1208 930 agro
1220 867 1312 919 rediret
1323 866 1416 920 vidisse
1427 871 1556 921 Romulum
1571 885 1600 922 er
1619 872 1680 923 nrbe
1692 875 1813 922 armatum

1039 953 1185 1013 abeuntem
1201 959 1226 1007 et
1237 969 1292 1007 cum
1306 959 1465 1020 assensisset,
1487 959 1541 1010 bun
1556 973 1612 1010 eum
1633 960 1754 1011 dicentem
1767 973 1812 1009 au·

1039 1043 1126 1093 disse:
1148 1064 1160 1087 ι
1183 1046 1275 1095 Nuntia
1296 1045 1426 1104 Romanis,
1448 1045 1512 1108 iuli,
1533 1046 1587 1097 baec
1608 1061 1664 1099 mea
1682 1048 1813 1105 mundutn;

1040 1151 1052 1172 «ι
1066 1143 1107 1179 me
1118 1131 1215 1181 rnomali
1229 1145 1284 1181 mro
1302 1132 1399 1196 expleto
1415 1131 1554 1184 iudeorum
1568 1136 1660 1184 ooetum
1682 1134 1772 1184 abduci
1783 1134 1814 1184 ab

1041 1238 1052 1264 υ
1069 1231 1099 1268 en
1109 1219 1421 1284 geniu‚quimibiuasoenli
1432 1222 1543 1286 oontigit,
1553 1224 1579 1271 et
1589 1234 1643 1272 esse
1652 1220 1790 1278 Quirinum.
1800 1241 1812 1265 υ

1038 1299 1114 1349 Porro
1134 1303 1212 1350 liuore
1232 1301 1313 1350 omnio
1336 1313 1393 1363 σου
1416 1301 1448 1351 od
1461 1301 1555 1351 cultum
1576 1301 1688 1351 divinum
1703 1305 1729 1351 et
1741 1301 1813 1350 euri-

1038 1387 1133 1436 mouins
1159 1385 1281 1449 pertinent
1305 1385 1402 1449 seriptis
1428 1387 1572 1451 complexus
1602 1387 1688 1437 divisit
1702 1387 1728 1437 in
1755 1389 1812 1436 ueto

1038 1479 1130 1538 peries,
1142 1478 1203 1538 quot
1224 1475 1298 1525 eb'am
1311 1480 1382 1526 erant
1399 1486 1528 1525 sacrorum
1540 1474 1649 1526 ordines.

1068 1578 1152 1628 lxlv.
1166 1578 1276 1628 Primum
1285 1591 1411 1628 snerornm
1422 1577 1615 1630 ministeriorum
1627 1577 1739 1628 ordinem
1748 1579 1813 1629 assi-

1037 1682 1121 1745 gnarit
1132 1683 1292 1741 Curionibus,
1308 1681 1432 1746 quosdixi
1447 1682 1545 1748 publice
1556 1696 1601 1747 pro
1610 1682 1744 1733 curialibus
1761 1696 1812 1733 rem

1037 1780 1144 1831 divinem
1151 1780 1239 1830 taoere.
1247 1779 1385 1830 &cundum
1394 1780 1423 1829 iis
1433 1780 1504 1843 quia
1518 1781 1612 1832 Graeois
1624 1784 1741 1830 sonantur
1753 1782 1812 1829 Στε-

207 1892 275 1951 θύειν
305 1890 369 1971 θπίρ
396 1895 448 1950 τῶν
470 1896 601 1972 φρατριῶν
625 1894 694 1976 ίερά.
734 1896 791 1968 Τὴν
823 1896 850 1955 δέ
889 1899 982 1957 δευτί-
1037 1887 1327 1951 θθίἰίθὸθθίιθίἰοίθίίἰί8
1337 1885 1723 1951 F¹³mi¹¹⁰⁸3q¹¹⁰⁸⁸ss⁰⁸¹³¹i⁰¹¹⁶
1736 1886 1812 1951 Ρίἰω·

207 2001 254 2057 ραν
274 1980 327 2046 τοῖς
357 1979 527 2057 καλουμένοις
545 1982 595 2041 ὑπὸ
614 1982 662 2059 μίν
685 1982 823 2056 Ἑλλήνιον
844 2008 982 2065 στεφανη-
1037 2006 1093 2043 rum
1102 1995 1126 2044 et
1135 1991 1275 2054 infularum,
1288 2006 1351 2055 quas
1371 1992 1447 2042 etiam
1460 2006 1526 2042 nuno
1551 1998 1649 2057 gestant
1668 1997 1812 2044 llnmeare·

206 2067 307 2149 γόρθῑςν
335 2069 386 2128 ὑπὸ
409 2068 436 2127 δί
462 2067 605 2145 Ῥωμαίων
632 2072 796 2145 Wlfflin
814 2071 857 2140 Οὓς
875 2073 918 2132 ἐπὶ
936 2078 984 2145 (ἧς
1036 2103 1128 2158 centes,
1142 2098 1176 2148 ita
1193 2097 1327 2148 nominant.
1353 2098 1463 2148 Tertium
1474 2109 1534 2148 vero
1558 2096 1661 2150 tubunis
1683 2100 1809 2160 celerum,

205 2156 403 2324 ἀίίήάθυρύυάίν
421 2158 554 2325 φλίίίίίίατε
564 2160 815 2315 νίἀίοἰίίἀςμάτοῖζξ,
826 2160 983 2330 ἃπῖζὲαζξῖ
1034 2213 1097 2263 lilios
1112 2198 1207 2263 equiles
1219 2202 1245 2250 et
1266 2199 1360 2264 pedites
1382 2198 1458 2250 luisse
1481 2197 1531 2249 diri
1546 2198 1669 2258 delectos,
1689 2203 1812 2263 utregum

283 2308 288 2326 ς
477 2302 482 2321 ν
499 2292 509 2305 '¹
711 2293 719 2322 θ

207 2332 322 2408 ρεύουσι.
365 2332 423 2404 Τὴν
450 2332 477 2391 δί
499 2333 592 2412 τρίτην
613 2342 667 2400 τοῖς
689 2336 801 2415 ἡγεμόσι
819 2339 871 2395 τῶν
897 2340 983 2397 Κελε-

208 2420 280 2501 ρίων,
303 2421 346 2488 οθς
380 2422 444 2502 ίφην
474 2425 566 2490 ίππεῖς
589 2446 618 2482 τι
646 2424 692 2482 καί
717 2423 809 2491 πεζοὺς
842 2448 983 2505 στρατευο-

1035 2307 1066 2356 ad
1094 2305 1184 2355 bellum
1216 2304 1423 2369 proficiscentium
1453 2303 1568 2355 satellites
1601 2307 1690 2355 essent.
1750 2308 1813 2355 llam

1036 2408 1061 2454 ot
1077 2405 1117 2455 isti
1140 2403 1248 2454 solennia
1265 2402 1379 2466 qundun
1401 2415 1431 2453 ao
1452 2404 1545 2453 statuta
1564 2413 1634 2451 saera
1654 2403 1810 2467 peragebant.

208 2510 300 2577 μένους
324 2515 443 2591 φύλακας
467 2509 671 2570 ἀποδείκνυσθαι
690 2514 741 2570 τῶν
768 2512 913 2592 βασιλέων·
937 2513 982 2573 καί
1036 2510 1547 2575 Qutrlumveloillitqulsslsssddivinilut
1561 2510 1635 2561 missa
1648 2509 1812 2574 interpretan-

156 2633 168 2670 η
208 2600 260 2678 γὰρ
282 2591 352 2660 οὗτοι
377 2598 540 2679 τεταγμένας
559 2598 634 2664 ’τινὰς
662 2600 807 2680 ἱερουργίας
831 2602 968 2662 ἐπετέλουν
1035 2620 1086 2678 tur,
1108 2616 1357 2681 quiquedignoaeunt
1371 2628 1400 2666 ος
1421 2613 1561 2678 declarant,
1578 2613 1610 2664 ad
1625 2627 1688 2677 quas
1707 2628 1747 2665 ηε
1760 2615 1812 2666 give

206 2685 263 2756 Τὴν
283 2685 310 2745 δί
333 2686 463 2764 τετάρτην
483 2694 535 2753 τοῖς
560 2685 743 2764 ἰίηγουμίνοῑς
769 2688 802 2748 τί
829 2688 982 2766 oto'mimi‘
1035 2724 1144 2788 privatas
1158 2695 1511 2787 sivepublineseaspeeteut:
1531 2735 1593 2785 quos
1602 2722 1705 2774 Romani
1719 2722 1750 2771 ab
1764 2736 1812 2772 una

205 2781 317 2850 σημεῖα,
340 2773 386 2833 καί
407 2776 537 2854 διαιροῦσι
558 2775 634 2833 τίνων
654 2776 709 2836 ἐστὶ
729 2776 874 2853 μηνύματα
894 2801 982 2858 πραγ-

156 2869 157 2872 ’
206 2863 297 2939 μοίτων
312 2863 365 2942 lein
384 2885 414 2920 τε
433 2861 479 2920 καί
491 2863 621 2941 δημοσίᾳ·
634 2861 678 2930 οθς
693 2862 738 2944 ἀφ’
758 2862 812 2930 tvl<
831 2865 912 2931 εἰθους
929 2889 981 2923 τιον

206 2951 386 3031 θεωρημάτων
411 2955 458 3021 τῆς
477 2950 572 3029 τέχνης
600 2950 733 3028 Ῥωμαῖοι
752 2955 878 3011 καλοῦσιν
898 2955 981 3030 Adri

205 3062 261 3119 ρας,
278 3037 390 3115 ἡμεῐςό
406 3038 436 3096 ἀν
451 3037 569 3114 εἰποιμεν
592 3037 782 3114 οἰωνοπόλους,
807 3039 913 3112 ἇπάσης
935 3048 982 3114 τῆς

204 3131 332 3203 μαντικῆς
354 3125 417 3207 παρ’
448 3126 534 3191 αὐτοῖς
566 3127 643 3192 ὄντας
676 3125 852 3203 ἐπιστήμονας
880 3132 926 3199 τῆς
953 3155 982 3190 τε

207 3216 264 3295 περὶ
278 3215 321 3274 4τά
340 3216 447 3292 οθροίνισ
471 3214 516 3274 καί
537 3213 570 3273 τά
592 3215 721 3292 μετάρσια
743 3215 789 3273 καὶ
813 3216 847 3273 τά
866 3217 979 3291 ἰπίγεια.

203 3306 261 3377 Τὴν
286 3305 313 3365 δὲ
335 3304 461 3381 πέμπτην
480 3314 537 3371 ταῖς
562 3305 753 3386 φυλαττούσαις
778 3303 808 3364 τθ
838 3305 905 3384 ἱερὸν
928 3313 981 3367 niis

203 3393 358 3474 παρθένοις,
381 3391 410 3452 αἰ
435 3398 576 3453 καλοῦνται
604 3392 667 3473 πρὸς
688 3398 775 3453 αὐτῶν
800 3393 845 3454 lni
859 3398 906 3466 τῆς
922 3400 980 3464 θεᾶς

947 2869 965 2883 .
1035 2830 1115 2896 speeie
1142 2831 1203 2881 artis
1217 2829 1341 2894 ipsorum,
1363 2827 1456 2878 reilioet
1472 2828 1504 2878 ab
1518 2831 1610 2879 συιύηε
1628 2828 1810 2890 observatione,

1035 2939 1124 2987 vocant
1134 2940 1258 2999 Augures,
1269 2947 1381 2984 nosrero
1393 2934 1532 2985 diceremus
1541 2936 1719 2994 οἰωνοπόλουςς
1731 2934 1812 2984 omnis

1034 3041 1189 3092 divinationis
1211 3054 1260 3102 qua
1291 3040 1392 3090 llornnni
1424 3042 1527 3088 utuntur
1554 3040 1658 3103 peritos,
1686 3044 1738 3090 tam
1759 3041 1812 3089 eius

1033 3162 1088 3214 qum
1110 3148 1135 3197 in
1158 3144 1317 3197 terrestribus
1332 3144 1407 3195 rebus
1429 3148 1549 3195 versatur.
1567 3158 1641 3208 quam
1662 3145 1769 3196 ooeleslie
1787 3148 1812 3195 et

1003 3234 1007 3329 Ι
1033 3254 1154 3305 sublimis.
1188 3251 1308 3310 Quintum
1320 3263 1380 3301 vero
1393 3249 1528 3314 virginibus
1542 3251 1606 3301 sacri
1617 3252 1680 3314 ignis
1698 3251 1809 3301 eustodi-

967 3372 973 3387 ·
1033 3359 1093 3418 bus,
1112 3370 1174 3421 quos
1202 3355 1237 3407 illi
1257 3370 1272 3406 ε
1291 3355 1338 3407 dea
1356 3368 1431 3418 quam
1452 3356 1536 3406 nolunt
1554 3357 1665 3407 vestales
1688 3360 1777 3406 rorant
1803 3376 1809 3405 :

139 3523 165 3562 η,
201 3483 233 3553 ἢν
264 3482 450 3562 θεραπεύουσιν
484 3480 636 3552 Ἔστιοίδες,
670 3481 747 3549 αὐτὸς
778 3485 881 3562 πρῶτος
911 3485 978 3564 ἱερὸν
1032 3469 1071 3517 ωἰ
1098 3466 1149 3530 ¹⁹⁵⁰
1176 3464 1271 3530 primm
1292 3466 1376 3514 3⁰¹⁰ae
1397 3464 1517 3527 “mplum
1545 3462 1665 3523 ὅππῃ
1685 3466 1711 3512 et
1734 3462 1809 3526 ’Μ’

203 3571 375 3647 ἱδρυσάμενος
388 3569 532 3647 Ῥωμαίοις
551 3569 659 3636 Ἑστίας
680 3570 727 3630 καὶ
744 3571 886 3651 παρθένους
909 3574 978 3632 ἀπο.
1032 3583 1089 3632 nes,
1115 3581 1171 3633 qum
1184 3566 1240 3637 eius
1262 3579 1332 3617 sacru
1355 3565 1477 3627 lacerent,
1490 3563 1612 3616 attribuit.
1657 3566 1695 3614 De
1719 3564 1810 3628 quibus

204 3657 287 3725 δείξας
305 3660 370 3738 αἰτῇ
386 3661 547 3730 θυηπόλους·
563 3659 627 3739 θπίρ
647 3650 684 3718 οἷν
695 3659 774 3738 ὀλίγα
788 3661 835 3719 καί
856 3659 922 3720 αθτά
933 3664 980 3719 rd-
1032 3689 1110 3740 pauna
1132 3687 1211 3738 eaque
1231 3673 1335 3724 maxime
1355 3671 1502 3730 necessaria,
1517 3669 1600 3734 operis
1622 3673 1765 3733 argumento
1783 3670 1808 3719 id

203 3748 381 3824 ναγκαιότατα
408 3753 456 3820 τῆς
481 3750 628 3814 ὑποθέσεως
653 3744 815 3819 ἀπαιτούσης
835 3749 977 3824 ἀναγκαῖον
1032 3782 1182 3847 postulante,
1195 3780 1257 3832 mihi
1268 3779 1371 3830 (γραφη,
1385 3780 1452 3828 sunt·
1483 3775 1677 3827 Nonnullam
1688 3790 1703 3825 a
1723 3777 1807 3826 munis

203 3837 294 3895 εἰπεῖν.
310 3830 390 3895 Ἐστι
404 3836 455 3914 γὰρ
471 3837 542 3895 θκαί
558 3835 690 3907 ζητήσεως
699 3834 811 3906 ἠξίωται
824 3834 893 3912 [καί]
905 3834 979 3914 παρά

203 3924 310 3991 πολλοῖς
331 3927 382 3982 τῶν
404 3923 566 4001 Ῥωμαϊκῶν
585 3923 753 4003 συγγραφίων
779 3919 850 3980 κατὰ
868 3923 913 3981 τὸν
935 3925 979 3983 τό·

204 4035 253 4069 πον
274 4017 380 4071 τοῦτον·
399 4013 464 4093 ὑπὲρ
485 4004 522 4072 ὧν
541 4016 564 4072 οἱ
586 4011 632 4079 τὰς
655 4011 740 4077 αἰτίας
762 4011 810 4068 οὐκ
824 4008 978 4082 ἐξητακότες

203 4100 333 4166 ἐπιμελῶς
356 4101 517 4181 εἰκαιοτέρας
543 4100 683 4178 ἐξήνεγκαν
698 4101 746 4167 ris<
760 4097 873 4178 γραφείς.

1031 3887 1193 3950 scriptoribus
1212 3883 1326 3935 Romanis
1349 3882 1381 3932 de
1402 3881 1442 3932 bis
1461 3881 1536 3932 rebus
1556 3879 1694 3931 accuratius
1716 3879 1802 3944 dispu-

1032 3995 1086 4042 tata
1109 3993 1184 4051 sunl,
1208 3988 1240 4039 de
1264 3986 1355 4050 quibus
1374 3986 1417 4036 alii
1439 3997 1522 4036 rerum
1548 3994 1635 4033 ebusus
1652 3983 1805 4045 indiligenter

1030 4093 1180 4160 perscrutati
1203 4091 1283 4142 inania
1299 4091 1390 4154 scripta
1400 4092 1426 4140 in
1439 4089 1519 4140 lueem
1531 4085 1669 4138 ediderunt.

243 4188 328 4248 LXV.
345 4189 401 4258 Τὴν
421 4194 482 4269 γοῦν
497 4189 598 4270 ίθρυσιν
614 4194 659 4250 τοῦ
669 4192 740 4269 ἱεροῦ
755 4186 888 4267 Ῥωμύλῳ
909 4188 977 4255 τινὲς
1061 4202 1134 4250 Lllv.
1145 4196 1252 4257 Quidam
1267 4192 1805 4259 igilurtempluruilluduliomulooonditum

203 4276 372 4348 ἀνατιθέασι,
393 4281 443 4335 τῶν
469 4279 616 4358 ἀμηχάνων
629 4273 776 4354 νομίζοντες
796 4266 865 4334 εἰναι
878 4277 980 4344 πόλεως
1030 4284 1338 4345 assemnt,exislimantes
1358 4281 1410 4332 ireri
1423 4296 1471 4331 non
1485 4294 1567 4346 posse,
1579 4280 1649 4345 quin,
1664 4293 1722 4330 enm
1742 4280 1802 4329 urbs

154 4402 165 4432 ,ς
205 4360 369 4436 οἰκιζομένης
386 4367 432 4422 ὕπ’
448 4367 537 4445 ἀνδρὸς
553 4367 678 4445 ἐμπείρου
690 4370 820 4441 μαντικῆς
836 4363 874 4441 μὴ
891 4387 978 4423 κατα·
1025 4374 1200 4425 ὀοινάεεείοεε
1213 4371 1267 4421 viro
1284 4369 1394 4420 retiainii
1403 4369 1491 4432 perito,
1504 4370 1562 4419 ante
1573 4366 1656 4418 omnia
1675 4367 1802 4431 publicum

203 4455 381 4523 σκευασθῆναι
413 4458 515 4532 πρῶτον
538 4452 648 4514 Ἑστίαν
680 4453 770 4525 κοινὴν
797 4458 843 4523 τῆς
863 4452 979 4525 πόλεως,
1029 4465 1111 4513 Vestro
1131 4461 1249 4523 templum
1277 4460 1430 4508 exstructum
1452 4457 1527 4507 tuerit
1556 4476 1563 4508 ;
1588 4470 1645 4507 eum
1668 4455 1804 4521 presertim

202 4541 247 4598 καὶ
272 4540 348 4599 ταῦτ’
367 4542 394 4598 ἐν
418 4538 503 4621 'dits
526 4548 570 4602 τοῦ
601 4543 706 4601 κτίστου
734 4544 887 4622 τραφέντος,
911 4543 937 4599 ἐν
960 4534 978 4622 ᾗ
1029 4549 1096 4599 urbis
1121 4545 1232 4596 eonditor
1254 4543 1321 4595 Albus
1344 4543 1462 4594 educatus
1486 4547 1561 4602 esset.
1575 4542 1685 4594 ubiludo
1709 4556 1740 4592 ex
1758 4555 1804 4590 an-

201 4629 316 4688 παλαιὸν
335 4621 400 4696 {inb
418 4629 448 4687 τό
474 4636 521 4700 τῆς
542 4640 599 4698 θεᾶς
628 4629 724 4702 ταύτης
743 4631 813 4708 ἱερὸν
840 4630 978 4710 ἱδρυμένον
1027 4638 1103 4701 ἰίεςυίε
1129 4635 1280 4699 temporibus
1299 4633 1373 4682 inim
1392 4633 1446 4682 dem
1464 4631 1584 4695 templum
1611 4634 1665 4682 erat
1689 4634 1804 4680 exstruo·

201 4710 242 4791 ἦν,
254 4717 299 4777 καὶ
313 4721 361 4788 τῆς
375 4720 472 4797 μητρὸς
483 4721 562 4777 αὐτοῦ
574 4720 706 4791 θυηπόλου
720 4720 860 4795 γενομένης
872 4724 905 4796 τῇ
917 4722 977 4797 θεῷ·
1027 4730 1096 4784 tum,
1118 4726 1143 4774 et
1164 4723 1242 4787 ipsius
1256 4725 1336 4770 mater
1359 4720 1413 4769 eius
1428 4718 1543 4769 snoerdos
1564 4718 1664 4778 luisset;
1687 4718 1730 4780 qui
1746 4730 1803 4765 cnm

202 4808 376 4887 διαιρούμενοί
399 4831 426 4867 τε
448 4808 509 4888 διχῇ
533 4807 566 4865 τθι
593 4809 667 4890 ispi,
690 4806 737 4866 καί
762 4807 795 4866 τὰ
823 4807 869 4882 μίν
890 4810 976 4865 αὐτῶν
1027 4826 1097 4862 sacro
1114 4811 1139 4859 in
1153 4810 1202 4861 duo
1216 4822 1307 4873 genera
1322 4807 1448 4868 ‹iiridant‚
1463 4811 1489 4857 el
1509 4820 1595 4857 eorum
1608 4806 1655 4855 alia
1667 4803 1762 4868 publica
1778 4808 1803 4853 et

201 4897 274 4952 κοινὰ
301 4901 436 4962 ποιοῦντες
459 4896 505 4953 καί
528 4896 661 4968 πολιτικὰ,
680 4894 714 4954 τὰ
730 4898 754 4955 δ’
771 4895 825 4953 ἴδια
846 4894 892 4952 καί
907 4917 975 4972 συγ·
1029 4899 1123 4954 civilia.
1142 4899 1189 4949 alia
1203 4912 1262 4948 vero
1280 4897 1376 4961 privata
1397 4900 1422 4948 et
1441 4893 1667 4960 gentilitiorum,
1689 4892 1721 4941 ob
1739 4890 1803 4940 duas

200 4981 299 5058 γενικὰ,
320 4985 353 5039 δι’
367 4985 447 5066 ἄμφω
466 4985 549 5044 ταῦτά
566 5009 630 5064 φασι
653 4983 755 5056 πολλὴν
772 4985 889 5060 ἀνάγκην
909 4973 975 5042 εἰναι
1026 4992 1087 5041 istas
1104 5002 1205 5039 raussus
1224 4987 1293 5037 aiunt
1305 4986 1404 5036 omnino
1416 4998 1516 5035 neeesse
1532 4983 1607 5034 luisse
1620 4984 1682 5032 buno
1700 4982 1770 5030 deam
1787 4995 1802 5030 a

199 5071 238 5144 τῷ
250 5064 384 5149 Ῥωμύλῳ
408 5074 506 5145 ταύτην
536 5074 624 5133 σε’όειν
647 5073 695 5145 τὴν
715 5072 781 5135 θεόν.
826 5070 896 5132 Οὔτε
923 5070 974 5150 γάρ
1027 5077 1131 5129 Romulo
1148 5076 1203 5126 ooli.
1237 5075 1379 5126 llllrilerrim
1392 5070 1531 5123 bominibus
1548 5070 1623 5135 magis
1644 5082 1699 5120 esse
1715 5081 1802 5119 neces-

202 5157 405 5236 drepanium
421 5162 565 5241 ἀνθρώποις
579 5161 652 5222 οὐδὲν
676 5152 743 5220 εἶναι
759 5165 805 5232 τῆς
819 5163 904 5233 κοινῆς
927 5158 973 5219 i:-
993 5149 998 5223 ί
1025 5168 1127 5228 samum,
1140 5178 1214 5229 quam
1225 5165 1308 5213 vestan
1322 5161 1440 5226 templum
1449 5158 1591 5224 publicum:
1604 5168 1685 5218 neque
1697 5154 1801 5206 llomulo
