3772 5828
547 394 841 469 AN’ttQUtTATUtt
863 392 1012 454 Roman.
1035 392 1108 451 LlB.
1133 390 1182 450 tv.

82 554 128 613 φεν
146 529 201 589 υίόν
225 518 292 588 ε’ίναι
314 527 465 607 Ταρκυνίου
487 525 532 586 τόν
556 526 695 606 Ἀρρόντα·
721 526 790 586 ἀλλὰ
812 525 858 584 καὶ

83 621 141 679 καθ’
156 617 261 696 ἕτερον,
277 618 319 676 ότι
335 616 415 698 φησίν
439 615 605 675 ἀποθανόντα
619 616 669 674 ὑπὸ
691 618 738 685 τῆς
761 613 861 693 μητρὸς

84 706 282 773 Τανακυλλίδος
293 704 434 785 τεθάφθαι,
446 703 479 777 ἣν
493 705 634 784 ἀμήχανον
649 695 681 776 ἦν
695 704 732 762 ἔτι
744 703 789 761 καί
802 705 861 761 κατ’

85 794 196 860 ίκείνους
218 792 347 874 περιεῖναι
371 791 432 859 τοῦς
448 790 568 873 χρόνους.
611 790 739 871 Ἐῦείχθη
756 789 807 867 γάρ
833 791 859 848 ἐν

44 912 58 950 a
83 885 178 964 ἀρχαῖς
192 879 384 957 ἒόδομηκοστθν
400 879 499 960 ἔχουσα
511 881 557 939 καί
572 879 693 957 πέμπτον
708 877 764 945 ἔτος
776 883 793 949 ἡ
805 880 862 939 Τα-

83 972 224 1045 νακυλλίς,
240 968 282 1029 ότε
299 969 421 1049 βασιλεὺς
435 970 584 1049 Ταρκύνιος
596 966 733 1028 ἐτελεύτα·
750 989 861 1044 προετε-

85 1059 181 1119 θίντων
194 1058 225 1129 δὴ
239 1069 297 1133 τοῖς,
312 1056 495 1135 ίόδομήκοντα
510 1061 555 1115 καὶ
570 1057 647 1116 πέντε
664 1056 748 1114 ἔτεσιν
764 1055 861 1134 ἑτέρων

86 1148 284 1226 τετταράκοντα
306 1149 388 1206 ίτῶν·
404 1149 430 1204 te
442 1144 493 1225 γάρ
507 1147 565 1210 ταῖς
585 1144 722 1211 ἐνιαυσίοις
742 1148 860 1222 ἀναγρα-

85 1245 146 1317 φαῖς
160 1234 229 1294 κατά
247 1234 291 1295 τόν
312 1234 520 1315 τετταρακοστὸν
543 1233 662 1292 ἐνιαυτόν
682 1238 729 1304 τῆς
743 1231 858 1293 Τυλλίου

29 1348 56 1388 tu
84 1328 168 1405 ἀρχῆς
187 1325 232 1384 τὀν
260 1324 384 1406 Ἀρρόντα
410 1321 617 1394 τετελευτηκότα
640 1321 861 1400 παρειλήφαμεν·

31 1434 35 1441 ·
83 1417 180 1486 ἕτῶνη
205 1413 371 1480 Τανακυλλίς
399 1412 475 1473 lotar
505 1413 695 1472 πεντεκαίδεκα
720 1410 784 1492 πρὸς
808 1417 862 1476 τοῖς

84 1504 187 1563 ἑκατόν·
209 1503 290 1570 οὕτως
312 1502 481 1582 όλίγονὶστὶν
510 1504 536 1560 ἐν
557 1509 615 1568 ταῖς
634 1501 761 1579 ἱστορίαις
783 1500 862 1558 αὐτοῦ

83 1593 113 1654 τὸ
136 1594 197 1672 περὶ
215 1593 263 1665 τὴν
293 1591 407 1661 ίξίτασιν
433 1595 481 1663 τῆς
510 1589 634 1663 ἀληθείας
663 1587 860 1667 ἀταλαίπωρον.

84 1681 160 1742 hle-‚ia
174 1686 251 1738 τοῦτο
263 1680 294 1740 τὸ
314 1680 389 1760 ἔργον
407 1681 481 1739 οὐδὲν
504 1679 543 1738 ἔτι
557 1677 763 1755 &repetiisset
789 1678 864 1757 Ταρ-

30 1800 55 1839 tn
83 1768 169 1836 κύνιος
186 1769 314 1846 ἐπάγεται
327 1777 438 1848 γυναῖκα
452 1769 500 1839 τὴν
519 1767 656 1840 Τυλλίαν,
672 1765 731 1827 ούτε
750 1769 796 1825 τοῦ
812 1787 863 1825 πα·

82 1856 142 1936 τρθς
163 1857 244 1926 αύτῆς
263 1855 428 1935 βεόαιοῦντος
446 1856 490 1916 τὸν
505 1857 601 1937 γάμον,
625 1856 685 1917 οὔτε
698 1861 746 1930 τῆς
765 1855 863 1936 μητρός

83 1943 302 2015 συνευδοκούσης,
334 1946 393 2004 ἀλλ’
421 1945 501 2016 αὐτὴν
537 1948 605 2025 παρ’
636 1949 730 2012 ἑαυτῆς
757 1942 859 2004 λαόιίιν.

81 2020 137 2100 <Ως
163 2032 189 2090 δὲ
216 2034 441 2113 συνεκεράσθησαν
465 2037 492 2092 ol
519 2033 619 2094 ἀνόσιοι
633 2034 679 2093 καλ
708 2032 860 2113 ἀνδροφόνοι

84 2122 185 2202 φύσεις,
221 2121 341 2182 ε’κόαλεῖν
366 2126 397 2182 ἐκ
422 2127 468 2194 τῆς
496 2124 631 2202 βασιλείας
657 2124 701 2183 τὸν
733 2121 862 2193 Τύλλιον,

26 2239 55 2278 20
82 2214 105 2269 εἰ
122 2210 160 2287 μὴ
185 2211 304 2290 βούλοιτο
322 2208 389 2271 ἑκὼν
412 2213 578 2292 παραδοῦναι
604 2208 653 2284 τὴν
673 2211 776 2292 ἀρχὴν,
792 2213 862 2287 ἔμη-

81 2303 218 2378 χανιῦντο,
243 2300 361 2377 ἑταιρίας
392 2324 421 2359 τε
450 2307 608 2379 συνάγοντες
639 2300 685 2359 καὶ
721 2304 774 2357 τῶν
806 2323 863 2357 πα-

81 2387 187 2465 τρικίων
209 2388 270 2455 τοῦς
295 2388 440 2467 ἀλλοτρίως
467 2388 576 2466 ἔχοντας
599 2388 664 2466 πρὸς
679 2389 723 2446 τὀν
750 2386 862 2466 βασιλέα

81 2477 127 2535 καί
151 2475 184 2534 τὰ
209 2475 340 2550 δημοτικά
371 2475 553 2551 πολιτεύματα
581 2479 811 2556 παρακαλοῦντες,
832 2473 863 2533 ίκ

82 2585 112 2620 τε
132 2568 178 2621 τοῦ
205 2564 346 2637 δημοτικοῦ
373 2563 487 2632 πλήθους
519 2563 578 2629 τοῦς
606 2563 804 2642 ἀπορωτάτους,
827 2553 864 2629 οἷς

24 2664 54 2703 as
84 2650 186 2716 οὐδενὸς
200 2655 252 2708 τῶν
267 2650 373 2709 δικαίων
399 2652 502 2730 φροντίς
522 2643 571 2724 ἦν,
593 2650 728 2730 χρήμασιν
754 2649 863 2719 ἐξωνού-

83 2758 173 2814 μενοι,
190 2734 236 2794 καί
250 2735 308 2794 οὐδὲ
328 2738 434 2817 ἀφανῶς
449 2737 549 2797 ίκαστα
572 2738 669 2798 τούτων
693 2737 860 2819 πράττοντες.

81 2829 167 2882 ταῦτα
182 2823 205 2882 δ’
217 2828 284 2905 ὁρῶν
299 2829 313 2883 θ
327 2825 443 2893 Τύλλιος
458 2825 556 2907 ἤχθετο
570 2827 618 2903 μὲν
633 2826 678 2886 καί
691 2826 751 2907 περί
769 2830 861 2887 ἑαυτοῦ

81 2911 171 2980 δεδιὼς
187 2912 212 2971 εί
225 2937 251 2972 τι
274 2912 394 2973 πείσεται
410 2914 648 2995 προκαταληφθείς·
663 2915 806 2995 ἠγανάκτει
825 2914 854 2975 δὲ

82 3005 131 3081 οὐχ
148 3002 259 3077 ἥκιστα,
274 3006 296 3061 εί
317 3003 427 3083 θυγατρὶ
439 3004 486 3070 καί
508 3003 623 3085 γαμόρῷ
637 3005 761 3081 πολεμεῖν
778 3007 859 3083 ἀναγ-

27 3099 55 3139 ³⁰
81 3090 246 3162 καυθήσεται
260 3092 305 3149 καὶ
320 3090 449 3170 τιμωρίας
462 3096 499 3161 ὡς
511 3095 576 3174 παρ’
589 3095 690 3172 ἐχθρῶν
703 3094 860 3169 λαμθάνιιν,

80 3178 205 3245 πολλάκις
230 3179 298 3257 μετὰ
314 3183 366 3237 τῶν
381 3179 464 3261 φίλων
480 3181 693 3261 προκαλούμενος
707 3184 745 3248 εἰς
771 3181 863 3259 λόγους

79 3267 123 3325 τὸν
135 3267 293 3347 Ταρκύνιον,
309 3267 355 3327 καί
369 3268 405 3328 τά
429 3269 476 3345 μίν
491 3271 624 3347 ἐγκαλῶν,
640 3269 675 3328 τά
689 3271 717 3329 δὲ
735 3274 861 3330 νουθετῶν

78 3355 112 3413 τά
130 3355 157 3415 δὲ
169 3357 278 3434 πείθων,
293 3355 375 3434 μηδίν
390 3359 427 3424 εἷς
444 3358 535 3417 {aurbu
551 3358 754 3436 ίίαμαρτάνειν.
771 3357 821 3424 Ὡς
835 3357 863 3417 δὲ

79 3447 108 3501 ού
127 3453 267 3524 προσεῖχεν
282 3449 354 3525 αὐτῷ
378 3445 425 3517 τὴν
443 3447 576 3516 διάνοιαν,
594 3449 654 3506 ἀλλ’
671 3446 715 3506 ἐπὶ
741 3453 787 3519 τῆς
802 3450 862 3526 βου-

27 3553 54 3594 as
80 3534 127 3603 λῆς
142 3532 191 3611 ἔφη
206 3533 239 3592 rb
263 3535 351 3594 δίκαια
367 3535 431 3615 πρὸς
446 3536 526 3597 αὐτόν
542 3539 627 3617 ἐρεῖν,
652 3536 817 3614 συγκαλίσας
833 3536 863 3596 τό

82 3617 232 3699 συνέδριον·
259 3648 271 3672 ι
294 3619 414 3705 Ἄνδρες,
437 3622 502 3704 ἔφη,
533 3626 690 3704 βουλευταί,
716 3622 863 3704 Ταρκύνιος

83 3736 94 3760 ι
115 3707 231 3785 ἑταιρίας
245 3710 286 3767 ἀπ’
299 3711 346 3787 ἐμά
369 3711 503 3792 συνάγων,
519 3713 565 3773 καί
587 3712 801 3793 προθυμούμενοι
820 3715 862 3772 ἐκ·

81 3825 96 3850 ι
110 3796 200 3855 ότλείν
216 3821 250 3875 μι
260 3802 306 3872 τῆς
320 3800 414 3880 ἀρχῆς,
437 3802 591 3884 καταφανὴς
605 3802 695 3883 γε’γυνό
710 3826 766 3879 μοι.
790 3801 861 3862 Βού-

82 3911 97 3938 n
114 3885 196 3961 λομαι
208 3884 236 3944 δὲ
250 3886 357 3949 πάντων
373 3892 447 3965 ὑμῶν
465 3889 602 3971 παρόντων
618 3895 710 3965 μαθεῖν
726 3890 791 3971 παρ’
810 3893 860 3948 αῦ-

28 3991 55 4031 to
80 4001 93 4024 ι
110 3978 173 4047 τοῦ,
191 3973 216 4032 τί
230 3978 364 4045 πεπονθὼς
382 3978 436 4059 ίδίφ
452 3979 549 4051 κακὸν,
565 3978 582 4051 ἢ
597 3979 624 4038 τί
638 3980 686 4053 τὴν
702 3981 778 4039 πόλιν
793 3983 860 4060 ὁρῶν

81 4089 93 4114 α
112 4063 287 4140 ἀδικουμίνην
310 4069 353 4126 ὑπ’
368 4067 450 4144 ἐμοῦ,
466 4071 538 4127 ταῦτ’
553 4069 595 4126 ἐπ’
619 4069 678 4144 ἐμοί
693 4077 857 4146 μηχανᾶται.

81 4179 93 4202 ο
112 4150 265 4233 ’ἀπόκριναι
280 4153 330 4229 δὴ,
354 4153 503 4237 Ταρκύνιε,
524 4157 606 4233 μηδὲν
623 4156 859 4238 ἀποκρυψάμενος,

81 4267 93 4291 ι
110 4240 136 4298 τί
166 4264 216 4315 μου
243 4247 400 4323 κατηγορεῖν
428 4245 511 4326 ἔχεις,
540 4245 630 4320 ἐπειδὴ
646 4246 751 4314 τούτους
776 4247 861 4318 ἠξίους

80 4355 94 4381 ε
112 4329 270 4391 daciani.»

31 4442 54 4482 ts
120 4420 230 4481 xxxi.
253 4419 334 4502 Λίγει
347 4420 413 4502 πρὸς
427 4421 504 4482 αὐτόν
523 4422 709 4502 όΤαρκύνιος·
729 4451 742 4476 ε
756 4420 862 4504 Βραχύς

83 4511 185 4568 «ἐστιν
205 4511 299 4588 θπαρ’
322 4513 388 4588 ἐμοῦ
412 4501 537 4591 λόγος,ίῦ
559 4512 666 4583 Τύλλιε,
686 4515 732 4573 καί
753 4512 860 4584 δίκαιος,

80 4621 94 4648 ι
109 4595 155 4655 καί
171 4593 215 4656 ini
235 4603 311 4658 τοῦτο
333 4599 495 4679 προειλόμην
510 4599 588 4660 αὐτόν
606 4603 643 4667 είς
663 4600 771 4667 τούτους
785 4599 861 4680 ἐκφό-

81 4708 94 4734 a
110 4704 174 4758 ριιν.
217 4685 363 4766 Ταρκύνιος
387 4687 448 4764 epia
476 4686 513 4748 ὢν
537 4689 644 4756 πάππος
667 4688 797 4760 ἐκτήσατο
811 4686 860 4758 τὴν

83 4796 96 4823 ι
114 4773 167 4829 τῶν
183 4769 325 4849 Ῥωμαίων
341 4774 440 4856 ἀρχὴν,
459 4774 572 4843 πολλοὺς
586 4776 631 4835 καί
642 4775 771 4852 μεγάλους
787 4777 859 4852 ἀγῶ-

31 4874 55 4914 tt
81 4886 93 4913 ε
109 4880 156 4928 νας
172 4860 239 4943 ὑπὲρ
254 4865 334 4937 αὐτῆς
349 4864 491 4947 ἀράμενος.
511 4864 629 4926 Ἐκείνου
645 4865 858 4939 τελευτήσαντος,

82 4952 164 5026 ιε’γὼ
192 4949 314 5030 διάδοχός
341 4955 397 5030 εἰμι
424 4952 494 5011 κατὰ
517 4952 578 5021 τοὺς
605 4951 705 5022 κοινούς
734 4954 860 5012 ἁπάντων

85 5062 98 5087 ε
113 5033 254 5109 Ἑλλήνων
273 5063 303 5099 τε
321 5041 365 5099 καί
381 5040 523 5122 βαρόάρων
545 5041 652 5119 νόμους·
672 5041 716 5101 καί
730 5042 859 5124 opsonium

82 5149 94 5176 ε
110 5146 168 5203 μοι,
183 5128 304 5207 καθάπερ
318 5129 364 5187 καί
380 5138 434 5198 τοῖς
450 5129 539 5198 ἄλλοις
552 5131 605 5198 τοῖς
619 5130 814 5210 διαδεχομένοις
828 5127 862 5189 ed

85 5240 98 5265 ι
115 5219 256 5296 παππῷα,
280 5215 319 5296 μὴ
341 5217 421 5296 μόνον
444 5222 496 5279 τῶν
508 5219 656 5303 χρημάτων
674 5219 743 5280 ἀλλά
754 5219 800 5279 καὶ
814 5222 862 5292 τῆς

1632 395 1689 453 att

914 533 1039 595 sepultum
1063 544 1118 580 csse
1137 531 1188 586 ait.
1213 544 1270 593 quae
1292 529 1341 580 iilis
1358 528 1511 594 temporibus
1529 531 1596 581 nullo
1618 533 1693 587 modo

914 639 1040 701 superstes
1050 649 1106 686 esse.
1120 635 1209 700 potuit.
1245 635 1272 683 ln
1287 633 1407 698 principio
1418 633 1483 684 enim
1498 633 1693 690 demonstratum

915 745 965 800 est,
979 740 1139 803 Tanaquilem
1155 738 1238 789 atatis
1255 752 1346 789 aunum
1364 752 1429 787 cxxv
1445 738 1577 800 habuisse,
1596 744 1694 806 quando

915 860 959 897 rex
973 845 1121 910 Tarquinius
1133 845 1194 895 obiit
1213 863 1220 893 ι
1240 843 1332 894 additis
1348 859 1407 894 reno
1420 843 1453 893 ad
1466 844 1521 894 illos
1540 845 1695 911 septuaginta

914 955 940 1002 et
961 952 1069 1014 quinque
1089 964 1167 1000 annos
1183 950 1237 999 aliis
1250 949 1411 1013 quadraginta
1429 953 1500 1001 annis
1514 951 1549 1014 (in
1566 951 1696 1003 annalibus

915 1060 979 1109 enirn
1000 1058 1186 1123 quadragesimo
1203 1073 1267 1107 nnnc
1290 1060 1357 1122 regni
1377 1060 1450 1110 Tullii
1466 1065 1585 1112 hruntem
1604 1061 1706 1114 obiisse·
1772 1065 1776 1072 ”

915 1165 1062 1229 accepimus)
1075 1167 1193 1229 Tanaquil
1211 1167 1300 1218 luisset
1319 1183 1439 1219 aunomm
1464 1175 1563 1221 centurn
1580 1173 1607 1221 et
1622 1170 1696 1234 quin·

915 1271 1005 1321 decim.
1038 1271 1106 1321 Adeo
1117 1285 1203 1336 pamm
1212 1273 1305 1325 laboris
1318 1275 1358 1325 hic
1370 1275 1476 1340 scriptor
1487 1277 1511 1326 in
1521 1274 1632 1328 historiis
1643 1276 1695 1326 suis

916 1375 948 1426 ad
970 1376 1147 1440 exquirendam
1177 1392 1259 1430 rerum
1286 1383 1414 1432 veritatem
1447 1380 1574 1446 impendit.
1607 1384 1696 1436 Postea

916 1483 1064 1548 Tarquinius
1090 1469 1156 1536 nulla
1179 1487 1284 1552 amplius
1308 1488 1451 1553 interposita
1479 1503 1549 1539 mora
1575 1490 1695 1550 Tulliam,

916 1601 997 1652 nequo
1019 1592 1089 1653 patre
1104 1591 1201 1655 nuptias
1213 1593 1267 1643 eius
1287 1595 1448 1645 continuante
1471 1608 1550 1657 neque
1563 1597 1641 1645 rnatro
1654 1607 1697 1646 eas

916 1697 1075 1761 approbante,
1086 1700 1130 1749 sed
1141 1700 1194 1763 ipsa
1213 1700 1266 1750 sola
1279 1700 1384 1761 volente,
1399 1715 1502 1752 uxorem
1519 1701 1600 1752 duait.
1632 1702 1697 1754 Cum

916 1811 1000 1858 autem
1022 1806 1076 1857 brec
1095 1807 1145 1855 duo
1162 1805 1257 1869 ingenia
1276 1807 1369 1857 netaria
1384 1811 1410 1858 et
1431 1812 1534 1859 cruenta
1553 1810 1638 1859 innota
1652 1823 1696 1861 es·

917 1913 986 1972 sent,
1008 1924 1082 1974 regno
1098 1909 1204 1960 Tullium
1225 1912 1359 1975 expellere,
1378 1912 1426 1962 nisi
1437 1917 1524 1977 sponte
1538 1915 1640 1978 irnperio
1655 1927 1697 1965 re·

917 2014 1000 2072 deret.
1025 2012 1185 2074 conabantur,
1215 2012 1333 2063 sodalicia
1358 2014 1545 2075 contrahentes,
1569 2019 1595 2066 et
1622 2015 1698 2080 patri·

918 2119 1011 2170 ciomm
1042 2133 1099 2179 cos.
1125 2121 1168 2184 qui
1189 2120 1294 2171 alienum
1318 2121 1428 2171 animum
1447 2136 1462 2171 a
1484 2134 1541 2184 rege
1573 2121 1697 2172 habebant

917 2229 944 2276 et
957 2228 1051 2277 statum
1071 2228 1214 2292 popularem
1234 2228 1338 2279 oderant
1353 2227 1523 2291 solicitantes,
1540 2227 1611 2279 etde
1627 2228 1698 2292 plebe

918 2333 1088 2398 egentissimos
1104 2348 1226 2400 quosque.
1247 2336 1292 2399 qui
1312 2335 1434 2386 iustitiam
1452 2335 1521 2386 nullo
1539 2326 1613 2386 modo
1626 2349 1698 2387 cura·

918 2439 987 2499 bont,
1004 2442 1115 2506 pecuniis
1135 2448 1256 2502 ementes,
1278 2444 1352 2508 atque
1371 2442 1435 2493 adeo
1452 2443 1513 2493 nibil
1527 2443 1617 2493 burum
1635 2444 1699 2495 clam

919 2544 1042 2598 iacientes.
1076 2547 1172 2597 Tullius
1184 2562 1243 2598 vero
1255 2548 1309 2599 hanc
1320 2563 1422 2600 cernens
1435 2550 1538 2600 moleste
1551 2550 1650 2614 quidem
1664 2552 1698 2601 to·

918 2652 986 2703 rebat
993 2667 1050 2703 cum
1060 2653 1106 2703 sibi
1117 2655 1215 2714 timens,
1228 2669 1259 2703 nc
1271 2655 1329 2718 quid
1343 2656 1400 2704 rnali
1408 2658 1547 2720 proventus
1555 2660 1696 2720 pateretur:

917 2764 971 2810 tum
985 2772 1039 2810 eam
1050 2759 1084 2810 ob
1095 2774 1148 2810 rem
1160 2760 1317 2825 potissimum
1330 2763 1449 2821 incestus,
1462 2762 1529 2825 quod
1541 2776 1597 2813 curn
1610 2764 1660 2815 filia
1672 2766 1699 2816 et

917 2877 1006 2927 genero
1028 2862 1120 2914 bellum
1140 2878 1223 2929 gerere
1236 2869 1261 2915 et
1276 2865 1308 2916 ab
1320 2865 1356 2916 eis
1368 2879 1456 2930 poenas
1469 2870 1587 2931 tanquam
1605 2866 1637 2918 ab
1651 2869 1697 2920 bo·

918 2968 996 3017 stibus
1006 2969 1115 3032 repetere
1128 2972 1264 3033 cogeretur.
1299 2971 1329 3019 Et
1339 2969 1601 3034 saepiuspraesentibus
1612 2971 1699 3022 amicis

919 3080 1079 3145 tarquinium
1094 3080 1121 3132 in
1131 3082 1279 3146 colloquium
1299 3082 1406 3142 vocarit,
1417 3096 1523 3146 eumque
1537 3082 1611 3133 modo
1627 3084 1699 3135 incu-

918 3188 1003 3249 sabat,
1021 3189 1094 3239 modo
1104 3188 1234 3247 monebat,
1252 3185 1415 3238 modoetiam
1431 3184 1578 3237 hortabatur
1591 3199 1622 3236 ne
1637 3184 1700 3250 qnid

917 3292 1022 3357 amplius
1038 3292 1063 3341 in
1077 3305 1104 3342 se
1114 3292 1268 3354 delinqueret
1288 3310 1295 3340 ι
1310 3289 1418 3341 sedcum
1433 3288 1473 3339 itte
1484 3287 1539 3338 eius
1553 3286 1640 3343 uerbis,
1649 3299 1701 3336 non

916 3396 1047 3455 obediret,
1061 3396 1106 3445 sed
1120 3395 1214 3444 diceret
1228 3409 1254 3444 se
1269 3395 1293 3443 in
1308 3396 1395 3443 senatu
1414 3405 1526 3442 caussam
1537 3404 1608 3441 suam
1624 3393 1697 3441 εσῑυ-

918 3512 981 3556 τοτα,
994 3498 1089 3548 Tullius
1099 3501 1184 3547 coacto
1196 3499 1284 3546 senatu
1297 3514 1304 3544 ι
1324 3516 1336 3539 ι
1352 3498 1446 3554 Patres,
1455 3494 1542 3558 inquit,
1554 3491 1698 3559 conscripti,

919 3628 931 3650 s
948 3608 1079 3659 manifesto
1093 3606 1201 3671 comperi
1226 3606 1394 3671 Tarquinium
1418 3607 1534 3657 eodalicia
1552 3607 1701 3658 contrahere

919 3732 929 3755 ν
948 3716 1034 3762 contra
1048 3725 1103 3771 me,
1125 3714 1151 3762 et
1162 3711 1247 3760 conari
1264 3723 1388 3776 meragno
1402 3711 1499 3775 pellere.
1534 3712 1597 3762 Volo
1618 3711 1700 3776 igitur

918 3836 929 3858 ιι
948 3815 1112 3881 presentibus
1127 3814 1198 3865 robis
1219 3814 1336 3866 omnibus
1353 3814 1417 3865 scire
1435 3815 1468 3865 ob
1491 3827 1565 3877 quam
1582 3814 1700 3865 iniuriam

918 3942 929 3965 n
947 3921 1060 3988 privatim
1074 3924 1211 3985 acceptam,
1231 3923 1275 3971 aut
1290 3933 1340 3985 qua
1358 3920 1383 3970 iu
1397 3932 1449 3969 rea
1464 3932 1504 3968 mo
1520 3918 1699 3983 rempublicam

917 4045 930 4069 «ι
946 4025 1035 4077 iniuria
1048 4025 1162 4076 allectam
1178 4037 1288 4081 cernens,
1302 4023 1360 4073 hac
1374 4022 1434 4072 mihi
1453 4020 1614 4073 machinetur.
1638 4025 1701 4075 lies·

917 4151 929 4174 «ι
950 4130 1030 4196 ponde
1061 4129 1146 4195 igitur,
1166 4126 1294 4192 Tarquini,
1313 4126 1372 4176 nihil
1382 4125 1556 4187 dissimulans,
1571 4140 1646 4190 quam
1662 4128 1697 4178 ob

917 4255 929 4279 κ
947 4249 999 4286 τωο
1019 4249 1059 4288 me
1081 4247 1199 4293 accuses,
1220 4230 1419 4296 quandoquidem
1433 4230 1495 4282 istos
1509 4234 1533 4282 te
1545 4231 1632 4283 audire
1649 4245 1696 4282 ro·

916 4359 928 4382 a
944 4340 1020 4391 luisti.
1035 4361 1048 4383 ν

946 4424 1032 4493 llxlll.
1048 4443 1187 4508 Respondet
1195 4441 1218 4492 ei
1227 4439 1375 4502 Tarquinius
1384 4453 1409 4485 :a
1421 4441 1501 4488 Pauca
1511 4450 1589 4501 eaque
1599 4434 1701 4493 iustae

917 4560 929 4583 n
947 4539 1021 4598 Tulli,
1033 4553 1088 4590 sum
1097 4538 1219 4595 dicturus.
1234 4541 1258 4586 et
1271 4539 1399 4599 propterea
1407 4535 1460 4584 lroec
1470 4548 1553 4583 coram
1565 4533 1603 4581 his
1612 4529 1695 4580 decla·

917 4658 929 4682 ι
944 4653 1000 4689 rare
1011 4639 1087 4690 volni.
1127 4637 1275 4698 Tarquinius
1294 4647 1355 4683 avus
1373 4645 1444 4682 meus
1463 4635 1628 4682 Romanorum
1648 4628 1694 4677 im·

917 4758 929 4782 α
943 4738 1039 4802 perium
1051 4735 1156 4800 adeptus
1164 4737 1218 4792 est.
1234 4735 1368 4796 postquam
1387 4729 1464 4779 multa
1478 4739 1615 4791 magnaque
1628 4722 1695 4788 peri·

917 4855 930 4879 α
946 4835 1002 4885 outa
1023 4848 1067 4900 pro
1091 4847 1122 4884 eo
1138 4831 1213 4883 subiit
1237 4848 1242 4877 :
1267 4828 1334 4879 iilius
1357 4827 1439 4876 nrrtem
1463 4822 1554 4872 mortui
1574 4832 1619 4882 ego
1639 4830 1696 4869 sum

918 4953 930 4977 ν
945 4945 1078 4991 successor,
1097 4946 1128 4980 ex
1151 4927 1324 4980 communibus
1346 4925 1457 4977 omnium
1485 4926 1535 4972 tam
1552 4921 1696 4972 uiscerum

917 5051 929 5074 «ι
943 5028 1182 5094 quambarbarorum
1192 5026 1302 5092 legibus3
1314 5028 1339 5075 et
1351 5033 1504 5086 mequoque‚
1515 5021 1544 5069 ut
1559 5020 1584 5069 et
1599 5021 1698 5071 ceteros

917 5149 929 5172 s
947 5128 1059 5179 homines
1072 5128 1103 5178 ad
1115 5141 1178 5192 quos
1196 5128 1261 5175 avita
1272 5125 1335 5173 bona
1352 5121 1407 5170 iure
1421 5117 1570 5169 hereditario
1582 5118 1696 5180 veniunt,

918 5247 930 5271 ιι
945 5240 995 5277 nou
1006 5225 1086 5278 solum
1099 5223 1276 5290 pecuniarum,
1292 5216 1336 5269 sed
1355 5219 1380 5267 et
1401 5215 1468 5278 regni
1488 5215 1567 5281 ipsius
1579 5216 1696 5268 heredem
