3772 5828
609 383 900 454 nnrrobt‘rnnttnt
920 384 1068 445 bollan.
1093 386 1165 445 LlB.
1189 386 1239 444 ΧΙ.

127 514 179 574 άπὸ
193 515 245 572 τῶν
260 515 339 592 τριῶν
355 510 625 588 ταγμάτων,ίξελθεῖν
648 514 692 572 ε’πί
707 514 754 585 ’τὴν
770 516 904 594 ἀναίρεσιν

126 607 171 661 τοῦ
198 601 335 676 σώματος,
360 599 404 657 ἵνα
428 603 496 676 μετὰ
522 603 621 672 πολλῆς
647 604 833 683 θσραλείαςτε
859 607 903 663 καὶ

126 695 204 767 τιμῆς
220 692 263 749 tat
285 689 332 762 τὴν
350 688 522 769 παρεμόολὴν
538 691 761 769 παρακομισθείη.
791 694 905 773 Συγχω-

127 780 263 860 ρησάντων
288 777 315 837 δὲ
333 780 385 837 τῶν
405 775 541 856 ἡγεμόνων
562 776 594 835 δι’
614 778 767 851 εὐλάόειαν,
789 780 904 857 μήτινα
943 798 945 803 ·

85 872 98 908 ⁵
126 868 288 946 παράσχοιεν
307 867 396 934 αὐτοῖς
412 866 525 947 ὑποψίαν
538 866 599 947 περί
614 868 644 925 τὸ
665 877 778 947 πρθγμα
798 868 903 929 ῖπιόου-

125 956 174 1026 λῆς
187 956 261 1034 καλῷ
274 953 319 1013 καῖ
331 954 490 1031 προσήκοντι
502 952 571 1034 ἔργῳ
586 955 765 1032 ἐνιστάμενοι,
779 956 904 1022 λαθόντες

126 1043 160 1100 τὰ
175 1044 246 1105 ὅπλα
262 1041 380 1122 ἐξῄεσαν.
434 1041 573 1111 Ἐλθόντες
596 1043 619 1102 δ’
636 1044 679 1102 ίπί
694 1042 738 1104 τδν
753 1045 852 1118 τόπον,
868 1048 911 1112 ὡς’

128 1121 195 1190 εἶδόν
212 1131 250 1207 [τε
268 1131 394 1209 οὐδαμοῦ]
409 1129 467 1190 οὔτε
485 1126 597 1210 δρυμοίνς
613 1128 672 1189 οὗτε
686 1130 824 1212 φάραγγας
844 1131 903 1191 οὔτε

128 1219 192 1278 άλλο
207 1219 321 1300 χοιρίον,
339 1218 399 1279 ἔνθα
410 1219 576 1288 θποκαθίζειν
589 1221 645 1279 ίστῖ
658 1218 748 1300 λόχοις
760 1220 824 1293 ίθος,
835 1218 903 1280 ἀλλὰ

75 1310 101 1348 ¹⁰
128 1309 203 1386 ψιλὸν
222 1309 267 1368 καί
291 1313 421 1391 περιρανῆ
445 1308 489 1366 καί
505 1308 662 1386 στενόπορον
682 1308 776 1387 ὄχθον,
792 1309 827 1367 δι’
839 1310 904 1368 θπο-

126 1395 186 1476 ψίας
201 1397 296 1456 ἔλαθον
314 1395 406 1464 εὐθέως
425 1398 455 1455 τ“ο
470 1395 603 1476 πραχθίν·
620 1396 711 1455 ἔπειτα
727 1404 782 1465 τοῖς
804 1405 903 1478 νεκροῖς

126 1487 323 1565 προσελθόντες,
347 1490 382 1553 ὡς
407 1487 547 1543 ίθιάσαντο
567 1482 613 1543 τόν
639 1506 667 1543 τε
691 1484 798 1544 Σίκκιον
824 1485 902 1544 αι’ντθν

127 1577 284 1635 άσκόλευτον
299 1574 453 1655 ἐρριμμένον
470 1574 517 1634 καί
532 1573 591 1642 τοὺς
606 1573 700 1640 σίλλους
719 1572 855 1649 ἅπαντας,
874 1577 901 1633 ἐν

127 1664 242 1741 θαύματι
254 1656 338 1739 ἦσαν,
348 1664 370 1722 εί
381 1661 503 1739 πολέμιοι
517 1659 695 1741 κρατήσαντες
707 1664 818 1740 ἐχθρῶν,
832 1661 901 1738 μήτε

75 1763 98 1800 ¹⁶
126 1753 195 1813 όπλα
210 1753 389 1835 περιείλοντο,
406 1750 468 1827 μήτ’
485 1753 582 1823 ίσθῆτα
596 1750 763 1831 περιέδυσεν.
790 1756 898 1832 Διερευ·

126 1842 237 1916 νώμενοί
252 1866 280 1901 τε
294 1841 329 1900 τὰ
344 1838 419 1919 πίριῖ
434 1836 556 1912 ἅπαντα,
580 1841 615 1906 ῶς
629 1834 792 1899 οὔτεστίόον
810 1837 901 1898 ίππων

126 1928 186 1987 οὔτε
207 1929 279 2009 ἴχνος
303 1928 446 2010 ἀνθρώπων
469 1926 542 1986 οὐδὲν
565 1926 683 2006 εὕρισκον
711 1927 761 1997 ἔξω
782 1933 834 1988 τῶν
859 1928 901 1989 tat

125 2023 172 2089 τῆς
187 2021 262 2092 tice,
277 2027 387 2099 πρᾶγμα
407 2019 545 2097 ἀμήχανον
567 2016 754 2093 ὓπελιίμόανον
776 2008 843 2078 εἶναι
855 2043 902 2079 πο-

126 2109 230 2185 λεμίους
254 2110 412 2189 ἐπιφανῆναι
430 2110 484 2174 τοῖς
510 2106 644 2187 σρετίροις
668 2109 795 2187 οῖρανεῖς,
810 2106 901 2189 ῶσπερ

75 2215 98 2251 au
127 2199 238 2271 πτηνοιίς
251 2221 322 2265 τινας
341 2195 358 2268 ἢ
374 2198 510 2263 διοπετεῖς.
553 2193 639 2275 Ὗπδρ
654 2198 761 2256 ἅπαντα
773 2197 801 2257 bl
816 2202 900 2257 ταῦτα

125 2288 169 2345 καί
191 2288 224 2345 τὰ
249 2286 318 2346 ἄλλα
342 2286 464 2364 μέγιστον
486 2284 574 2350 αὐτοῖς
596 2284 678 2364 θράνη
700 2286 842 2366 τεκμήριον
855 2290 900 2345 τοῦ

125 2373 162 2448 μθ,
177 2373 241 2453 πρὸς
256 2377 376 2454 ἐχθρῶν,
395 2371 455 2433 ἀλλ’
474 2371 526 2431 ὑπὸ
541 2371 623 2452 φίλων
637 2373 681 2433 τὸν
696 2374 779 2453 ἄνδρα
799 2376 903 2433 ἀπολω-

124 2463 215 2533 λέναι,
234 2461 265 2521 τὸ
291 2460 393 2536 μηδένα
412 2463 465 2519 τῶν
487 2461 620 2537 πολεμίων
643 2465 777 2540 εὑρεθῆναι
798 2462 900 2543 νεκρόν.

125 2553 166 2609 Οὐ
182 2549 232 2628 γὰρ
258 2550 356 2609 ἀκονιτί
375 2572 404 2628 γε
427 2548 459 2607 θν
484 2550 589 2609 ἐδόκουν
614 2552 753 2610 ἀποθανεῖν
779 2549 901 2623 Σίκκιον,

75 2656 97 2693 ιο
126 2639 207 2716 ἄνδρα
225 2639 270 2696 καί
292 2636 383 2717 ῥώμην
406 2636 452 2695 καί
465 2638 552 2717 ψυχὴν
572 2637 768 2712 ἀνυπόστατον,
784 2638 841 2699 οὐδὲ
856 2637 900 2698 τθν

126 2725 299 2797 ὑπασπιστὴν
311 2771 321 2804 ,
332 2724 390 2785 οὐδὲ
405 2722 463 2793 τοίνς
478 2724 573 2793 ἄλλους
585 2725 645 2794 τοὺς
660 2725 706 2786 οθν
721 2729 792 2807 αὐτῷ
807 2726 901 2787 πεσόν-

125 2839 186 2890 τας,
203 2817 289 2882 ἄλλως
303 2837 332 2874 τε
353 2812 398 2873 καῖ
411 2815 440 2872 ίκ
454 2813 541 2895 χειρθς
565 2814 706 2893 γενομένης
727 2820 775 2888 τῆς
798 2817 898 2897 μάχης.

125 2900 325 2979 Ἐτεκμήραντο
337 2900 364 2961 δί
377 2904 454 2961 τοῦτο
469 2904 499 2960 tn
516 2904 568 2960 τῶν
586 2902 757 2982 τραυμάτων.
776 2904 861 2972 Αὐτός
872 2926 901 2964 τι

124 2988 201 3071 sapt
218 2990 323 3056 Σίκκιος
337 2987 436 3056 πολλδς
447 2978 502 3069 εἶχε
520 2989 640 3070 πληγὰς,
655 2990 702 3058 τθις
716 2989 763 3067 μὲν
778 2990 829 3050 θπθ
839 3013 901 3073 χερ-

75 3100 97 3140 ac
126 3078 235 3154 μάδων,
256 3076 302 3144 τίις
320 3077 346 3136 δὲ
362 3075 413 3136 ίνπδ
427 3078 560 3155 σαυνίων,
573 3077 620 3146 τθς
633 3076 661 3138 δί
676 3080 728 3138 ὑπὸ
742 3083 900 3160 μαχαιρῶν,

125 3167 169 3225 καί
190 3170 204 3224 θ
226 3164 410 3238 ὑπασπιστής·
434 3169 458 3224 οῖ
485 3165 513 3225 δί
536 3170 582 3226 ὁπ’
607 3169 713 3227 ἐκείνων
740 3168 901 3248 άνῃρημίνοι

125 3253 220 3321 πάντες
235 3257 385 3336 μαχαιρῶν,
400 3254 585 3338 ἢχερμάδωνἶ
599 3257 754 3331 ἣσαυνίων,
770 3257 862 3338 βόλους
872 3257 901 3318 δῖ

124 3346 260 3422 οὐδεμίαν.
277 3345 466 3423 Ἀγανάκτησις
485 3345 517 3419 δὴ
538 3347 605 3423 μετὰ
622 3352 699 3407 τοῦτο
715 3346 813 3424 ἐγίνετο
835 3347 903 3407 πάν-

123 3456 189 3507 των,
212 3433 258 3493 καί
277 3432 326 3512 βοδ,
342 3434 388 3492 καί
410 3432 492 3503 πολθς
509 3434 637 3514 όδυρμός·
657 3440 693 3504 ὡς
705 3435 734 3496 lt
747 3435 902 3517 κατωλορίι-

75 3548 97 3589 ta
125 3545 204 3602 ραντο
227 3521 274 3591 τὴν
290 3522 448 3603 συμρορδν,
470 3524 597 3601 ἀράμενοι
618 3524 665 3584 καί
688 3523 844 3603 κομίσαντες
857 3525 902 3584 τὀν

124 3611 215 3689 νεκρὸν
228 3610 272 3668 tat
287 3610 331 3669 τὸν
352 3614 473 3689 χάρακα,
489 3612 576 3672 πολλὰ
589 3617 641 3672 τῶν
656 3617 811 3693 στρατηγῶν
825 3636 902 3673 κατε-

124 3698 208 3775 όόων,
224 3699 269 3756 καί
283 3699 399 3777 μάλιστα
415 3699 463 3776 μὲν
474 3700 561 3773 ἠξίουν
573 3704 642 3765 κατὰ
657 3703 702 3762 τὀν
713 3702 900 3782 στρατιωτικὸν

125 3790 278 3848 ἀποκτείναι
292 3785 371 3863 νόμον
397 3786 455 3855 τοὺς
480 3789 664 3871 ἀνδροφόνους·
684 3795 707 3851 εί
731 3789 759 3851 δῖ
781 3794 842 3870 μὴ,
863 3792 901 3852 δι·

123 3875 266 3956 καστόριον
280 3874 368 3943 αὐτοῖς
382 3876 522 3936 α’ποδοῦναι
538 3883 718 3960 παραχρῆμα.
737 3879 791 3940 Καί
806 3878 900 3940 πολλοὶ

75 3990 96 4028 tu
123 3955 191 4036 ἦσαν
204 3967 229 4022 οῖ
244 3972 400 4044 κατηγορεῖν
419 3965 558 4042 μίλλοντες
580 3970 676 4028 αὐτῶν.
719 3966 768 4036 Ὡς
782 3966 810 4028 δὲ
826 3967 899 4028 οθδίν

124 4055 210 4112 αὐτῶν
229 4052 363 4126 εἰσήκουον
380 4054 491 4131 ἐκείνοι,
511 4054 579 4115 illl
593 4057 654 4124 τσός
676 4080 705 4116 τε
721 4057 816 4138 ἄνδρας
835 4060 900 4116 άπε-

122 4138 324 4292 χρόψαντργχρῖ
338 4138 401 4288 χθρρ
410 4142 496 4288 ’Ξίκας
520 4142 692 4313 άνεξρὶλλονχρ,
719 4146 850 4296 englare
871 4147 898 4204 ἓν

157 4256 218 4313 ωμῃ
255 4254 286 4309 ογ
332 4256 348 4290 α
401 4255 423 4289 ω
441 4254 479 4290 ειν
492 4255 547 4299 τοις
627 4256 641 4292 ο
676 4258 728 4302 νοις
790 4258 827 4296 ων
847 4257 899 4293 κα-

122 4328 255 4400 τηγορεῖν,
273 4318 400 4398 μαθόντος
413 4318 455 4379 δτι
476 4323 530 4379 τῶν
555 4326 710 4401 στρατηγῶν
733 4322 764 4383 τὸ
792 4320 900 4383 terme

75 4433 94 4471 ιο
122 4408 206 4484 λευμα
228 4401 276 4483 ἦν,
295 4407 339 4468 τὸν
356 4407 404 4486 μίν
423 4407 532 4471 Σίκκιον
558 4410 684 4486 ἔθαπτον,
711 4410 853 4488 ίκκομιδήν
870 4433 900 4470 τε

122 4500 297 4575 ποιησάμενοι
310 4497 515 4578 λαμπροτάτην,
530 4498 576 4559 καί
587 4500 674 4581 πυράν
684 4500 810 4572 νήσαντες
825 4504 901 4579 ὓπερ·

122 4581 235 4660 μεγίθη,
255 4585 300 4644 καί
312 4590 364 4646 τῶν
377 4587 465 4647 ἄλλων
478 4587 660 4669 ἀπαρχόμενοι
681 4588 750 4648 κατὰ
770 4587 898 4663 δύναμιν,

121 4661 159 4730 ῶν
173 4670 250 4748 νόμος
272 4675 313 4732 θπ’
340 4677 463 4756 ἀνδράσιν
489 4681 594 4760 ἀγαθοῖς
616 4679 653 4746 είς
671 4675 720 4750 τὴν
746 4675 899 4736 τελευταίαν

121 4758 201 4837 illiti*
213 4757 345 4842 φίρεσθαι·
360 4765 424 4846 πρὸς
434 4765 517 4840 δίτλν
527 4767 703 4848 δεκαδαρχίαν
715 4766 900 4847 ἠλλοτριοῖντο

75 4873 94 4911 u
122 4848 237 4923 πάντες,
253 4848 298 4907 καί
311 4851 419 4929 γνώμην
439 4844 513 4936 εἶχον
535 4859 570 4923 ιῖις
594 4852 816 4932 θποστησόμενοι.
860 4852 901 4915 Ta

121 4937 170 5015 μὲν
183 4937 215 5008 δὴ
230 4936 292 5016 περί
302 4939 528 5021 Κρουστομέρειαν
539 4942 584 5003 καί
596 4942 719 5016 Φιδήνην
735 4944 897 5022 στράτευμα,

120 5024 164 5084 ed
178 5023 222 5084 τδν
237 5023 347 5085 Σικκίου
359 5033 406 5086 τοῦ
420 5031 582 5109 πρεσόευτοῶ
594 5030 718 5110 θάνατον,
731 5031 824 5111 ῖχθρδν
846 5037 900 5097 τοῖς

120 5112 295 5193 προεστηκόσι
316 5116 368 5173 τῶν
379 5117 545 5195 πραγμάτων
560 5110 579 5191 ἥ
597 5163 605 5181 .

1677 390 1739 450 659

961 524 1130 588 querendum,
1141 528 1170 575 ut
1184 526 1208 575 et
1216 523 1342 575 tutissime
1356 527 1381 573 et
1402 523 1509 573 marimo
1529 538 1586 574 cum
1606 524 1698 577 bonore
1713 529 1742 578 iu·

960 621 1040 667 castra
1060 619 1203 669 referretur.
1237 617 1306 675 Quod
1332 630 1410 680 quum
1433 616 1510 667 duces
1532 616 1581 667 illis
1601 620 1736 669 concessis·

960 716 1022 771 sent,
1037 711 1119 772 veriti,
1136 724 1166 761 ne
1177 724 1254 774 quam
1265 709 1305 759 sui
1318 708 1413 759 consilii
1432 708 1464 760 de
1476 709 1517 759 illa
1532 723 1559 759 re
1574 710 1738 775 suspicionem

959 800 1019 864 ipsis
1029 802 1181 865 praeberent,
1197 801 1302 850 honesto
1317 803 1342 850 et
1363 799 1461 851 decenti
1483 801 1567 850 otlicio
1585 802 1738 865 obnitentes,

959 892 1123 958 captlsarmis
1145 893 1267 944 exierunt.
1302 895 1386 951 Quum
1411 896 1494 943 autem
1507 894 1630 946 adlocum
1654 897 1737 948 renis·

959 986 1022 1045 sent,
1046 983 1307 1049 postquam-viderunt
1328 997 1450 1047 nusquam
1472 984 1573 1048 sylvas,
1597 990 1642 1037 aut
1665 991 1738 1040 terrae

960 1090 1086 1138 cavernas,
1108 1081 1151 1127 aut
1172 1078 1248 1127 alium
1261 1077 1405 1142 quempiam
1419 1078 1514 1140 locurn,
1539 1079 1581 1131 ubi
1594 1081 1738 1134 cohortibus

959 1168 985 1218 ln
1002 1168 1098 1220 insidiis
1115 1168 1242 1219 considere
1256 1173 1295 1218 est
1315 1183 1383 1230 mos,
1399 1170 1442 1220 sed
1462 1171 1558 1221 nudum
1586 1177 1612 1222 et
1628 1173 1738 1239 undique

959 1261 1128 1325 conspicuum,
1154 1265 1229 1325 atque
1252 1264 1382 1325 angustum
1403 1263 1551 1326 tumultum,
1575 1265 1666 1316 atatim
1684 1279 1737 1318 rein

958 1356 1097 1416 suspectam
1118 1352 1209 1404 habere
1231 1360 1366 1420 ceperunt.
1400 1356 1495 1407 Deinde
1511 1371 1587 1421 arnum
1612 1346 1644 1409 ad
1662 1360 1737 1411 cada·

958 1459 1016 1495 rera
1035 1446 1214 1505 accessissent,
1230 1447 1274 1496 ubi
1297 1453 1478 1512 conspexerunt
1497 1454 1523 1499 et
1538 1450 1617 1514 ipsum
1630 1452 1737 1503 Siccium

958 1553 1005 1589 non
1026 1541 1157 1602 spoliatum
1171 1541 1325 1606 proiectum,
1342 1546 1367 1592 et
1383 1547 1488 1594 caeteros
1504 1558 1599 1606 omnes,
1613 1547 1736 1598 miraban-

959 1627 1080 1692 turquod
1104 1629 1190 1681 hostes
1213 1631 1326 1682 hostibus
1346 1634 1469 1697 superatis
1483 1649 1529 1685 nec
1549 1649 1619 1686 arma
1631 1636 1737 1688 adernie

958 1723 1021 1777 sent,
1034 1731 1080 1768 nce
1095 1733 1138 1769 eos
1154 1721 1264 1771 restibus
1278 1723 1413 1773 eruissent.
1448 1726 1511 1774 Tum
1526 1727 1607 1776 omnia
1630 1728 1737 1779 circum-

955 1811 1062 1876 jacentia
1097 1813 1151 1863 loca
1178 1818 1377 1877 perscrutantes,
1408 1820 1539 1880 postquam
1572 1819 1665 1869 nullum
1695 1824 1738 1871 aut

958 1919 1093 1970 equorum,
1110 1906 1153 1953 aut
1165 1903 1294 1955 hominum
1320 1905 1452 1968 vestigium
1469 1905 1627 1967 invenerunt,
1648 1915 1738 1973 prater

959 2011 1067 2063 eaquae
1081 1998 1106 2048 in
1137 1998 1191 2064 ipsa
1212 1997 1252 2047 via
1265 2000 1352 2058 erant,
1377 1997 1562 2050 arbitrabantur
1581 2002 1738 2055 nullomodo

964 2088 1016 2137 lieri
1027 2087 1138 2150 potuisse
1160 2091 1189 2137 ut
1201 2087 1298 2148 bostes,
1319 2099 1368 2137 non
1382 2089 1440 2137 ante
1456 2090 1581 2153 conspecti
1588 2127 1598 2153 ,
1621 2095 1737 2156 tanquam

961 2179 1163 2245 armonedum,
1187 2183 1232 2231 aut
1253 2177 1370 2231 tamtan
1391 2180 1488 2232 celitus
1502 2181 1606 2247 delapsi,
1632 2184 1684 2236 suis
1705 2184 1738 2237 de

927 2292 929 2296 ·
955 2275 1088 2339 improviso
1111 2276 1264 2339 apparerent.
1304 2273 1351 2322 Sed
1370 2276 1461 2337 praeter
1479 2274 1533 2325 haec
1554 2278 1635 2327 omnia
1658 2281 1682 2328 et
1695 2278 1742 2329 alia

955 2362 1003 2412 boc
1018 2365 1153 2437 maximum
1183 2363 1244 2427 ipsis
1265 2361 1347 2410 visum
1370 2365 1408 2411 est
1425 2370 1596 2425 arnurneutnm
1622 2368 1740 2420 lrrrrntuis.

959 2468 1008 2504 non
1021 2454 1052 2505 ab
1075 2453 1197 2515 hostibus,
1240 2452 1283 2503 sed
1302 2451 1335 2502 ab
1354 2450 1441 2501 amlcis
1464 2453 1530 2513 caest,
1553 2453 1623 2518 (ruod
1646 2456 1737 2511 nullius

959 2548 1038 2600 bostis
1060 2548 1136 2599 occisi
1168 2547 1275 2598 cadaver
1304 2545 1432 2596 inventum
1460 2548 1535 2597 esset.
1568 2548 1654 2610 ltaque
1672 2551 1737 2601 enirn

960 2642 1133 2692 existimabant
1153 2641 1273 2699 Siccium,
1292 2640 1372 2691 rimor
1383 2642 1409 2690 el
1421 2640 1510 2692 robore
1529 2645 1555 2693 ct
1567 2644 1649 2695 animo
1661 2643 1738 2695 invic-

959 2735 1022 2789 tum,
1044 2731 1148 2780 inultum
1164 2729 1241 2779 luisse
1253 2729 1410 2790 moriturum,
1431 2743 1476 2778 nec
1497 2729 1551 2790 ejus
1569 2735 1735 2796 propugnato·

960 2833 1021 2881 rem,
1046 2833 1092 2871 nec
1115 2818 1184 2878 allos,
1205 2819 1247 2881 qui
1275 2832 1333 2868 cnm
1356 2831 1386 2869 eo
1410 2819 1566 2881 ceciderant,
1584 2821 1735 2884 presertim,

960 2920 1036 2971 quum
1050 2904 1164 2956 cominius
1186 2907 1321 2970 pugnaturn
1341 2908 1415 2956 asset.
1439 2906 1508 2958 ldem
1527 2908 1602 2959 etiam
1626 2923 1657 2960 er
1678 2910 1737 2974 ipsis·

959 2995 1101 3045 vulneribus
1126 2996 1293 3059 conjecerunt.
1327 2998 1389 3046 llam
1415 3001 1441 3047 et
1455 2997 1508 3061 ipse
1537 2998 1631 3050 Siccius
1657 3000 1736 3050 multa

960 3082 1066 3134 babebat
1085 3083 1202 3140 vulnera,
1223 3083 1315 3146 partim
1326 3083 1400 3141 saxis,
1417 3085 1505 3147 partim
1528 3084 1634 3147 jaculis,
1647 3089 1738 3152 parlim

959 3173 1047 3239 gladiis
1062 3173 1144 3234 illata;
1161 3172 1296 3236 itidemque
1310 3173 1364 3223 eius
1379 3178 1548 3239 propugnator
1560 3195 1568 3225 ι
1581 3177 1623 3239 qui
1638 3190 1696 3228 vero
1705 3177 1738 3229 ab

959 3263 1008 3314 illis
1020 3264 1117 3313 lucrant
1128 3263 1202 3322 cresi,
1223 3275 1308 3312 omncs
1328 3262 1465 3325 gladiorum
1478 3263 1591 3327 quidem,
1606 3269 1649 3315 aut
1661 3280 1737 3317 saxo-

959 3364 1030 3409 rum,
1043 3353 1087 3400 aut
1104 3350 1249 3410 sagittarum
1267 3347 1359 3398 nnllam
1372 3350 1484 3411 plenam
1494 3349 1635 3402 habebant.
1668 3356 1737 3404 Tunc

958 3441 1033 3507 igitur
1053 3439 1195 3503 indignatio,
1215 3441 1241 3489 et
1255 3437 1364 3488 omnium
1384 3438 1540 3498 vociferatio,
1563 3441 1589 3490 el
1603 3439 1686 3492 luctus
1698 3441 1736 3493 in-

958 3542 1018 3592 gens
1031 3529 1134 3578 exortus
1147 3529 1193 3576 est.
1215 3528 1297 3584 Quum
1318 3530 1401 3576 autem
1424 3525 1489 3575 hanc
1510 3527 1675 3579 calamitatem
1696 3529 1737 3581 de.

958 3616 1098 3676 derlssent,
1111 3614 1231 3665 cadavere
1247 3614 1347 3665 sublato
1358 3618 1382 3665 et
1402 3615 1427 3664 in
1439 3620 1520 3664 castra
1536 3620 1670 3680 reportato,
1687 3618 1736 3669 du·

957 3705 1080 3758 οεενιίθο
1102 3704 1263 3765 incusabant,
1288 3705 1315 3755 et
1329 3704 1544 3755 vehementissime
1565 3707 1735 3770 postulabant,

957 3798 1047 3865 utlaga
1059 3801 1157 3853 militari
1176 3801 1201 3851 in
1214 3798 1315 3850 sicarios
1339 3795 1438 3861 capitali
1452 3793 1571 3858 supplicio
1583 3793 1737 3846 animadver-

958 3890 1071 3942 teretur:
1095 3893 1133 3945 sin
1147 3893 1247 3952 minus,
1270 3889 1357 3940 saltem
1376 3900 1408 3937 ex
1433 3889 1545 3951 tempore
1561 3884 1683 3947 iudicium
1705 3887 1736 3938 de

956 3974 1004 4029 illle
1015 3980 1208 4032 constitueretur
1220 4000 1226 4029 :
1240 3979 1315 4043 atque
1338 3975 1409 4026 rnulti
1432 3987 1476 4025 eos
1499 3974 1642 4024 accusaturi
1654 3979 1733 4025 erant.
1772 4002 1776 4009 ·

956 4067 1004 4119 Sed
1013 4082 1092 4132 quum
1103 4067 1139 4120 1111
1148 4079 1222 4119 aures
1234 4065 1293 4130 ipsis
1310 4077 1359 4114 non
1383 4061 1532 4127 praeberent.
1557 4060 1601 4111 'sed
1614 4061 1690 4111 etiarn
1700 4063 1736 4112 si·

957 4157 1036 4208 earlos
1058 4158 1226 4216 occultarent,
1242 4159 1268 4207 ct
1282 4153 1376 4219 judeis
1401 4151 1548 4211 dillerrent,
1572 4149 1697 4210 dicentes,
1710 4163 1736 4199 se

956 4246 1041 4296 ltcmar
1050 4261 1135 4297 eorum
1148 4244 1345 4296 accusandorum
1359 4244 1508 4306 potestatem
1518 4237 1598 4290 cuivis
1614 4238 1734 4293 tacturos,

955 4335 1008 4393 litt,
1020 4333 1060 4382 ubi
1071 4338 1253 4396 cognorerunt,
1268 4334 1360 4383 ducum
1373 4344 1427 4382 esse
1443 4329 1489 4380 has
1501 4326 1610 4387 insidias,
1627 4327 1734 4377 Siccium

955 4423 1090 4488 sepulturae
1112 4422 1277 4482 mandarunt,
1309 4423 1401 4472 clatum
1428 4416 1670 4483 magnificentissimo
1692 4414 1733 4463 tn·

955 4528 1028 4575 nere,
1053 4515 1125 4577 eique
1148 4513 1282 4563 maximam
1306 4525 1392 4575 pyram
1416 4512 1609 4565 exstruxerunt,
1637 4503 1735 4553 crateris

955 4604 1030 4655 etiarn
1051 4615 1096 4666 pro
1110 4600 1173 4651 virili
1185 4599 1275 4650 oblatis
1287 4602 1312 4649 et
1326 4597 1467 4661 persolutis,
1479 4609 1536 4661 quae
1550 4593 1611 4643 viris
1631 4590 1735 4641 sortibus

955 4690 980 4741 in
995 4703 1110 4754 supremo
1121 4688 1213 4738 tronore
1225 4686 1279 4736 dari
1291 4684 1378 4734 solent.
1390 4689 1408 4734 Α
1420 4682 1567 4733 decemviris
1578 4692 1636 4729 rere
1649 4687 1734 4725 omnes

956 4777 1054 4829 alienati
1078 4778 1155 4835 snut,
1188 4775 1214 4823 et
1240 4773 1270 4822 de
1292 4771 1430 4821 delectione
1461 4770 1571 4831 cogitare
1596 4764 1731 4827 caeperunt.

955 4863 1085 4914 Exercitus
1096 4862 1177 4925 igilur,
1194 4858 1238 4921 qui
1252 4859 1306 4908 erat
1323 4857 1354 4906 ad
1371 4856 1566 4908 Crustumeriam
1579 4858 1604 4903 et
1616 4851 1732 4908 Fidenas,

956 4952 988 5004 ob
1002 4952 1074 5003 Siccii
1085 4950 1158 5015 legati
1174 4947 1267 5000 cedern
1278 4945 1456 4997 inimicuserat
1467 4946 1510 5003 its,
1525 4944 1569 5009 qni
1584 4953 1667 4992 rerum
1687 4954 1734 5003 gu-

955 5038 1227 5092 bernaculahabcbant.

160 5204 298 5265 xxvut.
320 5202 360 5267 Τδ
382 5206 405 5265 δ’
426 5207 454 5266 tr
479 5203 591 5289 Ἆλγιδῷ
610 5213 660 5284 τῆς
674 5211 796 5270 Αἰκανῶν
815 5205 906 5289 χώρας
983 5216 1095 5293 xxtltt.
1108 5217 1140 5265 nt
1152 5211 1196 5278 qul
1222 5210 1248 5263 in
1264 5207 1351 5274 Algido
1373 5177 1510 5271 Equorum
1529 5176 1635 5271 regionis
1654 5204 1744 5255 eonst-¹

1579 5304 1618 5352 ta.
