3772 5828
171 362 227 420 154
697 358 862 420 DIONYSil
884 362 1260 427 Hutlcauttussltu'sts

168 496 219 551 τῶν
238 493 332 572 ἱερῶν,
347 491 491 569 ἀνθρώπων
506 491 533 549 δὲ
549 492 649 565 μηδένα
665 491 734 568 μήτε
749 492 856 551 κτείνειν
879 492 940 566 μήτ’

169 581 288 653 ἀδικεῖν,
306 581 373 640 ἀλλὰ
387 581 486 646 πάντας
511 583 555 638 ἐᾶν
578 580 647 657 ἔχειν
671 580 705 637 τά
726 583 836 639 ἑαυτῶν.
879 578 944 638 Ἐκ-

167 665 276 748 πέμψας
286 667 312 726 δὲ
323 673 414 726 τοῦτον
423 667 512 726 ἐκάλει
519 664 577 732 τοῦς
586 666 739 746 ταξιάρχους
750 665 795 726 καὶ
808 665 946 746 λοχαγοὺς,

169 757 215 814 καὶ
224 755 258 814 τδι
276 755 385 823 δόξαντα
398 760 432 833 τῇ
444 755 526 834 βουλῇ
536 754 703 833 διασαφήσας
714 755 833 836 φυλακήν
845 759 874 814 ἐκ
886 752 945 813 τοῦ·

128 856 141 893 ⁵
168 867 219 903 των
232 844 388 902 καθίσταται
404 843 463 923 περὶ
477 842 608 915 τδσῶμα·
622 841 667 900 καὶ
676 842 732 918 μετ’
743 845 772 901 οὐ
781 841 848 900 πολὺ
857 846 943 922 παρ’ήν

170 932 322 998 δίίλόανδς
338 937 373 998 ὡς
390 931 433 989 ἐπὶ
454 929 581 1008 νικήματι
600 933 680 1010 κοινῷ
703 931 820 1010 γεγηθὼς
838 930 884 991 καί
907 933 944 1010 τῷ

169 1021 266 1101 Τύλλῳ
282 1019 464 1094 συνηδόμενος.
507 1016 543 1078 ‘0
567 1018 594 1078 δὲ
614 1017 717 1086 Τύλλος
733 1020 883 1100 ἀπόρρητον
897 1019 945 1090 τὴν

167 1106 277 1186 γνώμην
296 1108 334 1165 ἔτι
357 1108 496 1188 φυλάττων
514 1106 604 1186 ἀπήνει
623 1107 647 1165 τ’
670 1107 747 1167 αὐτὸν
764 1108 809 1167 καί
824 1109 946 1185 μεγάλων

170 1194 241 1262 άξιον
256 1194 385 1272 ἀπέφαινε
399 1196 521 1272 δωρεῶν,
538 1193 685 1273 παρεκάλει
704 1218 734 1254 τε
748 1195 886 1275 γράψαντα
901 1194 946 1253 καί

118 1291 142 1329 ¹⁰
170 1282 268 1342 τδιτῶν
295 1286 391 1343 ἀλλων·
408 1282 542 1342 'attenta
566 1283 683 1359 ὀνόματα
704 1286 756 1342 τῶν
782 1282 907 1363 ἐπιφανές
921 1306 946 1340 τι

169 1371 238 1431 κατδι
262 1371 310 1442 τὴν
339 1373 429 1450 μάχην
448 1371 669 1451 διαπραξαμένων
690 1373 776 1452 φέρειν
800 1376 835 1439 ὡς
858 1371 946 1444 αὐτὸν,

169 1457 212 1518 ίνα
240 1464 355 1519 κάκεῖνοι
384 1461 432 1530 τὴν
461 1463 492 1519 tx
512 1464 564 1519 τῶν
593 1460 727 1521 ἐπινικίων
751 1461 948 1538 ἀπενέγκωνται

170 1555 276 1629 μοῖραν.
320 1546 354 1607 ‘0
383 1546 430 1623 μέν
454 1547 486 1618 δή
503 1569 535 1607 πε
555 1547 648 1627 ιχαρὴς
661 1549 797 1629 γενόμενος
816 1548 876 1616 τοῦς
895 1572 947 1606 πι-

171 1633 311 1699 στοτάτους
325 1668 328 1673 -
339 1637 390 1692 τῶν
414 1634 515 1714 φίλων,
527 1571 566 1703 οῦς
580 1636 711 1716 ἐχρήσατο
724 1642 776 1697 τῶν
792 1638 947 1718 ἀπορρήτων

119 1736 144 1771 tt»
173 1722 360 1798 βουλευμάτων
382 1729 529 1801 συνεργοῖς,
556 1724 699 1805 εἰσγράψας
722 1726 760 1792 είς
781 1724 872 1783 δέλτον
887 1726 945 1782 ἐπι-

172 1806 289 1868 δίδωσιν.
332 1807 368 1869 Ὁ
383 1808 410 1867 δὲ
424 1812 477 1867 τῶν
498 1808 643 1884 Ῥωμαίων
661 1812 783 1891 βασιλεῦς
796 1815 833 1879 εἰς
850 1815 947 1884 ἔκκλη-

173 1894 231 1955 σίαν
251 1895 367 1963 ἅπαντας
382 1896 557 1973 ἀποθεμένους
569 1898 601 1956 τά
620 1898 680 1959 ὅπλ’
694 1903 796 1960 ἐκάλει·
808 1901 949 1961 συνιόντων

171 1984 195 2041 δ’
210 1985 311 2057 αὐτῶν,
328 1984 373 2043 τὸν
393 1985 441 2060 μὲν
462 1987 580 2063 ἡγεμόνα
601 1993 653 2047 τῶν
671 1987 803 2047 ’altardo
824 1988 881 2068 ἅμα
896 1998 950 2055 τοῖς

173 2070 322 2152 ταξιάρχοις
337 2096 364 2130 τε
381 2074 424 2130 καί
446 2075 569 2153 λοχαγοῖς
585 2076 648 2155 παρ’
672 2074 736 2133 αὐτὸ
757 2076 786 2132 τὸ
803 2077 867 2154 βῆμ’
888 2073 949 2133 ἐκέ-

117 2184 144 2223 uc
172 2163 263 2221 λευσεν
291 2163 411 2234 ἑστάναι,
439 2161 578 2241 ἐχομένους
602 2164 629 2222 δὲ
650 2162 749 2223 τούτων
773 2163 833 2231 τοὺς
854 2162 949 2229 ἀλλους

173 2249 320 2316 Ἀλόανοθς
343 2250 487 2330 ταχθέντας
512 2252 714 2326 ἐκκλησιάζειν,
742 2251 809 2329 μετδι
832 2251 859 2312 δὲ
889 2250 949 2318 τοὺς

172 2337 312 2403 Ἀλόανοδς
327 2337 356 2396 τδ
370 2338 460 2396 λοιπδν
484 2342 536 2398 τῶν
553 2340 703 2418 συμμάχων
725 2342 836 2412 πλῆθος·
856 2339 948 2409 ἔξωθεν

173 2427 200 2485 δὲ
216 2426 337 2505 [τούτων]
357 2429 462 2486 πάντων
484 2426 640 2507 περιέστησε
668 2427 838 2506 Ῥωμαίους,
865 2430 891 2486 έν
912 2417 950 2495 οἷς

173 2506 240 2588 ἦσαν
256 2518 280 2574 οἱ
305 2516 482 2593 γενναιότατοι
498 2515 557 2594 ξίφη
573 2517 730 2596 κρύπτοντες
753 2516 805 2577 ὑπὸ
827 2518 885 2581 ταῖς
901 2537 949 2573 πε·

118 2619 144 2657 nc
174 2601 300 2679 ριόολαῖς.
344 2600 392 2668 Ὡς
406 2601 429 2660 δ’
446 2605 471 2661 έν
486 2604 561 2684 καλῷ
572 2602 632 2666 τοὺς
646 2601 753 2684 ἔχθροδς
767 2603 838 2684 ἔχειν
852 2602 951 2662 ὓπίλα·

174 2688 228 2764 όεν,
244 2690 359 2758 ἀναστάς
382 2690 451 2758 ἔλεξε
472 2691 572 2751 τοιάδε·

211 2781 341 2842 XXVIII.
369 2802 382 2834 ιι
409 2778 513 2858 Ἄνδρες
544 2777 676 2857 Ῥωμαῖοί
703 2803 731 2839 τε
756 2780 802 2838 καὶ
824 2782 848 2838 oi
876 2779 950 2839 ἄλλοι

176 2870 276 2949 «φίλοι
301 2869 346 2926 καὶ
380 2868 529 2948 σύμμαχοι,
564 2867 624 2935 τοῦς
651 2870 698 2945 μὲν
733 2871 763 2927 ἐκ
796 2872 841 2926 τοῦ
870 2889 951 2947 φανε-

177 2960 254 3034 «poi
280 2954 463 3032 τολμήσαντας
490 2959 526 3022 είς
551 2955 665 3033 πόλεμον
697 2961 760 3033 ἡμῖν
788 2960 951 3028 καταστῆναι

120 3055 147 3100 ³⁴·
177 3067 192 3098 ιι
210 3043 371 3113 Φιδηναίους
383 3042 428 3101 καί
439 3040 498 3109 τοῦς
513 3041 668 3121 συμμάχους
683 3044 768 3101 αὐτῶν
783 3041 951 3120 ἐτιμωρησά-

176 3155 192 3186 ιι
210 3134 276 3207 μεθα
292 3131 338 3190 σὺν
349 3136 427 3197 θεοῖς·
441 3131 485 3189 καί
502 3134 572 3189 δυεῖν
587 3131 712 3208 θάτερον,
728 3129 746 3202 ἦ
761 3128 906 3188 παύσονται
920 3129 951 3188 τὸ

177 3217 299 3277 «λοιπὸν
333 3221 497 3298 ἐνοχλοῦντες
526 3219 607 3295 ήμῖν,
636 3219 653 3288 ἢ
676 3218 748 3284 δίκας
776 3217 891 3276 τίσουσιν
913 3217 952 3276 ἔτι

177 3332 192 3363 α
210 3306 308 3367 τούτων
321 3307 451 3387 χείρονας.
497 3305 618 3366 Ἀπαιτεῖ
643 3306 668 3364 δ’
691 3309 705 3364 θ
723 3306 821 3386 καιρὸς,
841 3306 897 3365 ε’πεὶ
917 3305 951 3363 τὰ

178 3421 193 3452 α
209 3395 292 3476 πρῶθ’
306 3400 371 3473 ήμῖν
386 3399 444 3453 κατ’
459 3393 539 3476 εὐχήν
554 3394 708 3475 κεχώρηκε,
725 3395 771 3454 καί
782 3393 841 3462 τοῦς
859 3395 952 3461 ἀλλους

122 3512 149 3551 ³5
178 3508 193 3541 ιι
207 3482 411 3563 τιμωρήσασθαι
432 3482 592 3560 πολεμίους,
608 3484 664 3542 ὅσοι
676 3483 758 3565 φίλων
784 3482 832 3559 μὲν
847 3483 951 3563 ἔχουσιν

179 3571 341 3647 «ὀνόματα,
361 3571 405 3630 καὶ
422 3571 629 3653 παρελήφθησαν
650 3574 685 3638 εἰς
708 3571 782 3630 τόνδε
806 3570 850 3630 τὸν
871 3572 950 3630 πολε-

180 3685 193 3718 ι
215 3682 263 3737 μον
280 3662 316 3724 ὡς
341 3661 429 3725 κακῶς
452 3658 511 3727 τοῦς
538 3660 638 3727 κοινοὺς
660 3658 766 3741 ἐχθροὺς
791 3663 848 3737 μεθ’
878 3663 952 3738 ἡμῶν

179 3772 194 3802 ιι
209 3745 380 3822 ποιήσοντες,
402 3749 571 3825 ἐγκατέλιπον
590 3748 617 3807 δὲ
631 3748 660 3808 τδ
675 3750 738 3828 πρὸς
758 3754 829 3826 ἡμᾶς
842 3749 951 3821 πιστδν,

181 3859 196 3890 ιι
215 3833 259 3893 καί
288 3835 354 3910 μετά
390 3841 442 3896 τῶν
472 3838 606 3915 πολεμίων
639 3837 800 3917 ἀπορρήτους
825 3837 954 3908 συνθήκας

181 3923 388 3999 «ποιησάμενοι
407 3926 555 4006 διαφθεῖραι
576 3926 677 3991 πάντας
691 3930 761 4002 ἡμᾶς
783 3923 951 3988 έπεόάλοντο.

183 4034 196 4067 ιι
216 4010 288 4068 Πολὺ
307 4012 360 4091 γὰρ
375 4004 447 4072 οὗτοι
460 4014 566 4081 κακίους
580 4018 633 4073 τῶν
654 4016 684 4072 ἐκ
706 4019 751 4072 τοῦ
770 4018 880 4093 φανεροῦ
903 4035 953 4070 πο-

182 4122 197 4153 ιι
214 4098 311 4174 λεμίων
329 4102 381 4159 εἰσί
398 4102 443 4158 καί
459 4100 575 4171 μείζονος
598 4101 725 4183 τιμωρίας
740 4099 818 4168 άξιοι·
833 4098 892 4167 τοῦς
905 4099 953 4177 μὲν

183 4210 197 4242 ι
214 4184 265 4265 γάρ
273 4187 317 4245 καὶ
326 4186 899 4269 φυλάξασθαιῥᾴδιοντοῖςέπιόοολευομένοις,
908 4190 953 4246 καί

183 4298 195 4329 ιι
214 4273 415 4349 συμπλακέντας
430 4279 464 4341 ὡς
478 4278 583 4356 ἔχθροδς
599 4280 747 4353 ἀμύνασθαι
766 4277 889 4334 δυνατόν·
911 4279 952 4356 φί-

141 4382 152 4418 n
183 4365 272 4429 ιιλους
291 4362 314 4420 δ’
339 4365 438 4441 ἐχθρῶν
460 4363 524 4443 ἔργα
545 4372 682 4433 ποιοῦντας
706 4363 766 4423 οὔτε
791 4362 954 4442 φυλάξασθαι

183 4474 198 4504 ιι
218 4449 304 4530 ῥᾴδιον
324 4450 378 4509 οὔτ’
395 4450 544 4525 ἀμύνασθαι
570 4462 622 4519 τοὶς
644 4456 886 4533 προκαταληφθεῖσι
910 4454 954 4511 δυ·

183 4562 197 4592 ιι
219 4537 306 4599 νατόν.
362 4540 482 4598 Τοιοῦτοι
509 4541 530 4597 δ’
549 4541 613 4598 εἰσίν
639 4544 663 4600 oi
702 4539 862 4616 πεμφθέντες
889 4547 953 4617 ἡμῖν

183 4652 197 4681 ι
214 4623 263 4684 ῦπδ
288 4630 334 4697 τῆς
351 4625 483 4686 Ἀλόανῶν
507 4628 607 4694 πόλεως
632 4628 676 4686 ἐπὶ
701 4630 770 4707 δολιρ
799 4631 952 4707 σύμμαχοι,

182 4715 294 4774 ιικακὸν
317 4715 364 4789 μὲν
389 4713 461 4774 οὐθέν
488 4718 529 4793 ὑφ’
554 4721 627 4790 ἡμῶν
656 4718 796 4789 παθόντες,
815 4716 901 4795 ἀγαθά
924 4715 951 4774 δὲ

181 4826 197 4856 ιι
211 4804 296 4862 πολλὰ
310 4805 354 4863 καὶ
370 4805 480 4881 μεγάλα.
522 4801 646 4865 ’λποικοι
660 4804 708 4881 μέν
722 4809 747 4882 γ’
768 4807 852 4864 αδτῶν
871 4803 952 4878 ὄντες,

182 4892 285 4948 «οὐθὲν
314 4897 358 4964 τῆς
376 4895 475 4951 τούτων
490 4896 573 4970 ἀρχῆς
597 4896 822 4972 παρασπάσαντες
842 4893 909 4952 ἰδίαν
931 4893 954 4948 ί·

183 4997 199 5026 ιι
216 4976 282 5054 οχῦν
303 4982 347 5038 καὶ
363 4981 472 5056 δύναμιν
494 4982 545 5039 ἀπὸ
559 4985 611 5038 τῶν
636 4982 705 5039 ἰδίειν
731 4980 853 5057 πολέμων
877 4982 954 5051 ἔκτη-

183 5084 198 5114 «
215 5064 333 5137 σάμεθα·
358 5069 444 5127 ἔθνεσι
458 5068 485 5126 δὲ
508 5069 639 5148 μεγίστοις
664 5070 708 5128 καὶ
730 5068 952 5145 πολεμικωτάτοις

183 5149 419 5227 «ἐπιτειχίσαντες
444 5155 492 5225 τήν
516 5162 592 5233 ήμῶν
618 5159 705 5215 αὐτῶν
734 5156 824 5227 πόλιν,
849 5154 949 5225 πολλήν

1000 513 1091 576 tinere,
1107 518 1133 564 et
1153 516 1294 578 permittere
1306 520 1335 567 ut
1349 530 1436 568 omues
1449 531 1533 567 secum
1555 532 1596 568 res
1607 533 1666 571 suas
1689 534 1778 586 aspor-

1003 623 1091 671 tarent.
1125 623 1177 670 tloc
1191 625 1274 671 aulem
1287 621 1401 683 dimisso,
1422 622 1509 674 accivit
1527 622 1639 693 tribunos
1651 627 1676 674 et
1687 631 1777 676 eentu-

1003 725 1099 786 riones,
1112 729 1139 775 et
1158 727 1373 777 senatusconsulto
1390 727 1503 791 exposito
1520 739 1607 777 eorum
1622 728 1736 779 satellitio
1749 743 1777 781 se

1002 830 1112 893 stipavit.
1146 831 1197 879 lt'ec
1217 830 1296 880 multo
1317 830 1453 893 postvenit
1476 830 1579 880 tibanus
1595 831 1628 880 ob
1648 830 1776 884 victoriam

1004 948 1157 985 communem
1178 937 1307 985 exsultans
1319 939 1345 985 et
1355 935 1426 985 Tullo
1439 935 1616 998 gratulaturus.
1650 940 1682 987 st
1693 936 1779 988 Tuitus

1003 1041 1088 1101 tegens
1101 1039 1181 1089 arlbuc
1195 1041 1324 1090 consilium
1348 1055 1420 1091 suurn
1441 1054 1498 1092 eum
1518 1041 1636 1094 laudabat
1647 1047 1673 1094 et
1686 1045 1780 1109 magnis

1002 1144 1074 1195 donis
1088 1144 1189 1209 dignum
1203 1158 1258 1195 esse
1276 1146 1431 1205 adimebat,
1446 1151 1472 1196 et
1487 1146 1634 1197 hortabatur
1646 1152 1675 1199 ut
1688 1150 1780 1214 scripta

1002 1250 1102 1300 nomina
1122 1249 1272 1313 reliquorum
1285 1250 1434 1301 Albanorum
1441 1289 1449 1314 ,
1461 1253 1504 1315 qui
1524 1253 1669 1316 praeclarum
1680 1253 1780 1316 aliquod

1005 1357 1102 1409 facinus
1112 1358 1137 1408 in
1157 1359 1244 1421 prelio
1255 1357 1405 1418 edidissent,
1426 1358 1501 1409 adse
1522 1359 1612 1418 terret,
1624 1362 1651 1409 ut
1670 1358 1697 1409 bi
1713 1374 1778 1424 quo-

1004 1478 1053 1528 que
1066 1463 1183 1515 meritum
1203 1463 1314 1515 victorias
1334 1463 1443 1514 fructum
1462 1478 1507 1528 pro
1525 1468 1594 1528 parte
1610 1477 1655 1515 sua
1667 1463 1777 1530 percipe·

1004 1573 1066 1622 rent.
1113 1570 1157 1621 tlte
1193 1583 1253 1621 vero
1290 1569 1445 1620 letabundus
1475 1569 1606 1620 fidissimos
1629 1570 1721 1620 amicos
1750 1573 1776 1621 et

1004 1679 1161 1729 consiliorum
1183 1691 1328 1728 areanorum
1352 1679 1464 1729 conscios
1488 1678 1513 1728 in
1533 1678 1623 1730 tabella
1640 1682 1738 1730 notatos
1757 1680 1781 1729 ci

1003 1785 1103 1836 obtulit.
1136 1788 1198 1837 Tum
1210 1798 1252 1836 rex
1268 1789 1433 1836 Romanorum
1446 1798 1532 1836 omues
1540 1783 1658 1850 depositis
1665 1785 1740 1836 aruris
1747 1784 1780 1835 ad

1004 1893 1146 1942 nonnionem
1159 1891 1326 1942 convocarit:
1348 1890 1392 1954 qui
1410 1905 1467 1942 curn
1491 1893 1676 1953 convenissent,
1691 1892 1781 1944 drrceru

1004 1998 1152 2048 Albanorum
1167 2010 1224 2048 cum
1241 1997 1345 2048 tn‘bunis
1355 2002 1382 2048 et
1396 1998 1581 2049 centurionibus
1593 2000 1624 2048 ad
1644 1998 1726 2061 ipsum
1736 1998 1781 2047 tri-

1004 2098 1078 2151 bunal
1088 2101 1154 2149 stare
1171 2097 1256 2159 iussit,
1267 2100 1293 2149 et
1305 2100 1363 2163 post
1375 2111 1418 2148 eos
1436 2101 1531 2149 ceteros
1540 2097 1646 2148 albanos
1659 2096 1745 2147 ordine
1754 2098 1780 2147 in

1004 2190 1116 2250 mucione
1128 2199 1206 2257 stare,
1217 2200 1322 2261 postque
1332 2198 1437 2249 Albanos
1450 2197 1568 2262 reliquam
1578 2196 1701 2247 sociorum
1711 2196 1779 2244 mut·

1004 2304 1142 2355 titudinem.
1175 2306 1267 2354 Omnes
1291 2316 1350 2353 reru
1369 2303 1476 2366 nudique
1488 2301 1651 2353 circumdedit
1664 2301 1781 2351 Romanis

1004 2410 1131 2469 militibus,
1145 2412 1210 2461 inter
1230 2423 1295 2475 quos
1310 2412 1381 2460 erant
1398 2408 1523 2459 lenissimi
1536 2411 1629 2472 ηιιὶιριε
1647 2408 1693 2459 sub
1709 2410 1790 2463 resia*

1004 2521 1075 2557 enses
1099 2509 1260 2558 occultantes.
1311 2508 1443 2570 Postqnam
1465 2509 1548 2554 autem
1581 2502 1716 2555 arbitratus
1745 2507 1784 2555 est

1004 2614 1058 2649 asc
1079 2601 1237 2652 adversarios
1252 2605 1389 2667 opportune
1403 2600 1551 2663 interceptos
1567 2597 1659 2658 teneri,
1676 2599 1784 2649 sumeait

1005 2701 1031 2746 et
1047 2696 1109 2745 banc
1123 2695 1211 2746 babuit
1224 2695 1376 2745 orationem:

1036 2796 1150 2844 xxviii.
1182 2814 1194 2837 ιι
1225 2793 1334 2852 Quirites
1367 2793 1393 2841 et
1428 2790 1504 2841 ceteri
1543 2787 1616 2838 amici
1651 2794 1676 2839 et
1709 2788 1783 2849 socii,

1005 2911 1017 2935 ι
1037 2891 1139 2941 deorum
1168 2903 1214 2954 ope
1247 2890 1376 2939 Fidenates
1411 2898 1547 2949 eorumque
1578 2886 1672 2946 andos,
1706 2898 1781 2935 ausos

1006 3009 1018 3031 ιι
1034 2987 1115 3053 palam
1134 2986 1226 3036 bellurn
1246 2984 1317 3034 nobis
1336 2985 1425 3035 interce
1443 2983 1489 3034 ulti
1510 2996 1611 3041 sumus,
1635 2983 1661 3033 et
1685 2994 1699 3032 e
1720 2979 1784 3030 dun-

1007 3085 1083 3134 «bus
1105 3084 1210 3133 alterum
1229 3080 1319 3131 lactent
1343 3100 1349 3129 :
1369 3082 1414 3130 aut
1429 3079 1541 3130 desinent
1564 3078 1635 3129 nobis
1657 3079 1683 3129 in
1699 3079 1781 3142 poste

1006 3201 1018 3223 ιι
1036 3193 1091 3230 rum
1108 3179 1231 3242 negotium
1254 3178 1387 3238 lacessere,
1408 3179 1452 3226 aut
1470 3177 1536 3226 certe
1556 3189 1639 3240 prunas
1655 3173 1696 3224 bis
1708 3174 1779 3238 louge

1007 3302 1018 3324 ιι
1036 3279 1176 3330 acerbiores
1193 3277 1299 3328 dabunt.
1332 3280 1441 3341 Tempus
1462 3279 1545 3326 aulem
1566 3275 1689 3339 postulat,
1705 3275 1781 3336 siqui-

1007 3379 1092 3429 «dem
1121 3376 1192 3427 nobis
1214 3374 1308 3439 primus
1330 3379 1434 3425 conatus
1454 3388 1486 3425 cx
1510 3378 1569 3424 roto
1590 3370 1726 3429 successit,
1753 3377 1780 3420 ul

1007 3499 1018 3520 ι
1038 3475 1145 3539 reliquos
1166 3488 1265 3538 quoqne
1289 3474 1385 3527 trostes.
1411 3473 1454 3535 qui
1477 3474 1613 3522 amicorum
1631 3483 1720 3519 nornen
1740 3468 1783 3519 ha·

1008 3596 1020 3617 ιι
1037 3574 1105 3635 beni,
1122 3576 1148 3623 et
1167 3567 1267 3621 anobis
1280 3571 1305 3620 in
1320 3571 1367 3621 troc
1387 3569 1452 3620 bello
1474 3568 1608 3631 assumpti,
1627 3570 1656 3616 ut
1670 3579 1782 3615 commu·

1008 3692 1019 3713 ιι
1040 3684 1097 3722 nem
1123 3670 1220 3721 hostem
1248 3669 1379 3719 nobiscum
1411 3665 1577 3724 debellarent,
1601 3667 1682 3714 tamen
1709 3662 1783 3712 tidem

1012 3788 1024 3811 ι
1042 3782 1115 3818 suam
1130 3781 1188 3832 erga
1210 3781 1256 3817 uos
1277 3766 1414 3826 violarunt,
1433 3768 1529 3814 etcum
1550 3763 1664 3812 hostibus
1690 3760 1781 3810 toedere

1009 3886 1021 3908 ιι
1037 3867 1101 3917 clam
1121 3866 1186 3915 lacto
1212 3879 1257 3914 nos
1280 3877 1365 3915 omnes
1387 3863 1488 3926 perdere
1513 3861 1620 3926 aggressi
1650 3862 1724 3922 sunt,
1743 3860 1781 3910 ul-

1009 3986 1021 4010 ιι
1038 3967 1167 4017 ciscarnur.
1202 3965 1246 4016 lsti
1262 3965 1327 4016 euim
1343 3963 1414 4027 louge
1430 3963 1563 4014 deteriores
1578 3967 1646 4024 sunt,
1661 3964 1699 4014 rel
1713 3964 1774 4028 ipsis

1010 4091 1023 4114 ιι
1039 4068 1177 4120 rrraniieslis
1188 4067 1301 4118 hostibus
1313 4069 1339 4117 et
1354 4066 1424 4130 longe
1432 4065 1539 4130 graviori
1556 4066 1628 4129 porta
1646 4060 1733 4129 digni:
1751 4065 1782 4116 ab

1009 4192 1021 4212 ιι
1038 4172 1143 4222 istorum
1155 4169 1220 4219 enim
1232 4167 1327 4218 insidiis
1343 4166 1391 4217 sibi
1406 4180 1495 4218 carere
1513 4169 1539 4217 et
1554 4180 1597 4217 eos
1610 4166 1695 4218 hostili
1707 4137 1782 4217 ruodo

1010 4289 1022 4311 ιι
1039 4280 1181 4331 congressos
1197 4266 1315 4328 repellere
1340 4264 1412 4316 tacite
1434 4266 1485 4324 est;
1507 4264 1551 4314 sed
1573 4263 1603 4313 ab
1626 4264 1713 4314 amicis
1735 4263 1779 4327 qni

1009 4388 1021 4410 ιι
1041 4367 1163 4417 hostiliter
1184 4379 1211 4415 se
1232 4368 1334 4428 gerunt,
1353 4379 1432 4427 neque
1458 4365 1527 4415 tacite
1550 4366 1597 4415 sibi
1626 4379 1713 4415 carere
1737 4364 1780 4415 dc-

1010 4492 1021 4515 «
1040 4470 1118 4534 cepti,
1140 4482 1219 4532 neque
1243 4481 1286 4518 eos
1302 4467 1446 4530 propulsare
1471 4471 1580 4529 possunt.
1616 4468 1693 4516 istius
1713 4464 1782 4517 modi

1010 4589 1021 4610 ι
1040 4580 1099 4617 vero
1109 4570 1175 4621 suut,
1190 4565 1232 4628 qni
1244 4564 1314 4615 nobis
1326 4564 1357 4613 ab
1371 4563 1520 4612 Albanorum
1535 4563 1636 4611 ciuitate
1646 4562 1702 4612 dolo
1715 4561 1780 4612 malo

1009 4687 1021 4709 ιι
1039 4663 1100 4714 socii
1118 4663 1187 4714 missi
1209 4664 1325 4722 luerunt,
1341 4662 1408 4710 uuile
1426 4676 1439 4709 a
1459 4661 1528 4709 nobis
1549 4665 1651 4723 accepta
1666 4659 1774 4719 iniuria,

1009 4787 1021 4808 ιι
1038 4764 1083 4816 sed
1113 4766 1197 4814 contra
1229 4762 1313 4814 multis
1343 4764 1369 4810 et
1399 4758 1492 4821 maguis
1519 4759 1645 4809 beneficiis
1680 4759 1774 4809 allecti.

1009 4884 1020 4905 ι
1039 4865 1101 4912 Curn
1114 4862 1179 4911 cuim
1194 4861 1275 4912 rotoni
1287 4872 1371 4910 cortun
1387 4857 1479 4913 simus,
1494 4857 1554 4904 nilrit
1569 4857 1657 4906 borum
1677 4853 1781 4918 imperio

1008 4983 1020 5006 «ι
1038 4959 1204 5018 detraximus,
1219 4960 1259 5009 sed
1273 4957 1386 5023 proprias
1398 4966 1458 5016 opes
1469 4956 1494 5002 et
1504 4955 1640 5017 potentiam
1649 4966 1680 5003 ex
1689 4951 1780 5001 nostris

1008 5079 1021 5102 ιι
1038 5058 1107 5109 nobis
1123 5054 1192 5106 bellis
1206 5053 1413 5119 comparavimur
1434 5053 1458 5099 et
1478 5049 1535 5112 quia
1558 5050 1677 5101 adversus
1698 5047 1778 5097 mani·

1008 5180 1020 5202 ιι
1038 5170 1092 5209 unas
1105 5170 1134 5206 ac
1148 5153 1345 5206 bellicosissimus
1357 5151 1442 5212 gentes
1456 5150 1563 5197 nostram
1581 5149 1665 5199 urbem
1678 5148 1769 5197 munivi
