<?xml version="1.0" encoding="UTF-8"?>
<!DOCTYPE html PUBLIC "-//W3C//DTD XHTML 1.0 Transitional//EN"
    "http://www.w3.org/TR/xhtml1/DTD/xhtml1-transitional.dtd">
<html xmlns="http://www.w3.org/1999/xhtml" xml:lang="en" lang="en">
 <head>
  <title>
</title>
<meta http-equiv="Content-Type" content="text/html;charset=utf-8" />
  <meta name='ocr-system' content='tesseract 3.04.00' />
  <meta name='ocr-capabilities' content='ocr_page ocr_carea ocr_par ocr_line ocrx_word'/>
</head>
<body>
  <div class='ocr_page' id='page_1' title='image "./dionysiihalicar00prougoog/dionysiihalicar00prougoog_0782.png"; bbox 0 0 3772 5828; ppageno 0'>
   <div class='ocr_carea' id='block_1_1' title="bbox 157 294 220 355">
    <p class='ocr_par' dir='ltr' id='par_1_1' title="bbox 157 294 220 355">
     <span class='ocr_line' id='line_1_1' title="bbox 157 294 220 355; baseline 0.032 -2"><span class='ocrx_word' id='word_1_1' title='bbox 157 294 220 355; x_wconf 77' lang='lat'>7³6</span> 
     </span>
    </p>
   </div>
   <div class='ocr_carea' id='block_1_2' title="bbox 159 425 939 771">
    <p class='ocr_par' dir='ltr' id='par_1_2' title="bbox 159 425 939 771">
     <span class='ocr_line' id='line_1_2' title="bbox 159 425 938 506; baseline 0 -23"><span class='ocrx_word' id='word_1_2' title='bbox 159 426 300 503; x_wconf 76' lang='grc' dir='ltr'>ἐλάχιστον</span> <span class='ocrx_word' id='word_1_3' title='bbox 315 426 481 502; x_wconf 84' lang='grc' dir='ltr'>ἀναμείνασα</span> <span class='ocrx_word' id='word_1_4' title='bbox 507 426 619 505; x_wconf 76' lang='grc' dir='ltr'>χρόνον,</span> <span class='ocrx_word' id='word_1_5' title='bbox 637 426 795 485; x_wconf 86' lang='grc' dir='ltr'>ἀποστέλλει</span> <span class='ocrx_word' id='word_1_6' title='bbox 812 425 938 506; x_wconf 87' lang='grc' dir='ltr'>στρατιίιν</span> 
     </span>
     <span class='ocr_line' id='line_1_3' title="bbox 160 510 939 591; baseline 0.004 -24"><span class='ocrx_word' id='word_1_7' title='bbox 160 510 346 571; x_wconf 72' lang='grc' dir='ltr'>νεοσύλλεκτον</span> <span class='ocrx_word' id='word_1_8' title='bbox 373 512 471 588; x_wconf 87' lang='grc' dir='ltr'>ἀγοντα</span> <span class='ocrx_word' id='word_1_9' title='bbox 499 513 543 570; x_wconf 84' lang='grc' dir='ltr'>τὸν</span> <span class='ocrx_word' id='word_1_10' title='bbox 573 512 660 591; x_wconf 84' lang='grc' dir='ltr'>ίτερον</span> <span class='ocrx_word' id='word_1_11' title='bbox 688 516 741 571; x_wconf 80' lang='grc' dir='ltr'>τῶν</span> <span class='ocrx_word' id='word_1_12' title='bbox 771 512 841 572; x_wconf 77' lang='grc' dir='ltr'>κατά</span> <span class='ocrx_word' id='word_1_13' title='bbox 860 512 939 573; x_wconf 85' lang='grc' dir='ltr'>πόλιν</span> 
     </span>
     <span class='ocr_line' id='line_1_4' title="bbox 160 598 938 681; baseline 0.003 -24"><span class='ocrx_word' id='word_1_14' title='bbox 160 598 317 677; x_wconf 83' lang='grc' dir='ltr'>στρατηγόν.</span> <span class='ocrx_word' id='word_1_15' title='bbox 371 600 506 661; x_wconf 82' lang='grc' dir='ltr'>Φθάσασα</span> <span class='ocrx_word' id='word_1_16' title='bbox 530 599 558 659; x_wconf 84' lang='grc' dir='ltr'>δί</span> <span class='ocrx_word' id='word_1_17' title='bbox 580 602 629 671; x_wconf 75' lang='grc' dir='ltr'>τὴν</span> <span class='ocrx_word' id='word_1_18' title='bbox 651 600 796 679; x_wconf 82' lang='grc' dir='ltr'>Ῥωμαίων</span> <span class='ocrx_word' id='word_1_19' title='bbox 818 600 902 681; x_wconf 78' lang='grc' dir='ltr'>ἄφιξιν</span> <span class='ocrx_word' id='word_1_20' title='bbox 920 605 938 673; x_wconf 80' lang='grc' dir='ltr'><strong>ἡ</strong></span> 
     </span>
     <span class='ocr_line' id='line_1_5' title="bbox 160 687 939 771; baseline 0.008 -26"><span class='ocrx_word' id='word_1_21' title='bbox 160 692 206 746; x_wconf 77' lang='grc' dir='ltr'>τοῦ</span> <span class='ocrx_word' id='word_1_22' title='bbox 221 687 356 762; x_wconf 95' lang='grc' dir='ltr'>δαιμονίου</span> <span class='ocrx_word' id='word_1_23' title='bbox 368 688 490 767; x_wconf 86' lang='grc' dir='ltr'>πρόνοια,</span> <span class='ocrx_word' id='word_1_24' title='bbox 509 687 553 748; x_wconf 73' lang='lat' dir='ltr'>civ</span> <span class='ocrx_word' id='word_1_25' title='bbox 567 688 686 767; x_wconf 75' lang='grc' dir='ltr'>ἡγεμόνα</span> <span class='ocrx_word' id='word_1_26' title='bbox 700 696 747 764; x_wconf 79' lang='grc' dir='ltr'>τῆς</span> <span class='ocrx_word' id='word_1_27' title='bbox 761 699 875 771; x_wconf 69' lang='grc' dir='ltr'>φρουρός</span> <span class='ocrx_word' id='word_1_28' title='bbox 889 690 939 751; x_wconf 87' lang='grc' dir='ltr'>Δί·</span> 
     </span>
    </p>
   </div>
   <div class='ocr_carea' id='block_1_3' title="bbox 107 864 945 3602">
    <p class='ocr_par' dir='ltr' id='par_1_3' title="bbox 107 864 945 3602">
     <span class='ocr_line' id='line_1_6' title="bbox 161 864 939 944; baseline 0.005 -23"><span class='ocrx_word' id='word_1_29' title='bbox 161 869 208 922; x_wconf 79' lang='grc' dir='ltr'>τοῦ</span> <span class='ocrx_word' id='word_1_30' title='bbox 224 866 270 936; x_wconf 80' lang='grc' dir='ltr'>ζῆν</span> <span class='ocrx_word' id='word_1_31' title='bbox 284 864 468 943; x_wconf 69' lang='grc' dir='ltr'>ἐτιμωρήσατο</span> <span class='ocrx_word' id='word_1_32' title='bbox 479 864 548 944; x_wconf 85' lang='grc' dir='ltr'>μέρη</span> <span class='ocrx_word' id='word_1_33' title='bbox 559 911 568 941; x_wconf 90' lang='grc'>,</span> <span class='ocrx_word' id='word_1_34' title='bbox 579 866 653 926; x_wconf 85' lang='grc' dir='ltr'>νόσον</span> <span class='ocrx_word' id='word_1_35' title='bbox 667 867 703 933; x_wconf 88' lang='grc' dir='ltr'>εἰς</span> <span class='ocrx_word' id='word_1_36' title='bbox 716 864 776 933; x_wconf 79' lang='grc' dir='ltr'>τούς</span> <span class='ocrx_word' id='word_1_37' title='bbox 789 864 939 943; x_wconf 80' lang='grc' dir='ltr'>ὀφθαλμούς</span> 
     </span>
     <span class='ocr_line' id='line_1_7' title="bbox 161 951 939 1034; baseline 0.003 -24"><span class='ocrx_word' id='word_1_38' title='bbox 161 951 327 1025; x_wconf 81' lang='grc' dir='ltr'>ε’μόαλοῦσα,</span> <span class='ocrx_word' id='word_1_39' title='bbox 346 953 430 1021; x_wconf 87' lang='grc' dir='ltr'>δεινίις</span> <span class='ocrx_word' id='word_1_40' title='bbox 446 952 619 1032; x_wconf 80' lang='grc' dir='ltr'>περιωδυνίας</span> <span class='ocrx_word' id='word_1_41' title='bbox 642 953 789 1034; x_wconf 85' lang='grc' dir='ltr'>φέρουσαν·</span> <span class='ocrx_word' id='word_1_42' title='bbox 812 954 845 1024; x_wconf 81' lang='grc' dir='ltr'>ἣν</span> <span class='ocrx_word' id='word_1_43' title='bbox 863 955 939 1014; x_wconf 86' lang='grc' dir='ltr'>ίάσα·</span> 
     </span>
     <span class='ocr_line' id='line_1_8' title="bbox 161 1040 940 1124; baseline 0.004 -25"><span class='ocrx_word' id='word_1_44' title='bbox 161 1046 222 1099; x_wconf 98' lang='grc' dir='ltr'>σθαι</span> <span class='ocrx_word' id='word_1_45' title='bbox 248 1041 461 1119; x_wconf 74' lang='grc' dir='ltr'>προθυμούμενος</span> <span class='ocrx_word' id='word_1_46' title='bbox 477 1040 616 1124; x_wconf 73' lang='grc' dir='ltr'>ἅνθρωπος</span> <span class='ocrx_word' id='word_1_47' title='bbox 638 1044 668 1101; x_wconf 83' lang='grc' dir='ltr'>ἰκ</span> <span class='ocrx_word' id='word_1_48' title='bbox 694 1042 837 1115; x_wconf 71' lang='grc' dir='ltr'>Μεσσήνης</span> <span class='ocrx_word' id='word_1_49' title='bbox 852 1043 940 1121; x_wconf 78' lang='grc' dir='ltr'>ἰατρόν</span> 
     </span>
     <span class='ocr_line' id='line_1_9' title="bbox 162 1128 941 1210; baseline 0.003 -24"><span class='ocrx_word' id='word_1_50' title='bbox 162 1128 381 1206; x_wconf 87' lang='grc' dir='ltr'>μεταπέμπεται,</span> <span class='ocrx_word' id='word_1_51' title='bbox 423 1129 583 1210; x_wconf 74' lang='grc' dir='ltr'>Δεξικράτην</span> <span class='ocrx_word' id='word_1_52' title='bbox 610 1129 711 1208; x_wconf 79' lang='grc' dir='ltr'>ὄνομα,</span> <span class='ocrx_word' id='word_1_53' title='bbox 745 1131 941 1208; x_wconf 78' lang='grc' dir='ltr'>πυνθανόμενον</span> 
     </span>
     <span class='ocr_line' id='line_1_10' title="bbox 110 1207 938 1300; baseline 0.004 -26"><span class='ocrx_word' id='word_1_54' title='bbox 110 1225 135 1265; x_wconf 84' lang='grc'>10</span> <span class='ocrx_word' id='word_1_55' title='bbox 162 1216 268 1295; x_wconf 86' lang='grc' dir='ltr'>ἀριστον</span> <span class='ocrx_word' id='word_1_56' title='bbox 293 1207 360 1278; x_wconf 79' lang='grc' dir='ltr'>ε’ίναι</span> <span class='ocrx_word' id='word_1_57' title='bbox 375 1221 427 1277; x_wconf 81' lang='grc' dir='ltr'>τῶν</span> <span class='ocrx_word' id='word_1_58' title='bbox 440 1220 510 1279; x_wconf 71' lang='grc' dir='ltr'>κατα</span> <span class='ocrx_word' id='word_1_59' title='bbox 527 1218 576 1291; x_wconf 79' lang='grc' dir='ltr'>τὴν</span> <span class='ocrx_word' id='word_1_60' title='bbox 592 1218 674 1291; x_wconf 76' lang='grc' dir='ltr'>αὐτὴν</span> <span class='ocrx_word' id='word_1_61' title='bbox 696 1219 802 1291; x_wconf 78' lang='grc' dir='ltr'>ἡλικίαν</span> <span class='ocrx_word' id='word_1_62' title='bbox 824 1222 938 1300; x_wconf 81' lang='grc' dir='ltr'>ἰατρῶν,</span> 
     </span>
     <span class='ocr_line' id='line_1_11' title="bbox 162 1300 941 1389; baseline 0.004 -27"><span class='ocrx_word' id='word_1_63' title='bbox 162 1306 262 1382; x_wconf 78' lang='grc' dir='ltr'>ἀγνοῶν</span> <span class='ocrx_word' id='word_1_64' title='bbox 278 1306 305 1364; x_wconf 82' lang='grc' dir='ltr'>δέ</span> <span class='ocrx_word' id='word_1_65' title='bbox 321 1305 361 1366; x_wconf 78' lang='grc' dir='ltr'>ότι</span> <span class='ocrx_word' id='word_1_66' title='bbox 386 1305 508 1385; x_wconf 82' lang='grc' dir='ltr'>Ῥηγῖνος</span> <span class='ocrx_word' id='word_1_67' title='bbox 531 1300 564 1381; x_wconf 71' lang='grc' dir='ltr'>ἦν</span> <span class='ocrx_word' id='word_1_68' title='bbox 578 1307 608 1366; x_wconf 86' lang='grc' dir='ltr'>τθ</span> <span class='ocrx_word' id='word_1_69' title='bbox 627 1307 714 1385; x_wconf 84' lang='grc' dir='ltr'>γένος·</span> <span class='ocrx_word' id='word_1_70' title='bbox 735 1307 763 1375; x_wconf 71' lang='lat' dir='ltr'>te</span> <span class='ocrx_word' id='word_1_71' title='bbox 785 1308 941 1389; x_wconf 76' lang='grc' dir='ltr'>ἀφικόμενος</span> 
     </span>
     <span class='ocr_line' id='line_1_12' title="bbox 162 1393 939 1476; baseline 0.008 -26"><span class='ocrx_word' id='word_1_72' title='bbox 162 1394 198 1460; x_wconf 88' lang='grc' dir='ltr'>εἰς</span> <span class='ocrx_word' id='word_1_73' title='bbox 212 1394 241 1453; x_wconf 84' lang='grc' dir='ltr'>τὸ</span> <span class='ocrx_word' id='word_1_74' title='bbox 262 1393 382 1474; x_wconf 78' lang='grc' dir='ltr'>Ῥήγιον,</span> <span class='ocrx_word' id='word_1_75' title='bbox 393 1396 524 1476; x_wconf 82' lang='grc' dir='ltr'>έναλιίφει</span> <span class='ocrx_word' id='word_1_76' title='bbox 537 1394 598 1463; x_wconf 78' lang='grc' dir='ltr'>τούς</span> <span class='ocrx_word' id='word_1_77' title='bbox 618 1396 767 1476; x_wconf 79' lang='grc' dir='ltr'>ὀφθαλμούς</span> <span class='ocrx_word' id='word_1_78' title='bbox 779 1398 858 1456; x_wconf 78' lang='grc' dir='ltr'>αὐτοῦ</span> <span class='ocrx_word' id='word_1_79' title='bbox 873 1420 939 1456; x_wconf 73' lang='lat' dir='ltr'><strong>xcru-</strong></span> 
     </span>
     <span class='ocr_line' id='line_1_13' title="bbox 162 1485 941 1567; baseline 0.008 -27"><span class='ocrx_word' id='word_1_80' title='bbox 162 1487 245 1562; x_wconf 84' lang='grc' dir='ltr'>στικῷ</span> <span class='ocrx_word' id='word_1_81' title='bbox 262 1485 410 1565; x_wconf 82' lang='grc' dir='ltr'>φαρμάκῳ,</span> <span class='ocrx_word' id='word_1_82' title='bbox 430 1485 476 1544; x_wconf 89' lang='grc' dir='ltr'>καί</span> <span class='ocrx_word' id='word_1_83' title='bbox 492 1486 728 1563; x_wconf 77' lang='grc' dir='ltr'>διακελευσάμενος</span> <span class='ocrx_word' id='word_1_84' title='bbox 744 1486 884 1567; x_wconf 77' lang='grc' dir='ltr'>ἀνέχεσθαι</span> <span class='ocrx_word' id='word_1_85' title='bbox 894 1485 941 1553; x_wconf 81' lang='grc' dir='ltr'>τάς</span> 
     </span>
     <span class='ocr_line' id='line_1_14' title="bbox 162 1571 941 1655; baseline 0.005 -25"><span class='ocrx_word' id='word_1_86' title='bbox 162 1573 341 1652; x_wconf 77' lang='grc' dir='ltr'>περιωδυνίας</span> <span class='ocrx_word' id='word_1_87' title='bbox 356 1573 405 1639; x_wconf 73' lang='grc' dir='ltr'>ἕως</span> <span class='ocrx_word' id='word_1_88' title='bbox 424 1571 456 1631; x_wconf 81' lang='grc' dir='ltr'>δν</span> <span class='ocrx_word' id='word_1_89' title='bbox 472 1574 615 1655; x_wconf 85' lang='grc' dir='ltr'>ἀφίκηται,</span> <span class='ocrx_word' id='word_1_90' title='bbox 638 1574 757 1642; x_wconf 82' lang='grc' dir='ltr'>καταόίες</span> <span class='ocrx_word' id='word_1_91' title='bbox 779 1576 824 1634; x_wconf 72' lang='lat' dir='ltr'>tei</span> <span class='ocrx_word' id='word_1_92' title='bbox 843 1575 941 1635; x_wconf 74' lang='grc' dir='ltr'>θαλατ·</span> 
     </span>
     <span class='ocr_line' id='line_1_15' title="bbox 110 1661 940 1741; baseline 0.006 -23"><span class='ocrx_word' id='word_1_93' title='bbox 110 1666 134 1703; x_wconf 79' lang='lat'>¹⁵</span> <span class='ocrx_word' id='word_1_94' title='bbox 161 1683 209 1718; x_wconf 89' lang='grc' dir='ltr'>ταν</span> <span class='ocrx_word' id='word_1_95' title='bbox 230 1662 266 1727; x_wconf 89' lang='grc' dir='ltr'>εἰς</span> <span class='ocrx_word' id='word_1_96' title='bbox 291 1661 320 1720; x_wconf 81' lang='grc' dir='ltr'>τὸ</span> <span class='ocrx_word' id='word_1_97' title='bbox 341 1662 590 1740; x_wconf 78' lang='grc' dir='ltr'>παρεσκευασμένον</span> <span class='ocrx_word' id='word_1_98' title='bbox 612 1668 755 1741; x_wconf 80' lang='grc' dir='ltr'>πορθμεῖον</span> <span class='ocrx_word' id='word_1_99' title='bbox 780 1662 858 1735; x_wconf 65' lang='lat' dir='ltr'><strong>trien</strong></span> <span class='ocrx_word' id='word_1_100' title='bbox 879 1663 940 1737; x_wconf 87' lang='grc' dir='ltr'>καί,</span> 
     </span>
     <span class='ocr_line' id='line_1_16' title="bbox 162 1747 941 1830; baseline 0.01 -26"><span class='ocrx_word' id='word_1_101' title='bbox 162 1747 223 1826; x_wconf 76' lang='grc' dir='ltr'>πρὶν</span> <span class='ocrx_word' id='word_1_102' title='bbox 238 1748 374 1808; x_wconf 79' lang='grc' dir='ltr'>αἰσθέσθαι</span> <span class='ocrx_word' id='word_1_103' title='bbox 387 1748 447 1808; x_wconf 86' lang='grc' dir='ltr'>τινίι</span> <span class='ocrx_word' id='word_1_104' title='bbox 462 1749 492 1809; x_wconf 74' lang='lat' dir='ltr'><strong>ab</strong></span> <span class='ocrx_word' id='word_1_105' title='bbox 511 1750 651 1830; x_wconf 76' lang='grc' dir='ltr'>πραχθίν,</span> <span class='ocrx_word' id='word_1_106' title='bbox 667 1752 703 1817; x_wconf 93' lang='grc' dir='ltr'>εἰς</span> <span class='ocrx_word' id='word_1_107' title='bbox 718 1750 861 1824; x_wconf 78' lang='grc' dir='ltr'>Μεσσήνην</span> <span class='ocrx_word' id='word_1_108' title='bbox 877 1751 941 1812; x_wconf 87' lang='grc' dir='ltr'>ἀπέ·</span> 
     </span>
     <span class='ocr_line' id='line_1_17' title="bbox 162 1836 942 1919; baseline 0.003 -24"><span class='ocrx_word' id='word_1_109' title='bbox 162 1838 272 1898; x_wconf 91' lang='grc' dir='ltr'>πλευσε.</span> <span class='ocrx_word' id='word_1_110' title='bbox 315 1836 409 1908; x_wconf 85' lang='grc' dir='ltr'>Δέκιος</span> <span class='ocrx_word' id='word_1_111' title='bbox 430 1837 458 1897; x_wconf 77' lang='grc' dir='ltr'>δέ</span> <span class='ocrx_word' id='word_1_112' title='bbox 480 1839 560 1919; x_wconf 83' lang='grc' dir='ltr'>μέχρι</span> <span class='ocrx_word' id='word_1_113' title='bbox 584 1840 631 1916; x_wconf 80' lang='grc' dir='ltr'>μέν</span> <span class='ocrx_word' id='word_1_114' title='bbox 659 1862 743 1914; x_wconf 83' lang='grc' dir='ltr'>τινος,</span> <span class='ocrx_word' id='word_1_115' title='bbox 769 1840 942 1917; x_wconf 75' lang='grc' dir='ltr'>ἐκκαιομένης</span> 
     </span>
     <span class='ocr_line' id='line_1_18' title="bbox 162 1927 941 2009; baseline 0.004 -24"><span class='ocrx_word' id='word_1_116' title='bbox 162 1930 209 1997; x_wconf 74' lang='grc' dir='ltr'>τῆς</span> <span class='ocrx_word' id='word_1_117' title='bbox 223 1927 347 2008; x_wconf 88' lang='grc' dir='ltr'>θράσεως,</span> <span class='ocrx_word' id='word_1_118' title='bbox 358 1930 503 2006; x_wconf 78' lang='grc' dir='ltr'>ἀλγηδόνας</span> <span class='ocrx_word' id='word_1_119' title='bbox 513 1951 541 1986; x_wconf 88' lang='grc' dir='ltr'>τε</span> <span class='ocrx_word' id='word_1_120' title='bbox 556 1928 640 1994; x_wconf 75' lang='grc' dir='ltr'>δεινὰς</span> <span class='ocrx_word' id='word_1_121' title='bbox 653 1929 805 2003; x_wconf 81' lang='grc' dir='ltr'>ὑπομένων,</span> <span class='ocrx_word' id='word_1_122' title='bbox 822 1929 941 2009; x_wconf 77' lang='grc' dir='ltr'>ἠνείχετο</span> 
     </span>
     <span class='ocr_line' id='line_1_19' title="bbox 162 2012 943 2097; baseline 0.005 -24"><span class='ocrx_word' id='word_1_123' title='bbox 162 2012 206 2073; x_wconf 83' lang='grc' dir='ltr'>τὸν</span> <span class='ocrx_word' id='word_1_124' title='bbox 223 2015 310 2095; x_wconf 79' lang='grc' dir='ltr'>ἰατρὸν</span> <span class='ocrx_word' id='word_1_125' title='bbox 334 2016 558 2096; x_wconf 77' lang='grc' dir='ltr'>προσδεχόμενος·</span> <span class='ocrx_word' id='word_1_126' title='bbox 584 2019 621 2084; x_wconf 82' lang='grc' dir='ltr'>ὡς</span> <span class='ocrx_word' id='word_1_127' title='bbox 641 2015 668 2077; x_wconf 89' lang='grc' dir='ltr'>δί</span> <span class='ocrx_word' id='word_1_128' title='bbox 695 2015 777 2084; x_wconf 80' lang='grc' dir='ltr'>πολύς</span> <span class='ocrx_word' id='word_1_129' title='bbox 798 2017 943 2097; x_wconf 80' lang='grc' dir='ltr'>ίγίγνετοό</span> 
     </span>
     <span class='ocr_line' id='line_1_20' title="bbox 108 2095 939 2185; baseline 0 -23"><span class='ocrx_word' id='word_1_130' title='bbox 108 2112 137 2150; x_wconf 64' lang='lat' dir='ltr'><strong><em>w</em></strong></span> <span class='ocrx_word' id='word_1_131' title='bbox 162 2103 269 2182; x_wconf 78' lang='grc' dir='ltr'>χρόνος,</span> <span class='ocrx_word' id='word_1_132' title='bbox 281 2104 327 2163; x_wconf 89' lang='grc' dir='ltr'>καί</span> <span class='ocrx_word' id='word_1_133' title='bbox 339 2104 387 2171; x_wconf 88' lang='grc' dir='ltr'>τδις</span> <span class='ocrx_word' id='word_1_134' title='bbox 400 2104 573 2183; x_wconf 78' lang='grc' dir='ltr'>περιωδυνίας</span> <span class='ocrx_word' id='word_1_135' title='bbox 591 2105 717 2173; x_wconf 87' lang='grc' dir='ltr'>ἀδύνατος</span> <span class='ocrx_word' id='word_1_136' title='bbox 735 2095 767 2178; x_wconf 66' lang='grc' dir='ltr'>ἦν</span> <span class='ocrx_word' id='word_1_137' title='bbox 782 2104 821 2165; x_wconf 78' lang='lat' dir='ltr'>ln</span> <span class='ocrx_word' id='word_1_138' title='bbox 835 2105 939 2185; x_wconf 87' lang='grc' dir='ltr'>φέρειν,</span> 
     </span>
     <span class='ocr_line' id='line_1_21' title="bbox 164 2192 941 2275; baseline 0.008 -26"><span class='ocrx_word' id='word_1_139' title='bbox 164 2193 310 2269; x_wconf 86' lang='grc' dir='ltr'>σπογγίσας</span> <span class='ocrx_word' id='word_1_140' title='bbox 322 2192 353 2251; x_wconf 84' lang='grc' dir='ltr'>εδ</span> <span class='ocrx_word' id='word_1_141' title='bbox 373 2193 513 2275; x_wconf 82' lang='grc' dir='ltr'>φάρμακον</span> <span class='ocrx_word' id='word_1_142' title='bbox 533 2193 580 2253; x_wconf 87' lang='grc' dir='ltr'>καί</span> <span class='ocrx_word' id='word_1_143' title='bbox 593 2192 652 2260; x_wconf 79' lang='grc' dir='ltr'>τοὺς</span> <span class='ocrx_word' id='word_1_144' title='bbox 666 2192 817 2274; x_wconf 80' lang='grc' dir='ltr'>ὀφθαλμούς</span> <span class='ocrx_word' id='word_1_145' title='bbox 828 2194 941 2266; x_wconf 74' lang='grc' dir='ltr'>ἀνοίξας,</span> 
     </span>
     <span class='ocr_line' id='line_1_22' title="bbox 164 2279 942 2362; baseline 0.008 -25"><span class='ocrx_word' id='word_1_146' title='bbox 164 2279 231 2360; x_wconf 83' lang='grc' dir='ltr'>ἔγνω</span> <span class='ocrx_word' id='word_1_147' title='bbox 252 2280 298 2348; x_wconf 87' lang='grc' dir='ltr'>τάς</span> <span class='ocrx_word' id='word_1_148' title='bbox 320 2281 392 2362; x_wconf 71' lang='grc' dir='ltr'>ὄψεις</span> <span class='ocrx_word' id='word_1_149' title='bbox 416 2282 628 2360; x_wconf 79' lang='grc' dir='ltr'>έκκεκαυμένας,</span> <span class='ocrx_word' id='word_1_150' title='bbox 657 2283 769 2342; x_wconf 81' lang='grc' dir='ltr'>καὶτὸν</span> <span class='ocrx_word' id='word_1_151' title='bbox 792 2282 819 2352; x_wconf 76' lang='grc' dir='ltr'>ἐξ</span> <span class='ocrx_word' id='word_1_152' title='bbox 842 2283 942 2343; x_wconf 85' lang='grc' dir='ltr'>ἰκείνου</span> 
     </span>
     <span class='ocr_line' id='line_1_23' title="bbox 163 2367 943 2453; baseline 0.008 -28"><span class='ocrx_word' id='word_1_153' title='bbox 163 2367 257 2448; x_wconf 79' lang='grc' dir='ltr'>χρόνον</span> <span class='ocrx_word' id='word_1_154' title='bbox 275 2371 387 2447; x_wconf 84' lang='grc' dir='ltr'>διέμεινε</span> <span class='ocrx_word' id='word_1_155' title='bbox 400 2371 509 2453; x_wconf 83' lang='grc' dir='ltr'>τυφλός·</span> <span class='ocrx_word' id='word_1_156' title='bbox 524 2373 626 2452; x_wconf 80' lang='grc' dir='ltr'>ἡμέρας</span> <span class='ocrx_word' id='word_1_157' title='bbox 647 2395 676 2430; x_wconf 89' lang='grc' dir='ltr'>τε</span> <span class='ocrx_word' id='word_1_158' title='bbox 690 2372 780 2451; x_wconf 86' lang='grc' dir='ltr'>όλίγας</span> <span class='ocrx_word' id='word_1_159' title='bbox 794 2373 834 2431; x_wconf 80' lang='grc' dir='ltr'>ἔτι</span> <span class='ocrx_word' id='word_1_160' title='bbox 853 2396 943 2451; x_wconf 88' lang='grc' dir='ltr'>περιε-</span> 
     </span>
     <span class='ocr_line' id='line_1_24' title="bbox 163 2455 942 2540; baseline 0.006 -27"><span class='ocrx_word' id='word_1_161' title='bbox 163 2455 259 2535; x_wconf 81' lang='grc' dir='ltr'>νέγκας</span> <span class='ocrx_word' id='word_1_162' title='bbox 269 2458 419 2539; x_wconf 58' lang='grc' dir='ltr'>ύπογιίριος</span> <span class='ocrx_word' id='word_1_163' title='bbox 429 2467 483 2527; x_wconf 88' lang='grc' dir='ltr'>τοῖς</span> <span class='ocrx_word' id='word_1_164' title='bbox 494 2458 639 2538; x_wconf 83' lang='grc' dir='ltr'>Ῥωμαίοις</span> <span class='ocrx_word' id='word_1_165' title='bbox 649 2459 776 2540; x_wconf 87' lang='grc' dir='ltr'>γίγνεται,</span> <span class='ocrx_word' id='word_1_166' title='bbox 785 2460 942 2539; x_wconf 78' lang='grc' dir='ltr'>συλληφθείς</span> 
     </span>
     <span class='ocr_line' id='line_1_25' title="bbox 107 2546 943 2629; baseline 0.01 -26"><span class='ocrx_word' id='word_1_167' title='bbox 107 2550 137 2591; x_wconf 75' lang='lat'>&#39;2⁵</span> <span class='ocrx_word' id='word_1_168' title='bbox 164 2546 217 2605; x_wconf 82' lang='grc' dir='ltr'>ύπδ</span> <span class='ocrx_word' id='word_1_169' title='bbox 228 2552 279 2608; x_wconf 82' lang='grc' dir='ltr'>τῶν</span> <span class='ocrx_word' id='word_1_170' title='bbox 299 2549 382 2611; x_wconf 84' lang='grc' dir='ltr'>ἰδίων.</span> <span class='ocrx_word' id='word_1_171' title='bbox 425 2550 533 2623; x_wconf 86' lang='grc' dir='ltr'>Ταύτην</span> <span class='ocrx_word' id='word_1_172' title='bbox 547 2548 599 2629; x_wconf 82' lang='grc' dir='ltr'>γίρ</span> <span class='ocrx_word' id='word_1_173' title='bbox 614 2548 729 2626; x_wconf 76' lang='grc' dir='ltr'>οἰόμενοί</span> <span class='ocrx_word' id='word_1_174' title='bbox 753 2573 821 2617; x_wconf 86' lang='grc' dir='ltr'>τινες</span> <span class='ocrx_word' id='word_1_175' title='bbox 844 2550 943 2611; x_wconf 90' lang='grc' dir='ltr'>ἀπολο-</span> 
     </span>
     <span class='ocr_line' id='line_1_26' title="bbox 163 2634 942 2717; baseline 0.003 -25"><span class='ocrx_word' id='word_1_176' title='bbox 163 2634 223 2712; x_wconf 90' lang='grc' dir='ltr'>γίαν</span> <span class='ocrx_word' id='word_1_177' title='bbox 238 2636 425 2717; x_wconf 63' lang='lat' dir='ltr'><strong>[despicior]</strong></span> <span class='ocrx_word' id='word_1_178' title='bbox 440 2638 488 2710; x_wconf 78' lang='grc' dir='ltr'>τήν</span> <span class='ocrx_word' id='word_1_179' title='bbox 509 2662 538 2697; x_wconf 84' lang='grc' dir='ltr'>τε</span> <span class='ocrx_word' id='word_1_180' title='bbox 553 2637 629 2697; x_wconf 85' lang='grc' dir='ltr'>πόλιν</span> <span class='ocrx_word' id='word_1_181' title='bbox 644 2636 757 2715; x_wconf 77' lang='grc' dir='ltr'>ἀνέῳξαν</span> <span class='ocrx_word' id='word_1_182' title='bbox 773 2641 811 2717; x_wconf 82' lang='grc' dir='ltr'>τῷ</span> <span class='ocrx_word' id='word_1_183' title='bbox 825 2661 942 2717; x_wconf 81' lang='grc' dir='ltr'>στρατη·</span> 
     </span>
     <span class='ocr_line' id='line_1_27' title="bbox 162 2725 939 2808; baseline 0.004 -25"><span class='ocrx_word' id='word_1_184' title='bbox 162 2727 203 2802; x_wconf 80' lang='grc' dir='ltr'>γῷ</span> <span class='ocrx_word' id='word_1_185' title='bbox 217 2729 262 2786; x_wconf 86' lang='grc' dir='ltr'>καὶ</span> <span class='ocrx_word' id='word_1_186' title='bbox 287 2726 332 2785; x_wconf 88' lang='grc' dir='ltr'>τδν</span> <span class='ocrx_word' id='word_1_187' title='bbox 352 2726 445 2786; x_wconf 85' lang='grc' dir='ltr'>Δέκιον</span> <span class='ocrx_word' id='word_1_188' title='bbox 470 2729 597 2799; x_wconf 74' lang='grc' dir='ltr'>δήσαντες</span> <span class='ocrx_word' id='word_1_189' title='bbox 611 2726 760 2808; x_wconf 86' lang='grc' dir='ltr'>παρέδοσαν</span> <span class='ocrx_word' id='word_1_190' title='bbox 784 2725 939 2806; x_wconf 82' lang='grc' dir='ltr'>Φαόρικίῳ.</span> 
     </span>
     <span class='ocr_line' id='line_1_28' title="bbox 163 2810 942 2897; baseline 0.005 -28"><span class='ocrx_word' id='word_1_191' title='bbox 163 2810 198 2867; x_wconf 88' lang='grc' dir='ltr'><strong>Ὁ</strong></span> <span class='ocrx_word' id='word_1_192' title='bbox 214 2813 242 2871; x_wconf 83' lang='grc' dir='ltr'>δί</span> <span class='ocrx_word' id='word_1_193' title='bbox 255 2812 304 2884; x_wconf 72' lang='grc' dir='ltr'>την</span> <span class='ocrx_word' id='word_1_194' title='bbox 314 2814 362 2891; x_wconf 73' lang='grc' dir='ltr'>μέν</span> <span class='ocrx_word' id='word_1_195' title='bbox 377 2814 454 2873; x_wconf 90' lang='grc' dir='ltr'>πόλιν</span> <span class='ocrx_word' id='word_1_196' title='bbox 474 2816 620 2875; x_wconf 87' lang='grc' dir='ltr'>ἀποδίδωσι</span> <span class='ocrx_word' id='word_1_197' title='bbox 639 2824 693 2883; x_wconf 84' lang='grc' dir='ltr'>τοῖς</span> <span class='ocrx_word' id='word_1_198' title='bbox 714 2819 834 2897; x_wconf 76' lang='grc' dir='ltr'>περιοῦσι</span> <span class='ocrx_word' id='word_1_199' title='bbox 847 2813 942 2891; x_wconf 80' lang='grc' dir='ltr'>Ῥηγί-</span> 
     </span>
     <span class='ocr_line' id='line_1_29' title="bbox 164 2902 942 2987; baseline 0.005 -29"><span class='ocrx_word' id='word_1_200' title='bbox 164 2925 231 2975; x_wconf 87' lang='grc' dir='ltr'>νων,</span> <span class='ocrx_word' id='word_1_201' title='bbox 256 2902 315 2971; x_wconf 81' lang='grc' dir='ltr'>τοθς</span> <span class='ocrx_word' id='word_1_202' title='bbox 336 2903 364 2964; x_wconf 80' lang='grc' dir='ltr'>δέ</span> <span class='ocrx_word' id='word_1_203' title='bbox 386 2903 512 2987; x_wconf 82' lang='grc' dir='ltr'>φρουρούς</span> <span class='ocrx_word' id='word_1_204' title='bbox 536 2904 642 2963; x_wconf 76' lang='grc' dir='ltr'>ἅπαντα</span> <span class='ocrx_word' id='word_1_205' title='bbox 668 2905 824 2964; x_wconf 84' lang='grc' dir='ltr'>καταλιπεῖν</span> <span class='ocrx_word' id='word_1_206' title='bbox 852 2904 942 2964; x_wconf 82' lang='grc' dir='ltr'>αὐτόθι</span> 
     </span>
     <span class='ocr_line' id='line_1_30' title="bbox 110 2990 942 3072; baseline 0 -23"><span class='ocrx_word' id='word_1_207' title='bbox 110 2991 137 3029; x_wconf 74' lang='lat'>⁸⁰</span> <span class='ocrx_word' id='word_1_208' title='bbox 164 2990 309 3067; x_wconf 67' lang='lat' dir='ltr'><strong>trebericae,</strong></span> <span class='ocrx_word' id='word_1_209' title='bbox 332 2992 469 3068; x_wconf 78' lang='grc' dir='ltr'>ἀπήγαγεν</span> <span class='ocrx_word' id='word_1_210' title='bbox 484 2992 557 3051; x_wconf 76' lang='grc' dir='ltr'>οὐδέν</span> <span class='ocrx_word' id='word_1_211' title='bbox 583 2993 787 3072; x_wconf 75' lang='grc' dir='ltr'>ἐπιφερομένους</span> <span class='ocrx_word' id='word_1_212' title='bbox 815 2992 866 3060; x_wconf 77' lang='grc' dir='ltr'>ἔξω</span> <span class='ocrx_word' id='word_1_213' title='bbox 890 2996 942 3051; x_wconf 84' lang='grc' dir='ltr'>τῶν</span> 
     </span>
     <span class='ocr_line' id='line_1_31' title="bbox 164 3072 942 3161; baseline 0.005 -26"><span class='ocrx_word' id='word_1_214' title='bbox 164 3078 262 3135; x_wconf 85' lang='grc' dir='ltr'>όπλων·</span> <span class='ocrx_word' id='word_1_215' title='bbox 282 3080 308 3147; x_wconf 79' lang='grc' dir='ltr'>ἐξ</span> <span class='ocrx_word' id='word_1_216' title='bbox 331 3072 367 3138; x_wconf 77' lang='grc' dir='ltr'>ὧν</span> <span class='ocrx_word' id='word_1_217' title='bbox 383 3078 442 3147; x_wconf 76' lang='grc' dir='ltr'>τούς</span> <span class='ocrx_word' id='word_1_218' title='bbox 467 3080 686 3161; x_wconf 80' lang='grc' dir='ltr'>κορυφαιοτάτους</span> <span class='ocrx_word' id='word_1_219' title='bbox 701 3082 797 3159; x_wconf 86' lang='grc' dir='ltr'>ἀνδρας</span> <span class='ocrx_word' id='word_1_220' title='bbox 822 3080 942 3148; x_wconf 73' lang='grc' dir='ltr'>ἐπιλεξά-</span> 
     </span>
     <span class='ocr_line' id='line_1_32' title="bbox 165 3165 943 3247; baseline 0.001 -24"><span class='ocrx_word' id='word_1_221' title='bbox 165 3189 256 3242; x_wconf 86' lang='grc' dir='ltr'>μενος,</span> <span class='ocrx_word' id='word_1_222' title='bbox 275 3165 318 3232; x_wconf 78' lang='grc' dir='ltr'>οὓς</span> <span class='ocrx_word' id='word_1_223' title='bbox 334 3165 477 3247; x_wconf 88' lang='grc' dir='ltr'>ἀπέφαινον</span> <span class='ocrx_word' id='word_1_224' title='bbox 492 3167 516 3223; x_wconf 81' lang='grc' dir='ltr'>οἱ</span> <span class='ocrx_word' id='word_1_225' title='bbox 528 3165 614 3225; x_wconf 84' lang='grc' dir='ltr'>λοιποὶ</span> <span class='ocrx_word' id='word_1_226' title='bbox 636 3169 688 3224; x_wconf 82' lang='grc' dir='ltr'>τῶν</span> <span class='ocrx_word' id='word_1_227' title='bbox 706 3169 818 3224; x_wconf 75' lang='grc' dir='ltr'>ἀνοσίων</span> <span class='ocrx_word' id='word_1_228' title='bbox 833 3168 943 3244; x_wconf 89' lang='grc' dir='ltr'>βουλευ-</span> 
     </span>
     <span class='ocr_line' id='line_1_33' title="bbox 166 3245 945 3331; baseline 0 -20"><span class='ocrx_word' id='word_1_229' title='bbox 166 3254 258 3330; x_wconf 82' lang='grc' dir='ltr'>μάτων</span> <span class='ocrx_word' id='word_1_230' title='bbox 281 3245 349 3313; x_wconf 80' lang='grc' dir='ltr'>εἰναι</span> <span class='ocrx_word' id='word_1_231' title='bbox 373 3252 532 3327; x_wconf 78' lang='grc' dir='ltr'>κοινωνούς,</span> <span class='ocrx_word' id='word_1_232' title='bbox 549 3255 670 3331; x_wconf 83' lang='grc' dir='ltr'>δεσμίους</span> <span class='ocrx_word' id='word_1_233' title='bbox 695 3256 731 3320; x_wconf 86' lang='grc' dir='ltr'>εἰς</span> <span class='ocrx_word' id='word_1_234' title='bbox 754 3252 864 3330; x_wconf 82' lang='grc' dir='ltr'>Ῥώμην</span> <span class='ocrx_word' id='word_1_235' title='bbox 879 3254 945 3330; x_wconf 80' lang='grc' dir='ltr'>ἤγα-</span> 
     </span>
     <span class='ocr_line' id='line_1_34' title="bbox 164 3334 943 3423; baseline 0.001 -23"><span class='ocrx_word' id='word_1_236' title='bbox 164 3367 221 3420; x_wconf 85' lang='grc' dir='ltr'>γεν·</span> <span class='ocrx_word' id='word_1_237' title='bbox 237 3343 279 3410; x_wconf 86' lang='grc' dir='ltr'>οθς</span> <span class='ocrx_word' id='word_1_238' title='bbox 297 3347 323 3403; x_wconf 90' lang='grc' dir='ltr'>ε’ν</span> <span class='ocrx_word' id='word_1_239' title='bbox 346 3345 430 3423; x_wconf 76' lang='grc' dir='ltr'>ἀγορᾷ</span> <span class='ocrx_word' id='word_1_240' title='bbox 446 3343 567 3420; x_wconf 81' lang='grc' dir='ltr'>μάστιξιν</span> <span class='ocrx_word' id='word_1_241' title='bbox 590 3343 775 3421; x_wconf 82' lang='grc' dir='ltr'>αἰκισάμενοι,</span> <span class='ocrx_word' id='word_1_242' title='bbox 793 3347 829 3409; x_wconf 81' lang='grc' dir='ltr'>ὡς</span> <span class='ocrx_word' id='word_1_243' title='bbox 843 3334 875 3416; x_wconf 72' lang='grc' dir='ltr'>ἦν</span> <span class='ocrx_word' id='word_1_244' title='bbox 892 3344 943 3401; x_wconf 90' lang='grc' dir='ltr'>πά-</span> 
     </span>
     <span class='ocr_line' id='line_1_35' title="bbox 111 3432 943 3514; baseline 0.002 -26"><span class='ocrx_word' id='word_1_245' title='bbox 111 3447 137 3483; x_wconf 73' lang='grc' dir='ltr'>σθ</span> <span class='ocrx_word' id='word_1_246' title='bbox 165 3455 234 3511; x_wconf 82' lang='grc' dir='ltr'>τριον</span> <span class='ocrx_word' id='word_1_247' title='bbox 252 3433 295 3493; x_wconf 79' lang='grc' dir='ltr'>ἐπὶ</span> <span class='ocrx_word' id='word_1_248' title='bbox 313 3444 366 3500; x_wconf 83' lang='grc' dir='ltr'>τοῖς</span> <span class='ocrx_word' id='word_1_249' title='bbox 381 3433 535 3512; x_wconf 80' lang='grc' dir='ltr'>κακούργοις</span> <span class='ocrx_word' id='word_1_250' title='bbox 560 3434 701 3510; x_wconf 87' lang='grc' dir='ltr'>κείμενον,</span> <span class='ocrx_word' id='word_1_251' title='bbox 728 3432 882 3493; x_wconf 87' lang='grc' dir='ltr'>ἀπέκτειναν</span> <span class='ocrx_word' id='word_1_252' title='bbox 905 3438 943 3514; x_wconf 85' lang='grc' dir='ltr'>τῷ</span> 
     </span>
     <span class='ocr_line' id='line_1_36' title="bbox 165 3521 941 3602; baseline 0.003 -23"><span class='ocrx_word' id='word_1_253' title='bbox 165 3523 268 3580; x_wconf 81' lang='grc' dir='ltr'>πελέκει</span> <span class='ocrx_word' id='word_1_254' title='bbox 284 3522 331 3590; x_wconf 83' lang='grc' dir='ltr'>τάς</span> <span class='ocrx_word' id='word_1_255' title='bbox 346 3521 461 3602; x_wconf 78' lang='grc' dir='ltr'>κεφαλὰς</span> <span class='ocrx_word' id='word_1_256' title='bbox 478 3523 673 3602; x_wconf 71' lang='grc' dir='ltr'>ἀποκόψαντες,</span> <span class='ocrx_word' id='word_1_257' title='bbox 694 3522 767 3589; x_wconf 77' lang='grc' dir='ltr'>ἐκτὸς</span> <span class='ocrx_word' id='word_1_258' title='bbox 786 3522 880 3582; x_wconf 84' lang='grc' dir='ltr'>Δεκίου</span> <span class='ocrx_word' id='word_1_259' title='bbox 896 3524 941 3581; x_wconf 86' lang='grc' dir='ltr'>καί</span> 
     </span>
    </p>
   </div>
   <div class='ocr_carea' id='block_1_4' title="bbox 111 3603 942 3953">
    <p class='ocr_par' dir='ltr' id='par_1_4' title="bbox 164 3603 942 3692">
     <span class='ocr_line' id='line_1_37' title="bbox 164 3603 942 3692; baseline 0.004 -28"><span class='ocrx_word' id='word_1_260' title='bbox 164 3613 211 3665; x_wconf 78' lang='grc' dir='ltr'>τοῦ</span> <span class='ocrx_word' id='word_1_261' title='bbox 233 3610 426 3690; x_wconf 83' lang='grc' dir='ltr'>γραμματέως·</span> <span class='ocrx_word' id='word_1_262' title='bbox 453 3603 523 3671; x_wconf 68' lang='grc' dir='ltr'>οὗτοι</span> <span class='ocrx_word' id='word_1_263' title='bbox 549 3611 577 3669; x_wconf 84' lang='grc' dir='ltr'>δὲ</span> <span class='ocrx_word' id='word_1_264' title='bbox 605 3612 853 3692; x_wconf 83' lang='grc' dir='ltr'>παρακρουσάμενοι</span> <span class='ocrx_word' id='word_1_265' title='bbox 881 3609 942 3677; x_wconf 81' lang='grc' dir='ltr'>τοὺς</span> 
     </span>
    </p>

    <p class='ocr_par' dir='ltr' id='par_1_5' title="bbox 165 3697 940 3781">
     <span class='ocr_line' id='line_1_38' title="bbox 165 3697 940 3781; baseline 0.006 -28"><span class='ocrx_word' id='word_1_266' title='bbox 165 3697 340 3775; x_wconf 83' lang='grc' dir='ltr'>φυλάττοντας</span> <span class='ocrx_word' id='word_1_267' title='bbox 369 3699 387 3771; x_wconf 74' lang='grc' dir='ltr'>ἢ</span> <span class='ocrx_word' id='word_1_268' title='bbox 410 3699 546 3781; x_wconf 65' lang='grc' dir='ltr'>Ιχρήμασιν</span> <span class='ocrx_word' id='word_1_269' title='bbox 570 3698 738 3776; x_wconf 83' lang='grc' dir='ltr'>ὠνησάμενοι</span> <span class='ocrx_word' id='word_1_270' title='bbox 762 3699 792 3758; x_wconf 83' lang='grc' dir='ltr'>αδ</span> <span class='ocrx_word' id='word_1_271' title='bbox 815 3699 852 3777; x_wconf 76' lang='grc' dir='ltr'>μὴ</span> <span class='ocrx_word' id='word_1_272' title='bbox 882 3701 940 3772; x_wconf 91' lang='grc' dir='ltr'>μεθ’</span> 
     </span>
    </p>

    <p class='ocr_par' dir='ltr' id='par_1_6' title="bbox 111 3785 938 3953">
     <span class='ocr_line' id='line_1_39' title="bbox 165 3785 938 3868; baseline -0.003 -21"><span class='ocrx_word' id='word_1_273' title='bbox 165 3788 263 3866; x_wconf 79' lang='grc' dir='ltr'>ύόρεως</span> <span class='ocrx_word' id='word_1_274' title='bbox 292 3789 447 3859; x_wconf 84' lang='grc' dir='ltr'>ἀποθανεῖν,</span> <span class='ocrx_word' id='word_1_275' title='bbox 477 3787 582 3853; x_wconf 78' lang='grc' dir='ltr'>ἑαυτούς</span> <span class='ocrx_word' id='word_1_276' title='bbox 618 3788 819 3868; x_wconf 73' lang='grc' dir='ltr'>διεχειρίσαντο.</span> <span class='ocrx_word' id='word_1_277' title='bbox 883 3785 938 3847; x_wconf 77' lang='grc' dir='ltr'>Καὶ</span> 
     </span>
     <span class='ocr_line' id='line_1_40' title="bbox 111 3877 576 3953; baseline 0.009 -17"><span class='ocrx_word' id='word_1_278' title='bbox 111 3883 137 3921; x_wconf 74' lang='lat'>⁴⁰</span> <span class='ocrx_word' id='word_1_279' title='bbox 165 3883 249 3937; x_wconf 79' lang='grc' dir='ltr'>ταῦτα</span> <span class='ocrx_word' id='word_1_280' title='bbox 264 3877 312 3953; x_wconf 82' lang='grc' dir='ltr'>μέν</span> <span class='ocrx_word' id='word_1_281' title='bbox 324 3877 368 3936; x_wconf 76' lang='lat' dir='ltr'><strong>tol</strong></span> <span class='ocrx_word' id='word_1_282' title='bbox 382 3877 489 3945; x_wconf 75' lang='grc' dir='ltr'>τούτοις.</span> <span class='ocrx_word' id='word_1_283' title='bbox 507 3882 576 3940; x_wconf 78' lang='lat' dir='ltr'><strong>Est’.</strong></span> 
     </span>
    </p>
   </div>
   <div class='ocr_carea' id='block_1_5' title="bbox 678 292 1256 357">
    <p class='ocr_par' dir='ltr' id='par_1_7' title="bbox 678 292 1256 357">
     <span class='ocr_line' id='line_1_41' title="bbox 678 292 1256 357; baseline -0.002 -1"><span class='ocrx_word' id='word_1_284' title='bbox 678 294 847 357; x_wconf 73' lang='lat' dir='ltr'><strong>promisit</strong></span> <span class='ocrx_word' id='word_1_285' title='bbox 869 292 1256 355; x_wconf 69' lang='lat' dir='ltr'><strong>Httlctttrtlsstinsts</strong></span> 
     </span>
    </p>
   </div>
   <div class='ocr_carea' id='block_1_6' title="bbox 993 431 1784 2019">
    <p class='ocr_par' dir='ltr' id='par_1_8' title="bbox 993 431 1784 2019">
     <span class='ocr_line' id='line_1_42' title="bbox 995 431 1784 499; baseline 0.004 -18"><span class='ocrx_word' id='word_1_286' title='bbox 995 435 1078 483; x_wconf 88' lang='lat' dir='ltr'><strong>teram</strong></span> <span class='ocrx_word' id='word_1_287' title='bbox 1087 433 1214 485; x_wconf 91' lang='lat' dir='ltr'><strong>consulem</strong></span> <span class='ocrx_word' id='word_1_288' title='bbox 1229 446 1287 484; x_wconf 91' lang='lat' dir='ltr'>cum</span> <span class='ocrx_word' id='word_1_289' title='bbox 1301 431 1415 484; x_wconf 77' lang='lat' dir='ltr'><strong>exercitu</strong></span> <span class='ocrx_word' id='word_1_290' title='bbox 1427 444 1513 483; x_wconf 88' lang='lat' dir='ltr'><strong>recens</strong></span> <span class='ocrx_word' id='word_1_291' title='bbox 1527 432 1675 499; x_wconf 84' lang='lat' dir='ltr'><strong>conscripto</strong></span> <span class='ocrx_word' id='word_1_292' title='bbox 1685 435 1784 491; x_wconf 82' lang='lat' dir='ltr'><strong>emisit.</strong></span> 
     </span>
     <span class='ocr_line' id='line_1_43' title="bbox 994 531 1783 589; baseline 0.006 -5"><span class='ocrx_word' id='word_1_293' title='bbox 994 533 1041 584; x_wconf 81' lang='lat' dir='ltr'>sed</span> <span class='ocrx_word' id='word_1_294' title='bbox 1050 537 1209 585; x_wconf 70' lang='lat' dir='ltr'>antevertens</span> <span class='ocrx_word' id='word_1_295' title='bbox 1220 536 1389 585; x_wconf 85' lang='lat' dir='ltr'><strong>Romanorum</strong></span> <span class='ocrx_word' id='word_1_296' title='bbox 1399 531 1536 585; x_wconf 80' lang='lat' dir='ltr'><strong>adrentum</strong></span> <span class='ocrx_word' id='word_1_297' title='bbox 1546 532 1633 584; x_wconf 72' lang='lat' dir='ltr'><strong>dimna</strong></span> <span class='ocrx_word' id='word_1_298' title='bbox 1642 536 1783 589; x_wconf 80' lang='lat' dir='ltr'><strong>Providen-</strong></span> 
     </span>
     <span class='ocr_line' id='line_1_44' title="bbox 995 630 1783 698; baseline 0.006 -16"><span class='ocrx_word' id='word_1_299' title='bbox 995 632 1039 696; x_wconf 88' lang='lat' dir='ltr'><strong>ila,</strong></span> <span class='ocrx_word' id='word_1_300' title='bbox 1054 634 1207 697; x_wconf 80' lang='lat' dir='ltr'>Deciumque</span> <span class='ocrx_word' id='word_1_301' title='bbox 1218 631 1328 698; x_wconf 75' lang='lat' dir='ltr'><strong>presidii</strong></span> <span class='ocrx_word' id='word_1_302' title='bbox 1340 631 1429 683; x_wconf 90' lang='lat' dir='ltr'><strong>ducem</strong></span> <span class='ocrx_word' id='word_1_303' title='bbox 1447 644 1492 696; x_wconf 87' lang='lat' dir='ltr'><strong>pro</strong></span> <span class='ocrx_word' id='word_1_304' title='bbox 1508 630 1649 684; x_wconf 80' lang='grc' dir='ltr'>εσείετίἰιιιε</span> <span class='ocrx_word' id='word_1_305' title='bbox 1664 632 1783 687; x_wconf 76' lang='lat' dir='ltr'><strong>selandia</strong></span> 
     </span>
     <span class='ocr_line' id='line_1_45' title="bbox 995 731 1781 799; baseline 0.005 -15"><span class='ocrx_word' id='word_1_306' title='bbox 995 733 1112 799; x_wconf 89' lang='lat' dir='ltr'><strong>plectens,</strong></span> <span class='ocrx_word' id='word_1_307' title='bbox 1128 733 1154 784; x_wconf 91' lang='lat' dir='ltr'><strong>in</strong></span> <span class='ocrx_word' id='word_1_308' title='bbox 1165 732 1266 784; x_wconf 83' lang='lat' dir='ltr'><strong>vitalem</strong></span> <span class='ocrx_word' id='word_1_309' title='bbox 1284 732 1393 783; x_wconf 81' lang='lat' dir='ltr'><strong>maxime</strong></span> <span class='ocrx_word' id='word_1_310' title='bbox 1404 731 1515 797; x_wconf 89' lang='lat' dir='ltr'><strong>corporis</strong></span> <span class='ocrx_word' id='word_1_311' title='bbox 1527 736 1626 797; x_wconf 79' lang='lat' dir='ltr'><strong>partem</strong></span> <span class='ocrx_word' id='word_1_312' title='bbox 1640 734 1781 789; x_wconf 82' lang='lat' dir='ltr'><strong>vindictam</strong></span> 
     </span>
     <span class='ocr_line' id='line_1_46' title="bbox 995 831 1781 904; baseline 0.005 -22"><span class='ocrx_word' id='word_1_313' title='bbox 995 848 1067 885; x_wconf 82' lang='lat' dir='ltr'><strong>suam</strong></span> <span class='ocrx_word' id='word_1_314' title='bbox 1077 833 1196 893; x_wconf 82' lang='lat' dir='ltr'><strong>exercuit,</strong></span> <span class='ocrx_word' id='word_1_315' title='bbox 1209 832 1295 884; x_wconf 89' lang='lat' dir='ltr'><strong>morbo</strong></span> <span class='ocrx_word' id='word_1_316' title='bbox 1313 831 1339 882; x_wconf 91' lang='lat' dir='ltr'><strong>in</strong></span> <span class='ocrx_word' id='word_1_317' title='bbox 1354 831 1441 882; x_wconf 85' lang='lat' dir='ltr'><strong>oculeo</strong></span> <span class='ocrx_word' id='word_1_318' title='bbox 1452 833 1507 894; x_wconf 76' lang='lat' dir='ltr'><strong>elus</strong></span> <span class='ocrx_word' id='word_1_319' title='bbox 1520 832 1624 898; x_wconf 78' lang='lat' dir='ltr'><strong>injecto,</strong></span> <span class='ocrx_word' id='word_1_320' title='bbox 1640 836 1781 904; x_wconf 77' lang='lat' dir='ltr'><strong>multisque</strong></span> 
     </span>
     <span class='ocr_line' id='line_1_47' title="bbox 993 934 1782 1002; baseline 0.003 -14"><span class='ocrx_word' id='word_1_321' title='bbox 993 939 1082 1002; x_wconf 75' lang='lat' dir='ltr'><strong>juncto</strong></span> <span class='ocrx_word' id='word_1_322' title='bbox 1090 935 1232 998; x_wconf 71' lang='lat' dir='ltr'><strong>doloribus,</strong></span> <span class='ocrx_word' id='word_1_323' title='bbox 1243 948 1319 999; x_wconf 91' lang='lat' dir='ltr'><strong>quem</strong></span> <span class='ocrx_word' id='word_1_324' title='bbox 1331 947 1418 985; x_wconf 76' lang='lat' dir='ltr'><strong>muare</strong></span> <span class='ocrx_word' id='word_1_325' title='bbox 1429 934 1531 999; x_wconf 79' lang='grc' dir='ltr'>συρίσαι</span> <span class='ocrx_word' id='word_1_326' title='bbox 1546 935 1650 1000; x_wconf 82' lang='lat' dir='ltr'><strong>Decius,</strong></span> <span class='ocrx_word' id='word_1_327' title='bbox 1664 938 1700 991; x_wconf 88' lang='lat' dir='ltr'>de</span> <span class='ocrx_word' id='word_1_328' title='bbox 1713 943 1782 993; x_wconf 75' lang='lat' dir='ltr'><strong>tlen-</strong></span> 
     </span>
     <span class='ocr_line' id='line_1_48' title="bbox 995 1035 1782 1106; baseline -0.004 -18"><span class='ocrx_word' id='word_1_329' title='bbox 995 1052 1056 1088; x_wconf 87' lang='lat' dir='ltr'><strong>saua</strong></span> <span class='ocrx_word' id='word_1_330' title='bbox 1069 1037 1174 1088; x_wconf 80' lang='lat' dir='ltr'><strong>arcessit</strong></span> <span class='ocrx_word' id='word_1_331' title='bbox 1182 1035 1320 1097; x_wconf 86' lang='lat' dir='ltr'><strong>medicum,</strong></span> <span class='ocrx_word' id='word_1_332' title='bbox 1332 1036 1489 1087; x_wconf 74' lang='lat' dir='ltr'><strong>Desieratem</strong></span> <span class='ocrx_word' id='word_1_333' title='bbox 1500 1036 1611 1098; x_wconf 90' lang='lat' dir='ltr'><strong>nomine,</strong></span> <span class='ocrx_word' id='word_1_334' title='bbox 1621 1052 1702 1102; x_wconf 86' lang='lat' dir='ltr'><strong>quem</strong></span> <span class='ocrx_word' id='word_1_335' title='bbox 1714 1055 1782 1106; x_wconf 73' lang='grc' dir='ltr'>ρω.</span> 
     </span>
     <span class='ocr_line' id='line_1_49' title="bbox 996 1141 1780 1208; baseline 0 -14"><span class='ocrx_word' id='word_1_336' title='bbox 996 1144 1179 1195; x_wconf 87' lang='lat' dir='ltr'><strong>stantlssimnm</strong></span> <span class='ocrx_word' id='word_1_337' title='bbox 1184 1144 1248 1194; x_wconf 89' lang='lat' dir='ltr'><strong>iuter</strong></span> <span class='ocrx_word' id='word_1_338' title='bbox 1253 1142 1363 1194; x_wconf 86' lang='lat' dir='ltr'><strong>medicos</strong></span> <span class='ocrx_word' id='word_1_339' title='bbox 1369 1141 1451 1193; x_wconf 74' lang='lat' dir='ltr'><strong>etatis</strong></span> <span class='ocrx_word' id='word_1_340' title='bbox 1461 1141 1537 1207; x_wconf 84' lang='lat' dir='ltr'><strong>bujus</strong></span> <span class='ocrx_word' id='word_1_341' title='bbox 1549 1141 1780 1208; x_wconf 83' lang='lat' dir='ltr'><strong>audieratiectnm,</strong></span> 
     </span>
     <span class='ocr_line' id='line_1_50' title="bbox 996 1245 1781 1312; baseline 0.006 -16"><span class='ocrx_word' id='word_1_342' title='bbox 996 1246 1042 1297; x_wconf 88' lang='lat' dir='ltr'>sed</span> <span class='ocrx_word' id='word_1_343' title='bbox 1052 1246 1168 1310; x_wconf 80' lang='lat' dir='ltr'><strong>ignorans</strong></span> <span class='ocrx_word' id='word_1_344' title='bbox 1178 1261 1236 1297; x_wconf 91' lang='lat' dir='ltr'>enm</span> <span class='ocrx_word' id='word_1_345' title='bbox 1250 1261 1340 1312; x_wconf 78' lang='lat' dir='ltr'>genere</span> <span class='ocrx_word' id='word_1_346' title='bbox 1351 1259 1406 1297; x_wconf 86' lang='lat' dir='ltr'><strong>esse</strong></span> <span class='ocrx_word' id='word_1_347' title='bbox 1420 1245 1567 1311; x_wconf 78' lang='lat' dir='ltr'><strong>Rheginum.</strong></span> <span class='ocrx_word' id='word_1_348' title='bbox 1583 1246 1618 1310; x_wconf 79' lang='grc' dir='ltr'>(θ)</span> <span class='ocrx_word' id='word_1_349' title='bbox 1627 1249 1687 1310; x_wconf 86' lang='lat' dir='ltr'><strong>Qui,</strong></span> <span class='ocrx_word' id='word_1_350' title='bbox 1699 1249 1745 1301; x_wconf 86' lang='lat' dir='ltr'><strong>ubi</strong></span> <span class='ocrx_word' id='word_1_351' title='bbox 1754 1250 1781 1301; x_wconf 88' lang='lat' dir='ltr'><strong>in</strong></span> 
     </span>
     <span class='ocr_line' id='line_1_51' title="bbox 996 1345 1781 1412; baseline 0.004 -14"><span class='ocrx_word' id='word_1_352' title='bbox 996 1347 1118 1412; x_wconf 80' lang='lat' dir='ltr'>Rhegium</span> <span class='ocrx_word' id='word_1_353' title='bbox 1127 1346 1258 1410; x_wconf 80' lang='lat' dir='ltr'><strong>advectus,</strong></span> <span class='ocrx_word' id='word_1_354' title='bbox 1274 1345 1360 1397; x_wconf 87' lang='lat' dir='ltr'><strong>oculos</strong></span> <span class='ocrx_word' id='word_1_355' title='bbox 1373 1348 1426 1411; x_wconf 84' lang='lat' dir='ltr'><strong>ejus</strong></span> <span class='ocrx_word' id='word_1_356' title='bbox 1437 1345 1533 1410; x_wconf 76' lang='lat' dir='ltr'><strong>inungit</strong></span> <span class='ocrx_word' id='word_1_357' title='bbox 1544 1347 1658 1397; x_wconf 88' lang='lat' dir='ltr'><strong>caustico</strong></span> <span class='ocrx_word' id='word_1_358' title='bbox 1667 1347 1781 1401; x_wconf 79' lang='lat' dir='ltr'><strong>medica-</strong></span> 
     </span>
     <span class='ocr_line' id='line_1_52' title="bbox 997 1445 1780 1515; baseline -0.003 -14"><span class='ocrx_word' id='word_1_359' title='bbox 997 1454 1088 1512; x_wconf 90' lang='lat' dir='ltr'><strong>mento,</strong></span> <span class='ocrx_word' id='word_1_360' title='bbox 1102 1450 1217 1500; x_wconf 77' lang='lat' dir='ltr'><strong>hortatus</strong></span> <span class='ocrx_word' id='word_1_361' title='bbox 1234 1449 1339 1499; x_wconf 88' lang='lat' dir='ltr'><strong>Decium</strong></span> <span class='ocrx_word' id='word_1_362' title='bbox 1365 1450 1395 1498; x_wconf 85' lang='lat' dir='ltr'><strong>ut</strong></span> <span class='ocrx_word' id='word_1_363' title='bbox 1418 1445 1520 1497; x_wconf 90' lang='lat' dir='ltr'><strong>dolores</strong></span> <span class='ocrx_word' id='word_1_364' title='bbox 1537 1446 1671 1509; x_wconf 86' lang='lat' dir='ltr'><strong>sustineat,</strong></span> <span class='ocrx_word' id='word_1_365' title='bbox 1697 1462 1780 1515; x_wconf 76' lang='lat' dir='ltr'><strong>usqm</strong></span> 
     </span>
     <span class='ocr_line' id='line_1_53' title="bbox 996 1550 1780 1617; baseline 0 -14"><span class='ocrx_word' id='word_1_366' title='bbox 996 1552 1057 1604; x_wconf 91' lang='lat' dir='ltr'>dum</span> <span class='ocrx_word' id='word_1_367' title='bbox 1065 1553 1117 1617; x_wconf 89' lang='lat' dir='ltr'><strong>ipsc</strong></span> <span class='ocrx_word' id='word_1_368' title='bbox 1125 1551 1234 1602; x_wconf 89' lang='lat' dir='ltr'><strong>redierit.</strong></span> <span class='ocrx_word' id='word_1_369' title='bbox 1246 1550 1359 1601; x_wconf 80' lang='lat' dir='ltr'><strong>tdmare</strong></span> <span class='ocrx_word' id='word_1_370' title='bbox 1368 1553 1423 1600; x_wconf 93' lang='lat' dir='ltr'><strong>tum</strong></span> <span class='ocrx_word' id='word_1_371' title='bbox 1431 1562 1575 1615; x_wconf 83' lang='lat' dir='ltr'><strong>properans,</strong></span> <span class='ocrx_word' id='word_1_372' title='bbox 1586 1550 1728 1602; x_wconf 88' lang='lat' dir='ltr'><strong>actuarium</strong></span> <span class='ocrx_word' id='word_1_373' title='bbox 1735 1566 1780 1603; x_wconf 78' lang='lat' dir='ltr'><strong>ns·</strong></span> 
     </span>
     <span class='ocr_line' id='line_1_54' title="bbox 998 1649 1778 1718; baseline 0.004 -17"><span class='ocrx_word' id='word_1_374' title='bbox 998 1652 1091 1718; x_wconf 74' lang='lat' dir='ltr'><strong>sigium</strong></span> <span class='ocrx_word' id='word_1_375' title='bbox 1099 1653 1171 1716; x_wconf 84' lang='lat' dir='ltr'><strong>jussu</strong></span> <span class='ocrx_word' id='word_1_376' title='bbox 1179 1665 1225 1702; x_wconf 89' lang='lat' dir='ltr'><strong>suo</strong></span> <span class='ocrx_word' id='word_1_377' title='bbox 1235 1655 1351 1716; x_wconf 87' lang='lat' dir='ltr'><strong>paratum</strong></span> <span class='ocrx_word' id='word_1_378' title='bbox 1363 1649 1508 1701; x_wconf 72' lang='lat' dir='ltr'><strong>conscendit</strong></span> <span class='ocrx_word' id='word_1_379' title='bbox 1518 1652 1553 1711; x_wconf 81' lang='lat' dir='ltr'>et,</span> <span class='ocrx_word' id='word_1_380' title='bbox 1564 1654 1702 1714; x_wconf 75' lang='lat' dir='ltr'><strong>antequam</strong></span> <span class='ocrx_word' id='word_1_381' title='bbox 1714 1653 1778 1717; x_wconf 91' lang='lat' dir='ltr'><strong>quid</strong></span> 
     </span>
     <span class='ocr_line' id='line_1_55' title="bbox 998 1753 1780 1820; baseline 0.001 -13"><span class='ocrx_word' id='word_1_382' title='bbox 998 1758 1091 1808; x_wconf 84' lang='lat' dir='ltr'><strong>tactum</strong></span> <span class='ocrx_word' id='word_1_383' title='bbox 1102 1760 1167 1807; x_wconf 86' lang='lat' dir='ltr'><strong>esset</strong></span> <span class='ocrx_word' id='word_1_384' title='bbox 1179 1755 1313 1820; x_wconf 87' lang='lat' dir='ltr'><strong>quisquam</strong></span> <span class='ocrx_word' id='word_1_385' title='bbox 1326 1754 1497 1816; x_wconf 73' lang='lat' dir='ltr'><strong>intellexisset,</strong></span> <span class='ocrx_word' id='word_1_386' title='bbox 1511 1753 1545 1804; x_wconf 81' lang='lat' dir='ltr'><strong>ad</strong></span> <span class='ocrx_word' id='word_1_387' title='bbox 1555 1756 1699 1805; x_wconf 79' lang='lat' dir='ltr'><strong>tlesaanam</strong></span> <span class='ocrx_word' id='word_1_388' title='bbox 1710 1758 1780 1808; x_wconf 82' lang='lat' dir='ltr'><strong>nari·</strong></span> 
     </span>
     <span class='ocr_line' id='line_1_56' title="bbox 997 1853 1780 1922; baseline 0.004 -16"><span class='ocrx_word' id='word_1_389' title='bbox 997 1858 1074 1922; x_wconf 79' lang='lat' dir='ltr'><strong>gavit.</strong></span> <span class='ocrx_word' id='word_1_390' title='bbox 1095 1857 1128 1919; x_wconf 80' lang='lat' dir='ltr'><strong>(e)</strong></span> <span class='ocrx_word' id='word_1_391' title='bbox 1145 1858 1178 1907; x_wconf 77' lang='lat' dir='ltr'>et</span> <span class='ocrx_word' id='word_1_392' title='bbox 1197 1856 1296 1910; x_wconf 85' lang='lat' dir='ltr'><strong>Decius.</strong></span> <span class='ocrx_word' id='word_1_393' title='bbox 1312 1853 1457 1919; x_wconf 88' lang='lat' dir='ltr'><strong>aliquandiu</strong></span> <span class='ocrx_word' id='word_1_394' title='bbox 1478 1853 1562 1904; x_wconf 81' lang='lat' dir='ltr'><strong>exusti</strong></span> <span class='ocrx_word' id='word_1_395' title='bbox 1584 1853 1656 1905; x_wconf 83' lang='lat' dir='ltr'><strong>visus</strong></span> <span class='ocrx_word' id='word_1_396' title='bbox 1682 1854 1780 1909; x_wconf 91' lang='lat' dir='ltr'><strong>doloris</strong></span> 
     </span>
     <span class='ocr_line' id='line_1_57' title="bbox 997 1952 1783 2019; baseline 0 -11"><span class='ocrx_word' id='word_1_397' title='bbox 997 1955 1180 2008; x_wconf 85' lang='lat' dir='ltr'><strong>vehementiam</strong></span> <span class='ocrx_word' id='word_1_398' title='bbox 1188 1954 1424 2015; x_wconf 81' lang='lat' dir='ltr'><strong>sortitersustinens,</strong></span> <span class='ocrx_word' id='word_1_399' title='bbox 1437 1952 1545 2005; x_wconf 86' lang='lat' dir='ltr'><strong>reditum</strong></span> <span class='ocrx_word' id='word_1_400' title='bbox 1554 1954 1718 2019; x_wconf 78' lang='lat' dir='ltr'><strong>exspectabat</strong></span> <span class='ocrx_word' id='word_1_401' title='bbox 1726 1971 1783 2011; x_wconf 90' lang='lat' dir='ltr'>me-</span> 
     </span>
    </p>
   </div>
   <div class='ocr_carea' id='block_1_7' title="bbox 997 2057 1783 2129">
    <p class='ocr_par' dir='ltr' id='par_1_9' title="bbox 997 2057 1783 2129">
     <span class='ocr_line' id='line_1_58' title="bbox 997 2057 1783 2129; baseline -0.013 -8"><span class='ocrx_word' id='word_1_402' title='bbox 997 2069 1059 2129; x_wconf 85' lang='lat' dir='ltr'><strong>dici;</strong></span> <span class='ocrx_word' id='word_1_403' title='bbox 1074 2068 1117 2119; x_wconf 86' lang='lat' dir='ltr'>scd</span> <span class='ocrx_word' id='word_1_404' title='bbox 1129 2078 1199 2117; x_wconf 89' lang='lat' dir='ltr'><strong>mora</strong></span> <span class='ocrx_word' id='word_1_405' title='bbox 1217 2061 1327 2125; x_wconf 80' lang='lat' dir='ltr'><strong>longiore</strong></span> <span class='ocrx_word' id='word_1_406' title='bbox 1342 2060 1408 2109; x_wconf 84' lang='lat' dir='ltr'><strong>tacta</strong></span> <span class='ocrx_word' id='word_1_407' title='bbox 1418 2073 1496 2123; x_wconf 90' lang='lat' dir='ltr'><strong>quam</strong></span> <span class='ocrx_word' id='word_1_408' title='bbox 1511 2057 1668 2123; x_wconf 79' lang='lat' dir='ltr'><strong>perferendis</strong></span> <span class='ocrx_word' id='word_1_409' title='bbox 1681 2058 1783 2111; x_wconf 88' lang='lat' dir='ltr'><strong>diutins</strong></span> 
     </span>
    </p>
   </div>
   <div class='ocr_carea' id='block_1_8' title="bbox 996 2158 1785 3838">
    <p class='ocr_par' dir='ltr' id='par_1_10' title="bbox 996 2158 1785 3838">
     <span class='ocr_line' id='line_1_59' title="bbox 996 2158 1782 2232; baseline -0.015 -10"><span class='ocrx_word' id='word_1_410' title='bbox 996 2170 1124 2222; x_wconf 86' lang='lat' dir='ltr'><strong>doloribus</strong></span> <span class='ocrx_word' id='word_1_411' title='bbox 1138 2169 1217 2232; x_wconf 84' lang='lat' dir='ltr'><strong>impar</strong></span> <span class='ocrx_word' id='word_1_412' title='bbox 1228 2166 1302 2224; x_wconf 84' lang='lat' dir='ltr'><strong>esset,</strong></span> <span class='ocrx_word' id='word_1_413' title='bbox 1314 2162 1439 2225; x_wconf 79' lang='lat' dir='ltr'><strong>unguento</strong></span> <span class='ocrx_word' id='word_1_414' title='bbox 1450 2160 1553 2224; x_wconf 80' lang='lat' dir='ltr'><strong>spongio</strong></span> <span class='ocrx_word' id='word_1_415' title='bbox 1562 2158 1684 2220; x_wconf 88' lang='lat' dir='ltr'><strong>absterso,</strong></span> <span class='ocrx_word' id='word_1_416' title='bbox 1696 2173 1782 2224; x_wconf 85' lang='lat' dir='ltr'><strong>quum</strong></span> 
     </span>
     <span class='ocr_line' id='line_1_60' title="bbox 997 2256 1779 2331; baseline -0.014 -12"><span class='ocrx_word' id='word_1_417' title='bbox 997 2267 1083 2319; x_wconf 87' lang='lat' dir='ltr'><strong>oculos</strong></span> <span class='ocrx_word' id='word_1_418' title='bbox 1089 2264 1234 2331; x_wconf 86' lang='lat' dir='ltr'><strong>aperuisset,</strong></span> <span class='ocrx_word' id='word_1_419' title='bbox 1244 2261 1326 2311; x_wconf 82' lang='lat' dir='ltr'><strong>visum</strong></span> <span class='ocrx_word' id='word_1_420' title='bbox 1336 2257 1452 2323; x_wconf 81' lang='lat' dir='ltr'><strong>cognorit</strong></span> <span class='ocrx_word' id='word_1_421' title='bbox 1465 2256 1614 2308; x_wconf 81' lang='lat' dir='ltr'><strong>exstinctum</strong></span> <span class='ocrx_word' id='word_1_422' title='bbox 1623 2270 1779 2308; x_wconf 84' lang='lat' dir='ltr'><strong>essesunm.</strong></span> 
     </span>
     <span class='ocr_line' id='line_1_61' title="bbox 997 2356 1778 2428; baseline -0.018 -7"><span class='ocrx_word' id='word_1_423' title='bbox 997 2372 1027 2421; x_wconf 83' lang='lat' dir='ltr'>et</span> <span class='ocrx_word' id='word_1_424' title='bbox 1038 2367 1070 2419; x_wconf 88' lang='lat' dir='ltr'>ub</span> <span class='ocrx_word' id='word_1_425' title='bbox 1086 2380 1117 2417; x_wconf 91' lang='lat' dir='ltr'>eo</span> <span class='ocrx_word' id='word_1_426' title='bbox 1128 2364 1186 2416; x_wconf 91' lang='lat' dir='ltr'><strong>iude</strong></span> <span class='ocrx_word' id='word_1_427' title='bbox 1197 2366 1310 2428; x_wconf 90' lang='lat' dir='ltr'><strong>tempore</strong></span> <span class='ocrx_word' id='word_1_428' title='bbox 1324 2372 1406 2410; x_wconf 70' lang='lat' dir='ltr'><strong>caecus</strong></span> <span class='ocrx_word' id='word_1_429' title='bbox 1420 2358 1564 2423; x_wconf 89' lang='lat' dir='ltr'><strong>permansit.</strong></span> <span class='ocrx_word' id='word_1_430' title='bbox 1579 2356 1612 2422; x_wconf 83' lang='lat' dir='ltr'><strong>(t)</strong></span> <span class='ocrx_word' id='word_1_431' title='bbox 1627 2359 1667 2408; x_wconf 83' lang='lat' dir='ltr'><strong>lla</strong></span> <span class='ocrx_word' id='word_1_432' title='bbox 1684 2357 1778 2423; x_wconf 86' lang='lat' dir='ltr'><strong>paucis</strong></span> 
     </span>
     <span class='ocr_line' id='line_1_62' title="bbox 997 2458 1784 2530; baseline -0.01 -11"><span class='ocrx_word' id='word_1_433' title='bbox 997 2467 1085 2520; x_wconf 88' lang='lat' dir='ltr'><strong>diebus</strong></span> <span class='ocrx_word' id='word_1_434' title='bbox 1104 2467 1169 2530; x_wconf 88' lang='lat' dir='ltr'><strong>post,</strong></span> <span class='ocrx_word' id='word_1_435' title='bbox 1184 2477 1199 2513; x_wconf 88' lang='lat' dir='ltr'><strong>a</strong></span> <span class='ocrx_word' id='word_1_436' title='bbox 1216 2462 1270 2512; x_wconf 84' lang='lat' dir='ltr'><strong>suis</strong></span> <span class='ocrx_word' id='word_1_437' title='bbox 1283 2460 1486 2525; x_wconf 88' lang='lat' dir='ltr'><strong>comprehensus,</strong></span> <span class='ocrx_word' id='word_1_438' title='bbox 1504 2458 1531 2509; x_wconf 92' lang='lat' dir='ltr'><strong>iu</strong></span> <span class='ocrx_word' id='word_1_439' title='bbox 1545 2461 1695 2524; x_wconf 85' lang='lat' dir='ltr'><strong>potestatem</strong></span> <span class='ocrx_word' id='word_1_440' title='bbox 1707 2460 1784 2511; x_wconf 82' lang='lat' dir='ltr'><strong>venit</strong></span> 
     </span>
     <span class='ocr_line' id='line_1_63' title="bbox 997 2561 1783 2631; baseline -0.01 -10"><span class='ocrx_word' id='word_1_441' title='bbox 997 2573 1172 2621; x_wconf 85' lang='lat' dir='ltr'><strong>Romanorum.</strong></span> <span class='ocrx_word' id='word_1_442' title='bbox 1187 2568 1221 2631; x_wconf 86' lang='grc'>(5)</span> <span class='ocrx_word' id='word_1_443' title='bbox 1233 2564 1307 2624; x_wconf 86' lang='lat' dir='ltr'><strong>Quod</strong></span> <span class='ocrx_word' id='word_1_444' title='bbox 1320 2564 1384 2615; x_wconf 89' lang='lat' dir='ltr'><strong>enim</strong></span> <span class='ocrx_word' id='word_1_445' title='bbox 1396 2563 1564 2615; x_wconf 84' lang='lat' dir='ltr'><strong>existimantes</strong></span> <span class='ocrx_word' id='word_1_446' title='bbox 1577 2561 1690 2612; x_wconf 90' lang='lat' dir='ltr'><strong>nonnulli</strong></span> <span class='ocrx_word' id='word_1_447' title='bbox 1700 2561 1783 2628; x_wconf 86' lang='lat' dir='ltr'><strong>[apud</strong></span> 
     </span>
     <span class='ocr_line' id='line_1_64' title="bbox 998 2662 1782 2733; baseline -0.009 -12"><span class='ocrx_word' id='word_1_448' title='bbox 998 2668 1148 2733; x_wconf 83' lang='lat' dir='ltr'><strong>Fabricium]</strong></span> <span class='ocrx_word' id='word_1_449' title='bbox 1159 2681 1213 2718; x_wconf 87' lang='lat' dir='ltr'><strong>esse</strong></span> <span class='ocrx_word' id='word_1_450' title='bbox 1222 2665 1414 2726; x_wconf 82' lang='lat' dir='ltr'><strong>excusationem,</strong></span> <span class='ocrx_word' id='word_1_451' title='bbox 1427 2663 1546 2728; x_wconf 90' lang='lat' dir='ltr'><strong>oppidum</strong></span> <span class='ocrx_word' id='word_1_452' title='bbox 1556 2662 1659 2728; x_wconf 75' lang='lat' dir='ltr'><strong>praetori</strong></span> <span class='ocrx_word' id='word_1_453' title='bbox 1668 2677 1782 2729; x_wconf 85' lang='lat' dir='ltr'><strong>aperue-</strong></span> 
     </span>
     <span class='ocr_line' id='line_1_65' title="bbox 998 2760 1784 2829; baseline -0.009 -10"><span class='ocrx_word' id='word_1_454' title='bbox 998 2773 1065 2829; x_wconf 85' lang='lat' dir='ltr'><strong>runt,</strong></span> <span class='ocrx_word' id='word_1_455' title='bbox 1079 2773 1105 2819; x_wconf 89' lang='lat' dir='ltr'>et</span> <span class='ocrx_word' id='word_1_456' title='bbox 1114 2767 1218 2818; x_wconf 84' lang='lat' dir='ltr'><strong>Decium</strong></span> <span class='ocrx_word' id='word_1_457' title='bbox 1230 2765 1338 2815; x_wconf 83' lang='lat' dir='ltr'><strong>vinctum</strong></span> <span class='ocrx_word' id='word_1_458' title='bbox 1350 2763 1508 2814; x_wconf 91' lang='lat' dir='ltr'><strong>tradiderunt</strong></span> <span class='ocrx_word' id='word_1_459' title='bbox 1520 2760 1642 2812; x_wconf 84' lang='lat' dir='ltr'><strong>Fabricio.</strong></span> <span class='ocrx_word' id='word_1_460' title='bbox 1656 2762 1690 2823; x_wconf 84' lang='grc'>(6)</span> <span class='ocrx_word' id='word_1_461' title='bbox 1701 2764 1727 2812; x_wconf 89' lang='lat' dir='ltr'><strong>ls</strong></span> <span class='ocrx_word' id='word_1_462' title='bbox 1739 2776 1784 2812; x_wconf 88' lang='lat' dir='ltr'><strong>au·</strong></span> 
     </span>
     <span class='ocr_line' id='line_1_66' title="bbox 999 2861 1784 2931; baseline -0.006 -12"><span class='ocrx_word' id='word_1_463' title='bbox 999 2874 1050 2920; x_wconf 91' lang='lat' dir='ltr'>iem</span> <span class='ocrx_word' id='word_1_464' title='bbox 1062 2869 1149 2919; x_wconf 90' lang='lat' dir='ltr'><strong>urbem</strong></span> <span class='ocrx_word' id='word_1_465' title='bbox 1160 2866 1274 2931; x_wconf 82' lang='lat' dir='ltr'><strong>itbcginis</strong></span> <span class='ocrx_word' id='word_1_466' title='bbox 1286 2862 1463 2930; x_wconf 80' lang='lat' dir='ltr'><strong>superstitibus</strong></span> <span class='ocrx_word' id='word_1_467' title='bbox 1476 2861 1594 2923; x_wconf 90' lang='lat' dir='ltr'><strong>reddidit,</strong></span> <span class='ocrx_word' id='word_1_468' title='bbox 1606 2864 1633 2913; x_wconf 93' lang='lat' dir='ltr'>el</span> <span class='ocrx_word' id='word_1_469' title='bbox 1650 2862 1784 2927; x_wconf 76' lang='lat' dir='ltr'><strong>presidia·</strong></span> 
     </span>
     <span class='ocr_line' id='line_1_67' title="bbox 999 2960 1785 3028; baseline -0.005 -11"><span class='ocrx_word' id='word_1_470' title='bbox 999 2967 1057 3028; x_wconf 90' lang='lat' dir='ltr'><strong>rios,</strong></span> <span class='ocrx_word' id='word_1_471' title='bbox 1071 2966 1153 3016; x_wconf 86' lang='lat' dir='ltr'><strong>omnia</strong></span> <span class='ocrx_word' id='word_1_472' title='bbox 1177 2964 1212 3014; x_wconf 91' lang='lat' dir='ltr'>ibi</span> <span class='ocrx_word' id='word_1_473' title='bbox 1230 2965 1370 3028; x_wconf 86' lang='lat' dir='ltr'><strong>relinquere</strong></span> <span class='ocrx_word' id='word_1_474' title='bbox 1391 2964 1484 3027; x_wconf 86' lang='lat' dir='ltr'><strong>jussos,</strong></span> <span class='ocrx_word' id='word_1_475' title='bbox 1504 2960 1624 3021; x_wconf 84' lang='lat' dir='ltr'><strong>abduxit,</strong></span> <span class='ocrx_word' id='word_1_476' title='bbox 1641 2961 1705 3012; x_wconf 91' lang='lat' dir='ltr'><strong>nibil</strong></span> <span class='ocrx_word' id='word_1_477' title='bbox 1725 2962 1785 3013; x_wconf 90' lang='lat' dir='ltr'><strong>inde</strong></span> 
     </span>
     <span class='ocr_line' id='line_1_68' title="bbox 999 3061 1783 3132; baseline -0.003 -16"><span class='ocrx_word' id='word_1_478' title='bbox 999 3071 1088 3132; x_wconf 77' lang='lat' dir='ltr'><strong>praeter</strong></span> <span class='ocrx_word' id='word_1_479' title='bbox 1103 3080 1173 3115; x_wconf 89' lang='lat' dir='ltr'><strong>arma</strong></span> <span class='ocrx_word' id='word_1_480' title='bbox 1185 3063 1334 3114; x_wconf 82' lang='lat' dir='ltr'><strong>auferentes.</strong></span> <span class='ocrx_word' id='word_1_481' title='bbox 1351 3064 1386 3126; x_wconf 84' lang='grc'>(7)</span> <span class='ocrx_word' id='word_1_482' title='bbox 1395 3065 1434 3112; x_wconf 82' lang='lat' dir='ltr'><strong>lix</strong></span> <span class='ocrx_word' id='word_1_483' title='bbox 1447 3061 1539 3127; x_wconf 91' lang='lat' dir='ltr'><strong>quibus</strong></span> <span class='ocrx_word' id='word_1_484' title='bbox 1549 3062 1691 3126; x_wconf 74' lang='lat' dir='ltr'><strong>precipuos</strong></span> <span class='ocrx_word' id='word_1_485' title='bbox 1701 3063 1783 3125; x_wconf 85' lang='lat' dir='ltr'><strong>viros,</strong></span> 
     </span>
     <span class='ocr_line' id='line_1_69' title="bbox 998 3162 1784 3233; baseline -0.006 -15"><span class='ocrx_word' id='word_1_486' title='bbox 998 3182 1062 3233; x_wconf 89' lang='lat' dir='ltr'><strong>quos</strong></span> <span class='ocrx_word' id='word_1_487' title='bbox 1072 3164 1231 3216; x_wconf 85' lang='lat' dir='ltr'><strong>declarabant</strong></span> <span class='ocrx_word' id='word_1_488' title='bbox 1245 3163 1334 3228; x_wconf 84' lang='lat' dir='ltr'><strong>reliqui</strong></span> <span class='ocrx_word' id='word_1_489' title='bbox 1348 3163 1508 3214; x_wconf 87' lang='lat' dir='ltr'><strong>scelestorum</strong></span> <span class='ocrx_word' id='word_1_490' title='bbox 1523 3162 1685 3212; x_wconf 83' lang='lat' dir='ltr'><strong>consiliorum</strong></span> <span class='ocrx_word' id='word_1_491' title='bbox 1704 3163 1784 3214; x_wconf 86' lang='lat' dir='ltr'><strong>tuisse</strong></span> 
     </span>
     <span class='ocr_line' id='line_1_70' title="bbox 998 3261 1783 3329; baseline -0.005 -10"><span class='ocrx_word' id='word_1_492' title='bbox 998 3271 1135 3327; x_wconf 84' lang='lat' dir='ltr'><strong>consortes,</strong></span> <span class='ocrx_word' id='word_1_493' title='bbox 1150 3266 1246 3315; x_wconf 86' lang='lat' dir='ltr'><strong>vinctos</strong></span> <span class='ocrx_word' id='word_1_494' title='bbox 1257 3269 1360 3315; x_wconf 86' lang='lat' dir='ltr'><strong>Romam</strong></span> <span class='ocrx_word' id='word_1_495' title='bbox 1376 3265 1444 3314; x_wconf 88' lang='lat' dir='ltr'><strong>misit</strong></span> <span class='ocrx_word' id='word_1_496' title='bbox 1453 3263 1504 3321; x_wconf 89' lang='lat' dir='ltr'><strong>ubi,</strong></span> <span class='ocrx_word' id='word_1_497' title='bbox 1518 3264 1544 3313; x_wconf 90' lang='lat' dir='ltr'><strong>in</strong></span> <span class='ocrx_word' id='word_1_498' title='bbox 1555 3261 1610 3312; x_wconf 86' lang='lat' dir='ltr'><strong>foro</strong></span> <span class='ocrx_word' id='word_1_499' title='bbox 1620 3265 1698 3328; x_wconf 79' lang='lat' dir='ltr'><strong>virgis</strong></span> <span class='ocrx_word' id='word_1_500' title='bbox 1710 3266 1783 3329; x_wconf 74' lang='lat' dir='ltr'><strong>cresi,</strong></span> 
     </span>
     <span class='ocr_line' id='line_1_71' title="bbox 999 3363 1785 3434; baseline -0.005 -15"><span class='ocrx_word' id='word_1_501' title='bbox 999 3370 1035 3419; x_wconf 92' lang='lat' dir='ltr'>uti</span> <span class='ocrx_word' id='word_1_502' title='bbox 1049 3368 1146 3434; x_wconf 83' lang='lat' dir='ltr'><strong>patrius</strong></span> <span class='ocrx_word' id='word_1_503' title='bbox 1165 3380 1219 3417; x_wconf 88' lang='lat' dir='ltr'><strong>mos</strong></span> <span class='ocrx_word' id='word_1_504' title='bbox 1231 3369 1268 3417; x_wconf 84' lang='lat' dir='ltr'>est</span> <span class='ocrx_word' id='word_1_505' title='bbox 1282 3366 1308 3415; x_wconf 91' lang='lat' dir='ltr'>ln</span> <span class='ocrx_word' id='word_1_506' title='bbox 1323 3365 1457 3426; x_wconf 83' lang='lat' dir='ltr'><strong>maleficos,</strong></span> <span class='ocrx_word' id='word_1_507' title='bbox 1470 3377 1500 3412; x_wconf 89' lang='lat' dir='ltr'>ac</span> <span class='ocrx_word' id='word_1_508' title='bbox 1513 3363 1601 3414; x_wconf 90' lang='lat' dir='ltr'><strong>deinde</strong></span> <span class='ocrx_word' id='word_1_509' title='bbox 1615 3366 1699 3414; x_wconf 89' lang='lat' dir='ltr'><strong>securi</strong></span> <span class='ocrx_word' id='word_1_510' title='bbox 1712 3367 1785 3428; x_wconf 84' lang='lat' dir='ltr'><strong>capi-</strong></span> 
     </span>
     <span class='ocr_line' id='line_1_72' title="bbox 997 3465 1783 3531; baseline -0.004 -11"><span class='ocrx_word' id='word_1_511' title='bbox 997 3471 1066 3521; x_wconf 84' lang='lat' dir='ltr'><strong>tibus</strong></span> <span class='ocrx_word' id='word_1_512' title='bbox 1080 3469 1209 3518; x_wconf 82' lang='lat' dir='ltr'><strong>lrunmtos</strong></span> <span class='ocrx_word' id='word_1_513' title='bbox 1229 3465 1381 3525; x_wconf 85' lang='lat' dir='ltr'><strong>oeciderunt,</strong></span> <span class='ocrx_word' id='word_1_514' title='bbox 1397 3469 1430 3528; x_wconf 89' lang='grc'>(8)</span> <span class='ocrx_word' id='word_1_515' title='bbox 1448 3469 1538 3531; x_wconf 73' lang='lat' dir='ltr'><strong>praeter</strong></span> <span class='ocrx_word' id='word_1_516' title='bbox 1556 3466 1661 3516; x_wconf 90' lang='lat' dir='ltr'><strong>Decium</strong></span> <span class='ocrx_word' id='word_1_517' title='bbox 1676 3471 1703 3516; x_wconf 87' lang='lat' dir='ltr'>et</span> <span class='ocrx_word' id='word_1_518' title='bbox 1719 3468 1783 3517; x_wconf 88' lang='lat' dir='ltr'><strong>scri·</strong></span> 
     </span>
     <span class='ocr_line' id='line_1_73' title="bbox 999 3566 1785 3633; baseline -0.006 -9"><span class='ocrx_word' id='word_1_519' title='bbox 999 3574 1056 3624; x_wconf 86' lang='lat' dir='ltr'><strong>bam</strong></span> <span class='ocrx_word' id='word_1_520' title='bbox 1070 3593 1076 3623; x_wconf 74' lang='grc' dir='ltr'>ι</span> <span class='ocrx_word' id='word_1_521' title='bbox 1089 3572 1140 3629; x_wconf 88' lang='lat' dir='ltr'><strong>isti,</strong></span> <span class='ocrx_word' id='word_1_522' title='bbox 1155 3572 1207 3621; x_wconf 85' lang='lat' dir='ltr'><strong>sire</strong></span> <span class='ocrx_word' id='word_1_523' title='bbox 1218 3569 1327 3633; x_wconf 87' lang='lat' dir='ltr'><strong>deceptis</strong></span> <span class='ocrx_word' id='word_1_524' title='bbox 1336 3566 1490 3623; x_wconf 84' lang='lat' dir='ltr'><strong>custodibus.</strong></span> <span class='ocrx_word' id='word_1_525' title='bbox 1505 3567 1557 3616; x_wconf 86' lang='lat' dir='ltr'><strong>sive</strong></span> <span class='ocrx_word' id='word_1_526' title='bbox 1572 3580 1658 3617; x_wconf 84' lang='lat' dir='ltr'><strong>necem</strong></span> <span class='ocrx_word' id='word_1_527' title='bbox 1672 3569 1785 3632; x_wconf 76' lang='lat' dir='ltr'><strong>ignomi-</strong></span> 
     </span>
     <span class='ocr_line' id='line_1_74' title="bbox 999 3667 1783 3738; baseline -0.006 -13"><span class='ocrx_word' id='word_1_528' title='bbox 999 3676 1095 3726; x_wconf 85' lang='lat' dir='ltr'><strong>niosam</strong></span> <span class='ocrx_word' id='word_1_529' title='bbox 1113 3673 1193 3738; x_wconf 87' lang='lat' dir='ltr'><strong>pretio</strong></span> <span class='ocrx_word' id='word_1_530' title='bbox 1212 3670 1372 3731; x_wconf 90' lang='lat' dir='ltr'><strong>redimentes,</strong></span> <span class='ocrx_word' id='word_1_531' title='bbox 1388 3667 1496 3733; x_wconf 87' lang='lat' dir='ltr'><strong>sibiipsi</strong></span> <span class='ocrx_word' id='word_1_532' title='bbox 1515 3682 1616 3718; x_wconf 85' lang='lat' dir='ltr'><strong>manum</strong></span> <span class='ocrx_word' id='word_1_533' title='bbox 1629 3669 1783 3720; x_wconf 86' lang='lat' dir='ltr'><strong>intulerunt.</strong></span> 
     </span>
     <span class='ocr_line' id='line_1_75' title="bbox 999 3770 1313 3838; baseline -0.013 -14"><span class='ocrx_word' id='word_1_534' title='bbox 999 3777 1080 3838; x_wconf 84' lang='lat' dir='ltr'><strong>itique</strong></span> <span class='ocrx_word' id='word_1_535' title='bbox 1091 3771 1123 3822; x_wconf 90' lang='lat' dir='ltr'>de</span> <span class='ocrx_word' id='word_1_536' title='bbox 1136 3770 1176 3821; x_wconf 84' lang='lat' dir='ltr'>bis</span> <span class='ocrx_word' id='word_1_537' title='bbox 1187 3771 1313 3821; x_wconf 82' lang='lat' dir='ltr'><strong>iractcuus.</strong></span> 
     </span>
    </p>
   </div>
   <div class='ocr_carea' id='block_1_9' title="bbox 114 4149 1781 4622">
    <p class='ocr_par' dir='ltr' id='par_1_11' title="bbox 165 4149 1781 4463">
     <span class='ocr_line' id='line_1_76' title="bbox 165 4149 1769 4227; baseline -0.012 -11"><span class='ocrx_word' id='word_1_538' title='bbox 165 4172 170 4180; x_wconf 84' lang='lat'>&#39;</span> <span class='ocrx_word' id='word_1_539' title='bbox 198 4159 280 4214; x_wconf 71' lang='grc' dir='ltr'>Δέκῑός</span> <span class='ocrx_word' id='word_1_540' title='bbox 294 4176 328 4214; x_wconf 65' lang='grc' dir='ltr'>τις</span> <span class='ocrx_word' id='word_1_541' title='bbox 345 4162 474 4223; x_wconf 81' lang='grc' dir='ltr'>Καμπανὸς</span> <span class='ocrx_word' id='word_1_542' title='bbox 494 4162 639 4227; x_wconf 79' lang='grc' dir='ltr'>φρούραρχος</span> <span class='ocrx_word' id='word_1_543' title='bbox 653 4162 677 4210; x_wconf 84' lang='grc' dir='ltr'>ἰν</span> <span class='ocrx_word' id='word_1_544' title='bbox 691 4167 721 4222; x_wconf 79' lang='grc' dir='ltr'>τῇ</span> <span class='ocrx_word' id='word_1_545' title='bbox 734 4159 851 4222; x_wconf 80' lang='grc' dir='ltr'>Ῥηγίνων</span> <span class='ocrx_word' id='word_1_546' title='bbox 870 4158 937 4208; x_wconf 87' lang='grc' dir='ltr'>πόλει</span> <span class='ocrx_word' id='word_1_547' title='bbox 954 4156 1113 4216; x_wconf 75' lang='grc' dir='ltr'>καταλειφθεὶς</span> <span class='ocrx_word' id='word_1_548' title='bbox 1127 4154 1174 4203; x_wconf 73' lang='lat' dir='ltr'>eri</span> <span class='ocrx_word' id='word_1_549' title='bbox 1193 4152 1326 4214; x_wconf 81' lang='grc' dir='ltr'>Φαόρικίσυ</span> <span class='ocrx_word' id='word_1_550' title='bbox 1337 4149 1467 4213; x_wconf 80' lang='grc' dir='ltr'>Ῥωμαίων</span> <span class='ocrx_word' id='word_1_551' title='bbox 1476 4150 1578 4211; x_wconf 79' lang='grc' dir='ltr'>ὑπάτου,</span> <span class='ocrx_word' id='word_1_552' title='bbox 1588 4151 1628 4198; x_wconf 83' lang='grc' dir='ltr'>καὶ</span> <span class='ocrx_word' id='word_1_553' title='bbox 1639 4157 1679 4209; x_wconf 79' lang='grc' dir='ltr'>τῆς</span> <span class='ocrx_word' id='word_1_554' title='bbox 1690 4150 1769 4197; x_wconf 77' lang='grc' dir='ltr'>εὐδαι-</span> 
     </span>
     <span class='ocr_line' id='line_1_77' title="bbox 167 4228 1773 4303; baseline -0.009 -14"><span class='ocrx_word' id='word_1_555' title='bbox 167 4239 249 4302; x_wconf 77' lang='grc' dir='ltr'>μονίας</span> <span class='ocrx_word' id='word_1_556' title='bbox 268 4246 309 4296; x_wconf 72' lang='grc' dir='ltr'>τῆς</span> <span class='ocrx_word' id='word_1_557' title='bbox 329 4241 419 4297; x_wconf 85' lang='grc' dir='ltr'>πόλεως</span> <span class='ocrx_word' id='word_1_558' title='bbox 440 4242 552 4303; x_wconf 83' lang='grc' dir='ltr'>ἐρασθεὶς,</span> <span class='ocrx_word' id='word_1_559' title='bbox 577 4242 702 4298; x_wconf 77' lang='grc' dir='ltr'>ἐπιστολὴν</span> <span class='ocrx_word' id='word_1_560' title='bbox 724 4239 876 4302; x_wconf 87' lang='grc' dir='ltr'>πλασάμενος</span> <span class='ocrx_word' id='word_1_561' title='bbox 890 4240 921 4292; x_wconf 84' lang='grc' dir='ltr'>ὡς</span> <span class='ocrx_word' id='word_1_562' title='bbox 942 4237 1009 4303; x_wconf 83' lang='grc' dir='ltr'>παρὰ</span> <span class='ocrx_word' id='word_1_563' title='bbox 1030 4237 1093 4291; x_wconf 76' lang='grc' dir='ltr'>ξένου</span> <span class='ocrx_word' id='word_1_564' title='bbox 1107 4234 1136 4290; x_wconf 85' lang='grc' dir='ltr'>δι’)</span> <span class='ocrx_word' id='word_1_565' title='bbox 1151 4249 1212 4289; x_wconf 86' lang='grc' dir='ltr'>τινος</span> <span class='ocrx_word' id='word_1_566' title='bbox 1227 4232 1298 4291; x_wconf 87' lang='grc' dir='ltr'>ἰδίου,</span> <span class='ocrx_word' id='word_1_567' title='bbox 1313 4231 1336 4279; x_wconf 79' lang='grc' dir='ltr'>ἐν</span> <span class='ocrx_word' id='word_1_568' title='bbox 1360 4229 1376 4291; x_wconf 67' lang='grc' dir='ltr'><em>ἦ</em></span> <span class='ocrx_word' id='word_1_569' title='bbox 1397 4230 1508 4285; x_wconf 80' lang='grc' dir='ltr'>ἐδηλοῦτο</span> <span class='ocrx_word' id='word_1_570' title='bbox 1531 4228 1773 4290; x_wconf 74' lang='grc' dir='ltr'>μίλλωνθβασιλεὺς</span> 
     </span>
     <span class='ocr_line' id='line_1_78' title="bbox 166 4305 1780 4383; baseline -0.008 -14"><span class='ocrx_word' id='word_1_571' title='bbox 166 4321 258 4383; x_wconf 78' lang='grc' dir='ltr'>Πύρρος</span> <span class='ocrx_word' id='word_1_572' title='bbox 280 4320 433 4368; x_wconf 69' lang='grc' dir='ltr'>ἀποστέλλειν</span> <span class='ocrx_word' id='word_1_573' title='bbox 449 4323 488 4370; x_wconf 82' lang='grc' dir='ltr'>ἐπὶ</span> <span class='ocrx_word' id='word_1_574' title='bbox 508 4323 534 4370; x_wconf 83' lang='grc' dir='ltr'>τό</span> <span class='ocrx_word' id='word_1_575' title='bbox 554 4322 650 4381; x_wconf 76' lang='grc' dir='ltr'>Ῥήγιον</span> <span class='ocrx_word' id='word_1_576' title='bbox 671 4320 877 4380; x_wconf 72' lang='grc' dir='ltr'>πεντακισχιλίους</span> <span class='ocrx_word' id='word_1_577' title='bbox 895 4319 979 4379; x_wconf 79' lang='grc' dir='ltr'>ἀνδρας</span> <span class='ocrx_word' id='word_1_578' title='bbox 1001 4315 1210 4375; x_wconf 76' lang='grc' dir='ltr'>καταληψομένους</span> <span class='ocrx_word' id='word_1_579' title='bbox 1229 4314 1272 4370; x_wconf 85' lang='grc' dir='ltr'>τὴν</span> <span class='ocrx_word' id='word_1_580' title='bbox 1291 4311 1369 4369; x_wconf 88' lang='grc' dir='ltr'>πόλιν,</span> <span class='ocrx_word' id='word_1_581' title='bbox 1390 4309 1489 4366; x_wconf 80' lang='grc' dir='ltr'>ἀνοίξειν</span> <span class='ocrx_word' id='word_1_582' title='bbox 1508 4310 1677 4371; x_wconf 83' lang='grc' dir='ltr'>ύποσχομένων</span> <span class='ocrx_word' id='word_1_583' title='bbox 1694 4305 1780 4366; x_wconf 86' lang='grc' dir='ltr'>αὐτοῖς</span> 
     </span>
     <span class='ocr_line' id='line_1_79' title="bbox 166 4386 1781 4463; baseline -0.015 -8"><span class='ocrx_word' id='word_1_584' title='bbox 166 4397 281 4459; x_wconf 58' lang='grc' dir='ltr'>Ῥηγίνων</span> <span class='ocrx_word' id='word_1_585' title='bbox 300 4399 342 4452; x_wconf 68' lang='grc' dir='ltr'>τὰς</span> <span class='ocrx_word' id='word_1_586' title='bbox 357 4399 441 4459; x_wconf 80' lang='grc' dir='ltr'>πύλας,</span> <span class='ocrx_word' id='word_1_587' title='bbox 462 4401 549 4458; x_wconf 84' lang='grc' dir='ltr'>ταύτην</span> <span class='ocrx_word' id='word_1_588' title='bbox 570 4403 645 4461; x_wconf 63' lang='grc' dir='ltr'>εὑρὼν</span> <span class='ocrx_word' id='word_1_589' title='bbox 658 4400 775 4463; x_wconf 79' lang='grc' dir='ltr'>πρόφασιν</span> <span class='ocrx_word' id='word_1_590' title='bbox 795 4400 847 4453; x_wconf 76' lang='grc' dir='ltr'>τοὺς</span> <span class='ocrx_word' id='word_1_591' title='bbox 860 4398 982 4458; x_wconf 81' lang='grc' dir='ltr'>Ῥηγίνους</span> <span class='ocrx_word' id='word_1_592' title='bbox 1000 4396 1088 4450; x_wconf 80' lang='grc' dir='ltr'>πάντας</span> <span class='ocrx_word' id='word_1_593' title='bbox 1106 4394 1247 4454; x_wconf 80' lang='grc' dir='ltr'>κατέσφαξε,</span> <span class='ocrx_word' id='word_1_594' title='bbox 1265 4393 1306 4440; x_wconf 88' lang='grc' dir='ltr'>καί</span> <span class='ocrx_word' id='word_1_595' title='bbox 1323 4391 1364 4444; x_wconf 81' lang='grc' dir='ltr'>τὰς</span> <span class='ocrx_word' id='word_1_596' title='bbox 1380 4390 1460 4438; x_wconf 79' lang='grc' dir='ltr'>αὐτῶν</span> <span class='ocrx_word' id='word_1_597' title='bbox 1470 4394 1583 4450; x_wconf 86' lang='grc' dir='ltr'>γυναῖκας</span> <span class='ocrx_word' id='word_1_598' title='bbox 1596 4386 1632 4432; x_wconf 86' lang='grc' dir='ltr'>καί</span> <span class='ocrx_word' id='word_1_599' title='bbox 1645 4386 1781 4447; x_wconf 72' lang='grc' dir='ltr'>παρθένους</span> 
     </span>
    </p>

    <p class='ocr_par' dir='ltr' id='par_1_12' title="bbox 114 4464 1781 4622">
     <span class='ocr_line' id='line_1_80' title="bbox 114 4464 1781 4542; baseline -0.013 -14"><span class='ocrx_word' id='word_1_600' title='bbox 114 4492 139 4528; x_wconf 77' lang='lat' dir='ltr'><strong>-ls</strong></span> <span class='ocrx_word' id='word_1_601' title='bbox 173 4480 232 4536; x_wconf 79' lang='grc' dir='ltr'>μετα</span> <span class='ocrx_word' id='word_1_602' title='bbox 249 4483 296 4525; x_wconf 86' lang='grc' dir='ltr'>τῶν</span> <span class='ocrx_word' id='word_1_603' title='bbox 311 4485 463 4539; x_wconf 87' lang='grc' dir='ltr'>στρατιωτῶν</span> <span class='ocrx_word' id='word_1_604' title='bbox 483 4481 625 4542; x_wconf 82' lang='grc' dir='ltr'>διελόμενος,</span> <span class='ocrx_word' id='word_1_605' title='bbox 640 4479 748 4541; x_wconf 85' lang='grc' dir='ltr'>τύραννος</span> <span class='ocrx_word' id='word_1_606' title='bbox 760 4484 800 4536; x_wconf 79' lang='grc' dir='ltr'>τῆς</span> <span class='ocrx_word' id='word_1_607' title='bbox 814 4479 906 4532; x_wconf 83' lang='grc' dir='ltr'>πόλεως</span> <span class='ocrx_word' id='word_1_608' title='bbox 917 4477 955 4536; x_wconf 75' lang='grc' dir='ltr'>ἠν·</span> <span class='ocrx_word' id='word_1_609' title='bbox 970 4475 1032 4536; x_wconf 80' lang='grc' dir='ltr'>μετὰ</span> <span class='ocrx_word' id='word_1_610' title='bbox 1046 4475 1080 4530; x_wconf 81' lang='grc' dir='ltr'>δὲ,</span> <span class='ocrx_word' id='word_1_611' title='bbox 1092 4477 1198 4530; x_wconf 76' lang='grc' dir='ltr'>νοσήσας</span> <span class='ocrx_word' id='word_1_612' title='bbox 1210 4472 1263 4526; x_wconf 73' lang='grc' dir='ltr'>τοὺς</span> <span class='ocrx_word' id='word_1_613' title='bbox 1274 4470 1414 4531; x_wconf 73' lang='grc' dir='ltr'>ὀφθαλμοὺς,</span> <span class='ocrx_word' id='word_1_614' title='bbox 1434 4469 1514 4531; x_wconf 81' lang='grc' dir='ltr'>ἰατρὸν</span> <span class='ocrx_word' id='word_1_615' title='bbox 1533 4468 1558 4516; x_wconf 80' lang='grc' dir='ltr'>ἐκ</span> <span class='ocrx_word' id='word_1_616' title='bbox 1574 4464 1684 4520; x_wconf 61' lang='lat' dir='ltr'><strong>illectum</strong></span> <span class='ocrx_word' id='word_1_617' title='bbox 1702 4481 1781 4525; x_wconf 64' lang='grc' dir='ltr'>μετα.</span> 
     </span>
     <span class='ocr_line' id='line_1_81' title="bbox 167 4553 1115 4622; baseline -0.009 -12"><span class='ocrx_word' id='word_1_618' title='bbox 167 4560 295 4621; x_wconf 76' lang='grc' dir='ltr'>πέμπεται,</span> <span class='ocrx_word' id='word_1_619' title='bbox 310 4558 453 4620; x_wconf 55' lang='lat' dir='ltr'><strong>petrapium</strong></span> <span class='ocrx_word' id='word_1_620' title='bbox 468 4561 557 4622; x_wconf 81' lang='grc' dir='ltr'>ὄνομα,</span> <span class='ocrx_word' id='word_1_621' title='bbox 570 4560 742 4621; x_wconf 87' lang='grc' dir='ltr'>πυνθανόμενος</span> <span class='ocrx_word' id='word_1_622' title='bbox 756 4561 851 4622; x_wconf 81' lang='grc' dir='ltr'>ἄριστον</span> <span class='ocrx_word' id='word_1_623' title='bbox 864 4557 934 4606; x_wconf 79' lang='grc' dir='ltr'>αὑτὸν</span> <span class='ocrx_word' id='word_1_624' title='bbox 945 4557 1015 4604; x_wconf 87' lang='grc' dir='ltr'>εἰναι,</span> <span class='ocrx_word' id='word_1_625' title='bbox 1027 4553 1115 4603; x_wconf 73' lang='grc' dir='ltr'>Αιιιθτ.</span> 
     </span>
    </p>
   </div>
   <div class='ocr_carea' id='block_1_10' title="bbox 114 4817 942 5161">
    <p class='ocr_par' dir='ltr' id='par_1_13' title="bbox 168 4817 942 5074">
     <span class='ocr_line' id='line_1_82' title="bbox 209 4817 942 4900; baseline -0.008 -22"><span class='ocrx_word' id='word_1_626' title='bbox 209 4820 258 4878; x_wconf 81' lang='lat' dir='ltr'>vl.</span> <span class='ocrx_word' id='word_1_627' title='bbox 284 4820 342 4891; x_wconf 72' lang='lat' dir='ltr'><strong>(it),</strong></span> <span class='ocrx_word' id='word_1_628' title='bbox 365 4820 397 4898; x_wconf 73' lang='lat'>⁶2)</span> <span class='ocrx_word' id='word_1_629' title='bbox 417 4818 502 4885; x_wconf 80' lang='grc' dir='ltr'>Αθτδς</span> <span class='ocrx_word' id='word_1_630' title='bbox 524 4819 550 4878; x_wconf 80' lang='grc' dir='ltr'>δὲ</span> <span class='ocrx_word' id='word_1_631' title='bbox 573 4824 586 4878; x_wconf 86' lang='grc' dir='ltr'>ό</span> <span class='ocrx_word' id='word_1_632' title='bbox 616 4821 716 4900; x_wconf 84' lang='grc' dir='ltr'>Πύρρος</span> <span class='ocrx_word' id='word_1_633' title='bbox 741 4819 799 4884; x_wconf 81' lang='grc' dir='ltr'>τοθς</span> <span class='ocrx_word' id='word_1_634' title='bbox 821 4817 942 4893; x_wconf 84' lang='grc' dir='ltr'>Ὁμηρι-</span> 
     </span>
     <span class='ocr_line' id='line_1_83' title="bbox 168 4905 940 4987; baseline -0.003 -25"><span class='ocrx_word' id='word_1_635' title='bbox 168 4906 228 4971; x_wconf 77' lang='grc' dir='ltr'>κούς</span> <span class='ocrx_word' id='word_1_636' title='bbox 243 4907 462 4987; x_wconf 76' lang='grc' dir='ltr'>ἐπιφθεγξάμενος</span> <span class='ocrx_word' id='word_1_637' title='bbox 481 4906 602 4985; x_wconf 77' lang='grc' dir='ltr'>στίχους,</span> <span class='ocrx_word' id='word_1_638' title='bbox 619 4909 662 4975; x_wconf 85' lang='grc' dir='ltr'>οθς</span> <span class='ocrx_word' id='word_1_639' title='bbox 673 4905 785 4984; x_wconf 85' lang='grc' dir='ltr'>Ἕκτωρ</span> <span class='ocrx_word' id='word_1_640' title='bbox 800 4908 872 4983; x_wconf 80' lang='grc' dir='ltr'>αὐτῷ</span> <span class='ocrx_word' id='word_1_641' title='bbox 891 4927 940 4960; x_wconf 87' lang='grc' dir='ltr'>πε-</span> 
     </span>
     <span class='ocr_line' id='line_1_84' title="bbox 168 4992 940 5074; baseline 0.003 -27"><span class='ocrx_word' id='word_1_642' title='bbox 168 4993 275 5063; x_wconf 86' lang='grc' dir='ltr'>ποίηται</span> <span class='ocrx_word' id='word_1_643' title='bbox 290 4996 354 5073; x_wconf 86' lang='grc' dir='ltr'>πρὸς</span> <span class='ocrx_word' id='word_1_644' title='bbox 375 4995 476 5054; x_wconf 83' lang='grc' dir='ltr'>Αἴαντα</span> <span class='ocrx_word' id='word_1_645' title='bbox 495 4994 594 5074; x_wconf 84' lang='grc' dir='ltr'>λέγων,</span> <span class='ocrx_word' id='word_1_646' title='bbox 610 4998 644 5062; x_wconf 81' lang='grc' dir='ltr'>ύις</span> <span class='ocrx_word' id='word_1_647' title='bbox 660 4994 710 5053; x_wconf 82' lang='grc' dir='ltr'>ύπδ</span> <span class='ocrx_word' id='word_1_648' title='bbox 732 4992 876 5071; x_wconf 87' lang='grc' dir='ltr'>Ῥωμαίων</span> <span class='ocrx_word' id='word_1_649' title='bbox 901 4993 940 5049; x_wconf 84' lang='grc' dir='ltr'>εἶ-</span> 
     </span>
    </p>

    <p class='ocr_par' dir='ltr' id='par_1_14' title="bbox 114 5079 494 5161">
     <span class='ocr_line' id='line_1_85' title="bbox 114 5079 494 5161; baseline 0.008 -23"><span class='ocrx_word' id='word_1_650' title='bbox 114 5101 141 5140; x_wconf 86' lang='lat' dir='ltr'>nu</span> <span class='ocrx_word' id='word_1_651' title='bbox 169 5079 374 5161; x_wconf 82' lang='grc' dir='ltr'>ρημένουςπρδς</span> <span class='ocrx_word' id='word_1_652' title='bbox 390 5083 494 5143; x_wconf 80' lang='grc' dir='ltr'>ἔαυτόν·</span> 
     </span>
    </p>
   </div>
   <div class='ocr_carea' id='block_1_11' title="bbox 1001 4808 1782 5052">
    <p class='ocr_par' dir='ltr' id='par_1_15' title="bbox 1001 4808 1782 5052">
     <span class='ocr_line' id='line_1_86' title="bbox 1031 4808 1782 4877; baseline -0.003 -15"><span class='ocrx_word' id='word_1_653' title='bbox 1031 4816 1073 4862; x_wconf 77' lang='lat' dir='ltr'>Vl.</span> <span class='ocrx_word' id='word_1_654' title='bbox 1085 4814 1117 4875; x_wconf 78' lang='grc' dir='ltr'>(ἰ)</span> <span class='ocrx_word' id='word_1_655' title='bbox 1131 4816 1186 4877; x_wconf 87' lang='lat' dir='ltr'><strong>lpse</strong></span> <span class='ocrx_word' id='word_1_656' title='bbox 1204 4814 1287 4860; x_wconf 85' lang='lat' dir='ltr'><strong>autem</strong></span> <span class='ocrx_word' id='word_1_657' title='bbox 1301 4809 1413 4872; x_wconf 65' lang='lat' dir='ltr'><strong>Pyrrhus</strong></span> <span class='ocrx_word' id='word_1_658' title='bbox 1433 4809 1571 4860; x_wconf 85' lang='lat' dir='ltr'><strong>homericos</strong></span> <span class='ocrx_word' id='word_1_659' title='bbox 1583 4808 1701 4859; x_wconf 85' lang='lat' dir='ltr'><strong>recitavit</strong></span> <span class='ocrx_word' id='word_1_660' title='bbox 1721 4824 1782 4860; x_wconf 80' lang='lat' dir='ltr'><strong>ver·</strong></span> 
     </span>
     <span class='ocr_line' id='line_1_87' title="bbox 1001 4896 1782 4964; baseline -0.005 -13"><span class='ocrx_word' id='word_1_661' title='bbox 1001 4917 1053 4957; x_wconf 80' lang='lat' dir='ltr'><strong>sus,</strong></span> <span class='ocrx_word' id='word_1_662' title='bbox 1064 4916 1127 4964; x_wconf 86' lang='lat' dir='ltr'><strong>quos</strong></span> <span class='ocrx_word' id='word_1_663' title='bbox 1142 4901 1176 4950; x_wconf 89' lang='lat' dir='ltr'><strong>iili</strong></span> <span class='ocrx_word' id='word_1_664' title='bbox 1190 4903 1281 4950; x_wconf 89' lang='lat' dir='ltr'><strong>ilector</strong></span> <span class='ocrx_word' id='word_1_665' title='bbox 1294 4897 1352 4947; x_wconf 85' lang='lat' dir='ltr'><strong>lecit</strong></span> <span class='ocrx_word' id='word_1_666' title='bbox 1365 4898 1465 4960; x_wconf 80' lang='lat' dir='ltr'><strong>Ajacem</strong></span> <span class='ocrx_word' id='word_1_667' title='bbox 1477 4897 1615 4963; x_wconf 83' lang='lat' dir='ltr'><strong>alloquens,</strong></span> <span class='ocrx_word' id='word_1_668' title='bbox 1628 4902 1749 4961; x_wconf 84' lang='lat' dir='ltr'><strong>tauquam</strong></span> <span class='ocrx_word' id='word_1_669' title='bbox 1759 4896 1782 4947; x_wconf 88' lang='lat' dir='ltr'>si</span> 
     </span>
     <span class='ocr_line' id='line_1_88' title="bbox 1001 4986 1465 5052; baseline -0.011 -13"><span class='ocrx_word' id='word_1_670' title='bbox 1001 5005 1014 5039; x_wconf 87' lang='lat' dir='ltr'><strong>o</strong></span> <span class='ocrx_word' id='word_1_671' title='bbox 1027 4989 1144 5041; x_wconf 80' lang='lat' dir='ltr'><strong>Romanis</strong></span> <span class='ocrx_word' id='word_1_672' title='bbox 1156 4988 1187 5040; x_wconf 92' lang='lat' dir='ltr'>dc</span> <span class='ocrx_word' id='word_1_673' title='bbox 1201 5002 1227 5039; x_wconf 85' lang='lat' dir='ltr'>se</span> <span class='ocrx_word' id='word_1_674' title='bbox 1239 4987 1293 5052; x_wconf 86' lang='lat' dir='ltr'><strong>ipso</strong></span> <span class='ocrx_word' id='word_1_675' title='bbox 1305 4986 1465 5037; x_wconf 86' lang='lat' dir='ltr'><strong>dicerentur:</strong></span> 
     </span>
    </p>
   </div>
   <div class='ocr_carea' id='block_1_12' title="bbox 0 0 1896 5828">
    <p class='ocr_par' dir='ltr' id='par_1_16' title="bbox 0 0 1896 5828">
     <span class='ocr_line' id='line_1_89' title="bbox 0 0 1896 5828; baseline 0 0"><span class='ocrx_word' id='word_1_676' title='bbox 0 0 1896 5828; x_wconf 95' lang='lat' dir='ltr'> </span> 
     </span>
    </p>
   </div>
  </div>
 </body>
</html>
