3772 5828
602 365 899 440 ANTIQUITATUM
920 368 1074 429 ROMAN.
1098 370 1173 434 LlB.
1198 373 1250 434 l'l.
1667 381 1726 440 359

120 502 237 564 «οἴδασί
259 522 303 578 μοι
326 495 415 580 χείριν,
436 497 518 580 φίλων
537 522 565 558 τε
590 500 637 558 καῖ
655 501 778 559 πελατῶν
799 501 825 558 ἀν
839 508 895 568 τοῖς

121 623 133 648 ε
151 591 370 672 ἀναγκαιοτάτοις
385 587 561 659 ἐξετάζονται.
606 587 661 648 Καὶ
682 592 712 647 οὗ
725 586 795 667 λίγω
809 592 895 649 ταῦτα

120 710 133 737 ε
151 684 305 760 κατηγορῶν
323 676 376 758 ίγὼ
389 681 441 737 τῶν
462 676 499 755 μὴ
519 677 554 735 τά
576 675 756 758 παραπλήσια
771 677 829 752 luel
847 699 896 736 πε-

120 801 133 827 r
149 771 300 845 ποιηκότων
326 768 382 827 οὐδ’
397 765 423 826 εί
439 789 506 834 τινες
530 766 604 846 νόμῳ
627 763 847 846 συγχωρούμενόν
869 789 896 824 τε

77 887 90 924 ο
118 862 261 942 «ἔδρασαν
286 859 385 918 ἀδικεῖν
414 854 509 923 αιἰτοθς
536 854 642 932 clepet,
667 853 736 915 ἀλλδ
760 855 807 924 τδς
836 855 895 915 κατ’

117 981 129 1004 ε
145 953 259 1028 ἐμαυτοῦ
284 943 409 1013 διαόολδς
423 942 584 1022 ἀπολύομαι.

155 1041 215 1100 Ι,Χ
229 1066 240 1089 ε
255 1035 285 1098 Ἃ
296 1037 319 1094 δ’
328 1037 364 1103 είς
375 1035 504 1115 χαλεπῶν
515 1055 545 1092 τι
558 1031 603 1091 καί
615 1037 737 1113 πονηρῶν
751 1034 894 1113 ἀνθρώπων

119 1153 134 1184 ει
149 1125 311 1209 προστασίαν
327 1120 448 1183 ὠνείδισί
472 1144 534 1198 μοι,
557 1120 706 1199 μισόδημόν
729 1145 757 1181 τε
772 1123 818 1182 καῖ
840 1125 893 1182 tir-

952 528 964 552 ε
979 509 1091 560 amiciet
1107 512 1210 562 clientes
1222 514 1327 576 gratiam
1340 513 1447 575 habeut,
1464 518 1489 565 ct
1500 518 1560 566 suut
1579 517 1605 566 in
1624 532 1725 568 numero

951 619 963 643 ι
978 613 1072 661 eorum,
1084 602 1127 665 qui
1136 603 1197 652 milri
1210 605 1391 655 necessitudine
1403 606 1606 656 coniunctissimi.
1642 609 1724 670 b'cque

951 708 964 732 ε
979 703 1039 739 vero
1051 690 1105 740 haec
1121 692 1188 751 dico,
1202 696 1231 742 ut
1249 707 1364 743 accusem
1381 707 1437 754 eos,
1459 695 1503 759 qui
1514 709 1563 744 non
1577 695 1643 745 idem
1656 696 1721 758 quod

951 798 963 823 ε
978 792 1023 842 ego
1037 780 1161 842 lecerunt;
1177 795 1257 844 neque
1268 821 1275 843 ,
1288 783 1365 846 siqui
1380 782 1440 847 legis
1452 787 1574 849 permissu
1586 785 1678 850 aliquid
1691 786 1727 834 le·

951 887 964 911 ι
980 871 1079 927 cerunt,
1107 883 1149 919 eos
1165 870 1273 934 cuipiam
1296 870 1410 921 iniuriam
1436 873 1517 923 lacere
1532 874 1655 935 arbitror;
1681 874 1725 924 sed

951 973 963 996 υ
979 953 1081 1005 crimina
1093 955 1154 1005 mihi
1168 955 1265 1006 obiecta
1279 956 1356 1008 diluo.

980 1052 1310 1109 νευροσπαστεῖται
1332 1055 1498 1107 maleficorum
1517 1059 1543 1107 ct
1554 1056 1724 1121 improborum

951 1133 1105 1184 «bominum
1124 1136 1287 1200 patrocinium
1301 1139 1471 1202 exprobrarit,
1485 1138 1561 1203 plebis
1582 1141 1680 1191 hostem
1699 1147 1726 1193 et

119 1211 274 1293 γαρχικὸν
288 1211 449 1286 ἀποκαλῶν,
465 1207 558 1266 dci*
523 1229 574 1279 της
592 1207 793 1287 ἀριστοκρατίας
807 1207 894 1289 περιί·
949 1232 963 1261 ε
976 1229 1112 1280 paucorum
1130 1216 1272 1269 dominatus
1290 1220 1429 1271 studiosum
1451 1234 1491 1271 me
1506 1223 1642 1286 appellans,
1661 1237 1724 1287 quo·

63 1327 131 1365 ro«
119 1291 334 1382 «peccationis
353 1297 460 1358 πείντων
490 1298 564 1372 ὑμῶν
585 1297 641 1354 ἀστι
663 1295 891 1376 κατηγορήματα,

116 1389 246 1451 ι’δσσε
222 1413 268 1449 ουκ
295 1390 396 1456 ἀξιοῦτε
419 1383 563 1465 κρείττονες
596 1383 666 1452 ὄντες
697 1385 748 1444 buo
767 1386 893 1466 χειρόνων

118 1506 131 1531 ι
149 1479 354 1560 ἀρχεσθαιᾙδ
307 1500 336 1536 ου
355 1475 417 1547 ἣν
433 1471 623 1556 παρελάόετι“
614 1495 667 1533 υπο
687 1477 740 1533 τῶν
758 1475 893 1555 προγόνων

118 1565 280 1626 «πολιτείαν
304 1562 356 1621 bne
376 1567 424 1632 τῆς
453 1558 580 1633 κακίστης
604 1561 656 1617 τῶν
689 1562 715 1618 ἀν
747 1562 893 1643 ἀνθρώποις

118 1680 131 1708 ε
149 1656 286 1714 πολιτειῶν
308 1654 490 1732 ἀφαιρεθῆναι
532 1650 574 1709 Οὐ
587 1648 639 1728 γδρ
654 1648 686 1708 δν
703 1641 894 1733 οδτοςδλιγαρ·

61 1765 85 1804 rs
118 1764 131 1799 r
146 1742 244 1852 χίαγ
229 1763 314 1817 ονομα
329 1744 411 1798 θεῖναι
422 1737 585 1810 delicere*
553 1760 586 1816 τη
600 1741 653 1797 τῶν
663 1738 811 1819 κρατίστων
829 1744 890 1818 ἦγε·

118 1831 240 1911 «μονία,
260 1831 305 1888 καί
325 1827 397 1900 δὴ
373 1851 404 1887 το
424 1836 536 1907 πρᾶγμα
555 1824 607 1885 ὑπὸ
624 1832 670 1887 τοῦ
692 1827 819 1904 ὀνόματος
838 1830 893 1888 δια·

118 1917 265 2025 «ἀληθὲν,
288 1914 507 1996 ἀρανισθησεται·
528 1918 613 1991 ἡμεῖς
631 1913 658 1973 δδ
677 1917 769 1997 πολλῷ
792 1915 863 1975 δν
848 1933 892 1975 οι-

117 2006 282 2084 ικαιότερσν
304 2003 492 2084 ἐπενέγκαιμεν
523 2002 620 2070 ὄνειδος
645 2003 691 2062 καῖ
718 2003 961 2092 ἀληθέστερον

118 2092 312 2173 «δημοκοπίαν
322 2092 367 2152 καὶ
378 2094 537 2172 τυραννικῶν
549 2089 632 2170 ἀργων
646 2092 797 2170 ἀπιθυμίαν.
840 2094 893 2153 Οὐ·

57 2205 129 2242 so«
117 2183 200 2242 «δενὶ
225 2181 276 2293 γδρ
299 2181 369 2256 δὴᾶ
371 2183 450 2253 δηλον
469 2179 510 2238 ὅτε
531 2179 717 2260 πᾶςτιίραννσς
736 2180 892 2259 δκδημσκά-

116 2299 129 2326 ε
148 2271 276 2340 λακος
244 2295 348 2353 ρυεται,
372 2269 417 2330 καί
435 2276 532 2347 ταχεῖα
547 2269 604 2335 δδός
625 2271 681 2328 ἐστι
695 2278 747 2336 τοῖς
765 2271 894 2330 καταδου-

112 2389 124 2415 ν
140 2364 249 2421 λοῦσθαι
268 2361 316 2427 τὰς
334 2359 423 2425 πόλεις
448 2356 614 2436 βουλομίνσες
637 2361 654 2429 ἠ
675 2357 718 2415 διδ
740 2362 794 2416 τῶν
811 2358 891 2418 κακί-

116 2475 129 2500 α
146 2472 215 2507 στυιν
249 2449 349 2526 είγουσα
378 2448 494 2504 πσλιτῶν
515 2445 560 2504 tri
584 2444 631 2512 τδς
653 2446 826 2521 δυναστείας,
851 2445 894 2515 οθς

116 2537 294 2617 «θεραπεύων
317 2527 390 2601 σῖτος
411 2534 575 2595 δεατετίλικε
599 2533 646 2595 καί
664 2535 723 2595 οὐδὲ
748 2537 828 2617 μίχρε
847 2540 893 2598 ποῶ

117 2654 129 2680 ε
148 2625 277 2706 παρόντος
288 2623 413 2684 παύεται.
458 2614 498 2684 Εὖ
508 2621 559 2703 γδρ
568 2621 645 2697 ίστι,
663 2621 703 2682 ὅτι
715 2624 762 2684 οὐκ
775 2622 806 2683 ἀν
821 2624 894 2686 telt-

115 2742 128 2769 ε
147 2737 237 2792 μησαν
252 2715 276 2772 cl
297 2716 392 2794 φαῦλοι
414 2711 460 2771 καί
480 2711 601 2772 ταπεινοί
617 2715 764 2783 τηλικαῦτα
782 2711 893 2794 ἀξαμαρ·

115 2832 128 2857 ε
145 2813 211 2876 τεῖν,
226 2806 249 2861 εί
265 2802 303 2880 μὴ
312 2803 362 2861 ὑπὸ
372 2806 418 2860 τοῦ
431 2806 527 2878 σεμνοῦ
542 2799 588 2860 καί
602 2800 771 2882 ρελοπολεδος
788 2802 892 2864 τουτουί

115 2891 335 2972 «ἐξηγέρθησαν,
363 2892 399 2957 ώς
425 2888 457 2961 δὴ
479 2887 616 2950 ἀκίνδυνον
643 2890 729 2958 αὐτοῖς
759 2890 789 2950 τδ
817 2889 893 2972 ίργον

115 2980 280 3058 «ἐσόμενον,
295 2978 341 3038 καί
366 2976 432 3059 πρδς
456 2978 495 3058 τῷ
515 2977 648 3056 μηδεμίαν
670 2980 796 3059 ὑποσχεῖν
815 2979 892 3055 δίκην

58 3089 85 3129 sc
113 3069 274 3148 νκρείττονα
291 3076 387 3146 μοῖραν
408 3071 455 3138 τῆς
475 3063 607 3148 προτίρας
622 3065 731 3135 δξσντες.
774 3067 893 3130 Μσίθοιτι

116 3185 127 3208 r
145 3156 173 3218 δδ
187 3158 218 3218 ἀν
237 3162 272 3226 ὡς
286 3159 371 3229 ἀληθῆ
387 3154 439 3234 ἐγώ
457 3153 551 3235 λίγω,
573 3154 731 3234 μνησθίντες
748 3155 788 3216 δτι
804 3158 891 3217 δεδιτ-

114 3268 129 3303 α
146 3247 251 3325 πιόμενος
265 3252 333 3323 ὑμᾶς
351 3247 417 3326 θπδρ
436 3244 554 3322 πολέμου
580 3243 626 3303 καί
649 3243 794 3323 διαλλαγδς
812 3249 894 3325 ἀναγ-

116 3356 132 3389 ε
146 3334 223 3402 καίας
238 3334 404 3415 ἀποφαίνων,
418 3332 477 3411 ἀμα
492 3333 542 3414 ἔφη
558 3333 604 3392 καῖ
618 3333 654 3400 ώς
673 3334 721 3392 οὐκ
735 3334 893 3411 ἀγαπήσου-

118 3445 187 3481 Ιισεν
217 3426 241 3482 σί
257 3421 367 3495 πίνητες
392 3422 529 3503 ἀρεθίντες
554 3424 606 3480 τῶν
625 3426 724 3502 χρεῶν,
754 3423 823 3481 ἀλλά
848 3422 893 3482 καί

56 3527 84 3567 ss
118 3538 129 3562 ι
150 3509 270 3589 βοηθείας
281 3510 418 3582 δεήσονταί
430 3533 507 3586 τινος,
522 3508 571 3570 καλ
581 3511 630 3568 οὐκ
643 3508 776 3579 ἀνεἙονται
791 3510 830 3571 ίτι
847 3514 892 3593 ἀρ’

117 3626 129 3649 υ
148 3601 222 3675 ὑμῶν
235 3602 270 3665 ώς
279 3600 325 3657 καλ
335 3597 460 3680 πρότερον
475 3598 636 3680 ἀρχόμενοι·
646 3600 774 3658 τελευτῶν
785 3599 812 3657 δὲ
824 3602 893 3671 ὑμᾶς

116 3715 128 3738 «
149 3685 220 3757 ἠξίου
237 3685 358 3766 στέργειν
371 3686 404 3746 τδι
416 3687 536 3768 παρόντα
552 3686 598 3746 καί
619 3687 765 3766 συγχωρεῖν
778 3687 795 3745 ἀ
801 3711 826 3746 τι
836 3684 894 3748 δνδ

116 3804 128 3828 «1
146 3777 229 3852 ημος
247 3776 334 3856 lutri
349 3775 451 3856 καθόδου
465 3775 594 3854 δικαιώσῃ
608 3775 721 3852 λαθεῖν,
737 3773 775 3852 μὴ
791 3776 893 3856 διακρί-

116 3892 127 3916 a
146 3888 243 3933 ναντας
264 3863 333 3943 μήτε
348 3865 399 3925 ἀπὸ
414 3835 503 3926 κάλῶν
518 3863 617 3945 αῖσχρδ
630 3863 729 3938 μήτε’
714 3888 767 3924 απο
784 3866 892 3926 δικαίων

116 3981 128 4004 ιι
146 3953 236 4015 ἀδικα.
279 3952 419 4025 ’ῖσσαότης
429 3952 482 4032 ἀρα
496 3952 673 4021 αὐθαδείας
649 3975 679 4011 το
695 3952 804 4024 ἀνόητον
819 3944 893 4063 ρθτος

117 4067 128 4093 ι
146 4043 348 4119 teutatem*
315 4066 362 4114 της
377 4041 490 4118 πόλεως,
512 4041 578 4120 ἀνὴρ
589 4039 768 4118 πρισόύτερος
785 4063 830 4099 και
843 4065 892 4100 πα·

116 4157 128 4181 «
146 4153 194 4196 σας
221 4129 424 4211 κεκαρπωμένος
446 4129 493 4196 τδις
517 4131 582 4210 παρ’
604 4132 678 4206 ὑμῶν
698 4127 787 4204 τεμιίς.
834 4117 893 4209 q'alp’

117 4243 129 4270 ι
147 4209 179 4290 ην
192 4241 234 4279 σοι
245 4218 327 4293 αξιον
340 4219 481 4296 Οὐαλίρεε,
494 4217 555 4277 καθ’
565 4215 661 4297 ἑτέρων
670 4215 704 4275 rt
713 4216 891 4296 μὴπρσσόντα

117 4331 129 4357 ν
146 4306 232 4380 ὀνείδη
248 4308 344 4384 λέγειν,
359 4306 557 4375 τοιαύταιςόντι
571 4305 741 4386 κατηγορίαις
756 4299 855 4385 ἐνόχῳ,

155 4396 228 4460 LXI.
255 4399 342 4458 Καὶ
360 4395 429 4476 πρδς
445 4394 586 4474 μδντδις”
576 4395 627 4455 υπὸ
655 4400 748 4455 τούτου
770 4394 893 4474 ῥηθείσας

117 4509 128 4533 r
149 4483 272 4552 διαθολδις
287 4487 363 4564 ἀρκεῖ
384 4485 421 4545 τά
445 4484 583 4564 εἰρημένα.
626 4481 712 4562 Ύπδρ
733 4475 797 4543 δδ
776 4508 814 4543 ων
831 4488 894 4563 β

116 4570 516 4682 «λιυσάμενοεσυνεληλίθατε,
530 4572 655 4649 δοκεῖμοι
676 4569 810 4630 δίκαιά’
785 4593 840 4630 τι
827 4562 893 4630 εῖναι

117 4685 129 4709 ιι
147 4659 191 4717 και
203 4664 250 4730 τῆς
263 4661 364 4730 πόλεως
383 4660 444 4731 ἀξια
460 4661 506 4721 καί
519 4661 686 4741 συμφέροντα
701 4663 781 4736 ὑμῖν,
796 4659 875 4718 σθ’
841 4680 893 4736 μο-

116 4773 129 4798 «
146 4768 189 4806 νον
205 4745 260 4807 trs
270 4751 365 4830 ἀρχαῖς
377 4750 569 4831 ἀπιρηνάμην,
583 4748 651 4809 ἀλλά
668 4748 713 4808 καί
728 4754 772 4807 νῦν
790 4747 834 4808 brt
847 4752 894 4818 τῆς

117 4864 128 4887 «
148 4837 229 4908 αὐτῆς
247 4837 355 4916 γνώμης
365 4838 404 4900 ίτι
417 4839 503 4916 μίνων
523 4835 769 4919 &sepelieruntque
785 4837 894 4916 συγχεῖν

118 4952 129 4975 ν
144 4923 188 4985 τὸν
202 4924 303 5003 κόσμον
317 4930 366 4999 τῆς
377 4927 521 5001 πολιτείας,
536 4925 603 5003 μηδδ
619 4934 700 4984 κινεῖν
711 4926 757 4998 ίθη
773 4923 893 5004 πατίρων

118 5040 130 5064 ιι
150 5013 271 5087 ἀκίνητα,
291 5012 359 5091 μηδδ
373 5015 487 5095 ἀναιρεῖν
500 5013 526 5083 ἐξ
539 5011 683 5095 ἀνθρώπων
700 5013 804 5084 πίστιν,
825 5011 893 5090 ίερθν

119 5107 199 5182 «χῆρ
202 5127 250 5180 μα,
276 5104 336 5181 μεθ’
349 5093 381 5174 ἧς
400 5102 493 5164 ἅπασα
516 5103 641 5170 πόλις’
618 5104 728 5162 οικιῖται
753 5102 893 5180 ἀσφαλῶς,

119 5191 227 5272 «δημω
250 5214 280 5252 τε
304 5189 342 5269 μὴ
365 5188 444 5251 είκεεν
469 5190 603 5272 ἀγνώμων
624 5189 722 5251 ἀδίκων
741 5163 824 5271 ίργών
848 5186 893 5247 καί

949 1315 961 1340 ε
978 1297 1043 1347 niam
1054 1300 1216 1362 optimatibus
1233 1302 1317 1364 lasso,
1335 1302 1389 1353 lnec
1400 1304 1503 1354 crimina
1516 1305 1577 1354 mibi
1586 1310 1642 1355 sunt
1654 1319 1724 1354 com-

949 1398 961 1422 «
976 1380 1213 1444 muniarobiscum,
1224 1388 1359 1449 quotquot,
1378 1399 1436 1437 cum
1454 1387 1535 1437 sitis
1529 1387 1575 1451 ipsi
1596 1388 1723 1450 meliores,

949 1465 1125 1517 «deteriorum
1147 1468 1278 1534 imperium
1297 1472 1459 1534 detrectatis,
1478 1476 1505 1522 et
1528 1478 1651 1537 quotquot
1670 1487 1726 1523 eam

949 1566 961 1590 υ
976 1548 1119 1613 reipublice
1137 1552 1254 1614 turmam,
1272 1569 1349 1620 quam
1368 1553 1531 1605 amatoribus
1553 1555 1695 1618 accepistis,
1711 1568 1726 1603 a

949 1631 1144 1683 «dominatione
1164 1637 1290 1700 populari,
1303 1652 1359 1703 ηοω
1371 1641 1409 1688 est
1418 1637 1525 1701 pessima
1541 1637 1651 1686 omnium
1662 1639 1727 1688 iuter

948 1711 1089 1763 «homines
1112 1716 1253 1780 reipublicae
1267 1721 1410 1779 formarum,
1430 1719 1572 1783 eripirobis
1593 1720 1658 1769 terre
1677 1733 1726 1769 nou

948 1801 1090 1924 :potestis
1103 1802 1188 1862 Neque
1201 1801 1300 1850 enimsi
1314 1801 1360 1850 iste
1377 1814 1467 1850 nomen
1481 1801 1623 1850 dominatus
1635 1815 1727 1865 pauco·

976 1882 1174 1946 rumimponere
1191 1880 1265 1932 vellet
1281 1883 1428 1946 optimatum
1453 1884 1611 1949 principatui,
1627 1889 1727 1949 propte·

949 1976 1019 2014 urea
1044 1976 1085 2013 ree
1105 1963 1158 2027 ipsa
1174 1962 1207 2012 ob
1235 1961 1283 2013 leuc
1307 1977 1401 2014 nomen
1427 1964 1453 2014 in
1476 1965 1595 2015 invidiam
1619 1968 1726 2017 adducta

947 2046 1072 2112 «peribit
1107 2051 1139 2097 At
1151 2061 1198 2097 nos
1209 2047 1288 2098 multo
1297 2048 1386 2099 iustius
1402 2051 1427 2099 et
1439 2047 1523 2098 verius
1538 2050 1560 2098 ei
1574 2051 1724 2113 exprobrare

947 2149 960 2174 α
976 2128 1103 2194 possemus
1123 2130 1203 2195 plebis
1216 2130 1383 2182 adulationem
1398 2135 1423 2182 et
1439 2130 1576 2196 tyrannidis
1588 2135 1725 2184 attestatio-

947 2231 959 2255 ε
975 2225 1040 2263 nem.
1081 2212 1169 2263 Nullus
1193 2213 1258 2262 euim
1279 2216 1325 2275 est,
1348 2213 1392 2275 qul
1414 2227 1464 2263 uon
1487 2212 1572 2263 videat
1596 2213 1725 2266 manifeste

948 2307 1073 2346 «omnem
1087 2298 1219 2358 tyrannum
1229 2309 1261 2346 ex
1275 2295 1353 2360 plebis
1371 2295 1500 2346 adulatore
1524 2295 1592 2358 fieri,
1608 2299 1634 2346 et
1654 2310 1724 2347 com-

948 2399 961 2424 «
976 2379 1189 2445 peudiosissimam
1203 2394 1258 2430 esse
1271 2380 1338 2430 riam
1351 2379 1397 2440 iis,
1411 2380 1454 2443 qni
1462 2379 1577 2431 civitates
1588 2381 1729 2446 opprimere
1833 2386 1835 2390 ‘

948 2481 960 2505 ε
977 2461 1080 2523 roluut,
1095 2475 1149 2512 cam
1166 2474 1222 2524 qum
1240 2474 1284 2525 per
1304 2461 1414 2512 levorem
1428 2462 1592 2527 pessimorum
1615 2464 1723 2522 civium,
1795 2456 1799 2469 '

948 2546 1100 2610 «quasiste
1116 2559 1214 2609 semper
1233 2545 1324 2607 coluit,
1343 2549 1369 2596 et
1391 2558 1423 2596 ne
1443 2560 1508 2596 nunc
1519 2547 1620 2609 quidem
1644 2548 1728 2601 colere

948 2650 961 2675 ι
975 2630 1066 2682 desiuit
1078 2631 1154 2680 ducet
1167 2628 1200 2680 ad
1212 2629 1357 2693 potentiam.
1393 2629 1458 2681 Illud
1476 2631 1542 2681 enim
1561 2631 1643 2692 scitis,
1664 2632 1727 2683 viles

948 2735 961 2761 ε
976 2718 1003 2767 et
1012 2717 1121 2767 abiectos
1132 2715 1243 2766 homines
1252 2717 1349 2766 tentum
1358 2714 1477 2779 flagitium
1487 2719 1585 2779 patrare
1600 2730 1725 2781 nunqnam

947 2821 960 2846 ε
975 2815 1081 2852 ausuros
1096 2813 1165 2861 esse,
1188 2800 1268 2850 nisia
1291 2800 1433 2851 venerando
1456 2799 1505 2850 isto
1529 2815 1559 2851 ac
1584 2801 1726 2866 reipublice

947 2885 1085 2937 «studioso
1103 2886 1158 2935 viro
1171 2885 1286 2936 concitati
1300 2887 1420 2947 tuissent,
1438 2889 1567 2950 sperantes
1586 2887 1640 2936 tore
1651 2891 1679 2937 ut
1700 2888 1725 2937 in

947 2989 960 3014 r
975 2969 1072 3021 nullum
1089 2968 1244 3019 incurrerent
1257 2967 1409 3031 periculum,
1430 2967 1564 3030 quinetiam
1579 2973 1669 3032 praeter
1688 2968 1725 3033 ip-

948 3074 960 3098 a
975 3067 1029 3105 sam
1048 3053 1221 3118 impunitatem
1239 3051 1405 3103 conditionem
1421 3067 1521 3119 quoque
1540 3054 1621 3118 priore
1640 3055 1725 3105 melio-

947 3159 960 3185 «
975 3154 1027 3190 rem
1037 3138 1244 3190 nanciscerentur.
1277 3140 1460 3188 liaeceutema
1474 3151 1585 3188 merere
1600 3138 1648 3188 dici
1665 3153 1724 3203 cog·

948 3235 1077 3274 «noscere
1097 3222 1216 3285 potestis,
1234 3219 1255 3270 si
1276 3219 1423 3270 meministis
1436 3234 1509 3280 eum,
1522 3219 1581 3269 dum
1601 3232 1646 3269 ms
1668 3219 1726 3270 belli

948 3327 960 3350 ε
976 3304 1140 3369 impendentis
1156 3304 1222 3352 inani
1235 3307 1305 3352 metu
1320 3306 1426 3354 terreret
1441 3307 1467 3354 et
1479 3316 1566 3367 pacem
1586 3305 1727 3355 necessario

948 3410 961 3432 ι
981 3388 1117 3438 taciendam
1136 3386 1243 3448 diceret,
1267 3385 1329 3436 iilud
1345 3386 1421 3437 etiam
1440 3384 1579 3446 addidisse,
1606 3400 1727 3451 pauperes

949 3491 961 3513 ε
975 3484 1023 3519 non
1035 3469 1086 3520 tore
1106 3471 1235 3519 contentos
1249 3467 1307 3517 eris
1320 3467 1393 3519 ebeni
1414 3467 1571 3528 remissione,
1588 3469 1632 3519 sed
1651 3471 1726 3522 etium

949 3571 961 3594 ιι
975 3550 1092 3602 auxilium
1103 3548 1201 3611 aliquod
1214 3548 1396 3613 postulaturos,
1407 3563 1453 3601 nec
1467 3554 1579 3602 restrum
1597 3552 1727 3617 imperium

948 3655 960 3679 ι
976 3638 1005 3686 ut
1021 3638 1079 3684 ante
1095 3633 1207 3683 laturos:
1223 3635 1348 3696 postremo
1368 3637 1453 3685 ιιιιῖοιιι
1468 3635 1539 3686 vobis
1561 3637 1684 3695 suasisse,
1700 3645 1728 3689 ut

949 3741 961 3764 ,r
980 3720 1005 3771 in
1025 3715 1140 3784 prasenti
1159 3729 1244 3768 rerum
1264 3719 1332 3770 statu
1345 3718 1553 3783 acquiesceretis,
1568 3725 1593 3771 et
1607 3722 1728 3774 concede-

949 3824 960 3848 «
976 3802 1036 3854 retis
1047 3812 1202 3864 quecunque
1214 3799 1309 3852 reditus
1326 3800 1365 3853 sui
1377 3814 1465 3853 mussa
1478 3802 1547 3867 plebs
1563 3804 1725 3868 postulasset,

948 3908 960 3931 ι
978 3884 1046 3936 nullo
1067 3886 1133 3937 lacto
1158 3885 1299 3940 discrlmine
1312 3886 1377 3939 inter
1399 3887 1503 3938 honeste
1516 3891 1542 3938 et
1563 3889 1661 3954 turpia,
1683 3889 1727 3939 ant

949 3991 961 4015 α
987 3971 1052 4022 iuter
1072 3971 1140 4022 iusta
1167 3976 1193 4022 et
1217 3971 1317 4022 iniusta.
1340 3974 1419 4023 Tanta
1450 3973 1589 4037 arrogantia
1612 3973 1727 4025 luseram

949 4055 1147 4119 «rugasseuer
1168 4055 1228 4115 iste,
1253 4059 1338 4104 nostro
1350 4046 1432 4105 laror'a
1455 4054 1569 4106 omnibus
1591 4055 1728 4108 bonoribus

949 4159 961 4183 υ
976 4139 1089 4197 luuctus.
1105 4138 1220 4203 replerit.
1253 4140 1291 4188 Aa
1309 4138 1392 4203 igitur,
1408 4138 1503 4198 valeri,
1519 4141 1544 4190 te
1556 4140 1660 4193 decebat
1673 4143 1728 4192 aliis

949 4243 960 4266 ι
976 4222 1036 4273 lalsa
1056 4222 1147 4286 probra
1163 4221 1281 4288 objicere,
1294 4235 1353 4272 cum
1369 4223 1421 4286 ipse
1440 4222 1474 4272 sis
1492 4223 1584 4274 talibus
1602 4225 1727 4275 obnoxius

949 4323 961 4347 r
976 4304 1137 4355 criminibus?

977 4403 1038 4451 LXt.
1058 4420 1070 4444 ε
1085 4403 1166 4463 Atque
1179 4399 1232 4450 brac
1252 4399 1354 4463 quidem
1365 4399 1486 4451 adsersus
1502 4400 1575 4452 istius
1592 4403 1728 4453 calumnias

948 4508 961 4533 ε
978 4487 1110 4539 sufficiunt.
1135 4485 1208 4546 Quod
1220 4499 1280 4538 vero
1297 4486 1386 4537 attinet
1397 4486 1430 4537 ad
1441 4492 1587 4551 presentem
1606 4487 1728 4538 consulta·

948 4596 961 4621 ε
979 4575 1085 4635 ῖῖοιιειιι,
1098 4574 1170 4625 culus
1184 4587 1271 4625 caussa
1284 4573 1363 4626 coactl
1385 4575 1458 4636 estis,
1473 4579 1499 4626 et
1519 4590 1632 4641 equum,
1657 4577 1726 4626 etex

948 4684 961 4711 ε
975 4664 1061 4730 populi
1074 4663 1177 4715 Romani
1189 4662 1306 4728 dignitate
1316 4667 1391 4727 atque
1402 4676 1417 4714 e
1427 4677 1455 4715 re
1467 4666 1552 4714 nostra
1564 4677 1618 4714 esse
1628 4676 1724 4721 censeo,

948 4773 961 4798 ι
980 4767 1077 4817 eaquae
1092 4767 1140 4803 non
1153 4751 1233 4802 solum
1244 4751 1361 4815 principio
1370 4747 1437 4813 di'xl,
1450 4751 1495 4801 sed
1505 4765 1561 4815 qum
1572 4751 1648 4802 etiam
1659 4763 1725 4799 nunc

949 4863 962 4888 ε
976 4843 1002 4893 in
1022 4843 1108 4893 eedem
1121 4854 1265 4906 permaneus
1284 4839 1406 4890 sententia
1425 4838 1494 4900 dico,
1507 4836 1601 4889 scillcet
1625 4838 1654 4887 ut
1675 4849 1724 4887 non
1799 4884 1803 4890 .

949 4950 962 4976 ε
978 4931 1157 4981 confundamus
1176 4928 1239 4979 bene
1258 4928 1421 4978 constitutum
1448 4925 1590 4990 reipublicae
1613 4924 1723 4988 mun,

950 5037 962 5061 ι
975 5030 1021 5068 nec
1030 5029 1176 5067 moveamus
1187 5028 1235 5065 non
1246 5011 1381 5065 movendas
1391 5010 1513 5062 ιαιῖοευειι
1522 5008 1725 5076 consuetudines,

949 5126 962 5150 ε
975 5118 1022 5156 nec
1039 5103 1155 5155 tollemus
1168 5117 1198 5155 ex
1219 5100 1349 5153 bominum
1368 5099 1492 5151 comestio
1507 5097 1596 5175 lidemi,
1609 5111 1665 5152 m
1681 5112 1725 5153 ee·

949 5205 1059 5253 «cmm,
1082 5203 1127 5256 per
1146 5202 1221 5256 qnam
1247 5200 1333 5242 omues
1358 5174 1824 5488 cirltetesffl
