3772 5828
695 452 987 528 ANTIQUITATUM
1008 458 1154 522 ROMAN.
1177 464 1247 528 LlB.
1272 467 1352 528 llll.
1395 469 1398 474 ’

188 609 201 633 «ι
219 583 251 643 δν
264 586 418 662 βουλώμεθα
434 587 483 657 τῆς
501 585 606 646 ἰκείνων
620 586 710 668 χώρας
736 590 926 667 καταδραμεῖν.
946 617 959 643 ι

226 677 291 735 llll.
309 672 519 750 Ἀποδεξαμένων
530 675 558 735 δὲ
568 675 613 736 καί
622 677 722 749 ταύτην
732 676 781 749 τήν
791 677 899 754 γνώμην
908 682 961 738 τῶν

186 762 374 835 Οὐολούσκων,
386 763 495 840 ἐξῄεσαν
512 768 536 824 οἱ
549 765 694 848 στρατηγοὶ
710 764 754 825 διδι
771 766 885 846 ταχέων,
900 767 962 845 πρίν

189 852 306 913 ἔκπυστα
319 851 437 929 γενέσθαι
449 851 594 927 Ῥωμαίοις
605 852 638 912 τδι
660 853 842 931 βουλεύματα,
860 853 961 926 πολλὴν

145 964 158 1001 a
186 940 342 1021 ἐπαγόμενοι
353 939 477 1020 στρατιάν
492 940 620 1001 ἑκούσιον·
633 932 665 1013 ἧς
680 942 757 1020 μέρος
770 941 817 1019 μὲν
832 946 846 1002 θ
860 942 962 1011 Τύλλος

184 1028 254 1108 ἔχων
270 1032 305 1096 εἰς
322 1028 370 1101 τήν
396 1028 516 1089 Λατίνων
538 1029 629 1110 χώραν
653 1028 792 1104 ίνέόαλεν,
815 1029 858 1088 ίνα
882 1053 963 1113 περι-

184 1118 293 1177 σπάσειε
308 1122 359 1176 τῶν
376 1117 509 1194 πολεμίων
525 1118 571 1190 τήν
591 1121 688 1179 ἐκεῖθεν
708 1120 870 1200 ἐπικουρίαν·
889 1120 919 1180 τὸ
932 1121 960 1182 δὲ

183 1208 273 1264 λοιπὸν
290 1210 303 1264 θ
322 1207 440 1286 Μάρκιος
455 1204 526 1286 άγων
550 1207 593 1266 ἐπί
618 1207 666 1280 τήν
682 1206 825 1284 Ῥωμαίων
850 1207 959 1281 ήλασεν.

185 1285 237 1353 Οἷα
263 1296 286 1352 δ’
308 1293 505 1374 ἀπροσδοκήτου
532 1301 616 1354 κακοῦ
638 1295 691 1362 τοῖς
715 1294 784 1354 κατὰ
806 1295 853 1368 τήν
870 1296 961 1379 χώραν

184 1381 357 1461 διατρίύονσιν
377 1380 560 1456 ἐπιπεσόντος,
575 1383 662 1443 πολλδι
684 1384 731 1460 μὲν
753 1383 824 1443 ἑάλω
845 1384 959 1462 σώματα

183 1469 324 1548 Ῥωμαίων
343 1470 479 1549 ίλεύθερα,
503 1470 589 1530 πολλά
612 1473 634 1530 θ’
651 1471 815 1551 ἀνδράποδα,
842 1475 910 1553 βοῶν
932 1497 960 1532 τε

182 1560 227 1618 καί
245 1559 393 1640 ὑποζυγίων
409 1560 454 1618 καὶ
476 1563 527 1619 τῶν
551 1558 639 1619 ἄλλων
666 1561 842 1638 βοσκημάτων
865 1566 960 1644 χρῆμα

182 1652 228 1709 οῦκ
249 1650 351 1728 ὀλίγον,
374 1647 445 1717 σῖτός
462 1673 491 1708 τε
511 1648 571 1717 θσος
591 1650 773 1730 ἐγκατελήφθη
796 1652 841 1709 καὶ
856 1651 960 1731 σίδηρος

181 1743 226 1800 καί
240 1743 310 1809 ύσοις
324 1743 413 1809 ἄλλοις
425 1741 500 1820 χώρα
514 1750 687 1823 γεωργεῖται,
703 1742 737 1803 τά
756 1743 803 1819 μὲν
818 1743 958 1823 ἡρπάσθη,

180 1831 214 1890 τδι
228 1830 255 1889 δὲ
271 1830 405 1912 διερθάρη.
449 1833 630 1900 Ἰἐλευτῶντες
652 1831 704 1911 γὰρ
723 1833 839 1913 καὶπῦρ
857 1834 893 1900 είς
911 1832 959 1901 τὰς

181 1919 263 1987 αὐλάς
286 1920 406 1999 φέροντες
418 1917 558 1980 ένέῦαλλον
573 1921 752 1993 Οὐολοῦσκοι,
772 1919 843 1979 ὥστε
858 1921 956 1980 πολλοῦ

181 2006 276 2086 χρόνου
302 2008 364 2083 μηδ’
375 2005 517 2066 άναλαόεῖν
532 2008 614 2077 αύτθς
629 2007 756 2067 δύνασθαι
768 2008 829 2076 τοὺς
850 2008 957 2069 άποόα-

181 2098 281 2164 λόντας.
324 2097 450 2158 Μάλιστα
461 2096 488 2157 δί
501 2104 578 2158 τοῦτο
592 2097 709 2179 ἔπασχον
724 2100 752 2157 at
765 2102 817 2178 τῶν
834 2101 955 2178 δημοτῶν

180 2186 301 2264 κτήσεις,
318 2190 346 2247 αἱ
362 2186 389 2246 δὲ
408 2187 621 2268 τῶν·πατρικίων
643 2188 749 2267 ἔμειναν
764 2191 870 2255 άσινεῖς·
888 2191 912 2248 εἰ
928 2187 959 2247 δέ

179 2297 245 2341 τινες
260 2275 429 2351 ἐόλάόησοιν,
443 2278 479 2338 εἰς
499 2276 652 2357 ἀνδράποδα
664 2277 711 2336 καί
728 2277 888 2355 βοσκήματα
898 2277 956 2336 tto·

178 2361 223 2430 ξαν
240 2364 383 2443 βλαόῆναι.
427 2368 515 2426 Τοῦτο
533 2365 585 2446 γάρ
605 2365 657 2425 ὑπὸ
675 2371 720 2425 τοῦ
737 2366 859 2446 Μαρκίου
883 2390 955 2447 παρ-

177 2453 400 2530 ηγγέλλετοΙτοῖς
424 2452 619 2525 Οὐολούσκοις,
645 2453 689 2512 ἵνα
715 2456 746 2513 δι’
780 2456 895 2536 ὑποψίας
918 2455 956 2514 ἔτι

179 2543 279 2616 μᾶλλον
295 2544 318 2598 σί
338 2540 470 2620 πατρίκιοι
489 2542 617 2618 γένωνται
640 2543 693 2608 τοῖς
713 2543 884 2618 δημοτικοῖς,
911 2544 957 2602 καί

179 2627 215 2703 μὴ
233 2628 350 2708 ἐξαιρεθῇ
372 2628 402 2686 τδ
417 2629 557 2697 στασιάζον
572 2631 603 2688 ἐκ
626 2633 675 2701 τῆς
691 2632 802 2697 πολεως.
846 2628 955 2714 Ὥσπερ

122 2739 135 2776 2
178 2717 223 2774 καὶ
237 2717 344 2787 συνέῦη.
387 2715 437 2782 Ὡς
452 2715 503 2798 γάρ
520 2716 636 2794 ήγγέλθη
651 2721 704 2785 τοῖς
719 2718 865 2797 Ῥωμαίοις
876 2726 893 2793 ἡ
906 2746 954 2782 κα·

176 2804 296 2885 ταδρομή
312 2810 360 2877 τῆς
372 2804 462 2884 χώρας
468 2850 476 2878 ,
497 2807 544 2865 καὶ
567 2806 684 2884 ἔγνωσαν
700 2810 748 2867 οὐκ
764 2807 789 2876 ἐξ
806 2809 863 2867 ἴσου
876 2833 956 2889 γεγο·

177 2898 252 2952 νυῒαν
267 2893 352 2952 ἅπασι
365 2893 413 2966 τήν
428 2892 580 2975 συμφοράν,
592 2893 725 2954 κατεόόων
744 2894 792 2974 μὲν
810 2900 862 2953 τῶν
872 2899 954 2958 πλου·

176 2981 239 3041 σίων
256 2983 279 3041 oI
298 2980 410 3052 πένητες
430 2983 466 3050 ὡς
489 2984 640 3061 ἐπαγόντων
666 2983 741 3063 σρίσι
757 2982 801 3043 τὸν
818 2984 952 3067 Μάρκιον·

176 3073 351 3150 ἀπελογοῦντο
374 3071 397 3130 θ’
412 3073 437 3131 οἱ
449 3069 584 3153 πατρίκιοι
598 3071 644 3132 καί
658 3072 819 3156 κακουργίαν
837 3075 895 3137 τινά
907 3082 953 3136 τοῦ

176 3164 325 3240 στρατηγοῦ
338 3159 438 3232 ταύτην
455 3160 609 3241 ἀπέραινον.
627 3161 736 3232 Βοηθεῖν
756 3161 783 3220 δὲ
800 3170 852 3232 τοῖς
871 3165 954 3224 daol-

175 3246 322 3325 λυμένοιςῆ
335 3246 426 3317 σώζειν
432 3247 465 3306 τά
475 3247 599 3329 περιόντα
612 3251 646 3308 δι’
660 3248 776 3331 ὑποψίαν
790 3249 815 3307 τ’
830 3251 952 3323 ἀλλήλων

175 3338 219 3396 καί
233 3337 290 3403 δέος
309 3334 449 3416 προδοσίας
470 3336 552 3407 οὐδεὶς
565 3335 655 3409 ἠξίου,
670 3333 738 3396 ὥστε
761 3336 831 3397 κατὰ
851 3338 953 3411 πολλὴν

175 3427 263 3484 ἄδειαν
277 3427 291 3482 ὑ
312 3423 432 3503 Μάρκιος
447 3425 534 3502 ἀπῆγε
551 3424 600 3496 τήν
615 3424 741 3505 στρατιάν
757 3424 804 3484 καί
824 3425 955 3500 κατέστη-

175 3539 218 3575 σεν
232 3512 349 3577 ἅπαντας
363 3511 407 3571 ἐπὶ
419 3511 453 3572 τδι
466 3514 550 3571 οἰκεῖα
559 3511 690 3580 παθόντας
705 3511 752 3589 μὲν
767 3511 840 3572 οὐδὲν
852 3511 950 3593 δεινὸν,

121 3633 147 3673 ³5
177 3602 323 3681 δράσαντας
347 3602 370 3659 δ’
393 3600 443 3660 ὅσα
467 3600 554 3673 ἠξίουν
583 3602 631 3662 καί
654 3603 759 3661 πολλῶν
787 3602 951 3682 εὐπορήσαν-

177 3715 223 3757 τας
234 3690 390 3770 χρημάτων.
401 3679 474 3751 Ἧκε
491 3690 519 3750 δί
533 3690 579 3752 καί
595 3695 610 3752 ύ
630 3692 733 3759 Τύλλος
743 3691 830 3769 όλίγον
842 3691 947 3772 ὕστερον

176 3780 206 3836 ἐκ
230 3782 277 3849 τῆς
302 3779 424 3838 Λατίνων
450 3776 541 3859 χώρας
567 3778 668 3848 πολλάς
691 3778 850 3858 ἐπαγόμενος
876 3782 949 3862 ὠρε-

175 3867 256 3934 λείας·
282 3865 340 3925 οὐδὲ
355 3864 406 3947 γάρ
423 3871 517 3928 ἐκεῖνοι
532 3867 641 3945 δύναμιν
657 3867 734 3949 ἔσχον
757 3867 836 3944 ὁμόσε
855 3873 952 3950 χωρεῖν

174 3964 228 4023 τοῖς
262 3954 413 4031 πολεμίοις,
438 3954 619 4036 ἀπαράσκευοί
640 3981 669 4017 τε
696 3957 782 4028 ὄντες,
805 3958 851 4015 καί
877 3959 951 4041 παρδι

120 4078 147 4114 ιιι
175 4044 269 4103 ἐλπίδα
283 4050 329 4104 τοῦ
343 4046 426 4105 δεινοῦ
438 4067 527 4126 σρισιν
542 4045 719 4113 ἐπιπεσόντος.
758 4045 807 4106 Ἐκ
821 4047 849 4106 δέ
859 4046 950 4108 τούτου

174 4143 248 4194 πῦσα
262 4132 336 4200 πόλις
350 4135 449 4215 ίπῆρτυ
462 4137 518 4202 ταῖς
541 4132 645 4210 έλπίσι,
662 4135 707 4194 καλ
727 4139 819 4195 θᾶττον
832 4135 850 4208 ἢ
865 4139 900 4204 ῶς
919 4136 950 4196 άν

172 4248 213 4291 τις
226 4222 404 4294 ὑπέλαόεν,ἥ
424 4248 452 4282 τε
467 4223 625 4303 καταγραφή
641 4226 692 4280 τῶν
708 4227 876 4300 στρατιωτῶν
896 4221 951 4302 ql-

172 4336 243 4386 νετο,
269 4311 315 4369 καί
337 4311 413 4370 τᾶλλ’
441 4315 595 4391 ὑπηρετεῖτο
628 4308 696 4369 ὅσων
720 4314 773 4378 τοῖς
798 4320 952 4390 στρατηγοῖς

173 4402 235 4462 ἔδει.

119 4529 146 4566 ης
213 4494 293 4552 XIII.
317 4490 427 4562 Ἐπειδὴ
448 4491 476 4551 δὲ
498 4489 549 4562 ἤδη
572 4493 685 4562 συνῆκτο
703 4498 778 4548 πᾶσα
793 4494 810 4562 ή
824 4491 949 4569 δύναμις,

174 4579 325 4640 ίύουλεύετο
350 4579 418 4657 μετδι
433 4585 478 4639 τοῦ
501 4578 705 4661 συνάρχοντοςδ
727 4578 863 4657 Μάρκιος,
879 4579 952 4646 ὅπως

173 4670 302 4747 χρηστέον
317 4673 370 4736 τοῖς
389 4671 488 4737 λοιποῖς
504 4669 670 4749 πράγμασιν.
714 4666 790 4749 Ἐρη
802 4666 829 4726 δὲ
848 4656 892 4726 σύν
905 4669 950 4727 λί-

174 4779 235 4833 γων·
251 4785 263 4807 ο
278 4757 358 4833 Ἐμοί
376 4759 463 4829 δοκεῖ,
479 4747 501 4816 ύι
515 4759 619 4831 Τύλλε,
645 4756 785 4838 κράτιστον
800 4747 882 4831 εἶναι,
898 4757 949 4815 νεί·

178 4850 306 4919 «μασθαι
326 4846 373 4913 τδις
400 4847 523 4926 δυνάμεις
545 4850 617 4924 ἡμᾶς
640 4846 711 4925 διχῇ·
727 4845 819 4904 ἔπειτα
834 4845 879 4905 τὸν
901 4845 949 4923 μὲν

119 4960 147 4997 50
177 4958 190 4985 ιι
209 4930 296 5010 ἕτερον
320 4938 396 5009 ἡμῶν
424 4919 522 5015 ἄγοντα
536 4932 597 5002 τοθς
611 4935 807 5010 ἀκμαιοτάτους
821 4935 866 4994 καί
881 4957 950 5015 προ-

176 5048 189 5074 ιι
208 5023 371 5096 θυμοτοίτους
397 5023 477 5100 θμύσε
508 5032 603 5103 χωρεῖν
633 5031 687 5090 τοῖς
719 5022 869 5100 πολεμίοις·
902 5022 948 5081 καί

176 5137 189 5162 ιι
208 5111 230 5169 εἷ
253 5107 301 5184 μὲν
331 5111 503 5186 ὑπομενοῦσιν
527 5114 562 5179 είς
585 5121 677 5193 χεῖρας
706 5116 767 5188 ἡμῖν
798 5112 881 5187 ἰέναι,
900 5120 950 5194 μιᾷ

177 5224 189 5249 ιι
208 5197 296 5278 κρῖναι
326 5196 370 5254 τὸν
396 5198 484 5277 ἀγῶνα
514 5199 606 5280 μάχῃ,
637 5203 659 5258 εἰ
689 5199 711 5257 δ’
742 5198 947 5271 ἀποκνήσουσιν,

177 5311 190 5339 ιι
207 5290 242 5355 ὣς
257 5285 310 5364 ίγὼ
323 5282 468 5365 πείθομαι,
490 5296 601 5369 στρατιᾷ
616 5285 797 5368 νεοσυλλέκτῳ
815 5284 860 5346 καί
885 5290 979 5367 ἦγε-ι

1738 480 1798 539 455

1054 603 1109 655 xli.
1122 606 1175 655 llac
1189 620 1287 670 quoque
1303 612 1451 661 sententiaa
1465 610 1560 662 Volscis
1578 613 1697 678 probata,
1712 617 1797 679 duces,

1021 709 1153 772 antequam
1165 711 1274 775 ipsorum
1289 717 1390 767 consilia
1407 717 1523 768 Romanis
1533 717 1723 783 innotescerent,
1742 739 1798 776 cunr

1020 810 1112 877 ingenti
1133 818 1325 870 voluntariorum
1349 835 1423 872 manu
1439 823 1507 871 ocius
1529 826 1620 887 egressi
1636 831 1693 877 suut
1715 849 1721 878 :
1743 844 1799 881 cum

1021 932 1126 982 quorum
1149 927 1219 986 parte
1241 927 1327 977 Tullus
1345 929 1370 978 in
1384 929 1525 980 Latinorum
1547 945 1633 995 agrurn
1659 935 1757 1000 irrupit,
1772 942 1799 988 ut

1020 1024 1197 1091 impediret,ne
1208 1048 1258 1096 qua
1274 1035 1330 1086 inde
1343 1038 1435 1090 auxilia
1452 1041 1561 1092 bostium
1580 1044 1697 1095 lloruanls
1714 1045 1798 1097 subsi-

1020 1131 1064 1183 dio
1078 1136 1190 1189 venirent
1204 1163 1209 1188 :
1221 1142 1328 1205 reliquas
1345 1146 1427 1210 copias
1441 1150 1548 1200 Marcius
1559 1152 1586 1202 in
1605 1166 1691 1217 agrurn
1707 1157 1795 1205 Roma·

1019 1250 1079 1289 num
1092 1241 1169 1293 duxlt.
1203 1246 1267 1295 Cum
1281 1252 1365 1300 autem
1384 1249 1511 1303 idmalum
1536 1257 1620 1320 utpote
1642 1257 1797 1323 inopinatum

1020 1347 1130 1406 agrestes
1148 1346 1286 1411 invasisset,
1297 1353 1369 1403 multi
1381 1353 1448 1406 cives
1469 1358 1570 1408 Romani
1593 1359 1691 1425 ingenui
1704 1401 1712 1424 ,
1726 1363 1798 1414 multi

1020 1447 1093 1507 serni,
1108 1449 1220 1504 boumet
1231 1454 1395 1508 iumentorum
1407 1463 1432 1510 et
1443 1462 1518 1512 ceteri
1539 1451 1634 1526 pecoris
1654 1481 1744 1532 magna
1757 1469 1796 1520 ris

1019 1560 1091 1618 capla
1100 1577 1106 1606 ε
1115 1560 1141 1608 ct
1151 1560 1309 1623 trumentum,
1319 1567 1387 1629 quod
1396 1571 1423 1618 εἰι
1438 1574 1510 1633 apris
1520 1573 1632 1623 relictum
1640 1581 1703 1639 erat,
1713 1582 1738 1631 ct
1747 1580 1797 1631 ler-

1019 1667 1138 1727 ramenta,
1153 1669 1249 1734 aliaque
1268 1673 1431 1727 instrumenta
1445 1680 1555 1740 rustica,
1582 1684 1672 1746 portior
1686 1686 1795 1752 direpta,

1018 1773 1107 1836 partlm
1116 1783 1231 1841 corrupta
1241 1784 1306 1831 sunt.
1319 1784 1457 1840 Quinetiam
1467 1789 1593 1850 postremo
1601 1792 1717 1843 VolsciIn
1725 1794 1796 1848 villas

1017 1876 1098 1941 ignem
1111 1879 1262 1934 iniecerunt:
1274 1889 1302 1933 ut
1315 1887 1411 1937 nonnisi
1421 1889 1492 1953 longo
1504 1896 1560 1955 post
1573 1897 1707 1960 tempores
1718 1898 1797 1949 domi·

1017 1984 1056 2035 nis
1066 1988 1174 2050 reparari
1182 1995 1288 2052 possent.
1300 1994 1426 2059 Praecipue
1435 2010 1493 2048 vero
1504 1997 1528 2047 in
1536 1999 1687 2062 plebeiorum
1703 2006 1795 2067 pram

1016 2094 1130 2143 saevitum
1136 2098 1206 2146 estet
1213 2096 1350 2161 uillisque
1356 2100 1516 2161 patriciorum
1525 2110 1604 2165 erant,
1615 2110 1749 2170 parcebant
1758 2130 1764 2160 ι
1772 2113 1794 2163 si

1015 2202 1058 2263 qui
1072 2216 1131 2252 vero
1147 2217 1234 2253 eorum
1244 2205 1362 2256 damnum
1372 2213 1518 2272 acceperunt
1527 2249 1532 2271 ,
1542 2210 1567 2260 id
1582 2213 1608 2262 in
1630 2217 1758 2281 mancipiis
1768 2224 1794 2271 et

1013 2317 1102 2368 pecore
1117 2308 1241 2373 accepisse
1257 2309 1305 2359 visi
1324 2313 1390 2362 sunt.
1424 2314 1478 2362 lloc
1496 2314 1560 2365 enirn
1580 2317 1678 2368 Volscis
1689 2323 1793 2374 munda·

1014 2416 1054 2462 rat
1066 2414 1187 2475 Marcius,
1201 2420 1228 2465 ut
1239 2416 1337 2479 patricii
1355 2416 1457 2482 plebeiis
1470 2422 1548 2486 magis
1565 2429 1648 2476 esseut
1666 2432 1792 2495 suspecti,

1013 2531 1075 2567 neve
1091 2517 1178 2568 seditio
1188 2532 1217 2568 es
1236 2520 1296 2569 urbe
1308 2522 1453 2573 tolleretur:
1470 2525 1628 2588 quodetiam
1647 2532 1745 2585 accidit.
1760 2537 1793 2587 Ut

1014 2623 1080 2672 enirn
1092 2626 1194 2674 domurn
1208 2625 1348 2675 renuntiata
1360 2632 1398 2676 cst
1415 2640 1529 2693 agrorum
1546 2635 1666 2696 vastatio,
1681 2641 1705 2686 et
1725 2639 1792 2691 circs

1012 2733 1180 2792 cognorerunt
1197 2745 1253 2781 cam
1275 2732 1441 2785 calamitatem
1461 2749 1510 2785 non
1526 2751 1597 2800 oeque
1614 2742 1728 2793 omnibus
1748 2759 1789 2795 ac·

1013 2836 1119 2898 cidisse,
1144 2852 1265 2902 pauperes
1286 2838 1378 2891 divites
1403 2843 1551 2895 accusabant
1577 2847 1643 2910 quod
1670 2850 1791 2903 Marcium

1013 2945 1098 2992 contra
1109 2956 1136 2992 ae
1154 2943 1290 2994 duxissent.
1324 2944 1373 2995 Sed
1392 2947 1487 3010 patricii
1503 2962 1529 2998 se
1548 2950 1703 3019 purgabant,
1716 2960 1792 3021 atquc

1011 3047 1076 3096 banc
1096 3061 1153 3098 esse
1168 3048 1240 3098 ductis
1254 3049 1376 3100 fallaciam
1391 3051 1603 3106 demonstrabant.
1640 3060 1728 3111 Nullus
1750 3067 1791 3114 ta-

1010 3167 1083 3216 meu,
1098 3159 1142 3206 aut
1164 3154 1238 3206 rebus
1255 3157 1415 3220 pereuntibus
1430 3171 1588 3226 succurrere,
1613 3170 1657 3216 aut
1679 3170 1786 3235 reliquas
1868 3212 1871 3216 Δ

1010 3277 1124 3325 serrare,
1137 3263 1170 3313 ob
1189 3263 1340 3327 suspiciones
1354 3268 1454 3315 mutuas
1468 3270 1493 3317 et
1512 3269 1658 3332 proditionis
1675 3279 1788 3340 metum,

1009 3369 1117 3420 volebat.
1151 3371 1237 3440 ltaque
1255 3369 1362 3419 llarcius
1379 3371 1479 3435 impune
1498 3375 1582 3438 copias
1601 3376 1719 3443 abduxit,
1734 3397 1788 3434 orn-

1009 3487 1103 3538 nesque
1115 3473 1217 3523 domum
1231 3472 1298 3523 nulla
1311 3474 1381 3525 clade
1393 3475 1511 3542 affectos,
1524 3483 1551 3530 et
1560 3481 1644 3544 rebus,
1657 3499 1789 3549 quascum-

1009 3596 1057 3646 que
1071 3580 1199 3642 volebaut,
1217 3582 1349 3646 conlectis,
1361 3588 1386 3633 et
1403 3584 1476 3636 valde
1487 3587 1580 3638 ditatos
1589 3589 1692 3642 reduxit.
1703 3595 1789 3647 Tullus

1010 3689 1085 3739 etiam
1100 3688 1181 3752 paullo
1196 3692 1251 3752 post
1267 3703 1299 3739 ex
1316 3703 1375 3754 agro
1400 3693 1489 3743 Latino
1504 3708 1562 3745 curn
1589 3696 1680 3761 ingenti
1703 3703 1787 3765 praeda

1010 3797 1091 3846 rcrliit.
1124 3797 1186 3845 llam
1205 3809 1235 3844 nc
1257 3794 1292 3845 illi
1311 3796 1412 3860 quidem
1436 3800 1518 3864 copias
1540 3801 1680 3868 habebant,
1696 3808 1787 3872 quibus

1007 3917 1065 3954 curu
1076 3901 1149 3952 boste
1169 3901 1390 3965 congrederentur,
1406 3904 1465 3967 quia
1488 3905 1600 3971 imparati
1617 3913 1644 3960 ct
1661 3915 1787 3977 repentino

1006 4009 1072 4062 malo
1084 4010 1175 4074 proter
1188 4020 1257 4071 spem
1267 4008 1380 4072 oppressi
1398 4013 1477 4060 erant.
1512 4011 1575 4063 llinc
1587 4014 1679 4066 lactum
1695 4021 1743 4080 est,
1758 4026 1786 4071 ut

1006 4134 1093 4172 omnes
1104 4120 1248 4170 Volscorum
1260 4119 1374 4171 oviator
1386 4121 1497 4187 ingentes
1511 4137 1568 4187 spes
1581 4128 1746 4192 conciperent,
1760 4134 1786 4182 et

1005 4226 1117 4292 opiuiom
1128 4225 1202 4276 citius
1215 4225 1342 4276 exercitus
1361 4228 1566 4293 conscriberetur,
1583 4245 1673 4297 resque
1686 4236 1740 4287 aba
1753 4237 1786 4290 ad

1006 4335 1098 4388 bellum
1108 4335 1255 4386 necessarie
1270 4334 1462 4400 imperatoribus
1477 4343 1701 4406 suppeditarentur.

1038 4495 1104 4544 xlll.
1122 4492 1220 4542 coactis
1243 4496 1326 4543 autem
1350 4491 1464 4543 omnibus
1488 4494 1578 4559 copiis,
1597 4500 1704 4548 Marcius
1725 4511 1783 4549 cum

1005 4583 1097 4648 collega
1110 4583 1141 4633 de
1161 4583 1234 4633 modo
1253 4597 1283 4633 ac
1302 4583 1398 4633 ratione
1419 4583 1477 4633 belli
1494 4584 1519 4633 ln
1545 4591 1672 4650 posterum
1683 4588 1784 4650 gerendi

1005 4673 1144 4723 consultare
1157 4673 1239 4737 clepit.
1275 4691 1286 4714 ι
1302 4671 1374 4727 tlibi.
1388 4673 1484 4735 inquil,
1501 4675 1579 4734 Tulle,
1596 4678 1694 4727 ridetur
1717 4677 1781 4741 optt-

1007 4780 1020 4805 ιι
1035 4774 1104 4811 nrum
1119 4774 1193 4819 esse,
1215 4761 1250 4817 ut,
1280 4760 1358 4822 copiis
1378 4760 1441 4810 inter
1468 4776 1512 4812 nos
1542 4763 1653 4813 bilariam
1679 4763 1780 4820 dirisis,

1006 4870 1018 4893 ιι
1033 4850 1096 4900 ulter
1111 4852 1223 4900 nostrum
1238 4863 1295 4899 cum
1312 4848 1490 4900 robustissimis
1511 4852 1652 4914 quibusque
1663 4850 1781 4901 militibus

1005 4957 1017 4978 ι
1032 4938 1130 4989 obviam
1148 4939 1261 4990 hostibus
1279 4942 1319 4990 eut
1338 4954 1430 5005 eosque
1450 4940 1621 5005 aggrediatur;
1639 4942 1672 4993 et.
1696 4938 1716 4986 si
1734 4953 1780 4989 no·

1005 5051 1017 5075 ιι
1034 5032 1129 5084 biscum
1142 5032 1256 5093 congredi
1274 5031 1329 5082 ausi
1349 5033 1452 5091 luerint,
1464 5046 1513 5081 uno
1535 5029 1621 5094 prulio
1637 5030 1780 5081 desummo

1006 5137 1017 5167 ιι
1031 5132 1113 5169 rerum
1122 5118 1261 5177 decernanl;
1273 5120 1310 5168 sin
1324 5119 1401 5181 (quod
1416 5132 1460 5181 ego
1474 5119 1584 5166 lutunrm
1601 5115 1691 5177 credo)
1705 5130 1778 5167 exer·

1005 5207 1094 5256 «citui
1115 5209 1224 5258 tironum
1241 5211 1267 5258 ct
1289 5207 1392 5257 ducibus
1405 5205 1499 5254 militie
1518 5204 1637 5266 imperitis
1658 5218 1778 5254 summam

1007 5312 1021 5337 ιι
1035 5306 1119 5344 rerum
1139 5293 1293 5345 committere
1307 5306 1354 5342 non
1368 5290 1490 5353 audeant,
1506 5304 1577 5355 agros
1589 5302 1677 5342 coruus
1697 5289 1778 5343 lucur-
