3772 5828
230 395 270 452 :td
751 386 916 450 DlONYSll
939 388 1315 450 HALlCAllNASSENSlS

228 524 342 604 Θράκην
366 522 521 603 ἀφικόμενοι
543 521 612 579 κατθι
631 521 678 592 τήν
697 521 886 631 χερρόννησον,
909 523 927 594 ή
953 545 1004 580 κα-

229 614 314 671 λεῖται
326 608 465 683 Παλλήνη,
478 611 640 689 ὡρμίσαντο.
684 612 765 688 Ειχον
779 609 803 666 δ’
822 609 903 679 αὐτὴν
916 608 1005 687 ὥσπερ

230 697 294 777 ἰρην
311 697 456 777 βάρόαροι,
480 700 624 777 Κρουσαῖοι
649 697 825 771 καλούμενοι,
850 696 896 754 καὶ
918 696 998 774 παρέ-

230 810 294 866 σχον
310 789 399 852 αὐτοῖς
423 785 470 851 τὰς
495 783 652 861 καταγωγὰς
679 787 816 864 ἀσφαλεῖς.
860 782 1006 849 Μείναντες

187 889 203 933 θ
231 875 258 933 δθ
286 875 334 946 τήν
364 873 519 954 χειμερινήν
547 871 619 952 ὥραν
648 873 739 931 αδτόθι
764 870 829 930 νεὼν
850 870 1006 952 Ἀφροδίτης

230 962 370 1040 ἱδρύσαντο
391 961 434 1020 ἰπὶ
453 962 504 1017 τῶν
528 959 702 1038 ἀκρωτηρίων
720 958 793 1033 ἱνδς,
814 958 860 1017 καί
873 961 949 1016 πολιν
961 959 1007 1017 Al·

230 1073 298 1108 νειαν
325 1050 448 1121 ἔκτισαν,
470 1052 496 1105 έν
521 1039 538 1125 ᾖ
559 1046 619 1113 τούς
643 1049 666 1104 θ’
688 1047 739 1104 tet
759 1047 887 1123 καμάτων
907 1047 1005 1103 ἀδυνά-

229 1160 288 1203 τους
303 1140 377 1197 πλεῖν
401 1136 447 1195 καὶ
466 1137 535 1202 θσοις
559 1136 640 1193 αὐτοῦ
663 1133 749 1209 μένειν
767 1133 933 1211 βουλομέναις
956 1123 1005 1210 ἦν,

229 1227 264 1290 d<
280 1228 306 1283 ἰν
322 1224 406 1302 οἰκεία
428 1228 462 1303 γῇ
484 1222 513 1279 τδ
534 1223 628 1280 λοιπὸν
653 1224 812 1294 ἐσομένους,
840 1219 1005 1278 ὑπελίποντο.

176 1326 205 1372 Ξθ
224 1315 300 1384 Αύτη
316 1315 444 1389 διέμεινεν
466 1309 515 1376 ἱως
538 1314 586 1381 τῆς
605 1311 767 1370 Μακεδόνων
784 1308 936 1374 δυναστείας
959 1311 1006 1378 τ’ής

229 1407 299 1463 κατὰ
324 1400 382 1468 τοὺς
409 1400 546 1478 διαδόχους
571 1396 630 1464 τοῦς
655 1395 824 1473 Ἀλεξάνδρου
846 1394 1004 1472 γενομένης,

230 1492 273 1550 ἐπὶ
297 1491 323 1550 δὲ
354 1493 401 1560 τῆς
437 1487 593 1564 Κασάνδρου
624 1485 759 1564 βασιλείας
785 1484 933 1562 καθῃρέθη,
963 1480 1007 1540 δτε

229 1577 416 1647 Θεσσαλονίκη
446 1576 523 1639 πόλις
549 1574 675 1645 ἰκτίζετο,
697 1570 742 1631 καλ
766 1573 790 1629 οἱ
805 1574 931 1630 Αἰνεᾶται
959 1568 1006 1627 σύν

230 1665 319 1731 ἀλλοις
339 1665 444 1730 πολλοῖς
459 1668 495 1729 si<
510 1662 558 1733 τήν
572 1664 720 1721 νεόκτιστον
734 1659 904 1739 μετῴκησαν.

175 1771 203 1815 ιθ
270 1756 305 1816 L.
319 1753 370 1812 Ἐκ
380 1751 408 1811 δί
423 1757 470 1823 τῆς
486 1750 630 1821 Παλλήνης
640 1751 750 1829 ἄραντες
764 1750 789 1805 οἱ
800 1750 890 1826 Τρῶες
903 1748 939 1812 εἰς
949 1749 1005 1817 Δῆ-

231 1844 275 1900 λον
292 1844 473 1920 ἀφικνοῦνται,
499 1839 678 1919 βασιλεύοντος
688 1839 778 1916 ήαῦτής
799 1836 895 1895 'Arion’
911 1835 956 1893 καὶ
974 1826 1006 1905 ήν

231 1928 318 1993 πολλά
329 1927 418 2001 σημεῖ’
434 1931 461 1986 ἀν
476 1928 555 2006 Δήλῳ
566 1933 613 1999 τῆς
623 1925 726 1986 Αἰνείου
739 1950 768 1984 τι
786 1925 832 1983 καὶ
843 1923 941 2000 Τρώων
954 1945 1005 1980 πα-

232 2015 352 2095 ρουσῖας,
373 2016 421 2083 ἱοις
440 2013 512 2086 ήνθει
527 2014 613 2072 τεκαὶ
627 2016 717 2095 ᾠκήθη
731 2018 847 2084 ήνῆσος.
889 2008 1005 2071 Ἔπειτα

231 2109 267 2172 εἰς
279 2105 389 2182 Κύθηρα
404 2107 481 2176 νῆσον
494 2103 596 2184 ἑτέραν,
610 2104 627 2174 ἢ
639 2105 774 2181 πρόκειται
787 2103 1005 2172 Πελοποννήσου,

175 2214 203 2254 τι)
229 2194 441 2274 παραγενόμενοι
469 2193 538 2273 ἱερὸν
568 2193 720 2273 Ἀρρυδιτης
753 2192 897 2270 ἱδρύονται.
943 2189 1006 2248 Ἀπδ

231 2282 259 2340 δὲ
283 2283 411 2362 Κυθήρων
437 2280 588 2359 ποιούμενοι
609 2280 654 2340 τὸν
679 2285 762 2341 πλοῦν
790 2280 820 2337 ού
845 2278 936 2358 πρόσω
959 2282 1006 2347 τῆς

231 2371 432 2441 Πελοποννήσου
454 2369 649 2442 τελευτήσαντα
669 2372 721 2426 τῶν
738 2367 848 2447 ἑταίρων
870 2366 929 2425 τινά
952 2371 1005 2424 τῶν

227 2458 329 2518 Αἰνείου
346 2457 466 2519 Κίναιθον
490 2457 533 2516 ἐπὶ
557 2463 608 2518 τῶν
634 2458 805 2538 ἀκρωτηρίων
821 2456 874 2522 ἑνός
893 2455 1004 2515 θάπτον·

233 2570 291 2623 σιν,
316 2545 330 2604 6
355 2551 398 2604 νῦν
413 2547 460 2603 ἀπ’
476 2547 579 2605 ἐκείνου
593 2547 727 2607 Κιναίθιον
744 2544 939 2605 καλεῖται·καὶ
957 2541 1005 2613 τήν

176 2664 202 2702 2⁵
233 2638 298 2716 πρὸς
317 2635 445 2714 Ἀρκιίδας
469 2636 621 2712 συγγένειαν
644 2634 873 2710 ἀνανεωσάμενοι,
895 2630 956 2708 περὶ
975 2621 1006 2701 ἧς

232 2725 259 2780 έν
274 2722 375 2803 ὑστέρῳ
391 2721 463 2801 λόγῳ
479 2723 655 2799 διηγήσομαι,
670 2720 774 2801 ’χρόνον
793 2724 816 2778 τ’
839 2719 923 2795 ὀλίγον
945 2718 1005 2795 περὶ

231 2815 313 2867 ταῦτα
329 2809 362 2867 sb
384 2809 470 2888 χοιρία
492 2808 674 2888 διατρίψαντες
691 2810 736 2866 καί
754 2804 954 2878 ὑπολειπόμενοί
967 2828 1005 2861 τι·

231 2921 276 2962 νας
299 2902 370 2975 σρῶν
382 2900 466 2954 αὐτῶν
490 2899 525 2961 εἰς
546 2896 677 2953 Ζάκυνθον
700 2899 877 2974 ἀφικνοῦνται.
921 2890 1004 2958 Δεξα-

231 2984 316 3059 μένων
344 2986 366 3041 δ’
395 2983 488 3049 αὐτούς
513 2983 629 3041 καὶτῶν
654 2981 804 3042 Ζακυνθίων
832 2981 896 3059 πρὸς
918 2978 1005 3059 ριλίαν

175 3099 203 3140 30
229 3070 272 3130 διὰ
287 3071 317 3128 τδ
340 3069 476 3146 συγγενές·
493 3070 623 3148 Δαρδάνῳ
641 3070 690 3147 γάρ
711 3072 748 3146 τῷ
767 3070 829 3133 Διὸς
851 3068 896 3124 καὶ
909 3065 1006 3124 Ἠλέκ-

227 3181 290 3236 τρας
314 3161 361 3228 τῆς
386 3156 553 3222 Ἀτλαντίδος
575 3156 620 3214 δύο
645 3156 775 3233 γενέσθαι,
794 3157 873 3237 φασίν
896 3157 926 3214 ἐκ
947 3160 1005 3215 Βα-

228 3247 309 3313 τιεὶας
327 3248 437 3323 παῖδας,
451 3245 583 3305 Ζάκυνθόν
608 3269 636 3303 τε
658 3245 702 3302 καὶ
728 3243 905 3325 Ἐριχθόνιον,
928 3234 964 3301 διν
992 3247 1006 3301 6

229 3334 389 3413 μένΑἰνείου
406 3339 531 3413 πρόγονος
556 3325 603 3405 ἦν,
622 3332 753 3398 Ζάκυνθος
773 3331 795 3389 δ’
818 3336 832 3390 6
855 3334 901 3401 τῆς
925 3329 1005 3400 νήσου

229 3424 348 3494 κτίστης·
367 3422 463 3493 ταύτης
478 3446 507 3481 τε
527 3421 557 3493 δή
573 3425 619 3492 τῆς
637 3421 786 3499 συγγενείας
801 3417 946 3496 ἀναμνήσει
960 3417 1005 3475 καὶ

175 3538 202 3577 ss
230 3511 406 3592 ριλορροσύνη
430 3514 482 3569 τῶν
500 3510 650 3591 ἐπιχωρίων
667 3508 842 3589 διατρίῦυντες
858 3506 945 3565 αὐτόθι
960 3505 1006 3563 καί

231 3597 280 3672 ἀμ’
300 3600 398 3679 ἀπλοίᾳ
421 3599 617 3677 κατειργόμενοι
642 3597 744 3657 θύουσιν
780 3596 917 3677 Ἀφροδίτῃ
939 3595 1004 3673 πρὸς

230 3688 268 3764 τῷ
290 3684 527 3744 κατασκευασθέντι
546 3689 607 3766 ἱερῷ
622 3685 727 3757 θυσίαν,
743 3685 776 3757 ήν
791 3689 826 3750 εἰς
838 3685 896 3743 τόδε
911 3686 1005 3763 χρόνου

231 3776 382 3832 συντελοῦσι
410 3778 483 3852 κοινῇ
508 3775 665 3850 Ζακύνθιοι,
697 3774 742 3832 καί
771 3776 859 3847 ἀγῶνα
886 3777 1004 3831 ποιοῦσιν

231 3859 336 3931 έαήόοις
349 3864 401 3917 τῶν
418 3861 443 3918 τ’
460 3862 546 3919 ἄλλων
560 3863 748 3939 ἀγωνισμάτων
773 3860 818 3918 καί
841 3860 951 3938 δρόμου,
976 3859 1005 3917 τό

176 3976 204 4015 to
226 3948 254 4008 δί
277 3949 429 4026 νικητήριον
441 3953 455 4008 6
469 3953 570 4029 πρῶτος
582 3948 663 4008 ἐλθὼν
677 3951 712 4015 εἰς
726 3947 769 4007 τόν
786 3946 849 4005 νεὼν
861 3947 1005 4021 λαμόάνει·

233 4035 338 4112 λέγεται
353 4037 485 4095 δἈἰνείου
497 4040 543 4095 καλ
558 4037 708 4114 Ἀφροδίτης
722 4039 736 4093 6
750 4037 851 4114 δρόμος,
870 4034 913 4091 καί
928 4034 1005 4102 ξόανα

232 4122 329 4180 τούτων
348 4123 456 4193 ἕστηκεν
472 4126 635 4206 ἀμφοτέρων.
680 4124 797 4185 Ἐκεῖθεν
821 4123 849 4182 δὲ
880 4124 1005 4200 πελάγιον

233 4209 407 4285 ποιησάμενοι
435 4212 478 4270 τὸν
508 4215 588 4270 πλοῦν
619 4215 653 4278 εἰς
678 4212 802 4272 Λευκάδα
827 4211 1002 4285 κατάγονται,

233 4298 398 4374 κατεχόντων
418 4298 454 4355 ἔτι
473 4297 502 4355 τδ
525 4299 621 4376 χωρίον
643 4299 828 4375 Ἀκαρνάνων,
848 4301 897 4355 κάν
922 4298 1003 4376 ταύτῃ

178 4413 204 4451 ts
233 4387 317 4444 πάλιν
337 4384 405 4462 ἱερὸν
421 4384 568 4463 Ἀρροδίτης
587 4386 718 4463 ἱδρύονται
739 4393 833 4456 τοῦτο,
850 4385 920 4444 δνῦν
935 4389 1003 4444 ἐστιν

234 4477 306 4551 ε’ντῇ
323 4473 409 4543 νησῖδι
432 4478 464 4549 τῇ
494 4472 590 4550 μιταξίι
612 4479 656 4531 τοῦ
680 4474 823 4551 Διορύκτου
841 4497 870 4531 τε
895 4473 940 4531 καὶ
957 4476 1002 4543 τῆς

233 4562 348 4630 πόλεοις,
361 4561 481 4618 καλεῖται
505 4561 527 4618 δ’
549 4560 699 4640 Ἀφροδίτης
722 4560 863 4627 Αἰνειάδος.
907 4557 1003 4640 Ἀραν-

232 4673 273 4715 τες
298 4647 319 4704 δ’
339 4645 445 4705 αὐτόθεν
471 4646 514 4704 ἐπί
532 4649 557 4704 τ’
589 4646 693 4707 Ἄκτιον
718 4648 832 4714 ἐλθόντες
857 4647 1004 4728 ὁρμίζονται

232 4742 277 4796 τοῦ
293 4735 474 4814 Ἀμόρακικοῦ
507 4735 603 4794 κόλπου
630 4736 693 4814 πρὸς
707 4736 737 4794 τδ
756 4736 929 4815 ἀκρωτήριον,
954 4738 1004 4795 κά-

178 4847 206 4887 su
232 4830 315 4884 κεῖθεν
332 4825 366 4888 εἰς
382 4815 544 4901 Ἇμόρακίαν
566 4825 734 4901 άρικνοῦνται
756 4823 845 4896 πολιν,
866 4815 897 4894 ἧς
916 4822 1005 4883 idesl-

232 4914 303 4972 λευεν
337 4910 456 4991 Ἀμόραξ
478 4915 492 4969 6
523 4909 670 4984 Δεξαμενοῦ
691 4916 735 4969 τοῦ
759 4909 935 4991 Ἡρακλέους·
959 4910 1004 4969 καὶ

234 4999 417 5058 ὑπολείπονται
444 4998 586 5079 ἑκατέρωθι
611 5006 727 5072 μνημεῖα
760 5004 806 5070 τῆς
828 4999 951 5078 άρίξεως,
977 5003 1003 5058 έν

233 5083 327 5164 Ἀκτίιμ
351 5085 398 5161 μὲν
414 5087 570 5168 Ἀφροδίτης
581 5085 715 5156 Αἰνειάδος
729 5087 814 5168 ἱερὸν,
832 5086 878 5146 καί
892 5086 1003 5157 πλησίον

232 5173 313 5230 αὐτοῦ
324 5177 388 5232 θεῶν
404 5176 541 5254 μεγάλων,
555 5175 573 5236 θ
587 5175 633 5238 καί
650 5177 686 5243 εἰς
711 5175 759 5253 ἐμὲ
782 5166 830 5247 ήν·
851 5176 879 5232 έν
897 5174 922 5232 δ’
944 5174 1004 5253 'rip-

1060 531 1169 579 Primum
1191 529 1290 592 quidem
1313 528 1339 577 iu
1359 527 1489 578 Thraciam
1502 532 1630 591 venerunt,
1643 532 1669 581 et
1688 529 1719 582 ad
1741 533 1835 596 penin-

1059 616 1147 674 sulam,
1161 630 1217 678 quse
1233 615 1328 666 Pallene
1340 619 1452 678 vocatur,
1476 615 1630 680 appulerunt
1663 619 1732 669 lianc
1752 624 1835 671 autem

1060 705 1196 755 incolebant
1216 707 1259 767 <uc
1282 705 1349 767 utu)
1361 705 1456 755 mrum
1476 688 1580 771 quirun,
1600 709 1693 758 ornei
1707 711 1835 775 appelari,

1059 793 1169 856 ipsisque
1192 796 1274 843 tutum
1300 792 1435 856 hospitium
1463 793 1629 856 praebuerunt.
1670 797 1782 860 Cumque
1802 799 1836 848 ibi

1060 885 1137 932 totam
1157 882 1262 932 hiemem
1281 882 1441 944 mansissent,
1457 882 1548 934 veneri
1566 886 1686 949 temptum
1706 891 1835 946 exstruxe-

1060 974 1118 1020 runt
1137 971 1161 1019 in
1178 969 1355 1034 promontoriis
1371 971 1469 1034 aliquo,
1487 974 1514 1020 et
1527 972 1645 1035 oppidum
1661 976 1763 1025 AEueam
1777 990 1835 1026 con·

1060 1058 1183 1117 diderunt,
1204 1058 1229 1107 in
1251 1070 1301 1120 quo
1327 1072 1369 1107 eos
1391 1057 1434 1120 qui
1454 1064 1553 1122 propter
1574 1059 1686 1110 laborum
1712 1062 1837 1113 molestias

1060 1148 1240 1211 navigationem
1254 1148 1303 1211 pati
1317 1149 1499 1211 suppeterent,
1516 1151 1541 1198 et
1552 1152 1674 1213 quotquot
1686 1150 1721 1210 ibi
1736 1165 1835 1203 manere

1060 1235 1198 1295 voluerunt,
1221 1239 1338 1299 tanquam
1351 1236 1376 1286 iu
1396 1237 1474 1301 patrio
1495 1237 1547 1287 solo
1565 1238 1665 1301 posthac
1683 1237 1836 1290 habitaturos

1061 1323 1223 1386 reliquerunt.
1255 1326 1308 1373 lloc
1320 1322 1437 1387 oppidum
1455 1324 1556 1375 durarit
1570 1325 1689 1386 usquead
1702 1326 1836 1390 imperium

1060 1412 1233 1472 Macedonum,
1249 1412 1316 1476 quod
1330 1411 1457 1462 Alexandri
1469 1425 1624 1463 successores
1646 1412 1795 1476 habueruut,
1811 1423 1836 1466 ct

1061 1501 1197 1551 cassandro
1218 1506 1335 1565 regnante
1357 1515 1472 1552 eversum
1499 1504 1551 1561 est,
1576 1515 1626 1566 quo
1646 1506 1752 1566 tempore
1776 1504 1836 1555 urbs

1060 1588 1231 1641 Thessalonice
1257 1589 1416 1649 condebatur,
1436 1595 1462 1641 et
1485 1593 1594 1641 Eneatco
1611 1605 1668 1642 cum
1685 1593 1771 1643 multis
1782 1593 1836 1642 aliis

1059 1678 1085 1728 in
1097 1678 1161 1727 hauc
1173 1677 1259 1727 urbem
1273 1690 1357 1727 recens
1371 1677 1494 1727 conditam
1505 1679 1648 1746 migrarunt.

1093 1771 1119 1819 L.
1138 1768 1235 1818 Troiani
1245 1773 1326 1818 autem
1340 1781 1369 1818 ex
1378 1769 1475 1819 Pallene
1489 1771 1593 1833 proiecti
1604 1770 1692 1820 Delum
1706 1776 1833 1832 venerunt,

1060 1859 1084 1908 in
1101 1873 1152 1922 qun
1166 1859 1241 1908 Anius
1258 1860 1375 1920 regnabat
1390 1879 1396 1907 :
1411 1864 1486 1922 atque
1503 1861 1527 1910 in
1543 1861 1590 1910 hac
1608 1861 1695 1926 insule,
1717 1862 1776 1911 dum
1794 1876 1834 1912 res

1059 1951 1113 1999 eius
1137 1950 1254 1999 florebant
1275 1954 1302 2001 et
1318 1950 1484 2012 habitabatur,
1504 1951 1581 2002 multa
1599 1952 1690 2002 iudicia
1704 1953 1835 2002 manebant

1061 2044 1143 2091 AEuem
1156 2045 1182 2091 et
1204 2044 1363 2092 Troianorum
1385 2043 1517 2091 adscmum
1539 2043 1662 2093 testantia.
1695 2043 1787 2094 Deinde
1811 2043 1836 2092 in

1061 2129 1131 2179 aliam
1146 2130 1248 2179 insulam
1267 2131 1387 2192 cythera,
1400 2145 1457 2194 quae
1471 2145 1516 2196 pro
1539 2132 1705 2195 Peloponneso
1719 2133 1767 2182 sita
1787 2139 1834 2191 est,

1061 2224 1196 2279 venerunt,
1215 2222 1384 2285 templumque
1406 2222 1493 2272 Veneri
1508 2221 1676 2272 condiderunt.
1710 2225 1773 2272 Cum
1793 2237 1836 2273 au-

1059 2316 1110 2362 tem
1132 2327 1163 2362 cx
1184 2312 1295 2376 cytheris
1318 2313 1455 2372 soluisscut,
1477 2327 1526 2363 non
1549 2312 1618 2376 louge
1637 2327 1653 2363 a
1672 2314 1836 2379 Peloponneso

1059 2403 1139 2453 evecti
1150 2407 1273 2453 mortuum
1288 2405 1411 2467 quendam
1431 2407 1515 2454 AEneae
1527 2404 1622 2454 socium
1642 2405 1738 2455 nomine
1753 2405 1835 2454 Cium·

1059 2495 1130 2544 tirum
1148 2494 1173 2543 in
1188 2493 1353 2558 promontorio
1371 2495 1479 2559 (quodam
1498 2496 1670 2559 sepeliverunt,
1688 2496 1754 2560 quod
1771 2510 1837 2545 nunc

1060 2585 1090 2635 ab
1102 2600 1132 2636 eo
1148 2586 1295 2637 Cinaethium
1315 2590 1426 2636 vocatur.
1460 2590 1492 2637 Et
1511 2588 1660 2651 cognationis
1680 2587 1837 2638 ioederecum

1059 2677 1193 2726 Arcadibus
1208 2679 1325 2727 renovato
1347 2676 1457 2740 (dequo
1473 2678 1546 2743 paulo
1569 2681 1624 2741 post
1640 2678 1777 2742 dicemus),
1791 2693 1837 2729 nee

1059 2769 1102 2818 diu
1116 2770 1140 2817 in
1154 2768 1194 2818 his
1218 2769 1278 2818 locis
1294 2769 1437 2818 commorati
1448 2807 1454 2830 ,
1467 2774 1542 2832 atque
1562 2770 1656 2834 aliquot
1676 2770 1709 2819 de
1725 2770 1775 2819 suis
1793 2771 1836 2821 hic

1060 2861 1158 2921 relictis,
1169 2861 1320 2924 Zacynthum
1328 2866 1453 2911 venerunt.
1487 2866 1508 2912 A
1519 2863 1658 2927 Zacynthiis
1667 2875 1726 2912 vero
1737 2866 1836 2927 propter

1059 2953 1113 3003 iura
1130 2953 1278 3016 cognationis
1298 2953 1374 3003 amice
1394 2952 1658 3016 recepti-Dardanum
1674 2953 1751 3014 euim,
1765 2955 1835 3004 ioris

1060 3047 1085 3091 ct
1106 3044 1208 3092 Electrae
1219 3042 1349 3093 Atlantidis
1362 3042 1447 3106 lilium,
1459 3043 1524 3093 duos
1533 3056 1564 3094 ex
1586 3044 1654 3093 batia
1666 3043 1730 3094 filios
1750 3056 1835 3092 susce·

1059 3133 1125 3194 pisse
1148 3133 1259 3194 tradunt,
1281 3135 1439 3196 Zacynthium
1463 3136 1488 3185 et
1509 3133 1705 3195 Erichthonium,
1729 3146 1836 3197 quorum

1060 3221 1122 3271 alter
1139 3236 1170 3271 ex
1184 3225 1267 3272 ‘Enete
1285 3225 1419 3274 maioribus
1432 3228 1497 3285 erat,
1514 3222 1654 3287 Zacynthus
1675 3237 1734 3273 vero
1748 3224 1835 3275 iusulae

1060 3310 1173 3362 conditor
1187 3341 1216 3349 —
1242 3313 1274 3364 oh
1288 3315 1352 3364 banc
1374 3316 1449 3379 igitur
1468 3315 1556 3378 priscas
1580 3314 1730 3376 cognationis
1752 3327 1835 3365 recor»

1060 3404 1200 3464 dationem,
1219 3407 1244 3454 et
1265 3404 1296 3453 ob
1311 3404 1480 3467 indigenarum
1502 3403 1692 3463 humanitatem,
1715 3405 1838 3468 temporis

1062 3495 1162 3558 aliquod
1179 3496 1285 3558 spatium
1307 3495 1341 3545 ibi
1361 3496 1517 3556 commorati,
1538 3494 1611 3546 shnul
1632 3496 1707 3546 etiam
1731 3495 1836 3546 adversa

1061 3585 1214 3649 navigatione
1222 3586 1342 3648 impediti,
1351 3587 1439 3635 Veneri
1447 3586 1471 3634 iu
1480 3586 1577 3651 templo,
1587 3585 1655 3649 quod
1667 3585 1835 3637 ibiexslruxe·

1060 3677 1124 3736 raut,
1143 3673 1291 3725 sacrificium
1310 3675 1433 3734 iecerunt,
1447 3674 1513 3738 quod
1533 3674 1622 3725 adhoc
1637 3688 1714 3738 usque
1734 3680 1835 3738 tempus

1060 3765 1184 3827 Zacynthii
1201 3763 1298 3826 publice
1315 3763 1416 3819 luriunt,
1428 3762 1471 3825 qui
1483 3764 1542 3811 item
1563 3776 1619 3812 cum
1632 3761 1735 3813 εἱῖαιιιιιι
1758 3775 1834 3812 erer-

1060 3852 1202 3901 citationum
1212 3855 1265 3900 tum
1282 3851 1353 3901 elium
1370 3863 1458 3900 cursus
1471 3852 1602 3901 certamina
1613 3850 1737 3902 iuniorum
1747 3852 1834 3915 αριιιιὶ,

1060 3942 1084 3990 in
1099 3942 1188 4004 quibus
1199 3942 1241 4005 qui
1256 3943 1348 4005 primus
1367 3942 1484 4004 ternplum
1500 3941 1634 4006 ingreditur
1644 3940 1755 3992 victorie
1770 3952 1833 4004 prse-

1061 4033 1137 4081 mium
1162 4032 1257 4096 accipit.
1291 4031 1336 4081 llic
1360 4034 1444 4080 autem
1468 4044 1556 4081 cursus
1571 4032 1654 4080 Δίπαια
1680 4033 1706 4080 et
1728 4029 1832 4080 veneis

1062 4120 1204 4183 appellatur,
1228 4127 1253 4169 ct
1274 4120 1362 4169 horum
1383 4120 1510 4170 amborum
1536 4122 1627 4170 statuae
1646 4120 1740 4170 extant.
1774 4117 1834 4169 lude

1060 4223 1119 4258 reso
1133 4222 1177 4271 per
1200 4211 1275 4259 aliurn
1301 4209 1443 4272 navigantes
1459 4210 1490 4257 ad
1516 4207 1652 4258 Leucadem
1673 4204 1831 4272 appulerunt,

1059 4311 1132 4359 quem
1144 4298 1223 4350 iocum
1238 4305 1374 4347 Acarnanes
1388 4299 1463 4346 etiam
1477 4300 1531 4346 tum
1541 4295 1663 4346 tenebant.
1696 4298 1776 4360 Atque
1789 4294 1832 4345 hic

1059 4399 1158 4448 quoque
1171 4384 1258 4434 Veneri
1273 4385 1297 4433 id
1312 4385 1427 4450 templum
1443 4388 1625 4446 exstruxerunt,
1640 4383 1706 4447 quod
1717 4397 1782 4434 nunc
1792 4388 1831 4435 esi

1061 4477 1085 4525 in
1112 4490 1188 4540 parra
1206 4475 1294 4532 insula,
1316 4490 1372 4537 quae
1394 4480 1432 4526 est
1455 4477 1517 4525 inter
1538 4477 1679 4538 Dioryetum
1703 4477 1729 4525 et
1745 4473 1832 4525 urbem

1058 4564 1150 4628 ipsam,
1166 4569 1191 4613 et
1219 4564 1320 4614 veneris
1339 4565 1453 4616 AEncadis
1474 4563 1547 4613 aedes
1562 4567 1674 4613 roratur.
1708 4563 1772 4613 cum
1786 4575 1831 4610 au·

1059 4656 1108 4702 tem
1128 4652 1185 4702 hine
1202 4652 1371 4702 discessissent
1385 4657 1410 4703 et
1426 4650 1522 4702 Actium
1537 4648 1696 4713 appulissent,
1713 4646 1746 4696 ad
1763 4647 1832 4696 sinus

1059 4743 1182 4792 Ambracii
1212 4743 1404 4804 promontorium
1433 4740 1562 4788 stationem
1594 4735 1741 4786 habuerunt.
1770 4734 1830 4784 lndc

1059 4831 1084 4881 in
1110 4831 1193 4880 urbem
1210 4829 1363 4879 Ambraciam
1387 4830 1515 4887 venerunt,
1535 4826 1559 4873 iu
1581 4838 1629 4888 qua
1642 4822 1759 4886 regnabat
1774 4829 1831 4870 Arn-

1059 4920 1120 4968 brax
1140 4919 1275 4967 Derameui
1290 4917 1366 4979 lilius,
1385 4915 1497 4966 llerculis
1517 4927 1592 4976 neptus
1609 4932 1616 4962 :
1633 4916 1659 4962 et
1678 4916 1783 4974 utroque
1805 4909 1830 4959 in

1059 5007 1112 5056 icco
1134 5005 1209 5055 huius
1230 5006 1348 5055 arlrenlus
1368 5003 1611 5065 vestigiaaremaneut
1632 5019 1638 5048 z
1655 4999 1719 5049 Actii
1729 4997 1829 5063 quidem

1060 5095 1161 5144 t'eneris
1174 5094 1287 5144 AEneadis
1309 5093 1441 5157 templum,
1455 5091 1480 5140 et
1492 5101 1568 5153 prope
1587 5087 1635 5138 hoc
1645 5087 1762 5139 alterum
1776 5089 1828 5136 bla-

1059 5196 1161 5246 guorum
1174 5182 1291 5243 deinum,
1312 5194 1367 5244 quae
1393 5178 1547 5229 nuncetiam
1566 5180 1640 5227 aetate
1659 5188 1713 5226 mea
1724 5177 1830 5226 extante
