3772 5828
654 352 949 429 ANTIQUITATUM
970 353 1119 420 ROMAN.
1140 357 1213 419 ula.
1234 360 1287 419 xl.

172 489 285 546 πολιτῶν
304 484 367 564 πρδς
385 483 444 552 τούς
467 485 687 565 ἐπιφανεστάτους
712 487 757 547 καί
784 486 949 555 τελευταίους

173 573 338 654 κρινομένους
360 570 481 644 ἔσεσθαι,
507 572 699 652 συντονωτέρας
722 572 802 642 οὐσας
825 575 869 632 ἐπὶ
897 577 951 642 τοῖς

172 664 307 743 προτέροις
323 663 439 740 ἀγῶσιν,
463 660 478 720 θ
492 660 619 728 πολλάκις
634 663 685 734 ήδη
702 662 812 734 συνέόη.
855 666 951 724 Ταῦτα

175 751 379 830 βουλευσάμενοι
403 750 530 831 συνέσχον
556 749 616 816 τούς
640 749 750 831 ἀνδρας,
780 750 891 811 Ἀππίου
923 751 951 812 δέ

132 855 145 891 ⁵
173 841 327 921 Οὐεργίνιον
343 836 437 907 ἔταξαν
453 838 515 897 ἀνευ
530 838 629 918 κλήρου
642 839 808 919 κατηγορεῖν.
851 841 951 920 Εἰσαγ·

173 927 294 1007 γέλλεται
308 928 340 998 δὴ
362 925 429 1004 μετά
445 932 521 986 τοῦτο
538 927 574 992 εἰς
593 926 638 986 τὸν
654 928 738 1004 δῆμον
755 927 883 1002 Ἄππιος,
899 928 951 989 ὐπδ

173 1023 219 1076 τοῦ
233 1013 386 1095 Οὐεργινίου
406 1014 595 1094 κατηγορηθείς
610 1015 654 1076 ἐπὶ
671 1021 718 1088 τῆς
733 1018 891 1089 ἐκκλησίας,
904 1019 950 1079 καί

175 1108 286 1164 αἰτεῖται
308 1103 400 1185 χρόνον
428 1105 464 1171 εἰς
491 1103 646 1182 ἀπολογίαν.
704 1104 843 1186 ’ἀπαχθεὶς
869 1105 892 1166 δ’
915 1111 952 1177 είς

173 1194 203 1253 τδ
229 1192 423 1272 δεσμωτήριον,
445 1192 488 1252 ίνα
509 1191 675 1274 φυλάττηται
698 1194 778 1274 μέχρι
809 1194 896 1266 δίκης·
921 1198 951 1256 οὐ

122 1300 147 1338 ιιι
173 1282 225 1363 γὰρ
247 1283 322 1354 ε’δόθη
341 1281 464 1360 ἰγγύησις
483 1284 557 1362 αὐτῷ
571 1280 634 1362 πρὶν
658 1284 797 1354 ἐπιστῆναι
815 1283 863 1357 τὴν
884 1286 951 1346 ἀπα·

173 1372 323 1451 δειχθεῖσαν
334 1371 438 1449 ἡμέραν
453 1377 500 1443 τῆς
515 1371 634 1450 κρίσεως·
652 1373 678 1430 ἰν
692 1380 745 1438 τοῖς
757 1373 862 1447 δεσμοῖς
879 1378 951 1433 ἀπο-

173 1459 292 1533 θνήσκει,
315 1463 350 1526 ὡς
365 1458 413 1538 μὲν
434 1465 451 1531 ῆ
468 1463 519 1520 τῶν
533 1461 639 1519 πολλῶν
656 1460 786 1540 ὑπόληψις
799 1454 831 1531 ἦν
846 1461 871 1529 ἐξ
891 1464 949 1521 ἐπι·

172 1552 254 1625 ταγῆς
269 1551 320 1606 τῶν
340 1548 495 1628 δημάρχων·
511 1551 546 1616 ὡς
568 1548 596 1607 δέ
610 1549 635 1606 σί
648 1547 696 1619 τὴν
711 1549 798 1607 αἰτίαν
817 1548 951 1611 ἀπολύσα-

173 1641 232 1694 σθαι
254 1635 405 1713 βουλόμενοι
429 1634 598 1715 διεφήμιζον,
619 1635 697 1702 αὐτὸς
722 1636 813 1696 ἑαυτὸν
833 1639 949 1716 ἀναρτη·

122 1737 145 1775 ¹⁶
174 1724 286 1800 σάμενος
312 1724 410 1804 βρόχῳ.
462 1725 528 1783 Μετ’
552 1723 648 1783 ἐκεῖνον
677 1724 790 1803 Σπόριος
814 1723 948 1798 Ὀππιος,

173 1814 303 1891 εἰσαχθεὶς
326 1816 362 1878 εἰς
379 1812 423 1871 τδν
449 1814 532 1884 δῆμον
559 1813 602 1894 ὐφ’
618 1812 707 1890 ἐτέρου
731 1815 784 1871 τῶν
804 1813 950 1894 δημάρχων

175 1903 295 1963 Ποπλίου
307 1901 473 1982 Νομιτωρίου
484 1944 492 1973 ,
503 1902 548 1959 καὶ
562 1899 648 1981 τυχὼν
664 1900 818 1979 αἰτιολογίας,
833 1903 952 1970 ἀπάσαις

175 1989 311 2050 ἁλίσκεται
325 1998 382 2057 ταῖς
393 1989 503 2072 ψήφοις,
518 1989 564 2049 καί
579 1991 736 2069 παραδοθεὶς
752 1993 789 2056 εἰς
804 1990 834 2049 τὸ
849 1993 951 2067 δεσμω-

174 2077 281 2158 τήριον,
297 2078 444 2158 αὐθημερόν
471 2080 641 2151 ἀποθνήσκει.
686 2081 721 2139 Οἱ
746 2078 773 2139 δὲ
798 2079 884 2138 λοιποί
898 2084 951 2139 τῶν

120 2184 147 2223 ao
174 2166 237 2226 δέκα
251 2169 313 2249 πρίν
336 2169 536 2246 εἰσαγγελθῆναι
562 2176 656 2249 φυγαῖς
671 2166 764 2233 αθτοθς
788 2168 948 2243 ἐζημίωσαν.

172 2256 227 2324 Τδις
241 2257 268 2316 δέ
280 2256 370 2324 οὐσίας
385 2260 436 2317 τῶν
452 2256 625 2337 ἀνῃρημένων
640 2257 686 2315 καί
699 2261 750 2315 τῶν
764 2257 912 2337 φευγόντων
927 2259 952 2316 οί

171 2345 266 2422 ταμίαι
280 2351 326 2418 τῆς
341 2345 442 2412 πόλεως
464 2344 593 2403 ἀνέλαύον
608 2346 644 2410 εἰς
660 2343 689 2401 τὸ
703 2343 838 2418 δημόσιον.
884 2346 951 2404 Ete-

173 2435 329 2512 ἀγγέλλεται
344 2432 372 2493 δέ
384 2434 429 2492 καί
450 2433 561 2512 Μάρκος
577 2432 725 2505 Κλαύδιος,
736 2436 750 2490 ό
761 2434 808 2504 τήν
824 2432 951 2512 παρθένον

172 2522 360 2599 ἐπιύαλόμενος
385 2527 419 2589 dae
434 2523 529 2593 δούλην
544 2522 654 2600 ἀπάγειν
673 2523 724 2580 ὑπὸ
740 2528 785 2580 τοῦ
803 2527 953 2603 μνηστῆρος

120 2628 146 2665 aa
174 2614 254 2681 αὐτῆς
266 2611 387 2671 Ἰκιλίου·
408 2610 453 2669 καί
478 2610 526 2682 τήν
552 2612 638 2670 αἰτίαν
665 2612 702 2676 εἰς
723 2610 767 2669 τδν
794 2611 951 2680 ἐπιτάξαντα

173 2703 337 2782 παρανομεῖν
359 2698 471 2761 Ἄππιον
494 2700 628 2780 ἀναφέρων
650 2700 761 2760 θανάτου
779 2697 826 2776 μέν
843 2701 954 2761 ἀπολύε·

172 2813 234 2861 ται,
258 2794 328 2869 φυγῇ
350 2788 377 2848 δέ
393 2788 476 2871 ἀϊδίῳ
491 2778 650 2864 ζημιοῦται,
672 2793 725 2847 τῶν
743 2789 770 2846 δέ
789 2788 876 2847 ἀλλων
899 2794 951 2848 τῶν

173 2877 396 2957 ὑπηρετησάντων
415 2902 441 2938 τι
451 2880 605 2957 παράνομον
621 2880 673 2946 τοῖς
694 2876 850 2959 ὐλιγάρχαες
870 2880 953 2949 οὐδεὶς

173 2964 249 3046 ἔσχεν
261 2969 351 3046 ἀγῶνα
363 2968 501 3044 δημόσιον,
513 2967 581 3026 ἀλλά
594 2975 674 3025 πᾶσιν
685 2966 759 3026 ἀδεια
773 2968 859 3040 ἐδόθη.
879 2967 913 3029 ‘0
924 2967 951 3028 δέ

120 3072 145 3112 oo
172 3061 249 3115 τοῦτο
267 3057 297 3116 τὸ
312 3056 460 3135 πολίτευμα
477 3057 685 3132 εἰσηγησάμενος
698 3047 730 3127 ἦν
747 3057 856 3134 Μάρκος
868 3057 951 3118 Διέλ-

172 3147 253 3212 λιοςδ
276 3147 427 3227 δήμαρχος,
452 3141 605 3225 ἀχθομένων
629 3145 681 3217 ἥδη
696 3149 749 3204 τῶν
764 3147 883 3221 πολλῶν,
903 3147 950 3207 καί

172 3240 223 3294 τῶν
245 3235 401 3312 πολεμίων.
419 3284 425 3295 ,
443 3280 450 3295 .
473 3285 480 3300 ,
498 3280 506 3297 .
522 3235 643 3312 γενέσθαι
658 3234 874 3314 προσδοκώντων.

213 3324 328 3384 Llel.
351 3320 430 3383 Ἐπεί
441 3323 468 3381 δέ
484 3324 511 3380 αί
527 3322 596 3381 καεά
610 3321 686 3379 πολιν
700 3322 847 3381 ἐπαύσαντο
871 3346 951 3402 ταρα·

173 3413 234 3492 χαὶ,
253 3411 441 3488 συναγαγόντες
455 3409 503 3481 τήν
527 3408 623 3489 βουλὴν
642 3413 666 3468 oi
687 3408 780 3469 ὕπατοι
805 3410 890 3487 δόγμα
905 3436 950 3470 κυ·

121 3513 147 3551 ³⁵
177 3508 261 3579 ροῧσιν
286 3499 384 3576 ἐξάγειν
398 3500 442 3559 τὸν
466 3499 577 3578 στρατὸν
597 3498 641 3557 ἐπί
665 3497 724 3565 τούς
745 3500 885 3576 πολεμίους
907 3499 951 3561 δεδι

174 3588 284 3666 ταχέων.
327 3585 556 3665 ’ίίπικυρόιταντος
580 3588 606 3647 δὲ
629 3592 675 3646 τοῦ
708 3586 791 3662 δήμου
815 3587 848 3645 τά
872 3589 952 3670 ψηφι-

175 3675 268 3735 σθέντα
283 3674 334 3733 θπδ
349 3680 394 3746 τῆς
411 3676 521 3755 βουλῆς,
545 3675 689 3752 Οὐαλέριος
706 3675 769 3751 μὲν,
788 3674 877 3756 ἅτερος
899 3680 951 3735 τῶν

174 3765 289 3837 ὑπάτων,
309 3763 356 3835 τῆν
391 3763 513 3840 ἡμίσειαν
538 3763 606 3845 ἔχων
629 3770 674 3825 τοιῖ
695 3772 807 3845 στρατοῦ
838 3773 949 3846 μοῖραν,

175 3853 264 3930 ἐξῆγεν
285 3852 328 3910 tet
341 3875 371 3910 τε
396 3852 526 3920 Αἰκανούς
543 3853 588 3911 καὶ
610 3851 813 3920 Οὐολούσκους·
838 3854 950 3924 συνῆλθε

122 3963 147 4002 ιιι
176 3943 226 4022 γάρ
242 3940 378 4022 ἀμφότερα
394 3942 427 4000 τδι
440 3941 510 4014 ἐθνη.
563 3940 755 4018 Ἐπιστάμενος
771 3940 798 4000 δέ
822 3940 880 4010 τοθς
899 3945 950 4004 Αἰ-

175 4028 268 4096 κανούς
292 4032 322 4088 ἐκ
349 4033 400 4088 τῶν
431 4029 566 4109 προτέρων
591 4030 803 4108 κατορθωμάτων
842 4028 955 4110 αύχημα

173 4119 381 4202 προσειληφότας
413 4120 458 4179 καί
484 4121 518 4185 εἰς
550 4117 650 4188 πολλὴν
684 4119 877 4200 καταφρόνησιν
906 4123 952 4191 τῆς

173 4208 317 4285 Ῥωμαίων
330 4206 465 4282 δυνάμεως
478 4210 648 4287 ἐπαρθέντας,
663 4206 701 4267 ίτι
716 4210 817 4283 μᾶλλον
830 4207 952 4268 ἐόούλετο

173 4303 270 4378 ἐπᾶραι
296 4298 341 4357 καί
361 4297 534 4378 θρασυτέρους
559 4301 684 4370 ποιῆσαι,
708 4297 783 4367 δόξαν
798 4300 845 4358 οὐκ
865 4303 951 4372 ἀληθῆ

121 4419 147 4457 45
173 4385 335 4468 παρασχὼν,
349 4390 384 4453 ὡς
399 4388 522 4466 ὀρρωδῶν
537 4389 574 4456 είς
587 4395 677 4466 χεῖρας
690 4385 756 4447 ίέναι
767 4387 833 4467 πρὸς
846 4386 949 4461 αὐτούς,

174 4478 218 4533 καὶ
233 4478 321 4535 πάντα
331 4476 442 4543 δεδιότος
457 4477 549 4536 ἐποίει.
596 4475 699 4555 Χωρίον
709 4499 738 4534 τε
752 4474 803 4554 γάρ
818 4478 854 4543 εἰς
870 4498 952 4554 στρα-

174 4564 308 4624 τοπεδείαν
322 4565 422 4648 ὑψηλὸν
437 4564 483 4624 καὶ
498 4565 672 4645 δυσπρόσιτον
688 4562 836 4634 ἐξελέξατο,
853 4563 950 4645 τάφρον

112 4656 116 4663 “
174 4675 201 4709 τε
220 4657 327 4730 βαθεῖαν
339 4654 530 4735 περιεάάλετο,
552 4655 598 4714 καί
619 4655 742 4733 χάρακας
758 4653 859 4733 ήγιιρεν
881 4656 952 4735 ύψη·

173 4740 240 4805 late.
281 4744 511 4822 Προκαλουμένων
535 4741 563 4803 δέ
586 4747 638 4801 τῶν
661 4740 794 4818 πολεμίοιν
813 4742 890 4802 αὐτδν
916 4746 952 4810 εἰς

120 4860 147 4897 50
175 4828 265 4907 μάχην
290 4832 431 4904 πολλάκις,
459 4834 504 4893 καί
528 4832 687 4900 κακιζόντων
714 4829 764 4901 τὴν
791 4830 952 4909 ἀνανδρίαν,

173 4918 293 4996 ἠνείχετο
307 4919 391 4993 μένων
403 4919 442 4999 ἐφ’
456 4923 581 5001 ἡσυχίας.
614 4919 692 4981 Ἐπεὶ
706 4917 728 4978 δ’
742 4917 810 4996 ίγνω
825 4920 872 4991 τήν
887 4940 952 4997 κρα-

173 5008 265 5080 τίστην
279 5011 333 5066 τῶν
347 5009 480 5083 πολεμίων
495 5010 605 5086 δύναμιν
621 5010 665 5068 ἐπί
679 5004 813 5086 προνομήν
826 5013 874 5078 τῆς
889 5007 951 5087 Ἑρ·

173 5097 251 5156 νίκων
265 5121 293 5156 τε
309 5096 354 5154 καὶ
370 5096 491 5156 Λατίνων
511 5102 559 5174 γῆς
579 5097 781 5169 ἐξεληλυθυῖαν,
812 5099 838 5155 ἐν
864 5096 892 5156 δῖ
912 5099 951 5175 τῷ

174 5188 272 5265 χάρακι
296 5181 415 5266 φυλακήν
440 5182 498 5242 οὔτε
521 5184 622 5256 πολλὴν
642 5183 870 5261 καταλειπομένην
890 5183 950 5245 οὐτε
977 5208 981 5231 ·

1722 363 1784 423 675

1006 499 1140 549 certamine
1153 502 1220 552 esset
1240 497 1429 550 vehementiora
1450 498 1518 562 quad
1531 499 1583 562 iam
1597 513 1662 564 scope
1683 500 1783 552 accidit.

1006 592 1059 641 Hoc
1076 591 1151 654 igitur
1173 592 1275 643 oonsilio
1295 596 1382 653 capto,
1404 592 1510 642 ceteros
1530 592 1720 645 cohibuerunt:
1740 592 1784 643 sod

1005 686 1114 751 virginio
1128 687 1285 751 mandarunt,
1309 694 1338 738 ut
1352 688 1424 738 extra
1439 692 1533 739 sortem
1554 688 1661 753 Appium
1679 702 1783 740 accusa·

1006 786 1079 834 seret.
1113 785 1174 835 Post
1191 785 1246 835 haec
1260 784 1338 847 lgltur
1349 784 1453 849 Appius,
1475 783 1500 834 iu
1512 784 1629 837 concione
1649 798 1664 835 ε
1678 784 1785 847 virginio

1005 880 1153 942 accusatas,
1162 879 1194 929 ad
1208 879 1326 943 populum
1336 877 1433 928 delatus
1444 881 1493 940 εει,
1509 882 1657 943 tempusque
1670 879 1702 929 ad
1712 891 1784 928 caus-

1007 983 1059 1018 sam
1072 970 1202 1021 dicendam
1215 970 1293 1034 petiit.
1309 968 1437 1021 abductus
1460 973 1547 1021 autem
1567 971 1593 1021 lu
1610 984 1743 1032 carcerem,
1756 973 1787 1020 ut

1005 1078 1085 1128 usque
1107 1064 1138 1115 ad
1157 1063 1243 1129 judicii
1263 1063 1330 1113 diem
1349 1066 1606 1129 seruaretur,(ueque
1623 1064 1689 1115 euim
1710 1063 1788 1114 vados

1005 1155 1080 1206 dandi
1092 1159 1202 1220 potestas
1211 1156 1233 1204 ei
1249 1159 1288 1206 est
1302 1156 1382 1219 lactu)
1398 1159 1531 1220 antequam
1542 1156 1787 1221 dicsiudlciodosti·

1006 1253 1064 1299 uata
1080 1249 1188 1300 venisset
1198 1251 1238 1312 ‚·is
1249 1248 1356 1299 uinculis
1374 1249 1443 1308 obiit,
1455 1250 1541 1314 idque,
1557 1253 1584 1301 ut
1595 1251 1730 1301 multorum
1741 1248 1788 1299 luit

1008 1323 1126 1407 suspicio,
1143 1342 1298 1392 tribunoruin
1317 1343 1402 1406 jussu;
1425 1344 1454 1391 ut
1473 1328 1531 1391 uero
1553 1328 1728 1404 divulgarunt,
1743 1342 1786 1405 qui

1006 1434 1099 1485 cumea
1113 1435 1174 1485 illud
1192 1435 1287 1485 diluere
1304 1434 1428 1495 volebant,
1441 1434 1493 1498 ipse
1511 1435 1598 1498 laqueo
1608 1448 1636 1485 se
1649 1434 1786 1498 suspeude-

1008 1530 1053 1577 rat.
1088 1530 1147 1577 Posi
1174 1527 1243 1577 illurn
1263 1531 1304 1591 Sp.
1336 1528 1431 1593 Oppius
1455 1528 1487 1578 all
1507 1528 1589 1592 populi
1608 1526 1729 1590 judicium
1749 1533 1787 1579 εει

1007 1614 1147 1676 ductus,ab
1160 1617 1208 1666 alio
1218 1616 1317 1667 tribuno
1331 1618 1409 1682 plebis
1423 1621 1450 1667 Ρ.
1462 1618 1610 1675 Numitorio,
1621 1623 1646 1669 et
1658 1618 1788 1683 impetrata

1007 1718 1101 1757 caussa
1120 1706 1230 1757 diceudae
1245 1712 1377 1772 potestate,
1394 1710 1510 1761 omuibus
1523 1711 1789 1773 sutfragiisdamuatus

1007 1813 1060 1871 est;
1098 1802 1124 1848 et
1138 1800 1162 1850 iu
1183 1801 1281 1851 uincula
1298 1804 1438 1866 conjectus,
1462 1803 1550 1854 codem
1563 1804 1604 1856 die
1623 1808 1736 1855 mortuas
1750 1807 1789 1855 est
1836 1784 1839 1791 ⁵

1007 1905 1039 1953 Al
1065 1898 1202 1962 reliquiae
1229 1896 1424 1945 decemvirorum
1448 1910 1567 1960 numero,
1584 1902 1717 1960 antequam
1735 1897 1788 1948 dies

1009 1992 1070 2058 ipsis
1082 1992 1214 2052 diceretur,
1231 2003 1257 2039 se
1272 1987 1320 2053 ipsi
1329 1990 1414 2039 exsilio
1426 1990 1585 2039 mulctarunt.
1614 1992 1786 2057 Bouaautem,

1012 2089 1065 2135 tura
1075 2084 1270 2142 interemtorum,
1285 2085 1339 2132 tum
1354 2082 1525 2146 profugorum,
1547 2058 1788 2147 questores'urbant

1009 2181 1170 2242 occuparunt,
1185 2179 1211 2226 et
1222 2178 1351 2241 pecuniam
1362 2190 1392 2227 ex
1402 2176 1498 2226 illorum
1513 2176 1653 2227 venditione
1664 2176 1789 2228 redactam

1008 2269 1033 2319 in
1046 2267 1160 2317 ararium
1180 2264 1324 2316 intulerunt.
1360 2265 1418 2315 Dies
1439 2279 1539 2329 quoque
1558 2269 1592 2316 ll.
1615 2266 1729 2328 claudio,
1745 2265 1789 2331 qui

1012 2357 1140 2421 virginem,
1161 2359 1190 2406 ut
1204 2368 1311 2416 servam,
1338 2353 1462 2404 abducere
1482 2369 1542 2405 usus
1560 2356 1656 2416 luerat,
1675 2355 1708 2405 ab
1720 2356 1789 2406 lollio

1011 2447 1066 2511 ejus
1081 2458 1172 2510 sponso
1192 2443 1266 2494 dicta.
1299 2446 1380 2506 atque
1402 2443 1458 2507 ille,
1475 2458 1551 2507 quum
1571 2445 1670 2508 cuipam
1689 2446 1790 2509 rejicere

1011 2537 1036 2586 ia
1060 2535 1175 2598 Appium,
1189 2548 1204 2583 a
1218 2544 1308 2596 quoae
1329 2529 1444 2594 injuriam
1461 2531 1526 2582 illam
1547 2533 1624 2583 lacere
1639 2535 1737 2596 jussum
1747 2533 1789 2584 di·

1011 2626 1098 2683 cebet,
1117 2622 1213 2687 capitati
1235 2622 1355 2686 supplicio
1383 2624 1422 2672 est
1442 2621 1559 2671 liberatus
1580 2621 1648 2671 :sed
1670 2626 1789 2686 perpetuo

1011 2713 1098 2764 exsilio
1120 2710 1314 2761 estruuletalus.
1350 2713 1386 2758 Ex
1409 2709 1506 2759 caeteris
1526 2723 1602 2771 uero,
1625 2709 1788 2775 quialiqaaua

1012 2803 1119 2866 iniquam
1139 2811 1239 2861 operam
1253 2796 1400 2847 decemviris
1417 2801 1547 2858 navarent,
1566 2796 1648 2846 nullus
1663 2796 1788 2861 publicum

1009 2889 1131 2955 judiciam
1150 2886 1239 2947 subiit,
1255 2885 1299 2935 sed
1312 2884 1426 2934 omnibus
1446 2884 1578 2949 impunitas
1598 2885 1665 2935 dala.
1712 2886 1788 2936 lotias

1011 2981 1095 3028 autem
1108 2973 1202 3024 consilii
1226 2977 1312 3023 auctor
1325 2972 1374 3023 luit
1383 2974 1416 3022 ll.
1431 2972 1549 3031 Duellius,
1571 2971 1788 3038 tribunusplebis,

1012 3064 1108 3116 civibus
1118 3064 1170 3126 iura
1191 3062 1292 3110 moleste
1301 3072 1358 3109 eam
1372 3072 1428 3109 rem
1445 3059 1590 3117 terentibus,
1607 3063 1633 3110 et
1646 3060 1746 3113 taudem
1760 3074 1789 3112 se

1010 3167 1111 3222 quoque
1119 3167 1164 3219 pro
1176 3151 1289 3202 hostibus
1298 3150 1409 3200 hobitum
1422 3148 1453 3199 iri
1464 3149 1615 3213 putantibus.

1040 3351 1135 3402 xtvlt.
1154 3347 1251 3398 sedatis
1273 3350 1357 3396 autem
1376 3346 1477 3396 urbanis
1496 3346 1658 3407 tumultibus,
1678 3349 1788 3397 senatus·
1851 3376 1856 3385 -

1010 3444 1150 3499 coasultum
1168 3442 1294 3501 iecerunt,
1313 3441 1381 3505 quod
1403 3441 1505 3503 jubebat
1528 3455 1604 3506 quam
1625 3442 1751 3491 celerrime
1763 3442 1788 3492 iu

1010 3538 1239 3595 beateaeaercitum
1249 3537 1328 3587 educi.
1356 3539 1532 3594 Quumaalem
1548 3538 1788 3589 senatusconsultum

1016 3637 1145 3708 plebiscito
1166 3632 1339 3683 coafinrralum
1354 3631 1448 3693 luisset,
1465 3633 1588 3695 Valerius,
1615 3634 1677 3684 alter
1693 3636 1787 3698 consul,

1010 3756 1066 3793 cum
1085 3732 1189 3786 dimidia
1199 3731 1324 3794 copiarum
1338 3734 1408 3796 parte
1427 3732 1555 3798 proiectus
1567 3736 1605 3783 est
1618 3733 1644 3783 in
1661 3736 1788 3797 AEquoset

1008 3841 1120 3892 Volscos.
1155 3836 1201 3883 Ηει
1213 3830 1278 3882 cuim
1288 3834 1373 3895 gentes
1385 3829 1412 3880 iu
1428 3845 1505 3880 uuum
1518 3837 1691 3883 couvenerant.
1704 3837 1788 3892 Quam

1008 3941 1092 3990 autem
1121 3931 1197 3981 sciret
1215 3931 1308 3993 AEquos
1327 3941 1357 3977 ex
1379 3927 1547 3991 superioribus
1560 3928 1668 3978 victoriis
1686 3928 1789 3992 spiritus

1010 4032 1155 4097 sumpsisse,
1168 4031 1193 4077 ει
1204 4040 1261 4076 cum
1271 4038 1360 4087 magna
1370 4027 1535 4076 Romanarum
1543 4027 1670 4091 copiarum
1679 4030 1787 4080 oontem-

1010 4132 1076 4183 tioae
1092 4130 1198 4187 νεπιενε,
1221 4138 1307 4176 eorum
1324 4125 1419 4175 ultimos
1427 4126 1506 4189 magis
1515 4125 1716 4187 etterrerolebat,
1732 4142 1786 4177 eos-

1008 4249 1056 4300 que
1070 4235 1215 4285 audaciores
1228 4230 1342 4290 reddere,
1351 4242 1399 4277 uon
1417 4242 1503 4276 reram
1510 4227 1650 4288 opinionem
1666 4226 1786 4291 praebcus,

1009 4333 1078 4395 quasi
1092 4346 1143 4392 praa
1158 4333 1225 4379 meta
1244 4340 1345 4376 marram
1364 4339 1421 4374 cum
1446 4323 1492 4373 illis
1504 4338 1633 4374 conserere
1649 4336 1697 4371 nou
1712 4322 1787 4371 aude·

1008 4430 1055 4487 ret,
1068 4427 1142 4488 atque
1157 4422 1239 4473 omnia
1255 4419 1365 4470 timeatis
1379 4420 1447 4482 sigua
1465 4418 1548 4468 dabat.
1583 4420 1644 4467 llam
1666 4419 1691 4464 et
1705 4414 1786 4465 locum

1009 4525 1097 4579 castris
1109 4524 1228 4592 ponendis
1253 4523 1363 4580 editum,
1381 4523 1406 4569 et
1423 4532 1523 4569 accessu
1542 4515 1668 4566 dil‘lreilem
1686 4512 1784 4576 delegit,

1007 4628 1032 4676 et
1054 4626 1144 4674 lossam
1173 4619 1320 4684 profundam
1341 4614 1516 4674 circumduxit,
1538 4613 1666 4675 altumque
1693 4607 1787 4657 vallum

1006 4723 1092 4774 erexit.
1127 4720 1246 4773 Hostibus
1262 4722 1414 4769 autemeam
1432 4716 1524 4780 saepius
1534 4712 1565 4762 ad
1576 4720 1681 4773 pugnam
1695 4718 1786 4768 proro-

1007 4821 1128 4879 cautibus,
1148 4819 1219 4880 eique
1234 4817 1356 4879 ignaviam
1374 4811 1596 4881 exprobrantibus,
1614 4805 1661 4853 luoc
1676 4801 1784 4865 periere-

1006 4910 1057 4968 bat,
1066 4911 1091 4958 ει
1100 4920 1126 4955 se
1138 4907 1221 4969 quiete
1232 4907 1381 4958 continebat.
1424 4906 1471 4955 Sed
1481 4904 1523 4953 ubi
1532 4898 1646 4963 coguovit
1659 4892 1787 4945 hostilium

1006 5003 1132 5066 copiarum
1142 4999 1375 5065 praestantissimam
1392 5001 1488 5063 partem
1500 4996 1533 5046 ad
1545 4993 1712 5060 populandum
1725 4991 1786 5041 ller-

1007 5097 1118 5147 nicorum
1138 5101 1163 5148 et
1184 5095 1327 5147 Latinorum
1350 5106 1436 5156 agrum
1461 5091 1607 5158 prolectam,
1620 5085 1787 5169 οιιαεεφιτθι

1007 5193 1150 5258 praesidium
1170 5207 1250 5257 neque
1280 5204 1397 5255 maguum
1425 5203 1505 5256 acque
1536 5188 1653 5307 firmina,

1647 5290 1658 5327 t
1698 5280 1731 5331 ·.·“·’“
