3772 5828
187 317 248 376 ste

192 476 204 497 ·
222 446 306 519 θείας,
321 444 380 503 οὔτε
393 441 492 525 φοόιρά
514 432 665 501 εἶναιδοκεῖ
678 439 737 500 οὔτε
747 440 817 499 πάνυ
834 439 959 499 κατεπεί-

193 558 316 613 ιγωτα,
332 535 387 598 πῶς
401 532 453 611 χρλ,
477 533 530 596 τοῖς
554 530 704 608 συμμάχοις
728 530 917 608 ἐπικουρῆσαι,
942 528 960 600 ἢ

191 651 204 676 ι
221 624 281 680 καθ’
303 620 330 678 όν
346 643 405 679 τινα
417 618 513 697 τρόπον
527 616 585 682 τοὺς
605 618 747 693 πολεμίως
766 616 961 693 ἀμύνασθαι·δ

191 740 203 763 ι
221 710 315 769 δίούτε
335 707 449 785 μέγιστα
463 710 515 765 τῶν
532 708 621 766 κακῶν
639 705 786 782 νομίζωσιν
803 703 857 764 οὔτ’
878 709 961 785 ἀναγ·

191 799 281 857 mia
300 800 326 856 ίν
343 802 380 874 τῷ
400 797 529 876 παρόντι,
557 795 667 875 ἀμελείᾳ
686 817 716 853 τι
739 792 806 852 atri
828 798 863 861 ὡς
888 795 961 853 οὐδὲν

189 916 202 941 ι
219 891 289 964 ἡμᾶς
306 887 441 969 βλάψοντα
462 885 622 966 παραδόντες
645 884 751 962 έχουσι,
770 888 853 942 ταῦτα
880 883 959 963 pode-

189 1003 202 1029 t
220 977 321 1057 ρι’ντεριί
346 1001 391 1054 μοι
421 976 554 1058 φαίνεται,
579 975 624 1033 καὶ
649 977 671 1032 εί
704 972 741 1044 μὴ
770 974 871 1053 ταχίως
894 972 962 1032 αύτδ

189 1093 202 1118 ι
221 1067 410 1142 ίπιστνίσομεν,
435 1065 548 1145 ἐσχάτης
574 1065 723 1143 ἀνατροπῆς
746 1063 790 1119 καὶ
809 1063 961 1142 συγχύσεως

189 1181 202 1207 ε
218 1161 272 1215 eaba
286 1162 378 1217 κοινῶν
388 1158 474 1230 αἴτια,
487 1156 503 1227 ό,
521 1178 550 1214 τε
568 1157 620 1212 τῶν
633 1155 755 1228 δημοτῶν
770 1154 889 1213 ἀπείθεια
910 1158 961 1211 τῶν

190 1271 203 1298 α
225 1248 274 1305 οὖκ
294 1248 433 1316 ἀξιούντων
453 1244 487 1303 τά
512 1245 703 1319 ἐπιταττόμενα
722 1244 774 1301 ὑπὸ
786 1246 839 1300 τῶν
854 1242 961 1300 ὑπάτων

190 1361 202 1385 ι
218 1335 359 1413 πράττειν,
378 1333 424 1393 καὶ
436 1336 510 1409 ἡμῶν
528 1334 645 1401 norme
661 1353 724 1407 προς
742 1330 772 1387 τὸ
785 1331 897 1400 ἀνήκοον
912 1330 963 1387 αὖ·

190 1450 204 1479 ι
218 1427 271 1482 τῶν
286 1424 331 1483 καὶ
347 1424 378 1484 τὸ
391 1422 567 1501 ἐλευθεριάζον
579 1420 739 1499 χαλεπότης.
757 1411 843 1496 Οἶμαι
864 1417 891 1477 δέ
910 1441 962 1495 μη-

189 1535 204 1567 ι
221 1513 264 1572 ab
278 1518 349 1590 ἡμᾶς
367 1512 418 1570 δεῖν
439 1514 465 1570 ἐν
480 1514 518 1590 τῷ
531 1510 642 1587 παρόντι
658 1508 782 1579 σκοπεῖν,
794 1511 817 1567 at
836 1507 873 1583 μὴ
890 1507 961 1572 dano<

188 1627 201 1653 ι
217 1599 411 1680 ἐξαιρεθήσεται
425 1602 499 1659 ταῦτ’
511 1600 542 1657 ἐκ
558 1601 606 1670 τῆς
616 1598 734 1673 πολεως,
744 1597 790 1655 καλ
803 1604 852 1677 μιᾷ
867 1595 962 1662 πάντες

187 1716 200 1741 ι
216 1687 309 1769 γνώμη
333 1689 367 1748 τδι
386 1688 460 1748 κοινὰ
484 1688 535 1768 πρὸ
554 1690 605 1745 τῶν
626 1686 698 1745 ίδίων
721 1685 870 1766 αἱρούμενοι
891 1685 964 1744 πολι-

191 1780 378 1856 ιτευαόμεθα.
422 1776 588 1852 Ὁμονοοδσα
610 1775 658 1854 μέν
677 1774 728 1855 γάρ
755 1778 772 1846 ἡ
795 1780 841 1845 τῆς
864 1775 964 1838 πολεως

187 1897 200 1924 ι
218 1867 327 1946 δύναμις
341 1866 420 1941 ἱκανὴ
434 1866 510 1926 ἔσται
528 1866 574 1924 καὶ
590 1864 673 1946 φίλοις
694 1864 840 1944 ἀσφάλειαν
860 1886 964 1942 παρασ-

188 1987 201 2011 v
217 1967 275 2039 χεῐν
292 1956 338 2016 καλ
359 1959 460 2037 ἐχθροῖς
482 1954 554 2025 δέος,
573 1954 749 2022 στασιάζουσα
768 1953 791 2011 δ’
808 1951 898 2031 ὥσπερ
917 1960 961 2013 νῦν

188 2076 200 2101 ι
218 2048 317 2108 τούτων
337 2047 470 2124 οὖδέτερον
490 2045 520 2102 ἀν
540 2042 644 2101 δύναιτο
666 2040 866 2120 διαπράξασθαι.
888 2043 964 2102 Onu·

190 2165 201 2191 ι
220 2138 338 2214 μόσαιμι
355 2137 379 2194 δ’
392 2133 424 2193 ἀν
440 2136 461 2193 εἰ
478 2131 514 2209 μὴ
535 2132 580 2191 καὶ
601 2131 698 2201 ἑαυτὴν
717 2129 901 2209 διεργάσαιτο,
917 2135 963 2189 καὶ

189 2226 353 2305 «παράσχοι
372 2229 426 2290 τοῖς
441 2225 543 2302 ίχθροίς
569 2221 632 2300 δίχα
647 2220 726 2278 πόνου
744 2220 774 2279 τδ
796 2222 904 2297 κράτος·
928 2221 961 2293 δ,

188 2342 200 2367 ι
218 2314 255 2389 μδ
269 2315 314 2371 τὀν
329 2313 378 2373 Δία
393 2308 511 2375 καὶτοὺς
526 2311 620 2375 ἀλλους
634 2307 723 2377 θεοὺς,
738 2311 784 2368 ούκ
803 2312 838 2375 είς
858 2310 963 2390 μακράν

188 2428 200 2452 ι
217 2400 306 2474 οἴομαι
326 2403 437 2457 τοιαῦτα
451 2397 661 2472 πολιτευομένων
676 2399 752 2471 ἡμῶν
770 2398 936 2473 γενήσεσθαι.
951 2426 963 2449 ν

225 2492 359 2552 xxxvl.
384 2517 396 2540 ν
413 2486 584 2567 Διῳκίσμεθα
604 2485 676 2565 γάρ,
691 2489 726 2551 ὡς
741 2490 835 2566 δρᾶτε,
851 2494 897 2546 καὶ
917 2488 964 2548 δύο

188 2606 201 2631 ιι
217 2578 305 2645 πόλεις
330 2578 444 2657 ἔχομεν,
462 2575 509 2646 την
530 2573 577 2650 μὲν
598 2574 661 2651 μίαν
686 2576 737 2635 ὑπὸ
763 2575 854 2642 πενίας
867 2600 897 2637 τε
918 2579 963 2638 καί

189 2697 201 2721 α
220 2670 337 2746 ἀνάγκης
354 2667 514 2747 ἀρχομένην,
536 2665 584 2734 τὴν
600 2664 624 2722 θ’
638 2666 776 2745 θπδκόρου
791 2668 836 2726 καὶ
852 2667 960 2745 θόρεως.

188 2785 201 2811 α
219 2759 306 2823 Αἰδὼς
321 2758 348 2815 δέ
359 2758 404 2814 καί
417 2756 515 2830 κόσμος
530 2753 576 2813 καὶ
596 2754 671 2827 δίκη,
691 2755 736 2835 ὑφ’
755 2746 792 2815 ὧν
809 2754 901 2815 ἅπασα
915 2780 963 2815 πο·

188 2873 201 2897 ι
218 2845 306 2916 λιτικά,
320 2845 441 2904 κοινωνία
453 2843 580 2913 σώζεται,
595 2846 660 2923 παρ’
674 2845 797 2924 οὐδετέρα
817 2845 887 2923 μένει
910 2850 962 2904 τῶν

187 2958 203 2989 ιι
217 2934 330 2995 πόλεων.
350 2934 493 3013 Ἰὀιγάρτοι
512 2932 580 3011 χειρὶ
596 2932 626 2990 τὸ
645 2933 746 2991 δίκαιον
761 2934 813 3006 ἤδη
830 2939 895 3014 παρ’
913 2941 961 2994 άλ-

131 3049 159 3090 20
190 3024 308 3094 «λε’,λων
334 3023 520 3098 λαμθάνομεν,
545 3018 595 3077 κάν
620 3022 658 3099 τῷ
682 3022 822 3101 βιαιοτέρῳ
858 3023 961 3099 τίθεμεν

188 3112 248 3171 ατὸ
263 3115 377 3184 δικαιον,
399 3111 488 3190 ὥσπερ
513 3107 548 3167 τά
573 3108 666 3187 θηρία,
687 3109 716 3167 τὸ
740 3110 883 3170 ἀντίπαλον
903 3111 959 3179 ἕξο-

189 3206 294 3263 ιλέσαι
319 3204 386 3280 μετὰ
407 3206 453 3260 τοῦ
475 3197 600 3281 σφετέρου
623 3201 706 3257 κακοῦ
732 3199 918 3278 βουληθέντες,
942 3203 959 3273 ἢ

189 3325 200 3347 a
223 3295 252 3352 τὸ
273 3298 375 3360 ἑαυτοῖς
398 3289 513 3371 ἀσφαλές
538 3286 712 3370 φυλάττοντες
738 3288 806 3364 μετδι
830 3294 875 3349 τοῦ
901 3292 960 3349 δια-

189 3415 201 3438 a
220 3385 299 3465 φόρου
316 3387 390 3462 κοινῗΙ
412 3382 553 3441 σεσῶσθαι.
567 3368 622 3437 Ὧν
650 3377 702 3457 ἐγὼ
719 3381 788 3455 ύμάς
813 3379 877 3450 ἀξιῶ
899 3384 962 3440 πολ·

132 3514 158 3551 :ta
188 3500 202 3529 ιι
218 3474 267 3544 λὴν
284 3474 407 3550 πρόνοιαν
422 3468 598 3539 ποιήσασθαι,
614 3468 711 3547 βουλὴν
726 3468 792 3547 ύπέρ
804 3469 888 3527 αὐτῶν
899 3466 962 3526 τού-

189 3594 201 3618 «
220 3590 271 3624 των
283 3562 456 3635 καθίσαντας,
470 3559 575 3617 ἐπειδάν
587 3559 737 3631 ἀπολύσητε
751 3557 798 3625 τδς
808 3557 960 3637 πρεσίείας.

190 3686 201 3707 a
218 3656 249 3715 Ἃ
266 3654 293 3712 δέ
309 3661 365 3718 ταῖς
388 3647 539 3728 spectetur<
555 3648 746 3728 ἀποκρίνασθαι
761 3650 787 3706 ἐν
801 3652 840 3724 τῷ
854 3649 964 3727 παρόντι

189 3744 356 3820 απαραινεῖν
381 3738 450 3817 ἔχω,
475 3736 550 3793 ταῦτ’
574 3742 656 3796 ἐστιν·
682 3735 771 3805 ἐπειδὴ
801 3739 964 3797 Οὐολοῦσκοι

190 3862 201 3885 a
221 3835 269 3908 μὲν
285 3834 441 3888 ἀπαιτοῦσιν
463 3825 586 3902 ·ί,μάς,ἀ
605 3826 695 3891 telon
709 3826 888 3905 κρατήσαντες
907 3825 965 3904 ἔχο·

133 3943 159 3979 ου
186 3947 280 3997 αμεν,
309 3919 354 3978 καὶ
389 3916 505 3991 πολεμον
549 3915 686 3972 ἀπειλοῦσι
718 3912 755 3988 μὴ
786 3914 963 3990 πειθομένοις,

189 4040 200 4062 «ι
219 4011 281 4067 τάδε
303 4010 436 4085 λέγοιμεν,
461 4005 502 4065 ότι
526 4002 657 4079 Ῥωμαῖοι
676 4003 818 4068 καλλίστας
844 4004 964 4078 ύπολαμ·

191 4127 202 4150 ι
223 4096 336 4169 θάνομεν
361 4099 465 4167 κτήσεις
486 4085 552 4151 εἶναι
573 4091 617 4148 καὶ
636 4091 817 4160 δικαιοτάτας,
833 4089 850 4146 ἀ
865 4089 896 4146 ἀν
914 4112 964 4147 κα-

191 4218 202 4239 a
222 4189 364 4262 τάτχιιιμεν
387 4184 504 4258 πολέμου
526 4179 651 4245 λαόόντες
676 4180 721 4238 καί
747 4177 834 4258 νόμιρ,
857 4178 903 4236 καὶ
920 4180 966 4237 ούκ

188 4309 198 4331 ι
220 4277 250 4336 ἀν
264 4271 454 4363 ὑπομείναιμεν
477 4271 565 4349 μωρία
583 4269 630 4339 τὴν
646 4268 741 4348 ἀρετὴν
763 4268 889 4349 ἀφανίσαι
915 4292 968 4327 πα·

134 4388 159 4423 ιι,
191 4364 342 4445 προιδόντες
363 4362 431 4418 αὐτὰ
453 4363 507 4427 τοῖς
532 4359 725 4417 ἀπολωλεκόσι·
748 4358 919 4428 κοινωνητέον
940 4379 967 4416 τε

190 4465 287 4514 «πᾶσι
313 4450 357 4511 καί
381 4453 434 4516 τοῖς
458 4453 488 4508 ἐκ
511 4448 609 4506 τούτοιν
642 4449 789 4525 γενομένοις
813 4450 968 4508 καταλιπεῖν

192 4578 202 4598 ,ι
222 4542 417 4618 ἀγωνιούμεθα·
430 4543 474 4596 νύν
486 4537 513 4595 δὲ
526 4538 697 4616 ὑπαρχόντων
711 4535 764 4609 ἤδη
777 4538 969 4617 στερησόμεθα,

192 4667 202 4687 a
221 4632 266 4693 καὶ
282 4628 388 4694 ἑαυτούς
409 4626 458 4685 όσα
483 4626 625 4698 πολεμίους
647 4626 795 4705 βλάψομεν.
848 4626 969 4685 Λατίνων

194 4753 204 4776 ι
224 4722 251 4782 δέ
274 4720 302 4778 τὸ
318 4715 409 4776 εὔνουν
432 4713 614 4777 ἐπαινέσαντες
629 4713 852 4786 ἀναθαρσύνωμεν
878 4714 907 4770 το
929 4715 969 4772 δε-

136 4822 163 4859 un
195 4835 209 4863 α
227 4811 296 4881 διὀς,
322 4812 357 4873 ὡς
376 4807 423 4863 οὐκ
441 4801 672 4882 ἐγκαταλείθοντες
692 4801 799 4869 αὐτούς,
825 4802 873 4862 ἕως
893 4801 925 4858 ἀν
941 4805 970 4861 τὸ

196 4919 209 4951 α
227 4899 319 4956 πιστόν
340 4895 507 4977 φυλάσσωσιν
525 4892 550 4949 ἓν
566 4889 649 4948 οὐδενί
672 4891 745 4966 δεινῷ
767 4888 918 4965 γενομένους
936 4892 969 4947 δι’

193 5007 205 5031 ι
222 4985 310 5053 ἡμᾶς,
328 4982 395 5040 ἀλλά
415 4982 526 5060 δύναμιν
549 4979 642 5048 ἱκανὴν
665 4976 773 5052 ἀμύνειν
795 4981 881 5043 αὐτοῖς
899 4979 968 5053 πέμ·

194 5091 204 5114 ·
221 5064 312 5140 *lmus
333 5067 362 5124 ού
381 5068 547 5151 διὰμακροῦ.
569 5064 678 5131 Ταύτας
693 5066 811 5139 ἡγοῦμαι
827 5066 969 5144 κρατίστας
985 5130 987 5134 Α

195 5149 447 5210 mmmm
516 5156 527 5179 ⁴
651 5154 703 5174 Η
779 5152 876 5173 ”

449 5178 496 5222 τας
513 5160 618 5214 ισισθαι
631 5176 677 5218 τας
688 5173 850 5229 αποκριοεις.
875 5156 970 5212 tinori-

708 308 876 370 nlollllsll
901 307 1283 373 bnnlonbbassbnsls

1012 466 1025 492 a
1041 461 1098 514 quea
1107 447 1149 497 alii
1160 448 1269 500 timenda
1279 453 1305 502 et
1317 450 1391 501 celeri
1408 450 1517 514 indigere
1530 453 1624 503 auxilio
1633 453 1798 516 existimant,

1016 555 1029 578 α
1044 549 1124 600 neque
1136 536 1245 589 timenda
1260 553 1340 604 neqm
1351 539 1424 591 rudo
1437 542 1548 605 urgentia
1558 542 1689 604 videntur,
1701 543 1801 596 scilicet

1016 645 1030 672 ι
1044 627 1118 678 modo
1130 628 1249 679 auxilium
1260 631 1335 680 sociis
1348 631 1380 681 sit
1391 631 1528 694 ferendum,
1542 636 1586 684 aot
1600 648 1708 696 quonam
1721 636 1801 686 modo

1018 717 1129 766 νόσοισι
1151 716 1282 780 repellendi
1304 739 1310 769 a
1331 734 1388 784 quae
1408 734 1468 770 vero
1492 734 1572 784 nequo
1598 723 1705 772 maxima
1732 725 1801 774 mata

1017 824 1030 849 ι
1044 805 1085 855 εΙῑί
1099 804 1252 868 existimant,
1266 821 1346 873 neque
1357 809 1381 858 in
1394 811 1509 872 presenti
1521 823 1605 859 rerum
1623 815 1692 861 statu
1704 826 1800 876 urgen-

1017 913 1029 937 ·
1047 896 1097 953 tia,
1108 899 1201 960 atquae
1212 896 1335 961 negligunt
1346 899 1418 961 quasi
1427 897 1521 947 nullum
1531 899 1647 949 damnum
1662 901 1735 950 nobis
1747 903 1801 952 sint

1018 1001 1031 1027 ι
1046 982 1158 1044 allatura,
1171 982 1227 1033 brec
1236 984 1297 1034 milri
1307 987 1384 1049 magis
1398 985 1567 1046 formidanda,
1584 991 1610 1036 et
1622 988 1668 1036 nisi
1683 990 1756 1039 ocius
1770 1003 1800 1040 ea

1017 1089 1031 1113 ι
1048 1073 1255 1134 repressnimus,
1273 1076 1411 1124 extremam
1445 1074 1597 1125 eversionem
1620 1080 1647 1126 et
1669 1079 1800 1129 confusio·

1018 1179 1031 1204 ι
1047 1173 1104 1211 nem
1120 1160 1260 1224 reipublicae
1279 1162 1384 1212 allatrna
1405 1163 1535 1224 videntur,
1558 1167 1687 1216 criminun
1709 1171 1799 1218 contu·

1018 1266 1030 1290 ο
1045 1247 1124 1297 macie
1144 1248 1223 1313 plebis
1238 1251 1375 1301 recusantis
1386 1251 1518 1302 consulum
1530 1252 1651 1316 imperata
1665 1253 1760 1316 facere,
1774 1259 1801 1304 el

1018 1356 1030 1379 a
1043 1341 1129 1387 nostra
1146 1337 1256 1401 ipsorum
1270 1340 1295 1389 in
1309 1341 1466 1391 refractarios
1481 1344 1507 1392 et
1524 1341 1626 1391 liberius
1640 1355 1667 1392 se
1687 1348 1801 1406 gerentes

1018 1445 1030 1469 ι
1045 1425 1179 1478 acerbitas.
1231 1430 1351 1480 Existimo
1373 1434 1454 1480 autem
1473 1430 1535 1481 nulli
1561 1431 1602 1481 alii
1626 1432 1661 1481 rei
1682 1433 1753 1482 nobis
1776 1435 1802 1483 in

1018 1531 1031 1556 ι
1047 1513 1178 1576 presentia
1199 1518 1250 1564 lam
1270 1530 1324 1565 esse
1338 1518 1536 1581 prospiciendum
1549 1534 1625 1582 quam
1638 1521 1709 1574 lruic.
1726 1526 1754 1570 ut
1769 1535 1802 1571 ex

1018 1619 1031 1646 ι
1047 1601 1110 1653 urbe
1133 1601 1188 1653 brac
1210 1604 1274 1654 mala
1298 1607 1434 1665 tollantur,
1458 1611 1483 1658 et
1504 1621 1590 1658 omnes
1613 1623 1663 1658 uno
1679 1623 1800 1658 consensu

1019 1708 1032 1733 ι
1045 1691 1175 1777 commoda
1189 1693 1285 1756 publica
1302 1694 1405 1759 privatis
1423 1698 1607 1759 anteponentes,
1622 1698 1799 1761 rempublicam

1019 1778 1256 1832 «administremus.
1276 1782 1302 1832 Si
1324 1786 1389 1833 enirn
1412 1785 1555 1849 reipublice
1574 1787 1641 1836 vires
1664 1786 1800 1836 concordes

1018 1887 1030 1911 ν
1046 1869 1155 1930 fuerint,
1174 1869 1245 1920 facile
1259 1872 1352 1934 poterit
1373 1876 1399 1923 et
1413 1874 1508 1924 amieos
1519 1874 1551 1924 ab
1564 1874 1638 1925 hoste
1651 1880 1719 1926 tutos
1740 1876 1800 1926 red·

1018 1976 1031 2001 a
1044 1957 1119 2017 dere,
1132 1959 1275 2010 etinimicis
1295 1968 1415 2012 terrorem
1434 1965 1543 2015 incutere
1562 1984 1569 2014 ι
1588 1964 1716 2016 discordes
1739 1980 1801 2017 rere

1017 2066 1030 2090 ι
1046 2046 1089 2110 (nt
1102 2049 1183 2110 nnnc)
1194 2046 1284 2098 horum
1294 2055 1412 2102 neutrum
1423 2053 1584 2117 prestabant.
1618 2054 1730 2104 Mirabar
1742 2068 1802 2106 vero

1018 2153 1031 2178 α
1045 2134 1093 2185 οἱοί
1113 2135 1168 2187 laec
1187 2136 1322 2189 discordia
1339 2142 1419 2203 ipsam
1446 2142 1621 2205 rempublicam
1640 2142 1756 2192 conficiat
1771 2159 1802 2193 ac

1017 2240 1032 2269 α
1045 2223 1146 2287 perdat,
1161 2227 1187 2276 et
1198 2227 1251 2277 sine
1260 2227 1311 2277 ullo
1323 2228 1406 2280 laboro
1420 2230 1531 2279 bosllbus
1547 2231 1674 2281 victoriam
1692 2232 1776 2280 tradat
1793 2248 1799 2275 ι

1018 2332 1032 2358 ι
1050 2312 1074 2362 ld
1087 2314 1153 2378 quod
1174 2328 1217 2379 per
1234 2318 1316 2367 lovem
1335 2322 1477 2380 ceterosque
1490 2317 1550 2368 deos
1562 2318 1632 2369 breri
1651 2323 1799 2369 eventurum

1019 2422 1032 2446 α
1048 2403 1156 2467 puto,ai
1172 2403 1207 2454 ita
1225 2406 1401 2468 rempublicam
1415 2407 1589 2458 administrare
1600 2408 1719 2471 pergulis.

1048 2493 1161 2542 xxxvl.
1178 2511 1190 2535 ν
1200 2491 1280 2543 Divisi
1289 2494 1354 2543 enim
1365 2508 1451 2544 snmus
1465 2497 1508 2559 (ut
1516 2495 1622 2561 videtis)
1634 2500 1661 2546 et
1672 2496 1736 2546 duas
1748 2497 1797 2546 ba-

1018 2604 1031 2628 ι
1049 2584 1139 2636 bernus
1150 2585 1265 2638 civitates
1276 2606 1283 2637 ε
1293 2601 1400 2652 quarum
1414 2590 1516 2639 allerarn
1531 2594 1665 2654 paupertas
1680 2594 1704 2640 ct
1719 2604 1802 2640 ueces-

1018 2699 1030 2721 «
1045 2679 1109 2729 sitas
1125 2684 1228 2743 regunt,
1243 2682 1348 2733 alteram
1360 2682 1511 2735 abundantia
1525 2689 1551 2734 et
1564 2685 1688 2749 snperbia.
1723 2684 1803 2755 Pudor

1017 2792 1030 2816 ι
1051 2788 1114 2825 rere
1129 2777 1155 2825 et
1178 2775 1300 2826 modestia
1314 2791 1343 2827 ae
1359 2777 1468 2838 institia,
1484 2778 1576 2841 quibus
1587 2778 1668 2828 omnis
1682 2778 1805 2827 cirilism

1018 2868 1126 2918 «cletas
1143 2873 1317 2930 consecratur,
1338 2870 1369 2919 ab
1387 2874 1489 2934 utraque
1510 2870 1632 2919 exsulant.
1666 2873 1716 2918 lam
1735 2870 1800 2918 enirn

1016 2976 1028 2997 ο
1044 2975 1088 3025 per
1109 2960 1159 3011 vim
1179 2962 1221 3011 alii
1243 2960 1276 3010 ab
1298 2961 1354 3010 aliis
1374 2962 1412 3010 ins
1431 2968 1542 3012 nostrum
1562 2961 1712 3025 repetimus,
1735 2966 1760 3010 et
1774 2964 1799 3012 in

1015 3074 1028 3098 ι
1045 3068 1145 3105 sumina
1159 3054 1274 3103 violentia
1293 3066 1418 3103 summum
1430 3054 1468 3102 ius
1481 3055 1608 3117 ponimus.
1622 3055 1743 3115 tanquam
1763 3055 1798 3104 fe·

1014 3167 1026 3190 a
1044 3161 1092 3205 ι·ω;
1116 3143 1295 3208 malumusque
1313 3144 1468 3194 adversarios
1483 3147 1568 3194 nostro
1587 3145 1654 3194 malo
1679 3146 1798 3210 perdere,

1014 3255 1027 3279 ο
1041 3253 1114 3303 qnam
1125 3242 1216 3288 nostrae
1230 3237 1392 3287 incolumitati
1406 3237 1564 3287 consulentes
1577 3237 1652 3288 simol
1664 3253 1723 3288 curn
1741 3241 1803 3304 ipsis

1020 3357 1032 3383 ι
1052 3333 1153 3387 serrari.
1187 3333 1282 3392 Quibus
1292 3332 1368 3382 rebus
1384 3337 1411 3382 nt
1423 3337 1540 3383 accurate
1554 3335 1725 3398 prospiciatis,
1743 3350 1801 3386 con·

1015 3430 1174 3483 «saltatione
1193 3430 1250 3493 post
1266 3426 1384 3478 dimissos
1407 3427 1502 3490 legales
1521 3426 1554 3476 de
1576 3427 1617 3478 bis
1638 3428 1804 3489 inslirula‚a

1016 3543 1029 3570 ιι
1045 3523 1115 3573 robis
1127 3526 1193 3587 peto.
1229 3523 1353 3585 Responsa
1363 3532 1434 3579 vero,
1455 3533 1512 3584 quos
1530 3518 1695 3583 legationibus
1704 3520 1728 3569 iu
1740 3535 1804 3583 praa·

1018 3636 1030 3660 ι
1047 3615 1126 3665 sentia
1139 3626 1228 3664 censeo
1239 3612 1339 3671 dunila,
1353 3611 1408 3661 hmo
1422 3615 1490 3661 sunt:
1505 3611 1709 3675 quandoquidem
1722 3610 1803 3662 Volsci

1020 3727 1032 3749 ιι
1047 3726 1062 3759 n
1077 3708 1147 3759 uoltis
1162 3712 1283 3771 repetunt
1295 3720 1339 3763 eu,
1354 3720 1412 3769 que
1421 3705 1530 3757 uictores
1545 3705 1621 3755 armis
1632 3706 1803 3769 quarsirimus,

1020 3822 1032 3844 r
1048 3807 1073 3853 et
1093 3801 1165 3852 nobis
1190 3801 1237 3851 nisi
1262 3801 1382 3864 imperata
1403 3800 1534 3851 fecerimus
1554 3800 1647 3851 bellum
1665 3801 1803 3864 minantur,

1022 3914 1032 3936 ι
1048 3895 1102 3945 lrrnc
1110 3894 1300 3956 respondeamus
1312 3911 1318 3942 :
1330 3906 1375 3943 nos
1384 3896 1507 3945 Romanos
1517 3893 1659 3944 existimare
1668 3906 1696 3943 ea
1709 3891 1800 3941 hones·

1021 4004 1032 4024 ι
1050 3983 1144 4032 tissime
1163 3985 1188 4031 et
1213 3981 1347 4032 iustissime
1376 3983 1482 4045 questa
1502 3995 1571 4042 esse,
1594 3996 1652 4045 qure
1672 3982 1724 4031 iare
1746 3979 1801 4030 belli

1021 4101 1034 4124 ι
1050 4080 1142 4130 fuerint
1158 4084 1243 4144 parta,
1264 4093 1344 4144 nequo
1365 4094 1475 4145 unquam
1493 4093 1538 4129 nos
1550 4093 1668 4143 passuros
1683 4083 1711 4129 nt
1725 4078 1802 4129 virtus

1021 4202 1033 4224 ι
1052 4180 1156 4231 stultitia
1169 4180 1288 4239 delentur,
1300 4180 1366 4243 quod
1386 4180 1457 4231 freret
1467 4182 1488 4230 si
1501 4193 1541 4231 res
1551 4184 1635 4244 parias
1648 4180 1803 4231 traderemus

1022 4301 1033 4323 ι
1050 4280 1092 4341 iis,
1106 4281 1147 4344 qni
1158 4294 1200 4331 ens
1209 4282 1360 4340 arrniscruut3
1372 4278 1416 4331 sed
1426 4295 1470 4331 nos
1483 4279 1585 4329 daturos
1599 4295 1700 4345 operam
1711 4282 1739 4328 nt
1748 4279 1803 4328 baec

1023 4400 1035 4424 «ι
1050 4380 1263 4430 communicemus
1279 4393 1336 4428 oum
1355 4379 1446 4429 nostris
1464 4379 1579 4428 omnibus
1593 4378 1712 4442 posteris,
1729 4381 1804 4440 atqrre

1024 4498 1035 4520 ι
1050 4477 1103 4528 liaeo
1118 4479 1177 4541 ipsis
1190 4478 1368 4540 relinquamus.
1404 4478 1508 4541 Alioqui
1527 4476 1549 4526 si
1573 4476 1649 4527 rebus
1666 4478 1715 4528 iam
1727 4478 1803 4539 pariis

1024 4595 1035 4618 ι
1053 4574 1098 4638 ipsi
1111 4589 1156 4623 nos
1167 4573 1347 4626 fraudaremus.
1359 4585 1403 4621 nos
1415 4571 1481 4635 ipsos
1494 4571 1618 4623 hostiliter
1631 4576 1802 4622 tractaremus.

1022 4694 1034 4713 a
1051 4671 1160 4721 Laudala
1173 4674 1255 4719 aulem
1274 4669 1418 4719 Latinorum
1439 4668 1627 4737 benevolentia,
1649 4685 1735 4722 eorum
1749 4670 1802 4720 ani·

1023 4790 1035 4813 ι
1054 4783 1107 4820 mos
1116 4768 1292 4818 confirmemus
1301 4772 1327 4817 et
1342 4769 1436 4816 melum
1449 4765 1595 4826 eximamus
1607 4774 1631 4818 el
1643 4770 1804 4832 polliceamur

1024 4891 1035 4911 ι
1053 4870 1103 4919 fore
1116 4870 1142 4916 nt
1162 4865 1184 4913 in
1199 4864 1264 4913 nullo
1283 4864 1408 4927 periculo.
1428 4863 1493 4925 quod
1511 4869 1598 4915 nostra
1616 4882 1704 4918 caussa
1722 4867 1803 4915 subie-

1024 4989 1035 5009 ι
1052 4966 1113 5027 rint,
1135 4976 1178 5013 eos
1199 4976 1307 5025 unquam
1331 4961 1489 5017 deseramus,
1514 4963 1593 5014 eloneo
1614 4967 1686 5037 fldem
1717 4976 1801 5011 servo-

1024 5084 1036 5108 r·
1055 5065 1114 5123 rint,
1131 5059 1173 5111 sed
1196 5058 1266 5110 brevi
1289 5072 1334 5109 nos
1351 5058 1399 5108 illis
1420 5063 1516 5108 tontum
1540 5063 1665 5126 copiarum
1680 5059 1801 5109 missuros

1025 5167 1172 5225 narrantum
1193 5159 1251 5211 satis
1271 5160 1344 5211 fuerit
1366 5159 1396 5209 ad
1415 5160 1523 5211 trosliurn
1543 5163 1593 5213 rim
1612 5160 1799 5212 defendendam.
