3772 5828
224 290 283 349 482

225 450 237 473 ιι
252 424 368 498 ε’μαυτοὺ
382 418 442 485 τούς
459 418 653 497 χαρισαμένους
667 414 700 473 τδι
714 415 828 492 μέγιστα
842 419 893 475 τῶν
909 417 936 475 έν
949 418 1003 473 ἀν-

225 507 366 589 «θρώποις
389 510 511 586 ἀγαθῶν·
522 497 559 571 οἷς
577 503 629 582 ἐγὼ
641 503 689 575 τλν
711 504 797 585 ἀρχὴν
821 504 899 575 τήνδε
915 528 1001 584 παρα·

225 627 238 651 ιι
252 597 398 675 λαμύσίνων
414 594 485 663 θεοὺς
511 618 540 654 τι
560 598 606 652 καὶ
617 592 742 670 δαίμονας
758 593 887 672 ίγγυητδις
901 592 1001 666 ἔδωκα,

225 718 238 743 ιι
254 690 321 765 μήτε
336 685 481 766 προδώσειν
500 682 531 741 τό
549 680 634 740 κοινόν
657 682 758 752 αὐτῶν,
774 680 843 758 μήτε
866 702 1001 759 προκατα-

225 806 238 831 ιι
252 779 378 837 λύσεσθαι
400 774 445 833 τδν
459 776 591 848 πολεμον,
612 770 657 829 έδιν
673 771 711 847 μὴ
725 771 903 837 Οὐολούσκοις
918 768 1002 829 ἀπασι

227 893 239 917 ι
255 867 330 937 δοκῆ.
345 862 429 929 Θεούς
439 884 467 920 τε
477 859 509 933 δέ,
521 859 661 937 σεόόμενος
675 860 718 927 ot<
732 858 836 936 ὤμοσα,
845 860 891 918 καί
903 858 1002 942 ἀνθριίν·

226 982 238 1005 ιι
252 934 315 1019 πουί
339 950 490 1026 αἰδούμενος
511 939 548 1016 οἷς
561 950 608 1016 τάς
624 946 728 1014 πίστεις
741 948 844 1023 ἔδωκα,
857 948 1002 1025 πολεμήσω

226 1070 237 1093 ιι
253 1041 395 1117 Ῥωμαίοις
408 1040 472 1119 ἀχρι
485 1037 585 1105 τέλους.
601 1036 665 1097 'Etr
680 1038 704 1095 δ’
720 1037 866 1095 ἀποδιδῶσι
881 1037 930 1108 τὴν
943 1035 1002 1117 χόε-

227 1158 239 1183 ι
255 1154 301 1209 ραν
318 1127 493 1195 Οὐολούσκοις
507 1126 539 1199 ἣν
553 1127 709 1206 κατέχουσιν
724 1128 811 1185 αὐτῶν
827 1126 885 1207 βίη,
900 1125 946 1185 καί
958 1123 1001 1206 ρί-

227 1246 239 1271 ι
256 1219 317 1286 λους
333 1216 425 1283 αὐτούς
440 1214 604 1287 ποιήσωνται
615 1214 721 1273 πάντων
742 1215 829 1280 αὐτοῖς
852 1212 1004 1291 μεταδιδόν-

227 1334 239 1361 ι
253 1331 295 1375 τες
308 1311 360 1367 τῶν
375 1307 438 1366 ίσων
452 1304 543 1385 ὥσπερ
558 1304 694 1375 Λατίνοις,
710 1302 865 1377 διαλύσομαι
887 1301 918 1360 τδ
939 1300 1004 1379 πρὸς

226 1422 238 1447 ι
255 1394 348 1462 αὐτοὺς
359 1394 491 1467 πόλεμον·
505 1392 592 1458 ἄλλως
606 1392 629 1449 δ’
645 1388 686 1450 οὐ.
731 1388 823 1463 Ὑμεῖς
838 1388 886 1466 μέν
900 1378 964 1467 οὐν,
980 1378 1003 1447 ῶ

226 1510 239 1535 ι
253 1483 391 1563 γυναῖκες,
408 1481 485 1540 ἀπιτε
507 1478 553 1538 καί
567 1480 656 1556 λέγετε
670 1484 722 1544 τοῖς
734 1476 844 1556 ἀνδρύσι
858 1480 942 1535 ταῦτα
955 1476 1003 1535 καί

227 1598 240 1625 ιι
254 1572 355 1631 πείθετε
372 1572 466 1635 αὐτοὺς
480 1566 519 1644 μὴ
541 1570 698 1647 φιλοχωρεῖν
712 1567 766 1633 τοῖς
780 1564 927 1646 ἀλλοτρίοις
940 1564 1001 1625 ἀδί-

228 1686 322 1732 ιικως,
339 1660 400 1717 ἀλλ’
415 1660 537 1734 ἀγαπᾶν,
564 1654 610 1714 έδιν
633 1653 667 1713 τθι
681 1656 783 1713 ίαυτῶν
803 1654 874 1736 ἔχειν
894 1678 933 1722 τις
957 1655 1002 1713 αὐ·

227 1776 239 1799 ιι
254 1748 313 1814 τούς
341 1750 389 1827 ἰᾷ,
423 1744 485 1822 μηδ’
506 1743 546 1803 δτι
571 1743 681 1825 πολέμῳ
700 1742 827 1809 λαόόντες
854 1741 946 1823 έχουσι
968 1744 1002 1804 τά

227 1863 238 1887 ιι
252 1836 426 1896 Οὐολούσκων
450 1831 618 1910 περιμένειν,
639 1831 688 1898 ἕως
701 1830 811 1911 πολέμῳ
831 1832 912 1890 πόλιν
934 1831 1002 1891 αὐτδι

225 1924 303 1983 «tsi
321 1925 419 1983 τούτων
438 1924 624 2001 ἀραιρεθῶσιν.
665 1921 705 1980 Οὐ
722 1920 771 1997 γὰρ
785 1919 933 2000 ἀποχρήσει
949 1922 1002 1989 τοῖς

225 2040 236 2065 ιι
253 2016 378 2093 κρατοῦσι
402 2008 436 2069 τά
452 2010 551 2067 ἑαυτῶν
574 2007 654 2085 μόνον
679 2006 823 2065 ἀπολαδεῐν
834 2055 843 2083 ,
871 2009 939 2067 ἀλλά
955 2008 1001 2067 καί

170 2128 198 2168 20
224 2128 237 2153 ιι
251 2102 285 2159 τίι
307 2104 358 2158 τῶν
373 2098 555 2175 κρατηθέντων
577 2096 621 2156 ίδι’
641 2095 795 2164 ἀξιώσουσιν
811 2094 892 2175 ἔχειν.
936 2096 1001 2157 ’Eis

225 2216 237 2240 ιι
253 2190 280 2249 δὲ
295 2188 477 2264 περιεχόμενοι
489 2187 542 2242 τῶν
557 2184 640 2261 μηδέν
652 2185 738 2250 αὐτοῖς
749 2184 934 2262 προσηκόντων
947 2194 1000 2244 πᾶν

225 2304 237 2327 ιι
252 2280 336 2335 ὑτιοὺν
348 2276 462 2353 πάσχειν
475 2274 625 2350 ὑπομένωσι
641 2271 815 2353 φυλάττοντες
829 2272 858 2331 ιδ
873 2274 999 2351 αὔθαδες,

224 2392 237 2415 ιι
252 2362 363 2428 ἐκείνους
376 2360 525 2421 αἰτιάσεσθε
541 2365 592 2421 τῶν
611 2361 837 2442 καταληψομένων
851 2366 954 2440 κακῶν,
970 2365 1000 2423 οὐ

224 2480 236 2505 ιι
251 2452 370 2529 Μάρκιον
391 2450 451 2509 οὐδὲ
471 2450 654 2516 Οὐολούσκους
675 2451 730 2510 οὐδ’
752 2448 832 2508 ἀλλον
855 2450 1000 2531 ἀνθρώπων

170 2566 196 2605 ος
224 2570 235 2595 ιι
251 2540 356 2601 οὐδένα.
401 2542 455 2599 Σοῦ
470 2537 509 2612 δέ,
532 2526 554 2597 ῶ
574 2542 680 2617 μῆτερ,
701 2540 728 2598 έν
753 2537 827 2619 μέρει
842 2542 924 2599 πάλιν
946 2542 1000 2608 υίδς

226 2658 236 2683 ι
250 2630 286 2688 ὢν
300 2627 351 2705 έγὼ
364 2628 457 2705 δέομαι
471 2626 509 2703 μή
522 2650 554 2702 με
569 2627 734 2707 παρακαλεῖν
747 2628 783 2693 είς
798 2627 915 2695 ἀνοσίους
928 2630 999 2707 προί-

225 2746 236 2770 ιι
254 2718 303 2785 ξεις
318 2716 364 2775 καὶ
379 2717 483 2785 ἀδίκους
505 2714 572 2790 μηδέ
593 2717 662 2791 μετὰ
684 2718 735 2774 τῶν
756 2717 882 2794 ἐχθίστων
896 2716 956 2793 ἐμοί
968 2741 998 2776 τε

224 2834 237 2859 ιι
251 2806 297 2865 καὶ
325 2811 423 2885 σεαυτῇ
447 2804 608 2880 τεταγμένην
631 2807 771 2880 πολεμίους
796 2810 917 2882 ἡγεῖσθαι
941 2806 1000 2874 τούς

225 2923 237 2948 ιι
254 2896 489 2973 ἀναγκαιοτάτους·
504 2892 573 2951 ἀλλά
587 2895 650 2973 παρ’
662 2894 721 2970 ἐμοὶ
734 2893 895 2971 γενομένην,
910 2893 999 2974 ὥσπερ

166 3008 194 3049 au
222 3012 234 3037 ιι
251 2986 306 3044 ἐστὶ
321 2986 433 3053 δίκαιον,
447 2986 563 3061 πατρίδα
575 3008 602 3042 τε
617 2986 705 3061 νέμειν
716 2988 747 3057 ἢν
759 2985 810 3061 ἐγὼ
820 2989 892 3065 νέμω
907 2988 952 3046 καί
963 2981 1000 3047 οἶ-

222 3100 234 3125 ιι
249 3096 294 3133 κον
305 3072 332 3132 δν
342 3070 393 3149 ἐγὼ
404 3071 547 3147 κέκτημαι,
561 3070 639 3144 τιμάς
649 3096 678 3130 τε
691 3079 856 3152 καρποῦσθαι
864 3074 911 3142 τάς
925 3074 999 3148 έμάς,

221 3190 233 3215 ιι
248 3162 292 3222 καὶ
309 3161 383 3233 δόξης
405 3160 545 3217 ἀπολαύειν
565 3165 612 3231 τῆς
631 3163 707 3237 ἐμῆς,
728 3163 786 3227 τούς
805 3164 897 3230 αὐτούς
915 3170 997 3241 ἡγου-

221 3281 232 3303 ιι
250 3252 332 3328 μένην
348 3250 436 3329 ρίλους
456 3270 484 3306 τε
509 3248 554 3305 καί
577 3250 717 3326 πολεμίους
737 3250 833 3329 οὕσπερ
853 3255 917 3331 ἐγώ·
933 3258 999 3313 ἀπο·

222 3370 233 3392 ιι
250 3341 340 3400 θέσθαι
356 3341 379 3397 τ’
395 3338 446 3409 ἤδη
460 3337 489 3397 τδ
504 3339 604 3411 πένθος,
619 3337 633 3397 δ
648 3339 691 3398 διά
704 3340 750 3408 τδις
766 3339 831 3408 ed<
847 3342 998 3417 ὑπέμεινας,

168 3462 194 3501 3,
223 3460 235 3483 ιι
251 3421 274 3490 ῶ
289 3428 458 3505 ταλαίπωρε,
475 3425 567 3500 φυγὰς,
579 3424 624 3482 καὶ
636 3424 787 3483 παύσασθαι
801 3425 998 3503 τιμωρουμένην

223 3547 235 3571 ιι
251 3542 284 3591 με
297 3521 334 3595 τῷ
349 3514 467 3593 σχήματι
483 3516 576 3594 τούτῳ.
620 3511 698 3590 Ἐμοὶ
722 3513 773 3593 γάρ
797 3511 831 3570 τά
854 3512 903 3589 μέν
917 3514 999 3587 ἀλλα,

223 3638 234 3659 ιι
250 3598 272 3665 ὦ
288 3609 380 3684 μῆτερ,
396 3601 481 3681 ἀγαθδι
498 3602 634 3678 κρείττονα
649 3602 761 3661 ἐλπίδων
775 3601 819 3659 καί
834 3602 940 3678 μείζονα
954 3605 998 3663 εὐ·

223 3726 234 3747 ιι
249 3700 299 3775 χῆς
314 3692 387 3771 παρὰ
406 3693 470 3750 θεῶν
492 3713 520 3750 τε
541 3689 586 3747 καί
601 3690 745 3767 ἀνθρώπων
761 3690 924 3763 ἀπήντηται·
939 3698 954 3764 ἡ
971 3693 997 3752 δὲ

223 3783 310 3859 ιπερὶ
327 3785 372 3839 σού
388 3782 507 3860 ρροντὶς,
521 3771 539 3856 ᾖ
553 3777 599 3843 τάς
610 3776 787 3857 γηροδοσκούς
806 3780 854 3836 οὐκ
874 3778 998 3839 ἀπέδωκα

167 3898 195 3935 ιη
223 3896 234 3919 ιι
249 3870 377 3947 χάριτας,
398 3872 551 3937 ἐντετηκυῖα
567 3874 620 3932 τοῖς
636 3864 796 3943 σπλοίγχνοις
810 3866 903 3945 πικρόν
917 3868 999 3928 ἐποίει

223 3984 235 4006 ιι
252 3956 296 4013 καί
318 3958 443 4027 ἀνόνητον
464 3956 588 4016 ἁπάντων
604 3958 657 4013 τῶν
671 3958 774 4031 ἀγαθῶν
792 3953 835 4011 τὸν
854 3953 921 4031 βίον.
964 3960 998 4016 Ei

222 4070 233 4094 ιι
251 4042 278 4099 δέ
290 4043 336 4102 σὺν
348 4046 405 4120 ἐμοί
420 4044 504 4113 τάξεις
518 4042 632 4114 σεαυτὴν
644 4042 690 4100 καί
709 4046 761 4101 τῶν
780 4044 850 4119 ἐμῶν
865 4054 997 4104 κοινωνεῖν

222 4157 234 4182 ιι
251 4129 380 4198 ἐθελήσεις
409 4132 550 4203 ἁπάντων,
572 4129 674 4197 οὐδενός
700 4130 738 4189 ἔτι
764 4152 810 4208 μοι
837 4129 925 4202 δεήσει
945 4135 997 4191 τῶν

223 4247 236 4272 ιι
254 4219 422 4295 ἀνθρωπίνων
434 4224 547 4298 ἀγαθῶν.
564 4244 579 4278 ι)

167 4342 192 4379 ts
260 4307 394 4367 xtt'lti.
412 4309 589 4385 Παυασμένου
602 4308 629 4368 δέ
644 4311 733 4380 αὐτοῦ,
749 4309 841 4389 μικρὸν
854 4313 870 4380 η
883 4314 996 4371 Οὐετου-

221 4395 264 4471 ρία
293 4395 439 4471 ἐπισχοῦσα
465 4398 575 4475 χρόνον,
602 4398 649 4465 έως
671 4402 685 4456 ὑ
709 4402 759 4457 τῶν
784 4400 994 4477 περιεστηκότων

220 4484 325 4549 ἔπαινος
347 4482 481 4543 ἐπαύσατο
496 4486 576 4556 πολύς
602 4487 690 4546 τεκαὶ
715 4488 795 4567 μέχρι
812 4492 909 4547 πολλοῦ
924 4488 996 4566 γενό-

221 4595 312 4650 μενος,
328 4571 398 4648 λέγει
412 4571 478 4650 πρὸς
493 4575 587 4632 αὐτόν·
610 4576 707 4636 «Ἀλλ’
725 4576 807 4657 ἔγωγέ
822 4566 901 4653 σε,ῶ
918 4578 996 4655 Μοίρ-

221 4690 232 4715 ιι
248 4685 288 4720 κιε
312 4660 416 4737 τέκνον,
441 4658 500 4719 οὐτε
522 4663 651 4740 προδότην
678 4666 851 4726 Οὐολούσκων
876 4666 996 4744 γενέσθαι

166 4779 191 4814 m
222 4780 233 4804 ιι
249 4751 331 4824 ἀξιῶ,
347 4748 373 4809 οἵ
395 4773 424 4807 σε
440 4750 567 4827 φεύγοντα
587 4753 775 4831 ὑποδεξάμενοι
790 4763 843 4822 τοῖς
861 4754 885 4814 τ’
907 4753 995 4819 ἀλλοις

221 4864 233 4887 ιι
248 4839 376 4915 ἐτίμησαν
392 4838 438 4897 καί
458 4837 506 4909 τὴν
529 4841 629 4898 ἑαυτῶν
654 4842 796 4921 ἡγεμονίαν
822 4841 993 4901 ἐπίστευσαν·

222 4952 232 4971 ιι
248 4927 306 4985 οὐτε
316 4929 390 5009 παρὰ
403 4927 449 4995 τάς
463 4929 604 5006 ὁμολογίας
618 4928 731 4997 καὶτοὺς
742 4934 830 5009 θρκους
841 4931 883 4999 οὑς
896 4932 994 4998 ἔδωκας

222 5040 232 5057 ιι
249 5015 349 5081 αὐτοῖς,
367 5019 409 5078 ότε
423 5020 469 5085 τδις
489 5019 611 5095 δυνάμεις
625 5018 848 5097 παρελόμύανες,
864 5020 926 5079 ἄνευ
937 5042 993 5077 κοι-

223 5126 234 5145 ’
248 5103 293 5171 νῆι
312 5103 418 5181 γνώμης
441 5108 494 5188 ἰδίη
517 5108 715 5168 καταλύσασθαι
738 5108 785 5179 την
807 5109 904 5189 ἔχθραν
931 5108 994 5188 βού-

745 280 913 345 Diuersi!
937 282 1315 367 Hsttennrtnsanffls

1059 426 1191 479 mmnibus
1202 429 1267 481 meis
1289 428 1360 479 bonis
1378 429 1532 495 spoliarunt,
1550 432 1655 495 eosqui
1680 408 1750 482 hena
1775 432 1842 483 inter

1057 531 1070 555 ι
1086 512 1199 567 hemines
1219 515 1328 567 maxime
1350 516 1411 567 mihi
1434 516 1515 581 largiti
1542 519 1627 567 sunt:
1652 518 1754 583 quibus
1777 534 1841 584 ego,

1057 619 1070 645 ιι
1083 614 1142 653 curn
1164 604 1212 655 hoe
1232 605 1364 669 imperium
1389 606 1542 671 reciperem,
1565 608 1591 655 et
1610 604 1670 657 deos
1687 609 1715 657 et
1746 609 1845 671 genios

1056 710 1070 735 ι
1083 704 1214 755 sponsores
1223 693 1297 753 dedi,
1313 693 1383 757 iure,
1399 695 1428 744 ut
1439 706 1520 759 neque
1541 707 1629 744 eorum
1646 696 1844 759 rempublicam

1056 780 1221 845 -proderem,
1233 796 1280 833 nee
1294 782 1387 834 bellurn
1397 782 1561 847 deponerem,
1586 782 1635 832 nisi
1652 782 1684 833 de
1702 784 1844 841 eornmuni

1056 888 1070 911 ιι
1082 870 1194 921 omniurn
1205 872 1351 925 Veiseerum
1362 871 1493 923 sententia.
1510 875 1681 936 Quapropter,
1695 876 1752 922 tum
1765 879 1843 935 metu

1057 974 1070 1000 ιι
1085 956 1210 1021 deorum,
1230 974 1274 1027 per
1283 974 1347 1027 quos
1357 961 1456 1021 iurari,
1472 965 1528 1011 tum
1538 961 1668 1012 hominum
1683 963 1841 1023 reverentia,

1057 1064 1070 1088 ι
1087 1045 1179 1109 quibus
1198 1047 1271 1101 fldem
1295 1048 1367 1111 dedi,
1381 1049 1476 1101 betium
1493 1062 1550 1101 enm
1566 1051 1685 1101 Romanis
1704 1051 1738 1102 ad
1762 1052 1841 1104 tinem

1057 1150 1071 1175 ι
1084 1144 1164 1195 usque
1180 1147 1272 1199 geram.
1312 1135 1386 1195 Quod
1408 1136 1430 1187 st
1451 1135 1606 1188 restituerint
1624 1137 1725 1189 veiseis
1748 1154 1840 1204 agrum

1056 1236 1069 1263 ιι
1081 1232 1181 1279 eorum,
1193 1236 1269 1287 quem
1280 1222 1366 1275 inritis
1380 1222 1430 1274 iilis
1442 1226 1579 1289 occupant,
1591 1237 1686 1290 sesque
1700 1226 1728 1277 in
1749 1229 1838 1281 amici·

1057 1326 1071 1349 ιι
1085 1306 1147 1357 tiam
1169 1312 1196 1359 et
1215 1322 1301 1375 parem
1322 1309 1385 1361 iuris
1404 1310 1579 1377 libertatisque
1601 1313 1793 1375 conditionem,
1810 1319 1839 1367 ut

1057 1413 1070 1438 ι
1084 1394 1199 1457 ιιιιιίαοιι,
1216 1398 1368 1463 receperint,
1392 1412 1479 1463 penem
1502 1399 1553 1451 ittis
1570 1399 1637 1451 debu
1656 1416 1662 1446 ι
1688 1402 1766 1455 aliter
1778 1418 1840 1457 rere

1059 1504 1072 1529 ιι
1085 1497 1144 1535 uon.
1175 1488 1227 1538 ties
1244 1486 1328 1551 igitur,
1345 1490 1480 1546 matrenre,
1495 1487 1578 1550 abite,
1591 1494 1667 1555 etque
1683 1490 1740 1542 haee
1762 1494 1839 1545 mari·

1059 1591 1072 1616 ιι
1088 1572 1122 1624 tis
1134 1574 1225 1625 restris
1238 1574 1328 1635 dieite,
1342 1577 1368 1627 et
1379 1575 1429 1626 ittis
1440 1574 1564 1641 suadete,
1580 1591 1611 1628 ne
1628 1592 1670 1629 res
1681 1578 1780 1631 alienes
1798 1596 1842 1643 per

1058 1680 1071 1703 ι
1087 1661 1204 1713 iniuriam
1224 1664 1330 1715 retinere
1344 1664 1462 1729 eupiunt,
1475 1664 1521 1715 sed
1539 1667 1571 1717 ut
1591 1666 1653 1718 eatis
1669 1667 1731 1731 ipsis
1745 1670 1799 1727 sit,
1817 1670 1839 1720 si

1058 1766 1071 1791 «
1085 1749 1160 1801 detur
1174 1751 1222 1801 trui
1243 1751 1361 1817 propriis.
1390 1765 1453 1804 nere
1477 1756 1636 1818 exspectent,
1649 1753 1730 1806 donee
1753 1757 1838 1808 Volsci

1058 1850 1126 1887 «res
1147 1840 1224 1889 ermis
1241 1839 1289 1890 sibi
1306 1842 1405 1905 ereptae
1415 1838 1504 1891 eodem
1526 1840 1585 1892 belii
1604 1841 1659 1893 iure
1677 1842 1729 1895 iltis
1749 1850 1837 1895 extor-

1057 1944 1069 1966 ι
1084 1932 1187 1990 queem.
1230 1928 1372 1980 Victoribus
1391 1929 1459 1981 enim
1481 1943 1530 1982 nen
1553 1931 1602 1981 erit
1623 1932 1686 1983 setis
1711 1948 1754 1985 res
1777 1950 1838 1987 suas

1057 2033 1069 2057 ιι
1086 2017 1183 2063 tautum
1203 2017 1325 2081 recepisse
1353 2035 1360 2067 ε
1384 2016 1428 2069 sed
1451 2017 1516 2069 bone
1533 2032 1634 2085 quoque
1654 2033 1759 2082 eorum,
1791 2025 1838 2089 qui

1056 2120 1069 2143 ιι
1087 2100 1144 2149 victi
1160 2101 1271 2166 tuerint,
1287 2104 1379 2157 trabere
1392 2105 1486 2157 vetent.
1501 2105 1601 2166 Quodsi
1613 2120 1672 2157 sero
1683 2108 1761 2159 solite
1772 2124 1837 2162 eon·

1057 2209 1069 2233 ιι
1084 2190 1208 2250 tumacia,
1233 2206 1287 2251 res,
1317 2206 1376 2259 quie
1401 2194 1464 2246 ru'hit
1491 2194 1522 2245 ed
1541 2208 1568 2245 se
1597 2196 1738 2259 pertinent,
1766 2201 1833 2251 reti·

1056 2297 1068 2321 ιι
1083 2282 1184 2337 nentes,
1197 2278 1299 2344 quidvis
1310 2282 1404 2346 perpeti
1417 2283 1518 2343 malint,
1536 2280 1584 2334 utts
1593 2285 1709 2333 ventures
1722 2284 1831 2338 urens-

1055 2388 1068 2410 ι
1082 2369 1147 2418 tetes
1157 2366 1303 2431 adscribite,
1318 2384 1411 2437 eosque
1431 2374 1552 2431 aeeusete.
1570 2384 1617 2423 nen
1632 2372 1764 2436 Μεντίνα,
1779 2390 1829 2427 nee

1057 2476 1069 2499 ιι
1084 2456 1206 2518 t'otseos,
1221 2470 1266 2507 nec
1278 2457 1356 2509 elium
1367 2462 1511 2527 quempiam
1521 2460 1717 2513 nostrumne
1729 2476 1802 2527 sere,
1813 2481 1830 2516 ο

1057 2564 1070 2587 ι
1085 2543 1183 2601 mater,
1203 2541 1313 2593 vicissim
1336 2557 1381 2608 ego
1406 2548 1467 2597 tuus
1492 2546 1558 2597 titius
1579 2560 1639 2608 oro,
1660 2560 1692 2599 ne
1710 2548 1747 2599 sis
1769 2550 1833 2603 mihi

1066 2646 1079 2671 ιι
1094 2628 1183 2676 auctor
1198 2622 1335 2677 tucinomm
1354 2628 1488 2692 impiorum
1506 2634 1532 2681 et
1549 2630 1715 2691 iniustorum,
1728 2646 1791 2685 uere
1804 2634 1837 2691 ab

1057 2730 1068 2755 ι
1082 2712 1224 2765 hominibus
1234 2716 1261 2765 et
1271 2711 1332 2762 mihi
1346 2714 1371 2761 et
1382 2712 1428 2763 tibi
1436 2712 1610 2767 intensissimis
1623 2716 1706 2773 stans,
1716 2729 1763 2781 μιν
1773 2718 1835 2769 hes·

1056 2814 1068 2838 ι
1082 2796 1151 2847 tibus
1166 2796 1243 2848 ducas
1255 2811 1312 2855 ens,
1329 2797 1373 2862 qut
1393 2795 1577 2848 necessitudine
1589 2797 1636 2849 tihi
1646 2802 1707 2849 sunt
1716 2800 1835 2851 οοιιιινοο-

1055 2897 1068 2922 ι
1083 2880 1173 2930 tissimi
1197 2901 1204 2931 :
1229 2881 1271 2931 sed
1294 2880 1360 2945 apud
1381 2893 1421 2930 me
1440 2893 1586 2942 remanens,
1608 2886 1639 2932 ιιι
1659 2896 1759 2947 equum
1776 2890 1831 2945 est,

1056 2983 1069 3007 ι
1083 2966 1202 3027 eandem,
1220 2980 1297 3030 quum
1320 2980 1379 3030 ego,
1407 2966 1512 3031 petriam
1531 2966 1641 3025 innotus.
1663 2972 1690 3018 et
1713 2967 1831 3027 domum,

1056 3069 1068 3092 ιι
1083 3064 1161 3114 quum
1193 3051 1254 3100 mitri
1284 3054 1386 3115 parari,
1422 3052 1534 3117 meisque
1564 3053 1704 3104 honoribus
1726 3051 1832 3115 iruuris,

1056 3152 1068 3175 ι
1081 3145 1193 3196 meaeque
1215 3132 1298 3195 gloriae
1316 3135 1352 3183 sis
1378 3134 1515 3200 particeps,
1542 3135 1645 3185 eusdem
1667 3141 1697 3187 ιιι
1718 3151 1833 3202 queque,

1056 3235 1067 3260 ι
1083 3230 1146 3280 quos
1164 3229 1227 3278 ego,
1251 3230 1294 3280 pro
1308 3217 1409 3277 enticis,
1429 3222 1456 3269 et
1477 3217 1593 3269 hostibus
1609 3219 1723 3283 habens,
1735 3221 1834 3286 iamque

1055 3323 1066 3345 ιι
1081 3300 1158 3351 istum
1171 3300 1266 3350 luctum
1287 3300 1412 3364 deponas,
1433 3316 1509 3367 quem
1522 3308 1626 3368 pmpter
1653 3318 1739 3356 meum
1768 3304 1835 3355 eusi-

1056 3408 1067 3429 ι
1084 3385 1159 3446 tium,
1173 3385 1278 3443 misera,
1296 3386 1435 3449 pertulisti,
1448 3390 1472 3437 et
1487 3400 1527 3438 me
1539 3390 1656 3453 squalore
1675 3392 1726 3441 iste
1745 3404 1835 3440 verare

1056 3467 1188 3519 «desinas.
1231 3468 1291 3518 tsrhi
1313 3467 1391 3525 enim,
1411 3472 1499 3528 mater,
1522 3473 1606 3520 cetera
1627 3471 1733 3535 quidem
1754 3472 1833 3530 bena,

1057 3571 1067 3592 ι
1084 3552 1163 3602 mutto
1179 3552 1362 3617 praestantiora,
1375 3566 1452 3616 quam
1464 3565 1578 3617 sperare,
1595 3556 1621 3603 et
1632 3555 1743 3612 maiora,
1759 3568 1834 3620 quam

1056 3654 1068 3677 ι
1084 3639 1169 3699 optare
1189 3636 1336 3700 potuissem,
1356 3635 1460 3689 deorum
1475 3640 1551 3701 etque
1570 3637 1702 3688 horninum
1727 3638 1836 3691 benere-

1055 3740 1067 3762 «
1082 3720 1157 3770 tentia
1176 3720 1338 3784 contigerunt.
1372 3721 1418 3771 Tui
1433 3735 1493 3772 vero
1512 3735 1589 3784 cure,
1608 3722 1650 3772 eui
1664 3722 1691 3773 in
1707 3729 1835 3775 senectute

1055 3826 1067 3847 ιι
1084 3804 1221 3854 nutrienmti
1234 3805 1339 3866 gratiam
1352 3819 1400 3855 non
1412 3805 1502 3864 retuli,
1514 3806 1538 3855 in
1551 3808 1610 3871 ipsis
1624 3807 1688 3859 meis
1697 3809 1835 3860 visceribus

1054 3907 1067 3934 ιι
1084 3888 1222 3947 inherens,
1246 3886 1319 3949 iacit,
1333 3892 1360 3938 ut
1373 3890 1434 3939 mihi
1444 3890 1496 3941 vite
1513 3890 1547 3941 sit
1565 3892 1670 3953 acerbe,
1686 3893 1834 3959 nullumque

1054 3992 1067 4013 ιι
1079 3982 1107 4019 er
1119 3983 1147 4018 ea
1160 3967 1270 4018 iruetum
1286 3970 1388 4034 capiam.
1405 3972 1477 4029 Quod
1496 3974 1518 4024 si
1531 3988 1547 4023 a
1563 3973 1626 4024 meis
1647 3976 1762 4037 partibus
1782 3982 1831 4026 ste·

1054 4072 1067 4097 «
1080 4052 1154 4108 teris,
1168 4055 1193 4102 et
1207 4065 1289 4102 rerum
1301 4067 1413 4105 mearum
1425 4057 1535 4107 emnium
1550 4057 1674 4123 particeps
1683 4072 1738 4110 esse
1749 4059 1833 4110 relue-

1054 4156 1067 4179 ιι
1082 4136 1129 4189 ris.
1152 4136 1213 4186 nihii
1228 4136 1289 4186 initui
1304 4139 1411 4202 aruplius
1425 4140 1457 4190 ud
1477 4154 1601 4192 summum
1621 4141 1758 4195 humanam
1779 4142 1832 4193 terr-

1054 4239 1066 4261 ιι
1082 4219 1181 4269 citatem
1194 4220 1283 4270 diruerit.
1299 4241 1310 4263 ν

1084 4323 1191 4372 Χιιιίιι,
1211 4324 1272 4373 Cum
1288 4328 1372 4374 autem
1386 4326 1459 4378 tinem
1471 4327 1570 4379 dicendi
1590 4329 1703 4391 ier-isset,
1716 4331 1828 4393 Veturia,

1050 4425 1127 4475 perse
1146 4425 1215 4459 ruera
1232 4411 1394 4476 interposita,
1416 4415 1494 4466 ιιιιιιιο
1508 4418 1724 4469 circumstantium
1745 4419 1831 4481 ingens

1051 4503 1075 4549 et
1090 4499 1169 4548 multa
1185 4498 1293 4549 inundatio
1307 4507 1429 4559 cessaret,
1440 4502 1475 4552 sic
1491 4517 1548 4553 eum
1569 4508 1605 4554 est
1623 4506 1753 4557 allocuta:
1771 4527 1783 4551 ι
1799 4512 1830 4557 At

1052 4606 1063 4628 ιι
1079 4602 1137 4650 ego,
1155 4587 1187 4635 titi
1208 4589 1298 4645 Marri,
1324 4604 1381 4648 nee,
1406 4595 1432 4640 ιιι
1449 4592 1562 4643 ⁴Volscos
1582 4594 1688 4658 prutes,
1715 4596 1830 4661 postulo,

1051 4696 1063 4720 ιι
1078 4676 1121 4739 qui
1136 4680 1160 4724 te
1175 4676 1286 4726 exsulem
1303 4678 1445 4731 humaniter
1463 4687 1626 4746 exceperunt,
1649 4687 1675 4734 et
1693 4698 1752 4735 eum
1775 4687 1831 4737 aliis

1052 4784 1062 4805 ιι
1079 4764 1215 4814 tremoribus
1239 4764 1389 4827 affecerunt,
1417 4773 1471 4819 tum
1501 4771 1576 4820 etiam
1598 4772 1729 4837 imperium
1754 4782 1831 4824 suum

1051 4872 1061 4893 ιι
1079 4851 1123 4900 tibi
1145 4852 1336 4919 serumserum,
1357 4869 1402 4906 nec
1419 4858 1489 4919 rulo,
1515 4863 1541 4907 ιιι
1568 4867 1653 4909 eontra
1675 4861 1829 4911 conditiones

1050 4966 1061 4985 ιι
1078 4944 1103 4990 et
1116 4941 1301 5002 iusiurandum,
1314 4957 1364 5008 quo
1379 4947 1403 4994 te
1416 4944 1465 4995 iltis
1482 4946 1653 5013 obstrinxisti,
1666 4948 1764 5015 quando
1773 4948 1826 4998 im·

1050 5029 1172 5094 «perium
1194 5032 1321 5095 copiarum
1340 5032 1467 5094 accepisti,
1489 5035 1539 5086 sine
1558 5040 1684 5089 communi
1702 5050 1827 5089 consensu

1051 5140 1063 5165 ι
1076 5120 1193 5185 privatim
1206 5120 1348 5172 inimicitias
1361 5120 1486 5187 deponas:
1506 5139 1586 5189 neque
1598 5129 1740 5188 existimes,
1751 5129 1825 5181 matri
