3772 5828
628 398 919 473 onntobtt's‘rbst
941 400 1088 461 notiori.
1115 401 1188 462 LlB.
1212 403 1258 462 lt.

129 540 244 621 χάρακος
263 538 300 600 ὡς
312 535 348 600 εἰς
360 533 469 612 μάχην·
488 532 533 590 καὶ
555 533 578 590 οί
594 530 704 591 Σαύῖνοι
718 531 906 616 τεθαρρηκότες

130 610 335 703 ἀντεπεξῄεσαν,
350 621 409 689 τούς
431 645 459 681 τε
475 620 616 696 πολεμίους
629 622 659 680 οὐ
670 620 783 688 πολλοὺς
797 625 907 701 δρῶντες

129 720 173 778 καῖ
192 718 241 788 τὴν
255 716 356 773 έαυτῶν
370 709 480 785 δύναμιν
496 711 545 781 τήν
556 710 610 769 ἀπὸ
623 709 744 779 Φιδήνης
757 708 817 769 όαον
833 709 907 771 ούπω

130 806 292 887 παρέσεσθαι
306 801 463 876 νομίζοντες.
506 789 589 859 Οὗτοι
603 798 651 875 μὲν
667 799 700 869 δή
727 804 906 868 καταστάντες

88 916 101 953 υ
129 897 269 975 ἐμάχοντο,
284 890 329 950 καῖ
346 880 376 960 ἧν
388 886 527 968 ἰσόρροπος
543 891 629 953 αὐτοῖς
644 885 688 944 ἀπὶ
705 884 788 945 πολὺν
811 887 905 968 χρόνον

129 989 143 1044 ό
158 984 244 1062 ἀγών·
259 983 283 1040 ct
294 980 321 1038 δὲ
349 974 595 1057 προαποσταλέντες
622 973 674 1034 tui
695 979 741 1033 τοῦ
757 978 906 1056 Ταρκυνίου

129 1074 232 1153 νύκτωρ
255 1066 462 1148 ὑποστρέψαντες
487 1067 517 1124 ix
545 1069 592 1136 τῆς
615 1065 685 1135 ὁδοῦ,
706 1063 752 1124 κεῖ
772 1064 907 1143 γενόμενοι

131 1186 199 1221 κατα

130 1254 154 1311 ci
168 1250 276 1312 Σαόῖνοι
288 1248 332 1308 καῖ
344 1247 516 1327 γνωρίσαντες
526 1247 557 1304 ἐκ
568 1247 621 1303 τῶν
630 1243 720 1303 όπλων
729 1245 774 1303 καὶ
786 1246 839 1306 ἀπὸ
854 1251 905 1308 τῶν

74 1365 101 1405 tu
128 1340 256 1418 σημείων,
282 1336 423 1406 ἐξέστησαν
458 1337 511 1392 τῶν
533 1335 667 1411 λογισμῶν
688 1331 733 1393 καὶ
768 1334 801 1391 τδι
836 1335 905 1393 όπλα

125 1429 250 1511 λῥίψαντες
271 1425 413 1504 έπειρῶντο
425 1421 516 1491 σώζειν
532 1421 648 1488 έαυτούς.
692 1411 745 1482 Ἦν
765 1423 788 1480 δ’
809 1423 905 1505 ἄπορος

126 1523 144 1588 ἡ
172 1514 289 1591 σωτηρία
313 1521 365 1579 τοῖς
387 1513 509 1582 πολλοῖς,
523 1508 718 1590 περιεχομένοις
746 1509 837 1592 κύκλῳ
859 1515 905 1572 ὑπ’

128 1607 240 1684 ἐχθρῶν·
261 1600 370 1660 καὶτῶν
385 1597 527 1676 Ῥωμαίων
543 1605 561 1672 ἡ
575 1597 655 1663 ῖππος
671 1601 821 1676 ἐπικειμένη
836 1622 904 1658 παν·

127 1695 235 1771 ταχόθεν
269 1689 361 1757 αὐτούς
383 1687 549 1748 ἀπέκλεισεν·
571 1684 634 1746 ὥστ’
662 1688 744 1766 ὀλίγοι
764 1688 812 1763 μέν
839 1714 905 1759 τινες

73 1803 99 1844 ιιι
127 1783 243 1862 ἔφθησαν
255 1778 289 1836 τά
305 1777 375 1837 δεινδι
390 1776 562 1848 ύπεκδύντες,
583 1778 607 1833 οἱ
622 1773 649 1833 δέ
664 1777 769 1844 πλείους
788 1779 904 1839 κατεκύ-

127 1894 217 1940 πησαν
245 1866 296 1925 ὑπὸ
324 1870 377 1925 τῶν
403 1863 536 1939 πολεμίων
559 1861 577 1934 ἢ
601 1864 749 1943 παρέδοσαν
783 1868 901 1943 ἑαυτούς.

128 1957 265 2036 Ἀντίοχον
282 1957 303 2012 δ’
317 1955 371 2013 οὐδ’
390 1956 413 2014 oi
428 1953 643 2033 καταλειφθέντες
653 1954 698 2011 ἐπὶ
712 1959 756 2011 τοῦ
775 1955 903 2033 χάρακος,

129 2044 198 2104 ἀλλά
212 2042 294 2103 καὶτὸ
313 2042 398 2123 ἔρυμα
415 2043 486 2101 ίάλω
500 2043 534 2121 τῇ
557 2040 649 2121 πρώτη
666 2039 764 2121 ἀφόδῳ·
780 2042 840 2101 ἔνθα
856 2043 903 2103 σὺν

126 2139 179 2202 τοῖς
198 2133 269 2201 ἰδίοις
283 2135 335 2193 τῶν
348 2132 471 2193 Σαδίνων
491 2128 623 2211 χρήμασι,
635 2130 681 2189 καῖ
706 2129 740 2187 τά
760 2129 902 2208 Ῥωμαίων

71 2229 100 2271 2⁰
126 2223 231 2286 ἅπαντα
250 2220 297 2282 σὺν
319 2224 427 2290 πολλοῖς
446 2220 627 2300 αἰχμαλώτοις
652 2217 690 2278 έτι
711 2218 814 2302 ἀκέραι’
839 2223 903 2284 όντα

126 2321 184 2381 τοῖς
191 2313 392 2372 ἀπολωλεκόσιν
407 2308 534 2381 ἀνεσώθη.

166 2399 226 2464 Lii.
250 2399 297 2466 Ὡς
312 2398 334 2457 δ’
345 2402 363 2470 ἡ
376 2396 469 2475 πρώτη
484 2398 610 2476 πιῖρατῷ
623 2395 764 2477 Ταρκυνίῳ
777 2397 845 2457 κατά
855 2401 906 2456 νῶν

126 2488 273 2568 ἐχώρησεν,
300 2484 441 2547 disteden
459 2483 507 2555 τὴν
524 2483 635 2560 δύναμιν
656 2474 719 2561 ήγεν
731 2485 774 2543 ἐπὶ
787 2485 846 2553 τοὺς
860 2487 904 2546 teti

127 2575 234 2646 Φιδήνη
258 2571 527 2652 ἐστρατοπεδευκότας
548 2574 599 2630 τῶν
625 2569 759 2648 hettoni,
775 2563 811 2638 οἷς
831 2573 905 2637 ούπω

70 2682 100 2719 κο
128 2661 205 2732 δῆλος
218 2641 279 2731 ήνό
301 2664 353 2718 τῶν
373 2659 502 2741 σφετέρων
517 2658 632 2740 ὄλεθρος.
676 2658 791 2740 Ἔτυχον
808 2661 836 2720 δέ
857 2667 903 2723 κά-

126 2759 208 2810 κεῖνοι
222 2746 452 2828 προεξεληλυθότες
463 2751 492 2808 ἐκ
505 2753 551 2809 τοῦ
565 2749 693 2830 χάρακος,
705 2749 751 2808 καῖ
766 2748 817 2823 ήδη
834 2750 905 2821 ὄντες

125 2843 152 2899 έν
163 2838 232 2918 ὁδῷ·
244 2839 280 2903 ῶς
293 2836 321 2895 δέ
333 2835 445 2908 πλησίον
457 2838 573 2914 ἐγίνοντο
586 2840 631 2897 καῖ
645 2827 713 2898 εἶδον
719 2836 762 2896 tot
777 2839 903 2920 δορατίων

124 2926 325 3004 ἀναπεπηγυίας
343 2924 390 2993 τάς
408 2924 523 3008 κεραλάς
539 2929 591 2986 τῶν
607 2925 738 3008 σφετέρων
757 2927 902 3005 ἡγεμόνοιν·

125 3015 278 3098 προύτεινον
292 3013 344 3093 γάρ
362 3013 441 3081 αύτάς
456 3016 481 3074 οἱ
501 3012 633 3091 Ῥωμαῖοι
647 3014 836 3087 καταπλήξεως
849 3024 902 3080 τῶν

71 3122 98 3179 30
124 3104 257 3182 πολεμίων
270 3103 365 3164 ἕνεκα·
381 3102 509 3180 μαθόντες
528 3104 569 3161 ότι
588 3102 741 3183 διέφθαρται
763 3105 793 3164 τδ
813 3104 902 3186 ῖτερον

125 3195 209 3253 αθτῶν
231 3190 405 3271 στράτευμα,
426 3192 499 3251 οὐδὲν
528 3189 568 3250 ότι
591 3190 755 3260 ἐπεδείξαντο
783 3201 901 3270 γενναῖον

123 3281 211 3360 όργον,
223 3282 281 3340 ἀλλ’
294 3279 437 3348 είςίκεσίας
449 3280 494 3339 καὶ
518 3279 618 3352 διήσεις
637 3279 797 3359 τραπόμενοι
818 3284 902 3363 παρέ-

124 3368 333 3450 δοσανιέαυτούς.
377 3367 457 3428 θύσω
471 3371 494 3428 δ’
513 3371 628 3449 αἰσχρῶς
647 3368 692 3428 καὶ
708 3374 796 3437 κακῶς
815 3372 902 3453 ἀμφο·

124 3460 203 3538 τέρων
218 3463 270 3519 τῶν
284 3458 469 3540 στρατοπέδων
490 3456 728 3539 ἀναρπασθέντων,
749 3460 786 3526 εἷς
810 3461 901 3530 στενός

70 3560 96 3599 ss
125 3549 232 3612 ἐλπίδας
251 3547 276 3605 οῖ
294 3545 406 3606 Σαόῖνοι
431 3546 680 3622 κατακεκλεισμένοι
701 3546 745 3604 καὶ
766 3547 826 3627 περὶ
849 3552 900 3609 τῶν

126 3634 227 3692 πόλεων
242 3632 279 3707 μὴ
299 3634 325 3704 ἐξ
352 3633 444 3715 ἀφόδου
472 3636 661 3715 καταληφθῶσι
687 3633 814 3707 δεδιότες,
835 3634 901 3717 ὑπέρ

126 3720 231 3800 εἰρήνης
255 3721 478 3800 διιπρεσύεύοντο,
505 3720 692 3802 παραδιδόντες
713 3730 780 3803 eqd<
808 3724 900 3796 αὐτούς

124 3808 252 3880 ὑπηκόους
263 3798 329 3870 εἶναι
339 3808 488 3890 Ταρκυνίου
500 3810 545 3869 καῖ
566 3811 645 3891 ρόρου
659 3809 689 3868 τδ
703 3810 792 3869 λοεπδν
810 3815 901 3874 ὕπατε.

123 3903 184 3967 λεῖς.
228 3898 407 3977 Σπεισάμενος
422 3898 449 3958 δέ
463 3899 527 3979 πρδς
542 3899 634 3966 αὐτούς
647 3897 692 3956 τδν
707 3899 833 3977 πολεμον,
854 3904 900 3962 καὶ

66 3996 95 4047 t'o
122 3991 165 4048 ῖπῖ
185 3988 293 4056 ταύταις
313 3995 372 4056 ταῖς
392 3987 533 4058 συνθήκαις
555 3985 719 4065 παραλαύὼν
733 3986 780 4055 τάς
794 3990 899 4071 πόλεις,

121 4078 164 4138 ἐπὶ
182 4079 304 4141 Σύεσσαν
323 4079 420 4162 ᾤχετο.
465 4081 581 4144 Ἐκεῖθεν
603 4083 631 4144 δῖ
654 4084 703 4156 τήν
723 4108 752 4144 τε
774 4083 901 4142 καταλει-

121 4171 228 4247 ρθεῖσαν
245 4170 355 4246 δύναμιν
371 4171 417 4230 καὶ
431 4168 464 4230 τά
479 4171 584 4255 λάρυρα
604 4173 649 4232 καῖ
664 4174 711 4245 τήν
729 4174 813 4245 ἀλλην
834 4175 901 4230 doc-

121 4256 217 4329 σκιυήν
230 4255 384 4336 ἀναλαὸὼν,
397 4262 433 4326 είς
449 4258 560 4336 Ῥώμην
572 4262 653 4335 ἀπήιε
672 4265 838 4320 πλουτοῦσαν
852 4259 900 4330 τήν

121 4344 247 4422 στρατιάν
269 4344 389 4424 ἀπάγων.
433 4343 599 4414 Ἐποιήσατο
617 4343 645 4403 δέ
664 4345 710 4404 καῖ
729 4344 797 4421 μιτά
813 4352 898 4408 ταῦτα

66 4443 93 4482 tt
120 4433 219 4501 πολλδις
234 4433 334 4502 ῖξόδους
349 4432 394 4493 ἐπὶ
407 4431 454 4506 τὴν
467 4433 642 4493 Οὐολούσκων
663 4432 764 4513 χώραν,
779 4435 837 4495 τοτῖ
850 4438 898 4514 μέν

121 4520 211 4600 ἀπάτη
225 4519 262 4595 τῇ
275 4521 393 4596 δυνάμει,
406 4520 463 4580 τοτῖ
480 4520 507 4579 δέ
523 4520 597 4600 μέρει
610 4521 678 4593 τινί,
694 4524 740 4581 καῖ
751 4522 821 4591 λείας
834 4526 898 4584 πολ-

119 4611 165 4683 λῆς
186 4610 288 4689 ἐγένετο
310 4611 404 4692 κύριος.
445 4608 517 4683 Ἤδη
542 4611 569 4670 δὲ
596 4614 648 4670 τῶν
672 4613 802 4672 πλείστων
826 4615 898 4696 αὐτῷ

119 4698 187 4758 κατά
200 4704 259 4761 νοῦν
277 4700 438 4781 χωρούντων
448 4701 562 4778 πόλεμος
573 4701 603 4761 ίκ
615 4703 668 4760 τῶν
683 4699 786 4782 ὁμόρων
801 4704 897 4778 ἀνέστη

118 4786 206 4870 χρόνῳ
217 4813 247 4849 τε
260 4788 359 4871 μακρός
372 4816 379 4829 ·
393 4789 440 4864 ἔτη
452 4788 504 4870 γάρ
519 4789 587 4849 tort
602 4794 718 4869 συνεχῶς
730 4791 897 4870 ἀπολεμήθη·

62 4897 92 4935 so
118 4876 162 4936 καὶ
176 4875 317 4953 παθήμασι
331 4879 457 4958 χαλεποῖς
471 4877 517 4937 καῖ
529 4878 735 4957 ἀπροσδοκήτοις
745 4880 896 4960 περιπετής.

118 4962 174 5048 Ἆρ’
187 4956 225 5026 ῶν
240 4965 263 5024 δ’
279 4968 368 5026 αίτιῶν
381 4965 482 5047 ήρξατο
492 4966 538 5026 καῖ
551 4967 676 5038 τελευτῆς
687 4965 779 5034 ὁποίας
793 4967 897 5047 ίτυχεν,

117 5052 207 5127 ἀπειδὴ
220 5053 300 5135 δολίῳ
319 5056 343 5114 τ’
368 5055 458 5135 ἀπάτῃ
482 5054 527 5114 καὶ
543 5056 745 5136 στρατηγήματι
756 5053 898 5137 παραδόξῳ

118 5140 305 5219 κατειργάσθη,
325 5139 361 5200 δι’
370 5141 516 5222 ίλαχίστων
534 5143 595 5222 έρῶ.

158 5228 231 5290 Llll.
259 5228 342 5296 Πόλις
355 5219 388 5303 ήν
399 5230 429 5288 ίκ
444 5235 489 5289 τοῦ
515 5229 637 5291 Λατίνων
651 5227 742 5308 γένους
761 5226 897 5313 ’ᾼλόανῶν

1656 410 1739 469 '233

964 545 1083 592 venturas
1104 548 1241 606 sperarent.
1276 543 1318 593 isti
1344 544 1419 605 igitur
1437 543 1514 604 signis
1533 546 1629 596 enitatis
1643 563 1737 612 purgon-

961 663 1032 720 rnot,
1051 663 1078 709 et
1091 657 1134 707 diu
1155 672 1227 721 aequo
1244 662 1323 710 marte
1340 659 1403 709 iuter
1424 673 1467 709 eos
1485 663 1607 711 certatum
1628 666 1674 714 est.
1708 670 1740 717 at

960 775 1039 836 quin
1074 773 1206 838 Tarquinio
1232 777 1304 824 nocte
1332 775 1452 838 praemissi
1485 777 1594 834 fuerant,
1622 791 1740 829 converso

961 890 1061 950 itincre,
1075 888 1202 940 Sobinoso
1223 893 1292 953 tergo
1306 890 1387 940 adorti
1411 895 1477 942 suot.
1512 892 1613 949 Sabini,
1627 908 1684 943 cum
1698 908 1740 945 eos

961 1006 1082 1057 vidissent
1106 1012 1175 1057 etex
1192 1008 1268 1058 armis
1287 1010 1313 1059 et
1340 1008 1436 1060 nexillis
1451 1011 1623 1071 agnovissent,
1637 1013 1740 1064 consitio
1760 1063 1763 1071 ,

960 1127 1057 1174 mutato
1068 1122 1173 1174 abiectis
1184 1123 1261 1173 armis
1273 1124 1329 1188 iuga
1341 1125 1446 1175 satutem
1456 1128 1738 1188 qufcrcreconcbantur.

959 1238 1079 1289 Sericum
1098 1252 1185 1289 omnes
1201 1239 1232 1288 nb
1252 1239 1366 1290 hostibus
1383 1241 1608 1303 circumdarentur,
1628 1245 1738 1309 plerique
1817 1245 1819 1249 ⁴

960 1354 1000 1403 rix
1008 1355 1111 1405 eredere
1123 1358 1256 1417 potueruut
1268 1359 1410 1412 :Romanus
1420 1357 1485 1407 enim
1493 1359 1620 1420 equitatus
1629 1360 1740 1424 undique

960 1482 1003 1520 eos
1016 1469 1200 1534 circumsepsit;
1217 1484 1267 1534 quo
1289 1469 1382 1520 tactum
1401 1473 1430 1520 ut
1451 1471 1523 1535 pauci
1541 1473 1642 1535 quidam
1662 1488 1694 1523 ex
1709 1488 1739 1526 eo

959 1584 1029 1638 ciode
1045 1585 1179 1636 incolumes
1190 1586 1336 1638 evaserint:
1359 1590 1386 1636 nt
1404 1586 1484 1637 mnior
1500 1601 1557 1651 pars
1571 1588 1604 1638 ab
1626 1589 1739 1642 hostibus

958 1702 1040 1754 occisa
1052 1706 1103 1762 est,
1121 1701 1210 1766 reliqui
1221 1716 1249 1752 se
1267 1701 1426 1753 dediderunt.
1460 1703 1509 1754 sed
1532 1718 1562 1757 oe
1579 1705 1616 1756 itti
1637 1706 1739 1770 quidem
1839 1722 1842 1728 ·
1866 1692 1878 1709 ⁹

958 1821 1000 1884 qui
1017 1820 1048 1870 nd
1067 1819 1125 1870 nolti
1139 1818 1282 1869 custodiam
1308 1819 1388 1869 relicti
1407 1820 1505 1869 inerant
1523 1822 1679 1884 restiterunt,
1694 1822 1738 1874 scd

958 1936 1011 2002 ipsc
1023 1934 1126 1985 munitio
1139 1933 1218 1998 primo
1235 1934 1328 1996 impetu
1344 1936 1416 1997 cepto
1430 1937 1469 1983 est
1484 1955 1490 1981 :
1507 1935 1547 1983 uhi
1568 1942 1657 2000 preter·
1669 1939 1737 2002 ipso·

958 2067 1013 2104 rum
1030 2050 1175 2103 Sabinorum
1196 2049 1320 2114 pccuoins,
1342 2063 1428 2100 omnes
1452 2064 1550 2115 quoque
1573 2054 1737 2106 homanorum

958 2178 998 2215 res
1009 2177 1069 2215 cnm
1087 2162 1173 2213 moitis
1186 2162 1298 2226 captiuis,
1313 2161 1394 2212 adtruc
1410 2164 1508 2215 intacto
1519 2165 1552 2215 cb
1569 2165 1683 2218 hostibus
1697 2181 1736 2219 rc-
1820 2201 1825 2207 -

957 2282 1036 2344 cepte
1045 2277 1200 2342 dominisque
1213 2278 1335 2328 restitutas
1347 2278 1414 2327 suot.

989 2396 1041 2445 Ltt.
1053 2393 1201 2458 Tarquinius
1215 2397 1316 2453 sutem,
1327 2407 1385 2444 cum
1397 2393 1492 2459 primus
1503 2398 1606 2447 conotus
1620 2396 1738 2447 exanimi

958 2492 1079 2543 sententis
1089 2491 1135 2557 ipsi
1146 2492 1317 2551 successisset,
1339 2492 1413 2543 duxit
1427 2495 1509 2558 copias
1522 2495 1547 2545 in
1563 2495 1674 2557 Sabinos,
1693 2495 1739 2561 qui

958 2590 990 2640 ed
1003 2589 1106 2641 Fidenas
1117 2590 1199 2639 cestra
1215 2587 1347 2648 habebsot,
1363 2589 1432 2640 etde
1450 2604 1554 2641 suorum
1567 2592 1637 2642 clade
1658 2592 1738 2644 nultos

958 2688 1019 2738 dum
1049 2686 1150 2737 nuntios
1183 2689 1340 2750 acceperant.
1372 2689 1447 2738 Forte
1473 2692 1557 2739 sutem
1578 2689 1614 2740 itti
1638 2702 1737 2754 quoque

958 2785 1042 2850 copias
1069 2799 1099 2835 ex
1123 2783 1188 2835 valio
1217 2784 1369 2843 eduxerant,
1382 2789 1407 2835 et
1426 2786 1475 2836 iam
1495 2788 1519 2837 in
1542 2788 1628 2838 itinere
1648 2790 1735 2850 ernnt;

958 2882 1001 2932 sed
1017 2895 1075 2932 cnm
1086 2881 1118 2932 ud
1138 2882 1223 2933 hostes
1235 2882 1486 2947 appropinquassent,
1504 2887 1529 2934 et
1544 2885 1625 2949 capitn
1635 2900 1737 2937 suorum

956 2976 1132 3041 imperatorum
1161 2976 1249 3028 taureis
1275 2977 1375 3042 praeire
1402 2980 1586 3043 conspexissent
1620 2983 1738 3045 (Romani

956 3075 1023 3126 enim
1046 3089 1076 3126 es
1097 3075 1128 3125 ad
1153 3075 1261 3127 hostium
1287 3079 1408 3127 terrorem
1437 3077 1614 3142 praeferebant)
1639 3080 1737 3145 cognito

955 3174 1206 3226 atterumerercitum
1216 3174 1328 3225 ddetum
1345 3178 1409 3237 esse,
1426 3177 1520 3227 nulium
1531 3177 1638 3240 emptius
1658 3191 1732 3243 gene·

955 3286 1041 3323 rosum
1055 3273 1149 3324 taciuus
1165 3272 1311 3333 ediderunt,
1327 3274 1369 3325 sed
1388 3275 1419 3325 ad
1433 3275 1556 3341 supptices
1568 3289 1654 3339 preces
1669 3277 1736 3328 versi

955 3375 1069 3425 hostibus
1088 3388 1115 3425 se
1133 3373 1288 3425 dediderunt.
1322 3374 1402 3424 Sabini
1427 3375 1510 3439 igitur,
1529 3375 1592 3427 adeo
1620 3376 1684 3428 toede
1706 3391 1736 3428 nc

954 3461 1087 3514 infeliciter
1100 3465 1205 3526 utroque
1216 3463 1327 3513 exercitu
1338 3463 1444 3522 amisso,
1459 3463 1491 3514 sd
1503 3467 1736 3530 magoasaugustias

954 3555 1046 3606 redacti
1071 3559 1093 3606 et
1125 3554 1197 3605 veriti
1222 3568 1252 3605 ne
1269 3555 1344 3606 urbes
1364 3556 1443 3618 primo
1465 3555 1559 3622 impetu
1580 3563 1733 3622 caperentur,

958 3649 1051 3714 legatos
1063 3649 1095 3700 dc
1113 3662 1174 3713 poce
1189 3648 1323 3707 miserunt,
1336 3649 1379 3711 qui
1393 3662 1421 3699 sc
1433 3662 1527 3712 surque
1540 3652 1672 3714 Tarquinio
1688 3652 1734 3703 de·

956 3744 1051 3804 derebt,
1064 3757 1094 3794 cs
1105 3742 1260 3801 conditione,
1278 3747 1306 3791 ut
1317 3741 1371 3792 eius
1388 3742 1490 3807 imperio
1503 3747 1626 3807 parerent,
1642 3749 1667 3796 et
1687 3746 1733 3797 tri·

954 3838 1014 3888 huts
1032 3838 1056 3888 in
1069 3841 1195 3902 posterum
1209 3836 1353 3901 penderent.
1386 3838 1449 3887 Pace
1459 3837 1533 3901 igitur
1549 3839 1652 3899 ἀεικεῖ
1667 3839 1735 3892 hisce

954 3935 1050 3998 poputis
1061 3932 1110 3983 ittis
1120 3931 1180 3995 ipsis
1199 3931 1380 3982 conditionibus
1399 3946 1463 3996 quas
1472 3932 1572 3996 ipsimet
1591 3934 1734 3987 obtulerunt

956 4027 981 4077 io
1005 4027 1079 4078 fidem
1098 4025 1210 4090 receptis,
1234 4028 1349 4076 Suessam
1370 4026 1451 4077 rediit.
1485 4025 1545 4076 lnde
1571 4029 1655 4092 copias
1672 4042 1733 4092 ques

955 4121 1089 4184 reliquerat
1115 4120 1236 4183 obduxit,
1257 4123 1283 4170 et
1309 4120 1417 4184 praedam
1439 4133 1469 4170 ac
1491 4120 1583 4183 reliqua
1610 4122 1733 4174 exercitus

953 4213 1127 4279 impedimenta
1142 4212 1305 4276 absportavit,
1318 4214 1505 4277 exercitumque
1518 4214 1611 4266 divitiis
1625 4217 1731 4266 attinen-

952 4306 1003 4355 tem
1015 4309 1114 4357 tiomsm
1126 4303 1234 4355 reduxit.
1268 4307 1353 4357 Postea
1365 4306 1456 4357 muitas
1467 4322 1565 4372 quoque
1574 4310 1732 4360 excursiones

953 4397 1012 4451 fecit
1030 4402 1056 4452 io
1072 4415 1158 4465 οεςτυιιι
1175 4404 1340 4463 Volscorurn,
1363 4402 1438 4455 modo
1456 4405 1515 4454 totis
1539 4403 1633 4453 viribus
1657 4401 1732 4452 modo

953 4495 1024 4558 parte
1043 4495 1167 4558 copiarum
1186 4496 1293 4555 eductn;
1317 4499 1343 4545 et
1362 4495 1453 4561 ingenti
1472 4495 1555 4560 proeda
1573 4495 1665 4559 potitus
1683 4496 1729 4544 cst.

953 4587 1016 4635 cnm
1030 4590 1114 4638 autem
1128 4586 1234 4650 plurimo
1246 4585 1269 4637 ei
1290 4599 1322 4637 ex
1342 4585 1415 4636 animi
1432 4587 1534 4637 consitio
1545 4583 1730 4643 successissent,

951 4679 1043 4731 bellum
1057 4694 1072 4729 s
1088 4679 1199 4731 finitimis
1215 4679 1312 4745 populis
1331 4680 1466 4731 excitatum
1484 4684 1532 4740 est,
1547 4677 1614 4742 quod
1632 4679 1728 4727 diutur-

952 4787 1012 4824 num
1025 4774 1072 4824 tuit
1087 4775 1096 4834 t
1103 4777 1198 4839 septem
1210 4773 1275 4824 enirn
1294 4774 1424 4825 continuos
1435 4785 1512 4821 annos
1528 4768 1644 4829 durarit)
1656 4768 1730 4831 inquo

951 4865 1092 4917 discrimino
1111 4866 1198 4918 incidit
1218 4866 1302 4931 gravia
1322 4879 1351 4917 ac
1372 4866 1503 4929 insperata.
1537 4863 1564 4910 ld
1587 4859 1678 4922 quihus
1698 4874 1730 4911 es

951 4960 1047 5011 caussis
1059 4963 1168 5023 coepturn
1182 4959 1218 5021 tit,
1228 4963 1254 5010 et
1271 4973 1402 5023 quemnam
1418 4954 1530 5006 habuerit
1544 4953 1647 5016 exitum,
1667 4968 1732 5019 quo-

951 5051 1016 5101 nism
1032 5053 1087 5102 srte
1098 5052 1183 5102 dolose
1207 5054 1233 5101 ct
1251 5051 1374 5115 insperato
1395 5049 1566 5110 stratagemate
1589 5047 1729 5099 coniectum

952 5147 1003 5204 cst,
1026 5157 1101 5209 quam
1117 5142 1273 5208 paucissimis
1285 5143 1367 5193 verbis
1378 5141 1467 5191 dicam.

981 5237 1047 5302 ¹biti.
1066 5236 1132 5287 Urbs
1152 5238 1206 5288 erat
1218 5234 1300 5286 Latini
1318 5234 1431 5296 nominis,
1449 5231 1600 5286 Albanorum
1622 5231 1726 5290 colonia,

987 5428 1255 5471 ,Q
