3772 5828
615 389 904 463 ANTIQUITATUM
925 395 1069 456 noninN.
1094 397 1164 458 LlB.
1188 398 1223 458 tt.
1683 409 1718 467 st

116 523 193 596 λευμ’
208 519 338 598 ἤρεσκεν,
361 516 451 598 έορτλν
466 518 575 597 προεῖπε
596 520 641 579 καί
659 520 805 601 πανήγυριν
820 523 890 592 ἄξειν

917 537 919 546 “
948 536 1039 585 testum
1050 540 1076 586 et
1090 536 1162 586 ludos
1177 538 1291 590 solennes
1307 542 1421 603 Neptuno
1436 555 1462 591 se
1478 542 1598 595 iactumm
1619 547 1720 608 indixit,

119 608 280 678 Ποσειδῶνι,
294 604 339 663 καὶ
355 605 544 682 περιήγγελλεν
559 607 594 673 εἰς
607 605 653 674 τὰς
664 607 772 688 έγγιστα
788 611 887 684 πόλεις,
945 624 970 672 et
991 621 1085 673 dimisit
1104 625 1170 673 circa
1185 626 1278 675 vicinas
1299 627 1373 677 urbes
1387 629 1430 691 qni
1443 635 1563 679 rorarent
1581 634 1721 697 quicunque

119 698 206 756 καλῶν
225 693 284 759 τοὺς
305 692 479 772 βουλομένους
503 696 598 774 αἰγορῖς
622 719 651 754 τε
676 697 889 773 μεταλαμύάνειν
913 690 918 796 β
943 713 968 761 et
976 715 1109 761 conventus
1120 716 1144 761 et
1157 715 1319 764 certaminum
1331 716 1422 766 uellent
1433 730 1488 767 esse
1499 718 1639 783 participes.
1673 726 1721 773 l'a·

116 784 162 845 καί
177 781 300 860 θγύινων·
316 782 362 841 καλ
373 781 423 861 γδιρ
438 783 541 858 ἀγῶνας
553 781 622 850 ἄξειν
637 783 745 860 ἔμελλεν
759 785 848 845 ίππων
861 812 889 848 τε

75 889 89 927 ο
114 873 160 932 καλ
182 872 283 951 ἀνδρῶν
303 869 496 937 παντοδαπούς.
540 870 721 931 Συνελθόντων
736 872 763 932 δέ
784 876 889 934 πολλῶν

114 961 193 1029 ξένοιν
210 961 246 1025 εἰς
256 957 302 1028 τήν
316 957 407 1037 ἑορτὴν
422 957 536 1036 γυναιξίν
549 959 606 1036 άμα
616 961 661 1019 καλ
674 961 788 1034 τέκνοις,
799 961 889 1034 ἐπειδὴ

114 1048 163 1115 τάς
177 1070 206 1106 τε
222 1045 308 1106 θυαίαι
326 1044 466 1105 ἐπετέλεσε
478 1048 516 1127 τῷ
530 1048 674 1106 Ποσειδῶνι
689 1049 734 1108 καί
745 1049 805 1115 τοθς
824 1053 890 1126 άγιῖι·

116 1159 176 1207 νας,
195 1134 378 1214 τῇτελευταίρ
399 1136 451 1193 τῶν
466 1137 591 1212 ἡμερῶν,
610 1127 628 1212 ᾖ
651 1136 780 1195 διαλύσειν
797 1136 890 1213 έμελλι

116 1223 164 1293 τὴν
176 1221 338 1302 πανήγυριν,
357 1221 535 1301 παράγγελμα
552 1222 641 1281 δίδωσι
656 1225 712 1291 τοῖς
726 1225 804 1298 νέοις,
821 1223 889 1297 ἡνίκ’

61 1330 89 1370 ιο
118 1309 148 1369 δν
164 1310 240 1377 αὐτὸς
255 1311 306 1391 άριζΙ
319 1311 349 1370 τδ
361 1319 484 1386 σημεῖον,
500 1310 626 1390 ἁρπάζειν
640 1312 686 1378 τὰς
702 1311 836 1394 παρούσας
848 1312 891 1372 έπλ

115 1397 162 1471 τὴν
177 1398 237 1459 θέαν
252 1398 406 1476 παρθένους,
424 1388 464 1465 αίς
478 1396 509 1456 ἂν
530 1399 690 1477 ἐπιτύχωσιν
705 1399 826 1473 έκαστοι,
846 1401 890 1460 καὶ

115 1488 253 1566 φυλάττειν
270 1485 350 1563 ἇγνδις
364 1485 466 1558 έκείνην
478 1485 525 1558 τὴν
540 1488 633 1559 νύκτα,
649 1492 683 1568 τῇ
698 1488 720 1547 δ’
733 1486 790 1559 ἑξῆς
805 1488 891 1570 ἡμέρῳ

114 1575 177 1653 πρὸς
195 1576 287 1634 ἑαυτὸν
303 1575 386 1653 άγειν.
429 1577 464 1636 Oi
483 1573 530 1647 μέν
545 1576 576 1643 δὴ
589 1576 641 1635 νέοι
657 1576 810 1645 διαστάντες
821 1577 889 1636 κατά

114 1663 275 1743 συστρορδις,
288 1663 379 1735 έπειδί,
391 1661 421 1721 τθ
431 1661 541 1740 σύνθημ’
559 1661 635 1743 ἀρθὲν
647 1654 727 1737 ε’ίδον,
749 1663 889 1746 τρέπονται

61 1768 87 1806 rs
114 1750 178 1830 πρὸς
202 1749 250 1820 τὴν
268 1753 320 1808 τῶν
343 1750 478 1830 παρθένων
501 1748 641 1830 ἁρπαγὴν,
666 1751 770 1831 ταραχὴ
790 1752 817 1811 δέ
838 1756 889 1812 τῶν

118 1836 196 1905 ξένοιν
216 1838 289 1904 εὐθὺς
313 1836 414 1912 ἐγένετο
435 1837 480 1897 καί
495 1838 563 1920 φυγὴ
586 1837 673 1917 μεῖζόν
688 1862 714 1898 τι
730 1838 810 1900 κακδν
824 1845 888 1921 θρο-

117 1925 254 2004 ρωμίνων.
296 1927 338 2004 Τῇ
354 1925 376 1983 δ’
389 1925 446 1996 έξῆς
457 1927 545 2007 ἡμέρῳ
561 1930 743 2005 προαχθεισῶν
755 1931 807 1986 τῶν
820 1951 890 2006 παρ-

117 2010 210 2086 θένων,
228 2013 483 2091 παραμυθησάμενος
498 2017 581 2074 αὐτῶν
596 2013 642 2086 τὴν
660 2013 772 2088 ἀθυμίαν
787 2019 801 2075 ό
817 2015 891 2077 Ῥω·

117 2099 214 2176 μύλος,
230 2105 265 2170 ὡς
280 2107 326 2163 οὐκ
340 2104 380 2185 ἐρ’
394 2103 467 2183 θύρει
482 2109 528 2177 τῆς
548 2107 670 2186 ἁρπαγῆς
684 2105 741 2164 ἀλλ’
755 2106 798 2164 tat
811 2105 889 2186 γάμῳ

58 2207 87 2248 so
115 2190 269 2268 γενομένης,
282 2192 439 2265 Ἑλληνικόν
451 2218 480 2254 τε
499 2195 544 2254 καλ
563 2197 673 2274 ἀρχαῖον
694 2194 845 2276 ἀποφαίνων
859 2197 890 2257 τὸ

115 2277 169 2346 ἔθος
189 2279 234 2339 καί
255 2280 357 2360 τρόπων
379 2281 541 2358 συμπάντων
563 2285 622 2340 καθ’
649 2280 692 2348 οθς
716 2283 890 2344 συνάπτονται

114 2366 196 2443 γάμοι
214 2377 272 2435 ταῖς
292 2369 408 2447 γυναιξίν
434 2370 656 2448 έπιρανέστατον,
679 2368 751 2441 ἠξίου
775 2370 890 2450 στέργειν

113 2454 173 2521 τοθς
187 2457 307 2523 δοθέντας
321 2459 414 2522 αθταῖς
424 2458 519 2532 ἄνδρας
533 2456 582 2516 θπδ
593 2461 640 2528 τῆς
654 2458 750 2537 τύχητ’·
764 2458 809 2517 καλ
823 2460 890 2535 μιτδ

115 2548 193 2602 τοῦτο
206 2543 378 2620 διαριθμήσας
393 2544 438 2609 τδς
453 2542 531 2620 κόρας
546 2541 719 2610 ίξακοσίαςτε
738 2546 784 2604 καλ
798 2545 890 2623 θγδοή·

54 2645 85 2683 ns
116 2651 197 2688 κοντα
216 2629 261 2688 καί
281 2638 350 2712 τρεῖς
369 2630 534 2709 εὑρεθείσας,
551 2630 686 2699 κατέλεξεν
702 2623 775 2700 α’ύθις
796 2636 825 2693 έκ
838 2637 891 2694 τῶν

945 797 982 847 ris
997 799 1062 848 enim
1075 801 1207 849 certamina
1228 806 1279 852 tam
1301 815 1421 866 equorum
1435 817 1510 866 quarn
1525 805 1635 857 virorum
1650 823 1720 860 com-

943 884 1064 935 missuros
1077 890 1140 937 erat.
1177 890 1240 938 Cum
1254 890 1339 953 itaquo
1356 891 1428 942 multi
1447 893 1568 956 peregrini
1588 901 1720 949 convenis·

944 976 999 1022 sent
1011 972 1043 1022 ad
1059 987 1102 1024 eas
1128 975 1201 1025 terias
1221 990 1269 1025 una
1292 992 1348 1026 eum
1370 981 1489 1030 uxoribus
1506 985 1531 1030 et
1552 982 1650 1045 liboris,
1665 991 1720 1048 post

944 1061 1062 1111 aurificia
1075 1066 1101 1112 et
1115 1064 1251 1113 certamina
1267 1068 1379 1128 Neptuno
1396 1073 1509 1130 pepacta,
1525 1075 1650 1133 postremo
1669 1074 1719 1124 dle.

943 1162 993 1212 quo
1007 1152 1155 1201 conventum
1168 1155 1222 1202 srat
1233 1152 1395 1215 dimissurus,
1418 1156 1557 1208 iunioribus
1576 1157 1719 1223 imperavit.

944 1240 974 1288 ut
992 1238 1140 1304 simulatque
1154 1240 1206 1304 ipse
1227 1243 1321 1306 signum
1342 1243 1465 1306 dedisset,
1482 1253 1596 1310 raperent
1613 1250 1721 1313 virgines

944 1330 1067 1391 quotquot
1077 1329 1109 1378 ad
1122 1331 1262 1400 spectacula
1274 1332 1411 1393 venissent,
1426 1333 1450 1382 in
1463 1347 1527 1397 quas
1541 1338 1646 1400 quisque
1661 1338 1721 1389 tuci.

941 1419 1031 1480 disset,
1045 1433 1136 1483 easque
1158 1421 1224 1478 ltlsm
1244 1426 1339 1472 noctem
1355 1429 1436 1475 castas
1454 1433 1581 1478 servarent
1592 1468 1598 1489 ,
1611 1433 1719 1494 sequenti

941 1522 1001 1561 nero
1023 1511 1061 1561 die
1082 1512 1113 1560 ad
1135 1525 1161 1562 se
1182 1513 1340 1570 adducerent.
1373 1517 1494 1567 iuventus
1516 1517 1590 1582 igitur
1613 1522 1721 1572 Romana
1805 1562 1808 1567 .

942 1603 1085 1655 catervatim
1098 1604 1190 1664 divisa,
1207 1611 1337 1669 postquam
1359 1608 1454 1672 signum
1467 1610 1498 1660 de
1510 1625 1559 1674 quo
1573 1619 1720 1678 convenerat

942 1698 1033 1749 elatum
1050 1700 1125 1762 vidit,
1145 1701 1176 1750 ad
1197 1701 1304 1766 uirgines
1323 1703 1453 1766 rapiendas
1476 1704 1598 1759 discurrit.
1632 1709 1720 1760 Statim

943 1792 1026 1842 autem
1047 1792 1231 1856 peregrinorum
1249 1793 1359 1843 tumulus
1378 1798 1403 1844 et
1417 1794 1473 1859 iuga
1486 1801 1571 1848 exorta
1585 1803 1637 1861 est,
1654 1802 1719 1865 qnod

943 1884 1043 1949 gratim
1062 1884 1165 1948 aliquod
1187 1885 1278 1935 malum
1299 1886 1346 1936 sibi
1365 1885 1507 1951 impendero
1528 1893 1719 1954 suspicarentur.

943 1976 1061 2040 Sequenti
1074 1975 1115 2026 dis
1130 1977 1264 2041 virginibus
1279 1978 1421 2042 productis,
1435 1981 1568 2042 Romulus,
1582 1985 1720 2036 consolatus

942 2078 1027 2117 earum
1047 2065 1205 2127 maestitiam,
1231 2067 1331 2126 docuit,
1351 2081 1400 2118 non
1419 2068 1517 2121 tnturta
1536 2071 1580 2121 sed
1605 2073 1721 2124 connubii

943 2171 1030 2209 mussa
1043 2157 1108 2221 ipsas
1120 2161 1202 2223 raptus
1215 2172 1285 2218 esse,
1304 2163 1331 2209 et
1341 2159 1519 2212 demonstravit
1537 2176 1631 2213 morem
1643 2165 1718 2215 istum

941 2252 968 2300 et
992 2250 1107 2302 Graccum
1143 2254 1168 2300 st
1192 2250 1320 2314 antiquum
1352 2265 1420 2314 esse,
1443 2252 1567 2319 istamque
1598 2256 1718 2307 rationem

939 2340 1061 2402 omniurn,
1071 2341 1161 2406 quibus
1175 2341 1238 2392 inter
1249 2342 1315 2392 rinos
1329 2345 1355 2395 et
1367 2344 1481 2396 mulieres
1490 2345 1645 2396 matrimonia
1657 2361 1718 2397 con·

940 2431 1079 2491 trabuntur,
1095 2445 1149 2482 csse
1167 2432 1272 2482 maxime
1292 2431 1421 2497 insignem.
1454 2437 1535 2492 Quare
1556 2435 1650 2499 rogavit
1671 2450 1713 2489 ens

942 2528 969 2575 nt
983 2523 1049 2573 siros
1069 2524 1116 2574 sibi
1138 2539 1152 2574 a
1173 2526 1272 2575 torinna
1292 2525 1365 2576 datos
1381 2525 1518 2592 diligerent.
1552 2531 1640 2580 Postea
1659 2542 1718 2582 nero

941 2613 1074 2664 numeratis
1089 2613 1188 2678 praellis,
1208 2619 1234 2665 et
1249 2629 1378 2666 ocnxxxm
1393 2616 1498 2668 inventis
1512 2617 1603 2681 delegit
1618 2620 1719 2671 totidem

116 2717 230 2796 ἀγχμων
253 2720 348 2799 ἄνδρας
372 2718 538 2799 huppem,
559 2709 597 2786 ol<
624 2721 704 2790 αὐτὰ,
726 2721 889 2802 mmm
942 2705 1232 2768 rtroscasttbas,qutbns
1250 2719 1292 2756 eas
1313 2708 1337 2757 in
1355 2708 1539 2759 matrimonium
1550 2709 1619 2760 dedit
1639 2712 1718 2774 patrio

114 2806 185 2866 κατὰ
204 2807 262 2875 τοὺς
284 2807 407 2887 π,τργους
429 2806 540 2881 ἐκόπη,
556 2807 685 2886 mamb&
705 2809 748 2869 γπι,
766 2811 887 2893 ,ο,,ω,γ,
942 2795 1132 2859 uniuscuiusque
1146 2810 1227 2858 more,
1242 2798 1342 2861 nuptias
1354 2799 1469 2849 intereos
1484 2799 1524 2849 his
1539 2800 1719 2852 conditionibus

112 2893 198 2973 πυρὸς
213 2894 258 2954 καὶ
276 2894 367 2962 ὕδωρ
382 2898 482 2974 γγμυῶ,
497 2893 556 2963 τοὺς
570 2896 686 2976 γάμους,
701 2901 736 2966 ὡς
750 2900 795 2958 ,μγ
809 2902 887 2981 Q,
940 2889 1086 2948 concilians,
1103 2893 1130 2939 ut
1142 2889 1205 2953 ignis
1222 2892 1248 2939 et
1265 2903 1336 2953 aquae
1353 2890 1463 2941 ciusdem
1476 2891 1606 2955 participes
1622 2895 1717 2954 essem,

111 2986 163 3042 τῶν
181 2983 240 3042 καθ’
257 2989 327 3059 ἡμᾶς
339 2984 520 3044 {mmmm
534 2985 646 3064 χρόνων,
940 2978 1147 3041 quemadmodum
1158 2978 1238 3029 adhuc
1252 2984 1278 3030 et
1292 2984 1376 3030 nostra
1388 2982 1463 3031 estate
1477 2980 1512 3030 ῆι.

56 3083 85 3122 so
154 3073 259 3133 XXXI.
272 3075 366 3134 Ταῦτα
379 3070 406 3131 δὲ
416 3071 535 3148 γενέσθαι
544 3072 609 3140 τινές
622 3072 669 3150 μὲν
678 3075 807 3154 γράφουσι
820 3078 888 3135 χατὰ
971 3075 1056 3123 xxxi.
1066 3074 1180 3125 Nonnulli
1189 3074 1315 3125 hucanno
1328 3075 1405 3138 primo
1414 3075 1480 3138 regni
1493 3075 1590 3126 llomuli
1601 3077 1719 3129 accidisse

112 3158 155 3217 τδν
168 3163 272 3238 πρῶτον
287 3158 404 3219 ἐνιαυτὸν
418 3163 464 3231 τῆς
482 3158 623 3237 Ῥωμύλου
637 3164 741 3242 ἀρχῆς,
756 3166 848 3230 Γναῖος
862 3165 888 3223 δὲ
941 3159 1043 3210 tradunt
1055 3176 1061 3207 τ
1075 3165 1102 3213 at
1113 3163 1203 3213 Gnaeus
1212 3162 1304 3213 Gellius
1318 3165 1420 3226 quarto,
1431 3162 1497 3226 quod
1509 3163 1583 3213 ctiam
1596 3165 1716 3216 verisimi-

114 3246 218 3314 Γέλλιος
229 3247 296 3306 κατὰ
306 3245 350 3305 τδν
360 3245 497 3325 τέταρτον
511 3246 581 3306 θκαί
591 3250 692 3324 μᾶλλον
702 3250 778 3318 εἰκός.
823 3252 889 3312 Νέον
940 3250 988 3301 lius
1005 3256 1051 3303 est.
1084 3253 1222 3303 Absurdnm
1243 3253 1306 3304 enim
1327 3255 1426 3315 inisset,
1440 3253 1503 3305 urbe
1516 3267 1602 3305 recens
1620 3256 1718 3306 condita

113 3333 163 3413 γὰρ
177 3333 337 3410 οἰκιζομένης
351 3333 453 3401 πόλεως
467 3336 585 3414 ἡγεμόνα
603 3336 664 3415 πρὶν
685 3335 702 3408 ἢ
716 3340 888 3413 κατηγήσα-
940 3338 1075 3403 prinoipem
1087 3345 1143 3392 ante
1155 3341 1262 3391 civitatis
1273 3343 1364 3391 statum
1377 3344 1541 3393 constitutum
1551 3346 1645 3392 tantum
1656 3342 1717 3393 iaet-

114 3426 173 3480 σθαι
184 3422 230 3494 τὴν
241 3422 374 3481 πολιτείαν
385 3423 453 3505 ίργῳ
462 3425 609 3504 τηλικούτῳ
622 3428 762 3507 ἐπιχειρεῖν
774 3432 819 3488 aba.
835 3427 890 3508 έχει
939 3439 987 3475 ¹¹⁰³
1002 3440 1141 3490 flitmum
1156 3441 1218 3478 0⁸⁵0·
1236 3431 1266 3479 Εῑ
1289 3433 1374 3492 raptus
1386 3443 1498 3480 itum
1511 3430 1551 3480 ³¹³5
1573 3429 1672 3492 θθῑθθῐῐ·
1686 3430 1717 3480 ³⁴¹

56 3535 84 3573 ης
115 3507 201 3586 λόγον.
222 3512 278 3581 Τῆς
298 3509 322 3568 δ’
338 3510 459 3590 ἁρπαγῆς
473 3510 519 3582 τὴν
537 3513 622 3571 αἰτίαν
637 3515 661 3570 οἱ
675 3515 723 3589 μὲν
740 3516 775 3581 εἰς
796 3515 891 3575 aravo
940 3513 1069 3566 mulierum
1081 3515 1386 3578 penuriamreierunt‚atii
1395 3532 1453 3583 pero
1462 3518 1494 3568 ad
1502 3518 1717 3569 bellioocasionsm

116 3601 244 3674 γυναικῶν
259 3599 515 3680 άναρέρουσιν,οίδ’
530 3600 566 3667 εἰς
580 3600 702 3680 ἀφορμὴν
722 3602 889 3682 πολέμου,οῑ
940 3601 989 3652 boc
1001 3601 1220 3665 modoqucusitmn.
1254 3605 1300 3661 Qui
1313 3605 1488 3655 vsromaxirne
1502 3605 1644 3657 verisimilis
1657 3607 1718 3656 seri.

118 3684 145 3742 δὲ
154 3682 186 3742 τθ
197 3684 362 3746 πιθανώτατα
371 3688 528 3767 γράφοντες,
540 3678 578 3756 οἷς
591 3688 665 3765 κάγὼ
680 3689 888 3768 συγκατεθέμην,
940 3688 1014 3749 bunt,
1023 3689 1114 3750 quibus
1125 3693 1150 3739 et
1161 3703 1206 3753 ego
1217 3691 1347 3749 assentior,
1359 3691 1428 3743 aiunt
1442 3693 1490 3742 troc
1501 3693 1622 3744 accidisse
1632 3696 1660 3743 ut
1671 3706 1718 3743 ne·

117 3773 153 3839 εἷς
169 3770 200 3830 τὸ
214 3772 330 3856 συνάψαι
342 3774 472 3854 φιλότητα
486 3774 551 3855 πρὸς
563 3775 609 3842 τὰς
625 3776 824 3858 pimeniam
840 3779 889 3837 πό.
912 3835 915 3843 Ι
941 3775 1065 3827 densitudo
1083 3790 1140 3827 cum
1160 3777 1244 3828 vicinis
1267 3778 1408 3830 civitatibus
1427 3779 1624 3830 contraheretur.
1658 3779 1717 3830 lllas

114 3861 168 3925 λεις
181 3859 338 3939 ἀναγκαίαν.
381 3863 438 3934 Τὴν
460 3861 488 3921 δὲ
506 3861 558 3922 τόθ’
575 3863 626 3922 ὑπὸ
640 3862 781 3940 Ῥωμύλου
800 3869 889 3922 καθιε-
912 3864 915 3931 ί
940 3867 1023 3915 aulem
1038 3864 1120 3926 feriat·
1139 3869 1198 3916 ¹⁰⁰0
1211 3865 1338 3917 ³1³⁰¹¹¹¹¹¹⁰
1351 3872 1520 3928 ⁰0¹¹⁵²⁶fflli⁸r
1539 3881 1593 3917 med
1611 3880 1714 3932 quoque

57 3962 86 4000 ιο
115 3951 240 4027 ρωθεῒσαν
252 3949 345 4029 έορτὴν
356 3951 394 4010 ἔτι
408 3951 503 4018 καλεῖς
516 3950 562 4030 ἐμὲ
578 3952 684 4028 ἄγοντες
697 3951 827 4028 Ῥωμαῖοι
838 3955 890 4013 διε.
912 3948 915 4007 i
940 3954 1015 4003 aetats
1024 3953 1126 4004 liomnui
1134 3952 1300 4015 celebrabant,
1314 3954 1443 4006 Consualia
1454 3959 1569 4005 vocantes
1581 3973 1588 4004 ι
1601 3969 1650 4018 quo
1661 3953 1716 4015 die,

113 4036 221 4112 τέλουν,
238 4038 414 4097 Κωνσουάλια
429 4039 583 4114 καλοῦντες,
600 4032 658 4120 ἕνῇ
678 4037 767 4118 βωμός
785 4038 808 4098 θ’
822 4039 891 4098 breri-
912 4028 915 4091 ί
940 4057 984 4094 ατε
993 4044 1151 4095 subterranea
1166 4045 1287 4095 nditicata
1299 4046 1638 4108 transmontanorum,
1651 4050 1717 4098 terra

114 4145 181 4202 γειος
202 4124 340 4205 ἱδρυμένος
358 4126 432 4206 παρθ
454 4131 491 4208 τῷ
513 4128 630 4208 μεγίστῳ
649 4133 701 4187 τῶν
720 4127 889 4208 ἱπποδρόμων
941 4132 1034 4183 circum
1046 4134 1186 4195 etlommet
1199 4133 1328 4187 sacrificiis
1340 4139 1366 4186 et
1377 4135 1506 4198 primitiis,
1519 4147 1575 4200 quas
1592 4135 1648 4200 igne
1659 4135 1717 4186 adn·

113 4215 373 4292 περισκαφείσηςτῆς
383 4216 574 4293 γῆςθυσίαιςτε
584 4215 795 4296 καλῦπερττύροις
805 4218 890 4296 niunp-
941 4219 1032 4282 lentur,
1045 4220 1148 4282 eolitnr;
1160 4224 1319 4272 etcertsmen
1339 4236 1457 4286 equorum
1473 4223 1612 4274 iunctorum
1627 4227 1652 4273 et
1668 4235 1715 4273 nou

113 4308 175 4381 χιιῖς
193 4302 361 4384 γεραίρεται,
377 4303 423 4364 καλ
450 4304 545 4385 δρόμος
560 4305 646 4363 ίππων
669 4307 781 4373 ζευκτῶν
801 4303 889 4362 τεκαὶ
939 4307 1079 4359 iunctorum
1089 4308 1259 4360 committitur.
1293 4310 1503 4371 Deusantem,in
1519 4310 1716 4361 cniushonorem

57 4398 85 4437 ιο
114 4389 247 4459 ἀζεύκτων
262 4393 435 4453 ἐπιτελεῖται.
478 4396 608 4454 Καλεῖται
623 4393 646 4456 δ’
663 4393 764 4467 θθεδς,
780 4381 802 4473 ᾧ
816 4391 889 4450 ταῦτ’
941 4395 996 4448 bne
1011 4395 1272 4458 iaciunt‚altomanis
1287 4402 1390 4448 vocatur
1411 4399 1613 4463 consus,qui,si
1632 4400 1716 4447 nasim

113 4479 277 4550 έπιτελοῦσι,
290 4482 398 4550 Κῶνσος
409 4479 460 4542 tat
469 4478 625 4559 Ῥωμαίων·
637 4478 665 4539 θν
678 4479 889 4559 ἐξερμηνεύοντες
939 4486 1022 4550 lingua
1034 4500 1121 4538 εοοειιι
1139 4487 1337 4551 interpretemur,
1353 4489 1401 4538 erit
1412 4491 1441 4538 ut
1459 4489 1570 4539 nonnulli
1586 4488 1656 4536 aiunt
1668 4490 1716 4537 llo·

47 4590 51 4598 ’
114 4567 152 4632 εἰς
170 4563 219 4636 τλν
242 4565 373 4647 ἡμετέραν
404 4569 523 4646 γλῶτταν
551 4568 706 4629 Ποσειδῶνα
740 4566 888 4645 σεισίχθονά
939 4576 1171 4639 σιιθῶνσεισίχθωι,
1192 4579 1357 4640 etpropterea
1375 4575 1573 4628 dicuuteiaram
1590 4575 1717 4625 subterra·

114 4675 193 4734 φασιν
209 4641 275 4714 είναί
290 4679 377 4728 τινες,
394 4654 440 4715 καλ
458 4655 502 4715 δεδι
519 4658 587 4715 τοῦθ’
601 4656 715 4736 ὑπογείῳ
734 4656 889 4730 τετιμῆσθαι
940 4677 1011 4715 neam
1027 4676 1083 4715 esse
1097 4668 1280 4727 consecratam,
1291 4664 1350 4729 quia
1366 4664 1415 4716 iste
1428 4667 1494 4715 Dens
1515 4669 1607 4714 terram
1628 4663 1654 4712 in
1672 4675 1717 4710 sua

115 4744 201 4822 βωμῷ
214 4741 350 4819 λέγουσιν,
367 4742 407 4801 ότι
420 4741 468 4815 τὴν
482 4747 531 4821 γῆν
549 4748 561 4802 θ
576 4743 631 4810 θεδς
642 4735 715 4809 οὗτος
729 4741 793 4821 ἔχει.
816 4739 889 4818 Ἐγὼ
939 4755 1061 4817 potestate
1070 4752 1168 4803 babeat
1201 4755 1251 4815 ligo
1260 4765 1320 4802 sero
1328 4758 1354 4804 et
1362 4751 1435 4803 alium
1446 4753 1493 4802 har.
1501 4751 1533 4802 de
1547 4766 1576 4801 re
1588 4749 1715 4800 hominum

60 4834 87 4873 ⁶⁰
116 4827 145 4887 δέ
163 4829 310 4910 κοιλότερον
330 4821 388 4890 οἶδα
403 4832 480 4911 λόγον
494 4833 612 4902 α’κούων,
625 4835 661 4898 ὡς
676 4835 722 4902 τῆς
736 4831 783 4908 μέν
800 4834 889 4910 ἑορτῆς
940 4852 1074 4891 sermonem
1088 4842 1153 4899 ario,
1164 4840 1236 4891 terias
1248 4840 1341 4892 seilicet
1350 4845 1464 4905 Neptuno
1473 4839 1605 4897 celebrari,
1622 4840 1648 4887 et
1663 4849 1716 4889 esra·

115 4919 154 4998 τῷ
175 4920 322 4978 Ποσειδῶνι
336 4919 466 5000 ἀγομένης
480 4921 525 4982 καλ
545 4927 590 4981 τοῦ
606 4922 702 5001 δρόμου
721 4925 772 4978 τῶν
788 4919 889 4979 ἱππίων
940 4934 1022 4979 tamen
1038 4930 1189 4992 equestrem
1202 4928 1277 4978 basius
1290 4928 1330 4978 dei
1344 4928 1460 4979 bonorem
1484 4926 1550 4985 iteri,
1565 4923 1632 4974 illam
1652 4938 1712 4976 nero

114 5006 200 5087 τούτῳ
219 5010 258 5088 τῷ
281 5013 331 5089 θεῷ
347 5007 503 5088 γινομένου,
527 5015 574 5069 τοῦ
592 5008 620 5069 δὲ
643 5008 784 5089 καταγείου
800 5013 891 5087 βωμοῦ
939 5030 1007 5067 aram
1019 5016 1201 5067 subterraneam
1218 5015 1373 5067 ‹leocuidam
1388 5016 1482 5079 ignoto,
1497 5012 1656 5066 consiliorum
1673 5028 1716 5067 oe·

116 5093 221 5173 δαίμονι
240 5097 347 5178 θρριίτῳ
364 5096 416 5156 τινί
438 5099 623 5178 βουλευμάτων
646 5098 761 5181 κρυιρίων
782 5097 890 5175 ἡγεμόνι
938 5105 1061 5154 cultorum
1080 5102 1340 5167 praenotassent,
1358 5106 1442 5166 postea
1462 5113 1517 5152 esse
1536 5106 1713 5156 consecratam.

114 5178 161 5237 καί
182 5180 281 5264 ρύλοικι
303 5184 558 5252 κατασκευασθέντος
581 5183 698 5266 ύστιρον.
745 5185 890 5244 Ποσειδῶνι
939 5195 1052 5257 Neptuno
1072 5191 1136 5243 enim
1153 5205 1220 5243 aram
1234 5191 1357 5244 ocentiam
1368 5203 1490 5256 nusquam
1501 5193 1621 5242 terrarum
1634 5206 1716 5261 usque
