3772 5828
622 312 914 437 ANTtQtttrnttJnt
936 359 1084 425 ROMAN.
1109 366 1183 428 ΗΒ.
1207 368 1257 430 Vi.

130 521 143 547 ιι
158 491 289 573 μάχονται
313 488 373 571 περὶ
395 491 480 549 αὐτῶν
501 488 566 570 πρὸς
579 489 639 559 τούς
658 491 816 571 πολεμίως,
836 496 860 551 ol
879 494 906 554 δὲ

131 609 144 636 ιι
159 581 346 661 ἐμπορεύονται
369 578 470 646 πολλάς
491 579 535 637 διδι
556 579 691 654 θαλάσσης
714 582 861 662 ὠφελείας,
883 585 907 642 οί

130 695 143 723 ιι
159 667 186 726 δὲ
216 666 262 735 τάς
296 665 441 745 ἀναγκαίας
472 667 625 749 ἐργάζονται
653 667 759 749 τέχνας.
817 670 850 728 Et
880 669 907 728 δέ

128 785 142 811 ιι
155 758 242 818 πάντα
258 757 293 818 τδι
306 755 366 828 itm
383 759 467 813 ταῦτα
484 755 548 836 πρὸς
559 754 606 829 τὴν
626 757 723 836 βουλὴν
739 757 786 830 τὴν
803 762 832 819 ἐκ
856 761 907 818 τῶν

89 842 101 880 ⁵
128 874 141 900 ιι
156 846 270 925 ἀρίστων
292 843 466 922 συγκειμένην
487 845 685 906 διαστασιάσειε
697 846 744 905 καὶ
758 847 843 926 λέγοι·
867 846 906 908 Σὺ

128 961 141 987 ιι
157 933 185 993 δὲ
211 921 333 1010 ἧμῖν,ὦ
356 931 461 1011 βουλὴ,
485 933 511 991 τί
534 941 616 1001 ποιεῖς
646 933 761 1013 ἀγαθόν;
786 934 831 994 καί
849 935 906 994 ἀντί

128 1048 142 1074 ιι
158 1023 234 1088 ποίας
254 1021 339 1088 αἰτίας
354 1019 445 1100 ἀρχειν
467 1023 518 1079 τῶν
537 1020 624 1080 ἀλλων
639 1021 738 1096 ἀξιοῐςς
764 1021 836 1082 οὐδέν
855 1022 907 1103 γάρ

128 1104 190 1168 ιιᾶν
209 1113 290 1169 εἰπεῖν
312 1111 392 1189 ἔχοις.
441 1105 557 1168 Ἔπειτα
586 1111 633 1170 ούκ
660 1109 906 1189 ἀπαλλαγησόμεθά

128 1227 141 1252 ιι
155 1222 202 1259 σου
211 1203 258 1270 τῆς
270 1197 418 1277 τυραννίδος
429 1195 526 1270 ταύτης
541 1198 593 1270 ἤδη
602 1197 667 1258 ποτὲ
677 1199 721 1258 καὶ
732 1199 794 1280 δίχα
806 1200 905 1279 ἡγεμό-

75 1287 100 1328 ¹⁰
127 1312 141 1340 «
156 1310 196 1355 νος
223 1290 382 1364 οἷκήσομενς
420 1288 443 1345 εί
471 1285 504 1357 δὴ
525 1290 609 1346 ταῦτα
644 1289 821 1360 διανοηθέντες
853 1293 905 1347 τῶν

126 1403 140 1430 ιι
154 1375 271 1447 curione
306 1374 521 1452 ἐπιτηδευμάτων
549 1377 705 1449 ἀποσταῖεν,
735 1377 761 1436 τί
789 1377 905 1437 κωλύσει

127 1489 140 1515 ιι
153 1463 252 1533 ταύτην
271 1462 355 1536 κακὴν
374 1465 462 1529 κακῶς
477 1460 622 1524 ἀπολέσθαι
636 1463 684 1535 τὴν
702 1464 778 1524 πόλιν
794 1466 844 1527 ὑπὸ
860 1468 904 1526 λι-

126 1578 139 1604 ιι
153 1557 204 1628 μού
220 1574 248 1610 τε
261 1551 433 1626 καὶπολέμου
454 1551 499 1611 καί
517 1552 614 1619 παντὸς
631 1552 710 1613 ἀλλου
733 1559 830 1628 κακούς
848 1579 904 1631 μα-

126 1666 139 1691 ιι
156 1639 241 1706 δόντες
258 1630 355 1710 adme}
374 1639 508 1718 δημόται,
528 1640 569 1700 δτι
590 1640 710 1721 καθάπερ
730 1644 756 1701 ἰν
772 1651 826 1711 τοῖς
847 1643 903 1703 σεύ-

72 1734 97 1774 tt
126 1757 138 1783 ιι
155 1753 235 1806 μασιν
250 1732 359 1806 ἡμῶνὴ
383 1728 567 1809 λοιδορουμένη
588 1732 676 1796 κακῶς
690 1729 740 1788 ὑπὸ
762 1734 814 1789 τῶν
830 1733 902 1790 πολ-

125 1845 138 1871 ιι
152 1821 205 1877 λῶν
221 1817 323 1898 γαστὴρ
346 1816 434 1896 τρέφει
448 1818 477 1876 τὸ
495 1821 573 1895 σῶμα
591 1819 738 1899 τρεφομένη
759 1821 805 1878 καὶ
826 1819 903 1890 σώζει

125 1934 138 1960 ιι
154 1909 290 1983 σωζομένη
312 1906 357 1965 καὶ
384 1906 455 1965 ἔστιν
478 1906 542 1966 ὡσεί
566 1930 604 1974 τις
628 1907 744 1974 ἑστίασις
774 1907 846 1980 κοινὴ
872 1909 902 1968 τδ

125 1994 298 2075 «πρόσφορον
328 1993 453 2054 ἁπάντων
488 1993 534 2053 καί
568 2000 615 2067 τῆς
655 1997 781 2072 διαμονῆς
818 1993 901 2055 αἴτιον

125 2109 137 2134 ιι
153 2085 335 2143 ἀποδιδοῦσα·
358 2083 439 2152 ούτως
462 2086 489 2143 έν
516 2092 574 2152 ταῖς
595 2084 702 2144 πολεσιν
724 2090 740 2158 ἡ
766 2087 900 2145 διοικοῦσα

69 2168 97 2209 2⁰
124 2196 137 2221 ιι
151 2169 184 2228 τάι
203 2171 277 2230 κοινὰ
293 2173 339 2232 καὶ
353 2179 398 2232 τοῦ
412 2174 589 2256 προσήκοντος
609 2173 713 2253 ἑκάστῳ
726 2173 900 2250 ποονοουμίνη

123 2285 136 2311 ιι
153 2261 235 2338 βουλδΙ
250 2261 336 2320 πάντα
354 2261 431 2330 σώζει
458 2262 504 2320 καὶ
528 2261 652 2338 φυλάττει
677 2262 728 2335 uui}
745 2263 899 2341 ἐπανορθοῖ·

123 2375 136 2400 ιι
150 2349 286 2409 παύσασθε
302 2350 348 2416 τάς
362 2349 513 2430 ἐπιφθόνους
527 2351 585 2407 κατ’
606 2351 684 2418 αὐτῆς
705 2349 790 2430 φωνδις
804 2349 896 2427 λέγον·

123 2462 136 2489 ιι
149 2460 212 2511 τες,
233 2443 268 2505 ὡς
289 2437 445 2509 ἐξεόλήθητε
464 2445 512 2509 τῆς
534 2439 659 2515 πατρίδος
685 2439 729 2496 καὶ
753 2441 787 2504 ὡς
802 2439 898 2510 ἀλῆται

125 2549 137 2574 ιι
151 2525 196 2583 καὶ
206 2526 307 2604 πτωχοί
321 2526 491 2604 περιέρχεσθε
512 2525 545 2582 δι’
558 2525 650 2596 αὐτόν.
668 2525 753 2584 Οὐδέν
766 2525 817 2604 γδιρ
832 2529 899 2604 ὑμᾶς

66 2624 93 2662 2⁵
123 2637 136 2664 ιι
151 2611 288 2691 εἴργασται
310 2613 411 2684 δεινθν,
427 2613 486 2673 οὐδὲ
514 2611 546 2670 ἀν
569 2611 727 2691 ἐργάσαιτο,
755 2615 813 2672 ἀλλ’
830 2615 898 2688 αὐτὴ

123 2725 136 2751 ι
150 2703 226 2757 καλεῖ
239 2700 283 2758 καὶ
300 2699 431 2759 ἀντιύολεῖ
452 2698 496 2759 καί
519 2698 565 2765 τὰς
585 2698 671 2778 ψυχὰς
696 2703 756 2776 ὑμῖν
771 2697 828 2775 ἅμα
842 2703 899 2767 ταῖς

124 2815 137 2841 ιι
151 2789 245 2857 πύλαις
261 2789 450 2850 ἀναπετάσασα
465 2789 633 2869 ὑποδέχεται.
653 2818 666 2842 ιι

163 2878 337 2940 lxxxiii.
363 2882 482 2939 Τοιαῦτα
518 2878 636 2952 λέγοντος
669 2882 714 2936 τοῦ
743 2877 895 2954 Μενηνίου,

121 2965 218 3025 πολλαί
244 2968 288 3024 καὶ
316 2966 435 3026 ποικίλαι
453 2970 517 3044 παρ’
531 2965 596 3038 itm
614 2964 727 3040 έγίνοντο
747 2967 795 3035 τὴν
811 2968 898 3045 δημη·

66 3063 94 3104 ³0
119 3051 210 3131 γορίαν
224 3057 317 3113 ἐκτῶν
333 3055 470 3135 παρόντων
491 3053 586 3134 φωναί.
632 3052 743 3127 Ἐπειδὴ
759 3053 785 3113 δέ
810 3056 897 3116 τελευ·

125 3143 171 3199 τῶν
194 3148 240 3200 τοῦ
254 3143 333 3222 λόγου
354 3143 419 3222 πρὸς
439 3139 601 3222 ὀλοφυρμοὺς
622 3142 766 3223 ἐτράπετο,
782 3143 827 3201 καὶ
849 3144 897 3213 τάς

121 3231 266 3306 μελλούσας
280 3231 397 3300 καθέξειν
417 3231 552 3312 συμφοράς
564 3230 623 3299 τούς
634 3253 664 3290 τε
677 3231 854 3308 ὑπομένοντας
870 3234 896 3292 έν

120 3321 152 3398 τῇ
177 3319 252 3379 πόλει
274 3319 393 3388 καὶτοὺς
417 3320 643 3397 ἀπελαυνομένους
667 3320 712 3377 καί
733 3325 780 3386 τὰς
798 3323 897 3399 ἀμφοῖν

120 3407 300 3467 ἀνεκλαύσατο
312 3408 409 3488 τύχας,
424 3409 526 3487 δάκρυά
541 3432 570 3468 τε
584 3409 689 3468 πάντων
701 3409 836 3487 ἐξεχεῖτο,
851 3410 896 3469 καί

64 3504 91 3546 θθ
122 3504 171 3576 μιᾷ
190 3499 238 3575 βοιῗΙ
269 3497 516 3578 συμφρονήσαντες,
533 3496 681 3570 ἀνιόόησαν
701 3497 812 3575 άπάγειν
829 3506 895 3577 σφᾶς

122 3586 158 3650 είς
171 3583 218 3653 τὴν
233 3584 309 3643 πόλιν
335 3585 431 3662 καὶμὴ
456 3586 555 3664 τρίόειν
572 3584 616 3646 τόν
640 3586 751 3665 χρόνον·
767 3585 855 3664 ὀλίγου
868 3609 897 3645 τε

121 3671 192 3730 πάνυ
212 3670 321 3743 ἐδέησαν
338 3673 442 3731 ἀπιέναι
458 3674 500 3734 δεδι
515 3674 611 3753 τάχους
631 3676 660 3732 έκ
676 3678 722 3743 τῆς
744 3672 895 3752 ἐκκλησίας,

123 3761 228 3817 ἅπαντα
243 3758 276 3817 τά
290 3761 435 3838 πράγματα
455 3769 507 3829 τοῖς
519 3761 693 3842 πρεσβευταῖς
713 3760 896 3841 ἐπιτρέιβαντις

119 3847 165 3906 καί
175 3844 257 3925 μηδὲν
274 3846 340 3906 ἀλλο
353 3853 404 3908 τῶν
414 3851 450 3916 εἰς
461 3850 607 3925 ἀσφάλειαν
618 3848 894 3928 πραγματευσάμενοι,

66 3973 93 4014 te
119 3939 143 3996 εἰ
161 3936 199 4013 μὴ
215 3935 379 4017 παρελθὼνδ
395 3938 509 4017 Βροῦτος
524 3935 622 4016 ἐπέσχε
638 3939 684 4004 τὰς
695 3936 777 4018 όρμδις
794 3940 895 3998 αὐτῶν·

121 4051 133 4076 ιι
148 4027 173 4084 Τ
174 4026 190 4082 δι
205 4024 251 4100 μὲν
266 4024 335 4084 ἀλλα
349 4029 437 4093 καλῶς
448 4025 520 4105 ἔχειν
531 4029 570 4106 τῷ
581 4026 675 4108 δήμῳ,
691 4026 797 4105 λέγων,
815 4023 864 4086 ὅσα
881 4032 895 4101 η

120 4141 132 4165 ιι
151 4116 232 4192 βουλὴ
245 4118 405 4195 ὑπισχνεῖτο,
428 4114 474 4174 καί
495 4114 595 4188 πολλὴν
606 4116 674 4195 αὐτῇ
688 4118 740 4174 τῶν
756 4138 895 4196 συγχωρη·

119 4231 132 4256 ιι
149 4203 243 4265 θέντων
265 4204 344 4283 χάριν
365 4203 436 4283 ἔχειν
464 4201 556 4271 ἀξιῶν·
580 4204 722 4263 δεδοικέναι
741 4205 829 4280 μέντοι
851 4205 895 4264 τόν

118 4317 130 4344 ιι
145 4291 249 4351 ἅπαντα
264 4292 309 4371 [τά
327 4294 397 4352 καλά
412 4291 587 4373 μαραίνοντα]
604 4292 695 4371 χρόνον
713 4293 837 4372 φάσκων,
851 4295 896 4351 καὶ

63 4420 89 4459 45
118 4407 131 4433 ιι
145 4381 203 4448 τοὺς
229 4372 301 4448 αύθίς
327 4404 389 4441 ποτε
405 4381 571 4462 τυραννικοὺς
594 4383 689 4462 ἄνδρας
711 4383 895 4461 έπιχειρήσον·

119 4493 210 4547 ιιτας,
239 4473 261 4529 εἶ
282 4470 374 4550 τύχοι,
411 4471 472 4550 περλ
499 4473 552 4528 τῶν
577 4471 721 4549 γεγονότων
751 4474 788 4551 τῷ
818 4469 896 4550 δήμῳ

120 4584 133 4610 ιι
149 4559 326 4633 μνησικακεῖν·
339 4557 403 4639 μίαν
420 4558 447 4618 δέ
459 4547 525 4617 εἶναι
538 4569 604 4618 πᾶσι
623 4568 677 4626 τοῖς
692 4559 820 4619 δεδοικόσι
836 4560 895 4627 τοὺς

119 4671 133 4697 ιι
147 4646 294 4723 κρείττονας
329 4649 411 4724 μόνην
437 4647 581 4727 ἀσφάλειαν
604 4647 721 4722 ταύτην,
747 4649 770 4708 εἰ
795 4649 895 4724 γένοιτο

118 4758 131 4785 ιι
144 4735 229 4801 αύτοῖς
250 4734 377 4815 φανερόν,
402 4735 442 4795 ὅτι
467 4738 521 4803 τοῖς
538 4735 704 4815 βουλομένοις
728 4734 822 4803 αύτούς
835 4737 894 4794 ἀδι-

62 4862 89 4903 ω
116 4846 129 4873 ιι
145 4827 200 4879 κεῖν
215 4821 387 4901 ούχύπάρχει
402 4819 525 4898 δύναμις·
542 4819 590 4891 ἕως
605 4819 632 4880 δέ
646 4820 678 4881 ἀν
689 4824 762 4902 παρῇ
777 4820 808 4880 τὸ
819 4821 895 4879 δύνα·

115 4938 128 4962 ιι
144 4915 204 4969 σθαι
216 4909 249 4969 τά
258 4910 360 4990 πονηρὰ
372 4911 445 4990 δρᾶν,
458 4911 506 4969 οὐκ
518 4910 645 4992 ἀλλείιβιιν
660 4917 713 4975 τοῖς
727 4910 848 4987 πονηροῖς
863 4908 894 4968 τὸ

117 5028 128 5052 ιι
145 5000 292 5077 βούλεσθαι,
338 5001 447 5072 Ταύτης
468 4991 511 5060 ούν
527 5002 550 5060 εί
560 4999 663 5080 τύχοιεν
675 5003 722 5071 τῆς
737 4996 889 5080 ἀσφαλείας,

117 5114 129 5137 ιι
146 5087 219 5146 οὐδὲν
240 5090 328 5154 αὐτοῖς
343 5087 383 5147 ίτι
407 5088 519 5160 δεήσειν.
540 5115 552 5140 ιι
587 5087 778 5167 Ὑποτυχόντος
798 5088 825 5146 δέ
846 5092 892 5147 τοῦ

116 5200 129 5226 ι
144 5175 275 5246 Μενηνίου
292 5175 338 5234 καί
366 5176 536 5245 κελεύσαντος
560 5176 644 5255 λέγειν
666 5176 714 5249 τὴν
729 5175 891 5256 ἀσφάλειαν,

1681 388 1742 449 379

964 520 977 546 ι
992 503 1109 567 temoni
1118 506 1316 569 exoptimatibus
1326 514 1433 572 constat,
1447 514 1596 578 conspirent,
1604 523 1629 569 et
1640 522 1740 577 dicunt:

964 626 977 650 ι
992 608 1030 658 'ru
1042 622 1109 671 vcro,
1124 615 1238 674 scamus,
1253 615 1313 677 quid
1328 616 1386 668 boni
1398 618 1470 669 nobis
1484 620 1566 670 tacis?
1586 625 1612 673 et
1626 638 1700 688 quam
1710 630 1743 680 ob

964 724 1104 764 «caussam
1122 714 1176 765 aliis
1194 715 1316 782 imperare
1327 722 1386 772 vis?
1402 722 1493 774 nuttam
1509 729 1576 776 rertc
1589 729 1676 782 aiierre
1689 746 1743 796 ptos

963 835 976 859 ιι
991 817 1026 867 sis
1041 835 1047 866 :
1061 832 1140 871 nonne
1149 821 1249 872 tandem
1258 823 1391 890 aliquando
1402 827 1489 879 abhuc
1501 835 1542 881 tua
1558 835 1686 896 tyrannide
1698 851 1744 888 nos

963 941 975 965 ιι
990 921 1156 984 liberabimus,
1177 931 1202 977 et
1215 927 1268 980 sine
1284 931 1392 995 principe
1412 934 1546 999 degemus?
1559 937 1584 987 si
1600 939 1677 1002 igitur
1688 939 1743 994 haec

962 1050 974 1074 ι
990 1031 1124 1095 cogitantes
1142 1037 1295 1088 sconsuetis
1317 1039 1406 1090 studiis
1422 1041 1557 1104 discedunt,
1575 1047 1635 1110 quid
1649 1049 1744 1104 vetabit

963 1136 1053 1188 «banc
1074 1139 1198 1193 civitatem
1218 1144 1308 1195 rodam
1331 1147 1394 1199 male
1415 1151 1495 1214 perire
1513 1154 1577 1207 inme
1590 1161 1617 1207 et
1638 1159 1703 1210 betto
1717 1162 1743 1213 et

961 1259 974 1283 ι
990 1241 1079 1304 quovis
1093 1243 1140 1293 ulio
1152 1245 1321 1299 calamitatum
1346 1257 1455 1317 genere?
1486 1257 1539 1306 ltoc
1553 1259 1627 1322 igitur
1644 1263 1740 1324 scintis,

962 1346 1111 1409 «Quirites,
1127 1350 1191 1401 sicut
1204 1356 1291 1405 venter
1311 1355 1336 1406 in
1354 1361 1445 1408 nostris
1461 1363 1604 1426 corporibus
1626 1369 1741 1421 conuiciis

962 1465 974 1494 ιι
989 1448 1112 1501 immerito
1129 1466 1145 1502 ιι
1162 1456 1248 1506 multis
1269 1459 1367 1523 petitus,
1379 1462 1440 1514 dum
1452 1464 1526 1516 alitur
1538 1467 1582 1518 ulit
1600 1483 1698 1535 corpus,
1715 1478 1742 1524 et

962 1569 974 1598 ιι
988 1551 1050 1603 dum
1072 1560 1187 1608 servatur
1200 1566 1292 1621 serrat,
1319 1569 1406 1629 estque
1431 1567 1500 1620 velut
1521 1584 1650 1625 commune
1664 1578 1742 1639 quod·

961 1677 973 1706 ιι
989 1659 1048 1709 dnm
1062 1664 1216 1725 penuarium,
1235 1669 1302 1732 quod
1323 1673 1438 1725 omnibus
1453 1677 1569 1728 membris
1591 1680 1616 1730 id
1628 1681 1741 1747 imperti·

961 1777 973 1806 ιι
990 1765 1040 1822 tur,
1050 1763 1115 1823 quod
1128 1764 1188 1828 ipsis
1199 1769 1321 1821 conducat
1336 1785 1414 1836 eaque
1425 1784 1553 1829 conservet
1566 1800 1572 1828 :
1583 1781 1619 1830 sic
1630 1783 1705 1834 etiem
1715 1783 1741 1837 tn

963 1859 1129 1911 «civitatibus
1140 1870 1263 1928 senatum,
1276 1870 1320 1933 qui
1342 1873 1516 1937 rempublicam
1534 1878 1699 1945 adrniuistrat,
1715 1888 1742 1936 et

963 1982 975 2005 ι
988 1961 1031 2025 qui
1053 1963 1164 2014 solicitus
1187 1968 1227 2016 est
1249 1967 1280 2018 de
1309 1973 1428 2036 eoquod
1454 1976 1585 2041 unicuique
1616 1985 1738 2046 convenit,

962 2088 975 2112 «
989 2069 1071 2119 omnis
1089 2082 1189 2121 servare
1210 2075 1235 2122 et
1246 2075 1371 2127 custodire
1385 2081 1410 2128 et
1420 2072 1542 2144 borrigere
1556 2103 1562 2132 :
1577 2099 1662 2150 quare,
1675 2089 1741 2141 desl-
1804 2157 1807 2162 Ι

962 2185 974 2209 ι
993 2166 1186 2217 uiteinvidiosus
1204 2169 1228 2219 in
1237 2184 1295 2221 eum
1312 2189 1385 2226 voces
1403 2178 1511 2239 iectnre;
1533 2195 1578 2232 vos
1597 2187 1740 2239 sollicetnb

963 2282 975 2312 ιι
989 2278 1019 2315 co
1032 2265 1111 2329 putria
1128 2270 1244 2332 expulsos
1261 2276 1287 2322 et
1303 2278 1329 2323 ut
1343 2290 1443 2328 errones
1456 2285 1482 2331 et
1495 2284 1620 2337 mendicos
1639 2293 1739 2355 propter

962 2381 1048 2418 neum
1064 2369 1155 2432 rogari.
1189 2372 1260 2424 Nullo
1277 2377 1342 2426 enim
1367 2381 1488 2433 mcteiieio
1516 2385 1556 2436 ille
1579 2403 1623 2440 ros
1640 2391 1739 2458 adesit,

961 2487 973 2510 ιι
988 2483 1034 2519 nec
1054 2469 1191 2522 allecturus
1208 2478 1247 2525 est
1268 2496 1275 2525 :
1296 2478 1340 2528 sed
1361 2480 1412 2544 ipse
1433 2496 1479 2534 sos
1496 2493 1594 2538 revocet
1619 2493 1645 2541 et
1667 2497 1736 2559 orat,

961 2588 972 2611 ιι
988 2571 1014 2618 et
1035 2570 1175 2632 petentibus
1195 2575 1311 2628 cordibus
1331 2583 1358 2629 et
1381 2581 1454 2634 simut
1478 2588 1556 2650 portis
1580 2593 1672 2654 apertis
1695 2609 1739 2647 ros

962 2691 974 2714 ι
987 2674 1101 2738 recipiet.
1122 2699 1133 2718 ··

989 2863 1129 2912 thliitt'tt.
1156 2867 1222 2915 Dum
1246 2867 1299 2918 baec
1320 2869 1415 2924 diceret
1428 2876 1563 2940 Menenius,
1590 2894 1634 2944 per
1660 2887 1737 2935 totum

957 2946 1100 2997 com-ionem
1125 2950 1209 3001 nuuitae
1227 2957 1252 3003 ct
1270 2956 1346 3007 verim
1360 2972 1432 3009 uoces
1445 2963 1622 3018 emittebantur
1645 2971 1736 3028 abillis

957 3035 1001 3095 qui
1016 3034 1052 3086 ibl
1064 3038 1167 3088 aderunt
1209 3043 1275 3092 cnm
1289 3058 1347 3097 vero
1363 3047 1388 3097 in
1407 3056 1516 3102 extrema
1537 3069 1591 3106 sure
1613 3062 1737 3114 concionis

956 3125 1026 3183 parte
1036 3136 1091 3174 sese
1106 3125 1138 3174 sd
1149 3126 1256 3178 tamenta
1272 3131 1387 3185 rertIsset
1400 3139 1426 3186 et
1437 3138 1576 3203 reipublice
1584 3145 1737 3199 calamitates

957 3208 1121 3273 imminentes,
1142 3216 1193 3263 tam
1218 3215 1268 3267 iliis
1288 3220 1332 3282 qui
1350 3221 1374 3270 in
1394 3223 1456 3274 urbe
1479 3231 1635 3282 remanebant
1662 3250 1736 3298 quern

955 3295 1004 3346 illis
1022 3299 1066 3360 qui
1082 3301 1177 3363 expulsi
1195 3303 1305 3367 inerant,
1330 3311 1356 3359 et
1375 3316 1536 3379 utrorumque
1567 3321 1678 3374 miserius
1690 3328 1734 3380 de-

956 3384 1078 3448 tlevisset,
1093 3393 1151 3439 tunc
1164 3405 1250 3442 omncs
1268 3394 1382 3447 lacrimas
1405 3402 1532 3456 etiuuderc
1546 3417 1689 3478 coeperunt,
1710 3420 1736 3468 et

956 3485 1003 3521 unu
1017 3487 1077 3525 voce
1088 3490 1117 3525 ac
1131 3477 1162 3526 de
1174 3481 1300 3530 communi
1315 3487 1438 3537 sententia
1451 3494 1652 3560 conclamarunt,
1671 3506 1699 3553 ut
1708 3519 1735 3556 se

954 3568 979 3616 in
991 3565 1077 3616 urbem
1094 3565 1225 3616 reduceret
1246 3582 1307 3620 nere
1321 3574 1419 3638 tempus
1436 3582 1534 3632 tereret.
1569 3588 1677 3639 Eteerte
1689 3605 1733 3656 pa-

953 3668 1009 3703 rum
1020 3650 1098 3701 obtuit
1109 3651 1168 3713 quin
1178 3652 1291 3706 celeriter
1306 3670 1337 3707 ex
1350 3664 1468 3716 concione
1479 3669 1584 3732 abirent,
1596 3675 1669 3726 rebus
1681 3694 1734 3731 orn·

952 3741 1025 3792 nibus
1038 3738 1174 3802 legatorum
1191 3740 1294 3793 arbitrio
1320 3748 1456 3812 permissis,
1466 3757 1491 3803 et
1503 3758 1565 3808 nibil
1586 3765 1692 3827 nunptios
1703 3767 1734 3819 de

951 3829 1082 3885 securitate
1101 3826 1250 3895 laborantes,
1262 3833 1309 3885 nisi
1323 3851 1466 3902 progressus
1478 3846 1570 3896 Brutus
1590 3864 1674 3904 eorum
1690 3855 1735 3906 im-
1808 3898 1813 3907 .

951 3936 1037 3995 petum
1055 3931 1220 3999 repressisset,
1232 3926 1318 3977 diceas
1337 3947 1344 3978 ι
1365 3949 1377 3973 ι
1395 3933 1485 3983 θείοιο
1506 3936 1621 3999 quidem,
1636 3955 1693 4004 qum
1706 3957 1734 3995 se

953 4047 964 4070 ι
983 4029 1057 4079 natus
1076 4025 1140 4090 plebi
1149 4022 1276 4084 otierebat,
1289 4026 1355 4074 recte
1367 4035 1394 4074 se
1405 4024 1506 4088 habero,
1516 4032 1576 4079 etse
1586 4044 1699 4095 magnam
1711 4034 1735 4084 ei

953 4139 966 4163 ι
978 4119 1012 4170 ob
1027 4119 1152 4185 postulato
1161 4131 1277 4170 concesso
1290 4117 1393 4180 gmtiam
1410 4118 1550 4171 habendam
1562 4135 1663 4176 censere
1673 4146 1679 4176 ι
1690 4127 1734 4178 scd

953 4227 966 4252 ι
981 4212 1063 4261 tumen
1077 4225 1104 4260 se
1117 4213 1243 4274 posterum
1263 4210 1362 4273 tempus
1390 4208 1477 4261 timere
1489 4211 1556 4274 quod
1576 4214 1657 4264 omnia
1672 4216 1734 4267 bons

953 4314 965 4338 ιι
980 4296 1124 4359 pessumdet
1137 4299 1162 4346 et
1178 4296 1290 4346 homines
1302 4295 1398 4361 ingenio
1413 4298 1539 4360 tyrannico
1558 4301 1689 4362 preditos,
1702 4315 1734 4352 ne

954 4401 966 4425 ιι
979 4396 1066 4435 rursus
1085 4384 1217 4447 aliquando
1237 4384 1269 4445 (si
1284 4398 1311 4435 se
1324 4384 1422 4435 occasio
1435 4385 1568 4450 obtulerit)
1596 4391 1733 4453 preteritas

953 4473 1058 4537 «plebis
1080 4473 1182 4524 inierim
1193 4475 1218 4524 in
1232 4474 1376 4525 memorium
1404 4480 1526 4537 revocent,
1541 4492 1630 4541 easque
1646 4479 1732 4531 ulcisci

952 4566 1107 4614 «conentur.
1142 4567 1220 4614 Unum
1241 4577 1299 4615 vero
1320 4566 1440 4616 rationem
1458 4579 1525 4626 osse,
1545 4582 1594 4630 qua
1615 4574 1732 4621 cnreutur

951 4669 965 4698 ιι
980 4652 1094 4703 ornnibus
1108 4651 1152 4715 qui
1173 4653 1321 4715 potentiores
1342 4654 1446 4713 timent,
1476 4654 1539 4704 benc
1564 4656 1688 4715 videlicet,
1709 4657 1731 4706 si

951 4759 964 4784 ιι
979 4742 1132 4805 compertum
1158 4739 1279 4799 habeant,
1304 4741 1336 4791 iis
1360 4741 1403 4806 qui
1432 4740 1545 4791 iniuriam
1569 4742 1631 4805 ipsis
1650 4743 1731 4795 iecere

950 4827 1074 4888 «rotent,
1097 4830 1244 4891 potestatem
1265 4826 1368 4880 deesse:
1393 4830 1511 4894 quamdiu
1540 4828 1605 4880 euim
1627 4827 1729 4881 meleta·

950 4937 962 4962 ιι
977 4918 1058 4970 ciendi
1071 4920 1212 4969 facultatem
1227 4919 1262 4969 ilii
1285 4920 1424 4983 habuerint,
1441 4934 1489 4971 non
1504 4919 1590 4971 delore
1611 4919 1731 4985 improbis

950 5027 963 5051 ιι
977 5006 1139 5058 voluntatem.
1172 5008 1198 5060 Si
1216 5008 1291 5070 igitur
1303 5008 1366 5059 hunc
1378 5009 1517 5059 cautionem
1531 5005 1624 5072 plebeii
1636 5008 1731 5063 inerint
1822 5064 1826 5071 ,

949 5114 962 5140 ι
979 5096 1115 5154 consecuti,
1133 5096 1200 5146 nulla
1215 5108 1241 5145 re
1258 5095 1307 5145 iltis
1322 5098 1440 5159 preterea
1453 5109 1516 5160 opus
1541 5096 1601 5170 ione.
1616 5118 1629 5144 ιι
1664 5100 1729 5151 cum
1791 5144 1796 5153 ,

952 5203 966 5229 ι
982 5186 1067 5237 autem
1088 5186 1217 5236 Menenius
1236 5185 1290 5235 eius
1306 5183 1382 5238 rerba
1404 5186 1558 5250 excepisset,
1569 5191 1595 5239 et
1614 5186 1804 5498 μιν]
