3772 5828
624 330 917 404 aNtlQUITnTUll
938 333 1084 394 ROMAN.
1113 337 1183 396 Liil.
1207 339 1245 399 ll.

129 460 197 523 κατδι
216 457 262 520 δύο
281 458 423 519 τάττεσθαι
444 457 581 534 δαιμόνων,
593 462 759 537 πολεμιστῶν
788 462 820 520 τά
841 460 900 521 όνό·

130 573 210 629 ματα.
263 548 308 609 Ἔν
334 547 360 605 δὲ
389 554 434 606 τοῦ
458 550 515 606 θεοῦ
542 550 580 628 τῷ
599 549 700 624 τεμένει
727 549 900 629 χορεύουσ’ἡ

129 644 189 704 παῖς
216 639 301 703 ἔνθεος
330 636 417 717 άφνω,
435 637 551 713 γίνεται,
570 636 616 694 καὶ
646 640 827 698 καταλιποῦσα
857 638 901 697 τὸν

127 725 202 806 χορόν
231 728 267 792 εἰς
285 723 330 783 τὸν
350 722 430 797 σηκὸν
447 722 571 802 εἰςτρέχει
592 729 636 783 τοῦ
657 730 726 787 θεοῦ.
790 724 899 787 'Enete’

88 828 100 864 t
127 814 247 894 ἐγκύμων
279 816 309 871 lx
327 816 372 870 τοῦ
402 809 534 885 δαίμονος,
556 814 590 878 ὥς
609 813 707 870 άπασιν
736 815 835 888 έδόκει,
854 837 899 891 γε·

126 902 222 979 ναμένη
242 899 324 960 τίκτει
343 901 439 976 παῖδα,
461 901 559 959 Μόδιον
581 900 676 976 ὄνομα,
699 901 900 962 ‹imbiberint-

125 990 236 1059 κλησιν·
256 988 284 1055 δς
303 987 442 1068 ἀνδρωθεὶς
462 987 563 1067 μορφήν
583 990 608 1045 τ’
627 991 656 1047 οὖ
676 991 735 1048 κατ’
755 989 900 1071 ἄνθρωπον,

128 1077 199 1134 ἀλλά
219 1078 349 1153 δαιμόνιον
368 1075 451 1154 ίσχει,
472 1075 517 1133 καί
538 1077 572 1135 τά
595 1076 710 1154 πολέμια
730 1078 836 1137 πάντων
855 1079 900 1155 γί-

128 1187 202 1222 νεται
222 1165 421 1243 λαμπρότατος·
442 1163 487 1222 καὶ
507 1164 584 1223 αὐτὸν
605 1164 748 1245 είςέρχεται
768 1167 844 1233 πόθος
862 1169 900 1225 ol·

73 1273 99 1310 ιο
128 1253 200 1311 κίααι
229 1252 304 1312 πολιν
340 1255 381 1331 ἐφ’
411 1255 515 1312 ἑαυτοῦ.
573 1252 734 1330 Συναγαγὼν
763 1256 793 1327 δὴ
821 1255 898 1334 χεῖρα

125 1339 223 1410 πολλὴν
251 1342 303 1398 τῶν
333 1341 394 1418 περὶ
422 1342 509 1397 ἐκεῖνα
535 1336 569 1396 τά
598 1339 674 1418 χωρί’
704 1341 852 1413 οἰκούντων,
872 1344 898 1400 έν

126 1428 206 1509 ὀλίγῳ
225 1429 296 1488 πάνυ
316 1429 403 1509 χρόνῳ
432 1429 513 1497 κτίζει
532 1427 578 1493 rie
597 1429 761 1505 καλουμένας
790 1430 897 1506 Κύρεις·

125 1520 161 1583 ὡς
181 1520 229 1594 μέν
250 1541 316 1583 τινες
340 1522 485 1595 ἱστοροῦσιν
514 1515 557 1574 ἐπί
584 1522 630 1575 τοῦ
662 1517 793 1592 δαίμονος,
824 1517 849 1585 έξ
869 1511 899 1577 ού

123 1604 242 1683 γενέσθαι
260 1605 335 1684 λόγος
355 1604 432 1663 αὐτὸν
446 1595 510 1682 εἶχε,
530 1603 652 1680 τούνομα
673 1610 705 1684 τῇ
727 1605 801 1666 π’όλει
821 1606 899 1682 θέμε-

72 1721 96 1758 ta
124 1713 175 1761 νος·
196 1699 232 1760 rb<
256 1697 279 1753 δ’
309 1693 391 1770 έτεροι
413 1691 555 1772 γράφουσιν
577 1692 620 1750 ἐπὶ
645 1695 691 1763 τῆς
712 1694 829 1771 αἰχμῆς·
850 1692 898 1750 κύ·

125 1806 175 1862 ριις
193 1784 243 1863 γὰρ
267 1784 290 1840 οί
304 1780 414 1841 Σαόῖνοι
436 1780 488 1849 τάς
503 1779 602 1860 αίχμθς
617 1782 752 1843 καλοῦσιν.
804 1784 897 1841 Ταῦτα

123 1871 171 1948 μὲν
186 1864 230 1930 οῦν
254 1870 390 1943 Τερέντιος
409 1870 536 1949 Οὐάρρων
558 1869 663 1950 γράφει.

165 1962 269 2021 xle.
296 1960 436 2032 Ζηνόδοτος
460 1960 484 2017 δ’
515 1961 530 2017 ὁ
557 1959 706 2037 Τροιζήνιος
734 1956 894 2038 συγγραφεύς

125 2046 285 2128 Ὀμόρικοὺς
297 2048 367 2116 έθνος
382 2047 511 2125 αὐθιγενές
524 2048 623 2121 ἱστορεῖ
639 2045 669 2103 τὸ
684 2043 731 2121 μέν
740 2047 844 2123 πρῶτον
859 2046 897 2103 υί-

69 2156 96 2193 so
121 2139 201 2207 κῆσαι
217 2135 277 2216 περί
292 2135 339 2209 τὴν
354 2136 517 2210 καλουμένην
534 2133 686 2205 Ῥεατίνην·
698 2135 794 2192 ἐκεῖθεν
808 2134 832 2191 δ’
847 2133 897 2191 tui

122 2225 268 2297 Πελασγῶν
283 2223 447 2293 ἐξελαθέντας
457 2225 493 2289 είς
506 2221 605 2293 ταύτην
620 2221 760 2299 ἀφικέσθαι
776 2220 823 2292 τὴν
837 2225 896 2299 γῆν,

122 2310 180 2372 ίνθα
190 2318 234 2372 νῦν
245 2318 355 2382 οἰκοῦσι,
370 2311 416 2371 καί
431 2310 628 2387 μεταόαλόντας
641 2309 698 2387 άμα
708 2312 746 2388 τῷ
756 2310 828 2388 τόπῳ
840 2307 896 2368 τού·

122 2421 191 2472 νομα
206 2400 334 2466 Σαῦίνους
344 2399 369 2466 ἐξ
381 2397 537 2477 Ὀμῦρικιῦν
554 2400 802 2474 προσαγορευθῆναι.
839 2396 895 2455 lti-

121 2509 173 2544 των
188 2486 216 2544 δὲ
229 2487 341 2561 ΙΙόρκιος
354 2487 385 2545 τδ
400 2484 447 2562 μέν
459 2483 541 2560 ὄνομα
552 2486 589 2561 τῷ
604 2481 726 2542 Σαόίνων
741 2481 807 2539 έθνει
818 2485 897 2553 τεθῆ-

66 2594 94 2631 as
122 2572 165 2631 ναί
174 2596 253 2652 φησιν
263 2572 306 2632 έπί
318 2573 408 2633 Σάόου
420 2577 465 2631 τοῦ
478 2572 600 2648 Σάγκου,
613 2568 733 2643 δαίμονος
741 2570 895 2648 ἐπιχωρίου·

123 2663 213 2718 τοῦτον
233 2660 260 2718 δὲ
274 2660 318 2718 τὸν
341 2661 443 2738 Σάγκον
462 2659 513 2718 θπό
536 2681 612 2717 τινων
635 2657 742 2716 Πίστιον
763 2658 895 2718 καλεῖσθαι

121 2747 182 2809 Δία.
217 2748 330 2826 Ιίρώτην
349 2750 373 2807 δ’
395 2749 478 2806 αὐτῶν
498 2744 599 2817 οίκησιν
618 2744 755 2819 ἀποφαίνει
778 2742 896 2822 γενέσθαι

120 2835 215 2912 κώμην
229 2837 288 2893 τινὰ
312 2838 475 2912 καλουμένην
491 2837 673 2911 Τεστροῦναν,
695 2834 779 2911 ἀγχοῦ
797 2831 896 2900 πόλεως

119 2922 272 3002 Ἀμιτέρνης
285 2923 421 3000 κειμένην·
438 2923 463 2990 ἐξ
478 2915 509 2994 ἧς
519 2921 678 2998 ὁρμηθέντας
693 2921 751 2986 τοὺς
766 2920 896 2987 Σαόίνους

66 3030 93 3068 so
119 3014 154 3078 εἰς
167 3012 215 3082 τὴν
238 3012 375 3085 Ῥεατίνην
396 3010 539 3087 epieteti,
557 3008 721 3088 Ἀύοριγίνων
744 3008 825 3080 αὐτὴν
845 3033 895 3067 κα·

119 3101 288 3170 τοικούντων,
302 3098 349 3158 καί
362 3098 437 3158 πόλιν
453 3101 538 3156 αὐτῶν
553 3097 600 3168 τὴν
613 3094 819 3178 ἐπιφανεστάτην
842 3100 895 3157 Κο-

123 3188 213 3256 τυλίας
236 3189 345 3268 πολέμῳ
367 3191 578 3268 χειρωσαμένους
599 3192 753 3264 κατασχεῖν.
794 3183 845 3244 Ἐκ
868 3185 895 3243 δέ

120 3281 165 3348 τῆς
179 3277 317 3348 Ῥεατίνης
340 3277 461 3343 ἀποικίας
475 3274 679 3340 άποστειλαντας
700 3272 782 3338 ἄλλας
803 3296 830 3330 τε
843 3272 895 3329 πό·

120 3366 174 3429 λεις
188 3364 277 3423 κτίσαι
297 3363 406 3435 πολλάς,
425 3366 453 3420 έν
467 3354 508 3428 αἶς
525 3365 604 3420 οἰκεῖν
623 3360 788 3439 ἀτειχίστοις,
803 3359 848 3418 καὶ
862 3361 895 3432 δὴ

66 3473 93 3508 as
119 3451 166 3511 καί
189 3451 235 3519 τάς
247 3451 506 3533 προσαγορευομένας
531 3449 644 3528 Κύρεις·
659 3449 748 3527 χώραν
763 3446 791 3506 δέ
810 3471 895 3507 κατα-

122 3539 194 3614 σχεῖν
210 3543 256 3608 τῆς
278 3538 327 3615 μέν
342 3538 478 3616 Ἀδριανῆς
503 3537 634 3608 θαλάττης
654 3535 805 3614 ἀπέχουσαν
826 3535 895 3617 ἀμφὶ

122 3624 181 3691 τοῦς
194 3626 350 3702 ὀγδοήκοντα
364 3625 409 3685 καὶ
424 3625 569 3688 διακοσίους
582 3623 709 3695 σταδίους,
724 3629 770 3695 τῆς
785 3624 812 3684 δέ
826 3628 895 3706 Τυρ-

124 3717 228 3792 ρηνικῆς
240 3714 434 3795 τετταράκοντα
452 3714 517 3793 πρὸς
531 3713 689 3786 διακοσίοις,
706 3718 788 3790 μῆκος
807 3715 830 3771 δ’
845 3717 894 3773 αύ-

120 3805 168 3871 τῆς
181 3793 246 3862 εἶναί
264 3826 343 3886 φησιν
358 3802 438 3883 ὀλίγῳ
456 3803 529 3879 μεῖον
546 3801 660 3859 σταδίων
673 3801 775 3880 χιλίων.
816 3796 895 3860 Ἐστι

63 3908 92 3947 ιο
120 3888 150 3948 δέ
171 3913 210 3957 τις
230 3889 275 3951 καί
298 3891 376 3960 ἀλλος
404 3891 469 3968 ύπδρ
491 3893 542 3948 τῶν
565 3888 691 3950 Σαόίνων
715 3893 740 3948 έν
768 3883 894 3965 ἱστορίαις

119 3980 269 4059 έπιχωρίοις
284 3978 425 4058 φερόμενος
439 3977 523 4054 λόγος,
539 3981 574 4044 ὡς
589 3976 804 4053 Λακεδαιμονίων
819 3978 895 4034 έποι-

119 4067 259 4138 κησάντων
281 4069 377 4140 αὐτοῖς,
397 4066 455 4126 καθ’
471 4066 498 4124 δν
521 4067 613 4146 χρόνω
642 4065 817 4144 ἐπιτροπεύων
840 4065 894 4126 Eti-
927 4106 934 4117 .

119 4179 198 4232 νυμον
214 4156 259 4214 τὸν
284 4157 437 4236 ἀδελφιδοῦν
455 4160 605 4234 Λυκοῦργος
633 4153 704 4213 ίθετο
733 4154 893 4234 τῇΣπάρτη

120 4245 179 4312 τοὺς
191 4246 294 4321 νόμους.
336 4243 511 4324 Ἀχθαμένους
531 4243 583 4320 γάρ
598 4245 716 4318 τιναςτῇ
737 4241 895 4321 σκληρότητι

63 4345 93 4383 ⁴⁵
118 4334 166 4401 τῆς
192 4330 344 4408 νομοθεσίας
357 4329 403 4390 καί
423 4329 579 4395 διαστάντας
597 4328 650 4385 ἀπὸ
675 4330 726 4384 τῶν
747 4326 841 4407 ἑτέρων
856 4326 894 4387 ol·

119 4419 252 4498 χεσθαιτδ
263 4418 390 4498 παράπαν
404 4420 434 4477 έκ
448 4421 494 4489 τῆς
508 4417 619 4482 πόλεως.
661 4409 778 4474 Ἔπειτα
793 4414 837 4474 διὰ
849 4438 896 4474 πε·

120 4507 215 4585 λόγως
230 4509 328 4567 πολλοῦ
347 4504 503 4587 φερομένους
518 4502 641 4574 εύξασθαι
653 4511 707 4570 τοῖς
719 4506 802 4568 θεοῖς·
815 4502 894 4562 πόθον

119 4596 173 4673 γάρ
193 4599 243 4654 τιν’
268 4598 386 4654 ύπιλθεῑν
415 4593 507 4662 αὐτούς
534 4592 624 4659 θποίας
658 4591 754 4662 δήποτε
777 4593 839 4669 γῆς·
859 4593 895 4656 εἰς

120 4683 153 4755 ἣν
165 4683 197 4743 δν
207 4684 303 4743 ἔλθωσι
315 4683 436 4764 πρώτην,
446 4686 473 4743 έν
487 4682 569 4760 ταύτῃ
583 4680 760 4751 κατοικήσειν.
802 4680 896 4740 Κατα-

67 4784 96 4821 ῑθ
119 4771 228 4851 χθέντας
253 4773 280 4831 δέ
305 4776 353 4842 τῆς
373 4770 487 4836 Ἰταλίας
506 4767 568 4848 πιρλ
592 4768 626 4826 τά
653 4767 803 4844 καλούμενα
827 4769 894 4827 Πω-

121 4867 229 4937 μεντῖνα
238 4859 315 4918 πεδία
329 4857 398 4918 τότε
410 4856 517 4936 χωρίον,
535 4859 562 4915 έν
577 4845 600 4936 ᾧ
614 4858 718 4934 πρῶτον
732 4853 893 4933 ὡρμίσαντο,

120 4947 261 5030 Φορωνίαν
278 4945 331 5006 ἀπδ
346 4952 394 5014 τῆς
407 4943 534 5024 πελαγίου
547 4945 680 5026 φορήσεως
692 4944 833 5020 ὀνομάσαι,
849 4943 894 5001 καί

119 5039 177 5104 θεᾶς
191 5035 261 5117 ἱερὸν
274 5033 431 5112 ἱδρύσασθαι
443 5032 595 5113 Φορωνίας,
611 5025 630 5110 ᾔ
642 5032 689 5098 τθς
707 5030 787 5110 εὐχάς
800 5032 893 5089 έθιντο·

118 5120 150 5197 ἣν
162 5128 209 5182 νῦν
225 5123 279 5190 ένθς
293 5123 397 5200 ἀλλαγῇ
418 5122 576 5200 γράμματος
590 5118 729 5201 Φερωνίαν
752 5120 889 5177 καλοῦσιν.

1672 344 1730 404 103

955 483 1010 519 men
1021 474 1131 537 usurpari
1146 473 1305 534 arbitrantur,
1323 476 1363 526 ulii
1375 489 1435 526 vero
1452 476 1508 527 haec
1520 479 1616 529 nomina
1632 480 1731 532 duobus

953 558 1002 607 diis
1029 560 1190 612 bellatoribus
1210 563 1294 612 tribui.
1329 564 1374 612 llla
1395 564 1469 626 igitur
1491 565 1571 626 puclla
1590 567 1615 615 in
1639 569 1731 632 templo

956 647 1028 697 buius
1046 648 1086 697 clei
1107 649 1207 707 saltans,
1230 653 1332 713 repente
1353 650 1437 700 divino
1455 651 1556 700 nurnine
1574 652 1658 703 altlata
1677 659 1729 717 cst;

954 739 979 786 et
1002 736 1089 785 relicto
1103 736 1180 786 choro
1196 737 1221 786 in
1240 737 1281 786 dei
1302 739 1403 800 sdylnm
1427 752 1453 788 sc
1476 739 1617 805 proripuit:
1642 741 1730 792 deindo

955 823 1000 884 (ut
1017 837 1104 873 omnes
1116 824 1262 884 crodunt)a
1282 825 1330 874 deo
1350 839 1488 888 compressa
1506 830 1531 876 et
1552 827 1653 888 gravida
1668 829 1731 878 tacta

955 911 1049 973 peperit
1066 911 1142 960 fitium
1162 913 1259 962 nonnine
1282 913 1404 971 Modiam,
1427 915 1569 976 cognomine
1587 913 1730 974 Fabidium3

954 999 1011 1060 qui,
1032 1000 1136 1049 cunrad
1155 1000 1251 1050 virilem
1268 1003 1363 1052 oetatem
1381 1003 1548 1064 pervenisset,
1564 1004 1668 1052 tonnam
1683 1018 1730 1054 nou

953 1087 1086 1143 humanam
1109 1090 1152 1139 sed
1174 1089 1281 1139 divinam
1307 1090 1428 1151 babebat,
1449 1094 1474 1141 et
1488 1092 1511 1143 in
1539 1092 1613 1142 rebus
1636 1093 1730 1143 bellicis

953 1176 1063 1224 omnium
1086 1175 1236 1226 clarissimus
1257 1176 1316 1242 luit3
1340 1191 1446 1245 cumque
1480 1179 1555 1243 cupit
1578 1180 1728 1231 desiderium

954 1264 1023 1314 urbis
1046 1265 1077 1315 de
1094 1278 1121 1314 se
1144 1265 1285 1315 condendae.
1333 1268 1424 1316 coacta
1447 1267 1521 1330 igitur
1544 1281 1632 1331 magna
1659 1282 1729 1319 acco·

954 1354 1034 1403 lurum
1046 1368 1129 1415 nranu,
1141 1356 1274 1418 perexiguo
1287 1358 1405 1418 temporis
1428 1357 1507 1419 spatio
1523 1357 1618 1416 arbem,
1634 1358 1674 1408 cui
1686 1371 1728 1406 no·

953 1454 1008 1490 men
1029 1443 1117 1501 cures,
1133 1441 1257 1501 conditio,
1273 1447 1300 1491 ut
1311 1443 1420 1493 nonnulli
1432 1443 1527 1504 dicunt,
1539 1457 1554 1494 a
1567 1443 1622 1503 deo,
1635 1458 1666 1497 ex
1678 1458 1727 1507 quo

953 1540 1009 1577 cum
1026 1531 1107 1577 ortum
1130 1542 1184 1579 esse
1196 1542 1281 1577 rumor
1301 1533 1367 1589 crat,
1392 1529 1489 1579 nomine
1512 1529 1566 1579 urbi
1591 1530 1726 1592 imposito;

952 1616 1006 1677 sed,
1021 1621 1050 1667 ut
1069 1617 1110 1667 alii
1130 1618 1255 1676 scribunt,
1275 1617 1307 1666 ab
1326 1617 1404 1667 basta.
1450 1620 1539 1668 iiastas
1562 1618 1626 1668 enim
1647 1618 1729 1669 Sabini

953 1707 1042 1754 vocant
1069 1705 1154 1753 Cures.
1198 1708 1278 1766 itque
1300 1705 1354 1753 beo
1377 1703 1476 1767 quidem
1497 1704 1626 1755 Terentius
1648 1707 1726 1754 Varro

952 1787 1052 1838 scribit.

983 1976 1065 2024 xllx.
1092 1978 1125 2024 nt
1149 1974 1284 2024 zenodotus
1311 1974 1452 2024 Troereuius
1476 1973 1608 2024 historicus
1637 1975 1726 2038 tradit,

951 2078 1057 2127 Umbros
1088 2080 1184 2141 gentem
1224 2077 1363 2139 indigenam
1399 2078 1502 2141 primum
1527 2077 1626 2140 quidem
1658 2077 1727 2129 habt

951 2185 1017 2232 tasse
1029 2181 1054 2231 in
1062 2193 1091 2230 co
1103 2193 1171 2243 agro,
1183 2178 1224 2242 qui
1235 2178 1353 2228 Reatinus
1368 2179 1482 2233 vocatum
1500 2176 1556 2226 indo
1569 2190 1629 2226 vem
1640 2177 1727 2241 expul-

950 2284 1138 2349 sosaPelssgis
1159 2284 1184 2332 in
1206 2282 1271 2332 hanc
1292 2286 1383 2331 terram
1405 2279 1510 2340 vonisse,
1533 2279 1576 2329 ubi
1596 2293 1662 2329 nunc
1685 2281 1728 2332 ba-

951 2388 1045 2448 bitant;
1064 2391 1090 2437 et
1105 2386 1183 2448 gentis
1203 2385 1301 2435 nornine
1314 2398 1362 2433 una
1373 2397 1430 2433 cum
1442 2382 1502 2447 ipsis
1514 2381 1614 2432 serdibus
1628 2383 1724 2431 mutato

951 2489 1054 2540 Sabinos
1075 2502 1120 2553 pro
1133 2487 1231 2537 Urnbris
1254 2486 1399 2551 appellatos.
1432 2489 1463 2536 At
1485 2485 1587 2535 Porcius
1609 2485 1670 2537 Cato
1684 2499 1726 2536 no·

950 2608 1005 2644 men
1020 2592 1164 2643 Sabinorum
1187 2591 1253 2653 genti
1275 2588 1380 2640 inditum
1402 2589 1477 2639 luisse
1496 2587 1531 2637 ait
1548 2601 1563 2637 a
1578 2587 1652 2648 Sabo,
1675 2585 1727 2634 tilio

950 2691 1030 2752 sanci,
1052 2691 1095 2754 qui
1115 2694 1167 2740 erat
1185 2689 1230 2739 loci
1254 2688 1320 2738 illius
1340 2688 1433 2750 genius.
1467 2689 1539 2737 llunc
1560 2689 1643 2736 autem
1665 2686 1726 2733 San·

951 2802 1035 2839 cumn
1053 2787 1175 2837 nonnullis
1198 2786 1281 2836 vocari
1303 2786 1376 2835 Dium
1393 2783 1498 2834 Fidium.
1530 2783 1624 2831 Primos
1644 2783 1726 2831 autem

949 2897 1036 2935 corum
1059 2883 1130 2934 sedes
1153 2880 1243 2943 asserit
1276 2882 1351 2930 luisse
1374 2879 1456 2928 vicum
1480 2877 1602 2940 quendam
1629 2875 1727 2926 nomine

949 2987 1105 3045 Testmnam,
1129 2997 1204 3047 prope
1224 2981 1311 3032 urbem
1326 2979 1479 3029 Amiternum
1493 2976 1578 3034 situm,
1599 2973 1665 3022 rande
1684 2973 1726 3022 Sa·

950 3082 1020 3133 binos
1035 3082 1157 3146 protectos
1168 3081 1191 3129 in
1212 3093 1299 3141 agrum
1311 3075 1442 3127 Reatinum
1455 3072 1615 3135 irruptionem
1629 3069 1725 3124 iecisse,

950 3179 993 3229 ubi
1010 3183 1068 3229 tune
1078 3178 1222 3240 Aborigines
1233 3173 1382 3228 babitabant,
1394 3173 1420 3219 ot
1429 3167 1533 3218 cutilias
1544 3164 1630 3215 urbem
1640 3175 1726 3213 eorum

948 3281 1125 3332 nobilissimam
1137 3275 1213 3327 amris
1223 3274 1325 3338 cepisse.
1355 3275 1390 3320 lix
1402 3281 1461 3332 agm
1471 3270 1553 3318 autem
1567 3264 1668 3317 Reatino
1680 3276 1725 3312 co·

949 3380 1020 3431 loniis
1030 3376 1153 3433 deductis,
1167 3387 1223 3424 cum
1235 3372 1296 3421 alias
1310 3369 1400 3418 multas
1418 3366 1491 3415 urbes
1506 3361 1652 3421 condidisse,
1663 3373 1725 3424 quas

949 3479 1001 3528 sine
1016 3475 1094 3527 muris
1106 3472 1257 3529 incolebant,
1271 3473 1323 3518 tam
1346 3466 1419 3515 etiam
1441 3475 1495 3512 eam
1515 3473 1572 3524 quae
1592 3461 1670 3509 cures
1683 3471 1725 3507 ro·

948 3579 1027 3626 catur.
1059 3579 1149 3634 Agrum
1171 3571 1252 3618 antem
1277 3574 1413 3626 occupasse
1432 3559 1565 3609 distantem
1592 3554 1622 3605 ab
1641 3554 1724 3604 Adria-

948 3675 997 3723 tico
1012 3668 1074 3719 mari
1093 3667 1191 3716 circiter
1211 3663 1316 3712 ducenta
1342 3663 1367 3708 et
1383 3657 1506 3719 octoginta
1523 3650 1611 3708 stadia,
1635 3650 1723 3710 aTyr.

950 3771 1025 3820 rheno
1045 3765 1142 3817 circiter
1154 3762 1260 3812 ducenta
1276 3761 1302 3808 et
1319 3754 1487 3819 quodraginta,
1499 3751 1570 3802 cuius
1589 3744 1722 3809 longitudia

948 3879 1005 3916 nem
1020 3862 1088 3920 mille
1106 3858 1192 3909 stodiis
1212 3855 1295 3920 paullo
1313 3853 1433 3902 riainorem
1456 3862 1510 3898 csse
1529 3845 1614 3896 tradit.
1636 3844 1724 3894 Fertur

948 3965 1031 4014 autem
1042 3958 1117 4011 etiam
1134 3955 1182 4006 alia
1194 3953 1275 4018 opinio
1295 3950 1326 4000 de
1347 3948 1442 3999 Sabinis
1461 3946 1487 3995 in
1502 3944 1670 4007 indigenarum
1684 3939 1722 3989 lai·

952 4061 1043 4113 storiis.
1076 4056 1150 4107 Aiord
1172 4053 1246 4112 enim,
1259 4044 1454 4100 hcedaemonios
1473 4042 1504 4092 ad
1516 4055 1559 4092 eos
1582 4040 1723 4103 emigrasse,

948 4173 998 4226 quo
1012 4161 1123 4220 tempore
1133 4155 1273 4215 Lycurgus,
1291 4149 1359 4196 tutor
1372 4143 1473 4192 Eunomi
1490 4139 1571 4189 tratris
1591 4137 1647 4199 tilii,
1657 4137 1724 4200 leges

948 4255 1073 4320 Spartanis
1095 4248 1212 4301 condidit.
1257 4241 1390 4295 Nonnullos
1415 4237 1480 4288 enim
1498 4237 1580 4298 logum
1603 4233 1721 4284 severita-

948 4358 998 4405 tem
1018 4350 1120 4400 moleste
1139 4346 1252 4401 lereates,
1266 4345 1320 4391 eta
1338 4335 1427 4386 ceteris
1445 4333 1594 4390 secedentes,
1613 4343 1644 4379 ex
1661 4327 1723 4378 urbe

948 4447 1091 4501 excessisse.
1124 4442 1226 4500 Deinde,
1243 4439 1317 4501 longo
1334 4434 1411 4483 maris
1430 4429 1511 4495 spatio
1525 4427 1660 4489 enavigato,
1675 4422 1723 4472 diis

948 4546 1046 4597 vovisse
1060 4540 1224 4608 (desiderium
1242 4535 1307 4586 enim
1329 4529 1506 4595 qualiscunque
1520 4531 1592 4575 terroe
1606 4536 1648 4572 eos
1661 4519 1722 4571 sub-

948 4642 1014 4706 isse)
1033 4654 1083 4705 quo
1097 4643 1219 4688 terrarum
1233 4632 1340 4697 primum
1358 4626 1517 4691 appulissent,
1531 4620 1565 4670 ibi
1578 4633 1605 4669 se
1624 4616 1722 4666 babita-

952 4746 1030 4792 turos.
1064 4737 1164 4788 Dolatos
1175 4736 1258 4783 autern
1276 4728 1308 4779 ad
1320 4738 1420 4790 campus
1435 4722 1522 4779 ltaliae,
1540 4717 1582 4780 qui
1600 4711 1722 4776 Pomptini

948 4831 1076 4886 vocantur,
1095 4836 1180 4889 agrum
1192 4834 1242 4884 quo
1252 4818 1358 4882 primum
1377 4810 1519 4876 appulerant
1535 4802 1662 4854 Foroniam
1677 4813 1729 4847 ro··

948 4924 1065 4986 cassem
1073 4919 1208 4987 ipsamaris
1217 4890 1380 4979 navigatione,
1389 4912 1413 4959 et
1425 4905 1478 4955 θέω
1487 4900 1596 4953 Foroniae
1604 4896 1724 4959 templum

948 5021 1066 5082 erexisse,
1079 5018 1120 5069 cui
1134 5020 1191 5066 rota
1202 5009 1373 5074 nuncuparent
1384 5023 1390 5053 ι
1403 5013 1478 5064 quam
1499 4999 1550 5049 iam
1561 4993 1634 5044 unius
1645 4992 1724 5043 litere

946 5116 1117 5172 immutatione
1131 5111 1257 5165 lemniam
1279 5107 1376 5159 vocant.
1421 5101 1481 5151 inde
1498 5095 1582 5147 autem
1602 5090 1725 5157 protectos
