3772 5828
208 386 248 445 28
723 375 890 437 DlONYSli
911 371 1287 434 itltlcltnrtnssultsls

207 513 322 591 γομένοιν
335 511 368 569 τά
382 509 429 587 μέν
445 507 624 588 μυθικώτερα,
640 506 672 563 τά
692 505 714 564 δ’
730 506 900 584 ἀληθέστερα.
944 503 977 564 ’0

209 601 256 678 μέν
271 592 313 660 σύν
329 600 435 677 μυθικὸς
449 599 565 675 περὶτῆς
579 595 723 672 παρουσίας
740 596 819 651 αὐτοῦ
839 594 914 669 λόγος
932 584 969 651 ῶδ

209 691 280 767 ἔχει·
295 692 330 751 ὡς
344 687 375 757 δὴ
393 685 537 748 κελευσθεὶς
555 685 600 739 ὑπ’
614 680 766 761 Εὐρυσθέως
779 678 914 758 Ἡρακλῆς
932 679 978 737 σὺν

210 780 263 840 τοῖς
272 774 360 837 ἄλλοις
370 772 456 837 ἄθλοις
469 771 513 829 καὶ
527 769 572 834 τθς
587 767 716 846 Γηρυόνου
728 771 787 845 βοῦς
802 765 828 834 li
842 765 979 846 Ἐρυθείας

168 883 182 922 t
211 866 245 929 εἰς
254 861 345 940 Ἄργος
356 862 501 929 ἀπελάσαι,
512 858 619 922 τελέσας
631 856 674 914 τὸν
685 847 764 914 άθλον
774 856 818 913 καῖ
829 855 876 925 τλν
891 855 980 914 οἴκαδε

209 950 318 1030 πορείαν
342 946 495 1023 ποιούμενος
519 944 587 1020 άλλη
608 967 636 1002 τε
662 945 786 1021 πολλαχῆ
805 947 850 1012 τῆς
864 942 980 1027 ἸταλίαςΙ

211 1039 331 1117 άρίκετο,
348 1036 449 1104 καὶτῆς
468 1032 632 1110 ’λθοριγίνοιν
652 1035 700 1106 γῆς
714 1035 749 1095 είς
763 1030 792 1087 πθ
804 1028 929 1108 προσεχές
943 1032 980 1107 τῷ

211 1124 371 1203 Παλλαντίῳ
384 1122 491 1199 χοιρίον.
537 1117 626 1198 Εὐρύιν
646 1117 674 1176 δὲ
694 1121 761 1176 πόαν
779 1120 806 1175 ἐν
822 1119 894 1177 αιἰτῶ
916 1122 981 1196 βου-

210 1214 301 1271 κολίδα
315 1210 415 1280 πολλὴν
435 1209 480 1266 καί
494 1209 596 1277 καλῆν,
614 1206 659 1272 τθς
682 1204 728 1279 μὲν
746 1204 807 1283 βόας
833 1208 926 1274 ἀνῆκεν
946 1209 981 1271 είς

158 1318 184 1358 ιο
210 1302 308 1375 νομὴν,
325 1296 401 1361 αὐτὸς
416 1292 443 1352 δέ
464 1293 636 1372 βαρυνόμενος
652 1291 703 1351 ύπδ
723 1291 804 1350 κόπου
819 1291 982 1352 κατακλιθείς

211 1388 305 1444 έδοικεν
325 1382 402 1441 αθτδν
417 1379 499 1460 ύπνῳ.
542 1378 588 1437 Ἐν
603 1378 630 1436 δέ
646 1378 728 1457 τούτῳ
747 1377 847 1456 λῃστής
862 1402 899 1445 τις
921 1381 980 1437 irrr-

212 1474 307 1553 χιίιριος
328 1471 410 1544 ὄνομα
434 1473 519 1534 Κάκος
540 1468 725 1546 περιτυγχάνει
743 1467 800 1530 ταῖς
817 1467 904 1544 βουσίν
919 1469 983 1545 dpu-

212 1561 317 1625 λάκτοις
330 1556 501 1636 νεμομέναις,
517 1557 561 1613 καί
576 1557 661 1612 αύτῶν
679 1553 754 1632 ἔροιτ’
766 1553 846 1632 ίσχει.
888 1552 935 1619 Ὡς
954 1554 981 1611 δέ

213 1650 256 1707 τὸν
273 1647 408 1727 Ἡρακλέα
424 1644 586 1719 κοιμώμενον
602 1645 680 1700 αὐτοῦ
699 1642 862 1719 κατέμαθεν,
878 1642 983 1706 ἁπάσας

161 1754 187 1794 15
216 1740 262 1814 μὲν
284 1740 329 1796 οὐκ
345 1736 375 1794 διν
391 1734 457 1813 ᾤετο
471 1733 593 1792 δύνασθαι
608 1732 692 1789 λαθεῖν
709 1731 858 1800 σἰπελόσας,
873 1730 918 1787 καὶ
937 1727 983 1802 ἅμ’

215 1826 272 1885 οὐδὲ
288 1827 376 1904 ῥᾴδιον
390 1825 419 1881 τὸ
433 1831 541 1900 πρᾶγμα
556 1818 763 1892 κατεμάνθανεν,
775 1818 864 1896 ὀλίγας
873 1817 901 1876 δέ
912 1841 984 1883 τινας

217 1914 242 1981 ἐξ
257 1915 340 1970 αὐτῶν
361 1913 395 1977 εἰς
409 1911 439 1968 τὸ
456 1910 564 1986 ἄντρον,
576 1909 602 1963 έν
622 1899 644 1986 ᾧ
660 1906 770 1975 πλησίον
785 1905 841 1963 όντι
855 1905 983 1982 ἐτύγχανε

216 2000 263 2071 τὴν
280 2002 382 2059 δίαιταν
395 1998 561 2072 ποιούμενος,
579 1994 791 2072 ἀποκρύπτεται,
806 1993 919 2070 ἔμπαλιν
939 1998 985 2062 τῆς

216 2090 284 2148 κατὰ
306 2088 381 2168 φύσιν
397 2094 449 2150 τοῖς
463 2085 537 2153 ζώοις
551 2085 657 2161 πορείας
672 2081 852 2155 ἐπισπώμενος
872 2082 984 2150 έκοίστην

162 2200 190 2244 σο
217 2178 274 2236 κατ’
290 2178 380 2255 οὐράν.
423 2177 508 2233 Τοῦτο
521 2173 544 2229 δ’
558 2175 628 2248 αὐτῷ
642 2175 694 2227 τῶν
710 2171 823 2248 ἐλέγχων
839 2169 984 2248 ἆρανισμὸν

218 2265 323 2324 ἐδύνατο
345 2262 509 2340 παρασχεῖν,
526 2258 644 2322 ἐναντίας
661 2257 816 2336 φαινομένης
836 2257 887 2320 τοῖς
901 2255 985 2333 ίχνεσι

218 2357 263 2421 τῆς
277 2353 348 2410 tint.
392 2348 516 2412 Ἀναστὰς
531 2344 558 2402 δὲ
573 2347 629 2421 μετ’
652 2346 738 2423 ὀλίγον
754 2347 768 2400 ὁ
786 2340 922 2421 Ἡρακλῆς
941 2343 985 2398 καί

220 2438 261 2495 τὀν
281 2436 388 2515 α’ριθμδν
404 2434 589 2509 ἐπιλεξάμενος
609 2436 659 2489 τῶν
682 2435 765 2511 βοῶν,
784 2434 819 2496 ῶς
836 2430 917 2505 ἔμαθε
940 2428 986 2494 τδις

219 2524 388 2594 έκλιπούσας,
404 2522 468 2586 τέοις
486 2520 532 2598 μέν
547 2519 640 2599 ἠπόρει
654 2526 702 2577 ποῦ
718 2521 886 2598 κεχωρήκασι
895 2519 940 2575 καί
952 2520 986 2580 ὡς

164 2638 191 2677 σε
218 2611 423 2683 πεπλανημένας
435 2609 488 2667 α’πθ
499 2615 544 2679 τῆς
562 2611 642 2683 νομῆς
663 2610 805 2684 ἐμάστευεν
819 2606 868 2663 ιἰνά
879 2606 921 2662 τὸν
933 2607 987 2682 χῶ-

221 2723 279 2780 ρον·
293 2704 326 2765 ὡς
341 2703 364 2756 δ’
380 2702 429 2777 οὐχ
448 2698 578 2777 εὕρισκεν,
591 2696 635 2754 ἐπὶ
648 2696 679 2755 τδ
694 2696 822 2767 σπήλαιον
841 2697 986 2774 ἀφικνεῖται

219 2797 272 2853 τοῖς
292 2789 338 2862 μέν
350 2788 435 2867 ἴχνεσι
450 2786 623 2865 disperituros<
635 2829 642 2856 ,
659 2785 733 2845 οὐδὲν
745 2788 768 2841 δ’
780 2776 857 2854 ἦττον
873 2781 987 2857 οἰόμενος

221 2879 273 2935 δεῖν
295 2878 510 2956 διερευνήσασθαι
525 2875 568 2931 τὸν
582 2877 677 2951 χῶρον.
720 2876 774 2935 Τοῦ
789 2869 816 2927 δέ
833 2870 923 2929 Κάκου
937 2867 987 2945 πρὸ

222 2969 268 3033 τῆς
289 2966 365 3041 θύρας
381 2966 490 3025 ἑστῶτος
503 2961 549 3019 καί
561 2958 614 3017 οὔτ’
629 2961 691 3016 ἰδεῖν
710 2962 754 3023 τὰς
773 2958 832 3033 βόας
847 2958 987 3033 ράσκοντος

167 3072 195 3113 a)
223 3051 336 3128 ἐρομένῳ
363 3048 418 3105 οὔτ’
443 3050 595 3123 ἐρευνᾶσθαι
621 3046 801 3119 ἐπιτρέποντος
831 3041 987 3118 αἰτουμένῳ),

222 3136 279 3201 τούς
294 3159 320 3191 τε
339 3133 450 3204 πλησίον
470 3138 504 3199 ῶς
518 3133 588 3190 δεινδι
606 3132 704 3209 πάσχοι
725 3131 774 3188 ὑπὸ
787 3135 832 3186 τοῦ
846 3129 916 3196 ξένου
930 3126 987 3186 ἔπι-

221 3224 347 3297 θοῶντος,
362 3225 507 3300 ἀμηχανῶν
529 3224 542 3278 θ
561 3219 697 3298 Ἡρακλῆς
718 3219 733 3278 θ’
756 3241 781 3275 τι
801 3217 928 3296 χρήσεται
951 3218 988 3294 τῷ

220 3313 374 3393 πράγματι,
391 3313 425 3376 εἷς
448 3315 506 3367 νοῶν
533 3311 658 3387 βάλλεται
679 3306 840 3385 προσελάσαι
859 3308 896 3384 τῷ
919 3328 987 3375 σπη·

220 3404 287 3478 λαίῳ
304 3400 351 3465 τας
369 3401 448 3463 ἄλλας
464 3398 539 3475 βόας·
555 3401 590 3461 ῶς
604 3396 626 3453 δ’
639 3396 690 3474 ἄρα
705 3399 751 3466 τῆς
763 3394 888 3470 συννόμου
902 3397 989 3473 ροινῆς

168 3515 193 3554 ³5
220 3491 307 3550 τεκαὶ
324 3492 408 3567 ὀσμῆς
424 3491 450 3545 αἱ
465 3487 582 3544 ἔντοσθεν
595 3484 719 3563 ᾔσθοντο,
734 3484 915 3557 ἀντεμυκῶντο
932 3489 989 3546 ταῖς

220 3578 339 3636 ἔκτοσθεν
354 3578 398 3635 καί
417 3575 529 3654 ἐγεγόνει
546 3579 561 3644 ἡ
586 3571 657 3654 ροινὴ
674 3574 759 3629 αὐτῶν
782 3568 926 3647 κατήγορος
944 3572 989 3637 τῆς

221 3666 331 3733 κλοπῆς.
374 3663 408 3723 Ὁ
431 3662 477 3739 μέν
492 3652 536 3719 odo
552 3664 655 3731 Κᾶκος,
672 3659 760 3724 ἐπειδὴ
772 3656 916 3738 περιρανῆς
933 3657 987 3730 έγέ·

223 3771 279 3805 vere
297 3753 466 3826 κακουργῶν,
483 3749 607 3826 τρέπεται
622 3746 684 3824 πρὸς
697 3743 779 3815 ἀλκὴν
792 3746 835 3802 καὶ
855 3743 913 3809 τούς
927 3745 988 3802 einr·

223 3836 298 3898 θότας
328 3838 399 3914 αύτῷ
431 3838 619 3914 συναγραυλεῖν
644 3834 778 3890 ἀνεκάλει·
806 3831 941 3908 Ἡρακλῆς
968 3831 989 3886 δ’

170 3947 196 3986 ιο
223 3924 317 3980 ἀλοιῶν
333 3926 410 3981 αὐτὸν
427 3928 465 4002 τῷ
481 3923 589 4004 ῥοπάλῳ
605 3921 718 3991 κτείνει,
732 3919 776 3977 καῖ
790 3920 836 3985 τὰς
852 3918 914 3997 βόας
930 3918 990 3984 ἑξα-

223 4010 327 4088 γαγιλν,
341 4012 430 4081 ἐπειδὴ
448 4010 600 4087 κακούργων
617 4009 755 4085 ὑποδοχαῖς
769 4004 870 4063 εύθετον
883 4003 990 4082 ἑώρατο

223 4097 338 4175 χοιρίον,
369 4100 597 4154 ἐπικατασκάπτει
621 4098 659 4173 τῷ
680 4093 765 4153 κλοιπλ
792 4093 822 4150 τί)
852 4092 990 4160 σπήλαιον.

225 4182 343 4257 Ἁγνίσας
363 4184 390 4241 δὲ
412 4188 448 4263 τῷ
462 4188 574 4261 ποταμῷ
594 4183 638 4240 τὸν
659 4184 734 4258 φόνον
750 4181 864 4260 ἱδρύεται
879 4177 990 4247 πλησίον

223 4276 267 4328 τοῦ
280 4271 360 4328 τόπου
380 4272 438 4335 Διὸς
453 4271 575 4348 Εὑρεσίου
592 4270 694 4348 βωμὸν,
709 4270 801 4334 όςέστι
814 4271 860 4337 τῆς
881 4266 990 4342 Ῥώμης

170 4383 196 4419 ts
223 4357 297 4436 παρὰ
313 4362 345 4435 τῇ
367 4358 495 4436 Τριδύμῳ
518 4358 601 4434 πύλῃ·
619 4358 663 4415 καί
685 4357 738 4414 θύει
759 4359 797 4435 τῷ
813 4358 862 4434 θεῷ
878 4357 990 4431 δάμαλιν

224 4445 268 4502 ένα
290 4449 336 4515 τῆς
356 4443 478 4521 εύρέσεοις
495 4448 546 4502 τῶν
572 4448 638 4521 βοῶν
661 4450 841 4525 χαριστήριον.
883 4442 990 4515 Ταύτην

223 4532 261 4588 έτι
276 4532 320 4588 καὶ
338 4533 373 4596 εἰς
388 4530 434 4607 ἐμὲ
450 4532 496 4599 τὴν
512 4533 602 4590 θυσίαν
617 4531 786 4607 ηῬοιμαίοιν
801 4534 875 4597 πόλις
890 4532 992 4590 συνετέ-

222 4622 280 4691 λει,
295 4619 415 4691 νομίμοις
427 4616 593 4687 Ἑλληνικοῖς
609 4619 705 4677 ἅπασιν
727 4623 752 4677 έν
767 4623 832 4699 αὐτῇ
847 4617 989 4701 χρωμένη,

224 4708 341 4784 καθάπερ
354 4709 449 4769 ἐκεῖνος
467 4706 655 4774 κατεστήσατο.

170 4818 195 4855 so
263 4796 321 4855 XL.
335 4797 369 4853 Oi
383 4793 405 4851 δ’
415 4791 568 4871 Ἀθοριγῖνες
578 4794 622 4850 καί
636 4799 686 4852 τῶν
702 4795 833 4875 Ἀρκάδων
845 4799 905 4857 οίτὸ
914 4800 991 4858 Παλ-

222 4883 324 4941 λάντιον
346 4886 538 4949 κατοικοῦντες,
560 4884 595 4946 ῶς
609 4887 654 4938 τοῦ
667 4906 694 4940 τε
714 4885 804 4942 Κάκου
818 4886 862 4942 τόν
877 4886 987 4943 θάνατον

223 4970 337 5045 έγνοισαν
353 4970 398 5028 καί
412 4969 458 5026 τὸν
472 4969 608 5048 Ἡρακλέα
625 4961 711 5041 εἶδον,
729 4975 766 5050 τῷ
782 4975 829 5047 μὲν
844 4973 991 5049 ἀπεχθόμε.

225 5080 260 5115 vor
272 5058 314 5115 διὰ
329 5059 374 5124 τὰς
387 5058 521 5137 ἁρπαγὰς,
534 5065 578 5117 τοῦ
595 5056 622 5117 δὲ
641 5059 688 5131 τὴν
700 5059 758 5138 ὄψιν
771 5056 986 5135 ἐκπαγλούμενοι,

222 5143 288 5200 θεῖόν
303 5167 329 5201 τι
349 5149 441 5224 χρῆμα
463 5146 661 5227 ένόμισανόρᾶν
677 5146 781 5206 καὶτοῦ
802 5146 898 5223 λῃστοῦ
921 5144 988 5225 μέγα

1033 512 1127 563 tabulas
1139 512 1268 575 pertinent,
1279 511 1368 574 partim
1381 511 1413 560 ad
1425 511 1553 561 veritatem
1561 512 1662 576 propius
1674 515 1802 568 soccitant.

1032 601 1112 664 alque
1126 599 1236 649 sabulosa
1245 598 1276 649 de
1288 598 1340 647 eius
1352 597 1458 647 adventu
1472 599 1580 649 narratio
1593 599 1647 650 ineo
1658 604 1703 652 est.
1738 606 1801 655 ller-

1032 688 1113 745 eules,
1125 690 1153 736 ut
1165 689 1251 744 uiant,
1263 689 1350 748 preter
1361 689 1455 735 eeteros
1466 686 1576 747 labores,
1594 702 1656 751 qnos
1671 692 1804 754 Eurysthei

1032 775 1102 823 iussu
1115 773 1235 836 suscepit,
1248 773 1366 834 Geryonis
1378 772 1452 821 etiarn
1468 772 1545 823 bores
1562 787 1594 824 es
1607 775 1712 838 Erythea
1727 783 1804 841 argos

1032 862 1129 925 abigere
1141 861 1223 911 iussus
1231 865 1276 911 est.
1310 863 1364 917 Qua
1378 874 1488 910 aerumna
1499 861 1530 911 ad
1539 861 1610 912 linem
1622 863 1750 928 perducta,
1760 865 1806 916 do·

1032 964 1101 999 mum
1111 949 1208 999 rediens
1220 963 1277 998 cum
1291 948 1316 998 in
1327 949 1417 998 rrrrrltas
1427 948 1488 998 alias
1497 949 1576 1000 Italian
1585 955 1668 1013 partes
1676 953 1783 1015 pervenit
1795 991 1802 1012 ,

1034 1040 1087 1088 turn
1097 1037 1121 1086 in
1130 1036 1288 1100 Aboriginum
1299 1050 1384 1100 agrum
1397 1036 1513 1087 Pallantio
1527 1037 1674 1102 proximum.
1683 1044 1744 1090 curn
1756 1053 1804 1089 au·

1033 1127 1084 1173 torn
1097 1123 1121 1173 in
1130 1138 1160 1174 eo
1173 1137 1285 1187 magnam
1299 1124 1355 1175 boni
1365 1122 1449 1187 pabuli
1461 1125 1554 1188 eopism
1566 1123 1597 1173 sd
1610 1125 1685 1175 boum
1694 1130 1805 1176 armenta

1034 1211 1153 1275 pascenda
1164 1212 1310 1270 invenisset,
1321 1211 1398 1261 boves
1407 1212 1431 1261 in
1441 1224 1533 1275 pascua
1541 1211 1635 1262 dimisit
1641 1216 1667 1263 et
1678 1216 1729 1277 ipse
1743 1214 1807 1263 inbo-

1035 1299 1069 1349 ris
1081 1312 1154 1349 onore
1165 1301 1280 1361 gravatus
1291 1298 1406 1348 accubuit
1418 1312 1552 1362 somnoque
1566 1313 1593 1349 se
1602 1299 1678 1351 dedit.
1711 1304 1806 1351 interea

1036 1401 1096 1437 rere
1115 1387 1216 1450 quidam
1232 1387 1297 1436 iliius
1311 1386 1416 1450 regionis
1435 1388 1510 1447 latro,
1521 1389 1601 1437 cecus
1612 1388 1724 1448 nominc,
1743 1389 1806 1439 inci-

1036 1474 1071 1526 dit
1087 1476 1112 1524 ln
1126 1475 1210 1539 boves,
1225 1488 1281 1538 quur
1293 1474 1346 1524 sine
1357 1474 1469 1524 custodia
1485 1475 1655 1538 pascebantur,
1673 1490 1808 1540 earumque

1036 1562 1157 1613 desiderio
1176 1566 1263 1627 captus
1283 1566 1328 1612 est.
1364 1565 1394 1611 Et
1412 1576 1470 1611 eum
1488 1563 1618 1612 Herculem
1635 1566 1740 1627 sopitum
1752 1566 1806 1614 ani·

1037 1651 1221 1712 madvertlsset,
1234 1649 1381 1700 existimarit
1394 1652 1474 1700 totum
1486 1649 1584 1714 quidem
1598 1653 1734 1701 annontum
1743 1652 1810 1702 clnrn

1037 1752 1092 1788 ase
1105 1737 1169 1800 abigi
1190 1752 1238 1787 non
1252 1750 1338 1801 posse,
1352 1737 1426 1787 simul
1443 1737 1516 1787 etiam
1538 1751 1589 1787 rem
1605 1738 1671 1788 iaetu
1684 1739 1808 1790 difficilem

1037 1839 1091 1876 esse
1110 1826 1185 1884 uidit3
1204 1825 1246 1875 sed
1262 1838 1352 1889 paucas
1367 1824 1460 1887 aliquot
1471 1824 1503 1874 de
1518 1824 1554 1873 eis
1572 1823 1596 1874 in
1609 1827 1706 1875 antrum
1726 1827 1808 1889 proxi·

1040 1928 1123 1975 murn,
1149 1915 1190 1964 ubi
1210 1914 1288 1963 vllem
1314 1912 1432 1977 degebat,
1459 1912 1567 1974 abdidit,
1592 1927 1682 1978 eosque
1703 1916 1810 1981 singutas

1038 2016 1137 2053 aversas
1149 2017 1192 2066 per
1204 2003 1308 2053 eandem
1319 2017 1348 2052 eo
1369 2002 1453 2059 traxit,
1469 2006 1553 2051 contra
1567 2005 1681 2054 naturam
1696 2005 1808 2058 incessus

1038 2091 1191 2140 animalium.
1227 2093 1279 2140 lloe
1305 2090 1368 2141 enirn
1389 2089 1462 2138 modo
1478 2089 1537 2138 furti
1562 2090 1677 2142 indicium
1699 2096 1806 2144 celatum

1039 2185 1069 2236 iri
1086 2186 1214 2251 sperabat.
1228 2188 1295 2252 quod
1310 2186 1399 2251 pedum
1420 2185 1522 2250 vestiga
1542 2185 1566 2234 in
1586 2182 1732 2233 contrariam
1752 2195 1808 2244 par·

1039 2276 1089 2336 terp
1103 2274 1326 2327 abireviderentur.
1359 2275 1475 2325 llercules
1496 2287 1555 2324 rero
1575 2284 1631 2321 eum
1650 2268 1732 2333 paullo
1751 2272 1807 2331 post

1040 2364 1224 2426 expergefaetus
1254 2377 1380 2413 numerum
1408 2362 1482 2412 bourn
1510 2357 1683 2414 recensuisset,
1708 2359 1734 2405 et
1762 2369 1806 2404 eo-

1040 2450 1162 2514 gnovisset
1177 2455 1238 2515 quot
1258 2450 1385 2512 deessent,
1412 2445 1560 2511 aliquamdiu
1583 2444 1681 2508 quidem
1710 2441 1810 2491 dubita·

1040 2542 1077 2592 rit
1086 2554 1193 2605 quonam
1209 2538 1325 2598 ivissent,
1339 2541 1365 2587 et
1376 2536 1473 2600 quasia
1490 2534 1588 2599 pascuis
1603 2531 1809 2593 aberrassentper

1040 2643 1095 2680 earn
1108 2629 1229 2690 regionem
1241 2639 1282 2676 ens
1295 2625 1429 2689 querebat.
1461 2622 1575 2673 sadcum
1588 2634 1631 2671 ees
1642 2618 1811 2668 noninrenis-

1040 2719 1093 2777 sei,
1109 2715 1139 2764 ad
1157 2714 1295 2777 speluncam
1316 2712 1437 2776 perrexit,
1455 2715 1479 2762 et
1497 2709 1611 2774 quamvis
1629 2708 1709 2771 ipsum
1733 2705 1811 2756 resti·

1040 2804 1079 2867 gia
1097 2814 1242 2866 suspensum
1266 2814 1294 2850 ac
1314 2800 1434 2849 Incertum
1456 2796 1615 2855 distinerent,
1644 2793 1718 2843 nihilo
1729 2796 1811 2842 tamen

1040 2891 1121 2940 secius
1145 2891 1225 2938 locum
1252 2888 1321 2938 illurn
1351 2887 1399 2936 sibi
1426 2883 1628 2950 perscrutandum
1653 2894 1708 2931 esse
1730 2878 1809 2929 duxit.

1040 2981 1134 3029 Verum
1155 2990 1214 3025 curn
1237 2977 1316 3024 Cacus
1337 2973 1493 3038 proforibus
1519 2973 1610 3029 staret,
1629 2973 1655 3020 et
1674 2967 1769 3031 roganti
1784 2978 1812 3017 se

1042 3066 1118 3116 bores
1140 3065 1230 3114 vidisse
1253 3068 1367 3127 negaret,
1387 3063 1458 3125 cique
1482 3063 1605 3124 speluncae
1627 3055 1812 3123 perscrutanda
1863 3066 1867 3073 ·

1040 3156 1186 3217 potestatem
1209 3151 1300 3215 petenti
1329 3150 1469 3214 permittere
1495 3149 1584 3207 nollet,
1605 3146 1648 3196 sed
1676 3145 1811 3195 vicinorum

1042 3241 1116 3291 sidem
1129 3245 1154 3289 et
1168 3239 1285 3288 auxilium
1299 3238 1452 3302 imploraret,
1467 3237 1534 3299 quasi
1546 3247 1645 3299 grurem
1657 3232 1769 3283 iniuriam
1780 3232 1814 3282 ab

1042 3325 1137 3389 hospite
1159 3326 1292 3388 acciperet,
1310 3323 1408 3373 Herculi
1426 3322 1485 3387 qnid
1503 3322 1527 3371 in
1541 3335 1570 3371 ee
1586 3336 1612 3371 ro
1632 3324 1711 3369 tacere
1733 3318 1810 3368 debe·

1043 3416 1080 3463 ret
1104 3412 1195 3461 incerto
1223 3411 1330 3461 tandem
1360 3410 1385 3460 in
1406 3414 1510 3460 mentem
1526 3409 1601 3458 ‘venit
1622 3410 1716 3456 ceteras
1736 3404 1814 3455 bores

1043 3500 1075 3550 ad
1091 3500 1230 3564 speluncam
1252 3512 1332 3561 agero.
1366 3500 1428 3549 cum
1440 3502 1521 3548 autern
1539 3510 1594 3559 qun
1620 3495 1723 3545 incluse
1742 3497 1812 3544 erent

1043 3603 1128 3640 rocem
1145 3592 1171 3638 et
1183 3588 1284 3638 odorem
1301 3591 1443 3636 consuetum
1456 3586 1603 3647 sensissent,
1614 3582 1663 3633 iltis
1675 3595 1731 3646 quae
1741 3584 1814 3631 extra

1043 3681 1112 3727 crant
1137 3676 1231 3739 mugitu
1254 3673 1443 3736 responderunt,
1472 3673 1627 3736 ipsarumque
1647 3684 1692 3720 von
1719 3670 1813 3721 turtum

1044 3762 1169 3811 indicarit.
1202 3763 1282 3810 cneus
1294 3759 1393 3821 quidem
1410 3760 1434 3809 in
1449 3759 1577 3808 manifesto
1591 3757 1710 3807 maleficio
1724 3754 1814 3819 depre-

1043 3849 1134 3898 hensus
1163 3848 1214 3897 rim
1231 3847 1343 3910 perard,
1365 3850 1390 3895 ct
1411 3850 1504 3896 eeteros
1525 3848 1635 3908 pastores
1658 3843 1737 3893 socios
1753 3854 1815 3893 suos

1044 3949 1178 3985 conserere
1189 3934 1263 3998 coepit
1282 3947 1288 3975 τ
1308 3932 1351 3982 sed
1363 3934 1480 3983 llereules
1492 3934 1559 3983 illum
1580 3932 1650 3982 clava
1669 3941 1815 3995 percussum

1043 4022 1175 4082 interiecit,
1189 4026 1214 4072 et
1222 4021 1304 4070 bubus
1314 4019 1426 4079 eductis,
1442 4022 1554 4083 qnoniam
1566 4020 1647 4070 locum
1657 4019 1726 4069 illum
1738 4017 1811 4070 valde

1042 4106 1195 4156 commodum
1214 4107 1334 4154 latronum
1355 4108 1536 4170 receptaculum
1548 4106 1647 4157 videbat
1667 4118 1739 4167 esse,
1757 4118 1815 4167 spe·

1044 4194 1141 4243 iuncum
1153 4193 1228 4242 diruit
1245 4193 1340 4256 iurique
1351 4194 1489 4256 superierit.
1522 4198 1634 4257 (irimque
1645 4192 1738 4243 rendum
1750 4201 1817 4255 aqua

1046 4282 1151 4331 iluminis
1167 4282 1301 4344 expiasset,
1319 4294 1393 4343 prope
1412 4296 1468 4331 eum
1481 4281 1561 4332 locum
1574 4296 1640 4331 aram
1659 4282 1710 4331 lori
1726 4282 1816 4331 lmen·

1044 4369 1091 4419 tori
1109 4369 1211 4427 stertuit,
1232 4383 1287 4431 quse
1305 4370 1388 4417 ltomte
1409 4373 1447 4418 est
1466 4369 1495 4418 ad
1514 4373 1608 4433 portem
1627 4368 1813 4432 Trigeminam:

1043 4458 1120 4518 utque
1139 4456 1186 4504 deo
1201 4455 1292 4517 gratius
1305 4459 1388 4515 ageret
1400 4456 1432 4504 ob
1446 4455 1557 4506 inventas
1569 4456 1660 4516 bores,
1680 4456 1815 4519 iuvencum

1044 4559 1120 4595 unum
1141 4544 1164 4594 el
1184 4544 1306 4592 mactarit.
1341 4545 1392 4591 tloc
1414 4544 1561 4594 suentisium
1585 4556 1663 4607 usque
1680 4542 1712 4592 nd
1733 4555 1815 4594 meam

1044 4637 1143 4683 aetatem
1166 4632 1271 4695 populus
1292 4633 1415 4681 Romanus
1436 4632 1551 4691 iaciebat,
1575 4635 1600 4681 et
1617 4632 1641 4681 in
1663 4644 1694 4681 eo
1716 4631 1818 4681 Graeons

1043 4736 1128 4772 omnes
1142 4720 1202 4769 ritus
1214 4719 1376 4781 observabat,
1386 4722 1592 4783 quemadmodum
1610 4721 1650 4771 ille
1665 4718 1812 4770 instituerat.

1073 4811 1121 4857 XL.
1144 4807 1283 4871 Aborigines
1300 4812 1393 4856 reroet
1416 4809 1534 4867 Arcades,
1556 4808 1599 4871 qui
1621 4807 1708 4858 collem
1728 4804 1817 4857 Palati-

1043 4908 1100 4943 num
1123 4894 1273 4952 incolebant,
1295 4898 1422 4956 postquam
1443 4896 1499 4944 Caci
1522 4900 1625 4944 mortem
1650 4893 1817 4958 cognorerunt

1042 4985 1066 5031 et
1089 4983 1218 5032 Herculem
1239 4982 1367 5039 videnum,
1394 4983 1463 5032 illum
1483 4981 1581 5046 quidem
1600 4984 1699 5045 propter
1719 4978 1817 5044 rupinas

1044 5069 1126 5130 exosi,
1140 5068 1215 5119 huius
1241 5083 1298 5119 tero
1323 5069 1427 5133 speciem
1447 5083 1533 5133 magno
1549 5083 1606 5118 cum
1620 5072 1721 5131 stupore
1734 5067 1814 5117 ndnri-

1041 5161 1137 5219 rantes,
1160 5158 1272 5209 dirinum
1293 5159 1410 5222 quiddam
1438 5172 1463 5207 se
1487 5157 1569 5207 nidere
1590 5153 1718 5221 putabant,
1739 5158 1814 5219 atque
