3772 5828
580 375 875 450 ANTIQUITATUM
898 378 1046 442 ROMAN.
1072 382 1145 443 LlB.
1171 384 1235 446 Vll.

86 535 99 562 ιι
117 505 240 586 Mopsion
248 507 348 587 ψῆφον,
363 503 432 564 ἀλλὰ
448 504 564 582 μάλιστα
582 504 629 583 μὲν
641 507 673 566 δι’
689 511 767 571 αύτδν
783 512 858 591 ἀφεί·

87 621 100 647 ιι
117 618 159 653 ναι
173 598 219 663 τῆς
239 594 312 664 δίκης
329 592 374 650 τὸν
389 595 486 672 ἀνδρα,
505 594 787 672 ἀναμιμνησκομένους
808 589 860 666 οἷος

87 710 100 735 ιι
116 687 152 750 είς
164 683 198 741 τὰ
224 681 300 741 κοινίι
323 680 426 757 ἐγένετο
444 682 490 740 καί
504 678 580 750 θσους
600 682 773 764 κατώρθωσεν
794 686 860 767 ὑπὲρ

87 799 99 826 ι
116 777 163 843 τῆς
185 775 274 841 κοινῆς
288 770 433 849 ἐλευθερίας
447 795 477 829 τε
500 772 545 830 καί
560 772 701 850 ἡγεμονίας
715 776 858 852 πολέμους,

41 876 57 912 s
87 886 100 912 ιι
115 860 161 919 καί
172 862 208 927 ὡς
220 858 278 918 οὔτε
290 859 349 918 δσια
363 858 421 918 ούτε
434 859 523 919 δίκαια
535 859 596 921 οὔτε
605 862 774 944 προσήκοντά
786 890 859 946 σφισι

87 975 100 1000 ιι
120 949 278 1022 ποιήσουσι,
297 950 381 1026 λόγων
395 946 442 1020 μὲν
457 950 529 1030 αὐτῷ
550 957 775 1027 μνησικακοῦντες
792 956 859 1036 φαύ·

88 1062 100 1089 ιι
118 1038 186 1111 λων,
202 1037 283 1117 ἐργων
298 1036 320 1096 δ’
336 1039 540 1118 ἀχαριστοῦντες
560 1042 660 1100 καλῶν.
679 1032 757 1103 Εἶναι
772 1042 800 1102 δέ
815 1045 860 1103 καί

88 1153 101 1178 ιι
119 1126 162 1185 τὸν
183 1127 273 1208 καιρὸν
286 1129 333 1198 τῆς
352 1127 468 1208 ἀφέσεως
489 1129 590 1210 καλὸν,
607 1130 650 1190 ὅτε
664 1155 693 1209 γε
709 1133 786 1201 αὐτὸς
800 1133 860 1207 ἥκει

88 1240 101 1266 ιι
119 1215 243 1296 παρέχων
256 1213 287 1273 τδ
299 1218 377 1292 σῶμα
391 1225 444 1282 τοῖς
460 1216 591 1296 διαφόροις
606 1220 652 1278 καί
662 1219 791 1300 στέρξων,
806 1224 822 1283 δ
835 1248 860 1282 τι

31 1315 58 1353 ¹0
88 1328 101 1354 ιι
118 1302 150 1361 ἂν
165 1307 257 1362 ἐκεῖνοι
277 1306 337 1384 περί
359 1306 437 1364 αὐτοῦ
460 1307 609 1384 διαγνῶσιν,
651 1309 686 1368 El
708 1309 735 1369 δέ
749 1313 799 1392 ούχ
811 1303 861 1371 οἶοί

87 1418 100 1444 ιι
116 1416 145 1451 τε
167 1395 219 1452 εἰσί
240 1392 416 1452 διαλύσασθαι
431 1393 496 1472 πρὸς
515 1396 629 1470 ἐκεῖνον,
646 1398 714 1457 ἀλλά
735 1402 861 1480 χαλεπῶς

86 1482 162 1541 ικαὶ
191 1482 380 1561 ἀπαραιτήτως
408 1480 531 1561 ἔχουσιν,
561 1486 752 1562 ἐνθυμηθέντας
782 1489 822 1549 δτι
843 1495 860 1563 ἡ

86 1598 99 1623 ιι
118 1569 200 1650 βουλή
224 1569 371 1648 δεησομένη
390 1570 451 1651 περὶ
470 1573 550 1632 αὐτοῦ
565 1573 708 1652 πάρεισιν,
732 1575 822 1656 ἀνδρες
837 1581 860 1637 ol

87 1685 99 1710 ιι
116 1661 251 1738 κράτιστοι
272 1665 320 1733 τῆς
342 1660 443 1728 πόλεως
468 1661 628 1739 τριακόσιοι,
653 1669 746 1723 παθεῖν
763 1690 788 1725 τι
814 1669 859 1727 καί

33 1757 57 1794 ¹⁶
86 1773 99 1799 ιι
117 1751 309 1822 ἐπικλασθῆναι
332 1748 379 1816 ede
399 1749 514 1828 γνώμας,
535 1750 580 1809 καί
598 1750 635 1828 μὴ
649 1754 681 1811 δι’
699 1755 753 1823 ἐνθς
770 1757 862 1837 ἐχθροῦ

87 1863 100 1887 ιι
117 1837 247 1918 τιμωρίαν
282 1834 413 1897 τοσούτων
446 1838 534 1913 δέησιν
568 1837 727 1900 ἀπώσασθαι
764 1844 861 1925 φίλων,

88 1951 100 1976 ιι
123 1925 192 1983 ἀλλά
216 1929 320 1988 πολλῶν
346 1928 391 1987 καί
417 1930 522 2007 ἀγαθῶν
548 1930 648 2010 ἀνδρῶν
672 1931 763 2012 χάριτι
785 1934 860 2007 δίκην

88 2039 100 2064 ιι
120 2015 210 2094 ἀνδρὸς
231 2015 283 2082 aab<
308 2019 447 2097 ὑπεριδεῖν.
500 2020 594 2079 Ταῦτα
620 2019 665 2078 καί
686 2023 862 2101 παραπλήσια

87 2127 100 2153 ιι
119 2102 219 2170 τούτοις
234 2107 329 2179 είπών,
352 2108 502 2167 τελευταῖον
519 2110 616 2167 ἐκεῖνον
633 2107 745 2181 ἐπέθηκε
759 2112 803 2171 τδν
817 2113 862 2171 λύ·

30 2197 57 2234 2⁰
87 2217 99 2243 ιι
116 2213 181 2268 γον,
194 2190 234 2251 ὅτι
250 2191 337 2274 ιθήφου
350 2194 397 2269 μὲν
413 2195 573 2277 ἐπαχθείσης
587 2198 632 2257 tls
648 2198 801 2257 ἀπολύσωσι
816 2200 860 2257 τδν

87 2309 99 2334 ιι
116 2283 211 2363 ἄνδρα,
240 2285 285 2344 διὰ
310 2284 340 2342 rb
362 2285 444 2359 μηδὲν
471 2288 616 2346 ἀδικεῖσθαι
639 2286 683 2344 τθν
706 2288 789 2364 δῆμον
811 2289 862 2348 dard

88 2399 99 2423 ιι
119 2373 198 2431 αὐτοῦ
215 2370 331 2440 δόξουσιν
347 2371 493 2452 ἀφεικέναι,
509 2375 553 2435 lla
568 2374 596 2433 δέ
609 2374 763 2434 κωλύσωσιν
779 2378 863 2434 ἐπιτε-

88 2486 100 2510 ιι
118 2462 242 2531 λεσθῆναι
269 2461 318 2532 τὴν
346 2461 438 2532 δίκην,
458 2471 512 2530 τοῖς
537 2463 668 2541 δεομένοις
692 2465 759 2544 ὑπὲρ
784 2468 860 2524 αὐτοῦ

88 2573 101 2598 ιι
119 2548 279 2626 φανήσονται
297 2548 496 2627 κεχαρισμένοι.
514 2578 527 2604 ιι

26 2647 57 2684 ⁴2⁵
127 2637 203 2698 LXI.
227 2636 406 2713 Παυσαμένου
421 2639 449 2697 δέ
459 2646 504 2699 τοῦ
523 2640 678 2712 Μηνυκίου,
694 2640 861 2722 παριλθὼνὸ

85 2723 222 2805 δήμαρχος
237 2724 381 2797 Σικίννιος,
399 2725 457 2785 οὔτε
481 2728 557 2795 αὐτὸς
578 2728 627 2810 έφη
650 2728 795 2808 προδώσειν
812 2735 859 2803 τὴν

85 2813 232 2895 ἐλευθερίαν
257 2817 308 2873 τῶν
334 2816 455 2891 δημοτῶν
467 2818 526 2877 οὔτε
542 2825 595 2884 τοῖς
610 2817 777 2897 προδιδοῦσιν
801 2821 859 2879 ἐπι·

83 2903 187 2984 τρέψειν
200 2903 277 2962 ἑκών·
293 2904 352 2962 ἀλλ’
363 2905 385 2962 εί
395 2908 433 2986 τῷ
445 2904 499 2964 ἐντι
512 2905 673 2985 παρέχουσιν
685 2907 709 2964 οἱ
724 2907 858 2987 πατρίκιοι

83 2992 126 3050 τδν
144 2991 227 3071 ἀνδρα
244 2994 288 3050 ἐπὶ
305 2991 378 3062 δίκην
391 3001 445 3060 τοῖς
460 2994 619 3070 δημοτικοῖς,
638 2992 782 3054 ἀναδώσειν
797 2996 858 3075 περὶ

30 3093 57 3130 ³⁰
84 3084 164 3140 αὐτοῦ
175 3081 223 3153 τὴν
235 3084 330 3159 ψῆφον,
344 3080 410 3139 ἄλλο
423 3080 450 3140 δέ
461 3082 582 3153 ποιήσειν
591 3105 629 3140 πα
647 3083 664 3140 ἐι
678 3087 764 3142 ταῦτα
775 3084 858 3145 οὐδέν.

83 3169 159 3229 Μετὰ
174 3173 259 3228 ταῦτα
271 3169 411 3247 παρελθών
437 3173 451 3228 θ
469 3168 606 3240 Μηνύκιος
620 3106 701 3231 εέπεν·
717 3198 730 3223 ιι
744 3170 851 3232 Ἔπειθ’

86 3286 98 3311 ιι
116 3259 238 3327 πάντως,
254 3247 275 3317 ώ
292 3258 436 3338 δήμαρχοι,
454 3261 539 3339 ψῆφον
555 3260 725 3338 ἀπενεχθῆναι
740 3260 801 3340 περὶ
812 3267 858 3321 τοῦ

86 3373 98 3399 ιι
117 3348 208 3424 ἀνδρὸς
233 3350 421 3425 προθυμεῖσθε,
448 3349 529 3423 μηθέν
549 3345 598 3415 ἐξω
620 3353 665 3406 τοῦ
691 3347 858 3427 ἐγκλήματος

22 3436 25 3441 ’
86 3460 98 3487 ιι
116 3443 296 3513 κατηγορεῖτε·
310 3433 369 3492 ἀλλ’
379 3435 468 3505 ἐπειδὴ
478 3437 611 3515 τυραννίδι
624 3437 701 3496 αὐτὸν
717 3439 857 3516 ἐπιχειρεῖν

28 3531 54 3568 ³⁵
85 3549 98 3574 ιι
116 3523 313 3601 εἰσηγγειλατε,
340 3527 416 3582 τοῦτο
440 3523 577 3583 διδάσκετε
605 3525 651 3583 καί
679 3526 740 3604 περί
765 3526 857 3587 τούτου

86 3634 98 3660 ιι
116 3608 162 3675 τὰς
176 3609 276 3672 πίστεις
292 3606 394 3686 φέρετε.
436 3609 527 3688 Λόγων
544 3609 572 3670 δέ
585 3602 623 3670 ὧν
646 3613 723 3670 αὐτὸν
739 3614 856 3673 αἰτιᾶσθε

86 3722 98 3747 ιι
117 3696 186 3755 κατθι
212 3704 257 3755 τοῦ
282 3696 367 3770 δήμου
386 3697 450 3777 πρὸς
473 3698 521 3771 τὴν
547 3699 644 3779 βουλὴν
666 3702 766 3774 εἰπεῖν,
790 3702 857 3780 μήτε

86 3814 98 3839 ιι
118 3785 252 3864 μέμνησθε
266 3784 334 3862 μήτε
350 3797 530 3868 κατηγορεῖτε.
555 3789 689 3871 ’ἀφεῖσθαι
710 3792 762 3870 γὰρ
778 3792 857 3853 αὐτὸν

85 3903 98 3928 ιι
115 3876 265 3957 ἐψηφίσατο
279 3873 375 3947 ταύτης
387 3880 432 3948 τῆς
447 3877 573 3945 αέτίαςτδ
589 3880 740 3960 συνέδριον,
755 3881 800 3940 καί
813 3883 857 3942 ἐπί

27 3974 54 4013 so
84 3989 97 4016 ιι
119 3964 204 4043 ῥητοῖς
222 3961 296 4034 ἥκειν
309 3964 344 4031 είς
354 3962 398 4023 τὸν
421 3966 504 4043 δῆμον
523 3964 671 4029 ἐδικαίωσε.
716 3969 771 4029 Καὶ
789 3972 856 4049 μετθι

83 4074 96 4099 ιι
115 4053 192 4106 τοῦτο
206 4047 304 4128 ἀνέγνω
319 4050 349 4111 τθ
361 4051 558 4132 προδούλευμα.
575 4084 587 4107 ι
601 4054 636 4117 ‘0
653 4055 700 4132 μέν
721 4057 752 4129 δὴ
772 4065 856 4119 ταῦτα

80 4136 161 4195 εἰπών
190 4158 218 4195 τε
245 4137 291 4197 καί
312 4141 555 4221 ἐπιμαρτυράμενος
578 4143 688 4217 κατίδη,
741 4149 802 4207 Τῶν
827 4149 855 4210 δέ

79 4226 226 4305 δημάρχων
239 4231 341 4307 πρῶτος
353 4229 401 4307 μὲν
418 4231 517 4292 διέθετο
530 4232 578 4304 τήν
590 4235 749 4316 κατηγορίαν
765 4237 856 4298 Σικίν-

78 4336 131 4380 νιος
145 4319 175 4374 ἐκ
188 4316 287 4388 πολλῆς
301 4321 450 4395 ἐπιμελείας
461 4321 506 4380 καί
517 4328 700 4404 παρασκευῆς,
715 4325 793 4383 πένθ’
806 4326 855 4388 ὅσα

24 4426 50 4461 ss
77 4403 201 4479 πράττων
216 4403 233 4475 ἢ
248 4406 332 4484 λέγων
351 4408 446 4488 θάνὴρ
462 4408 531 4470 κατίι
545 4417 591 4472 τοῦ
610 4412 694 4489 δήμου
710 4413 853 4476 διετέλεσεν

78 4491 114 4555 εἰς
133 4493 300 4574 κατασκευήν
314 4497 472 4576 γτυρσιννίδος
499 4499 653 4581 ἀναφέρων·
679 4501 770 4562 ἐπειτα
786 4504 853 4581 μετά

78 4577 173 4636 ἐκεῖνον
188 4581 211 4637 οἱ
227 4580 406 4643 δυνατώτατοι
419 4589 472 4644 τῶν
484 4585 630 4668 δημάρχων
648 4591 741 4651 εἰπεῖν.

119 4665 205 4728 Lxlt.
227 4668 275 4735 Ὡς
291 4670 317 4729 tl
342 4673 492 4753 παρελαδιν
515 4679 530 4734 θ
554 4679 675 4758 Μάρκιος
693 4680 851 4759 τὸνλόγον,

62 4750 219 4832 1δρξοίμενος
235 4756 333 4818 ἀνωθεν
344 4761 397 4820 ἀπὸ
417 4765 465 4834 τῆς
479 4761 586 4842 πρώτης
609 4766 713 4839 ἡλικίας
728 4769 850 4848 διῆλθεν,

22 4863 50 4898 sc
75 4840 138 4907 ἐίσας
151 4843 354 4920 ἐστρατευμένος
377 4839 411 4922 ἦν
430 4849 497 4930 ῦπέρ
519 4856 566 4922 τῆς
588 4855 688 4924 πόλεως
711 4859 851 4938 στρατείας

76 4935 122 4989 καὶ
140 4930 216 4995 δσους
239 4932 351 5013 εἰληφώς
375 4938 515 5006 ἐπινικίους
531 4942 605 5024 πορθ
619 4948 672 5005 τῶν
695 4950 851 5027 στρατηγῶν

77 5021 234 5103 στεφοίνους,
249 5022 383 5100 πολεμίων
394 5050 423 5087 τε
434 5026 494 5097 τοίις
508 5031 652 5111 ληφθέντας
665 5035 851 5115 αἰχμαλώτους

17 5114 28 5132 ’“
76 5112 121 5198 ἀπ’
149 5112 229 5169 αὐτοῦ
259 5109 305 5169 καί
329 5115 444 5175 πολιτῶν
457 5118 518 5188 τοὺς
543 5120 718 5192 διασωθέντας
744 5127 771 5183 ἐν
798 5126 851 5190 τοῖς

76 5199 171 5276 ἀγῶσι·
182 5201 227 5258 καῖ
236 5200 301 5282 παρ’
310 5198 479 5267 ἕκαστοντῶν
490 5208 638 5289 λεγομένων
649 5212 682 5272 τά
692 5236 721 5273 τε
731 5212 849 5294 ἀριστεῖα

170 5329 281 5372 υιοιιιειι.

1635 401 1694 462 433

915 533 960 583 pro
983 523 1108 572 communi
1127 523 1204 574 totius
1226 526 1308 590 populi
1332 529 1434 580 Romani
1449 531 1560 585 libertate
1578 536 1694 600 imperio·

915 632 965 682 que
986 619 1088 671 ieliciter
1111 622 1225 684 gessisset
1246 643 1252 672 ι
1272 627 1296 674 et
1320 639 1366 678 nec
1382 629 1423 691 pie
1446 643 1491 678 uec
1509 632 1573 681 iuste
1596 647 1640 683 nec
1663 650 1693 685 ex

915 713 996 764 olticio
1027 729 1074 765 suo
1111 717 1220 768 tacturos
1243 718 1355 780 dicebat,
1377 724 1399 773 si
1425 725 1505 775 inania
1533 727 1586 776 eius
1619 731 1693 780 verba

915 810 940 860 in
956 815 1075 864 memoria
1093 815 1261 876 restituerent,
1278 820 1303 867 ei
1321 819 1354 868 ob
1378 821 1495 884 praeclara
1511 825 1564 874 eius
1588 825 1695 877 facinora

914 909 1005 959 nullam
1019 910 1042 960 ei
1064 913 1167 975 gratiam
1187 912 1356 976 rependerent.
1389 918 1524 967 Honestam
1545 922 1628 968 antem
1647 918 1692 967 bo·

915 1006 988 1057 minis
997 1007 1139 1059 absolvendi
1152 1010 1304 1062 occasionem
1319 1026 1373 1064 sese
1385 1015 1478 1065 ollerre
1497 1015 1608 1077 dicebar,
1627 1018 1694 1081 qnod

914 1110 940 1155 et
951 1106 1003 1170 ipse
1014 1107 1081 1157 ultro
1090 1108 1129 1158 sui
1142 1109 1253 1173 corporis
1269 1114 1416 1173 potestatem
1426 1113 1532 1164 inimicis
1544 1115 1635 1166 iaceret
1647 1155 1652 1175 ,
1669 1121 1694 1166 et

915 1200 1037 1265 quidquid
1048 1201 1083 1252 illi
1095 1203 1126 1252 de
1135 1217 1162 1253 se
1173 1205 1334 1267 statuissent,
1347 1205 1372 1255 id
1385 1220 1506 1270 passurus
1527 1214 1602 1261 esset.
1620 1212 1693 1268 Quod

914 1299 935 1348 si
952 1312 1009 1349 cum
1022 1298 1064 1348 illo
1083 1301 1108 1351 in
1122 1300 1226 1365 gratiam
1240 1302 1320 1352 redire
1340 1316 1388 1353 non
1410 1308 1526 1368 possent,
1542 1308 1585 1358 sed
1602 1309 1693 1360 acerbo

914 1396 940 1443 et
958 1392 1106 1456 implacabili
1127 1393 1185 1444 odio
1206 1408 1264 1446 enm
1284 1401 1504 1463 prosequerentur,
1529 1403 1640 1466 repebat
1664 1405 1693 1453 ut

914 1491 1002 1542 saltem
1011 1490 1197 1543 considerantes
1207 1499 1370 1559 senatumpro
1380 1495 1586 1561 eodeprecautem
1598 1499 1696 1558 adesse.

914 1591 1039 1639 trecentos
1054 1588 1121 1639 viros
1140 1591 1216 1640 totius
1234 1591 1343 1644 civitatis
1363 1596 1485 1658 optimos,
1500 1596 1581 1660 aliqua
1601 1598 1694 1648 miseri·

915 1684 997 1736 cordia
1010 1688 1177 1751 mpverentur,
1198 1687 1336 1754 animisque
1353 1693 1518 1754 ilecterentur,
1530 1708 1574 1744 nec
1593 1700 1695 1760 propter

914 1772 987 1823 unius
1004 1771 1096 1822 inimici
1110 1787 1207 1835 poenam
1234 1779 1272 1825 tot
1287 1791 1372 1840 preces
1384 1782 1549 1844 repellerent;
1567 1783 1610 1833 sed
1627 1784 1694 1833 mul·

915 1877 997 1923 torum
1007 1885 1037 1921 ac
1050 1871 1182 1936 proborum
1195 1874 1305 1925 virorum
1328 1878 1414 1939 gratiae
1432 1880 1505 1930 unius
1520 1880 1626 1930 bominis
1649 1883 1695 1931 cri·

914 1983 972 2021 meu
986 1967 1162 2019 condonarent.
1196 1972 1255 2020 llaec
1280 1975 1306 2021 et
1322 1972 1410 2022 similia
1434 1974 1544 2038 locutus,
1566 1979 1690 2039 postremo

917 2070 952 2119 sic
965 2067 1198 2119 clausitoratiouem
1215 2082 1301 2129 suam;
1314 2070 1336 2119 si
1355 2070 1479 2136 suffragiis
1497 2072 1549 2122 suis
1569 2073 1694 2124 bominem

916 2165 1087 2224 absolverent,
1107 2165 1174 2223 iore,
1188 2168 1216 2215 ut
1227 2179 1284 2216 enm
1299 2166 1436 2218 absolvisse
1451 2167 1604 2230 riderentur,
1621 2171 1688 2233 quod

916 2260 982 2326 plebi
1004 2261 1097 2310 nubam
1122 2261 1235 2312 iniuriam
1256 2263 1367 2324 lecisset,
1385 2265 1429 2316 sed
1446 2266 1468 2316 si
1484 2265 1515 2314 ab
1535 2264 1582 2314 linc
1602 2263 1693 2316 iudicio

916 2357 1014 2407 omnino
1027 2357 1191 2421 desisterent,
1212 2359 1277 2420 lore,
1298 2359 1362 2409 utin
1384 2363 1487 2425 gratiam
1507 2362 1694 2427 deprecatorum

916 2468 1012 2519 paenam
1027 2455 1073 2518 ipsi
1093 2456 1216 2506 remisisse
1227 2455 1378 2508 riderentur.

947 2655 1009 2703 Llll.
1027 2653 1090 2702 dum
1115 2655 1196 2705 autern
1220 2654 1343 2704 blinucins
1366 2654 1438 2703 finem
1461 2652 1558 2702 dicendi
1581 2651 1693 2712 lecisset,

916 2733 1022 2783 Sicinius
1036 2732 1151 2784 tribunus
1164 2748 1306 2799 progressus
1318 2734 1389 2794 dixit,
1403 2748 1482 2797 neque
1493 2748 1520 2784 se
1532 2733 1611 2798 plebis
1620 2734 1694 2785 liber-

915 2825 991 2871 tatem
1009 2819 1181 2884 proditurum,
1202 2834 1279 2884 neque
1299 2825 1385 2885 sponte
1400 2821 1431 2870 ab
1443 2820 1497 2870 aliis
1519 2820 1590 2885 prodi
1608 2835 1695 2886 passu-

915 2924 969 2960 rum
993 2926 1009 2958 ι.
1025 2908 1083 2969 sed,
1100 2908 1122 2958 si
1147 2922 1232 2960 revera
1242 2909 1337 2972 patricii
1360 2909 1483 2960 hominem
1504 2909 1582 2973 plebis
1604 2908 1694 2960 iudicio

916 2998 1099 3063 permitterent,
1112 2998 1174 3047 sein
1188 2998 1303 3061 sutfragia
1319 2998 1415 3062 plebem
1431 2999 1582 3059 missurum,
1597 3002 1622 3049 et
1633 2999 1693 3050 nibil

916 3087 985 3139 alind
999 3090 1117 3153 praeterea
1129 3086 1260 3136 iacturum.
1294 3088 1354 3137 Post
1368 3085 1433 3136 bunc
1452 3100 1598 3151 progressus
1609 3089 1691 3139 ilina·

915 3176 969 3226 cius
979 3175 1042 3225 dixit
1057 3195 1063 3223 ι
1081 3195 1092 3217 ι
1109 3173 1332 3236 Quandoquidem,
1349 3174 1456 3234 tribuni,
1477 3173 1541 3225 adeo
1555 3175 1644 3238 cupitis
1661 3177 1693 3226 de

917 3282 929 3313 ιι
944 3267 992 3315 boc
1006 3264 1104 3314 homine
1119 3263 1236 3327 sutfragia
1249 3263 1321 3324 terri,
1334 3263 1395 3313 nihil
1406 3267 1496 3327 praeter
1511 3263 1635 3313 obiectum
1643 3265 1693 3314 cri-

915 3373 928 3396 ιι
942 3367 1000 3402 men
1014 3355 1166 3401 contiacum
1180 3351 1276 3401 dieite:
1292 3351 1336 3401 sed
1351 3352 1466 3414 quoniam
1478 3351 1601 3401 attestatas
1613 3353 1693 3414 tyran·

917 3462 929 3485 ιι
943 3440 1007 3490 nidis
1020 3439 1118 3490 nornine
1129 3453 1187 3491 eum
1208 3439 1346 3500 detulistis,
1367 3440 1419 3492 hoc
1431 3440 1519 3491 docete
1535 3444 1576 3502 et,
1599 3440 1692 3504 quibus

915 3550 927 3572 ιι
944 3528 1064 3593 potestis,
1077 3527 1214 3578 rationibus
1223 3529 1271 3578 lroc
1283 3526 1392 3591 probate.
1403 3527 1542 3579 Verborum
1554 3542 1622 3588 sero,
1636 3543 1693 3593 quae

921 3637 934 3660 ιι
946 3618 978 3666 ab
989 3630 1019 3667 eo
1028 3616 1052 3665 in
1062 3619 1148 3666 senam
1156 3619 1241 3666 contra
1250 3616 1345 3681 plebem
1351 3616 1418 3667 dicta
1428 3618 1602 3678 criminamini,
1613 3631 1693 3681 neque

915 3726 927 3749 ι
943 3706 1092 3756 mentionem
1103 3704 1191 3764 tante,
1212 3717 1292 3769 neque
1306 3717 1336 3755 ea
1355 3708 1476 3757 accusate.
1510 3709 1571 3757 Nam
1592 3710 1693 3757 senatus

914 3815 927 3838 ι
939 3807 985 3843 suo
997 3793 1097 3844 decreto
1107 3806 1166 3843 enm
1175 3792 1224 3843 boc
1233 3792 1335 3843 crimine
1347 3793 1468 3856 liberavit,
1478 3809 1586 3859 eumque
1597 3796 1630 3845 ad
1638 3796 1692 3860 ple·

915 3903 928 3927 ιι
942 3883 979 3933 bis
992 3882 1109 3933 indicium
1125 3881 1200 3933 certis
1212 3881 1410 3945 conditionibus,
1425 3885 1510 3935 renlre
1522 3898 1623 3949 aequum
1637 3898 1693 3937 esse

914 3991 927 4016 ιι
940 3971 1037 4022 censuit
1051 3991 1057 4021 ε
1072 3969 1161 4022 δεῖσθε
1179 3971 1418 4022 senatusconsultum
1431 3971 1551 4022 recitavit.
1564 3991 1578 4017 ιν
1596 3973 1690 4038 llleigi-

912 4065 961 4120 tur,
975 4062 1031 4113 brec
1040 4062 1138 4112 locutus
1147 4063 1173 4111 et
1179 4059 1328 4119 obtestatus,
1346 4058 1483 4110 descendit.
1495 4062 1559 4111 'lum
1572 4061 1688 4123 Sicinius,

913 4150 1068 4201 tribunorum
1089 4149 1201 4214 primus,
1222 4148 1405 4199 accusationem
1428 4163 1443 4199 a
1463 4163 1490 4199 se
1505 4150 1692 4200 accuratissime

911 4240 1106 4305 praemeditatam
1127 4242 1167 4290 est
1180 4252 1321 4305 aggressum
1333 4240 1360 4289 et
1375 4238 1495 4303 quidquid
1513 4254 1622 4306 unquam
1636 4254 1693 4290 reus

911 4333 954 4380 aut
968 4329 1066 4379 iecisset
1080 4332 1124 4378 aut
1138 4328 1255 4390 dixisset,
1269 4327 1294 4378 id
1312 4327 1344 4378 ad
1360 4328 1495 4391 tyrannidis
1509 4330 1691 4380 dilectationem

911 4417 1008 4477 retulit,
1026 4422 1053 4469 ei
1071 4420 1129 4481 post
1148 4417 1217 4469 illum
1238 4416 1346 4479 tribuni,
1367 4416 1411 4480 qui
1432 4418 1542 4470 oratione
1557 4417 1689 4482 plurimum

911 4502 1034 4555 valebant.

938 4694 1012 4746 blill.
1029 4697 1142 4754 Quorum
1165 4695 1302 4746 orationem
1323 4707 1381 4744 curn
1404 4695 1513 4744 Marcius
1535 4695 1688 4756 excepisset,

906 4793 1039 4834 exorsnsa
1057 4781 1143 4845 primis
1166 4793 1218 4831 suae
1239 4781 1414 4833 adolescentia
1434 4779 1521 4841 annis,
1550 4776 1688 4832 recensuit,

905 4866 1004 4930 quoties
1018 4881 1064 4931 pro
1087 4867 1212 4932 republica
1233 4868 1379 4931 militasset,
1399 4870 1424 4917 et
1440 4867 1504 4930 quot
1524 4873 1627 4912 coronas
1647 4870 1692 4922 pro

906 4954 1016 5005 victoriae
1027 4956 1130 5019 praemio
1145 4955 1177 5006 ab
1189 4955 1378 5020 imperatoribus
1394 4952 1541 5016 accepisset,
1554 4951 1617 5010 quot
1629 4947 1690 4998 laos·

905 5046 943 5093 tes
955 5041 1025 5090 viros
1036 5041 1155 5105 cepisset,
1169 5045 1194 5092 et
1205 5044 1267 5106 quot
1279 5040 1347 5091 cives
1355 5039 1381 5089 in
1394 5036 1493 5103 proeliis
1507 5037 1649 5098 servasset,
1660 5042 1686 5088 et

905 5126 938 5178 sd
951 5126 1047 5192 singula
1061 5127 1131 5178 θίοίιι
1146 5128 1295 5180 ostendebat
1313 5125 1377 5177 nom
1392 5123 1441 5175 nbi
1460 5120 1612 5175 tortitudinis
1626 5136 1689 5189 ergo

905 5215 979 5281 data,
992 5218 1017 5268 et
1030 5217 1192 5282 bnpemtores
1204 5219 1283 5269 testes
1293 5212 1401 5277 cimbri,
1414 5216 1441 5267 sl
1453 5211 1523 5265 ciras
1537 5222 1591 5263 ειε
1610 5222 1696 5263 serra
