3772 5828
568 312 861 387 ANTIQUI'I'XTUIII
884 311 1034 373 solinu.
1059 315 1131 374 LlB.
1155 316 1239 379 viil.

99 442 276 515 ἀπεσώθησαν
292 443 329 509 είς
350 439 398 508 τλν
418 441 512 521 πόλιν,
533 441 620 521 όλίγον
643 443 670 501 δέ
693 464 719 499 τι
732 442 877 524 ·στῑφος,ό

99 533 215 608 μάλιστα
236 522 268 603 ήν
291 530 521 608 συντεταγμένον,
545 532 582 598 είς
596 530 670 610 όρους
686 530 745 591 τινδι
761 531 877 611 κορυφήν

99 619 250 699 ἀναδραμὸν
265 619 311 678 καί
325 619 432 695 θέμενον
453 622 567 680 ἐνταῦθα
582 619 617 678 τά
633 619 702 679 ὅπλα
725 619 772 690 τήν
787 623 877 680 ἐπιοῦ·

97 731 146 766 σαν
159 707 238 766 νύκτα
256 705 375 782 διάμενε·
388 710 446 774 ταῖς
462 706 486 765 δί
501 705 559 778 ἑξῆς
571 707 683 786 ἡμέραις
698 706 813 786 φρουράν
828 728 876 763 πε·

99 795 270 875 ριστήσαντος
283 800 329 853 τοῦ
344 795 444 854 ὑπάτου
464 797 503 873 τῷ
519 794 591 875 λόφῳ
602 793 647 853 καὶ
662 794 750 860 πάσας
762 792 877 853 διακλεί·

98 907 191 950 σαντος
211 883 301 951 ὅπλοις
315 882 362 950 τδς
383 881 501 955 ἐξόδους,
516 884 589 963 λιμῷ
604 880 711 963 βιασθὲν
724 881 875 962 ὑποχείριον

96 973 197 1051 γίνεται
211 971 257 1030 καί
271 970 437 1052 παραδίδωσι
451 970 486 1030 τά
499 970 581 1030 ὅπλα.
627 969 662 1031 Ὁ
679 970 706 1029 δέ
716 968 814 1037 ὅπατος
827 971 875 1044 τήν

96 1083 124 1117 τε
137 1061 210 1118 λείαν
225 1058 274 1140 ὅση
295 1058 406 1139 ἐπέτυχε
426 1058 472 1118 καί
501 1056 536 1119 τά
557 1058 665 1139 λάφυρα
680 1057 725 1116 καί
738 1055 798 1125 τοὺς
814 1057 876 1137 αἰχ-

97 1149 235 1226 μαλώτους
261 1147 404 1208 ἀποδόσθαι
442 1146 568 1215 κελεθσας
601 1147 655 1214 τοῖς
691 1147 815 1224 ταμίαις,
840 1147 876 1213 είς

96 1238 144 1309 τήν
175 1237 249 1298 πόλιν
277 1234 411 1315 ἀπήνεγκε
437 1238 467 1296 τὸ
493 1236 629 1317 ἀργύριον.
682 1235 737 1296 Καί
763 1239 821 1312 μετ’
845 1237 875 1294 οῦ

96 1326 177 1386 πολίιν
192 1326 286 1407 χρόνον
302 1325 465 1398 ἀναστήσας,
481 1323 529 1397 τήν
544 1323 656 1403 δύναμιν
673 1325 703 1384 ἐκ
725 1330 772 1397 τῆς
792 1325 875 1384 πολε-

96 1417 157 1491 μίας
171 1419 272 1494 ἀπῆγεν
288 1416 330 1473 ἐπ’
349 1413 435 1490 οίκου,
462 1414 635 1479 τελευτῶντος
659 1412 711 1485 ἤδη
726 1418 771 1473 τοῦ
790 1415 872 1478 ἔτους.

95 1503 280 1567 Ἐπιστάντων
298 1503 325 1563 δέ
340 1507 392 1562 τῶν
410 1500 602 1583 ἀρχαιρεσίων,
622 1501 693 1570 ἔδοξε
711 1510 765 1568 τοῖς
780 1524 876 1580 πατρι·

94 1593 168 1665 κίοις,
178 1592 347 1671 ἠρεθισμένον
356 1597 436 1672 δρῶσι
446 1592 490 1650 τὸν
502 1592 585 1667 δῆμον
601 1591 648 1650 καὶ
662 1588 875 1668 μεταμελόμενον

95 1682 138 1740 ἐπὶ
151 1687 184 1761 τῆ
199 1681 319 1742 Κασσίου
333 1681 465 1760 καταδίκῃ
486 1681 530 1740 διδ
545 1683 663 1762 φυλακῆς
679 1679 757 1738 αὐτὸν
778 1677 873 1758 ἐχειν,

95 1770 133 1848 μή
149 1796 174 1830 τι
188 1773 378 1853 παρακινήσειε
394 1766 474 1830 πάλιν
496 1771 531 1838 είς
558 1771 699 1846 δεκασμῶν
720 1766 813 1826 ἐλπίδα
830 1767 876 1826 καί

95 1859 201 1937 κλήρων
222 1860 347 1938 διανομῆς
369 1857 496 1939 ὑπαχθείς
519 1856 564 1917 ὑπ’
586 1860 679 1942 ἀνδρὸς
712 1864 875 1940 δημαγωγῆ-

96 1969 141 2004 σαι
171 1949 281 2006 δυνατοῦ
309 1946 340 2007 τδ
368 1951 415 2018 τῆς
446 1947 572 2015 Ιλπατείας
605 1948 730 2017 λαόόντος
758 1948 872 2025 ἀξίωμα.

97 2032 237 2112 Ἐφαίνετο
258 2034 286 2095 δὲ
303 2038 389 2102 αὐτοῖς
407 2038 482 2118 ῥᾷστ’
500 2034 532 2094 ἀν
555 2035 755 2108 κωλυθήσεσθαι
774 2034 874 2095 τούτων

55 2131 59 2156 ¹
95 2125 162 2191 τινος
176 2125 348 2204 ὀρεγόμενος,
365 2129 388 2185 εἰ
403 2126 504 2204 γένοιτο
517 2126 617 2192 ύπατος
632 2125 699 2205 ἀνήρ
713 2125 812 2198 ἥκιστα
828 2125 875 2197 δη·

96 2212 211 2288 μοτικός.
243 2215 454 2291 Βουλευοάμενοι
470 2211 502 2285 δή
518 2218 594 2273 τοῦτο
610 2214 744 2273 κελεύουσι
759 2211 877 2292 μετιέναι

94 2300 141 2371 τῆν
167 2301 294 2363 ὑπατείαν
317 2302 361 2360 τὸν
376 2304 465 2380 ἕτερον
483 2304 537 2358 τῶν
563 2301 804 2383 κατηγορησάντων
828 2305 876 2360 τοῦ

95 2391 225 2462 Κασσίου,
250 2389 378 2452 Καίσωνα
393 2388 516 2462 Φάόιον,
533 2390 644 2472 ἀδελφὸν
666 2390 728 2449 ὅντα
749 2396 795 2448 τοῦ
816 2389 876 2448 τότε

95 2478 270 2548 ὑπατεύοντος
286 2475 416 2552 Κοίντου,
432 2478 480 2538 καλ
501 2479 532 2536 ἐκ
551 2485 604 2539 τῶν
620 2479 707 2538 ἀλλων
728 2481 874 2559 πατρικίων

41 2587 53 2623 a
96 2567 209 2625 Λεύκιον
226 2569 360 2643 Αἰμίλιον,
388 2567 470 2647 ἀνδρα
494 2566 725 2646 ἀριστοκρατικόν.
765 2567 875 2626 Τούτων

98 2654 125 2712 δέ
142 2655 284 2731 μετιόντων
294 2654 343 2726 τήν
355 2656 459 2736 ἀρχὴν,
471 2656 581 2715 κωλύειν
593 2654 641 2734 μέν
652 2658 701 2734 οθχ
712 2646 763 2715 οίοί
776 2654 800 2712 τ’
806 2645 874 2726 ῆσαν

97 2745 121 2800 οί
128 2744 276 2820 δημοτικοί,
289 2745 481 2811 καταλιπόντες
492 2743 519 2802 δὲ
531 2742 579 2808 πδς
591 2744 762 2824 ἀρχαιρεσίας
774 2741 876 2825 ᾤχοντο

96 2833 127 2891 ἐκ
141 2837 187 2891 τοῦ
205 2832 305 2893 πεδίου.
356 2833 396 2895 Tb
407 2830 459 2914 γάρ
468 2837 517 2904 τῆς
530 2833 660 2912 λοχίτιδος
675 2831 818 2903 ἐκκλησίας
828 2837 875 2890 κῦ-

96 2944 138 3001 ρος
152 2923 180 2979 ε’ν
194 2925 252 2990 ταῖς
264 2921 440 3003 ψηφοφορίαις
456 2923 517 3002 περί
536 2923 595 2993 τοὺς
606 2921 829 3002 ἐπιφανεστάτους
842 2911 874 2992 ήν

41 3014 68 3054 ³⁰
94 3013 140 3068 καί
164 3010 198 3068 τὰ
213 3013 306 3092 πρῶτα
321 3011 463 3089 τιμήματα
486 3011 596 3091 ἔχοντας
599 3010 660 3085 ,καὶ
677 3010 786 3071 σπάνιόν
799 3035 827 3071 τι
842 3001 875 3082 ήν

94 3096 108 3156 θ
124 3098 267 3179 ἐπεκύρουν
278 3101 302 3159 οί
316 3099 360 3158 διὰ
372 3099 469 3177 με’σου·
483 3102 498 3157 ὅ
510 3100 537 3158 δέ
548 3101 698 3167 τελευταῖος
711 3099 799 3181 λόχος,
816 3090 874 3180 ἐνῷ

94 3186 123 3244 τδ
145 3187 267 3248 πλεῖστόν
281 3211 311 3247 τε
325 3189 371 3247 καὶ
387 3186 556 3269 ἀπορώτατον
576 3193 623 3247 τοῦ
639 3189 784 3264 δημοτικοῦ
796 3188 873 3268 μέρος

94 3275 255 3356 ἐψηφοφόρει
270 3284 352 3353 μιᾶς,
365 3281 401 3344 ὡς
414 3277 461 3336 καὶ
484 3276 611 3357 πρότερον
630 3275 733 3358 εἴρηταί
749 3299 810 3353 μοι,
826 3282 873 3349 τῆς

96 3363 210 3441 ἐσχάτης
229 3365 318 3443 ψήφου
332 3365 420 3447 κύριος
432 3357 476 3437 ήν.
644 3363 649 3369 ’

42 3464 68 3501 ³⁵
138 3453 295 3516 LXXXIII.
331 3454 581 3535 Παραλαμόάνουσι
604 3456 637 3528 δή
676 3454 722 3527 τήν
746 3453 873 3514 ὑπατείαν

97 3540 167 3597 κατὰ
180 3541 209 3599 τδ
225 3541 421 3620 ἑὸδομηκοστόν
434 3567 464 3602 τι
479 3543 526 3603 καί
545 3545 726 3605 διακοσιοστδν
749 3545 807 3611 ἐτος
823 3544 875 3604 ἀπὸ

97 3635 144 3687 τοῦ
159 3635 329 3708 συνοικισμοῦ
345 3636 392 3702 τῆς
408 3630 517 3711 Ῥώμης
547 3634 658 3702 Λεύκιος
673 3634 795 3711 Αἰμίλιος
810 3637 876 3694 Μα-

98 3714 197 3794 μέρκου
213 3717 266 3785 υἱός
282 3719 328 3778 καί
351 3719 460 3781 Καίσων
477 3721 580 3789 Φάόιος
594 3723 733 3790 Καίσωνος
747 3725 813 3799 υίὸς,
829 3722 876 3801 ἀρ-

96 3827 188 3883 χοντοτ
202 3805 326 3881 Ἀθήνησι
343 3810 505 3885 Νικοδήμου.
547 3801 596 3878 Οἷς
608 3815 667 3871 κατ’
679 3811 760 3892 ιύχήν
774 3810 873 3882 συνέῦη

42 3917 70 3954 ιο
97 3893 180 3971 μηδὲν
196 3895 247 3956 ini
260 3900 306 3968 τῆς
316 3899 454 3970 πολιτικῆς
468 3902 680 3981 ἐπιταραχθῆναι
692 3899 873 3981 διχοστασίας,

97 3982 221 4054 πολέμων
243 3983 292 4068 τήν
313 3984 389 4045 πόλιν
411 3987 593 4064 περιστάντων
617 3991 774 4050 ἀλλοεθνῶν.
828 3990 875 4050 Ἐν

99 4068 184 4125 άπασι
195 4067 241 4142 μέν
256 4056 300 4126 ούν
316 4069 399 4126 ἔθνεσι
410 4068 455 4126 καί
468 4069 556 4136 τόποις
566 4067 703 4140 Ἑλλήνων
713 4095 740 4128 τε
750 4072 795 4129 καλ
807 4078 822 4152 β
844 4099 870 4155 ρ-

99 4154 187 4232 όοίρων
198 4155 316 4234 φιλοῦσιν
325 4156 353 4213 αί
364 4157 417 4213 τῶν
430 4155 521 4224 ἔξωθεν
531 4160 619 4216 κακῶν
631 4158 782 4217 ἀνάπαυλαι
791 4162 871 4242 ἐμφιι·

97 4244 169 4310 λίους
189 4266 218 4301 τε
238 4242 283 4302 καί
305 4242 432 4320 ἐνδήμους
455 4245 731 4325 ἐγείρεινπολίμους·
753 4251 870 4326 μάλιστα

44 4354 69 4393 ts
98 4333 125 4390 δέ
140 4340 216 4393 τοῦτο
236 4333 384 4412 πάσχουσιν
401 4333 457 4393 ὅσοι
476 4333 639 4411 πολεμιστήν
658 4337 703 4394 καὶ
720 4336 870 4399 κακόπαθον

98 4427 233 4504 αἱροῦνται
258 4425 314 4504 βίον
337 4424 484 4505 ἐλευθερίας
504 4447 533 4482 τε
548 4426 593 4483 καὶ
617 4426 758 4505 ἡγεμονίας
781 4428 866 4511 πόθῳ.

95 4519 219 4578 Χαλεπαί
234 4517 286 4599 γάρ
301 4521 330 4578 αί
346 4523 479 4600 μαθοῦσαι
494 4525 540 4578 τοῦ
557 4520 676 4586 πλείονος
690 4519 809 4599 ἐφίεσθαι
823 4519 875 4600 φύ-

96 4628 149 4672 σεις
161 4607 340 4687 ἐξειργόμεναι
356 4612 408 4668 τῶν
424 4606 543 4678 συνήθων
556 4607 639 4686 ἐργων
660 4616 813 4688 καρτερεῖν,
829 4607 875 4666 καί

98 4691 140 4749 διὰ
161 4699 238 4755 τοῦτο
252 4699 276 4755 οἱ
299 4695 494 4778 φρονιμώτατοι
508 4698 561 4755 τῶν
580 4697 718 4773 ἡγεμόνων
740 4695 782 4755 ἀεί
802 4720 874 4763 τινας

40 4798 67 4838 50
95 4780 126 4838 ἐκ
139 4784 191 4839 τῶν
206 4782 352 4844 ἀλλοεθνῶν
368 4788 584 4864 ἀναζωπυροῦσιν
594 4785 708 4866 ἐχθρας,
724 4788 874 4866 κρείττονας

94 4867 239 4946 ἡγούμενοι
252 4873 304 4929 τῶν
324 4872 450 4932 ἐντοπίων
469 4871 594 4949 πολέμων
613 4872 672 4942 τοθς
695 4874 872 4943 ἀλλοδαπούς.

94 4958 163 5019 Τότε
177 4958 204 5018 δέ
221 4949 279 5030 οῦν,
291 4956 382 5040 ὥσπερ
395 4961 475 5042 ἐφην,
488 4959 558 5020 κατά
573 4960 686 5039 δαίμονα
699 4971 752 5030 τοῖς
764 4963 874 5029 ὑπάτοις

94 5048 237 5108 συνέπεσον
253 5047 280 5103 αί
292 5049 345 5106 τῶν
357 5050 480 5121 ὑπηκόων
493 5048 694 5117 ἐπαναστάσεις.
711 5051 873 5110 Οὐολοῦσκοι

94 5137 145 5218 γάρ
157 5137 209 5199 είτε
219 5141 253 5219 τῇ
266 5137 389 5217 πολιτικῇ
401 5136 544 5217 Ῥωμαίων
559 5137 661 5210 κινήσει
676 5140 873 5214 πιστεύσαντες,

1653 328 1710 386 5ίί

932 453 1025 504 consul
1038 468 1097 503 vero
1106 467 1204 504 omnem
1217 453 1341 517 praedam,
1356 469 1406 519 qua
1426 460 1521 521 potitus
1534 467 1601 522 erat,
1615 468 1640 513 et
1655 479 1713 530 spo·

931 565 964 614 lia
977 568 1001 615 ei
1013 564 1126 629 captiuos
1138 580 1181 629 per
1191 572 1329 630 quaestores
1340 569 1414 619 rendi
1423 570 1510 632 lossii,
1532 576 1711 641 pecuniamque

931 679 956 730 iu
979 677 1065 730 urbem
1088 680 1186 731 detulit.
1220 685 1271 733 b'ec
1292 683 1370 732 mullo
1390 687 1446 748 post
1467 689 1556 737 castris
1576 703 1607 739 ex
1627 688 1710 741 hostili

931 809 989 859 agro
1003 795 1091 859 motis,
1112 796 1195 861 copias
1207 797 1253 846 snb
1267 797 1348 861 ipsum
1361 799 1419 849 anni
1438 802 1533 851 exilum
1554 803 1655 854 domum
1671 820 1710 856 re·

930 909 1009 960 duxit.
1045 912 1195 962 instantibus
1209 926 1266 963 vero
1283 913 1406 977 comitiis,
1424 917 1515 979 placuit
1527 920 1656 981 patribus,
1675 920 1710 971 Ir-

930 1023 1028 1074 ritatam
1046 1024 1141 1092 plebem
1160 1025 1302 1078 ridentibus
1319 1030 1344 1079 et
1358 1029 1521 1083 damnationis
1534 1023 1611 1084 Cassii
1627 1036 1708 1099 poeni-

894 1143 898 1151 “
929 1143 1036 1200 tentem,
1054 1155 1142 1192 carere
1170 1142 1314 1208 diligenter,
1339 1158 1371 1196 ne
1396 1147 1456 1210 quid
1481 1148 1537 1200 nori
1570 1151 1659 1201 iterum
1683 1151 1709 1202 in
1775 1127 1783 1142 ⁶

930 1256 1056 1320 republica
1075 1257 1210 1316 moliretur,
1233 1257 1258 1307 in
1273 1272 1342 1322 spem
1356 1261 1511 1326 largitionum
1528 1268 1553 1315 et
1564 1263 1624 1330 Iegis
1634 1280 1705 1331 agra·

930 1372 973 1422 rio
985 1371 1086 1423 inducta
1097 1371 1129 1421 ab
1139 1372 1221 1436 aliquo
1231 1374 1336 1426 racundo
1346 1381 1371 1427 et
1381 1379 1540 1442 popularibus
1550 1383 1707 1433 concionibus

929 1485 1033 1546 idoneo,
1045 1485 1076 1535 ad
1089 1487 1242 1537 consularem
1256 1487 1399 1552 dignitatem
1412 1497 1506 1544 erecto.
1530 1495 1708 1547 Existimabunt

930 1601 1029 1662 autem,
1042 1600 1064 1649 si
1077 1600 1137 1665 quid
1151 1600 1241 1651 borum
1256 1606 1453 1670 concupisceret,
1472 1608 1586 1660 tacilIIme
1599 1610 1707 1662 cobiberi

930 1730 1011 1781 posse,
1025 1718 1110 1767 consul
1122 1717 1187 1779 plebi
1203 1719 1379 1772 iutesIIssimus
1396 1728 1529 1776 crearetur.
1542 1730 1628 1792 ltaque
1647 1729 1707 1779 inito

930 1832 978 1881 boc
989 1831 1103 1894 consilio,
1114 1832 1184 1882 alteri
1201 1848 1232 1884 ex
1243 1838 1426 1888 accusatoribus
1438 1841 1533 1905 Cassii,
1550 1846 1645 1894 cuasoui
1659 1848 1707 1895 Fa-

930 1946 980 2007 bio,
991 1947 1059 1998 tratri
1075 1950 1172 2012 Quiuti,
1184 1954 1228 2017 qui
1240 1957 1299 2004 tunc
1311 1957 1397 2005 consul
1415 1958 1478 2017 erat,
1489 1959 1553 2007 etex
1564 1959 1618 2008 aliis
1630 1961 1707 2022 patri·

930 2069 990 2128 ciis,
1006 2071 1034 2119 L.
1045 2069 1159 2130 AEmitio,
1175 2069 1322 2133 optImatum
1336 2070 1438 2132 tautori,
1452 2071 1550 2136 petendi
1563 2074 1707 2124 consulatus

931 2183 1044 2230 auctores
1068 2181 1178 2233 tuemnt.
1229 2184 1280 2233 iios
1304 2185 1388 2233 autem
1407 2183 1578 2244 magistratum
1595 2187 1706 2249 petentes

931 2296 1002 2360 plebs
1013 2297 1132 2362 Impedirs
1148 2312 1197 2348 non
1209 2298 1305 2362 potuit:
1319 2300 1362 2349 sed
1375 2300 1465 2350 relictis
1479 2301 1607 2353 comitiise
1619 2316 1706 2368 campo

930 2407 1052 2459 discessit.
1090 2416 1151 2462 llam
1175 2411 1200 2462 iu
1220 2413 1364 2464 centuriatis
1393 2414 1500 2464 comitiis
1533 2416 1707 2480 suffragiorum

930 2527 1009 2577 omnis
1021 2527 1058 2577 vis
1076 2531 1102 2579 et
1116 2530 1250 2580 auctoritas
1269 2543 1343 2594 penes
1355 2528 1518 2579 nobilissimos
1529 2544 1642 2594 quosque
1655 2533 1707 2597 pri·

929 2653 978 2691 rum
992 2642 1077 2692 classis
1088 2642 1199 2693 bomtnes
1211 2647 1301 2693 crant:
1323 2657 1428 2706 raroque
1440 2642 1471 2692 ad
1485 2642 1623 2693 mediarum
1641 2645 1706 2694 clas-

929 2754 993 2804 sium
1016 2755 1136 2819 sutfragia
1152 2754 1337 2817 deveniebatur,
1355 2758 1384 2806 ut
1404 2755 1496 2820 ailquid
1514 2759 1594 2807 ratum
1612 2757 1706 2808 abillis

929 2867 1006 2918 tieret.
1040 2867 1132 2918 Uldma
1153 2880 1212 2918 vero
1230 2867 1354 2926 centuria,
1372 2867 1396 2916 tn
1415 2879 1464 2930 qua
1482 2866 1622 2918 mailmaet
1633 2883 1705 2934 egcu-

930 2989 1024 3040 tisaima
1048 2987 1126 3054 plebis
1154 3002 1211 3054 pars
1233 2986 1351 3052 sutfragia
1377 2986 1479 3048 terebat,
1507 2987 1580 3038 unius
1594 2992 1712 3053 postremi

928 3113 1054 3178 suliragii,
1066 3117 1096 3164 ut
1106 3114 1164 3166 aute
1175 3128 1191 3165 a
1207 3126 1248 3165 me
1259 3112 1355 3163 dictum
1367 3114 1413 3172 est,
1427 3111 1465 3161 ius
1481 3110 1596 3164 babebat.

960 3476 1091 3525 LXXXlll.
1110 3478 1179 3523 Anno
1192 3471 1267 3536 Igitur
1284 3471 1316 3521 ab
1334 3470 1395 3520 urbe
1417 3471 1517 3522 condita
1538 3469 1707 3522 ducentesimo

930 3565 1109 3628 septuagesimo
1125 3562 1239 3613 consules
1253 3561 1311 3611 lacti
1327 3565 1387 3611 sunt
1397 3562 1425 3612 L.
1441 3561 1571 3624 AEmilius,
1590 3562 1708 3611 Mamerci

930 3656 956 3703 F.
972 3657 998 3703 et
1014 3654 1086 3703 caso
1102 3650 1206 3712 Fabius,
1220 3650 1332 3701 cessonis
1349 3648 1505 3705 marchonis
1522 3651 1622 3700 AlbenIs
1633 3650 1708 3700 Nico·

929 3735 1012 3785 demo.
1045 3732 1140 3792 Quibus
1155 3745 1185 3782 οε
1208 3734 1265 3781 voto
1286 3731 1402 3794 contigit,
1427 3734 1455 3781 ut
1475 3731 1542 3782 nulla
1556 3730 1623 3781 civili
1640 3729 1706 3781 sedi·

930 3824 997 3874 tione
1011 3823 1178 3882 turbarentur,
1193 3820 1264 3871 beIIIs
1288 3820 1396 3870 externis
1418 3819 1506 3870 urbem
1527 3818 1705 3870 Intestantibus.

929 3912 957 3958 in
968 3907 1084 3959 omnibus
1097 3908 1177 3966 cerie,
1190 3905 1243 3956 tam
1256 3906 1359 3965 draca,
1372 3918 1448 3968 quam
1460 3905 1574 3954 barbaris
1592 3904 1707 3969 gentibus

930 4002 955 4049 et
966 3998 1027 4049 locis
1041 4010 1089 4047 usu
1102 3995 1165 4046 solet
1178 3995 1277 4056 venire,
1291 3998 1329 4053 ut,
1341 3994 1496 4043 cessantibus
1508 3994 1616 4043 externis
1624 3993 1704 4052 matis,

929 4086 996 4138 domi
1008 4085 1141 4138 seditiones
1152 4087 1178 4135 et
1196 4083 1261 4134 belle
1275 4082 1356 4133 civilia
1377 4082 1523 4132 excitentur.
1557 4085 1611 4132 ilos
1623 4085 1707 4134 autern

928 4175 1085 4239 potissimum
1101 4174 1131 4225 iis
1143 4172 1232 4224 accidit
1250 4172 1305 4236 qui,
1321 4170 1442 4222 libertatis
1458 4175 1484 4220 et
1496 4170 1647 4235 priupratus
1660 4171 1708 4221 de·

930 4261 1034 4323 siderio,
1052 4262 1165 4312 bellicum
1182 4263 1208 4312 et
1219 4273 1387 4310 aerumnosum
1401 4258 1460 4308 ritca
1472 4271 1548 4322 genus
1560 4260 1705 4321 sequuntur.

929 4351 1028 4414 ingenia
1038 4353 1103 4400 enlm
1112 4349 1190 4414 pluris
1198 4349 1305 4399 habendi
1322 4345 1453 4412 cupiditati
1478 4346 1576 4408 dediia,
1591 4346 1706 4396 stacon-

929 4439 1005 4490 suetis
1025 4438 1150 4491 exercitiis
1179 4437 1364 4503 prohibeantur,
1393 4436 1491 4488 difficile
1524 4450 1551 4486 se
1583 4435 1707 4484 continere

928 4530 1031 4595 possunt
1050 4543 1056 4575 τ
1074 4508 1100 4578 et
1115 4529 1244 4593 propterea
1257 4526 1443 4592 prudentissimi
1463 4526 1540 4577 duces
1553 4538 1651 4588 semper
1661 4523 1706 4572 ali·

928 4631 992 4681 quas
1002 4616 1142 4669 InimIcitias
1155 4616 1241 4678 alunt,
1263 4620 1292 4667 ut
1312 4621 1472 4668 externorum
1493 4614 1613 4664 bellorum
1626 4616 1706 4661 mate·

928 4707 991 4758 riam
1004 4707 1100 4758 tacilius
1109 4704 1242 4767 accedant,
1255 4719 1369 4769 novaque
1380 4705 1444 4756 bella
1455 4716 1550 4767 semper
1560 4700 1704 4761 suscipiant,

927 4797 986 4860 quia
1006 4797 1031 4847 iu
1046 4796 1132 4846 alicnis
1153 4795 1255 4854 finibus,
1280 4808 1355 4858 quam
1377 4794 1401 4843 in
1418 4793 1486 4852 suis,
1511 4790 1601 4839 bellum
1622 4797 1706 4847 gerere

928 4885 1006 4936 satius
1024 4897 1079 4936 esse
1094 4886 1190 4948 putant.
1224 4886 1294 4933 Tunc
1310 4884 1393 4947 igitur,
1409 4883 1437 4932 ut
1449 4880 1518 4939 dlxI,
1542 4877 1604 4923 torte
1616 4871 1706 4922 accidit

927 4972 1084 5034 consulibus,
1095 4974 1123 5022 ut
1134 4971 1216 5035 populi
1230 4971 1323 5022 sudeti
1336 4970 1499 5020 detecti0nem
1513 4963 1629 5013 tacerent.
1643 4964 1705 5012 Nam

928 5060 1020 5120 Volsci,
1035 5060 1087 5110 sire
1105 5057 1241 5109 domestico
1262 5061 1426 5108 Romanorum
1441 5057 1509 5101 motu
1526 5050 1595 5110 neu,
1619 5054 1704 5114 utpote

927 5148 1033 5199 alienata
1054 5161 1069 5196 a
1089 5146 1275 5211 magistratibus
1296 5146 1381 5209 plebe,
1404 5141 1457 5193 siro
1479 5139 1611 5205 superioris
1627 5140 1702 5191 cladis
