3772 5828
627 390 914 480 narlourraruu
935 408 1077 469 aenas.
1100 413 1169 470 ιιιι.
1190 413 1215 472 ι.
1676 419 1711 476 ιι

126 532 172 595 καί
186 533 289 616 βωμοίις
303 536 491 604 κατεσκεύαζον
504 537 604 603 αὐτοῖς·
621 539 647 594 ei
663 536 690 597 δὲ
704 539 822 614 γυναῖκες
833 541 894 596 δλο-

128 625 195 701 λυγῇ
211 622 255 681 καί
265 623 381 702 χορείαις
396 621 533 703 χρώμεναι
546 624 723 702 παρεκόμιζον
735 625 768 682 τά
783 623 856 703 ίερά·
869 626 893 682 οί

127 710 151 768 δ’
164 709 233 790 ἀμρί
246 710 291 769 τόν
312 709 419 771 Αἰνείαν
434 710 694 791 παρασκευασθείσης
709 712 799 778 θυσίας
819 711 895 788 έχον-

124 819 165 863 τες
178 795 239 864 τοῦς
253 796 393 875 στεφάνους
407 796 467 875 περὶ
482 796 526 853 τδν
541 797 629 876 βωμόν
641 799 764 870 ἔστησαν.

85 920 99 957 ς
166 884 238 944 LVl.
254 883 301 943 Ἐκ
315 873 337 964 ᾧ
353 887 375 941 δ’
394 876 465 942 οὗτοι
474 881 522 951 τάς
531 885 608 964 εὐχάς
619 886 813 958 ἐποιήσαντο,ή
827 884 893 963 μέλ-

124 973 209 1030 λουσα
221 975 399 1050 καθιεροῦσθαι
411 963 440 1037 ῦς
449 972 568 1049 ἐγκύμων
579 962 643 1033 ούσα
656 974 700 1032 καί
708 976 737 1033 οῦ
749 975 839 1054 πρόσω
853 972 895 1031 τό·

126 1083 187 1135 κου,
197 1059 397 1140 καταρχομένων
413 1061 493 1130 αὐτῆς
504 1062 556 1118 τῶν
565 1061 696 1140 θυτήρων,
707 1060 894 1137 διασεισαμένη

127 1150 172 1206 καὶ
188 1151 354 1226 ἀπορυγοῦσα
370 1147 428 1213 τοὺς
441 1148 601 1226 κατέχοντας
618 1149 672 1207 ἀνοι
686 1149 816 1220 θαλάττης
830 1149 891 1208 έθει.

128 1234 232 1302 Αἰνείας
246 1232 273 1293 δέ
290 1233 394 1310 μαθὼν,
408 1234 447 1291 ὅτι
461 1235 559 1307 ταύτην
575 1236 625 1314 ἀρα
641 1238 688 1307 τήν
706 1236 893 1316 [τετράποδα]

73 1355 100 1393 to
126 1321 242 1402 ἡγεμόνα
253 1321 283 1381 τδ
293 1322 418 1403 θέσφατον
431 1325 517 1389 αὐτοῖς
531 1324 633 1396 ἐδήλου,
643 1324 833 1404 παρηκολούθει
845 1323 892 1381 σὺν

125 1412 219 1489 ὀλίγοις
233 1410 326 1490 μικρὸν
340 1411 549 1484 ὑπολειπόμενος,
565 1411 684 1477 δεδοικὼς
698 1410 735 1485 μὴ
750 1413 801 1469 ὑπὸ
816 1411 894 1490 θορύ-

126 1499 174 1557 6ου
180 1503 232 1558 τῶν
243 1498 387 1557 διωκόντων
398 1500 560 1578 ἀποτραπείη
572 1503 617 1569 τῆς
627 1501 694 1557 κατὰ
703 1499 802 1576 δαίμον’
819 1500 891 1560 ὁδοῦ.

128 1586 207 1659 Καίἡ
219 1586 266 1662 μὲν
281 1586 349 1666 ἀμρί
359 1584 418 1652 τοῦς
429 1586 509 1644 είκοσι
518 1585 563 1645 κοιλ
578 1587 704 1666 τέτταρας
712 1587 830 1654 σταδίους
840 1587 894 1645 ἀπθ

126 1673 258 1746 θαλάττης
274 1675 409 1732 διελθοῦσα
428 1675 506 1753 λόρον
528 1673 586 1731 τινά
604 1675 824 1753 προσανατρέχει,
840 1674 890 1732 ἐνθ’

71 1773 98 1810 ¹⁵
126 1761 177 1819 ὑπὸ
191 1763 313 1837 καμάτου
328 1761 484 1838 μοχθήσασα
499 1761 645 1830 καθέζεται.
687 1765 712 1822 Τ
713 1786 735 1842 ῳ
751 1763 777 1820 δ’
791 1764 894 1842 Αἰνείορ·

125 1849 199 1917 τέλος
216 1849 267 1927 γάρ
290 1848 323 1906 τά
347 1849 507 1928 μαντεύματ’
521 1853 631 1930 ἐραίνετ’
647 1851 730 1930 ἐχειν·
752 1854 845 1930 δρῶντι
864 1852 894 1912 τὸ

125 1938 224 2017 χοιρίον
235 1943 284 2017 γῆς
297 1936 321 1994 τ’
334 1939 380 1996 οὐκ
398 1940 424 1995 ἐν
447 1940 521 2018 καλῷ
535 1939 580 1998 καί
601 1940 733 2010 θαλάττης
744 1939 836 2016 πρόσω
849 1940 894 1998 καί

88 2048 91 2052 ’
127 2025 186 2082 οῦδὲ
201 2025 296 2096 ταύτης
311 2027 496 2103 ἐνορμίσασθαι
512 2028 628 2102 ἀγαθῆς,
642 2025 728 2097 πολλή
748 2026 895 2103 παρίστατο

128 2112 280 2191 ἀμηχανία,
291 2112 388 2191 πότερα
404 2112 456 2192 χρὴ
470 2118 508 2192 τῷ
522 2115 642 2194 θεσράτῳ
657 2113 821 2190 πειθομένους
841 2116 894 2172 αιί-

69 2226 97 2262 ου
125 2206 171 2258 τοῦ
195 2209 339 2275 κατοικεῖν,
361 2200 421 2260 ἐνθα
441 2201 558 2280 λυπηρθν
584 2203 653 2260 ἐσαεί
679 2203 733 2278 βίον
757 2201 895 2282 τρίψουσιν

126 2288 225 2354 οὐδενός
240 2294 360 2369 χρηστοῦ
376 2289 566 2359 ἀπολαύοντες,
588 2287 606 2358 ἢ
620 2289 778 2367 προσωτέρω
799 2313 895 2370 χωρη-

126 2375 184 2435 τέον
198 2377 241 2435 ἐπί
262 2382 311 2454 γῆς
325 2372 459 2452 ἀμείνονος
477 2376 630 2452 μάστευσιν.
675 2379 769 2435 Ταῦτα
788 2378 809 2434 δ’
824 2381 895 2456 αὐτῷ

127 2465 301 2542 διανοουμένῳ
317 2464 363 2522 καὶ
388 2462 446 2530 τοῦς
462 2464 534 2529 θεοὺς
550 2461 637 2542 ἔχοντι
656 2465 691 2521 δι’
708 2463 806 2538 αἰτίας,
824 2464 895 2544 ἀρνω

128 2553 232 2626 λέγεται
248 2550 322 2630 ρωνή
345 2571 384 2614 τις
407 2551 436 2606 ἐκ
460 2555 507 2620 τῆς
527 2550 612 2623 νάπης
632 2555 745 2632 ἀρανοῦς
762 2549 832 2616 όντος
851 2558 895 2610 τοῦ

68 2660 99 2696 εει
129 2636 302 2715 φθεγγομένου
323 2637 495 2712 προσπεσεῖν,
510 2637 648 2696 κελεύουσα
664 2637 749 2712 μένειν
763 2636 787 2693 τ’
804 2638 892 2696 αὐτόθι

128 2723 173 2780 καί
188 2721 337 2789 πολίζεσθαι
350 2721 393 2779 διά
403 2723 504 2802 ταχέων
516 2724 562 2782 καί
576 2721 613 2800 μή
623 2728 661 2803 τῷ
671 2723 761 2803 ἀπόρῳ
772 2727 816 2793 τῆς
826 2746 894 2805 παρ·

127 2810 206 2880 ούσης
228 2808 302 2879 δόξης
322 2809 511 2888 ἐπιτρέψαντα,
531 2817 553 2868 εἰ
574 2809 611 2887 μή
633 2813 659 2868 ἐν
675 2809 774 2890 εύόότῳ
795 2815 829 2890 γῇ
850 2811 893 2869 τόν

126 2895 182 2973 βίον
193 2897 337 2975 ἱδρύσεται,
351 2897 398 2969 τήν
412 2898 555 2973 μελλουσάν
567 2922 595 2957 τε
609 2900 654 2957 καί
667 2898 725 2959 όσον
738 2899 811 2958 οὔπω
824 2923 892 2979 παρ·

124 2989 204 3043 οῦσαν
224 2986 350 3066 ,εὐτυχίαν
366 2985 531 3048 ἀπώσασθαι.
575 2979 652 3048 Εἶναι
673 2991 725 3066 γάρ
749 2990 821 3068 αὐτῷ
844 3011 891 3047 πε-

66 3097 94 3133 an
122 3072 258 3150 πρωμένον
269 3076 298 3131 ἐκ
309 3072 408 3145 ταύτης
422 3074 573 3154 ὁρμώμενον
582 3080 628 3145 τῆς
639 3077 740 3154 λυπρᾶς
750 3075 794 3133 καὶ
805 3077 893 3153 ὀλίγης

123 3161 153 3220 τό
165 3167 266 3239 πρῶτον
278 3162 414 3241 οἰκήσεως,
425 3164 524 3235 πολλὴν
538 3163 582 3222 καί
593 3167 691 3241 ἀγαθήν
702 3163 895 3235 ἐπικτήσασθαι

123 3254 172 3323 γῆν
186 3248 233 3309 οῦν
246 3251 345 3330 χρόνῳ·
359 3249 436 3308 παισί
450 3250 473 3309 δ’
489 3253 566 3309 αύτοῦ
577 3251 624 3308 καί
639 3251 753 3329 ἐγγόνοις
765 3251 892 3332 [ἔσεσθαι]

124 3336 209 3415 ἀρχήν
230 3337 356 3414 μεγίστην
380 3337 425 3396 καί
442 3337 485 3394 ἐπί
503 3338 624 3396 πλεῖστον
644 3340 738 3417 χρόνον
760 3343 893 3414 ἐκμηκυν-

124 3426 268 3501 θησομένην
285 3423 407 3504 ὑπάρξαι.
447 3424 555 3496 Ταύτην
571 3425 618 3502 μὲν
633 3417 677 3485 οῦν
691 3429 717 3485 ἐν
733 3431 771 3505 τῷ
784 3427 893 3503 παρόντι

63 3528 96 3568 z
124 3511 284 3590 καταγωγὴνΙ
294 3513 398 3572 ἔσεσθαι
420 3520 472 3578 τοῖς
495 3513 599 3590 Τρωσί·
626 3513 692 3588 μετίι
708 3513 735 3571 δέ
755 3514 894 3581 τοσούτους

123 3599 271 3673 ἐνιαυτούς,
285 3600 359 3666 ἀσους
374 3599 405 3658 ἀν
421 3593 479 3670 ήθς
496 3601 559 3677 τίκη
574 3600 693 3678 χοίρους,
710 3602 893 3672 κτισθήσεσθαι

122 3692 188 3768 πρὸς
199 3691 249 3745 τῶν
266 3687 292 3756 ἐξ
304 3687 401 3745 ἐκείνου
415 3686 595 3764 γενησομένων
609 3685 685 3743 πόλιν
700 3687 789 3764 ἑτέραν
802 3689 892 3746 εὐδαί-

125 3797 192 3852 μονα
216 3774 262 3833 καὶ
286 3776 415 3854 μεγάλην.
459 3773 584 3833 Μαθόντα
606 3772 638 3842 δή
658 3774 702 3832 τὸν
721 3774 828 3832 Αἰνείαν
848 3775 893 3833 καί

124 3861 257 3936 δαιμόνιόν
279 3886 305 3921 τι
321 3861 465 3938 νομίσαντα
480 3861 511 3920 τὸ
528 3864 621 3939 χρῆμα
642 3864 690 3930 τῆς
713 3866 799 3940 φωνῆς
813 3853 892 3936 εἰναι,

64 3974 93 4014 ιιι
123 3955 208 4008 ποιεῖν
222 3951 256 4017 ίις
270 3953 284 4006 ό
298 3948 353 4018 θεός
365 3948 491 4008 ἐκέλευεν.
534 3945 681 4027 Ἕτεροιδέ
695 3949 813 4024 λέγουσιν
827 3950 860 4007 ἀδ
880 3982 893 3997 ·

125 4041 248 4111 μονοῦντι
261 4042 298 4116 τῷ
310 4037 383 4116 ἀνδρὶ
397 4036 442 4095 καί
454 4036 590 4115 παρεικότι
601 4034 631 4094 τό
646 4037 713 4110 σῶμ’
728 4037 778 4095 ὑπὸ
792 4037 892 4114 λύπης,

121 4125 169 4184 καί
186 4124 239 4183 οὔτ’
257 4125 300 4182 ἐπί
326 4129 370 4183 τοῦ
389 4121 565 4202 στρατοπέδου
587 4123 731 4182 καταύάντι
755 4124 813 4183 ούτε
834 4128 893 4182 σῖτα

120 4211 376 4292 προσενεγκαμένῳ,
392 4213 470 4269 αὐτοῦ
485 4208 508 4268 δ’
523 4212 557 4274 ὡς
571 4208 662 4288 ἐτυχεν
679 4211 825 4268 αὐλισθέντι
845 4210 892 4281 τήν

120 4299 197 4358 νύκτ’
215 4298 331 4371 ἐκείνην,
350 4301 488 4369 ἐπιστῆναι
513 4297 629 4377 μεγάλην
652 4297 709 4356 τινά
729 4298 773 4356 καὶ
789 4303 892 4374 θαυμα-

66 4414 92 4451 ςε
121 4386 191 4458 στήν
207 4386 327 4444 ἐνυπνίου
340 4391 392 4445 τῶν
411 4389 474 4444 θεῶν
490 4406 541 4443 τινι
561 4389 612 4443 τῶν
627 4383 745 4465 πατρίων
764 4388 893 4444 εἰκασθεῖ-

122 4496 175 4531 ααν
189 4471 263 4552 όθιν,
277 4473 310 4530 τθι
321 4471 446 4552 λεχθέντα
461 4474 548 4552 μικρῷ
561 4471 685 4550 πρότερον
696 4472 891 4548 ὑποτιθεμένην.

121 4560 276 4640 Ὁποτέρως
294 4560 321 4619 δέ
333 4561 442 4634 τάληθές
464 4561 538 4639 ἔχει,
562 4560 627 4627 θεοῖς
645 4561 676 4617 ἀν
690 4560 729 4630 είη
746 4558 886 4638 γνώριμον.

119 4653 166 4731 Τῇ
182 4650 206 4707 δ’
230 4648 288 4721 θζῆς
304 4647 391 4728 ἡμίριρ
412 4647 550 4727 τριάκοντα
571 4648 675 4725 λέγεται
700 4648 802 4728 χοίρους
826 4653 842 4719 ή
864 4639 893 4715 ῦς

120 4740 256 4808 ἐκτεκεῖν,
280 4735 325 4795 καί
348 4736 477 4800 τοσούτοις
499 4739 624 4800 ἐνιαυτοῖς
641 4735 746 4813 ὕστερον
771 4735 821 4793 ὑπὸ
841 4739 893 4794 τιῦν

66 4837 95 4879 ttt
120 4825 227 4905 Τρώιον
239 4825 314 4903 ἐτίρα
328 4828 462 4895 κτισθῆναι
472 4823 545 4890 πολις
559 4824 627 4882 κατὰ
639 4823 818 4905 τδθέσρατον,
828 4823 893 4902 ὑπὲρ

106 4905 155 4987 ’ῆς
169 4914 199 4972 ἐν
212 4908 300 4990 οἰκείῳ
315 4909 388 4990 τόπῳ
404 4909 563 4986 διαλέξομαι.

161 5001 254 5063 LVII.
270 4998 375 5065 Αἰνείας
389 4999 416 5057 δὲ
435 5002 480 5068 τῆς
495 4997 542 5073 μὲν
561 4997 603 5063 θός
625 4997 669 5057 τόν
690 4997 764 5057 τόκον
781 4980 840 5072 Ιθίμα
859 4999 891 5073 τῇ

117 5089 265 5169 γειναμένη
283 5088 335 5153 τοῖς
355 5087 484 5167 πατρῴοις
503 5083 604 5161 ἁγιάζει
624 5091 688 5152 θεοῖς
703 5088 729 5145 ἐν
750 5089 788 5164 τῷ
802 5083 890 5163 χωρίῳ

118 5179 209 5261 τῇδε,
223 5168 255 5236 ού
265 5179 309 5236 νῦν
319 5178 387 5234 ἐστιν
399 5181 416 5247 ἡ
430 5173 535 5247 καλιάς,
552 5172 596 5229 καί
617 5173 697 5246 αὐτὴν
716 5176 739 5233 οἰ
754 5168 893 5233 Ααουῖνιά·

948 558 988 597 res
999 553 1080 598 autem
1093 564 1149 599 cum
1159 551 1254 600 ululatu
1266 555 1290 600 ct
1305 552 1398 602 choreis
1413 567 1482 601 sacra
1496 556 1715 621 prosequebantur.

950 669 981 715 at
996 669 1085 716 AEneas
1099 670 1124 717 et
1135 668 1237 717 comites
1248 669 1301 719 eius
1318 671 1393 719 rebus
1404 669 1517 718 omnihus
1530 672 1562 720 ed
1574 673 1717 722 sacrificium

949 785 1040 845 peratis
1048 785 1159 834 coronati
1166 786 1258 834 circum
1266 800 1332 836 aram
1342 790 1472 837 steterunt.

981 898 1042 945 avt.
1058 899 1122 946 Dum
1134 910 1193 946 vero
1202 901 1259 946 rota
1279 899 1385 954 iaciunt.
1397 913 1471 963 porro
1485 913 1558 962 quam
1570 901 1718 952 immolaturi

948 992 1026 1048 erant,
1038 988 1136 1048 gravida
1143 991 1169 1037 et
1177 988 1256 1050 partui
1263 989 1350 1048 vicina,
1357 1003 1413 1038 cnm
1423 990 1717 1051 secerdotesaacrilioium

949 1081 997 1129 iarn
1006 1080 1127 1143 auspicari
1139 1079 1236 1139 vellent,
1245 1080 1349 1130 vinculis
1356 1083 1501 1131 excussisse
1513 1081 1625 1131 manibus
1633 1096 1716 1131 eorum

948 1185 962 1219 ιι
975 1169 1065 1232 quitrrrs
1081 1169 1235 1218 detinebatur
1247 1183 1274 1220 ae
1294 1170 1425 1233 proripuit,
1439 1175 1464 1221 ct
1477 1173 1531 1221 loen
1542 1172 1718 1221 mediterranea

948 1275 1022 1310 cursu
1044 1267 1126 1325 petere
1140 1262 1224 1323 coepit.
1257 1264 1346 1311 AEneas
1362 1275 1421 1311 vero
1435 1263 1575 1325 intellegens
1588 1264 1651 1312 henc
1662 1276 1717 1314 esse

947 1353 1130 1416 quadrupedem
1149 1353 1214 1401 illam
1229 1354 1276 1402 rire
1287 1353 1374 1403 ducem
1395 1353 1426 1402 ab
1444 1354 1544 1403 oraculo
1562 1355 1608 1403 sibi
1624 1354 1716 1417 signiti-

948 1448 1041 1494 ralom.
1059 1457 1116 1492 cum
1136 1444 1220 1506 paucis
1233 1456 1328 1493 earnes
1343 1442 1469 1492 intervallo
1484 1442 1639 1503 sequebatur,
1653 1442 1718 1492 veri·

949 1539 988 1583 tus
1008 1547 1038 1583 ue
1061 1538 1160 1597 propter
1184 1535 1381 1597 persequentium
1403 1533 1535 1582 tumultum
1561 1546 1576 1581 a
1594 1533 1659 1583 letali
1677 1532 1718 1582 via

947 1629 1106 1674 averterelur.
1140 1628 1171 1674 At
1181 1624 1222 1674 illa
1236 1626 1312 1674 terme
1328 1625 1413 1674 stadiis
1425 1636 1485 1673 rxrr
1498 1639 1513 1673 a
1524 1625 1584 1674 mari
1598 1623 1715 1688 digressa,

947 1716 1032 1767 collem
1052 1716 1174 1780 quendam
1195 1730 1271 1766 cursu
1291 1715 1443 1779 mnsoendir,
1466 1715 1506 1764 ulri
1522 1716 1604 1765 labore
1618 1716 1717 1777 fatigato

947 1806 1064 1855 consedit.
1108 1809 1170 1856 cum
1196 1809 1278 1855 autem
1311 1808 1400 1855 AEueas
1431 1805 1571 1863 (oraculum
1598 1805 1663 1853 enim
1686 1804 1717 1853 ad

948 1897 1021 1946 linem
1044 1897 1174 1946 ridebatur
1196 1895 1357 1960 perductum)
1377 1899 1488 1945 cerneret
1504 1895 1584 1944 locum
1602 1895 1670 1944 illurn
1692 1894 1717 1944 in

946 2003 1004 2052 egro
1020 2002 1106 2051 parum
1121 1987 1249 2037 commodo
1261 1986 1345 2048 procul
1361 1985 1472 2035 abesses
1488 1984 1564 2044 meri,
1575 1999 1652 2047 eoque
1668 1985 1715 2035 im·

947 2085 1079 2147 portuosa,
1094 2083 1118 2131 in
1132 2095 1244 2145 magnam
1258 2079 1332 2130 aninni
1348 2080 1496 2130 auxietatem
1512 2083 1536 2129 et
1550 2079 1643 2128 consilii
1662 2080 1716 2128 ino·

947 2174 1011 2238 piam
1025 2173 1125 2232 incidit,
1141 2177 1223 2221 utrum
1239 2148 1339 2221 oraculo
1350 2169 1485 2233 parendum
1504 2174 1578 2233 atque
1597 2170 1668 2219 sedes
1682 2169 1716 2220 ihi

947 2264 1064 2328 ponendre
1074 2267 1164 2322 essent,
1177 2262 1220 2312 ulti
1233 2264 1308 2312 uitam
1320 2250 1483 2311 oerurnnnrum
1495 2261 1589 2324 plenam
1598 2265 1716 2324 perpetuo

947 2356 1063 2418 degerent
1074 2359 1100 2404 et
1118 2354 1208 2404 nullius
1223 2353 1281 2403 honi
1292 2352 1421 2416 participes
1433 2356 1515 2402 essent
1529 2353 1623 2410 futuri,
1635 2365 1666 2400 an
1678 2352 1715 2401 ul·

946 2447 1023 2497 terius
1034 2447 1065 2495 ad
1076 2447 1187 2496 meliores
1197 2443 1418 2507 sedesquaerendas
1430 2443 1539 2493 eundum
1551 2446 1623 2494 esset.
1656 2446 1716 2494 llaec

947 2539 1020 2599 igitur
1041 2552 1124 2589 secum
1145 2537 1248 2600 agitanti
1272 2539 1298 2584 et
1321 2535 1380 2584 deos
1398 2535 1519 2586 incusanti
1544 2549 1589 2585 vor
1603 2536 1716 2598 quaedam

947 2644 978 2680 ex
1007 2643 1105 2679 nemore
1137 2633 1203 2687 (non
1227 2631 1356 2690 apparente
1384 2627 1426 2688 qrri
1453 2627 1614 2690 loquebatur)
1634 2628 1716 2677 subito

947 2717 1030 2766 audita
1042 2718 1093 2776 est,
1108 2716 1195 2764 iubens
1211 2715 1290 2776 ipsum
1305 2713 1339 2762 ibi
1350 2726 1449 2762 manere
1462 2717 1487 2761 et
1507 2713 1591 2762 urbem
1607 2715 1716 2763 celeriter

947 2809 1065 2868 condere,
1079 2821 1123 2857 nec
1137 2807 1265 2871 proesentis
1276 2805 1396 2869 opinionis
1413 2803 1561 2853 dubitationi
1576 2803 1714 2865 indulgere.

947 2900 1012 2964 quod
1036 2913 1083 2948 nou
1104 2899 1129 2947 in
1150 2911 1208 2960 agro
1233 2897 1305 2946 tertili
1325 2895 1395 2945 sedes
1419 2894 1544 2958 positurus
1567 2897 1644 2956 esset,
1670 2904 1716 2942 nec

948 2993 1055 3041 suturam
1077 2994 1150 3053 atque
1170 2989 1230 3037 adeo
1248 2985 1424 3050 propemodum
1444 2984 1493 3033 ium
1511 2986 1658 3047 presentem
1678 2981 1714 3031 le·

946 3082 1061 3131 licitatem
1080 3079 1180 3130 reicere.
1213 3079 1311 3127 lutatis
1330 3075 1396 3126 enirn
1418 3088 1472 3124 esse
1498 3079 1525 3123 ut
1540 3087 1571 3123 ex
1586 3072 1633 3121 lroc
1648 3070 1716 3135 inopi

946 3175 971 3223 et
988 3173 1076 3236 exigno
1091 3171 1196 3234 primum
1208 3168 1330 3218 domicilio
1342 3167 1442 3230 protecti
1456 3166 1563 3228 amplum
1576 3163 1715 3224 bonumque

946 3276 1032 3325 agrum
1056 3262 1155 3312 tandem
1179 3259 1225 3309 sibi
1238 3261 1365 3322 pararent,
1380 3261 1405 3307 et
1429 3257 1505 3319 ipsius
1526 3254 1596 3303 liberi
1620 3265 1649 3301 ae
1668 3263 1714 3314 po-

946 3353 1004 3403 steri
1020 3353 1154 3402 maximum
1181 3351 1309 3412 imperium
1336 3352 1362 3397 ct
1389 3346 1420 3395 ad
1437 3346 1541 3409 plurima
1559 3343 1649 3391 saeculo
1671 3341 1717 3391 du·

945 3449 1056 3494 returum
1069 3442 1194 3493 heberent.
1229 3441 1346 3490 Troianos
1361 3440 1434 3501 igitur
1455 3438 1479 3486 iu
1502 3433 1629 3499 praesentio
1646 3429 1716 3481 sedi·

946 3534 993 3583 hus
1026 3533 1082 3583 istis
1108 3545 1195 3581 usuros
1223 3548 1229 3578 ι
1258 3530 1302 3579 sed
1327 3532 1382 3592 post
1406 3525 1508 3575 totidem
1534 3536 1624 3581 annos,
1654 3523 1716 3584 quot

947 3625 1064 3690 porcellos
1091 3637 1134 3672 sus
1158 3623 1305 3685 peperisset,
1334 3621 1435 3668 alteram
1461 3617 1549 3665 urbem
1567 3614 1664 3665 beatum
1691 3618 1717 3663 et

946 3717 1050 3779 amplam
1069 3713 1101 3763 ab
1121 3714 1173 3762 eius
1188 3712 1292 3775 posteris
1309 3711 1432 3759 conditum
1452 3709 1490 3758 iri.
1522 3710 1623 3758 AEueam
1640 3719 1715 3767 rere,

945 3823 1001 3858 curn
1026 3807 1072 3854 lnce
1100 3803 1272 3861 intellexisset,
1292 3815 1394 3863 comque
1422 3813 1508 3849 vocem
1529 3799 1637 3848 divinam
1662 3809 1716 3847 esse

946 3900 1093 3959 iudicasset,
1112 3897 1151 3947 dei
1166 3897 1284 3960 imperata
1300 3894 1385 3944 iecisse
1399 3893 1497 3957 serent.
1532 3892 1577 3941 Alli
1595 3904 1653 3940 vere
1673 3890 1715 3939 di-

946 3992 1006 4038 cunt
1026 3986 1080 4036 viro
1102 3984 1260 4034 vehementer
1280 3980 1398 4039 sollicito,
1413 3983 1439 4028 et
1459 3992 1509 4042 prm
1529 3977 1614 4027 delore
1627 3988 1716 4039 corpus

947 4077 1089 4140 languidum
1102 4073 1215 4131 liabenti,
1233 4076 1259 4121 et
1269 4084 1347 4133 neque
1363 4070 1387 4119 in
1399 4072 1479 4118 eostre
1495 4066 1652 4118 descendenti
1668 4078 1714 4114 ne·

946 4188 994 4237 quc
1009 4173 1076 4222 cibos
1088 4171 1150 4219 ullos
1160 4167 1279 4224 sumenti,
1291 4165 1334 4214 sed
1354 4164 1403 4212 illic
1417 4161 1460 4212 ubi
1475 4166 1527 4212 erat
1544 4158 1714 4210 noetemillam
1769 4163 1771 4166 ’

946 4264 1060 4324 cubanti,
1079 4273 1190 4325 magnam
1200 4258 1322 4322 quandam
1338 4260 1412 4317 alque
1427 4252 1593 4304 admirandam
1610 4250 1714 4315 speciem

947 4357 1022 4405 tonna
1037 4352 1077 4403 dei
1088 4350 1215 4402 cuiusdam
1228 4346 1299 4409 patrii
1315 4349 1440 4407 assumpta
1451 4345 1476 4393 in
1487 4356 1572 4393 somrm
1582 4340 1714 4398 adstitisse,

945 4447 1024 4498 etde
1048 4445 1123 4494 rebus
1145 4442 1227 4506 paullo
1255 4442 1311 4488 ante
1338 4436 1477 4486 memoratis
1498 4449 1554 4486 eum
1582 4433 1714 4483 monuisse.

944 4543 1035 4590 Utrum
1058 4549 1117 4586 vcro
1150 4533 1182 4582 ad
1209 4531 1336 4581 veritatem
1359 4527 1459 4592 propius
1484 4526 1584 4576 accedat
1612 4522 1647 4572 dii
1668 4521 1715 4585 ipsi

945 4634 1033 4684 sciunt.
1066 4626 1186 4680 Postridie
1208 4628 1290 4675 autem
1314 4636 1357 4671 sus
1380 4620 1499 4684 porcellos
1520 4631 1571 4667 ιιιιι
1590 4615 1712 4678 peperisse

945 4730 1023 4778 tertur
1037 4742 1043 4774 ι
1057 4727 1083 4774 et
1100 4726 1155 4784 pest
1165 4720 1269 4771 totidem
1279 4730 1356 4767 annos
1367 4714 1454 4765 urbem
1469 4711 1554 4769 aliam,
1568 4709 1598 4758 de
1612 4721 1660 4769 qua
1669 4719 1714 4756 sue

944 4817 998 4868 leco
1014 4814 1090 4865 rerba
1103 4813 1206 4870 luciam,
1220 4809 1355 4860 secundum
1371 4819 1458 4856 rocem
1473 4804 1537 4852 illam
1557 4797 1682 4847 fatidicum
1699 4809 1714 4846 a

945 4906 1057 4959 Troianis
1072 4904 1195 4955 conditam
1204 4901 1311 4952 tradunt
1329 4884 1339 4897 ⁶

976 5001 1049 5051 nvn.
1061 5000 1147 5046 AEneas
1157 4993 1271 5044 verosuis
1281 4994 1365 5042 loetum
1376 5002 1424 5039 una
1437 4998 1493 5036 cunr
1506 4985 1584 5031 matre
1593 4978 1631 5028 dis
1644 4993 1716 5043 pena-

945 5089 1012 5140 tibus
1022 5085 1158 5136 immolarit
1168 5083 1192 5130 io
1204 5082 1294 5144 eolpso
1303 5080 1365 5136 loeo,
1373 5077 1397 5126 ln
1409 5087 1458 5139 quo
1469 5083 1532 5119 nunc
1540 5069 1578 5118 est
1587 5067 1713 5129 sacellum,

946 5174 1010 5239 quod
1020 5172 1151 5224 Lerinutea
1160 5169 1243 5218 colunt
1254 5169 1288 5218 its
1301 5169 1330 5216 ut
1343 5159 1431 5213 ceteris
1442 5157 1523 5207 nullus
1532 5155 1614 5207 adltus
1627 5170 1657 5209 eo
1668 5171 1716 5223 pn·
