3772 5828
602 342 894 416 nnrrourmruu
916 339 1064 436 solinu.
1086 341 1158 400 nra.
1181 342 1219 401 x.

100 485 182 568 δρίαν
199 483 335 564 συνέρρεον
359 479 403 541 ἐπλ
420 477 481 546 τοὺς
494 472 699 556 ἀποδειχθέντας
712 474 819 535 ίκαστοι
834 474 879 535 τό·
895 495 897 498 ’

94 599 185 647 ποις,
202 569 415 655 άπογραφόμενοί
430 591 459 627 τε
474 566 540 647 πρδς
552 564 613 633 τούς
627 563 805 642 ῆγεμόναςτδι
819 562 878 623 ὀνό-

105 688 176 742 ματα
192 662 238 720 καί
257 661 301 719 τὸν
316 653 502 739 στρατιωτικὸν
516 653 640 732 ὀμνύντες
655 650 740 734 ὅρκον.
755 651 880 724 Ἐκείνην

106 752 153 829 μὲν
177 741 221 809 οὖν
242 749 290 820 τὴν
306 746 407 827 ἡμέραν
427 745 472 805 καί
496 742 545 814 τῆν
571 745 695 801 ἐπιοῦσαν
710 740 793 801 νύκτα
816 739 880 812 όλην

63 869 77 907 ς
106 841 174 919 ἀμφὶ
199 843 285 896 ταῦτα
307 826 385 906 ἦσαν·
407 834 480 913 τῇδ’
503 831 562 902 ίξῆς
586 831 690 909 ἡμέρᾳ,
711 828 825 909 λοχαγοί
853 851 881 887 τε

106 925 299 1006 προυενέμοντο
312 921 362 984 tab
376 922 484 981 ίιπάτων
498 921 543 980 καί
566 919 618 978 ὑπὸ
637 916 684 986 τὰς
708 918 780 999 ἱεράς
801 916 883 977 ἐτάτ-

107 1040 181 1075 τοντο
196 1013 332 1090 σημαίας,
355 1009 569 1088 συνεπιρρέοντος
591 1006 637 1068 καί
651 1013 696 1067 τοῦ
716 1005 775 1065 κατ’
788 1003 883 1086 άγροίις

110 1103 284 1183 διατρίβοντος
298 1099 389 1182 ὄχλου.
421 1097 575 1174 Γενομένων
589 1093 616 1154 δέ
627 1093 671 1153 διά
685 1094 782 1174 τάχους
800 1093 882 1153 άπάν·

111 1217 162 1251 των
178 1193 320 1271 εύτρεπῶν,
344 1186 518 1269 μερισάμενοι
540 1186 588 1250 τὰς
610 1182 733 1261 δυνάμεις
749 1182 772 1243 οἱ
787 1181 883 1241 ύπατοι

57 1315 80 1353 to
111 1280 201 1359 κλῆρῳ
213 1277 338 1336 διείλοντο
352 1275 400 1341 ad<
414 1275 510 1353 ἀρχάς.
526 1273 652 1352 ίίλαυδίῳ
670 1272 716 1350 μέν
732 1263 776 1330 οὖν
792 1274 805 1329 ό
821 1274 885 1342 κλῆ-

111 1392 152 1448 ρος
167 1367 286 1426 ἀπέδωκε
299 1363 332 1424 πθ
345 1363 397 1443 πρὸ
417 1366 470 1421 τῶν
484 1365 581 1441 τειχῶν
595 1360 638 1418 διδ
658 1362 775 1440 φυλακῆς
798 1359 885 1440 ἔχειν,

110 1458 147 1534 μῆ
168 1481 206 1524 τις
220 1454 313 1523 ἔξωθεν
328 1454 425 1533 ἐπέλθῃ
441 1451 554 1532 στρατιὰ
569 1450 622 1517 τοῖς
646 1447 718 1508 ἔνδον
735 1449 884 1530 ἐπίκουρος·

109 1548 208 1626 ὑποψία
231 1543 283 1624 γάρ
303 1540 422 1607 ἅπαντας
436 1548 543 1618 κατεῖχε
559 1538 676 1615 μεγάλης
693 1536 794 1617 σφόδρα
809 1535 884 1607 κινή-

109 1657 191 1709 σεως,
212 1635 257 1693 καί
273 1631 302 1689 τὸ
323 1629 466 1688 ἀντίπαλον
484 1627 554 1685 άπαν
570 1630 605 1692 ὡς
621 1629 686 1702 ὁμοῦ
711 1623 883 1697 συνεπιθηοό·

58 1753 81 1791 ις
110 1724 188 1801 μενόν
211 1743 298 1801 σφισιν
316 1717 473 1799 ἐροόοῦντο·
500 1714 642 1794 Οὐαλερίῳ
665 1714 692 1773 δὲ
720 1713 754 1772 τθι
774 1714 884 1794 φρούρια

109 1813 258 1888 πολιορκεῖν
272 1814 286 1868 b
300 1806 400 1883 δαίμων
416 1806 521 1887 ἐφῆκεν.
549 1803 721 1882 Ἔτάχθησαν
738 1801 765 1860 δὲ
781 1802 826 1860 καὶ
841 1800 885 1861 ἐπὶ

109 1903 163 1965 τοῖς
180 1899 267 1963 ἄλλοις
281 1894 406 1974 ἐρύμασιν
417 1891 557 1972 ἡγεμόνες,
572 1889 622 1950 ὅσα
637 1895 683 1962 τῆς
700 1890 801 1958 πόλεως
815 1891 885 1956 ἐντὀς

109 1978 142 2059 ῆν
158 1984 319 2056 καθέξοντες,
334 1980 379 2041 καλ
394 1982 463 2041 κατὰ
474 1981 520 2048 τὰς
530 1981 573 2040 ἐπὶ
586 1979 617 2039 τό
630 1979 800 2039 Καπιτώλιον
812 1979 886 2056 ἀγού·

111 2097 158 2141 σας
173 2073 244 2140 ὁδοὺς
267 2071 350 2148 ἕτεροι
393 2069 529 2134 κωλύσεως
555 2064 631 2126 ἕνεκα
654 2069 707 2125 τῶν
735 2069 885 2138 ἀποστησο-

56 2189 84 2229 ςο
111 2159 196 2236 μένων
210 2161 273 2240 πρὸς
289 2157 347 2225 τοὺς
370 2157 512 2234 πολεμίους
532 2155 633 2214 δούλων
648 2178 675 2214 τι
692 2155 737 2214 καὶ
758 2155 882 2233 ἀπόρων,

110 2249 232 2315 δπαντὸς
248 2249 364 2326 μάλιστα
388 2245 536 2328 ἐφούοῦντο.
582 2244 769 2324 Ἔπικουρικθν
791 2245 818 2302 at
833 2244 885 2302 αὖ·

109 2345 163 2404 τοῖς
178 2338 250 2398 οὐδὲν
265 2335 361 2418 ίφθασε
376 2333 451 2413 παρδι
471 2336 522 2391 τῶν
538 2330 688 2412 συμμάχων
706 2330 883 2411 ἀφικόμενον,

108 2426 150 2486 ὅτι
171 2426 209 2503 μὴ
233 2425 305 2505 παρά
322 2421 486 2484 Τυσκλάνων
507 2420 584 2496 μόνον
608 2424 635 2478 ἐν
650 2430 700 2501 μιᾷ
718 2419 791 2478 νυκτί
806 2423 884 2479 άκου·

110 2517 213 2575 σάντων
228 2536 256 2570 τε
271 2513 316 2571 καλ
334 2509 631 2592 παρασκευασαμένων,
653 2507 696 2574 οθς
713 2500 760 2585 ἦγε
775 2509 885 2575 Λεύκιος

55 2637 82 2675 25
111 2605 264 2677 Μαμίλιος,
283 2598 349 2679 ἀνὴρ
361 2599 534 2678 δραστήριος,
560 2596 628 2677 ἔχων
643 2595 691 2667 τὴν
713 2595 841 2675 μεγίστην
857 2599 883 2655 ίν

109 2692 236 2772 τῆπόλει
253 2689 313 2746 τότε
333 2686 431 2767 ἀρχήν·
455 2686 501 2746 καλ
522 2684 731 2746 συνεκινδύνευον
752 2678 823 2744 οὗτοι
845 2688 884 2766 τῷ

110 2781 251 2858 Οὐαλερίῳ
267 2776 340 2850 μόνοι
356 2776 400 2834 καί
420 2772 564 2843 συνεξεῖλον
584 2773 618 2833 adr
640 2773 769 2855 φρούρια,
794 2783 883 2834 πᾶσαν

109 2869 212 2930 εὔνοιαν
226 2866 271 2925 καί
284 2863 431 2946 προθυμίαν
443 2862 651 2939 ἀποδειξάμενοι.
693 2862 817 2942 Ἐγένετο
830 2864 853 2921 δ’
866 2867 883 2935 ἡ

108 2955 244 3036 προσόολῆ
257 2963 310 3021 τοῖς
320 2951 449 3035 φρουρίοις
466 2956 648 3031 πανταχόθεν·
662 2953 685 3010 οί
702 2950 750 3026 μέν
765 2950 816 3033 γὰρ
831 2953 884 3012 άπὸ

55 3073 83 3112 eo
110 3051 162 3106 τῶν
181 3042 293 3116 πλησίον
326 3043 416 3100 οίκιῶν
433 3039 569 3121 ἀσφάλτου
589 3039 635 3099 καί
650 3040 746 3111 πίσσης
761 3062 885 3120 πεπυρω-

111 3136 189 3212 μένης
213 3137 307 3209 ἀγγεῖα
332 3128 483 3209 σφενδόναις
510 3127 717 3208 ἐναρμόττοντες
736 3127 884 3202 ἐπέβαλλον

111 3224 175 3302 ὑπὲρ
190 3222 234 3282 τὸν
248 3220 337 3301 λόφον·
350 3220 374 3276 οἱ
390 3216 417 3276 δὲ
432 3223 623 3299 συμφοροῦντες
639 3217 725 3275 αὐτῶν
740 3217 886 3294 φακέλλους

109 3311 246 3391 φρυγάνων
263 3309 307 3366 καί
323 3305 397 3384 παρδι
419 3313 471 3372 τοῖς
496 3305 639 3383 ἀποτόμοις
658 3309 704 3377 τῆς
718 3304 816 3383 πέτρας
833 3308 885 3383 βω·

111 3399 174 3476 μούς
190 3397 330 3474 ἐγείροντες
356 3393 471 3475 ὑψηλούς
489 3398 625 3475 ὑφῆπτον,
652 3393 744 3472 άνέμῳ
765 3394 884 3467 παραδι-

56 3519 84 3558 35
112 3487 197 3549 δόντες
212 3483 258 3549 τδς
271 3482 370 3563 φλόγας
390 3479 518 3561 ἐπιφόρῳ.
549 3478 631 3540 Ὅσοι
651 3481 673 3538 δ’
695 3472 763 3552 ἦσαν
782 3480 885 3558 α’νδρει-

112 3573 215 3644 ότατοι,
229 3569 411 3635 πυκνώσαντες
422 3568 482 3637 τοὺς
496 3568 607 3649 λάχους,
622 3567 737 3649 ἐχώρουν
754 3567 807 3626 άνω
818 3566 886 3626 κατά

110 3659 158 3724 τὰς
175 3658 372 3737 χειροποιήτους
396 3655 477 3724 ύδούς.
520 3648 575 3718 Ἦν
599 3656 624 3716 δ’
648 3657 734 3724 αὐτοῖς
761 3655 820 3715 ούτε
840 3660 885 3715 τοῦ

112 3745 242 3817 πλήθους,
263 3737 285 3826 ᾧ
309 3743 383 3823 παρὰ
405 3744 472 3804 πολὺ
500 3748 551 3804 τῶν
576 3744 726 3805 ἀντιπάλων
748 3751 884 3825 προεῖχον,

112 3835 204 3916 ὄφελος
217 3832 291 3892 oieb
305 3833 348 3890 διδι
363 3836 454 3903 στενῆς
468 3834 581 3892 άνιοθσιν
603 3835 662 3893 ὁδοῦ
675 3833 720 3892 καὶ
735 3831 887 3905 πληθούσης

57 3954 85 3992 ςη
112 3923 249 4002 προύολων
265 3921 361 3981 ἄνωθεν
388 3922 684 3999 ἐπικαταραττομένων,
703 3921 764 3982 ἔνθα
783 3920 886 3991 συνεξι-

112 4012 277 4082 σωθήσεοθαι
301 4012 395 4086 ἔμελλε
411 4013 449 4090 τῷ
464 4011 555 4087 πολλῷ
576 4011 606 4070 τὸ
632 4011 737 4091 ὀλίγον·
762 4011 820 4071 υύτε
841 4014 888 4083 τῆς

112 4100 186 4181 παρδι
200 4101 233 4160 ab
249 4101 320 4160 δεινίι
333 4102 477 4176 ὑπομονῆς,
493 4098 526 4170 ἣν
543 4101 649 4168 πολλοῖς
663 4101 829 4172 ἀσκήσαντες
843 4123 889 4158 πο·

111 4189 200 4267 λέμοις
215 4179 304 4269 εἶχον,
319 4185 428 4262 ούδεμία
440 4186 527 4260 όνησις
537 4186 601 4267 πρὸς
614 4187 713 4268 ὀρθίους
726 4188 889 4267 βιαζομένοις

112 4277 222 4344 σκοπάς,
267 4272 373 4355 οὐγὰρ
388 4274 519 4347 συστάδην
537 4272 704 4354 μαχομένους
727 4274 780 4335 ἔδει
801 4275 832 4334 τό
846 4275 887 4335 εύ·

57 4388 84 4427 ta
112 4369 208 4445 τολμον
223 4365 268 4425 καί
284 4362 436 4444 καρτερικὸν
457 4363 660 4438 ἀποδείξασθαι,
676 4366 735 4423 ἀλλ’
752 4365 888 4437 ίκηύολοις

111 4460 226 4535 χρῆσθαι
240 4452 346 4531 μάχαις.
388 4440 478 4512 Ἦσαν
493 4449 520 4510 δλ
532 4455 583 4511 τῶν
600 4452 649 4530 μλν
664 4453 781 4513 κάτωθεν
798 4453 841 4513 ἐπὶ
855 4454 889 4514 τά

114 4542 232 4620 μετέωρα
256 4540 426 4622 βαλλομένων
452 4540 574 4621 βραδεῖαί
597 4564 626 4601 τε
648 4540 694 4601 καὶ
718 4543 848 4617 ἀσθενεῖς,
865 4545 888 4602 εί

113 4627 158 4687 καί
172 4630 290 4707 τύχοιεν,
313 4628 404 4712 ὥσπερ
426 4632 510 4704 εἰκὸς,
530 4634 558 4690 αἱ
579 4634 697 4710 πληγαὶ·
723 4635 776 4692 τῶν
798 4633 821 4691 δ’
843 4634 888 4714 ἀφ’

114 4714 193 4795 blico<
205 4716 276 4776 κάτω
288 4719 468 4798 ῥιπτουμένων
487 4718 568 4789 ὀξεῖαι
585 4725 631 4780 καλ
644 4721 781 4804 καρτεραί,
797 4745 887 4804 συνερ·

59 4825 87 4865 so
114 4803 231 4882 γούντιον
243 4818 294 4873 τοῖς
311 4807 431 4886 βλήμασι
445 4809 491 4869 καλ
506 4813 558 4877 τῶν
571 4809 643 4869 ἰδίων
660 4814 758 4890 βαρῶν.
778 4814 820 4872 Οὔ
835 4811 887 4887 μὴν

114 4892 228 4970 ἔκαμνόν
251 4918 281 4972 γε
304 4898 328 4955 οί
352 4896 563 4976 προσύάλλοντες
582 4910 635 4966 τοῖς
658 4900 801 4980 ἐρύμασιν,
820 4899 888 4960 ἀλλὰ

114 4982 297 5063 διεκαρτέρουν
309 4986 551 5066 άναγκοφαγοδντες
563 4986 598 5048 τά
614 4987 699 5059 δεινδι,
717 4989 770 5048 οὔθ’
785 4989 888 5068 ἡμέρας

113 5070 171 5132 ούτε
194 5071 286 5137 νυκτὸς
301 5073 496 5148 ἀναπαυόμενοι
512 5076 564 5133 τῶν
582 5076 679 5136 πόνων.
699 5076 782 5143 Τέλος
801 5076 829 5135 δέ
844 5069 887 5136 obs

112 5159 294 5220 ὑπολιπόντων
317 5159 378 5226 τούς
403 5161 637 5242 πολιορκουμένους
661 5168 713 5224 τῶν
738 5165 822 5243 βελῶν
841 5164 887 5224 καὶ

1652 347 1712 406 59¹1

934 482 1067 550 pasculum
1088 495 1175 534 omnes
1188 482 1232 533 sed
1250 482 1283 532 ad
1296 482 1424 546 designata
1445 484 1498 533 loca
1517 486 1712 549 concurrebant,

935 585 964 633 ut
980 582 1079 633 nomina
1104 581 1209 632 ducibus
1234 581 1323 631 darent
1343 584 1369 631 ct
1390 581 1491 631 militari
1511 588 1666 635 sacramento
1686 599 1713 636 se

936 674 1123 736 obstringerent.
1157 674 1285 735 Totusque
1308 671 1350 721 ille
1366 670 1421 722 dics
1440 677 1465 722 et
1483 675 1537 722 tota
1557 688 1607 724 nox
1630 679 1716 728 secuta

937 767 1045 817 insumta
1058 768 1096 815 est
1111 763 1233 814 habendis
1244 761 1388 813 delentibus.
1421 765 1544 827 Sequenti
1558 765 1599 815 die
1615 769 1641 816 et
1655 778 1715 817 cen·

938 862 1046 912 teriones
1058 862 1114 910 suls
1126 861 1224 923 quique
1245 857 1383 908 ordinibus
1402 872 1417 907 a
1433 855 1579 911 consulibus
1599 861 1718 912 attribue-

937 950 1036 1010 bantur,
1054 955 1079 1002 et
1104 952 1151 1001 snb
1168 951 1245 1001 sacris
1266 951 1342 1013 signis
1364 951 1557 1012 collocabantur,
1577 955 1717 1007 confluente

938 1044 1013 1095 etiam
1036 1042 1124 1107 agresti
1138 1041 1305 1092 multitudine.
1340 1041 1423 1092 liebus
1440 1049 1524 1094 autern
1547 1045 1663 1096 omuibus
1675 1058 1717 1096 ce-

939 1139 1022 1189 leriter
1034 1139 1142 1203 paratis,
1157 1138 1272 1188 consules
1291 1135 1376 1200 copias
1399 1139 1499 1202 partiti,
1513 1140 1597 1189 munia
1611 1141 1676 1190 inter
1690 1154 1717 1192 se

939 1236 999 1283 sunt
1018 1233 1106 1284 sortiti.
1141 1231 1245 1283 Claudio
1269 1246 1397 1282 murorum
1414 1233 1516 1283 obvenit
1533 1235 1663 1297 custodia,
1686 1250 1717 1287 ne

939 1324 996 1389 quis
1008 1328 1126 1374 externus
1140 1324 1265 1374 exercitus
1282 1324 1376 1375 auritio
1389 1325 1543 1388 veniretis,
1557 1328 1602 1391 qui
1615 1329 1640 1378 iu
1655 1328 1718 1380 urbo

937 1420 989 1483 jam
1007 1423 1077 1468 crant
1119 1418 1201 1482 lllagni
1213 1419 1280 1469 enim
1301 1423 1383 1467 rnotus
1396 1419 1479 1483 opinio
1490 1421 1622 1470 uehemens
1633 1435 1719 1485 perva-

939 1513 1006 1560 serat
1020 1509 1130 1559 omnium
1148 1509 1258 1566 animos,
1273 1512 1298 1560 et
1314 1510 1463 1561 verebamur
1473 1524 1503 1561 ue
1517 1525 1603 1562 omnes
1615 1513 1717 1575 hostes,

941 1601 1007 1653 laeta
1031 1602 1229 1667 conspiratione,
1253 1617 1281 1654 se
1296 1601 1461 1654 adorirentur.
1496 1603 1595 1654 l'alerio
1622 1605 1718 1655 areium

939 1694 1143 1758 oppugnationem
1157 1706 1211 1744 sors
1231 1694 1330 1745 obtulit.
1366 1698 1393 1746 ln
1410 1696 1464 1746 aliis
1484 1710 1586 1761 quoque
1604 1696 1720 1757 munitio-

939 1790 1020 1847 nibus,
1035 1805 1091 1853 quoe
1107 1794 1177 1839 erant
1205 1789 1269 1839 intra
1283 1789 1353 1839 urbis
1375 1791 1474 1850 munia,
1490 1790 1566 1843 duces
1588 1792 1620 1842 ad
1632 1805 1720 1842 earum

940 1876 1082 1942 presidium
1109 1876 1222 1940 dispositi
1248 1878 1361 1938 ruerunt,
1386 1879 1476 1942 aliique
1493 1880 1517 1928 in
1544 1879 1600 1940 siis,
1617 1894 1673 1943 quaa
1687 1881 1720 1932 ad

941 1970 1088 2034 Capitolium
1110 1969 1252 2029 ducebant,
1286 1973 1315 2020 ut
1337 1971 1485 2034 impedirent
1512 1984 1542 2020 ne
1564 1971 1664 2021 servitia
1694 1978 1720 2023 et

940 2065 1025 2129 inopes
1041 2064 1072 2114 ad
1100 2065 1184 2114 hostes
1208 2063 1399 2127 transfugerent,
1423 2065 1467 2127 spui
1488 2069 1572 2114 metus
1587 2067 1646 2115 tunc
1667 2068 1721 2115 erat

940 2156 1067 2206 maximus.
1101 2155 1173 2206 ltuila
1181 2160 1263 2205 autem
1277 2154 1369 2205 auxilia
1379 2168 1394 2205 a
1404 2155 1492 2217 sociis,
1502 2156 1574 2206 nisia
1590 2156 1649 2207 solis
1661 2160 1721 2209 Tus·

938 2247 1044 2306 cuiauis,
1060 2246 1209 2311 intempore
1223 2246 1270 2296 illis
1282 2249 1418 2309 venerant,
1432 2247 1475 2309 qui
1494 2247 1579 2298 eadem
1592 2251 1663 2299 nocte
1677 2252 1721 2300 tu·

941 2346 1056 2395 riculeum
1075 2344 1225 2403 audierunt,
1240 2347 1267 2394 et
1282 2343 1366 2408 copias
1379 2348 1519 2407 pararunt,
1534 2359 1597 2409 quas
1608 2346 1681 2397 duxit
1692 2348 1720 2398 1..

940 2436 1125 2498 Mamilius,sir
1148 2436 1264 2500 impiger,
1279 2436 1321 2499 qui
1342 2439 1401 2486 tunc
1420 2435 1446 2485 in
1468 2437 1571 2488 ciuitate
1597 2454 1723 2490 summum

941 2528 1048 2579 babebat
1064 2529 1211 2593 imperinm,
1232 2532 1307 2592 atque
1332 2528 1375 2577 isti
1391 2528 1437 2578 soli
1461 2542 1488 2578 se
1508 2531 1607 2580 Valerio
1621 2533 1722 2594 periculi

940 2624 1020 2675 socios
1034 2623 1192 2682 addiderunt,
1203 2623 1275 2685 eique
1285 2623 1310 2672 in
1327 2622 1475 2689 recipiendis
1490 2623 1588 2674 arcibus
1598 2625 1722 2690 egregiam

940 2733 1048 2784 operam,
1062 2718 1142 2767 omnis
1166 2716 1345 2766 benevenuto
1358 2721 1384 2767 et
1405 2716 1540 2767 alacritatis
1556 2718 1662 2782 plenam,
1678 2734 1722 2770 na·

941 2814 1037 2862 sarunt.
1071 2809 1184 2873 Undique
1214 2812 1296 2858 autem
1321 2822 1391 2859 arces
1412 2810 1625 2873 oppugnabantur.
1660 2814 1722 2862 Nam

941 2904 1006 2954 aliie
1021 2903 1166 2969 propinquis
1178 2903 1275 2953 adibus
1287 2917 1347 2954 vasa
1360 2902 1488 2954 bituminis
1497 2908 1524 2955 et
1539 2905 1601 2968 picis
1615 2906 1723 2957 incensas

941 2992 1022 3043 tundis
1039 2995 1124 3057 aptata
1140 3006 1215 3057 supra
1238 2992 1326 3043 collem
1341 2991 1529 3054 jaculabantur;
1550 2994 1591 3044 alii
1609 3009 1723 3060 compor-

942 3088 1022 3136 tantes
1044 3085 1175 3135 fasciculos
1200 3089 1398 3149 sarmentorum,
1413 3089 1438 3136 et
1458 3086 1490 3136 ad
1514 3087 1569 3137 sari
1584 3088 1639 3137 loca
1656 3103 1723 3153 prae·

941 3185 1015 3246 rupta
1044 3179 1069 3230 in
1099 3180 1179 3230 altum
1210 3183 1379 3244 congerentes,
1414 3180 1612 3242 succendebant,
1648 3185 1723 3234 vento

940 3269 1049 3320 secunde
1067 3270 1191 3319 dammam
1214 3268 1357 3330 adiuvante.
1395 3269 1444 3326 Qui
1458 3283 1517 3318 vero
1539 3284 1570 3319 cx
1586 3270 1635 3320 illis
1651 3271 1723 3322 lorti-

940 3361 1026 3412 tudine
1051 3360 1217 3424 praestabant,
1237 3361 1348 3410 densatis
1369 3359 1495 3409 ordinibus
1512 3375 1556 3424 per
1571 3363 1623 3410 sias
1647 3376 1722 3413 rnanu

942 3453 1021 3503 iactas
1036 3453 1059 3502 in
1096 3465 1177 3502 arcem
1209 3451 1350 3502 tendebant.
1383 3451 1519 3501 Multitudo
1543 3455 1627 3502 autem
1650 3452 1724 3518 (qua

941 3544 1026 3594 nostes
1040 3543 1110 3607 longe
1124 3543 1285 3608 superabant)
1299 3542 1528 3604 nibilcosjurabat.
1543 3544 1723 3600 adscendentes

940 3649 985 3700 par
1006 3635 1071 3686 viam
1093 3639 1222 3699 angustam
1236 3672 1244 3699 ,
1258 3639 1283 3687 et
1302 3636 1399 3701 plenam
1416 3638 1658 3702 propugnaculorum
1676 3642 1724 3694 de·
1818 3702 1823 3711 ,

941 3740 1016 3792 super
1034 3727 1227 3788 imminentium,
1245 3727 1311 3777 unde
1338 3740 1397 3778 sara
1412 3741 1469 3778 eum
1489 3729 1583 3794 impetu
1605 3730 1723 3784 demitte·

942 3821 1041 3880 beatur,
1056 3820 1099 3870 ubi
1115 3834 1193 3885 parra
1211 3833 1299 3870 manus
1317 3833 1413 3882 magnae
1427 3822 1531 3884 aequalis
1546 3827 1599 3872 crat
1618 3801 1721 3876 lutura:

941 3927 988 3964 uec
1001 3913 1092 3963 durata
1104 3911 1191 3963 multis
1202 3912 1273 3962 bellis
1289 3912 1370 3962 sirius
1385 3912 1521 3977 quidquam
1536 3915 1584 3965 illis
1598 3917 1722 3981 proderat,

941 4019 985 4070 per
1001 4004 1149 4056 elisiardus
1168 4003 1318 4054 adscendere
1337 4004 1447 4068 pervim
1458 4006 1605 4058 conantibus
1620 4029 1626 4058 :
1642 4022 1724 4073 aeque

940 4099 1007 4150 enim
1039 4098 1151 4149 cominus
1181 4098 1318 4163 pugnantes
1348 4097 1477 4147 audaciam
1504 4102 1528 4148 et
1552 4100 1721 4154 tortitudinem

942 4207 1012 4245 suam
1037 4206 1152 4244 exercere
1172 4187 1305 4256 poterant,
1322 4190 1367 4242 sed
1385 4192 1481 4241 eminus
1508 4206 1560 4242 rem
1586 4194 1722 4246 missilibus

941 4298 1025 4350 gerere
1039 4284 1199 4348 cogebantur.
1235 4284 1303 4332 letus
1317 4285 1402 4334 autem
1414 4283 1522 4334 telorum
1532 4287 1571 4346 (ut
1590 4287 1724 4339 verisimile

942 4387 995 4450 est)
1007 4400 1038 4437 ex
1061 4384 1216 4436 interioribus
1235 4384 1296 4435 loeis
1310 4385 1335 4434 in
1353 4385 1481 4448 superiora
1502 4386 1651 4450 missorum,
1666 4388 1724 4438 lieet

942 4497 990 4534 non
1015 4483 1108 4533 trustra
1129 4482 1262 4542 terrentur,
1280 4483 1362 4532 tamen
1375 4486 1448 4533 erant
1467 4482 1532 4533 tardi
1556 4488 1582 4535 et
1603 4484 1722 4536 invalidi:

942 4584 1027 4633 contra
1038 4594 1097 4631 uero
1117 4579 1182 4630 icius
1194 4579 1329 4631 telorume
1347 4578 1446 4630 sublimi
1469 4579 1584 4630 deorsum
1600 4581 1722 4632 tactorum

942 4677 1012 4726 erant
1035 4676 1062 4722 et
1075 4672 1171 4722 veloces
1193 4675 1218 4720 et
1246 4670 1335 4731 validi,
1349 4671 1404 4736 ipso
1423 4671 1531 4735 pondere
1551 4673 1628 4722 ictum
1649 4672 1722 4734 ediu-

942 4783 1023 4829 vante.
1056 4779 1108 4827 tlon
1128 4775 1329 4842 defatigabamur
1349 4782 1431 4827 tamen
1455 4775 1620 4826 munitionum
1643 4789 1724 4837 oppu-

942 4879 1077 4940 gnatores:
1094 4872 1139 4924 sed
1156 4872 1331 4938 perdurabant,
1354 4879 1380 4924 et
1396 4873 1460 4923 mala
1487 4871 1624 4921 necessaria
1645 4869 1723 4933 perie-

943 4975 1044 5032 rebant,
1068 4985 1113 5022 nec
1137 4972 1262 5030 interdiu,
1280 4987 1325 5023 nec
1357 4975 1432 5020 noctu
1464 4968 1605 5018 intermisso
1631 4968 1721 5018 labore.

943 5080 1025 5134 Quum
1038 5075 1123 5121 autem
1138 5071 1238 5121 tandem
1247 5071 1363 5122 obsessos
1378 5070 1424 5120 tela
1438 5067 1580 5131 etcorporis
1598 5068 1665 5119 sires
1676 5068 1721 5119 de·

943 5169 1072 5228 iecissent,
1087 5168 1127 5218 die
1145 5169 1218 5219 tertio
1229 5182 1300 5219 arces
1315 5169 1493 5232 expugnarunt.
1530 5169 1557 5216 ln
1572 5166 1620 5217 boc
1640 5171 1722 5218 certa·
