3772 5828
163 319 223 378 ‘tto

165 450 256 521 μάτων
275 447 414 529 χιλίαρχος
434 446 599 528 ἀποδειχθείς
616 448 643 505 ἐν
662 450 700 527 τῷ
723 445 875 524 Σαυνιτικῷ
892 465 944 501 πο-

163 537 255 617 λέμῳ,
278 535 382 595 νεανίαν
401 536 460 594 τινδι
475 538 526 594 τῶν
541 531 698 611 ὁμοσκήνων
720 530 879 615 διαρίροντα
894 528 943 600 viv

164 624 222 705 ἀψιν
235 625 342 705 ἑτέρων,
358 624 439 704 μέχρι
457 623 505 700 μέν
521 648 587 689 τινος
607 622 707 683 ἔπειθεν
729 624 815 701 ἑαυτῷ
830 618 946 700 χαρίσα-

166 719 226 772 σθαι
249 713 296 785 τὴν
315 717 360 771 τοῦ
383 713 506 788 σώματος
528 711 601 792 ώραν
622 713 727 772 ἑκόντα.
772 709 822 772 Ὡς
841 706 946 768 diatim

124 814 137 850 ⁵
166 801 275 880 δωρεαῖς
297 799 355 861 ούτε
377 801 446 882 ἄλλη
467 800 651 884 φιλανθρωπίᾳ
675 800 705 859 τὸ
729 799 864 879 μειράκιον
884 794 946 867 ἡλί-

166 911 259 960 σκετο,
283 887 404 968 κατίχειν
428 887 477 962 τὴν
503 888 645 963 ἐπιθυμίαν
665 887 792 953 ἀδύνατος
812 883 864 957 ών,
886 883 946 964 βίαν

165 975 323 1059 προσρέρειν
340 977 461 1038 ἐθάλετο.
478 973 643 1056 Περιθοήτου
660 973 687 1034 di
701 978 747 1045 τῆς
762 973 891 1049 ἀκοσμίας
901 977 946 1031 τοῦ

167 1067 258 1145 ἀνδρὸς
272 1067 356 1125 ἅπασι
372 1074 426 1133 τοῖς
441 1065 484 1125 ἐπὶ
499 1065 570 1144 [τοῦ]
591 1065 769 1143 στρατοπέδου
784 1060 943 1141 γενομίνης,

165 1156 251 1214 κοινόν
270 1156 389 1229 ἀδίκημα
409 1157 456 1223 τῆς
474 1154 576 1219 πολεως
595 1141 663 1210 ε’ίναι
681 1151 835 1225 νομίσαντες
849 1152 873 1209 οἱ
901 1149 947 1222 δή·

113 1266 139 1305 ιο
167 1266 265 1322 μαρχοι
279 1241 382 1322 γραφὴν
395 1239 556 1320 ἀπορέρσυσι
578 1242 638 1297 κατ’
657 1240 737 1297 αὐτοῦ
753 1236 880 1318 δημοσίᾳ,
899 1236 945 1295 καί

167 1332 278 1406 όδῆμος
297 1329 413 1394 άπάσαις
437 1331 494 1394 ταῖς
519 1326 615 1408 ψήροις
636 1329 681 1384 τοῦ
708 1326 799 1405 ἀνδρὸς
825 1325 946 1403 κατέγνω

164 1419 271 1495 τίμημα
287 1415 361 1488 δίκης
373 1414 464 1496 ὁρίσας
475 1414 598 1491 θάνατον,
613 1413 662 1473 ούκ
678 1411 754 1482 ἀξιῶν
770 1417 806 1478 είς
822 1414 945 1491 ἐλεύθερα

167 1505 279 1583 σώματα
294 1508 339 1562 καί
357 1505 578 1583 προπολεμοῦντα
602 1507 650 1574 τῆς
665 1506 716 1562 τῶν
737 1503 825 1562 ἄλλων
841 1503 945 1561 ἐλευθε-

168 1596 224 1673 ρίας
242 1593 301 1661 τοὺς
323 1595 349 1651 ἐν
370 1596 428 1659 ταῖς
447 1591 540 1658 ἄλλαις
561 1590 639 1657 ὄντας
660 1593 755 1671 ἀρχαῖς
771 1589 884 1668 ὑδρίζειν
899 1588 946 1655 τδις

113 1715 138 1752 ta
167 1683 326 1754 ἀνηκέστως
340 1681 386 1741 καί
405 1678 480 1762 παρδ
495 1677 572 1760 φύσιν
586 1688 640 1745 τοῖς
659 1680 765 1757 ἄρρεσιν
788 1677 885 1758 bipart.
907 1709 947 1723 -

172 1771 266 1834 Valet.
287 1779 318 1832 ct
329 1772 419 1832 Sttt'd.
435 1789 459 1830 a.
475 1789 505 1831 v.
521 1766 600 1835 Γάιος
613 1768 770 1849 Λαιτώριος.

205 1859 244 1922 V.
258 1891 299 1903 -
315 1856 357 1938 (9)
371 1854 434 1917 Ἔτι
455 1855 483 1914 δί
493 1854 584 1914 τούτου
602 1853 818 1937 θαυμασιώτερον
829 1853 945 1936 ἔπραξαν

165 1950 194 2006 ού
215 1949 323 2013 πολλοῖς
343 1946 470 2026 πρότερον
501 1945 623 2026 χρόνοις,
649 1943 736 2004 καίτοι
758 1944 820 2024 περί
855 1945 945 2005 δοῦλον

166 2043 245 2114 σῶμα
263 2034 406 2115 γενομένης
417 2037 465 2105 τῆς
477 2031 589 2116 ύδρεως,
633 2029 709 2100 Ἓνδς
729 2030 781 2113 γάρ
794 2034 848 2091 τῶν
861 2055 947 2111 παρα·

110 2154 139 2192 αα
166 2127 262 2187 δόντων
284 2123 427 2190 Σαυνίταις
453 2121 484 2181 τό
513 2121 691 2202 στρατόπεδον
713 2121 875 2200 χιλιάρχων,
900 2122 945 2180 καί

166 2214 217 2274 ὑπό
238 2213 314 2293 ζυγὸν
329 2211 510 2284 ύπελθόντων,
531 2211 653 2272 Ποπλίου
668 2211 739 2288 υίὸς,
753 2212 789 2277 ὡς
808 2211 834 2268 έν
857 2211 944 2291 πολλῇ

165 2301 347 2383 καταλειρθείς
361 2299 440 2380 πενίορ
456 2299 558 2359 δάνειον
572 2298 728 2378 ἠναγκάσθη
743 2297 833 2358 λαθεῖν
851 2300 887 2366 είς
898 2298 946 2370 τὴν

165 2391 252 2472 ταφὴν
276 2394 322 2450 τοῦ
348 2389 468 2471 πατρὸς,
494 2391 529 2457 ώς
557 2387 789 2468 θρανισθησόμενος
814 2388 865 2446 ύπδ
892 2390 944 2447 τῶν

165 2483 310 2558 συγγενῶν.
333 2477 509 2558 Διαψευσθελς
523 2475 550 2536 δὲ
566 2480 612 2548 τῆς
628 2476 743 2552 ἐλπίδος,
759 2476 868 2556 ἀπήχθη
881 2477 945 2556 πρὸς

111 2580 138 2618 ²⁵
164 2571 195 2626 τὸ
209 2566 287 2646 χρέος
302 2569 349 2637 τῆς
370 2564 533 2644 προθεσμίας
546 2562 710 2635 διελθούσης,
725 2564 821 2640 κομιδῆ
836 2563 892 2631 νέος
908 2560 946 2622 ὧν

165 2654 211 2715 καί
226 2659 258 2735 τῇ
271 2655 330 2735 όψει
343 2654 449 2730 ὡραῖος.
491 2641 578 2719 θύτας
594 2651 628 2712 αδ
645 2650 693 2727 μίν
708 2650 777 2710 ἀλλα
791 2653 944 2731 ὑπηρετῶν,

165 2742 214 2802 ὅσα
236 2741 342 2810 δούλους
367 2742 508 2807 δεσπόταις
529 2739 608 2815 νόμος
624 2730 672 2817 ἦν,
690 2739 829 2819 ἠνείχετο·
847 2738 895 2811 τὴν
918 2740 946 2800 it

165 2834 211 2889 τού
228 2828 351 2907 σώματος
364 2825 436 2909 ώραν
451 2826 613 2907 χαρίσασθαι
636 2826 819 2902 κελευόμενος,
844 2828 945 2904 ἠγανά·

166 2942 223 2978 aret
244 2918 290 2978 καί
305 2917 384 2997 μέχρι
407 2917 503 2983 παντὸς
519 2916 685 2995 ἀπεμάχετο.
729 2916 836 2983 Πολλὰς
855 2916 883 2974 δὲ
903 2914 947 2974 διδ

111 3025 139 3068 ab
166 3014 244 3068 τοῦτο
264 3008 400 3085 μαστίγων
416 3004 507 3064 λαθών
523 3006 645 3083 πληγὰς,
673 3003 815 3085 ἐξέδραμεν
840 3010 877 3074 εἰς
896 3004 945 3078 τὴν

167 3097 281 3177 ἀγοράν,
297 3095 343 3154 καὶ
357 3095 421 3161 στδις
440 3095 483 3153 ἐπί
498 3093 631 3172 μετεώρου
654 3094 738 3171 τινός,
753 3094 815 3153 ἔνθα
835 3095 947 3163 πολλοὺς

167 3187 262 3264 ἔμελλε
283 3188 330 3255 τῆς
352 3183 452 3261 ύύρεως
464 3184 595 3263 λήψεσθαι
611 3181 763 3263 μάρτυρας,
780 3182 826 3252 τήν
846 3181 868 3240 τ’
882 3185 944 3240 ἀκο·

165 3278 261 3335 λασίαν
284 3280 329 3333 τοῦ
355 3275 489 3332 δανειστοῦ
514 3271 661 3351 διηγήσατο
675 3271 722 3329 καί
739 3275 791 3330 τῶν
811 3275 945 3351 μαστίγων

165 3363 224 3431 τούς
249 3362 383 3440 μώλωπας
406 3360 548 3430 ὑπέδειξεν.
594 3359 836 3438 Ἀγανακτήσαντος
857 3360 885 3420 δὲ
899 3368 944 3423 τοῦ

112 3478 139 3517 aa
166 3456 267 3530 δήμου,
289 3451 333 3511 καλ
360 3453 488 3527 δημοσίας
516 3451 595 3528 ἀργῆς
620 3448 688 3518 ἄξιον
717 3450 887 3528 ἡγησαμένου
917 3452 946 3511 εδ

167 3551 296 3621 πρᾶγμα,
312 3541 400 3618 ἀχθεὶς
416 3542 451 3605 εἷς
472 3536 520 3610 τὴν
537 3540 640 3618 κρίσιν,
662 3540 878 3618 κατηγορούντων
897 3539 944 3613 τὴν

168 3631 335 3708 εἰσαγγελίαν
359 3632 412 3686 τῶν
437 3628 603 3707 δημάρχων,
624 3615 696 3706 ώρλε
720 3629 832 3686 θανάτου
858 3629 944 3702 δίκην.

168 3718 223 3775 Καὶ
233 3719 268 3775 δι’
284 3721 366 3776 έκεῖνο
387 3719 418 3776 τὸ
438 3718 519 3783 πάθος
533 3715 647 3782 ἅπαντες
660 3718 684 3774 oi
697 3716 866 3783 δουλωθέντες
883 3719 947 3798 πρὸς

167 3805 200 3864 τόι
214 3806 281 3885 χρέα
297 3805 426 3882 Ῥωμαῖοι
440 3807 512 3883 νόμῳ
527 3804 666 3882 κυρωθέντι
678 3803 726 3874 τὴν
741 3808 856 3884 ἀρχαίαν
872 3808 947 3864 ἐλευ-

112 3917 140 3955 ιυ
168 3895 254 3973 θερίαν
282 3896 450 3972 ἐκομίσαντο.
485 3894 578 3953 Vales-
604 3893 794 3956 etSttidaSS.
823 3914 850 3955 v.
868 3897 948 3963 Γάιος

167 3983 325 4059 Λαιτώριος.

211 4072 261 4131 Vl.
287 4071 345 4149 (10)
368 4071 455 4139 Ἀξιῶν
467 4068 514 4141 τὴν
527 4069 624 4149 βουλὴν
640 4071 705 4150 ὑπὲρ
719 4075 770 4128 τῶν
784 4070 890 4152 ἀπόρων
902 4071 947 4130 καλ

167 4158 330 4237 κατάχρεων.

207 4251 242 4308 Αἱ
257 4256 409 4324 νεοσραγεῖς
424 4251 474 4306 τῶν
493 4248 624 4325 θυομένων
639 4250 733 4325 σάρκες
756 4246 835 4326 μέχρι
855 4248 947 4308 τούτου

88 4390 90 4394 ,
114 4356 140 4392 ιιι
168 4337 315 4395 διατελοῦσι
337 4336 481 4415 τρίμουσαί
496 4360 525 4395 τε
542 4337 589 4395 καί
602 4339 789 4412 παλλόμεναι,
808 4335 856 4402 ἕως
871 4337 903 4395 διν
918 4339 947 4396 τὸ

168 4425 345 4505 κατεχόμενον
370 4428 395 4481 ἐν
412 4428 503 4492 αὐταῖς
519 4425 640 4504 συγγενὲς
660 4430 764 4499 πνεῦμα
789 4425 947 4503 βιασάμενον

168 4515 227 4580 τοὺς
241 4514 335 4592 πόρους
360 4511 433 4571 ἅπαν
451 4516 616 4592 ἐξαναλωθῇ.
661 4515 747 4571 Τοῦτο
768 4518 883 4589 σεισμῶν
906 4514 948 4572 αἷ-

168 4628 221 4661 τιυν
244 4605 343 4679 γίνεται
362 4603 408 4661 καί
430 4608 462 4681 τῇ
488 4601 597 4683 Ῥώμη·
624 4603 715 4661 ἅπασα
741 4604 792 4680 γάρ
819 4603 948 4678 ὑπόνομος

167 4685 232 4751 oica
250 4692 376 4769 μεγάλαις
395 4695 439 4750 καί
454 4693 576 4770 συνεχέσι
594 4692 713 4771 τάρροις,
727 4694 760 4750 δι’
775 4683 811 4750 ὧν
826 4691 947 4770 θχετεύε·

114 4821 140 4857 50
167 4807 211 4840 ται
221 4781 250 4838 τό
265 4780 341 4860 ὕδωρ,
363 4782 407 4839 καί
422 4781 522 4846 πολλὰς
535 4781 667 4847 ἀναπνοὰς
679 4781 819 4856 στομάτων
836 4782 945 4859 ἔχουσα,

168 4871 210 4925 διὰ
230 4870 327 4928 τούτων
347 4871 435 4944 ἀνίησι
451 4870 481 4928 τὸ
498 4870 686 4927 κατακλεισθὲν
702 4878 806 4945 πνεῦμα
826 4872 852 4928 ἐν
870 4870 945 4948 αὐτῇ·

169 4959 213 5014 καί
230 4963 306 5018 τοῦτό
323 4965 409 5033 ἐστιν,
426 4959 440 5017 δ
456 4958 590 5036 κραδαίνει
600 4981 629 5015 τε
646 4959 786 5029 αὐτὴνκαὶ
802 4959 946 5038 σπαράττει

169 5046 215 5113 τὴν
235 5048 399 5124 ἐπιφάνειαν,
423 5047 484 5105 όταν
507 5044 574 5104 πολὺ
598 5045 643 5103 καί
666 5051 750 5124 βίαιον
769 5046 946 5128 ἐναποληρθὲν

169 5130 300 5209 εἴργηται.
319 5136 419 5193 Ambr.

655 338 661 357 ⁴
686 310 854 375 ntoatstt
877 307 1257 372 nibtctabtassattsts

1000 452 1172 512 prestantem,
1195 449 1597 515 principioqnttemdonisatque
1608 452 1790 514 hujuscemodi

999 563 1166 615 delinimentis
1188 561 1220 613 de
1243 567 1331 626 stupro
1347 561 1498 615 solbcttarlt.
1524 564 1560 627 (3)
1583 565 1636 616 Sed
1652 572 1790 635 postqum

1000 691 1079 744 neque
1111 677 1183 728 donis
1221 690 1301 742 nequa
1334 676 1387 727 ulla
1417 678 1467 728 alia
1496 682 1644 745 corruptela
1670 684 1790 747 juvenem

1002 908 1053 960 rba
1076 909 1166 960 interro
1190 909 1342 960 adolescenti
1368 909 1502 961 constituit.
1524 912 1560 975 (t)
1579 912 1663 977 Cujus
1684 915 1790 967 sceleris

1002 1023 1067 1075 tama
1091 1038 1171 1089 (γυυιιι
1196 1023 1302 1075 celebris
1330 1038 1360 1074 ac
1386 1030 1518 1091 pervagata
1539 1026 1565 1078 ln
1586 1030 1704 1081 exercita
1727 1032 1788 1084 tuis-

1002 1145 1052 1205 set,
1079 1141 1172 1194 tribuni
1201 1141 1279 1206 plebis
1304 1142 1369 1193 hanc
1395 1143 1519 1208 publicam
1542 1145 1642 1197 civimli
1671 1147 1788 1213 laturiam

1001 1271 1057 1309 asse
1074 1257 1138 1319 rati,
1151 1257 1259 1310 tatoris
1269 1257 1335 1309 diem
1348 1258 1380 1310 ad
1391 1259 1510 1325 pupulam
1526 1261 1665 1325 dixerunt,
1677 1277 1789 1330 eamque

1001 1371 1108 1437 populns
1121 1374 1248 1424 Romanus
1261 1371 1381 1424 universis
1395 1373 1519 1438 suffragiis
1536 1376 1628 1441 capitis
1642 1377 1787 1443 damnavit,

1003 1486 1197 1552 haudquaquam
1215 1488 1352 1539 arbitratus
1366 1489 1494 1541 terendum
1506 1504 1576 1553 esse,
1589 1497 1621 1544 at
1632 1493 1732 1560 ingenui
1740 1496 1787 1548 bo·

1003 1603 1099 1666 mines,
1112 1601 1157 1666 qui
1171 1616 1217 1667 pro
1227 1603 1380 1668 reliquomm
1391 1604 1484 1656 civium
1496 1605 1615 1658 libertate
1629 1609 1719 1662 inscie
1733 1615 1784 1664 sla-

1001 1722 1071 1782 rent,
1088 1719 1153 1771 lmdo
1164 1734 1194 1771 ac
1206 1718 1324 1786 pudendo
1335 1719 1397 1771 viris
1408 1719 1502 1784 injuria
1520 1735 1610 1785 genere
1622 1724 1784 1779 violarentur.

1033 1870 1064 1917 V.
1079 1866 1114 1931 (t)
1128 1869 1220 1916 verum
1242 1865 1311 1916 aliud
1328 1864 1400 1931 longe
1412 1866 1575 1918 admiratione
1591 1869 1694 1934 dignius
1713 1873 1786 1938 paulo

1004 1959 1107 2010 antebac
1129 1961 1269 2019 gesserant,
1282 1957 1314 2007 ob
1334 1957 1451 2022 injuriam
1469 1959 1562 2020 ultam,
1585 1962 1685 2013 tametsi
1703 1966 1787 2016 servili

1003 2048 1099 2111 corpori
1112 2047 1217 2098 illatam.
1234 2047 1381 2097 Adulescens
1396 2047 1513 2111 quidam,
1526 2048 1608 2100 Ροθίὶι·
1618 2050 1699 2112 abus,
1712 2056 1788 2106 unias

1004 2142 1134 2194 atribunis
1145 2141 1306 2204 militaribus,
1325 2141 1368 2205 qui
1381 2153 1408 2191 se
1424 2141 1611 2207 exercitumque
1623 2157 1726 2196 omnem
1738 2147 1786 2200 de-

1004 2234 1093 2285 derant
1121 2233 1286 2296 Samnitibus,
1317 2235 1344 2284 et
1364 2231 1412 2282 sub
1438 2231 1524 2296 jugum
1542 2232 1610 2283 missi
1635 2235 1737 2288 fuerant
1759 2240 1785 2289 ia

1004 2326 1113 2376 munima
1134 2329 1243 2390 egestate
1259 2322 1403 2380 derelictus.
1423 2322 1551 2386 pecuniata
1562 2322 1648 2373 lunari
1667 2326 1784 2391 accipere
1814 2362 1818 2369 .

1004 2417 1046 2480 (ad
1059 2417 1232 2469 celebrandum
1248 2418 1325 2481 patris
1336 2414 1420 2479 lanus)
1430 2417 1534 2465 emotus
1546 2418 1595 2477 est,
1609 2429 1713 2480 speram
1726 2432 1787 2482 pro-

1004 2512 1154 2577 pinquorum
1174 2509 1321 2560 iiberalitate
1339 2520 1368 2558 se
1397 2520 1460 2573 pope
1485 2505 1552 2558 dem
1568 2507 1616 2559 boc
1635 2521 1687 2560 ara
1705 2511 1787 2564 alieno

1003 2604 1137 2657 liberam
1148 2604 1188 2656 iri.
1200 2603 1234 2667 (3)
1252 2604 1348 2652 verum
1358 2614 1402 2665 spe
1422 2614 1468 2651 sua
1479 2600 1627 2666 frustratus,
1639 2615 1720 2667 qnam
1733 2605 1788 2658 dies

1004 2699 1136 2760 cessisset,
1157 2696 1280 2748 adductus
1294 2698 1333 2747 est
1349 2694 1375 2744 in
1394 2708 1486 2745 nerum
1499 2693 1612 2758 invenis,
1626 2695 1708 2747 torma
1719 2697 1787 2749 baud

1004 2793 1158 2845 invenustus.
1182 2794 1216 2856 (tl
1238 2792 1263 2841 ls
1282 2804 1364 2856 quum
1386 2802 1474 2854 operas
1494 2802 1524 2839 ac
1542 2789 1696 2857 ministeria,
1717 2807 1788 2858 quee-

1003 2896 1110 2949 cumque
1122 2895 1208 2932 servm
1217 2881 1323 2931 dominis
1332 2883 1450 2946 praestare
1459 2879 1501 2943 tus
1510 2879 1598 2946 iusque
1608 2887 1658 2947 ast,
1671 2886 1788 2937 creditori

1002 2977 1144 3037 exhiberet,
1167 2974 1262 3026 terebat
1272 2973 1297 3024 id
1308 2973 1448 3034 moderate;
1468 2973 1514 3025 sed
1526 2988 1606 3039 quam
1617 2979 1734 3041 stuprum
1744 2979 1785 3041 jn·

1003 3071 1105 3122 beretur
1126 3068 1191 3134 pati,
1215 3071 1269 3117 tum
1290 3080 1347 3117 rere
1370 3066 1491 3130 indignari
1522 3067 1596 3133 ooepit
1620 3072 1647 3119 et
1667 3071 1787 3133 flagitium

1004 3176 1105 3230 prorsus
1116 3161 1280 3225 adspernatus
1290 3162 1336 3209 est.
1350 3158 1383 3221 (5)
1404 3159 1482 3223 cujus
1494 3159 1529 3208 rei
1541 3172 1629 3221 causa,
1640 3160 1789 3212 verberibus

1003 3255 1151 3307 acreditore
1169 3254 1308 3314 laceratus,
1329 3251 1450 3317 proripuit
1463 3265 1490 3302 se
1503 3251 1527 3301 in
1551 3251 1648 3315 tamn,
1670 3257 1789 3317 suusque

1002 3353 1029 3402 in
1049 3348 1148 3399 sublimi
1172 3348 1227 3398 loco
1245 3346 1371 3396 libidinem
1391 3344 1613 3409 crudelitatemque
1633 3347 1789 3397 loenmatoris

1003 3446 1155 3507 conquestus
1167 3445 1215 3500 est,
1235 3441 1328 3489 vibices
1347 3437 1480 3488 verberum
1497 3437 1638 3490 ostendens.
1661 3440 1695 3503 (a)
1713 3439 1789 3490 Plebs

1004 3533 1081 3598 igitur
1094 3531 1224 3583 atrocitate
1242 3528 1338 3593 injuria
1350 3529 1487 3584 commota.
1503 3539 1581 3590 quum
1598 3526 1625 3576 id
1637 3525 1734 3578 lacinus
1745 3541 1789 3593 pn·

1003 3623 1067 3675 blica
1084 3620 1250 3686 indignatione
1266 3617 1466 3682 prosequeretur,
1487 3617 1632 3664 accusatum
1652 3616 1790 3666 atribunis

1004 3712 1083 3776 plebis
1092 3710 1238 3761 creditorem
1249 3709 1330 3770 capite
1339 3703 1475 3755 damnavit.
1486 3705 1567 3766 Atque
1575 3702 1609 3753 ob
1619 3703 1688 3754 bunc
1702 3719 1790 3755 cusum

1003 3799 1102 3858 cuncti,
1118 3798 1162 3861 (rui
1174 3798 1206 3846 ob
1220 3808 1259 3844 res
1273 3793 1380 3843 alienum
1393 3791 1450 3841 neri
1468 3795 1548 3854 erent,
1570 3791 1623 3856 lege
1636 3795 1687 3843 lata
1699 3792 1789 3854 soluti,

1003 3887 1133 3952 pristinam
1146 3884 1286 3934 libertatem
1302 3882 1488 3945 recuperarunt.

1034 4085 1076 4133 vt,
1093 4080 1128 4144 (ι)
1145 4081 1263 4129 Senatum
1280 4086 1369 4136 rogans
1388 4085 1433 4137 pro
1447 4071 1530 4136 egenis
1547 4076 1623 4135 atque
1640 4086 1691 4122 aere
1706 4075 1792 4126 alieno

1021 4186 1103 4223 resars.

1003 4188 1019 4238 p
1035 4272 1068 4334 (2)
1080 4270 1199 4319 lleeeutes
1210 4264 1366 4313 victimamm
1378 4273 1465 4311 carnes
1477 4259 1573 4310 tamdiu
1581 4261 1721 4309 tremuntet
1732 4261 1790 4322 pal·

1004 4381 1090 4445 pitant,
1108 4380 1185 4428 donec
1202 4377 1225 4425 in
1243 4373 1275 4422 iis
1292 4372 1423 4442 contentus
1440 4370 1523 4419 socius
1541 4368 1640 4432 spiritus
1651 4365 1790 4428 patefactis

1004 4491 1050 4540 sibi
1068 4488 1191 4539 meatibus
1210 4489 1277 4534 totus
1291 4480 1452 4531 consumitur.
1478 4481 1509 4542 (3)
1530 4474 1645 4542 Ejusdem
1662 4476 1733 4526 modi
1748 4485 1789 4530 est

1003 4607 1088 4654 lterum
1102 4606 1174 4651 terrae
1189 4601 1271 4647 motus
1281 4610 1365 4645 causa.
1381 4597 1414 4654 (4)
1428 4597 1511 4651 Quum
1525 4592 1588 4642 enbn
1602 4592 1655 4639 tola
1668 4589 1729 4638 urbs
1740 4603 1789 4640 cu-

1003 4711 1112 4760 niculosa
1122 4710 1153 4758 sit
1163 4712 1262 4771 propter
1271 4717 1372 4767 magnos
1383 4701 1564 4764 continuosque
1576 4699 1681 4757 canales,
1693 4699 1788 4762 quibus

1003 4835 1068 4886 aqua
1087 4818 1287 4876 circumducitur,
1311 4817 1438 4880 multaque
1467 4814 1657 4878 respirationem
1676 4824 1719 4859 orn
1740 4810 1785 4859 ba·

1003 4928 1084 4987 beant,
1105 4939 1148 4989 per
1166 4924 1221 4974 brac
1239 4924 1342 4987 spiritus
1359 4921 1489 4972 conclusus
1503 4921 1612 4983 erumpit
1630 4938 1635 4967 ε
1651 4921 1727 4982 atquc
1744 4918 1788 4967 hic

1003 5035 1119 5084 nimirum
1138 5046 1192 5082 eam
1216 5031 1334 5089 concutit,
1354 5030 1448 5093 solique
1469 5027 1631 5092 superficiens
1661 5024 1740 5085 findit,
1766 5024 1788 5074 si

1003 5144 1101 5207 quando
1113 5143 1208 5193 multus
1220 5144 1245 5192 et
1258 5141 1389 5191 vehemens
1401 5140 1468 5189 intus
1481 5135 1635 5188 cohibeatur.
