3772 5828
625 380 923 452 Antiquitatum
945 381 1098 442 nullam.
1123 383 1195 444 LlB.
1221 385 1270 444 lll.

131 509 207 571 κόσια
235 513 317 589 τριῶν
338 509 383 568 ἀπὶ
405 512 458 575 τοῖς
476 509 539 569 δέκα
560 507 677 588 δέοντα,
697 513 724 569 ἀν
749 503 786 577 οἷς
807 513 908 581 πολλὴν

132 597 207 677 ίσχεν
221 597 339 678 ἐπίδοσιν
352 599 389 663 εἰς
404 597 542 676 εὐανδρίαν
555 622 583 656 τε
598 598 645 657 καὶ
662 600 775 658 πλοῦτον
791 600 836 657 καί
861 600 909 671 τὴν

131 689 214 757 άλλην
229 685 339 745 ἅπασαν
366 686 552 763 εὐδαιμονίαν,
579 687 660 758 ist<
682 690 825 769 τριάκοντα
847 692 907 746 Λα-

128 777 208 834 τίνων
224 776 387 834 ἀποικίσασα
402 773 490 841 πόλεις
504 775 549 834 καὶ
563 774 649 835 πάντα
667 775 713 835 τὀν
735 775 828 855 χρόνον
842 782 910 854 ἡγη-

88 885 100 920 ι
127 864 233 940 σαμίνη
258 869 305 922 τοῦ
337 862 425 931 ίθνους
448 864 500 923 ὑπὸ
525 868 572 935 τῆς
604 864 719 944 ίσχάτης
746 864 909 932 ἀποκτίσεως

126 952 312 1031 καθαιρεθεῖσα
327 948 424 1029 ἔρημος
437 953 473 1017 είς
485 950 543 1009 τόδε
555 950 649 1030 χρόνου
664 951 794 1026 διαμάνει.

170 1038 297 1105 Βασιλεὺς
317 1038 345 1099 δὲ
364 1038 466 1106 Τύλλος
483 1039 528 1098 τὸν
547 1041 655 1099 ἐπιόντα
675 1044 797 1119 χειμῶνα
825 1043 908 1101 διαλε-

128 1127 186 1187 πιλν
201 1129 275 1208 ἔαρος
295 1127 442 1209 ἀρχομένου
461 1130 571 1206 στρατὸν
585 1129 628 1188 ἀπὶ
649 1129 812 1200 Φιδηναίους
827 1131 907 1191 πάλιν

128 1215 222 1297 ε’ξάγει.
265 1218 369 1283 Torsit
383 1216 538 1289 Φιδηναίοις
552 1221 626 1296 κοινῇ
649 1218 697 1295 μὲν
724 1218 776 1278 οὐδ’
800 1222 907 1290 ἡτισοῦν

74 1319 99 1358 ¹⁰
128 1309 234 1387 βοήθεια
248 1305 274 1375 ἐξ
290 1308 412 1384 οὐδεμιᾶς
421 1309 474 1365 τῶν
485 1305 661 1387 συμμαχίδων
675 1306 782 1388 ἀφίκετο
791 1307 906 1384 πόλεων,

127 1395 280 1476 μισθοφόροι
297 1394 326 1454 δέ
344 1419 413 1463 τινες
432 1399 462 1455 ἐκ
475 1398 580 1455 πολλῶν
603 1395 782 1476 συνερρύησαν
804 1397 905 1470 τόπων,

127 1475 164 1553 οἷς
177 1482 366 1552 πιστεύσαντες
382 1484 567 1564 θθάρρησανὶκ
580 1488 627 1557 τῆς
643 1483 744 1548 πολιωε
757 1488 905 1564 προελθεῖν.

128 1572 352 1654 Παραταξάμενοι
368 1573 396 1632 δὲ
410 1573 456 1632 καλ
470 1572 586 1642 πολλοὺς
609 1574 810 1641 ἀποκτείναντες
825 1579 852 1635 ἐν
872 1581 906 1656 τῇ

127 1661 202 1742 μάχη
226 1660 451 1732 κατεκλείσθησαν
477 1663 557 1722 πάλιν
577 1663 613 1728 είς
636 1661 666 1720 τδ
691 1662 770 1722 ἀστυ.
813 1661 859 1728 Ὡς
877 1664 905 1723 δὲ

73 1772 99 1809 ιε
128 1752 351 1829 περιχαρακώσας
372 1752 458 1810 αὐτῶν
471 1750 520 1819 τὴν
532 1750 607 1810 πόλιν
627 1749 759 1818 θΤύλλος
773 1750 818 1809 καί
835 1774 906 1831 περε-

126 1840 277 1918 ταφρεύσας
300 1842 337 1907 είς
359 1838 410 1910 τὴν
433 1838 549 1919 ἐσχάτην
571 1837 727 1899 κατέκλεισε
752 1839 813 1907 τούς
834 1839 904 1902 ίνδον

128 1928 256 2007 ἀπορίαν,
269 1927 476 2007 ἠναγκάσθησαν
489 1932 527 2007 τῷ
541 1931 644 2007 βασιλεῖ
659 1930 824 2007 παραδοῦναι
838 1938 905 2010 σφᾶς

130 2014 223 2082 αὐτοὺς
239 2018 279 2094 ἐφ’
293 2007 331 2084 οἷς
355 2016 432 2084 αὐτὸς
458 2016 591 2079 ἐόούλετο.
641 2015 784 2094 Γενόμενος
809 2017 837 2078 δί
859 2016 904 2077 τδν

126 2104 222 2183 τρόπον
244 2109 360 2168 τούτονδ
383 2104 505 2183 βασιλεὺς
529 2110 578 2178 τῆς
601 2107 701 2173 πόλεως
716 2105 821 2188 κόριος,
847 2106 906 2174 τούς

69 2214 99 2253 ao
128 2195 225 2261 αἰτίους
243 2199 289 2265 τῆς
304 2196 478 2261 ἀποστάσεως
495 2196 665 2274 ἀποκτείνας,
682 2194 742 2264 τούς
758 2196 786 2256 δδ
797 2195 906 2264 λοιπούς

126 2282 244 2352 ἅπαντας
258 2283 395 2349 ἀπολόσσς
414 2283 459 2342 καὶ
472 2281 507 2342 τδι
535 2282 647 2364 σφίτερα
673 2284 761 2344 πάντα
784 2291 903 2365 καρποῦ-

124 2376 186 2430 σθαι
199 2373 244 2429 τδν
255 2371 334 2430 αδτδν
348 2370 431 2437 θάσας
448 2371 566 2449 τρόπον,
593 2370 643 2439 τήν
659 2393 690 2430 τε
712 2371 848 2431 πολιτείαν
871 2372 904 2444 ἣν

124 2450 195 2536 εἶχον
211 2458 336 2538 πρότερον
352 2457 464 2524 ἀποδοὺς
478 2459 581 2530 αὐτοῖς,
593 2457 697 2518 timna·
708 2456 755 2529 τλν
767 2459 904 2539 στρατιάν·

125 2546 172 2604 καί
200 2544 412 2625 παραγενόμενος
438 2546 473 2613 είς
496 2542 608 2621 Ῥώμην
633 2546 682 2617 τὴν
714 2549 905 2628 τροπαιοφόρον

69 2664 98 2703 25
128 2633 254 2692 ἀπεδίδου
274 2640 328 2699 τοῖς
345 2633 413 2699 θεοῖς
427 2632 538 2709 πομπήν
550 2655 579 2690 τε
593 2633 640 2690 καὶ
660 2633 770 2712 θυσίαν,
785 2635 904 2717 δεύτερον

97 2765 103 2776 ·
126 2723 224 2782 ἔκεῖνον
239 2721 362 2799 κατάγων
376 2719 516 2800 θρίαμθον.

165 2812 285 2873 XXXII.
314 2809 392 2871 Μετά
416 2815 508 2870 τοῦτον
529 2810 574 2870 τδν
597 2809 714 2888 πόλεμον
738 2810 824 2892 άτερσς
842 2812 904 2872 ἀνά-

122 2924 172 2973 στη
187 2901 334 2978 Ῥωμαίοις
348 2903 379 2961 ίκ
392 2907 438 2962 τοῦ
450 2899 575 2962 Σαόίνων
585 2900 684 2969 άθνους·
699 2901 770 2982 ἀρχὴ
783 2904 807 2961 δ’
821 2904 900 2964 attat

122 2992 169 3051 καί
193 2991 325 3072 πρόφασις
348 2989 453 3069 ἐγίνετο
465 2991 565 3050 τοιάδι.
607 2990 689 3070 Ἱερόν
706 2993 763 3052 ἐστι
776 2997 849 3074 κοινῇ
863 3017 903 3054 τι·

66 3112 95 3151 ³⁰
122 3079 243 3157 μώμενον
258 3080 309 3138 ὑπὸ
327 3077 450 3138 Λατίνων
463 3101 492 3138 τε
512 3078 557 3138 καί
571 3078 711 3154 Σαύίνων,
723 3079 798 3159 ἅγιον
810 3083 837 3140 δν
849 3084 903 3150 τοῖς

122 3167 191 3226 πάνυ
206 3172 266 3232 θεᾶς
285 3165 439 3245 Φερωνείας
454 3166 662 3244 ὀνομαζομένης,
677 3168 709 3240 ἣν
722 3172 747 3228 οἱ
766 3171 904 3251 μεταφρά-

123 3258 207 3324 ζοντες
214 3256 250 3322 είς
258 3253 306 3325 τὴν
316 3253 437 3315 Ἑλλάδα
444 3259 568 3333 γλῶσσαν
576 3258 600 3315 ot
611 3256 659 3334 μίν
668 3255 832 3338 Ἀνθοφόρον,
842 3262 865 3317 oi
875 3259 903 3318 δί

123 3342 337 3422 Φιλοστέφανον,
352 3345 376 3404 οἱ
393 3342 421 3402 ii
436 3343 610 3425 Φερσεφόνην
625 3346 762 3407 καλοῦσιν.
805 3349 852 3414 Ei<
869 3348 901 3421 δὴ

123 3432 153 3492 ιδ
166 3431 235 3509 ίιρδν
259 3437 337 3491 τοῦτο
358 3432 488 3511 συνῄεσαν
508 3435 539 3492 ίκ
563 3436 616 3492 τῶν
639 3432 778 3511 περιοίκων
799 3433 902 3495 πολεων

66 3551 94 3590 35
124 3519 191 3579 κατά
213 3519 261 3585 τδις
276 3520 500 3599 ἀποδεδειγμένας
523 3521 616 3602 ἑορτδις
637 3521 731 3580 πολλοὶ
753 3523 801 3600 μίν
821 3525 901 3605 εὐχδις

124 3606 287 3674 ἀποδιδόντες
307 3608 352 3667 καί
373 3607 465 3675 θυσίας
482 3613 516 3689 τῇ
533 3612 599 3689 θεῷ,
623 3609 716 3668 πολλοί
740 3609 767 3669 δὲ
788 3634 900 3690 χρημα-

123 3696 253 3773 τιούμενοι
271 3696 315 3755 διά
335 3693 382 3766 τὴν
396 3695 544 3776 πανήγυριν
566 3695 679 3773 ἔμποροί
700 3719 729 3755 τε
750 3698 794 3756 καί
808 3721 901 3780 χαιρο-

123 3783 213 3862 τίχναε
234 3783 280 3842 καί
302 3782 431 3863 γεωργοί,
455 3781 549 3865 ἀγοραί
568 3785 592 3840 τ’
608 3783 696 3842 αὐτόθι
719 3784 901 3864 λαμπρότεραι

124 3874 175 3929 τῶν
191 3873 217 3931 ἀν
233 3872 322 3939 άλλοις
337 3871 391 3931 τισί
401 3871 490 3939 τόποις
504 3876 552 3944 τῆς
565 3871 682 3939 Ἰταλίας
697 3869 833 3948 ἀγομίνων
845 3873 899 3950 tpi-

66 3990 96 4030 to
123 3982 207 4019 νοντο.
252 3962 300 4026 Fit
314 3959 414 4034 ταύεην
429 3962 457 4020 at
475 3963 524 4033 τὴν
540 3962 686 4039 πανήγυριν
701 3959 823 4028 ίλθόντας
836 3961 900 4021 ποτί

122 4045 264 4122 Ῥωμαίων
279 4046 376 4127 άνδρας
395 4051 443 4109 οὐκ
460 4052 567 4130 ἀφανεῖς
583 4049 697 4111 Σαθῖνοί
719 4072 786 4117 τινες
800 4073 901 4131 συναρ·

122 4135 253 4204 πάσαντες
270 4136 366 4209 ἔδησαν
385 4139 431 4198 καὶ
449 4138 483 4198 τδ
506 4138 636 4220 χρήματα
657 4137 815 4219 ἀφείλοντο,
835 4163 899 4220 πρε·

122 4227 211 4292 σόείας
222 4249 251 4285 τε
267 4227 328 4304 περὶ
339 4230 425 4286 αὐτῶν
436 4225 597 4306 άφικομόνης
612 4225 685 4285 οὐδὲν
696 4227 835 4288 ίόούλοντο
848 4231 901 4288 τῶν

122 4315 230 4373 δικαίων
241 4318 344 4388 ποιεῖν,
361 4313 430 4374 ἀλλά
440 4315 486 4374 καί
499 4314 534 4375 τά
546 4313 659 4392 σώματα
668 4314 714 4374 καλ
725 4313 759 4373 τά
772 4313 901 4394 χρήματα

67 4436 94 4473 ,5
121 4406 173 4461 τῶν
190 4404 391 4484 συλληφθέντων
407 4411 548 4483 κατεῖχον,
573 4404 744 4481 ἐγκαλοῦντες
759 4402 806 4462 καί
826 4402 900 4461 αὐτοί

122 4488 283 4568 Ῥωμαίοις,
307 4493 348 4552 ότι
372 4490 432 4560 τούς
450 4491 574 4553 Σαόίνων
599 4493 717 4570 φυγάδας
743 4490 902 4574 ὐπιδίχοντσ

121 4583 371 4649 κατασκευάσαντες
387 4581 484 4641 ἀσυλον
505 4581 593 4664 ίιρδν,
609 4580 675 4664 ὐπίρ
689 4573 725 4641 ιῗιν
748 4582 775 4641 ἒν
793 4585 832 4660 τῷ
848 4581 900 4661 πρδ

120 4669 214 4730 τούτου
237 4671 308 4751 λόγῳ
332 4670 477 4743 δεδήλωταί
502 4693 558 4747 μοι.
602 4669 653 4732 Ἐκ
678 4669 777 4730 τούτων
795 4669 826 4739 δὴ
847 4674 899 4729 τῶν

120 4757 299 4835 δγκλημάτων
322 4760 358 4826 είς
385 4758 503 4835 πόλεμον
526 4757 705 4825 καταστάντες
730 4756 840 4837 θξῄεσαν
864 4761 900 4824 εἶς

67 4877 94 4916 ω
120 4843 248 4924 ὕπαιθρον
275 4845 419 4925 ἀμφότεροι
441 4843 567 4921 δυνάμεσι
593 4846 720 4919 πολλαῖς,
741 4843 845 4922 γίνεταί
869 4867 898 4904 τε

120 4939 209 4997 αὐτῶν
234 4940 264 4996 ἐκ
286 4933 459 5014 παρατάξεως
479 4932 567 5009 ἀγών·
594 4931 711 5010 διίμενον
732 4934 784 5013 γάρ
806 4938 896 5012 ἀγχω·

119 5027 213 5102 μάλως
235 5024 435 5100 ἀγωνιζόμενοι·
459 5024 505 5084 καί
524 5021 680 5096 διελύθησαν
703 5023 754 5082 ὐπὸ
772 5024 819 5094 τῆς
832 5045 899 5081 νυκ·

118 5114 162 5181 si:
191 5114 337 5193 ἀμφίλογον
358 5112 547 5180 καταλιπόντες
568 5113 599 5172 τδ
626 5111 736 5189 νίκημα.
778 5113 848 5177 'late
874 5112 898 5171 δ’

117 5202 177 5276 ίξῆς
202 5203 314 5282 ἡμέραις
336 5202 462 5280 μαθόντες
476 5200 620 5283 ἀμφότεροι
635 5203 689 5259 τῶν
703 5222 732 5259 τε
758 5198 897 5261 ἀπολωλό-

1683 398 1741 458 159

964 522 1032 586 poris
1057 524 1137 586 spatio
1165 524 1237 574 valde
1254 525 1380 575 bominum
1405 527 1543 590 frequentia
1563 534 1588 580 ct
1608 533 1695 596 opibus
1715 539 1740 587 et

963 629 1057 692 reliqua
1078 630 1196 680 Felicitate
1208 635 1282 681 aucta
1295 635 1347 691 est,
1360 646 1418 696 quae
1433 633 1535 698 triginta
1554 638 1654 689 Latinas
1668 641 1738 691 colo·

962 737 1016 788 nias
1029 735 1187 799 condiderat,
1197 744 1223 790 et
1234 752 1331 803 semper
1347 741 1401 790 eins
1412 743 1492 805 gentis
1506 743 1633 807 imperium
1646 745 1740 799 babue-

962 847 1010 903 rat‚
1022 859 1038 893 a
1051 845 1185 895 norissima
1204 847 1299 897 colonia
1317 861 1405 898 eversa
1423 849 1456 898 ad
1477 850 1523 901 boc
1544 864 1622 915 usque
1644 857 1742 919 tempus

961 949 1059 1002 dasena
1071 957 1206 1015 permanet.

993 1058 1110 1108 ceterum
1135 1059 1222 1109 Tullus
1242 1072 1298 1119 rer,
1311 1059 1451 1112 intermisso
1472 1062 1536 1113 bello
1561 1077 1605 1129 per
1620 1078 1676 1116 eam
1691 1065 1741 1117 bie·

961 1176 1041 1224 mem,
1062 1178 1120 1215 rere
1136 1165 1236 1216 ineunte
1255 1167 1345 1216 lterum
1363 1167 1388 1217 in
1404 1168 1534 1220 Fidenates
1551 1172 1634 1234 copias
1646 1172 1739 1224 eduxit.

961 1270 1121 1322 Fidenatibus
1145 1273 1229 1323 autem
1251 1253 1350 1336 publice
1374 1273 1473 1338 quidem
1493 1289 1507 1325 a
1537 1277 1612 1326 nullis
1631 1278 1740 1330 civitati-

960 1376 1008 1428 bns
1025 1377 1100 1428 sociis
1122 1377 1214 1429 auxilia
1233 1382 1368 1440 venerunt,
1382 1381 1426 1430 scd
1441 1383 1554 1433 mercede
1570 1384 1670 1447 qnidam
1683 1400 1741 1438 con·

959 1484 1030 1535 ducti
1048 1497 1081 1534 ex
1108 1484 1195 1535 multis
1220 1484 1281 1536 lucis
1306 1487 1494 1547 confluxerunt,
1519 1490 1609 1554 quibus
1630 1493 1685 1545 freti
1709 1508 1741 1546 ex

960 1592 1021 1642 urbe
1037 1591 1119 1656 copias
1135 1593 1240 1644 educere
1260 1595 1314 1644 ausi
1338 1599 1405 1647 sunt.
1439 1598 1543 1649 (tollatis
1564 1602 1648 1651 sutem
1664 1602 1741 1668 signis

959 1695 985 1744 et
1005 1707 1094 1757 magns
1113 1694 1181 1745 caede
1204 1695 1270 1745 edita
1296 1709 1382 1745 rursus
1411 1697 1476 1747 intra
1499 1700 1590 1750 moenin
1619 1704 1740 1768 compulsi

959 1798 1025 1845 sunt.
1075 1798 1138 1846 cum
1168 1810 1227 1846 vero
1257 1797 1343 1847 Tullus
1365 1797 1454 1849 urbem
1479 1801 1691 1855 circumvallasset
1715 1810 1741 1857 et

961 1897 1035 1949 iussis
1057 1900 1185 1961 cinxisset,
1206 1904 1231 1951 et
1251 1901 1343 1951 incolas
1367 1902 1397 1952 ad
1418 1905 1556 1954 extremam
1580 1907 1686 1969 inopiam
1701 1922 1739 1961 re·

958 2004 1080 2069 degisset,
1103 2003 1185 2053 coacti
1203 2007 1260 2054 sunt
1276 2018 1303 2055 se
1320 2005 1370 2070 regi
1386 2005 1476 2071 quibus
1495 2007 1574 2059 soluit
1590 2009 1738 2061 conditioni-

960 2106 1006 2157 bus
1032 2104 1132 2155 dedere.
1181 2108 1232 2155 ltex
1260 2106 1343 2170 itaque
1369 2106 1416 2157 boc
1438 2107 1514 2159 modo
1538 2109 1601 2161 urbe
1630 2113 1740 2175 politus,

960 2207 1080 2271 supplicio
1100 2207 1200 2260 allectis
1218 2208 1365 2260 deiectionis
1382 2211 1540 2273 auctoribus,
1559 2216 1649 2265 ceteris
1660 2216 1738 2266 amni·

959 2307 1006 2360 bns
1016 2310 1127 2361 dimissis
1140 2309 1250 2375 pennisit
1263 2313 1291 2360 ut
1303 2310 1391 2361 endem
1403 2311 1492 2374 modo,
1505 2325 1555 2375 quo
1567 2313 1653 2373 antea,
1667 2310 1739 2363 bonis

959 2413 1010 2463 suis
1027 2414 1179 2471 iruereulur,
1195 2415 1220 2463 et
1234 2413 1342 2463 civitatis
1356 2417 1422 2463 statu
1434 2413 1540 2477 pristino
1548 2413 1610 2477 ipsis
1625 2413 1740 2465 restituto

958 2513 1096 2567 exercitum
1107 2512 1209 2564 dimisit.
1229 2516 1335 2564 Romam
1350 2516 1436 2565 antem
1456 2527 1570 2564 resersus
1583 2515 1739 2580 triumphans

956 2618 1005 2668 diis
1018 2630 1134 2683 pompam
1147 2618 1173 2665 et
1193 2616 1315 2666 sacriicia
1330 2629 1388 2679 quas
1407 2621 1513 2667 roserat
1527 2618 1648 2680 persoluit
1671 2639 1677 2667 :
1698 2621 1738 2668 at·

957 2728 1006 2778 que
1027 2714 1047 2763 is
1071 2714 1118 2764 luit
1139 2713 1265 2763 secundus
1288 2713 1432 2777 triumphos
1451 2727 1526 2778 quem
1538 2714 1594 2777 egit.

990 2825 1087 2875 llllel.
1104 2827 1157 2873 llnc
1168 2824 1233 2874 bellu
1246 2824 1358 2875 conlecto
1371 2826 1477 2875 alterum
1490 2829 1573 2875 ortum
1589 2828 1625 2874 cst
1641 2838 1655 2874 e
1666 2826 1737 2887 geute

957 2941 1047 2993 Sabina
1058 2941 1144 2991 :cuius
1151 2942 1218 3005 origo
1231 2945 1257 2992 et
1266 2956 1354 2993 caussa
1361 2942 1415 2993 banc
1426 2943 1480 2992 luit.
1513 2946 1606 2991 Fanum
1613 2942 1737 3007 quoddam

958 3064 996 3109 est
1010 3058 1077 3122 quod
1089 3057 1280 3109 communitate
1292 3058 1388 3111 Sabinis
1401 3063 1427 3109 et
1439 3058 1532 3108 Latinis
1546 3058 1636 3108 colitur
1648 3062 1737 3123 praeter

957 3182 1038 3229 cetera
1062 3180 1192 3239 sanctum,
1209 3177 1319 3228 dicatum
1333 3176 1386 3228 deas
1397 3178 1506 3228 Feronia
1528 3191 1617 3242 quam,
1637 3177 1679 3242 qui
1695 3191 1737 3227 vo-

956 3305 1009 3343 cem
1024 3292 1097 3343 istam
1109 3293 1134 3343 in
1147 3294 1261 3344 Graecum
1274 3305 1411 3343 sermonem
1422 3296 1530 3352 vertunt,
1547 3291 1621 3341 modo
1632 3292 1737 3355 Ἀνθοφό-

956 3423 1006 3470 ρον,
1031 3406 1105 3456 modo
1125 3408 1316 3469 Φιλοστέφανον,
1336 3406 1411 3462 modo
1432 3406 1584 3470 Φερσεφόνην
1604 3405 1735 3468 appeliant.

956 3523 984 3571 ln
997 3521 1043 3570 lroc
1056 3519 1141 3569 lanum
1154 3531 1187 3569 ex
1200 3517 1311 3568 finitimis
1324 3518 1468 3569 civitatibus
1480 3519 1510 3568 ad
1527 3514 1606 3568 statos
1624 3517 1678 3567 dies
1698 3517 1734 3568 le·

955 3643 1007 3712 sios
1032 3637 1103 3687 mulli
1129 3636 1311 3688 conveniebant
1329 3637 1451 3687 sieriticia
1468 3641 1494 3688 et
1517 3639 1574 3688 sola
1599 3636 1652 3687 deta
1666 3635 1735 3686 solu·

956 3755 1021 3815 luri,
1044 3752 1116 3803 multi
1139 3751 1215 3803 etiam
1238 3755 1339 3816 propter
1360 3751 1458 3816 negotia
1483 3754 1509 3802 et
1532 3755 1681 3804 mercatores
1709 3753 1736 3802 et
1830 3801 1836 3807 .

955 3863 1055 3928 upillces
1080 3866 1107 3914 et
1132 3862 1261 3925 agricolae3
1277 3875 1333 3912 narn
1351 3861 1386 3912 ibi
1399 3863 1453 3912 erat
1467 3860 1544 3912 totins
1562 3860 1640 3911 ltaliae
1654 3862 1734 3912 lorum

956 3975 1144 4025 nobilissimum.
1180 3974 1217 4023 Ad
1245 3974 1311 4023 bunc
1340 3972 1416 4036 igitur
1441 3974 1590 4022 conventum
1613 3974 1736 4022 Romanos

955 4084 1081 4149 qnondam
1108 4048 1237 4148 proiectos¹
1253 4083 1322 4134 viros
1337 4097 1386 4133 non
1401 4081 1518 4146 ignobiles
1537 4081 1622 4133 Sabini
1634 4083 1735 4147 quidam

956 4202 1085 4250 vinxerant
1104 4204 1130 4250 et
1156 4198 1268 4263 pecnan
1292 4198 1436 4264 spoliarant,
1455 4211 1500 4248 uec
1524 4197 1611 4262 legatis
1630 4197 1677 4248 bac
1703 4198 1735 4250 dc

955 4327 1045 4365 caussa
1061 4313 1144 4364 missis
1171 4312 1307 4375 quidquam
1331 4312 1397 4376 aequi
1413 4312 1494 4362 lacere
1518 4312 1664 4373 voluerunt;
1690 4311 1734 4361 sed

955 4427 980 4474 et
996 4423 1063 4488 ipsos
1076 4423 1189 4474 homines
1204 4424 1229 4471 et
1249 4422 1367 4486 pecunias
1381 4420 1475 4473 ablatas
1488 4421 1659 4480 retinuerunt,
1686 4417 1734 4480 ipsi

954 4548 1053 4599 quoque
1065 4532 1163 4585 cumini
1180 4535 1266 4584 dantes
1276 4532 1406 4593 Romanis,
1419 4533 1486 4596 qnod
1500 4533 1644 4583 Sabinorum
1657 4542 1732 4580 exsu-

953 4647 990 4696 les
1007 4650 1093 4710 aperto
1104 4647 1172 4710 asylo
1186 4661 1257 4698 sacro
1273 4646 1439 4712 suscepissent
1462 4661 1468 4692 ι
1483 4644 1573 4709 quade
1588 4656 1616 4692 re
1629 4643 1653 4691 in
1666 4655 1731 4704 prae·

955 4758 1057 4810 cedente
1070 4759 1132 4809 libro
1147 4759 1300 4810 dictumest.
1333 4759 1430 4811 obbas
1444 4758 1519 4822 igilur
1533 4757 1635 4805 mutuas
1646 4751 1732 4801 crimi-

954 4872 1065 4923 nationes
1081 4873 1146 4925 bello
1162 4878 1231 4936 orto,
1248 4887 1350 4938 magnas
1365 4874 1461 4934 utrique
1481 4872 1563 4935 copias
1576 4867 1731 4929 eduxerunt,

954 4991 980 5038 ct
1008 4987 1060 5036 acie
1092 4987 1213 5038 instructa
1247 4987 1337 5038 acriter
1367 4984 1528 5035 condixerunt
1556 5000 1562 5030 ;
1587 4981 1632 5031 sed
1663 4995 1732 5046 aquo

954 5102 1034 5150 marie
1050 5102 1206 5162 pugnarunt.
1228 5103 1254 5148 et
1274 5095 1353 5146 noetis
1373 5094 1511 5143 interventu
1532 5092 1635 5144 victoria
1655 5095 1732 5145 dubia

953 5209 1069 5274 dirempti
1080 5210 1148 5260 sunt.
1181 5201 1368 5268 insequentibus
1379 5212 1439 5251 vcro
1451 5199 1546 5263 diebus,
1563 5216 1621 5253 enm
1633 5203 1731 5265 utrique
