3772 5828
646 354 851 417 excuncta
873 356 925 417 Ex
948 355 1020 417 tin.
1044 357 1108 416 Xll.

73 490 178 573 «θηρία
192 490 262 549 κατὰ
286 493 332 560 τῆς
355 486 491 568 πατρίδος.
536 489 570 548 Ei
585 484 634 564 μέν
658 476 702 546 σύν
716 486 851 559 ύπῆκουσέ

75 608 87 633 ιι
100 602 145 658 μοι
163 578 208 638 καὶ
222 575 357 658 παρέσχεν
379 576 470 636 έαυτδν
486 578 513 635 ἐν
533 583 587 641 τοῖς
614 574 703 651 νόμοις
718 574 852 650 μένοντα,

76 697 88 723 ιι
102 667 229 747 μεγίστην
251 669 283 725 δν
315 663 387 725 τοῦτ’
410 668 482 747 αὐτῷ
506 665 626 744 παρέσχε
639 661 722 745 ῥοπὴν
752 666 788 732 εἰς
803 663 852 735 τὴν

76 757 263 837 «ἀπολογίαν,
285 752 332 813 καλ
357 753 499 834 τεκμήριον
523 754 571 813 ούκ
593 751 732 833 ίλάχιατον
757 745 789 826 ἦν
808 756 853 812 τοῦ

76 872 89 897 ν
104 845 187 922 μηδέν
204 844 392 923 βεόουλεῦαθαι
404 843 474 901 κατὰ
486 845 534 914 τῆς
553 839 694 922 πατρίδος·
708 845 753 900 νῶν
768 840 791 900 δ’
805 839 855 901 tei

78 959 90 984 ιι
104 936 153 1003 τῆς
167 932 338 1005 συνειδήσεως
353 930 539 1007 ἐλαυνόμενος,
554 929 569 987 δ
582 929 730 1009 πάσχουσιν
742 928 856 996 άπαντες

78 1049 91 1074 ν
106 1025 130 1081 oi
154 1020 202 1088 τόις
216 1019 334 1087 ἀνοσίους
361 1017 457 1098 βουλάς
479 1017 549 1078 κατά
568 1020 621 1076 τῶν
641 1017 855 1098 ἀναγκαιοτάτων

79 1137 92 1162 ν
107 1108 181 1188 σφίσι
191 1109 380 1186 ποιησάμενοι,
393 1111 471 1167 τοῦτο
479 1104 578 1166 έπαθε·
591 1105 682 1186 φυγεῖν
689 1106 734 1165 τὸν
748 1105 855 1186 ἔλεγχον

80 1227 93 1252 ν
105 1197 183 1278 έγνω,
197 1197 315 1265 καὶτοὺς
334 1195 448 1269 ἥκοντας
462 1193 506 1256 έπ’
519 1193 598 1255 αότδν
612 1197 701 1261 ἱππεῖς
715 1196 855 1275 μαγειρικῇ

25 1319 52 1360 ιο
81 1323 94 1348 ιι
107 1297 196 1355 κοπίδι
209 1293 296 1354 παίων
307 1293 461 1365 ἀπήλαυνεν
478 1338 486 1354 .
504 1337 513 1354 .
532 1337 540 1354 .
560 1320 573 1347 ν
584 1291 689 1354 Arnbr.

121 1385 171 1444 iv.
187 1385 249 1445 Τῶν
267 1381 295 1443 δέ
307 1384 456 1461 δημοτικῶν
472 1381 557 1460 οἱμὲν
572 1385 601 1441 ού
613 1379 856 1458 συμόουλιύσαντες

80 1473 172 1555 iniri]
193 1472 339 1532 καταλύσει
357 1474 403 1543 τῆς
422 1469 557 1538 πολιτείας
571 1470 736 1549 ἠγανάκτουν
755 1468 801 1527 καλ
822 1469 855 1527 δι’

79 1565 158 1644 ὀργῆς
172 1561 220 1633 τὴν
242 1561 407 1640 ἐπιχείρησιν
423 1563 471 1619 τοῦ
486 1558 578 1639 ἀνδρὸς
601 1556 765 1635 όλάμόανον·
784 1558 809 1616 oi
828 1555 856 1615 di

80 1650 287 1723 κοινωνήσαντες
312 1653 360 1722 τῆς
380 1647 543 1726 συνωμοσίας
563 1646 697 1728 ἀφειμένοι
716 1650 760 1705 τοῦ
775 1642 858 1727 φόὸου

26 1755 53 1796 ιθ
79 1740 183 1823 χαίρειν
197 1762 226 1798 τε
240 1741 445 1819 προσεποιοῦντο
465 1736 512 1797 καί
528 1737 559 1796 τὸ
577 1734 708 1816 συνέδριον
732 1737 784 1793 τῶν
797 1737 858 1813 βου·

79 1828 221 1906 λευμάτων
251 1827 383 1908 ἐπῄνουν·
410 1823 494 1904 όλίγοι
522 1822 639 1890 δέτινες
667 1822 693 1892 ἐξ
722 1824 806 1883 αὐτῶν
832 1821 857 1880 oi

81 1916 254 1996 πονηρότατοι
267 1915 413 1993 λογοποιεῖν
425 1916 543 1992 ίτόλμων
554 1915 581 1972 έν
596 1918 654 1979 ταῖς
667 1910 725 1984 έξῆς
737 1910 858 1992 ἡμέραις,

81 2009 116 2074 ῶς
131 2002 334 2086 ἀνηρπασμέναι
359 2001 424 2083 πρὸς
447 2003 498 2061 τῶν
523 2003 640 2062 δυνατῶν
664 2004 710 2061 τοῦ
725 1999 857 2071 Μαιλίου,

82 2092 128 2151 καὶ
143 2092 338 2162 διαστασιάζων
358 2090 401 2151 τόν
416 2091 500 2166 δῆμον
525 2089 692 2169 ἐπεχείρουν·
707 2087 751 2155 ob<
766 2090 861 2169 α’φανεῖ

26 2204 57 2243 so
83 2181 188 2263 θανάτῳ
200 2179 413 2262 διαχρησάμενος
423 2182 438 2239 ό
448 2179 593 2260 δικτάτωρ,
604 2177 696 2251 ἐπειδὴ
709 2177 860 2237 κατέπαυσε

82 2270 126 2330 τδν
142 2269 270 2351 θύρυόον,
293 2268 342 2340 τὴν
358 2269 445 2349 ἀρχὴν
468 2267 632 2329 ἀποτίθεται.

123 2363 159 2423 Οἱ
177 2360 226 2438 μίν
250 2358 282 2431 δὴ
307 2357 342 2416 τά
367 2355 539 2416 πιθανώτατά
562 2377 608 2432 μοι
636 2355 770 2419 δοκοῦντες
795 2350 862 2432 γρά-

83 2471 140 2527 φειν
149 2448 211 2529 περὶ
231 2451 279 2520 τῆς
296 2445 412 2506 Μαιλίου
425 2446 547 2516 τελευτῆς
560 2443 629 2504 οὕτω
643 2441 859 2522 παραδεδώκασι·

83 2537 199 2616 λεγέσθω
218 2535 245 2595 dl
271 2537 317 2594 καὶ
341 2536 355 2591 δ
382 2535 465 2593 δοκῶν
490 2523 569 2605 ῆτταν
594 2523 661 2590 ι’ίναί
686 2553 732 2607 μοι
755 2531 862 2598 πιθανός

27 2641 57 2681 ao
83 2616 210 2706 λόγος,ᾧ
229 2623 374 2703 κέχρηνται
398 2621 507 2699 Κίγκιος
528 2619 575 2680 καὶ
590 2617 783 2699 Καλπούρνιος,
799 2620 862 2678 tnr-

83 2711 178 2793 χύιριοι
208 2712 381 2793 συγγραφεῖς,
409 2706 436 2770 oi
459 2732 537 2786 φασιν
567 2706 627 2768 ούτε
647 2708 789 2787 δικτάτορα
811 2706 863 2768 tet

84 2806 131 2872 τῆς
146 2801 243 2882 βουλῆς
257 2799 447 2876 ἀποδειχθῆναι
465 2798 510 2858 τὸν
528 2791 665 2867 Κοίντιον,
684 2794 744 2855 ούτε
760 2795 862 2878 ίππάρ·

82 2912 136 2969 χην
156 2887 208 2947 tat
228 2890 275 2946 τοῦ
311 2886 433 2946 Κοῖντίου
463 2885 507 2946 τδν
533 2878 699 2964 Σερουίλιον·
721 2882 863 2962 γενομένης

85 2978 112 3035 δὲ
126 2981 174 3048 τῆς
191 2972 328 3054 μηνύσεως
345 2972 398 3033 oei
416 2977 463 3032 τοῦ
478 2972 629 3044 Μινυκίου,
651 2969 710 3039 τούς
729 2970 862 3052 παρόντας

32 3093 60 3134 30
86 3069 111 3124 όν
126 3069 164 3146 τῷ
176 3061 304 3144 συνεδρίῳ
316 3060 509 3130 πιστεύσαντας
524 3061 609 3132 ἀληθῆ
630 3057 664 3119 τά
680 3059 810 3138 λεγόμενα
822 3048 861 3118 εί·

85 3177 146 3227 ναι,
167 3151 278 3232 γνώμην
292 3147 497 3227 ἀποδειξαμένου
511 3151 563 3209 τῶν
582 3146 769 3229 πρεσόυτέρων
791 3146 861 3210 τινδτ

86 3241 193 3324 άκριτον
218 3231 236 3314 ῆ
261 3241 314 3319 μὴν
343 3240 497 3298 ἀποκτεῖναι
518 3236 561 3297 τδν
590 3236 673 3318 ἄνδρα
693 3239 862 3317 παραχρῆμα

86 3328 239 3397 πεισθέντας
261 3325 345 3411 [καί]
365 3327 434 3386 otro
463 3327 508 3387 τὸν
535 3322 689 3406 Σερουίλιον
717 3326 760 3384 tot
786 3329 864 3384 τοῦτο

86 3419 163 3488 τάξαι
174 3417 204 3477 ab
221 3417 315 3497 ἔργον,
331 3415 387 3475 νέον
402 3410 465 3474 όντα
484 3415 530 3475 καὶ
547 3414 616 3473 κατόν
630 3417 708 3494 χεῖρα
729 3420 862 3493 γενναῖον·

32 3543 61 3584 35
87 3513 177 3566 τοῦτον
192 3504 222 3565 δέ
236 3527 301 3584 φασι
314 3503 431 3563 λαόόντα
448 3501 478 3561 τὸ
497 3502 604 3582 ξιφίδιον
620 3503 671 3563 ύπδ
682 3501 769 3581 μάλης
781 3503 863 3560 ἐλθεῖν

87 3595 153 3676 πρὸς
168 3593 212 3654 τόν
233 3592 348 3654 Μαίλιον
363 3591 538 3672 πορευόμενον
561 3594 592 3652 ἐκ
616 3595 665 3663 τῆς
686 3593 798 3670 ἀγοράς,
819 3588 864 3651 καλ

88 3683 267 3764 προσελθόντα
292 3684 375 3740 εἰπεῖν
398 3678 581 3761 ὅτιβούλεται
615 3679 676 3763 περὶ
705 3679 862 3759 πράγματος

89 3770 242 3854 ἀπορρήτου
262 3770 306 3829 καί
332 3767 449 3850 μεγάλου
476 3768 646 3850 διαλεχθῆναι
676 3766 742 3846 πρδς
768 3765 865 3826 αὐτόν·

88 3859 260 3926 κελεύσαντος
275 3856 302 3917 δέ
316 3862 361 3918 τοῦ
378 3855 496 3919 Μαιλίου
507 3857 600 3938 μικρὸν
616 3857 793 3938 ἀποχωρῆσαι
806 3852 865 3923 τούς

34 3976 62 4015 ιο
89 3950 165 4028 ἐγγύς
183 3951 255 4030 αὐτῷ
271 3947 418 4029 παρόντας,
436 3942 526 4017 ίπειδὴ
542 3944 691 4022 μονωθέντα
712 3948 760 4017 τῆς
780 3945 863 4025 φυλα-

89 4045 137 4112 κῆς
151 4036 244 4110 έλαόε,
267 4035 445 4116 γυμνῶσαντα
470 4034 501 4095 sd
524 4032 594 4115 ξίφος
613 4033 697 4116 βάψαι
721 4030 790 4093 κατά
820 4038 867 4107 τῆς

89 4132 202 4210 σφαγῆς·
228 4129 305 4186 τοῦτο
328 4124 357 4185 δέ
376 4123 525 4204 πράξαντα,
553 4123 643 4205 δρόμῳ
666 4125 763 4203 χωρεῖν
787 4124 823 4192 είς
837 4123 867 4183 τό

90 4213 290 4298 βουλευτήριον,
327 4211 366 4272 ότι
396 4210 601 4291 συγκαθημένων
630 4214 682 4270 τῶν
712 4209 864 4293 συνέδρων,

90 4307 185 4387 έχοντα
199 4303 229 4365 τδ
245 4301 316 4384 ξίφος
332 4299 488 4382 ᾗμαγμόνον
502 4298 549 4361 καί
565 4297 713 4380 κεκραγότα
727 4299 792 4381 πρδς
807 4299 867 4369 τούς

34 4414 62 4452 σε
90 4396 231 4463 διώκοντας
242 4391 282 4452 ότι
296 4389 444 4458 κελευσθείς
461 4389 512 4449 tat
528 4393 576 4462 τῆς
588 4392 684 4470 βουλῆς
697 4389 813 4470 ἀνῄρηκε
822 4389 867 4448 τόν

90 4484 222 4563 τύραννον.
263 4480 441 4549 Ἀκούααντας
453 4478 480 4539 δέ
494 4478 524 4539 τδ
536 4482 582 4551 τῆς
599 4480 695 4559 βουλῆς
711 4477 794 4554 όνομα
808 4476 868 4545 τούς

90 4574 247 4652 ὡρμηκότας
268 4571 356 4633 παίειν
371 4595 400 4632 τε
424 4569 470 4632 καί
492 4571 599 4650 βάλλειν
621 4568 699 4629 ababa
714 4566 867 4648 άπατραπί·

91 4665 169 4733 σθαι,
182 4663 227 4720 καί
242 4662 324 4738 μηδέν
338 4665 375 4730 τίς
387 4660 466 4721 αύτδν
483 4663 684 4742 παρανομῆσαι.
713 4657 764 4719 Ἐκ
775 4656 867 4718 τούτου

91 4750 136 4809 καί
154 4750 203 4821 τὴν
217 4750 367 4827 έπωνυμίαν
382 4750 427 4812 τδν
445 4748 527 4813 Ἄλαν
556 4752 628 4831 αὐτῷ
649 4752 757 4822 τιθῆναι
778 4747 869 4826 λέγου·

35 4857 64 4896 sn
91 4861 151 4910 σιν,
167 4836 207 4895 δτι
229 4835 260 4895 τδ
277 4835 348 4920 ξίφος
372 4840 440 4921 όχων
464 4841 515 4900 ύπδ
538 4839 626 4917 μάλης
649 4828 729 4911 ῆλθεν
754 4835 799 4895 tet
823 4834 867 4895 τὸν

91 4925 186 5005 ἄνδρα·
202 4923 268 4991 άλας
280 4925 331 5004 γάρ
346 4929 456 4988 καλοῦσι
469 4925 603 5005 Ῥωμαῖοι
614 4925 661 4993 τάς
677 4924 775 5003 μάλας.

131 5012 322 5096 Ἀναιρεθέντος
333 5014 361 5073 δέ
373 5020 418 5074 τοῦ
431 5015 522 5098 άνδρδς
537 5021 596 5077 καθ’
613 5015 737 5094 ἑκάτερον
754 5013 865 5097 τρόπον,

92 5107 279 5176 συνελθοῦσαὴ
294 5100 375 5183 βουλὴ
391 5101 439 5174 τήν
449 5127 477 5162 τε
497 5104 587 5164 ούσίαν
604 5106 685 5164 αύτοῶ
697 5093 766 5163 ε’ίναι
779 5101 866 5177 δημο-

92 5193 151 5253 σίαν
172 5193 330 5276 ἐψηφίσατο,
345 5190 391 5255 καὶ
410 5190 459 5266 τὴν
476 5192 560 5254 αἰκίαν
578 5192 627 5262 too<
649 5194 760 5276 ίδάφους
779 5213 878 5251 καταν

176 5312 291 5351 nuditati.

1626 367 1686 430 689

910 514 922 538 π
936 509 1019 547 secum
1033 495 1147 547 homines
1172 509 1203 545 ex
1227 498 1293 546 omni
1317 496 1410 548 scelere
1431 498 1555 563 collectos,
1576 516 1640 568 quos
1657 484 1689 559 ul

910 583 1003 635 «ieras
1019 587 1104 635 contra
1117 585 1223 649 petriam
1237 584 1328 635 aiebat.
1363 585 1458 643 Quodsi
1479 587 1542 638 mihi
1559 589 1686 657 obtempe-

909 691 923 716 «
937 672 1041 724 rarisset
1051 686 1126 737 seque
1138 671 1234 736 iegibus
1248 675 1376 737 parentem
1388 673 1543 740 praebuisset,
1554 678 1689 734 marimum

911 779 923 803 κ
937 759 964 810 id
976 759 1103 812 habuisset
1126 763 1279 811 momentum
1294 761 1328 812 ad
1342 759 1510 815 defensionem
1526 767 1552 817 et
1569 765 1689 821 indicium

911 868 922 893 ι
937 849 1006 900 haud
1016 849 1071 900 leve
1081 848 1170 901 inisset
1182 863 1240 900 eum
1255 849 1377 902 adversus
1391 853 1497 917 patriam
1509 854 1572 907 nihil
1590 859 1689 924 conspi-

911 958 924 983 ι
939 952 1015 990 rasse.
1050 941 1120 990 Nunc
1141 953 1200 990 vero
1221 939 1287 990 maia
1302 941 1452 992 conscientia
1472 944 1581 1011 agitatus
1596 946 1623 997 id
1635 963 1691 1013 pas-

911 1041 981 1079 esus
1004 1030 1055 1090 cst,
1074 1028 1141 1092 quod
1164 1028 1280 1080 omnibus
1303 1030 1407 1092 accidit,
1429 1034 1473 1096 qui
1491 1033 1567 1099 impia
1590 1037 1691 1089 consilia

912 1115 1057 1167 «adversus
1072 1116 1288 1179 conjunctissimos
1311 1118 1408 1177 ineunt,
1429 1122 1563 1187 sejudicio
1578 1138 1605 1175 se
1621 1139 1689 1176 com-

912 1224 924 1247 ι
936 1203 1046 1256 mitteret
1064 1204 1187 1256 immissos
1207 1205 1232 1255 in
1253 1218 1279 1256 se
1296 1206 1392 1271 equites
1411 1208 1483 1260 laniet
1504 1211 1584 1262 cultro
1601 1214 1690 1266 leriens

911 1313 924 1338 ι
936 1293 1054 1358 repellere
1070 1294 1214 1344 conabatur.
1227 1313 1241 1340 ν

943 1385 986 1435 iV.
1009 1382 1201 1449 indignabantur
1216 1389 1242 1436 et
1262 1385 1388 1451 inceptum
1412 1389 1459 1440 uiri
1476 1393 1572 1454 gravati
1589 1392 1690 1460 vitupe-

912 1495 1016 1547 rabant:
1032 1499 1123 1549 conscii
1146 1503 1232 1552 autem
1244 1498 1431 1565 conspirationis
1448 1503 1518 1552 metu
1532 1502 1627 1555 liberati
1646 1507 1693 1556 ias·

914 1605 996 1655 titiam
1006 1606 1157 1658 simulabant
1171 1608 1370 1675 ‚tendebantque
1377 1615 1476 1676 patrum
1491 1612 1607 1673 consiiia3
1618 1612 1693 1678 pauci

914 1712 1016 1776 quidam
1034 1715 1102 1779 iique
1121 1716 1303 1767 sceleratissimi
1324 1718 1514 1781 insequentibus
1527 1721 1615 1772 diebus
1638 1736 1691 1774 ser·

914 1835 998 1873 mones
1023 1822 1106 1885 iacere
1121 1822 1193 1885 ausi,
1207 1826 1325 1889 tanquam
1346 1826 1429 1876 idaeiio
1452 1840 1468 1877 a
1492 1829 1636 1892 potentibus
1648 1844 1695 1897 op-

916 1946 1017 1998 presso,
1043 1931 1191 1983 sedilionem
1211 1932 1289 1997 plebis
1315 1933 1425 1984 excitus
1445 1936 1528 1986 conati
1549 1942 1616 1988 suut.
1649 1939 1695 1990 His

915 2042 978 2093 ciem
990 2042 1139 2104 interiectis,
1151 2043 1264 2093 tumultu
1281 2042 1375 2108 aeduto,
1383 2044 1491 2096 dictator
1506 2047 1654 2109 magistratu
1667 2059 1695 2098 sc

916 2153 1051 2205 abdicarit.

961 2370 999 2419 lta
1027 2376 1079 2420 rem
1102 2370 1226 2421 tradidere
1254 2372 1400 2437 scriptores,
1436 2386 1542 2436 quorum
1567 2373 1598 2423 de
1626 2334 1699 2423 exitu¹

918 2474 995 2526 Maelii
1013 2475 1179 2527 narrationem
1194 2475 1241 2527 ilde
1265 2476 1372 2528 maxime
1393 2476 1493 2541 dignam
1512 2477 1606 2541 judico.
1639 2480 1695 2528 tam

919 2582 1033 2633 etaltera
1047 2587 1199 2633 memoratur
1214 2583 1281 2635 iraud
1301 2597 1373 2649 unque
1396 2582 1458 2633 mihi
1481 2582 1606 2635 credibilis
1627 2583 1695 2644 risa.
1750 2594 1753 2600 ⁴

919 2698 994 2749 quam
1015 2684 1113 2736 Cincius
1136 2689 1210 2751 atque
1238 2686 1386 2751 calpurnius
1411 2685 1534 2751 indigenas
1564 2688 1698 2753 scriptores

919 2787 1026 2853 amplexi
1044 2789 1111 2849 sunt,
1131 2788 1269 2852 quinoque
1288 2788 1434 2840 dictatorem
1455 2804 1470 2840 a
1486 2793 1573 2841 senatu
1586 2795 1697 2842 creatum

920 2893 1049 2956 Quintium
1067 2907 1113 2944 nec
1133 2894 1276 2959 magistrum
1299 2896 1411 2961 equilum
1424 2909 1438 2946 a
1450 2896 1552 2956 Quintio
1565 2898 1698 2950 Servilium

921 2998 1122 3066 perhiben13sed
1144 3013 1171 3050 re
1184 3013 1200 3050 a
1214 2999 1324 3050 liiuucio
1343 3000 1500 3063 denunciata,
1522 3002 1566 3065 qui
1589 3003 1700 3055 incuria

920 3107 1032 3168 aderant,
1060 3105 1109 3158 tide
1131 3106 1205 3157 dictis
1229 3107 1330 3169 habita.
1358 3122 1438 3172 quum
1457 3110 1580 3162 seniorum
1608 3111 1699 3175 aliquis

920 3215 1046 3268 hominem
1071 3213 1164 3264 indicta
1184 3228 1258 3264 eausa
1289 3213 1450 3265 occidendum
1472 3216 1616 3276 censuisset,
1640 3214 1700 3267 huic

921 3325 1007 3375 statim
1017 3321 1181 3387 adstipulatos
1193 3321 1355 3373 demandasse
1369 3337 1424 3374 eam
1435 3338 1536 3389 operam
1548 3325 1659 3383 Servilio.
1670 3328 1699 3376 ut

918 3432 1046 3495 iuvenies
1065 3444 1139 3481 mann
1154 3433 1271 3490 strenu03
1294 3441 1353 3478 eum
1367 3431 1491 3478 annulum
1514 3411 1562 3480 sub
1581 3431 1620 3479 aia
1642 3444 1698 3481 mu·

921 3551 994 3588 crone
1018 3535 1150 3586 accessisse
1165 3532 1197 3583 ad
1209 3531 1318 3583 Matium
1333 3545 1364 3583 ex
1388 3531 1441 3582 loro
1462 3533 1609 3594 abeuntem,
1627 3533 1700 3599 eique

921 3644 1012 3695 dixisse
1026 3643 1057 3693 de
1068 3655 1158 3692 aroana
1168 3653 1195 3691 se
1210 3641 1237 3689 et
1252 3652 1340 3704 magna
1349 3652 1376 3690 re
1389 3652 1448 3690 curn
1461 3653 1492 3690 eo
1504 3640 1611 3704 colloqui
1620 3641 1704 3702 reiie3¹

920 3762 1048 3816 quumque
1059 3747 1164 3811 jubente
1176 3747 1271 3809 ilatio,
1290 3748 1332 3811 qui
1345 3761 1420 3813 prope
1440 3747 1569 3799 adstabant
1587 3749 1699 3812 aliquan·

920 3858 1002 3910 iulum
1023 3857 1200 3914 recessissent,
1229 3853 1377 3904 destitutum
1400 3869 1415 3904 a
1435 3855 1580 3906 custodibus
1601 3860 1700 3908 nectum

921 3966 1009 4018 stricto
1028 3961 1109 4028 gladio
1129 3956 1278 4011 contudisse.
1314 3959 1352 4008 m
1366 3960 1505 4022 perpetrata
1523 3959 1599 4019 onds,
1624 3974 1700 4011 eursu

922 4074 1017 4124 curiam
1029 4070 1143 4136 petiisse,
1156 4065 1257 4118 sedente
1270 4064 1353 4116 adbuc
1363 4069 1468 4127 mortu,
1482 4069 1612 4118 cruentato
1621 4080 1701 4117 arma-

923 4180 976 4227 tum
1003 4173 1084 4240 gladio
1108 4175 1183 4237 atque
1204 4169 1236 4219 ad
1251 4167 1416 4235 *insequentes
1436 4166 1610 4220 vociferantem
1630 4171 1702 4234 jussu

923 4287 1023 4333 munius
1037 4286 1239 4344 tyrannumase
1263 4276 1372 4327 occisum
1391 4290 1453 4327 esse.
1489 4277 1580 4327 Audito
1603 4278 1701 4327 nomine

923 4390 1036 4444 senatus,
1048 4383 1093 4448 qui
1111 4382 1184 4433 modo
1199 4380 1271 4432 ferire
1285 4381 1354 4431 iilum
1378 4394 1407 4430 ac
1419 4386 1548 4445 percutere
1568 4380 1700 4443 concupie-

924 4496 994 4549 rant,
1024 4503 1142 4540 conversa
1165 4492 1248 4540 mente
1277 4487 1368 4538 nuliam
1393 4487 1414 4537 ei
1441 4486 1554 4548 injurium
1580 4483 1698 4534 intulisse.

923 4596 981 4646 inde
992 4607 1089 4658 quoque
1101 4606 1235 4657 cognomen
1244 4591 1268 4643 ei
1288 4592 1339 4641 dim
1353 4588 1456 4653 (Abaiae)
1474 4590 1579 4641 inditum
1598 4586 1698 4645 ierunt,

922 4701 989 4766 quod
1000 4698 1107 4764 gladium
1123 4698 1171 4749 sub
1189 4697 1262 4749 arilia
1276 4701 1360 4747 tenens
1374 4696 1497 4747 homiuem
1512 4695 1617 4760 petierit.
1643 4692 1701 4741 iias

922 4809 987 4860 enim
999 4805 1100 4856 Romani
1112 4805 1155 4861 τὰς
1169 4803 1244 4865 μύλας
1260 4805 1357 4852 vomui.

954 5006 1701 5080 nitemtmigiturretionevirointeremiooongreesipetrosos

922 5110 986 5162 bona
997 5108 1049 5171 ejus
1058 5104 1204 5173 publicanda
1216 5108 1241 5156 et
1258 5103 1359 5153 domum
1372 5099 1485 5151 funditus
1498 5098 1627 5151 delendam
1640 5112 1712 5175 cong

924 5211 1003 5251 mere.
1018 5199 1091 5262 isque
1102 5196 1171 5247 iocus
1180 5193 1212 5246 ad
1231 5206 1286 5246 mea
1301 5202 1379 5257 usqne
1397 5192 1508 5255 tempora
1522 5188 1621 5240 medius
1637 5187 1710 5238 inter*

1576 5284 1605 5335 ii
