3772 5828
61 1334 85 1374 to

64 1778 89 1814 lb

62 2667 91 2706 25

586 349 879 427 ANTIQUI'IATUM
901 348 1047 412 RObIAN.
1072 348 1145 409 LlB.
1169 351 1217 411 Vl.

108 495 195 560 αὐτοῖς
217 491 360 565 ίποιησατο
378 490 481 567 μέλλων
507 486 645 567 ἐξάγειν
620 510 664 546 ταν
688 482 811 562 στρατδν,
836 479 881 538 tir

109 580 270 660 εύιτηρία’
239 603 348 659 γενηται
362 577 471 638 κατὰ
443 601 491 650 την
504 577 579 635 πόλιν
591 575 679 634 lat*
646 598 693 646 της
707 570 799 638 ίδίας’
784 572 880 648 αρχῆς,

109 670 151 730 σία
169 670 296 751 πρότερον
310 661 354 740 ἦν,
370 667 446 734 ναούς
464 690 492 725 τι
511 667 600 730 αὐτοῖς
619 660 820 740 καθιδρύσεσθαι
836 657 881 716 καί

109 757 199 825 θυσίας
224 757 440 833 καταστησεσθαι
457 760 506 814 καθ
493 752 639 814 θ’έκαστον
654 748 789 810 ίνιαυτόν·
807 749 831 805 oi
856 745 882 806 δέ

69 844 304 936 ὑπακούσαντες
317 868 364 916 την
379 867 407 902 τε
418 846 467 920 γῆν
481 838 681 921 παρεσκεύασαν
694 839 793 894 διεῖναι
804 836 884 893 πλον·

69 897 184 1001 σίους
197 957 321 1013 καρπους,
335 935 364 991 ού
380 932 458 1009 μόνον
472 928 520 1000 τὴν
534 927 675 1006 σπόριμον,
691 925 759 983 atat
775 922 820 984 καί
835 922 884 994 τὴν

111 1022 298 1101 δενδροφόρον,
323 1022 369 1081 καί
389 1019 434 1086 τδς
459 1017 668 1080 ίπεισόκτους’
653 1037 717 1094 αγορ
704 1013 748 1093 ρδις
780 1011 885 1078 δπασας

113 1113 253 1169 ε’πικλυσαι
271 1112 371 1186 μᾶλλον
385 1108 402 1180 ἣ
418 1107 554 1185 πρότερον.
595 1102 678 1182 Απερ
693 1106 760 1183 δριιν
778 1100 853 1165 αύτδς
871 1103 885 1158 θ

114 1199 259 1275 Ποστόμιος
273 1197 418 1279 ίψηφίοατο
433 1195 523 1263 τδις
487 1218 540 1253 των
551 1198 620 1253 ναῶν
634 1192 694 1251 τότε
706 1188 883 1255 κατασκιυιίς.

113 1289 241 1366 Ῥωμαῖαι
263 1287 309 1365 μίν
329 1285 399 1359 δὴ
375 1309 419 1345 τον
439 1283 590 1362 τυραννικὸν
617 1279 788 1355 σπασάμενοι
806 1277 885 1335 πόλι·

114 1396 161 1447 μον
176 1375 261 1458 εὐνοία
273 1380 338 1435 θεῶν
353 1377 380 1434 ἐν
404 1377 507 1453 ἑορταῖς
527 1369 614 1430 τεκαὶ
633 1367 734 1433 θυσίαις
748 1357 828 1438 ἦσαν.

154 1465 265 1526 XVIII
277 1465 398 1541 Ὀλίγαις
416 1464 438 1522 δ’
453 1460 559 1540 ὕστερον
574 1456 643 1538 ἡμίρ
645 1480 686 1523 αις
698 1455 849 1535 πρίσόεις’
835 1476 887 1512 arro

114 1576 160 1612 του
175 1557 263 1613 κοινοῖ
274 1577 326 1610 των
347 1551 466 1611 Λατίνων
480 1541 581 1620 ἧκον
567 1571 602 1613 ως
616 1544 720 1618 αὐτους,
740 1542 767 1611 ii
776 1543 887 1601 ἁπασῶν

116 1644 166 1700 τιῖιν
182 1640 285 1699 πολεων
300 1639 477 1718 ἐπιλεχθέντες
489 1641 513 1698 σί
524 1637 571 1708 τὴν
586 1631 731 1694 ἐναντίαν
717 1654 820 1713 εχοντες
829 1630 888 1709 περὶ

115 1733 160 1789 τοῦ
181 1726 298 1803 πολέμου
309 1726 428 1804 γνόιμην,
440 1725 572 1804 ἱκετηρίας
590 1725 635 1782 καὶ
650 1721 792 1800 στέμματα
806 1743 889 1801 προε-

115 1817 239 1896 χόμενοι.
275 1807 355 1876 Οὗτοι
381 1813 560 1897 παραχθέντας
584 1813 628 1871 tit
651 1811 699 1882 τὴν
728 1809 824 1889 βουλὴν
842 1812 890 1879 τῆς

118 1904 166 1978 μὲν
186 1907 268 1982 ἀρχῆς
280 1909 326 1963 τοῦ
347 1906 463 1981 πολέμου
483 1902 544 1969 τούς
568 1899 769 1965 δυναστεύοντας
791 1901 817 1957 δν
833 1906 890 1963 ταῖς

118 1991 226 2051 πολισιν
249 1992 391 2068 ἀπέφαινον
409 1990 518 2057 αἰτίους·
535 1989 588 2048 «τό
599 1987 628 2046 δὲ
648 1989 748 2060 πλῆθος
763 1984 791 2045 ἓν
807 1983 884 2061 μόνον

119 2081 228 2136 «τοῦτο
221 2078 365 2183 ἁμαρτεῖν
377 2079 476 2158 ίλεγον,
492 2079 532 2138 ότι
541 2100 625 2155 πονηρ
626 2079 664 2185 ρῖς
677 2074 786 2144 ῖπείσθη
798 2075 889 2151 δημα-

121 2170 243 2242 «γωγοῖς
258 2167 311 2225 ἶδια
325 2167 406 2248 κέρδη
430 2164 696 2276 παρεσκευασμένοις.
738 2162 847 2235 Ταύτης
861 2161 889 2220 δί

62 2230 197 2326 1οθτῖίς
212 2245 431 2331 σῖποίτης,ίνῇτδ
448 2255 576 2313 πλιῖον’
562 2253 679 2331 ανέγιιης
695 2250 774 2328 μίρος
793 2242 890 2325 Iasi

121 2364 182 2416 ιεμ
185 2347 272 2418 μπτδις
283 2343 412 2402 τετικέναι
426 2342 500 2409 δίκας
513 2341 627 2412 ἑκάστην
643 2339 718 2398 πολιν
733 2338 833 2413 έλεγον,
845 2342 891 2407 τῆς

121 2457 134 2482 ο
150 2432 290 2506 κρατίστης
303 2429 425 2503 νεότητος
449 2425 680 2509 ιἰναιρεθιίσης,”
662 2450 730 2488 ωστε
750 2426 788 2502 μὴ
805 2423 890 2507 ῥᾴδιον

123 2545 135 2570 r
152 2510 221 2578 είναι
242 2519 349 2585 πένθους
365 2517 483 2597 καθαρὰν
502 2521 586 2594 εύρεῖν
600 2516 696 2576 οἰκίαν.
740 2514 845 2584 ’Πξίουν
861 2537 891 2572 τι

124 2604 246 2672 natant<
266 2605 431 2684 παραλαόεῖν
452 2615 520 2687 σφᾶς
539 2605 672 2678 ἥκοντας,
692 2603 751 2662 σύτε
763 2603 823 2683 περὶ
845 2608 891 2675 τῖ’,ς
942 2665 944 2668 ,

124 2719 135 2746 ο
155 2695 238 2774 ἀρχῆς
252 2693 291 2752 ίτι
306 2694 521 2774 διαφερομένους,
541 2692 599 2752 οὔτε
620 2694 680 2772 περὶ
696 2696 749 2751 τῶν
765 2693 827 2752 ἴσων
849 2716 890 2774 φι·

123 2810 135 2836 a
152 2783 348 2854 λονεικοῦντας,
364 2783 520 2864 συμμάχους
529 2782 556 2841 δὲ
577 2782 623 2840 καί
642 2781 770 2854 ὑπηκόους
786 2781 891 2840 ἅπαντα

122 2897 134 2924 ε
155 2871 198 2931 τὸν
217 2872 307 2932 λοιπὸν
329 2872 423 2952 χρόνον
436 2872 586 2949 ίαομένους,
600 2871 645 2930 καὶ
655 2879 707 2928 πᾶν
723 2871 784 2929 ὅσον
807 2875 821 2930 ὁ
835 2871 891 2930 δαί·

122 2986 134 3012 ο
154 2982 211 3034 μων
234 2959 356 3039 ἀφείλετο
374 2965 421 3018 τοῦ
445 2956 566 3020 Λατίνων
592 2957 739 3035 ἀξιώματος
758 2962 836 3019 τοῦτο
858 2962 892 3039 τῇ

86 3109 92 3141 γ
123 3075 135 3100 ο
152 3047 295 3125 Ῥωμαίων
314 3048 511 3126 προσθήσοντας
529 3047 670 3128 εὐποτμίᾳ.
688 3076 700 3099 ι
741 3049 894 3108 Τελευτῶν-

66 3540 94 3580 26

68 4417 94 4455 ib

69 4871 95 4910 bt)

119 3158 160 3202 τις
177 3136 204 3194 δὲ
219 3141 265 3193 τοῦ
284 3137 361 3213 λόγου
376 3135 527 3214 συγγένειαν
547 3137 734 3210 ἐπεκαλοῦντο,
753 3136 800 3195 καῖ
828 3158 892 3212 συμ·

120 3227 223 3302 μαχιῶν
257 3224 460 3304 ἀπροφασίστων
487 3220 550 3281 ποτδ
575 3223 720 3300 γενομένων
747 3224 893 3301 ἀνεμίμνη-

121 3335 193 3384 σκον,
219 3313 264 3370 καῖ
289 3311 423 3393 συμφορὰς
451 3311 588 3371 ἀνέκλαιον
601 3310 648 3378 τὰς
673 3313 893 3394 καταληψομένας

119 3399 178 3468 τοὺς
199 3401 281 3475 μηδὲν
310 3400 516 3481 ἡμαρτηκότας,
548 3399 574 3459 οἳ
591 3404 686 3480 μακρῷ
706 3401 810 3467 πλείους
826 3392 893 3472 ἦσαν

120 3491 172 3546 τῶν
192 3490 400 3568 ἡμαρτηκότων,
419 3486 570 3569 ὀδυρόμενοι
581 3491 647 3570 παρ’
663 3490 765 3548 ίκαστα
779 3489 825 3548 καὶ
841 3494 894 3549 τῶν

120 3575 236 3652 γονότων
263 3577 404 3654 ἁπτόμενοι
420 3578 507 3649 πόσης
531 3584 578 3651 τῆς
598 3580 751 3657 γερουσίας,
781 3577 826 3636 καῖ
849 3579 897 3644 τδις

122 3665 254 3744 ἱκετηρίας
273 3666 346 3743 παρδι
373 3670 425 3732 τοῖς
445 3671 508 3725 ποσὶ
536 3674 580 3726 τοῦ
598 3667 747 3740 Ποστομίου
770 3666 893 3739 τιθέντες,

122 3752 191 3811 ὥστε
206 3757 297 3812 παθεῖν
317 3777 343 3812 τι
355 3753 419 3835 πρδς
437 3753 470 3815 ri
484 3755 584 3837 δοίκρυα
601 3757 646 3814 καὶ
660 3756 706 3822 τὰς
720 3754 821 3826 δεήσεις
842 3757 894 3814 αύ-

122 3845 173 3900 τιῗιν
191 3840 221 3900 τὸ
236 3840 367 3923 συνέδριον
380 3840 462 3902 ἅπαν.

163 3929 240 3992 XIII.
265 3929 315 3997 Ὣς
339 3931 367 3990 δὲ
385 3930 549 4009 μετέστησαν
571 3935 600 3991 ἐκ
619 3939 664 3991 τοῦ
690 3931 891 4012 βουλευτηρίου,

121 4020 166 4079 καὶ
174 4020 249 4097 λόγος
262 4020 374 4093 ἀπεδόθη
385 4029 438 4089 τοῖς
447 4021 563 4080 εἰωθόσιν
575 4023 763 4102 ἀποφαίνεσθαι
774 4021 894 4100 γνώμας,

122 4114 201 4174 Τιτος
216 4108 264 4182 μέν
278 4109 392 4188 Λόρκιος
415 4115 429 4170 ὁ
451 4114 554 4189 πρῶτος
578 4112 741 4192 ἀποδειχθεὶς
765 4113 894 4193 δικτότωρ

122 4200 148 4256 έν
173 4202 210 4277 τῷ
232 4198 389 4278 παρελθόντι
414 4199 524 4279 ίνιαυτῷ
543 4200 713 4276 ταμιεύεσθαι
743 4199 790 4273 τὴν
811 4201 894 4280 τύχην

123 4287 208 4353 αὐτοῖς
230 4285 409 4345 συνεόούλευι·
428 4313 440 4340 ι
462 4287 594 4365 Μέγιστον
611 4279 687 4360 εἶναι,
703 4288 797 4367 λέγων,
810 4289 895 4367 tpic-

125 4396 224 4451 ιιμισν,
243 4373 333 4454 ὥσπερ
351 4374 406 4440 ένδς
423 4374 530 4455 ἀνδρὸς,
551 4375 618 4435 ούτω
639 4377 685 4437 καὶ
707 4380 809 4447 πόλεως
823 4378 894 4452 όλης,

124 4488 137 4516 ι
153 4464 176 4520 εί
192 4463 228 4538 μὴ
247 4462 453 4544 διαφθαρήσεται
467 4473 526 4534 ταῖς
539 4466 710 4545 εὐπραγίαις,
733 4469 792 4526 ἀλλ’
806 4471 893 4544 ίμμε·

125 4553 205 4619 ιλῶς
218 4553 265 4611 καῖ
285 4552 397 4635 μετρίως
411 4553 484 4634 φέρει
505 4555 618 4634 τάγαθό.
664 4557 759 4623 Πόσσις
776 4557 824 4635 μέν
844 4556 895 4637 γὰρ

124 4662 139 4694 α
154 4640 200 4705 τδις
213 4641 334 4719 εὐτυχίας
348 4647 509 4721 φθονεῖσθαι,
526 4644 643 4720 μάλιστα
658 4645 685 4705 δὲ
695 4644 894 4726 όσαιςπρόσεσ·

125 4755 137 4780 n
162 4749 201 4784 τιν
225 4731 259 4794 εἷς
273 4729 331 4794 τοὺς
344 4731 553 4800 ταπεινωθέντας
564 4732 609 4791 καί
623 4735 673 4793 ὑπὸ
686 4743 762 4813 χεῖρα
778 4736 890 4812 γενομέ-

125 4843 137 4866 α
155 4838 214 4880 νους
234 4816 308 4892 ύόρις
333 4820 378 4877 καὶ
391 4821 520 4897 βαρύτης·
535 4825 568 4898 τῇ
584 4821 652 4900 τύχη
667 4822 694 4880 δὲ
704 4823 752 4881 οὐκ
769 4824 818 4880 ἐῶν
834 4845 895 4881 πισ·

124 4932 136 4955 a
153 4903 382 4975 τεύειν,πιλλοίκις
391 4911 472 4979 αὐτῆς
481 4918 576 4990 πεῖραν
584 4911 724 4991 εἰληφότας
735 4914 776 4969 ἐπ’
789 4912 895 4976 σίκείοις

125 5020 138 5045 ι
154 4993 244 5060 κακοῖς
264 5017 293 5053 τε
307 4993 353 5053 καί
374 4998 499 5073 ἀγαθοῖς,
512 5003 547 5066 ὡς
568 4997 691 5064 ἀόίόαιός
711 5001 766 5058 ἐστι
787 5003 833 5058 καῖ
847 5001 895 5078 ἀγ·

125 5106 140 5138 ιι
156 5087 316 5165 χίστροφος·
333 5084 392 5144 otti
409 5086 526 5165 θνιίγιιην
542 5088 683 5168 προοόγειν
698 5088 750 5155 τοῖς
765 5088 896 5169 διαφόροις

126 5198 140 5224 ι
158 5170 205 5244 τήν
220 5173 282 5253 περὶ
296 5176 349 5232 τῶν
362 5173 484 5255 ίσχότων
498 5175 639 5252 κινδύνων,
653 5178 686 5236 δι’
703 5176 737 5248 ἣν
756 5176 801 5236 καί
825 5176 895 5262 πσρδ

1649 355 1708 411 ³29

934 486 1041 537 rentus'
1034 501 1058 536 ιιι
1071 486 1132 536 urbe
1152 486 1239 538 luisset
1253 487 1334 550 quintis
1354 490 1412 535 ante
1431 487 1520 545 lucrat,
1537 497 1564 535 ae
1578 491 1603 535 et
1617 490 1708 552 ίειιιρίθ

935 591 983 641 rllis
990 595 1184 650 exstmcturum
1196 590 1347 642 etsaeritieia
1362 589 1495 652 quotannis
1505 590 1642 653 peragenda
1652 606 1710 641 con

936 698 1090 749 stitutnrum.
1123 699 1164 748 Dii
1177 712 1248 754 vero
1270 697 1393 748 exauditis
1410 698 1463 747 eius
1476 697 1602 760 precibus.
1618 697 1711 747 cttece·

937 806 1003 863 runt,
1016 807 1044 852 ut
1070 817 1117 851 non
1130 802 1212 852 solnm
1226 806 1330 866 segetes,
1346 802 1389 852 sad
1406 801 1480 852 etiarn
1501 801 1603 851 arbores
1629 803 1712 866 fruges

937 905 1031 970 optmns
1041 907 1222 971 producerent,
1237 910 1312 970 utque
1326 907 1386 955 urbs
1397 908 1475 970 inagis
1491 920 1567 969 quam
1576 910 1633 958 ante
1647 908 1713 957 omni

937 1015 1119 1063 commeatuum
1143 989 1333 1062 adventitiorum
1350 1026 1438 1076 genere
1457 1012 1603 1063 abundaret.
1653 1017 1715 1072 Quae

938 1114 1136 1168 anirnad'vcrtens
1160 1115 1313 1174 Postumius,
1334 1118 1395 1165 tnnc
1412 1116 1503 1179 templa
1524 1115 1649 1165 edificare
1673 1115 1716 1164 de-

939 1221 1025 1271 crevit.
1057 1217 1158 1268 Romani
1171 1216 1254 1281 igitur,
1267 1215 1330 1265 bello
1342 1215 1470 1277 tyrannico
1484 1215 1586 1266 deornm
1606 1216 1714 1266 benevo-

939 1323 1013 1375 lentia
1027 1323 1185 1389 propulsato,
1196 1320 1264 1371 teriia
1276 1323 1300 1370 et
1311 1318 1439 1370 sacrificiis
1453 1332 1552 1382 operam
1566 1319 1667 1370 dabant.

971 1458 1062 1507 llVlll.
1076 1455 1165 1506 Paucis
1179 1457 1264 1506 autem
1275 1458 1332 1518 post
1342 1453 1432 1504 diebus
1455 1455 1529 1520 legati
1545 1469 1559 1504 a
1573 1455 1716 1506 Latinorum

940 1547 1065 1612 repunttca
1079 1562 1106 1597 ex
1120 1547 1234 1598 omnibus
1244 1547 1340 1612 populis
1353 1547 1456 1609 delecti,
1467 1547 1514 1596 viri
1527 1546 1571 1610 qui
1582 1547 1641 1598 hnic
1655 1547 1719 1597 bello

941 1641 1065 1692 adversati
1078 1642 1184 1701 tuerent,
1197 1654 1279 1691 ramos
1290 1641 1351 1692 olea
1374 1656 1403 1691 ac
1421 1641 1557 1691 velamenta
1580 1642 1718 1706 supplicum

941 1733 1101 1797 porrigentes,
1111 1732 1143 1782 ad
1153 1746 1196 1814 cos
1206 1735 1333 1782 venerunt.
1368 1732 1406 1782 ltli
1416 1733 1440 1782 in
1448 1736 1563 1783 senatum
1576 1733 1720 1789 introducti,

941 1825 1050 1890 primum
1063 1837 1164 1874 caussas
1178 1824 1236 1874 belli
1250 1826 1273 1873 in
1286 1824 1439 1886 singularum
1456 1824 1584 1874 citimum
1597 1825 1722 1889 principes

943 1914 1098 1979 rejiciebant3
1115 1935 1127 1957 a
1142 1915 1223 1979 ipsum
1237 1927 1296 1964 vero
1312 1915 1402 1976 vulgus
1415 1915 1462 1965 bac
1472 1918 1568 1964 tanturn
1579 1916 1604 1964 in
1620 1930 1646 1966 re
1666 1929 1722 1979 pce·

948 2028 961 2051 a
975 2020 1045 2057 casse
1056 2005 1180 2068 dicebant,
1200 2006 1269 2071 quod
1289 2006 1410 2070 improbis
1428 2006 1573 2056 ductoribus
1597 2009 1722 2070 proprium

943 2100 1069 2150 «lucrum
1087 2100 1255 2163 querentibus
1265 2100 1468 2164 obtemperasset.
1502 2099 1624 2149 Obistam
1639 2104 1722 2151 autem

945 2217 958 2240 «ι
974 2196 1096 2256 fraudem,
1112 2196 1225 2258 adquam
1247 2195 1393 2259 plerumque
1407 2194 1555 2246 necessitate
1567 2194 1647 2245 coacti
1666 2196 1722 2245 tue-

945 2310 957 2334 ι
974 2291 1043 2349 rant,
1057 2289 1125 2339 haud
1138 2289 1244 2352 injustas
1266 2302 1465 2353 unamquamque
1482 2288 1612 2339 civitatem
1635 2302 1722 2353 poenas

946 2382 1071 2433 «dedisse
1087 2383 1216 2441 dicebant,
1241 2382 1444 2447 praestantissima
1460 2381 1595 2434 iuventute
1609 2383 1724 2441 sublata,

947 2477 1008 2528 «ita
1030 2482 1058 2527 ut
1072 2477 1172 2527 diitlcilc
1191 2480 1257 2527 essct
1271 2478 1379 2541 aliquam
1403 2476 1506 2527 domum
1529 2477 1610 2526 tuctus
1632 2490 1721 2540 exper-

951 2594 963 2616 ιι
980 2576 1029 2623 tem
1042 2573 1152 2624 invenire
1173 2593 1178 2621 :
1195 2574 1379 2637 petebantque,
1399 2577 1427 2625 ut
1449 2587 1476 2624 sc
1491 2574 1558 2625 ultro
1573 2575 1723 2625 deditionem

947 2688 959 2711 a
980 2667 1096 2717 iacientes
1115 2668 1262 2731 reciperent,
1278 2681 1358 2730 neque
1372 2668 1477 2732 amplius
1496 2668 1527 2719 de
1539 2669 1646 2733 imperio
1660 2682 1722 2720 eon·

947 2785 959 2807 ι
974 2761 1111 2836 tendentes,
1138 2775 1219 2825 neque
1240 2762 1273 2810 dc
1299 2761 1361 2812 viris
1382 2763 1550 2825 aquabilItatc
1572 2763 1726 2827 pertinacius

948 2876 959 2898 a
976 2854 1150 2919 disceptantes,
1163 2854 1275 2918 bellique
1287 2856 1369 2905 socios
1382 2858 1408 2906 et
1417 2855 1531 2906 subditos
1544 2857 1568 2906 in
1578 2871 1650 2908 omne
1667 2870 1726 2922 pos·

949 2970 960 2992 ι
975 2951 1058 2998 terum
1070 2951 1171 3011 tempus
1185 2947 1291 3007 tuturos,
1306 2952 1331 2999 et
1341 2948 1461 3014 quidquid
1473 2949 1569 2998 fortuna
1584 2952 1726 3001 latinorum

948 3061 960 3084 ι
975 3042 1089 3105 dignitati
1101 3041 1252 3102 ademisset,
1268 3041 1293 3091 id
1308 3044 1473 3092 Rornanorum
1494 3042 1605 3092 felicitati
1624 3043 1725 3094 additu·

948 3155 960 3179 r
975 3149 1024 3185 ros.
1038 3155 1050 3179 ι
1062 3138 1090 3185 ln
1106 3136 1159 3198 ipso
1171 3139 1256 3186 nutem
1278 3135 1398 3186 orationis
1414 3134 1462 3185 sine
1480 3149 1523 3186 cos
1542 3149 1585 3200 per
1597 3137 1727 3200 cognatio·

947 3243 1003 3280 nem
1013 3229 1215 3289 obtestabantur,
1229 3231 1254 3281 et
1268 3229 1300 3279 iis
1315 3230 1341 3279 in
1364 3233 1472 3279 mentem
1493 3229 1642 3280 revocabant
1654 3242 1726 3279 suam

947 3320 1072 3381 quondam
1081 3321 1106 3369 ln
1116 3320 1223 3370 terendis
1236 3320 1335 3371 anxdlts
1346 3334 1394 3370 non
1406 3300 1547 3371 simulatam
1561 3321 1726 3382 atacritatem,

947 3414 973 3460 et
992 3411 1144 3462 calamitates
1168 3411 1343 3475 deplorabant,
1366 3413 1472 3476 inques
1495 3414 1606 3464 insontes
1624 3412 1726 3463 incidis·

949 3501 1012 3559 sont,
1024 3499 1066 3562 qni
1085 3498 1157 3561 longe
1168 3498 1252 3562 plures
1270 3502 1341 3551 eraut
1355 3515 1431 3566 quarn
1443 3501 1614 3565 delinquentes
1628 3503 1723 3552 lamen·

946 3587 979 3636 tis
992 3586 1086 3650 singula
1099 3591 1292 3651 prosequentes,
1307 3592 1332 3637 et
1341 3588 1374 3639 ad
1387 3589 1464 3640 totius
1478 3594 1580 3640 senatus
1593 3604 1672 3652 genua
1684 3603 1726 3640 ac·

948 3676 1070 3734 cidentcs,
1085 3679 1111 3726 et
1123 3676 1261 3739 supplicum
1279 3676 1383 3739 insignia
1403 3678 1435 3728 ad
1451 3679 1572 3729 Postumii
1593 3680 1670 3743 pedes
1683 3693 1728 3743 po·

949 3766 1049 3822 nentem
1064 3763 1100 3813 ita
1110 3767 1141 3814 nt
1154 3766 1222 3814 totins
1234 3767 1336 3830 patrum
1355 3777 1488 3815 consessus
1503 3766 1610 3817 lacrimis
1621 3771 1648 3817 ct
1672 3780 1728 3830 pre·

950 3852 1020 3902 cibus
1036 3867 1121 3903 eorum
1141 3857 1346 3905 commoveremr.

980 3941 1041 3990 lllll.
1061 3941 1107 3991 Ubi
1119 3954 1178 3990 vero
1193 3955 1207 3989 e
1224 3942 1294 3991 curia
1308 3945 1484 4005 excesserunt,
1499 3947 1524 3993 et
1539 3943 1668 3993 sententia
1686 3943 1727 3993 dl·

949 4030 1035 4080 ceudae
1048 4032 1165 4092 potestas,
1179 4029 1210 4080 de
1228 4043 1306 4091 more,
1318 4033 1419 4080 sennons
1439 4030 1589 4094 principibus
1603 4035 1642 4082 est
1656 4033 1729 4088 tacta.

950 4119 979 4167 Τ.
997 4119 1109 4180 larcius,
1126 4119 1169 4181 qui
1181 4118 1276 4181 primm
1287 4120 1414 4183 superiore
1438 4132 1502 4170 anno
1521 4119 1627 4171 dictator
1650 4121 1731 4172 iuerat

950 4209 1055 4267 creatus,
1073 4206 1133 4270 ipsis
1150 4206 1230 4256 suasit
1243 4209 1271 4258 ut
1289 4208 1387 4258 tortnna
1398 4209 1525 4259 moderate
1537 4211 1672 4270 uterentur,
1687 4209 1727 4259 di·

951 4307 1008 4345 oens
1025 4309 1031 4338 τ
1051 4315 1063 4337 «
1075 4295 1208 4345 Maximam
1220 4309 1275 4346 csse
1286 4296 1394 4358 laudem,
1408 4301 1437 4348 ut
1447 4298 1521 4348 unius
1531 4297 1587 4362 viri,
1604 4299 1639 4348 lta
1652 4299 1727 4348 etiarn

952 4381 1059 4432 «totins
1080 4382 1203 4442 civitatis,
1226 4384 1335 4433 secunda
1348 4386 1445 4434 tortum
1464 4399 1511 4434 non
1527 4385 1659 4448 corrumpi,
1681 4384 1727 4434 sed

951 4489 963 4515 a
979 4483 1051 4533 equo
1064 4474 1089 4520 et
1100 4469 1228 4521 moderato
1240 4472 1320 4521 animo
1331 4472 1395 4522 bona
1406 4486 1453 4523 sun
1462 4474 1532 4523 terre.
1546 4478 1650 4524 ornnem
1665 4473 1731 4523 enim

951 4559 1166 4623 «prosperitatem
1186 4560 1332 4611 invidiosam
1354 4574 1419 4622 asse,
1434 4563 1571 4625 praesertim
1591 4576 1660 4622 earn,
1682 4575 1732 4624 qua

951 4666 964 4692 ι
979 4660 1036 4697 cnm
1050 4647 1199 4698 contumetla
1220 4652 1241 4698 at
1264 4648 1382 4712 asperitas
1401 4648 1428 4698 ln
1446 4650 1557 4699 homines
1576 4649 1681 4698 attlictos
1700 4661 1729 4697 ac

952 4754 964 4778 α
979 4734 1083 4785 miseros
1097 4749 1126 4784 ac
1139 4737 1164 4785 in
1179 4739 1288 4785 nostram
1302 4739 1449 4799 potestatem
1468 4736 1582 4786 redactos
1599 4734 1729 4784 coniuncta

951 4843 964 4868 ο
977 4824 1032 4875 sit:
1051 4826 1158 4875 fortune
1177 4828 1261 4875 autem
1283 4839 1331 4874 non
1351 4840 1406 4876 erse
1428 4825 1569 4883 fidendum,
1588 4835 1662 4883 quam
1685 4821 1731 4885 ipsi

951 4935 963 4959 ι
984 4926 1050 4978 saepe
1068 4914 1118 4964 sint
1127 4914 1222 4977 experti
1235 4914 1258 4962 in
1273 4915 1325 4963 suis
1338 4914 1407 4963 mulis
1418 4918 1444 4963 et
1453 4913 1539 4970 bonis,
1555 4913 1582 4960 ut
1594 4910 1625 4959 sit
1637 4910 1729 4960 incerta

951 5020 963 5046 ι
979 5005 1005 5052 et
1018 5001 1155 5063 variabilis,
1171 5003 1296 5066 nequead
1315 5006 1482 5051 extremorum
1499 4998 1664 5062 periculorum
1687 5014 1731 5050 ne·

953 5111 966 5136 a
980 5091 1123 5141 cessitatem
1151 5089 1308 5140 adducendos
1345 5088 1519 5149 adversarios,
1552 5100 1604 5151 qua
1638 5091 1729 5152 prater

952 5203 964 5227 a
983 5196 1082 5233 omnem
1106 5183 1313 5246 exspectationem
1335 5179 1445 5230 nonnulli
1466 5180 1574 5232 audaces
1602 5182 1627 5232 ct
1655 5193 1729 5243 supra
