3772 5828
200 312 240 370 56
694 304 860 366 DlONYSll
882 303 1259 366 HALICARNASSENSlS

202 443 286 499 κτίσιν
301 438 396 508 ταύτην
405 433 551 513 ἱστόρηται,
563 436 669 500 πολλοῖς
679 436 726 509 μὲν
738 435 851 511 εἴρηται,
865 434 910 493 καὶ
916 436 970 492 δια·

203 528 287 610 ρύρως
300 525 332 584 τίι
342 524 442 582 πλεῖστ’
457 521 540 594 ἐνίοις,
553 522 708 602 λεχθήσεται
719 524 746 582 ὀί
759 524 839 597 κάμοὶ
853 520 886 580 τά
895 527 971 581 πιθα-

201 615 306 674 νιύτατα
316 614 367 667 τῶν
380 608 623 686 μνημονευομένων.
636 608 717 688 Ἔχει
729 610 751 666 δ’
761 601 820 668 ὦδε·

242 699 367 760 LXXVI.
386 696 503 774 Ἀμόλιος
518 695 608 769 ἐπειδὴ
623 695 759 778 παρέλαθε
773 697 821 770 τὴν
836 696 969 758 Ἀλόανῶν

161 821 174 855 ς
204 785 348 867 βασιλείαν,
361 784 584 864 τὸνπρεσύύτερον
592 784 701 865 ἀθελρθν
710 785 848 862 Νεμέτορα
856 810 893 863 ap
907 808 970 843 κατ-

200 873 306 952 ισχύσαι
319 878 364 945 τῆς
379 877 488 953 πατρίου
503 877 581 950 τιμῆς
595 872 729 951 ἀπείρξας,
741 872 774 930 τά
783 877 806 930 τ’
820 875 887 934 ἀλλα
901 876 969 932 κατά

198 960 298 1032 πολλὴν
322 964 464 1043 ὑπερορίαν
488 966 540 1021 τῶν
555 960 660 1020 δικαίων
679 961 758 1039 έάρα,
778 961 823 1019 καὶ
839 964 966 1021 τελευτῶν

198 1049 296 1130 ἔρημον
318 1050 405 1129 γένους
425 1052 469 1110 τὸν
484 1041 552 1109 οἶκον
566 1054 610 1108 τοῦ
626 1049 772 1128 Νεμέτορος
795 1048 968 1109 ε’πτύούλευσε

185 1138 318 1210 ποιῆσαι,
332 1144 378 1198 τοῦ
392 1163 420 1198 τε
434 1137 507 1209 δίκην
520 1140 645 1215 ὑποσχεῖν
660 1136 750 1216 ρόύῳ,
768 1137 814 1195 καὶ
828 1135 907 1215 ἐρωτι
926 1143 969 1196 τοῦ

147 1257 170 1293 ιη
200 1227 237 1303 μὴ
252 1229 383 1296 παυθῆναί
396 1248 460 1283 ποτε
480 1229 521 1294 τῆς
534 1227 628 1302 ἀρχῆς.
642 1225 853 1299 Βουλευοάμενος
860 1226 888 1283 δὲ
898 1225 970 1284 ταῦτ’

201 1318 231 1374 ἐκ
244 1318 352 1384 πολλοῦ,
367 1314 468 1390 πρῶτον
483 1313 530 1388 μὲν
541 1311 583 1369 τὸν
600 1312 654 1369 υἱὸν
669 1317 713 1371 τοῦ
729 1315 875 1392 Νεμέτορος
887 1313 968 1391 λίγε-

200 1427 261 1463 στον
275 1401 334 1480 άρτι
350 1401 528 1479 γενειάζοντα,
544 1399 656 1480 φυλάξας
666 1400 718 1460 ἔνθ’
728 1401 894 1479 ἐκυνηγέτει,
907 1425 972 1479 προ·

200 1491 309 1568 λοχίσας
330 1493 374 1545 τοῦ
398 1487 495 1566 χωρίου
514 1487 544 1546 τὸ
566 1486 758 1568 ἀρανέστατον,
779 1488 903 1558 ἐξελθόντ’
926 1490 970 1549 ἐπὶ

199 1578 279 1656 θήραν
294 1575 438 1634 ἀποκτείνει
455 1577 500 1634 καὶ
522 1575 702 1653 παρεσκεύασε
721 1576 844 1655 λέγεσθαι
858 1577 925 1655 μετὰ
939 1578 969 1636 τὸ

146 1697 169 1732 15
197 1664 285 1743 ἔργον,
299 1667 334 1730 ὡς
347 1666 398 1721 ύπὸ
412 1666 515 1742 λῃστῶν
534 1666 679 1744 ἀναιρεθείη
693 1665 724 1724 τθ
738 1666 885 1748 μειράκιον.
928 1668 969 1728 Ού

198 1751 286 1828 μέντοι
301 1750 425 1828 κρείττων
439 1755 456 1820 ἡ
472 1753 676 1826 κατασκευαστὴ
690 1753 750 1823 δόξα
766 1759 812 1826 τῆς
826 1755 968 1834 σιωπωμέ·

194 1863 240 1911 νης
266 1838 389 1911 ἀληθείας
410 1838 529 1916 ἐγένετο,
550 1843 619 1899 ἀλλά
644 1843 751 1910 πολλοῖς
780 1844 826 1901 καί
846 1845 919 1923 παρίι
937 1844 967 1904 τὸ

195 1928 312 2002 ἀσφαλὲς
324 1931 452 2002 ἐτολμᾶτο
463 1930 583 2005 λέγεσθαι
592 1929 621 1987 τὸ
635 1930 761 2010 πραχθέν.
804 1930 932 2011 Νεμέτωρ
947 1931 969 1990 δ’

196 2015 253 2096 ᾔδει
271 2016 318 2093 μὲν
332 2016 362 2075 τὸ
376 2015 465 2095 ἔργον,
485 2020 604 2096 λογισμῷ
621 2017 647 2075 δὲ
669 2018 796 2096 κρείττονι
811 2025 857 2077 τοῦ
872 2019 970 2086 πάθους

142 2125 169 2161 ao
196 2106 330 2184 χρώμενος
347 2105 451 2182 ἄγνοιαν
465 2106 624 2178 ἐσκήπτετο,
638 2109 674 2170 εἰς
690 2104 886 2182 ἀκινδυνότερον
905 2109 969 2164 ἀνα·

167 2218 170 2223 ·
198 2192 323 2251 ύαλέσθαι
333 2190 424 2269 χρόνον
442 2189 489 2262 τὴν
505 2193 583 2270 ὀργὴν
602 2192 816 2269 βουλευσάμενος.
845 2192 968 2267 ’Ἀμόλιος

197 2279 277 2339 tiri
291 2283 338 2337 τοῦ
361 2278 497 2356 μειρακίου
518 2278 661 2338 θπολαύὼν
685 2279 839 2350 λεληθέναι,
860 2281 967 2359 δεύτερα

193 2365 251 2424 τόθ’
267 2366 356 2423 ἐποίει·
376 2365 423 2436 τὴν
445 2367 573 2444 θυγατέρα
592 2373 638 2427 τοῦ
657 2368 805 2447 Νεμέτορος
828 2369 964 2441 Σιλούιαν,

193 2455 227 2518 ὡς
250 2454 279 2513 δι’
292 2476 358 2520 τινες
371 2454 500 2534 γράφουσι
516 2454 593 2515 Ῥέαν
606 2456 701 2533 ὄνομα,
718 2457 842 2516 Σιλούιον
858 2457 966 2530 ἐπίκλη-

138 2573 165 2614 25
193 2564 245 2613 σιν,
261 2546 288 2598 ἐν
307 2544 380 2622 ἀκμῇ
395 2542 481 2620 γάμου
502 2544 643 2622 γενομένην
663 2545 761 2624 ἱέρειαν
785 2546 966 2605 ἀποδείκνυσιν

193 2627 314 2703 Ἑστίας,
328 2629 363 2698 ύις
386 2654 415 2708 γε
438 2631 475 2705 pl,
498 2632 590 2711 τάχιον
608 2635 644 2699 εἷς
668 2632 759 2712 ἀνδρὸς
777 2635 888 2692 ἐλθοῦσα
903 2634 966 2712 τέκῃ

196 2717 326 2796 τιμωρούς
348 2721 387 2800 τῷ
411 2718 489 2797 γένει.
546 2722 708 2786 Πενταετοῦς
741 2722 763 2778 θ’
791 2725 838 2780 οιίκ
864 2722 966 2782 ἐλάττω

194 2805 287 2886 χρόνον
318 2805 369 2867 ἔδει
391 2807 438 2875 τάς
458 2807 528 2886 ἱεράς
551 2809 629 2886 κόρας
653 2807 733 2883 ἀγνάς
757 2809 889 2884 διαμεῖναι
910 2808 965 2887 γά-

194 2919 261 2971 μων,
276 2886 317 2960 αῙς
333 2895 496 2953 ἀνατέθειται
508 2900 556 2954 τοῦ
572 2896 596 2953 τ’
608 2891 737 2954 ἀσύέστου
753 2895 866 2974 πυρθςῆ
882 2900 965 2974 φυλα-

137 3006 166 3044 ao
192 2981 242 3058 al„
266 2983 311 3039 καὶ
334 2981 358 3039 εί
381 3004 406 3038 τι
435 2984 499 3040 ἀλλο
521 2987 709 3059 θρησκεύεσθαι
738 2986 776 3061 τῷ
807 2985 886 3061 κοινῷ
921 2984 965 3041 dd

192 3066 325 3147 παρθένων
347 3068 458 3144 νόμιμον
477 3063 520 3140 ἦν.
539 3068 677 3147 Ἐτραττε
698 3071 722 3127 θ’
747 3069 867 3141 Ἀμόλιος
889 3075 966 3130 τοῦτο

192 3157 249 3230 μετ’
264 3154 399 3229 ὀνομάτων
415 3158 519 3229 καλῶν,
533 3161 568 3223 ὡς
580 3155 660 3233 τιμὴν
673 3160 711 3237 τῷ
725 3156 792 3234 γένει
810 3157 854 3214 καὶ
866 3158 965 3232 κόσμον

191 3244 344 3322 περιτιθεὶς,
354 3243 409 3302 οὔτ’
423 3244 499 3310 αὐτὸς
511 3247 722 3324 εἰσηγησάμενος
733 3246 777 3304 τὸν
788 3247 866 3323 νόμον
877 3247 962 3320 τόνδε,

192 3329 249 3390 ούτε
265 3335 342 3411 κοινῷ
366 3331 421 3390 ύντι
441 3336 547 3411 πρῶτον
562 3336 712 3413 ἀναγκάσας
725 3338 776 3392 τῶν
792 3336 818 3393 έν
834 3332 965 3412 ἀξιώματι

137 3440 163 3480 aa
190 3423 304 3498 χρῆσθαι
319 3418 362 3476 τὸν
379 3422 509 3501 ἀδελρὸν,
524 3424 550 3480 ἐν
563 3422 614 3482 έθει
628 3424 655 3482 δέ
667 3422 719 3488 τοῖς
731 3420 865 3488 Ἀλύανοῐς
879 3422 923 3479 καὶ
938 3425 963 3480 ἐν

190 3508 263 3588 καλῷ
278 3506 322 3578 θν,
335 3507 381 3573 τάς
397 3511 583 3587 εὐγενεστάτας
600 3513 802 3572 ἀποδείκνυσθαι
823 3511 901 3589 κόρας
915 3517 963 3584 τῆς

190 3590 297 3661 Ἑστίας
321 3598 476 3677 προπολους.
532 3599 566 3660 Ὀ
593 3600 619 3658 δέ
649 3600 787 3678 Νεμέτωρ,
810 3601 964 3676 αἰσθόμενος

189 3680 236 3740 οθκ
248 3685 299 3743 ἀπὸ
314 3691 358 3745 τοῦ
373 3688 509 3766 βελτίστου
521 3695 606 3748 ταῦτα
621 3690 771 3768 πράττοντα
784 3689 828 3748 τὸν
841 3691 962 3772 ἀδελφὸν,

189 3769 269 3847 ὄργὴν
284 3777 397 3853 φανερὰν
421 3781 469 3834 οὐκ
485 3779 614 3850 ἐποιεῖτο,
636 3774 679 3835 ἵνα
695 3779 732 3852 μὴ
756 3783 794 3857 τῷ
810 3779 886 3858 δήμῳ
899 3781 963 3839 ἀπέ·

134 3884 161 3925 ro
187 3865 288 3938 χθοιτο,
296 3863 444 3945 ἀπόρρητον
454 3867 481 3925 δὲ
490 3867 536 3924 καὶ
545 3870 615 3927 ταῦτ’
621 3866 780 3948 ἐφυλάττετο
787 3866 817 3925 τὸ
828 3867 960 3945 ἔγκλημα.

229 3951 359 4016 LXXVII
362 3996 369 4010 ·
380 3954 507 4035 Τετάρτῳ
515 3954 537 4013 δ’
547 3953 655 4034 θστερον
669 3954 721 4012 ἔτει
731 3953 780 4024 τὴν
789 3955 912 4014 Σιλούιαν
920 3960 962 4016 ἐλ-

188 4041 282 4097 θοῦσαν
295 4043 329 4108 εἰς
339 4043 408 4123 ἱερὸν
429 4043 507 4111 ἀλσσς
524 4043 613 4122 Ἀρεος
634 4042 726 4110 θδατος
749 4045 829 4122 ἁγνοῦ
852 4049 961 4120 κομιδῆς

188 4124 275 4203 ἕνεκα,
288 4120 310 4208 ᾧ
322 4131 384 4210 πρὸς
399 4130 445 4198 τάς
459 4132 548 4199 θυσίας
556 4131 651 4207 ἔμελλε
664 4131 824 4210 χρήσασθαι,
840 4132 958 4211 βιάζεταί

187 4237 225 4282 τις
239 4218 265 4273 ἐν
275 4219 313 4296 τῷ
328 4220 438 4292 τεμένει.
447 4221 473 4278 Τ
474 4225 548 4278 οῧτον
559 4220 587 4278 δέ
593 4244 659 4286 τινες
674 4219 960 4301 μίνάποραίνουσιτῶν

131 4320 158 4359 te
187 4304 344 4384 μνηστήρων
360 4306 405 4365 ἕνα
423 4307 542 4386 γενέσθαι
555 4315 601 4380 τῆς
614 4310 711 4390 κόρης,
724 4313 824 4389 ἐρῶντα
839 4315 885 4383 τῆς
899 4336 959 4372 παι·

186 4392 285 4464 δίσκης·
304 4396 328 4451 οί
345 4393 367 4451 δ’
381 4396 457 4454 αὐτὸν
470 4396 513 4454 τὸν
529 4397 666 4473 Ἀμόλιον,
681 4399 727 4457 οὐκ
739 4400 878 4477 ἐπιθυμίας
893 4405 959 4479 pel·

185 4479 259 4550 λονῆ
275 4479 415 4552 ἐπιθουλῆς
434 4484 528 4558 ἕνεκα,
543 4485 705 4565 φραξάμενόν
720 4491 743 4545 θ’
763 4488 853 4557 ὅπλοις
869 4493 903 4558 ὡς
916 4495 959 4551 ε’κ-

184 4565 399 4638 πληκτικάιτατος
412 4570 572 4651 ὀρθήσεσθαι
583 4572 706 4650 ἔμελλεν,
721 4575 767 4634 καί
779 4577 864 4649 τὸτῆς
876 4581 959 4660 ὄψεως

184 4655 313 4735 γνώριμον
328 4660 363 4726 είς
378 4659 476 4741 ἀσαφές
490 4665 524 4728 ὡς
540 4662 645 4737 μάλιστ’
665 4663 772 4724 ἐδύνατο
785 4669 957 4728 καθιστάντα·

128 4765 155 4800 sn
184 4747 206 4802 οί
222 4745 249 4805 δέ
264 4747 381 4807 πλεῖστοι
397 4749 568 4825 μυθολογοῦσι
584 4755 629 4808 τοῦ
652 4752 773 4825 δαίμονος
793 4757 910 4832 εἴδωλον,
926 4749 956 4815 οὗ

184 4833 212 4890 τὸ
220 4838 315 4915 χοιρίον
327 4827 372 4910 ἦν,
388 4834 473 4896 πολλὰ
486 4836 529 4893 καὶ
542 4835 611 4895 ἀλλα
625 4841 663 4919 τῷ
674 4839 753 4899 πάθει
767 4843 878 4918 δαιμόνι’
891 4844 954 4923 ἔργα

183 4924 385 4998 προσάπτοντες,
397 4925 471 4998 ἡλίου
485 4928 509 4983 τ’
525 4927 669 5007 ἀφανισμὸν
682 4930 808 5009 αέρνίθιον
824 4934 869 4989 καὶ
880 4931 955 5012 ζόφον

182 5007 209 5062 ἐν
223 5013 324 5093 οὐρανῷ
336 5013 521 5096 κατασχόντα,
536 5013 594 5094 ὄψιν
610 5015 647 5088 δ’,
661 5016 695 5088 ἣν
704 5017 749 5076 καὶ
760 5017 790 5076 τὸ
800 5017 905 5076 εἴδωλον
915 5008 957 5075 εἷ-

181 5113 215 5170 χε
228 5103 461 5184 ,θαυμασιωτέραν
475 5109 571 5187 μακρῷ
577 5103 609 5176 δή
618 5129 643 5165 τι
654 5107 721 5167 κατά
730 5106 887 5184 μίγεθοςκαὶ
893 5107 957 5166 κάλ-

1026 459 1122 495 summa
1133 445 1297 510 discrepantia
1314 466 1321 495 ι
1337 445 1417 496 dicam
1434 451 1516 498 tumen
1534 452 1559 498 et
1575 463 1690 515 egoque
1702 467 1798 505 memo-

1026 538 1124 593 rantur,
1146 538 1172 584 et
1193 535 1224 585 ad
1246 535 1376 585 veritatem
1402 537 1511 599 proxime
1531 539 1647 589 accedere
1672 541 1799 593 ridentur.

1024 621 1064 672 Sic
1077 627 1161 672 autem
1174 636 1201 673 se
1214 637 1252 673 res
1264 624 1356 674 habet:

1055 710 1162 761 Lllllvl.
1177 711 1289 762 Amulius
1311 726 1413 779 regnum
1431 714 1580 765 Albanorum
1593 716 1706 781 adeptus,
1730 722 1801 782 post-

1024 814 1097 865 quam
1120 805 1274 855 Numitorem
1292 805 1393 856 tratrem
1419 809 1479 857 natu
1496 807 1614 859 nidorem
1637 822 1681 872 per
1704 823 1758 860 vim
1784 825 1801 861 a

1024 899 1125 958 paterno
1142 899 1231 948 bonore
1249 898 1354 962 repulit,
1372 913 1430 949 cum
1442 900 1490 949 alia
1507 901 1615 951 facinora
1637 915 1800 965 magnacum

1024 988 1085 1040 iuris
1107 990 1287 1055 contemptione
1307 992 1427 1056 patravit,
1447 995 1501 1043 tum
1515 995 1588 1044 etiarn
1605 995 1743 1045 Numitoris
1754 997 1800 1045 do·

1023 1097 1092 1134 mum
1115 1097 1159 1149 per
1190 1085 1291 1135 insidias
1320 1087 1405 1136 subole
1431 1089 1529 1151 privare
1560 1088 1686 1154 decrerit,
1708 1091 1801 1154 partim

1024 1177 1140 1227 vindictas
1168 1182 1251 1239 metu,
1280 1180 1370 1242 partim
1391 1179 1466 1230 ctiam
1488 1180 1585 1245 imperii
1612 1181 1724 1246 perpetui
1752 1197 1799 1233 cu·

1022 1270 1132 1335 piditatc.
1184 1270 1256 1329 Quod
1271 1272 1401 1321 consilinm
1423 1286 1480 1322 cum
1494 1273 1537 1323 diu
1561 1275 1644 1323 animo
1671 1275 1798 1338 agitasset,

1022 1364 1130 1427 primum
1143 1363 1242 1427 quidem
1254 1363 1388 1414 Numitoris
1409 1365 1485 1415 tilium
1498 1368 1638 1431 Necdum,
1654 1383 1739 1418 reeens
1753 1382 1799 1433 pu-

1023 1460 1183 1521 mntem,
1206 1461 1335 1512 observato
1353 1463 1407 1513 loeo
1429 1463 1470 1514 nbi
1488 1465 1633 1527 venabatur,
1658 1471 1683 1518 et
1704 1468 1798 1518 insidiis

1022 1552 1048 1600 in
1057 1549 1229 1601 occultissimis
1243 1551 1297 1602 eius
1308 1552 1409 1603 latebris
1417 1553 1481 1603 clam
1490 1553 1586 1618 positis,
1598 1555 1628 1605 ad
1644 1557 1797 1606 venationem

1022 1658 1148 1710 σςτοειυω
1162 1645 1300 1697 interiecit:
1315 1660 1365 1710 quo
1378 1648 1460 1709 tame,
1475 1661 1590 1698 rumores
1602 1650 1680 1713 spargi
1690 1649 1796 1709 curavit,

1023 1739 1228 1791 adolescentem
1243 1739 1378 1791 latronibus
1390 1754 1443 1791 csse
1452 1742 1616 1792 interiectum.
1651 1743 1698 1792 ilic
1714 1746 1797 1792 tamen

1025 1833 1102 1884 falsus
1116 1821 1203 1882 rumor
1223 1833 1325 1884 tacitam
1342 1833 1472 1884 veritatem
1492 1847 1609 1899 superare
1625 1849 1672 1885 non
1692 1835 1771 1900 potuit
1789 1854 1795 1885 τ

1022 1926 1066 1977 sed
1080 1927 1153 1977 multi
1162 1925 1201 1977 rel
1219 1939 1277 1976 cum
1288 1925 1396 1990 periculo
1412 1927 1493 1976 scelus
1504 1927 1551 1977 boc
1563 1927 1645 1991 eloqui
1658 1930 1712 1979 ausi
1727 1933 1796 1988 sunt,

1021 2014 1135 2065 Numitor
1153 2027 1277 2065 acrorem
1295 2013 1395 2077 quidem
1413 2015 1520 2076 sciebat,
1543 2015 1587 2065 sed
1608 2017 1696 2066 rationi
1720 2017 1798 2080 magis

1022 2116 1097 2167 quam
1127 2103 1206 2154 dolori
1231 2103 1339 2154 serviens
1365 2102 1524 2166 ignorantiam
1548 2103 1696 2160 stinulabat,
1728 2105 1796 2166 quod

1022 2194 1084 2243 iram
1095 2195 1120 2244 in
1131 2192 1198 2244 aliud
1211 2195 1308 2255 tempus
1321 2190 1401 2241 minas
1414 2190 1580 2256 periculosum
1591 2190 1689 2241 differre
1710 2192 1793 2242 vellet.

1022 2288 1054 2333 m
1065 2283 1192 2342 Amulius,
1210 2280 1371 2332 adolescentis
1387 2280 1480 2331 cedem
1499 2278 1623 2329 occultam
1643 2293 1697 2330 esse
1710 2282 1795 2334 ratus.
1856 2304 1860 2311 ·

1021 2371 1127 2420 alterum
1136 2352 1216 2420 scelus
1222 2367 1317 2418 addidit
1323 2367 1405 2432 priori,
1412 2366 1512 2418 Silrlam
1518 2365 1653 2416 Numitoris
1660 2365 1743 2428 tiliam,
1755 2369 1796 2417 rel

1022 2459 1066 2518 (ut
1077 2459 1118 2508 alii
1126 2455 1564 2521 scribunt)Rbeamnumine,Sdriam
1569 2455 1721 2520 cognomine,
1731 2469 1796 2520 nup-

1022 2526 1345 2607 tiisiarnmaturam,t'estae
1360 2544 1511 2594 sacerdotem
1525 2544 1604 2606 cepit:
1618 2547 1758 2606 veritusne,
1775 2547 1795 2595 si

1021 2628 1093 2685 al'icui
1107 2635 1239 2698 nupsisset,
1250 2648 1307 2684 mox
1320 2633 1442 2684 scelerum
1453 2632 1545 2684 ultores
1555 2646 1608 2683 suae
1619 2632 1719 2684 familias
1728 2650 1796 2699 pare·

1020 2726 1066 2774 ret.
1078 2725 1128 2773 llas
1138 2726 1219 2773 autem
1225 2724 1454 2784 sacratasvirgincs,
1467 2723 1559 2786 quibus
1570 2728 1596 2774 et
1608 2723 1670 2786 ignis
1682 2726 1793 2788 perpetui

1024 2813 1137 2863 custodia
1150 2812 1280 2862 commissa
1292 2818 1344 2873 est,
1363 2815 1388 2862 et
1398 2812 1420 2862 si
1440 2825 1496 2875 quae
1509 2812 1556 2862 alia
1572 2826 1642 2863 sacra
1655 2814 1796 2876 reipublicae

1020 2914 1109 2951 caussa
1120 2900 1228 2964 virgines
1242 2900 1380 2964 exlegibus
1393 2901 1510 2964 perficere
1524 2901 1562 2951 fas
1576 2904 1639 2963 crat,
1651 2915 1700 2951 non
1713 2902 1796 2952 minus

1020 2989 1189 3054 quiuquennio
1205 2988 1347 3053 nuptiarum
1358 2991 1471 3052 expertes
1479 3003 1577 3040 manere
1591 2989 1726 3054 oportebat.
1744 2993 1796 3042 Hoc

1019 3082 1102 3130 autern
1112 3077 1169 3127 lecit
1183 3078 1311 3137 Amulius,
1327 3076 1457 3127 eonsilium
1473 3078 1578 3128 honesto
1589 3079 1687 3129 nomine
1702 3080 1793 3142 velans,

1019 3165 1314 3230 quasimaguononoreac
1321 3169 1467 3216 ornamento
1474 3167 1570 3223 [ratris
1577 3169 1717 3231 progeniem
1724 3168 1794 3218 deco·

1018 3259 1084 3307 rarat
1098 3255 1251 3320 :praesertim
1265 3255 1330 3318 quod
1348 3255 1399 3319 ipse
1415 3268 1460 3305 nec
1470 3254 1628 3306 huiusmoris
1639 3261 1725 3306 arrctor
1738 3256 1796 3305 inis-

1018 3344 1065 3404 set,
1085 3354 1173 3392 nacco
1185 3344 1283 3405 recepto
1297 3341 1398 3389 tratrem
1410 3340 1520 3390 virorum
1537 3341 1670 3390 illustrium
1687 3340 1795 3403 primum

1020 3431 1056 3480 uti
1080 3430 1208 3494 coegisset.
1248 3431 1309 3479 Nam
1331 3429 1396 3494 apud
1419 3428 1527 3478 Albanos
1550 3429 1670 3479 usitatum
1693 3432 1747 3479 erat
1769 3435 1794 3479 et

1018 3518 1189 3578 honorificum,
1203 3517 1481 3580 nobilissimasrirgincs
1494 3517 1577 3567 Vestra
1593 3516 1719 3566 ministras
1729 3517 1795 3567 desi-

1017 3607 1093 3671 gnari.
1123 3607 1173 3658 Sed
1184 3607 1307 3668 Numitor,
1321 3605 1434 3670 quamvis
1450 3605 1504 3655 brec
1516 3619 1530 3654 a
1543 3605 1617 3655 tratre
1629 3618 1679 3655 non
1698 3606 1793 3670 optima

1016 3700 1098 3746 mente
1110 3695 1163 3746 lieri
1177 3700 1350 3761 cognosceret,
1363 3697 1425 3746 iram
1438 3698 1578 3744 tamennon
1590 3689 1713 3758 patefecit,
1726 3709 1756 3745 ne
1768 3696 1794 3745 ia

1015 3784 1100 3848 populi
1120 3783 1206 3835 odium
1224 3783 1360 3835 incurreret
1387 3801 1393 3832 r
1415 3783 1459 3833 sed
1483 3782 1546 3832 banc
1563 3796 1662 3846 quoqne
1675 3783 1792 3833 iniuriam

1016 3874 1107 3923 tacitus
1129 3872 1237 3936 pertulit.

1046 3962 1165 4011 LxNVll.
1195 3965 1306 4022 verum,
1324 3963 1411 4022 quarto
1430 3962 1485 4022 post
1509 3972 1572 4008 anno
1586 3960 1686 4011 Silvium
1708 3961 1733 4010 in
1756 3973 1795 4011 sa·

1015 4071 1085 4107 crum
1112 4056 1198 4107 Martis
1215 4057 1299 4107 lucum
1317 4056 1467 4120 prolectam,
1486 4061 1514 4107 ut
1537 4071 1664 4109 sacrorum
1689 4072 1792 4117 mussa,

1014 4152 1184 4219 quiefactus
1201 4154 1266 4212 crat,
1288 4164 1379 4215 aquam
1401 4164 1488 4214 puram
1510 4151 1622 4212 atlcrret,
1644 4152 1795 4214 nescioquis

1014 4249 1040 4298 in
1062 4261 1092 4299 eo
1113 4247 1170 4298 luco
1185 4261 1228 4311 per
1239 4247 1290 4298 τίω
1312 4248 1443 4312 stuprarit.
1477 4251 1548 4300 llunc
1572 4255 1657 4300 autem
1683 4249 1794 4300 nonnulli

1014 4345 1081 4395 aiunt
1094 4343 1168 4394 tuisse
1184 4357 1259 4393 unum
1270 4342 1302 4394 de
1314 4343 1395 4407 procis
1406 4345 1504 4407 puellm,
1515 4359 1598 4395 amore
1615 4343 1716 4408 virginis
1733 4355 1792 4405 cap-

1014 4443 1067 4491 tum
1078 4457 1084 4488 :
1096 4439 1137 4489 alii
1149 4452 1208 4488 rero
1224 4438 1304 4501 ipsum
1317 4437 1455 4496 Amulium,
1469 4451 1516 4486 non
1529 4441 1580 4486 tam
1594 4437 1701 4487 lihidinis
1715 4449 1792 4500 quam

1013 4533 1155 4585 insidiarum
1178 4542 1275 4592 caussa,
1290 4531 1365 4581 armis
1387 4533 1491 4596 saeptum
1513 4535 1540 4582 ut
1561 4532 1630 4581 risus
1651 4531 1790 4580 maximnm

1013 4631 1133 4683 terrorem
1140 4630 1271 4693 incuteret,
1281 4642 1415 4692 omnesque
1430 4628 1502 4678 faciei
1516 4630 1586 4677 notas
1595 4640 1669 4690 quarn
1681 4627 1789 4677 maxime

1013 4728 1194 4779 obscurantem,
1228 4730 1260 4777 nt
1279 4726 1389 4790 plerique
1408 4723 1562 4780 fabulantur,
1586 4725 1713 4785 spectrum
1730 4720 1787 4784 dci,

1012 4829 1083 4878 cuins
1094 4828 1115 4878 is
1125 4825 1198 4877 lucus
1210 4828 1273 4887 erat,
1285 4824 1361 4874 luisse
1373 4836 1430 4872 cum
1443 4820 1525 4871 multa
1537 4821 1584 4870 alia
1594 4818 1653 4869 huic
1670 4819 1739 4868 casui
1754 4818 1788 4868 di·

1010 4923 1067 4975 rina
1078 4922 1184 4971 facinora
1196 4919 1346 4978 adserentes,
1354 4920 1409 4968 tum
1416 4915 1490 4966 etiam
1499 4916 1573 4965 solem
1582 4912 1665 4964 subito
1673 4912 1788 4963 obscura.

1011 5023 1065 5069 tum
1077 5019 1188 5082 cmloque
1204 5017 1320 5069 tenebras
1337 5016 1440 5066 otiosas.
1481 5015 1578 5065 Faciem
1590 5027 1660 5073 aero,
1675 5009 1786 5073 etiamid

1011 5119 1133 5178 spectrum
1145 5114 1265 5175 babebat,
1278 5111 1375 5163 mortali
1393 5112 1462 5175 longe
1478 5110 1645 5173 augustiorem
1664 5107 1739 5156 inisse
1760 5107 1786 5156 et
