3772 5828
183 394 241 454 itit

184 525 339 597 ἀπόκτισις,
360 522 500 602 ἀπέχουσα
521 544 569 591 της
591 515 701 592 &Prinna
724 512 845 578 σταδίους
872 510 963 568 ἕκατον

185 618 229 677 ἐπὶ
256 639 303 687 της
329 615 365 681 είς
399 611 562 691 Πραίνεστον
591 603 730 714 φερούσης
751 601 811 660 ὁδοῦ
844 598 963 676 κειμένη.

186 703 301 770 Γαόίους
316 700 422 772 siriae
410 699 576 760 ἐκάλουν·
545 719 591 753 νυν
608 693 656 770 μὲν
669 690 756 752 οὖκέτι
776 687 964 764 συνοικουμένη

186 800 270 863 πᾶσα,
284 790 353 861 πλὴν
369 787 466 848 δσα’
432 811 499 865 μερη
518 781 709 845 πανδοκεύεται
723 778 794 839 κατά
807 777 857 851 τλν
868 775 963 846 δίοδον,

146 908 159 945 s
187 879 283 941 τότεδὲ
300 880 514 955 πολυάνθρωπος,
527 875 550 931 εἰ
574 872 621 932 καί
635 894 675 937 τις
696 870 764 942 ἀλλη
785 867 832 927 καί
850 864 964 973 μεγάλη.

187 967 360 1047 Τικμήραιτσ
382 964 451 1024 δ’
434 989 465 1022 αν
483 987 522 1028 τις
551 962 632 1028 αὐτῆς
658 960 689 1018 τὸ
718 959 825 1035 μέγεθος
848 953 895 1012 καὶ
917 951 965 1022 τὴν

189 1056 340 1135 ἀξίωσινέρ
343 1057 414 1113 είπια
431 1058 457 1111 θε
447 1053 589 1127 1ασάμενος
609 1051 698 1107 οἰκιῶν
710 1047 834 1123 πολλαχῇ
854 1043 900 1101 καί
914 1038 965 1098 τεί-

188 1170 251 1227 χους
265 1078 379 1215 κύκλον,
392 1141 473 1202 έτι
445 1164 496 1220 γαρ
506 1142 552 1200 ἕο
543 1141 703 1209 ηκεναυτσι
714 1160 746 1194 τα
732 1134 879 1194 πλείστα
923 1132 968 1197 Εἰς

189 1234 286 1307 ταύτην
302 1232 480 1313 συνερρύησαν
495 1227 671 1305 Πωμεντίνων
689 1249 718 1284 τε
739 1228 790 1283 τῶν
805 1225 836 1282 ἐκ
848 1219 968 1290 Συέσσης

137 1348 162 1387 ru
189 1326 369 1407 ἀναφυγόντων
383 1320 469 1393 τινδς,
495 1316 587 1377 tae*
560 1340 607 1383 την
623 1314 745 1373 πόλιν’
716 1316 801 1371 αυτῶν
822 1309 968 1415 ’ίαρκύνιφς

189 1413 361 1483 κατελάύετο,
386 1410 431 1469 καί
455 1410 508 1466 τῶν
536 1411 564 1465 ἐκ
580 1403 688 1480 Ρόιμης
713 1403 835 1482 φυγάδων
860 1395 967 1477 συχνοί·

190 1497 236 1564 ai:
222 1526 261 1561 ·οι
276 1501 392 1577 δεόμενοι
403 1521 449 1557 και
439 1498 635 1576 ’λιπαροῦντες
649 1514 799 1569 τιμωρησαι
818 1486 892 1569 σφίσι
910 1485 970 1552 τοὺς

191 1592 318 1659 Ιαύίους,
330 1604 375 1647 και
366 1585 517 1694 πφλλάς
507 1579 710 1661 υπισχνούμενοι
724 1576 821 1659 δωρεάς
834 1579 857 1637 el
872 1574 969 1635 κατίλ·

118 1708 122 1723 =
191 1685 258 1739 borea
272 1676 312 1734 ί
288 1701 315 1734 r
328 1699 361 1733 τα
377 1696 426 1754 σφε
419 1673 503 1751 ’τερα,
518 1669 567 1742 τήν
583 1691 612 1727 τε
627 1667 769 1727 κατάλυσιν
783 1690 829 1727 του
843 1663 971 1743 τυράννου

140 1787 164 1827 tn
193 1766 307 1835 δυνατὴν
325 1760 514 1842 ἀποφαίνοντες
529 1780 576 1816 και
566 1756 719 1837 ’ῥαδίαν,“
705 1780 740 1822 ως
763 1753 859 1814 καὶ
825 1777 876 1813 των
897 1754 971 1811 tv*
938 1774 971 1832 τῃ

192 1859 267 1916 πόλει
289 1847 507 1931 συλληψομένων,
518 1839 972 1956 ἔπεισαναύτούςουμπροδυμηθέν-

193 1968 246 2003 των
259 1946 305 2001 καί
333 1937 525 2000 Οὐολούσκων
552 1931 811 2014 δπρεσόεύσαντο
783 1955 834 2011 γαρ
856 1933 972 1989 κάκεῖνοι

194 2033 311 2106 δεόμενοι
325 2026 493 2106 συμμαχίας·
505 2023 551 2082 τδν
562 2022 632 2081 κατδι
644 2045 688 2080 του
672 2022 849 2098 ’Ταρκυνίου
856 2018 972 2096 πολεμον

195 2118 346 2179 ἀναλαύεῐν.
383 2115 520 2191 Ἔγίνοντο
534 2110 567 2183 δὴ
581 2112 648 2187 μετὰ
658 2116 742 2168 ταῦτα
754 2111 878 2186 μεγάλοις
892 2130 972 2186 στρα·

140 2238 169 2297 ιγ»
194 2210 322 2285 τεύμασιν
350 2208 385 2272 είς
407 2204 455 2275 τὴν
476 2202 653 2273 ἀλληλων
619 2224 668 2277 γην
684 2197 801 2258 είσόολαλ
818 2197 864 2256 καί
888 2219 973 2256 κατα-

196 2296 290 2408 δρρμαὶ
309 2295 394 2373 μάχαι
413 2316 452 2367 τι,
473 2290 537 2371 ὅπερ
553 2289 630 2361 είκδς,
646 2289 705 2349 τοτὲ
723 2287 772 2366 μὲν
790 2286 886 2364 ὀλίγοις
910 2286 974 2365 πρὸς

195 2387 312 2464 ὀλίγους,
335 2404 392 2443 τοτε
382 2380 434 2440 ‘ii
452 2314 537 2439 πᾶσιρ
541 2402 604 2458 προς
618 2379 729 2450 πάντας,
744 2380 771 2437 έν
792 2368 833 2444 αἶς
847 2377 973 2443 πολλάκις

196 2495 230 2547 μ
231 2496 245 2529 ν
266 2474 290 2530 ol
313 2468 459 2530 l¹¹66rot
420 2492 479 2536 τους
491 2469 641 2546 Ρωμαίους
657 2467 817 2578 τρεψάμενοι
839 2467 885 2526 καί
904 2470 973 2526 πσλ-

195 2560 255 2628 iob<
287 2560 500 2630 καταύαλόντες,
530 2559 613 2626 ἀδεῶς
641 2556 690 2630 rip
716 2558 808 2637 χώραν
836 2555 972 2633 ἐπόρθουν·

142 2670 169 2710 aa
197 2648 326 2714 πολλάκις
351 2645 378 2706 ii
403 2650 427 2707 ol
452 2645 583 2724 Ῥωμαῖοι
602 2644 662 2713 τοὺς
683 2645 795 2713 Γαύίους
821 2644 901 2723 μέχρι
921 2645 974 2700 τῶν

195 2742 290 2817 τειχῶν
303 2738 438 2814 ὠσάμενοι
447 2736 492 2795 καί
507 2735 728 2800 κατακλείσαντες
738 2737 773 2802 είς
784 2734 832 2806 την
840 2735 916 2793 πόλιν
928 2733 974 2791 ἀν·

196 2826 314 2905 δράποδα
329 2826 373 2881 καί
387 2825 461 2883 λείαν
476 2825 563 2882 αὐτῶν
583 2823 686 2894 πολλὴν
703 2824 852 2900 ἀπήγαγον.

237 2920 312 2981 LIV.
338 2921 460 2999 Συνεχῶς
474 2917 502 2977 δέ
517 2917 614 2978 τούτων
640 2921 782 2995 γινομένων
796 2918 975 2994 ἠναγκάζοντο

197 3007 340 3088 ἀμφότεροι
372 3012 419 3079 τῆς
446 3006 536 3088 χώρας
564 3005 605 3066 δσ’
633 3000 665 3081 ἦν
696 3008 795 3085 δρυμνά
820 3008 976 3086 τειχίζοντες

143 3110 170 3149 to
195 3093 310 3178 φρουρὰν
320 3098 347 3153 έν
358 3098 444 3161 αὐτοῖς
454 3097 623 3168 καθιστάναι,
634 3097 785 3175 καταφυγῆς
794 3097 845 3151 τῶν
856 3097 977 3172 γεωργῶν

197 3189 290 3261 ἕνεκα,
314 3186 372 3243 ὅθεν
398 3185 547 3264 ὁρμώμενοι
573 3182 606 3240 τά
627 3206 655 3241 τε
682 3181 813 3262 λῃστήρια
836 3181 882 3241 καὶ
905 3181 929 3239 εί
950 3206 977 3240 τι

198 3272 368 3335 ἀποσπασθὲν
380 3275 458 3333 ἴδοιεν
474 3272 551 3350 μέρος
576 3273 665 3350 ὀλίγον
680 3272 733 3331 ἀπὸ
747 3273 844 3331 πολλοῦ
864 3275 977 3347 στρατοῦ

197 3364 243 3423 καί
266 3355 298 3422 οἷ’
321 3364 388 3428 είκδς
415 3365 441 3421 ἐν
468 3371 612 3440 προνομαῖς
634 3361 795 3420 ἀσύντακτον
824 3359 866 3419 iri
894 3383 977 3418 κατα·

198 3455 333 3534 φρόνησιν,
345 3453 477 3519 κατιόντες
487 3449 575 3533 ἀθρόοι
588 3448 745 3531 διέφθειρον·
756 3451 863 3510 καὶτῶν
875 3448 976 3509 πολεων

145 3575 172 3615 ,5
198 3543 238 3601 ia'
252 3533 284 3614 ἦν
299 3540 420 3644 ἐπίμαχα
444 3538 489 3598 καί
515 3537 591 3621 ῥᾴδια
615 3541 747 3620 ληφθῆναι
770 3538 813 3597 cri
841 3539 978 3617 κλιμάκων

199 3629 373 3706 ἐξοικοδομεῖν
397 3652 425 3688 τε
449 3627 495 3687 καί
530 3630 652 3709 ἀποταφρ
639 3628 736 3707 ρεύειν,
767 3627 909 3695 δεδοικότες
931 3627 979 3697 ab<

199 3719 358 3827 αίφγιδίους
358 3717 480 3788 ἀλλήλοιν
495 3714 612 3794 ἐφόδους.
656 3718 765 3777 italica
776 3719 800 3775 δ’
811 3716 980 3831 δΤαρκύνιρς

201 3809 349 3886 aspirantur
350 3795 536 3885 ’tamisia
548 3805 594 3864 καί
617 3810 664 3876 τῆς
677 3804 818 3873 πολεως“
792 3830 826 3865 τα
840 3807 905 3886 πρὸς
920 3806 979 3872 τους

201 3895 314 3959 Γαόίους
340 3893 471 3972 βλέποντα
499 3900 544 3953 τοῦ
573 3894 713 3971 περιύολου
742 3893 785 3953 διδ
810 3894 980 3975 πολυχειρίας

148 4014 175 4051 40
202 3981 371 4059 εξωχυρσῧτο,
386 3982 484 4061 τάφρον
499 3980 696 4061 ὀροξάμενος’
672 3982 813 4060 ευρυτέραν
832 3982 877 4040 καί
895 3991 981 4064 τεῖχος

203 4070 335 4145 ἀνεγείρας
346 4071 504 4148 ὑψηλότερον
519 4071 563 4128 καί
574 4068 681 4150 πύργοις
690 4068 823 4129 tralatis
840 4070 871 4129 τὸ
883 4071 981 4150 χωρίον

202 4156 383 4235 πυκνοτέροις·
396 4158 468 4216 κατά
482 4164 558 4218 τοῦτο
572 4159 623 4238 γάρ
634 4158 718 4217 ἐδόκει
732 4158 888 4235 μάλιστατὸ
904 4161 981 4241 μέρος

203 4244 312 4317 ἡπόλις
334 4245 459 4326 ἀνόχυρος
480 4238 555 4321 εἶναι,
576 4250 662 4307 πάντα
677 4248 722 4306 τὸν
741 4248 820 4307 ἀλλον
841 4248 981 4331 περίύολον

204 4332 324 4414 ἀσφαλὴς
347 4336 465 4401 ἐπιεικῶς
485 4330 551 4394 aisa
570 4337 615 4395 καὶ
637 4337 821 4417 δυσπρόσιτος.
864 4335 981 4416 Ἔμελλε

150 4446 176 4484 sa
204 4422 278 4495 δὲ,δ
301 4423 398 4488 πάσαις
413 4426 481 4502 φιλεῖ
501 4423 655 4501 συμύαίνειν
676 4427 734 4494 ταῖς
754 4427 862 4486 πόλεσιν
882 4430 909 4487 έν
928 4437 981 4495 τοῖς

205 4520 313 4591 μακροῖς
323 4511 459 4584 πολέμοις,
470 4514 614 4593 δῃουμένης
627 4513 670 4574 tri
682 4515 729 4583 τάς
738 4518 853 4595 συνεχεῖς
866 4522 917 4577 τῶν
930 4540 982 4577 πο-

204 4601 304 4678 λεμίοιν
321 4599 440 4664 εἶσύολδις
460 4606 506 4671 τῆς
527 4610 575 4680 γῆς
594 4603 639 4662 καί
663 4603 758 4680 μηκέτι
785 4606 843 4668 τοὺς
868 4606 983 4686 καρποὺς

206 4688 379 4768 ἐκφερούσης,
399 4692 493 4755 σπάνις
521 4690 626 4763 ἁπάσης
648 4698 746 4772 τροφῆς
769 4696 795 4751 ἐν
823 4695 982 4775 ἀμφοτέραις

207 4781 312 4837 ἔσεσθαι
326 4775 372 4837 καί
388 4776 458 4847 δεινὴ
472 4777 590 4857 περὶτοῦ
603 4781 744 4856 μέλλοντος
758 4784 875 4857 ἀθυμία·
891 4783 983 4843 κάκιον

153 4880 180 4917 σο
207 4864 234 4920 δὲ
261 4865 322 4933 τοὺς
347 4866 498 4945 Ῥωμαίους
528 4866 661 4940 δπίεζενῆ
687 4870 747 4936 τοὺς
769 4869 882 4939 λἀύίους
899 4873 982 4943 ἡτῶν

209 4952 358 5027 ἀναγκαίων
373 4957 473 5029 ἔνδεια,
493 4955 537 5014 καί
554 4959 578 5015 οἱ
595 4959 749 5018 πενέστατοι
766 4960 853 5018 αὐτῶν
867 4959 983 5070 μάλιστα

208 5038 350 5108 κάμνοντες
365 5045 533 5151 ὁμολογίας
516 5069 596 5105 ωοντυ
611 5049 664 5106 δεῖν
678 5050 839 5119 ποιήσασθαι
851 5049 915 5127 πρὸς
927 5048 985 5116 τοὺς

211 5123 322 5191 Ιαύίους
342 5131 387 5186 καὶ
408 5134 451 5190 τὸν
475 5135 589 5210 πολεμον
610 5127 690 5213 ἐφ”ί
664 5156 701 5202 οις
725 5136 790 5195 ἀν’
779 5143 873 5193 εκεῑνοι
892 5133 986 5195 θέλωσι

210 5211 392 5274 διαλύσασθαι.

705 376 872 439 ulon'l'stl
899 367 1281 436 flnntcnnltnssunsls

1018 528 1074 581 quae
1087 514 1118 565 ab
1130 512 1192 563 urbe
1207 513 1310 562 centum
1320 509 1403 559 stadia
1412 507 1500 559 eberat
1509 508 1537 559 in
1551 507 1593 560 ria
1604 521 1655 572 qua
1675 510 1800 559 Praeneste

1019 608 1077 662 itur.
1111 607 1203 660 Gabios
1215 607 1280 658 hanc
1292 604 1431 657 rorabant:
1445 614 1511 654 nunc
1523 603 1624 667 quidem
1636 617 1683 654 nou
1694 606 1801 667 amplius

1019 702 1073 751 tota
1092 699 1217 757 incolitur,
1231 697 1275 748 sed
1300 708 1336 747 eae
1356 697 1452 746 tantum
1469 697 1553 759 parles
1573 707 1630 757 quae
1653 696 1677 744 tn
1701 695 1801 758 publrco

1000 792 1108 847 .illnere
1121 788 1260 842 diversoria
1276 786 1369 838 babent
1388 808 1394 834 ι
1411 788 1473 836 tuuc
1487 799 1546 836 vero
1572 786 1688 851 trequens
1706 791 1758 837 erat
1773 789 1800 838 et

1021 886 1042 936 si
1062 898 1119 951 quse
1128 884 1176 934 alia
1187 896 1283 947 magna.
1317 882 1355 931 De
1371 880 1426 930 eius
1435 884 1518 931 sutem
1531 882 1698 945 magnitudine
1710 883 1800 932 etam-

1020 977 1142 1043 plitndine
1154 975 1321 1026 coniecturam
1341 974 1422 1023 lacere
1434 973 1523 1037 poterit
1537 1025 1541 1033 ,
1553 975 1595 1037 (γαί
1612 976 1688 1025 variis
1700 988 1724 1023 rn
1742 975 1802 1024 locis

1021 1069 1184 1121 aedidciorum
1210 1066 1293 1117 minas
1317 1069 1342 1115 et
1364 1078 1492 1117 mummm
1516 1067 1637 1118 ambitum
1655 1068 1802 1132 spectarit:

1021 1163 1127 1215 maxima
1136 1164 1201 1215 euim
1214 1179 1300 1216 eorum
1315 1179 1373 1230 pars
1383 1165 1464 1215 adhuc
1480 1166 1537 1215 stat.
1571 1164 1627 1213 Huc
1638 1161 1740 1226 quidam
1752 1164 1804 1212 Po-

1022 1259 1140 1318 meutini,
1168 1272 1199 1309 er
1245 1261 1336 1311 Suessa
1370 1261 1543 1325 profugerant,
1564 1273 1622 1310 curn
1656 1259 1803 1321 Tarquinius
1842 1328 1846 1335 ἡ

1023 1358 1109 1407 urbem
1121 1357 1282 1408 demoliretur
1295 1357 1323 1406 et
1334 1359 1425 1421 praetcr
1445 1367 1488 1405 eos
1501 1353 1576 1403 mulli
1590 1355 1694 1403 Romam
1704 1352 1804 1402 exsules

1025 1452 1202 1503 conduxerant.
1235 1451 1365 1503 Plorantss
1395 1452 1421 1500 et
1456 1449 1607 1499 obtestantes
1641 1446 1749 1498 Gabinos
1776 1449 1804 1496 ut

1024 1543 1126 1597 iniurias
1140 1560 1198 1597 suas
1207 1545 1395 1604 ulciscerentur,
1408 1546 1434 1593 et
1444 1543 1523 1594 multu
1534 1542 1598 1593 dona
1615 1543 1802 1606 promittentes,

1025 1640 1047 1690 ai
1061 1639 1169 1703 ipsorum
1180 1652 1253 1704 opera
1263 1638 1287 1688 in
1303 1637 1406 1701 patriam
1421 1635 1559 1697 rediissent,
1573 1638 1600 1686 et
1608 1634 1804 1686 demonstrantes

1025 1733 1153 1797 Tarquinii
1170 1731 1324 1796 tyrannidem
1341 1731 1412 1781 tacite
1426 1731 1505 1782 everti
1520 1743 1609 1794 posse,
1623 1729 1690 1794 quod
1701 1731 1805 1779 Romam

1027 1840 1125 1891 quoque
1149 1828 1212 1890 ipsos
1224 1824 1335 1877 adlaturi
1347 1827 1440 1891 essent,
1450 1824 1550 1875 tandem
1562 1822 1610 1875 illis
1639 1837 1690 1874 rem
1701 1836 1803 1887 persua·

1027 1903 1130 1979 serunt,
1146 1917 1242 1969 volscis
1257 1931 1357 1981 qnoque
1374 1917 1466 1983 paratis
1478 1917 1612 1975 (miserant
1618 1916 1685 1966 enim
1698 1916 1732 1966 illi
1746 1929 1805 1979 quo

1027 2028 1076 2078 que
1088 2013 1232 2078 legatosqui
1247 2013 1391 2065 societatem
1401 2013 1510 2079 ipsorum
1524 2014 1659 2077 peterent),
1673 2011 1705 2062 ad
1715 2012 1806 2062 bellum

1027 2110 1112 2159 contra
1124 2106 1288 2170 Tarquinium
1297 2105 1488 2172 suscipiendum.
1522 2107 1611 2155 Postea
1624 2107 1719 2169 magnis
1732 2118 1805 2156 exer·

1026 2196 1117 2248 eillbus
1138 2197 1238 2260 utrique
1257 2198 1285 2247 iu
1299 2211 1387 2263 agrum
1410 2196 1520 2248 bostium
1539 2196 1652 2246 incursus
1674 2197 1805 2259 lecerunt,

1027 2304 1134 2354 eumque
1148 2295 1286 2354 vastarunt,
1301 2295 1328 2341 et
1349 2292 1393 2355 (ut
1403 2288 1514 2341 accidere
1530 2288 1610 2350 solet)
1624 2289 1698 2340 modo
1717 2291 1806 2354 exigua

1027 2384 1133 2435 militum
1148 2396 1236 2445 manu,
1250 2384 1324 2434 modo
1339 2382 1460 2435 amirmsls
1479 2381 1557 2448 copiis
1571 2382 1658 2447 proelia
1672 2385 1806 2435 commise-

1027 2480 1106 2528 mnt:
1122 2477 1148 2527 in
1161 2477 1329 2543 quibnssaupe
1347 2476 1444 2537 Gabini,
1459 2474 1573 2527 Romanis
1587 2476 1620 2527 ad
1636 2477 1706 2528 urbis
1722 2491 1809 2529 muros

1027 2579 1106 2630 usque
1122 2566 1185 2618 lusis
1207 2580 1237 2617 ac
1252 2566 1343 2632 ruptis
1356 2568 1383 2617 et
1396 2565 1483 2617 multis
1502 2564 1596 2632 captis,
1609 2564 1708 2631 impure
1721 2580 1810 2631 sgmm

1029 2655 1137 2721 populati
1151 2658 1210 2707 sunt
1221 2675 1227 2706 ε
1239 2669 1309 2720 supe
1331 2656 1405 2707 εθαεο
1419 2654 1533 2719 Romani,
1554 2654 1657 2705 Gabinis
1674 2655 1810 2722 pmfligatis

1029 2746 1093 2796 etin
1112 2744 1198 2796 urbem
1216 2744 1359 2811 compulsis,
1379 2743 1500 2811 mancipia
1517 2747 1545 2795 et
1557 2742 1685 2808 ingentem
1699 2745 1809 2811 praedam

1031 2835 1172 2897 abegerunt.

1061 2933 1124 2981 th'.
1139 2931 1202 2979 cnm
1214 2933 1296 2981 autem
1310 2931 1364 2981 baec
1376 2930 1475 2981 assidue
1492 2929 1593 2986 tierent.
1613 2928 1712 2993 utrique
1728 2931 1809 2980 coacti

1031 3019 1151 3082 sunt-loca
1168 3017 1193 3067 in
1215 3033 1260 3068 suo
1274 3024 1434 3081 agronatura
1446 3019 1541 3070 munita
1554 3032 1639 3069 muros
1656 3018 1770 3083 cingere,
1783 3021 1811 3069 et

1031 3103 1173 3169 presidium
1184 3104 1210 3154 in
1218 3105 1406 3167 llliscollocare,
1419 3111 1447 3158 ut
1458 3107 1686 3172 essentagrestibus
1697 3107 1791 3173 refugia
1802 3127 1808 3159 ι

1032 3194 1096 3245 undo
1109 3192 1173 3245 lacta
1195 3196 1332 3258 emptione,
1350 3198 1376 3244 et
1394 3195 1537 3258 predones,
1562 3196 1584 3246 si
1606 3211 1681 3261 quarn
1698 3197 1811 3262 exiguam

1031 3288 1128 3348 partem
1140 3298 1155 3333 a
1165 3282 1260 3346 reliquo
1274 3284 1383 3336 exercitu
1403 3284 1516 3334 avulsam
1525 3285 1756 3336 animadvertissent
1768 3291 1811 3349 et,

1032 3372 1098 3436 quod
1123 3373 1147 3423 in
1173 3370 1372 3436 pabulationibus
1395 3372 1459 3423 solet
1474 3373 1598 3434 accidere,
1622 3374 1688 3424 nullo
1714 3378 1812 3424 serrato

1033 3460 1118 3511 ordine
1139 3464 1267 3525 vagantem
1280 3460 1313 3511 ob
1326 3461 1436 3512 boatium
1458 3464 1686 3527 contemptionem,
1705 3466 1814 3516 conserti

1032 3548 1209 3600 descendentes
1230 3549 1404 3600 trucidabant:
1421 3553 1446 3601 ct
1462 3550 1561 3600 urbium
1582 3557 1675 3615 partes,
1697 3566 1756 3615 ques
1771 3567 1814 3618 op

1035 3638 1137 3704 pugnari
1153 3641 1179 3688 et
1203 3639 1276 3688 saetis
1291 3637 1397 3688 admotis
1418 3637 1489 3688 lacile
1505 3638 1571 3702 capti
1596 3643 1723 3702 poteraut,
1736 3640 1814 3690 muris

1034 3730 1060 3777 et
1089 3730 1152 3777 lossa
1174 3728 1271 3777 munire
1299 3726 1470 3790 coactantur,
1502 3726 1569 3790 quod
1593 3727 1640 3776 sibi
1670 3729 1815 3779 metuebant

1035 3817 1158 3879 utriquea
1171 3816 1303 3879 repentinis
1320 3813 1508 3864 incursionibus.
1542 3815 1689 3879 Tarquinius
1711 3830 1770 3865 rero
1789 3818 1814 3866 iu

1035 3903 1083 3953 boc
1104 3917 1177 3967 opere
1201 3903 1279 3966 inagis
1300 3906 1434 3967 occupatus
1459 3901 1515 3963 init,
1532 3907 1558 3953 et
1576 3917 1632 3955 eam
1663 3903 1812 3954 urbanomm

1035 4005 1161 4041 tnurorum
1178 3996 1282 4055 partem,
1294 4005 1350 4053 quau
1364 3991 1457 4040 Gabios
1466 3995 1562 4055 spectat
1576 3993 1667 4057 ingenti
1683 4006 1814 4056 operarum

1036 4094 1137 4131 nomem
1162 4081 1324 4141 communiit,
1350 4085 1375 4131 ct
1394 4081 1565 4132 circumducta
1585 4083 1672 4133 latiore
1691 4084 1773 4144 losse,
1790 4089 1815 4135 et

1036 4170 1115 4219 muria
1137 4169 1211 4219 altius
1224 4170 1331 4229 erectis,
1351 4172 1376 4219 et
1399 4171 1607 4234 frequentioribus
1627 4172 1740 4222 turribus
1771 4187 1816 4237 per

1037 4257 1134 4307 modica
1150 4257 1279 4307 interualla
1290 4257 1401 4309 additis:
1423 4258 1470 4309 lrac
1491 4260 1556 4310 enirn
1569 4261 1724 4324 potissimum
1747 4265 1816 4326 parte

1036 4348 1096 4399 urbs
1118 4348 1214 4398 inlrrrna
1233 4349 1371 4409 ridebatur,
1385 4354 1410 4400 at
1430 4350 1453 4400 ln
1473 4352 1568 4415 reliquo
1580 4367 1707 4403 murorum
1721 4354 1817 4404 ambitu

1037 4438 1098 4488 satis
1110 4442 1164 4487 tuta
1183 4441 1208 4487 et
1225 4452 1325 4488 accessu
1341 4438 1458 4489 diitieilis.
1493 4443 1591 4502 ltaque,
1616 4441 1684 4506 quod
1702 4442 1817 4493 omnibus

1037 4524 1180 4575 ciuitatibus
1201 4524 1313 4574 accidere
1327 4527 1390 4575 solet
1405 4528 1428 4574 in
1450 4525 1521 4575 bellis
1535 4525 1673 4589 diuturnis,
1691 4529 1724 4577 ob
1738 4528 1818 4579 conti·

1037 4625 1099 4662 uuas
1128 4610 1238 4661 bostium
1261 4610 1416 4663 incursiones
1447 4617 1544 4664 vastato
1560 4627 1619 4677 agro
1650 4628 1696 4665 nec
1723 4616 1819 4665 tructus

1038 4699 1144 4764 amplius
1161 4701 1266 4764 terente,
1283 4704 1386 4767 uterque
1402 4703 1507 4766 populus
1520 4704 1630 4753 omnium
1644 4705 1819 4755 alimentorum

1039 4788 1140 4854 penuria
1163 4789 1334 4850 laboraturus,
1349 4795 1375 4841 et
1393 4789 1424 4840 de
1444 4791 1527 4840 lrrturo
1539 4792 1696 4842 vehementer
1709 4792 1819 4842 solicitus

1040 4877 1139 4927 iuturus
1155 4882 1209 4929 erat
1228 4897 1235 4928 :
1251 4878 1352 4942 gravius
1374 4884 1455 4930 lemen
1476 4884 1628 4931 commeatus
1648 4881 1748 4944 pecuda
1771 4882 1819 4929 lto·

1040 4983 1126 5019 manos
1142 4984 1217 5033 quam
1233 4970 1342 5021 Gabinos
1355 4969 1495 5035 premebat3
1515 4975 1540 5021 et
1557 4971 1708 5036 pauperrimi
1724 4971 1819 5035 quique

1042 5058 1204 5109 lracmaxime
1221 5059 1298 5123 pressi
1314 5074 1400 5124 pacem
1413 5073 1470 5109 cum
1490 5058 1592 5110 Gabinis
1608 5061 1745 5111 taciendam
1762 5074 1820 5111 cen-

1042 5150 1144 5209 sebant,
1157 5154 1182 5200 et
1192 5149 1283 5202 bellurn
1294 5131 1483 5213 quibuscunque
1495 5151 1530 5202 illi
1539 5153 1630 5204 relleut
1641 5151 1820 5206 conditionibus

1045 5235 1186 5291 finiendum.
