3772 5828
169 345 227 406 {60

167 501 218 538 των
237 475 283 535 καί
304 478 356 534 τῶν
371 476 541 554 τραυματιῶν
559 472 589 532 τ“ο
613 473 727 542 πλῆθος,
747 469 836 530 οὐκέτι
850 477 944 548 πεῖραν

167 567 306 627 ἐύούλοντο
317 562 406 644 έτέρου
420 562 511 622 λαύεῖν
528 564 641 639 ἀγῶνος,
656 559 714 619 ἀλλ’
728 559 877 626 ἐκλιπόντες
886 556 945 623 τοθς

167 656 290 737 χάρακας
302 651 437 732 ἀπῄεσαν·
450 651 496 710 καὶ
511 649 674 715 διαλιπόντες
688 648 732 708 τδν
748 647 865 706 ἐνιαυτόν
879 649 945 705 έκεῖ-

168 767 212 804 νον
237 743 318 802 πάλιν
343 741 454 820 ἐξῄεσαν
484 741 529 797 ἐπ’
552 737 682 807 ἀλλήλους
708 736 827 811 μείζονας
853 757 946 813 παρα-

55 837 64 850 ’
129 858 143 894 s
169 834 362 910 σκιυασάμενοι
377 831 516 905 δυνάμεις,
531 826 633 906 γίνεταί
648 849 676 884 τε
692 827 778 884 αὐτῶν
794 826 854 904 περὶ
868 823 946 883 πόλιν

170 919 285 1001 Ἠρητὸν
303 917 354 976 ἀπὸ
370 916 483 976 σταδίων
500 914 628 985 ἑξήκοντα
644 913 688 973 καλ
704 912 797 972 ἑκατὸν
810 917 858 983 τῆς
877 911 946 973 Ῥώ·

171 1032 223 1086 μης
238 1005 322 1083 ἀγὼν,
337 1007 363 1062 ἐν
383 996 404 1084 ᾧ
420 1002 531 1069 πολλοὺς
544 1001 591 1078 μὲν
607 1002 761 1083 ἀμφοτέραιν
776 1000 871 1073 συνέθη
894 1022 946 1058 πε-

173 1103 243 1154 σεῖν·
260 1092 399 1172 ἰσορρόπου
419 1089 446 1148 δέ
470 1089 592 1160 κάκείνης
617 1091 665 1160 τῆς
686 1088 775 1169 μάχης
801 1086 846 1146 έπθ
865 1086 946 1146 πολύν

170 1182 262 1265 χρόνον
279 1176 469 1256 διαμενούσης,
486 1178 622 1244 ἀνατείνας
647 1180 683 1242 εἰς
703 1176 746 1236 τδν
768 1175 876 1256 ούρανδν
899 1174 948 1243 τθις

120 1295 143 1333 to
170 1276 261 1353 χεῖρας
282 1269 416 1336 ὀΤύλλος
440 1264 531 1337 εύξατο
554 1271 608 1335 τοῖς
628 1272 713 1342 θεοῖς,
735 1265 781 1324 ἐὰν
801 1265 947 1345 νικήσητῇ

169 1361 229 1421 τότε
241 1358 329 1439 ἡμέρᾳ
342 1355 487 1429 Σαόίνους,
502 1355 604 1435 Κρόνου
618 1379 647 1416 τε
663 1357 708 1415 καί
722 1355 802 1423 Ῥέας
815 1353 948 1426 καταστή-

170 1454 262 1510 σεσθαι
283 1448 437 1524 δημοτελεῖς
455 1444 564 1524 ἑορτάς,
581 1445 611 1512 ἀς
634 1444 728 1523 ἄγουσι
742 1443 872 1519 Ῥωμαῖοι
887 1444 946 1503 καθ’

171 1538 281 1598 ἕκαστον
297 1535 429 1610 ἐνιαυτὸν,
443 1531 505 1593 δταν
525 1532 643 1601 ἅπαντας
660 1532 719 1600 τούς
737 1534 767 1592 ἐκ
782 1535 830 1610 γῆς
851 1554 948 1608 συγκο-

173 1627 271 1705 μίσωσι
290 1622 426 1706 καρπούς,
443 1621 487 1681 καί
507 1621 550 1682 τόν
574 1627 626 1681 τῶν
651 1623 756 1682 Σαλίων
780 1621 947 1697 καλουμένων

120 1734 145 1773 to
173 1713 357 1776 διπλασιάσειν
381 1713 507 1791 ἀριθμόν·
524 1702 595 1771 οὗτοι
610 1710 632 1769 δ’
655 1711 706 1769 εἰσὶ
731 1710 852 1789 πατέρων
867 1711 947 1785 εύγε-

173 1809 241 1878 νῶν,
258 1802 393 1869 ἐνοπλίους
416 1799 540 1880 ὀρχήσεις
563 1799 709 1875 κινούμενοι
735 1799 798 1878 πρὸς
817 1797 895 1856 αύλθν
922 1800 948 1855 έν

172 1893 225 1960 τοῖς
239 1891 385 1963 καθήκουσι
394 1891 514 1971 χρόνοις,
528 1888 574 1948 καλ
587 1889 681 1965 θμνους
693 1886 765 1954 τινάς
780 1889 884 1968 ᾄδοντες
896 1910 949 1945 ποι-

171 1981 274 2060 τρίους,
293 1983 329 2047 ὡς
343 1983 369 2040 έν
393 1982 431 2059 τῷ
446 1977 567 2060 προτέρῳ
587 1977 723 2048 δεδήλωκα
743 1975 826 2054 λόγῳ.
871 1975 949 2035 Μετά

172 2070 200 2130 δέ
220 2070 268 2141 τήν
286 2067 366 2148 εύχὴν
389 2066 487 2139 ταύτην
512 2068 607 2144 θάρσος
628 2089 657 2124 τε
673 2063 874 2141 καταλαμόάνει
891 2061 951 2131 τοθς

119 2177 148 2217 τυ
172 2157 344 2235 Ῥωμαίους,
363 2156 409 2215 καῖ
423 2155 514 2235 ὥσπερ
529 2157 646 2232 ἀκμῆτες
660 2156 695 2220 εἰς
712 2153 860 2228 κάμνοντας
873 2152 951 2210 ώσά-

175 2271 249 2325 μενοι
264 2248 398 2306 διασπῶσι
415 2242 463 2311 τάς
477 2242 566 2311 τάξεις
585 2240 748 2320 αὐτῶνπερὶ
766 2239 853 2311 δείλην
872 2240 950 2320 ὀψίαν

177 2336 229 2409 ήδη
240 2380 249 2408 ,
262 2334 307 2393 καλ
326 2333 504 2410 ἀναγκάζουσι
522 2329 582 2396 τούς
600 2328 789 2409 πρωτοστάτας
803 2327 880 2405 άρξαι
897 2350 949 2406 φυ-

174 2429 237 2503 γῆς·
260 2421 482 2494 ἀκολουθήσαντές
504 2445 533 2480 τε
551 2422 606 2488 τοῖς
625 2419 760 2499 φεύγουσιν
777 2418 820 2475 tat
835 2416 879 2475 τὸν
899 2416 949 2496 χά-

176 2537 261 2593 ρακα,
277 2511 323 2572 καλ
345 2510 404 2590 περὶ
421 2509 467 2578 τθις
483 2511 596 2591 τάφρους
614 2509 705 2586 πολλῶ
719 2507 844 2573 πλείονας
859 2527 950 2564 κατα-

121 2625 149 2664 es
175 2599 315 2671 ύαλόντες,
337 2599 395 2658 οὐδε
412 2597 494 2664 οὕτως
513 2597 715 2679 ἀπετράποντο,
734 2596 803 2655 ἀλλά
817 2597 951 2674 παραμεί·

176 2711 265 2756 ναντες
290 2686 339 2758 τήν
377 2691 502 2747 ἀπιοῦσαν
535 2685 633 2758 νύκτα,
659 2687 705 2744 καὶ
735 2684 793 2751 τούς
824 2683 877 2743 ἀπὸ
905 2690 951 2745 τοῦ

178 2777 308 2857 ἐρύματος
317 2776 483 2854 μαχομένους
499 2773 658 2855 ἀνείρξαντες
668 2773 816 2853 ἐκράτησαν
829 2777 876 2843 τῆς
885 2796 949 2852 παρ·

176 2866 300 2945 εμύολῆς.
342 2864 419 2924 Mra&
444 2863 472 2924 δὲ
496 2868 573 2924 τοῦτο
586 2863 616 2921 τὸ
640 2864 713 2943 έργον
736 2863 799 2932 ὀοην
812 2861 950 2921 ἐόούλοντο

175 2960 221 3025 τῆς
240 2957 293 3013 τῶν
309 2951 431 3015 Σαύίνων
447 2952 682 3024 λεηλατήσαντες,
703 2954 737 3017 ὡς
758 2950 841 3016 odiet<
864 2953 952 3017 αὐτοῖς

121 3065 151 3106 το
176 3042 261 3105 ούκέτι
275 3042 336 3122 περὶ
351 3045 398 3111 τῆς
417 3039 506 3121 χώρας
524 3040 592 3119 έξήει
608 3039 808 3118 μαχησόμενος,
830 3038 952 3117 ἀπήισαν

177 3133 217 3190 ἐπ’
236 3128 320 3190 οίκου.
364 3128 427 3189 ’Aac
440 3128 537 3200 ταύτης
549 3133 596 3199 τῆς
609 3130 698 3206 μάχης
711 3126 756 3185 τὸν
772 3125 857 3205 τρίτον
872 3125 953 3197 κατή-

175 3243 241 3299 γαγε
257 3218 409 3298 θρίαμύονύ
426 3216 560 3296 βασιλεύς·
572 3215 617 3275 καλ
632 3218 690 3293 μετ’
703 3218 731 3274 ού
746 3215 812 3274 πολύ
824 3213 953 3295 πρεσόευ-

176 3306 298 3384 σαμένοις
325 3309 379 3371 τοῖς
406 3303 531 3370 Σαύίνοις
559 3302 720 3363 καταλύεται
748 3303 791 3362 τὸν
821 3303 953 3380 πολεμον,

176 3394 362 3476 αἰχμαλώτους
375 3418 403 3452 τε
419 3393 484 3472 παρ’
503 3395 589 3452 αὐτῶν
605 3393 801 3471 κομισάμενος,
819 3391 862 3460 οθς
876 3393 953 3470 ἐτύγ-

123 3512 149 3552 αη
175 3507 256 3565 χανον
272 3483 407 3564 εἰληφότες
422 3483 449 3540 ἀν
464 3489 521 3548 ταῖς
541 3490 702 3560 προνομαῖς,
717 3482 763 3539 καί
779 3481 953 3559 αιίτομόλους,

179 3570 354 3651 βοσκημάτων
377 3569 466 3628 τεκαὶ
484 3568 630 3648 ὑποζυγίων
650 3569 762 3628 καὶτῶν
778 3569 866 3628 ἀλλων
884 3592 953 3649 χρη-

177 3661 281 3734 μάτων,
298 3658 348 3717 ὅσα
373 3657 431 3725 τοθς
454 3657 583 3739 γεωργούς
608 3660 761 3740 ἀφειλοντο,
776 3658 808 3729 ἣν
830 3657 918 3725 ἔταξεν
938 3662 953 3729 η

178 3747 259 3827 βουλή
275 3749 326 3805 τῶν
341 3744 485 3824 Ῥωμαίων
497 3749 595 3824 ζημίαν
613 3745 783 3824 τιμησαμένη
794 3745 840 3812 τάς
853 3747 955 3825 βλάόας

176 3837 240 3915 πρὸς
256 3835 378 3914 ἀργύριον
397 3835 559 3916 ἀναπράξας.

123 3940 150 3980 ⁴0
217 3925 352 3987 XXXIII.
372 3923 436 3983 Ἐπὶ
448 3924 547 3992 τούτοις
555 3923 767 3999 καταλυσάμενοι
781 3922 824 3980 τίεν
839 3922 954 4000 πόλεμον

177 4018 200 4071 σί
216 4013 344 4087 Σαύῖνοι,
358 4019 403 4071 καῖ
426 4016 477 4072 τῶν
499 4016 642 4090 ὁμολογιῶν
664 4014 761 4083 στήλας
785 4012 957 4092 ἀντιγράφους

177 4098 262 4166 θέντες
288 4105 315 4160 ἐν
336 4105 389 4167 τοῖς
413 4101 505 4181 ἱεροῖς,
539 4100 629 4173 ἐπειδὴ
663 4101 775 4172 συνέστη
810 4100 957 4177 Ῥωμαίοις

177 4187 242 4266 πρὸς
257 4188 303 4255 τάς
318 4189 438 4247 Λατίνων
455 4190 543 4257 πόλεις
558 4195 632 4271 κοινῇ
643 4189 832 4265 συνισταμένας
843 4192 957 4267 πόλεμος

179 4280 207 4336 ού
219 4277 305 4360 ῥᾴδιος
315 4280 341 4335 ἐν
349 4277 429 4357 ὀλίγῳ
441 4285 628 4358 καθαιρεθῆναι
640 4281 737 4359 χρόνῳ·
751 4283 782 4339 δι’
796 4281 825 4345 ἀς
836 4281 862 4339 δέ
872 4282 957 4348 αἰτίας

140 4381 151 4417 5
179 4368 261 4446 ὀλίγῳ
271 4365 379 4443 θστερον
388 4369 438 4446 ἐρῶ
447 4392 453 4405 ·
463 4369 598 4445 δεξάμενοι
609 4370 640 4428 τὸ
648 4369 754 4449 συμόδιν
765 4372 919 4447 ἀγαπητῶς,
928 4371 969 4451 ὅρ-

179 4479 231 4514 κων
241 4457 289 4533 μὲν
299 4453 404 4512 ἐκείνων
413 4456 458 4513 καί
466 4463 600 4530 συνθηκῶν
610 4458 700 4539 ώσπερ
709 4459 768 4517 οὐδὲ
777 4460 958 4536 γεγενημένων

181 4546 357 4616 ἐπελάθοντο,
370 4544 460 4624 καιρόν
474 4546 500 4604 δέ
514 4546 667 4623 νομίσαντες
679 4548 825 4621 ἐπιτήδειον
839 4548 909 4630 ἔχειν
920 4541 957 4608 ὧν

180 4631 297 4702 ἐξέτισαν
312 4631 459 4707 Ῥωμαίοις
471 4637 617 4711 χρημάτων
629 4639 817 4697 πολλαπλάσια
834 4638 898 4717 παρ’
910 4641 957 4698 αὖ·

180 4725 232 4780 τῶν
260 4721 419 4793 ἀπολαύεῖν,
441 4722 524 4800 ὀλίγοι
548 4724 594 4800 μὲν
611 4727 640 4783 τὸ
663 4731 766 4805 πρῶτον
784 4725 830 4785 καθ
852 4729 957 4808 ἀφανῶς

124 4828 153 4867 oo
182 4811 288 4880 ἐξιόντες
306 4806 438 4883 ἐληίζοντο
450 4811 496 4883 τὴν
512 4809 620 4889 δμορον·
640 4814 730 4873 ἔπειτα
746 4814 774 4873 δθ
788 4815 882 4875 πολλοὶ
896 4839 957 4874 συν-

184 4896 261 4965 ιόντες
293 4901 338 4958 καί
362 4903 391 4959 ἐκ
410 4906 455 4958 τοῦ
478 4907 606 4981 φανεροῦ,
635 4903 692 4961 ἐπεὶ
711 4903 745 4962 τά
770 4906 864 4982 πρῶτα
889 4903 958 4962 κατδι

182 4983 291 5060 γνώμην
306 4990 394 5056 αὐτοῖς
409 4989 544 5069 ἐχώρησεν
561 4992 693 5066 μηδεμιᾶς
715 4991 759 5050 ὀπί
772 4990 821 5062 τήν
839 4991 958 5070 φυλακήν

182 5074 234 5129 τῶν
248 5081 370 5150 γεωργῶν
386 5078 545 5155 ἀφικομένης
563 5079 699 5157 βοηθείας,
714 5080 960 5159 καταφρονήσαντες

182 5162 232 5217 τῶν
248 5161 380 5235 πολεμίων
395 5167 436 5220 ἐπ’
448 5167 529 5238 αὐτήν
544 5169 686 5226 διενοοῦντο
696 5167 743 5240 τήν
760 5167 869 5244 Ῥώμην
881 5168 960 5226 ἀλού-

684 336 853 399 θίΟλὝθΙΙ
876 332 1263 397 Hnttcntttttssssn'sts

998 473 1777 540 rornperissentetcaesorumotsauciorummultitudiuemmbe-

999 601 1054 638 rum
1075 587 1189 651 praetium
1209 589 1304 636 tentare
1325 586 1432 650 amptius
1450 584 1597 648 noluerunt,
1620 585 1664 637 sed
1684 587 1778 639 relictis

1000 694 1088 745 castris
1099 694 1273 745 discesserunt.
1290 696 1375 757 ttnquc
1390 693 1454 744 betto
1464 708 1508 759 per
1519 707 1612 744 annum
1620 694 1690 746 ilium
1702 696 1779 747 inter-

1000 803 1077 855 misso
1091 803 1172 853 denuo
1189 802 1281 866 egressi
1294 806 1352 853 sunt
1361 803 1431 865 longe
1443 801 1577 852 maioribus
1586 801 1662 866 copiis
1670 805 1775 867 paratis;

1000 914 1026 962 ct
1041 910 1073 961 ad
1086 909 1206 975 oppidum
1224 912 1341 972 Eretum,
1361 913 1461 962 centurn
1475 914 1500 961 ct
1512 912 1639 974 sexaginta
1653 911 1733 962 stadie
1746 913 1778 962 ab

1001 1009 1062 1072 urbe
1083 1020 1195 1084 distem,
1221 1021 1334 1085 proetium
1359 1019 1551 1079 commiserunt,
1572 1019 1597 1069 iu
1627 1034 1677 1085 quo
1708 1021 1779 1071 mutti

1002 1129 1127 1193 utrimque
1137 1128 1278 1180 ceciderunt
1290 1148 1297 1178 ι
1310 1132 1400 1180 etcum
1412 1128 1437 1177 in
1446 1127 1494 1178 trac
1506 1141 1604 1192 quoque
1616 1142 1696 1193 pugna
1707 1141 1779 1191 raquo

1002 1238 1080 1287 marte
1093 1234 1136 1285 diu
1157 1235 1273 1285 contiuuo
1296 1236 1441 1293 certaretur,
1457 1232 1544 1284 Tutius
1564 1232 1667 1283 subistis
1683 1234 1707 1283 in
1727 1247 1778 1283 cse-

1001 1345 1053 1398 lum
1071 1344 1186 1395 manibus
1206 1342 1254 1393 diis
1279 1344 1362 1403 vovit,
1386 1343 1406 1392 si
1422 1342 1495 1393 bodie
1515 1342 1618 1392 Sabinos
1638 1341 1738 1392 vicisset
1753 1356 1780 1391 se

1002 1455 1107 1504 saturno
1130 1454 1156 1501 et
1176 1450 1251 1500 tttreae
1268 1449 1341 1499 terias
1360 1448 1467 1513 publicis
1491 1448 1631 1513 sumptibus
1652 1447 1780 1499 celebran-

1002 1560 1047 1610 das
1070 1559 1346 1622 instituturum,·quas
1376 1557 1508 1620 quotannis
1529 1556 1631 1607 Romani
1657 1556 1782 1606 celebrant

1002 1672 1059 1732 post
1074 1681 1159 1718 omncs
1181 1669 1256 1717 terroe
1278 1654 1359 1728 fruges
1387 1665 1518 1726 collectas,
1546 1669 1572 1715 et
1594 1666 1714 1717 Saliorum
1738 1666 1780 1729 qui

1004 1782 1124 1828 vocantur
1162 1789 1292 1827 numerum
1320 1773 1511 1837 duplicaturum.
1558 1773 1591 1824 lli
1618 1777 1701 1824 autem
1735 1787 1780 1823 no-

1003 1881 1045 1932 biti
1069 1894 1157 1946 genere
1181 1881 1241 1941 orti,
1266 1879 1338 1930 statis
1360 1880 1514 1944 temporibus
1539 1881 1628 1931 armati
1653 1881 1684 1930 ad
1709 1881 1782 1931 tibias

1003 1988 1110 2049 saltant,
1134 1992 1160 2039 et
1180 1988 1260 2052 patria
1284 1987 1395 2038 carmina
1419 1990 1525 2048 canum,
1549 1990 1578 2037 ut
1605 1988 1629 2038 iu
1657 1990 1783 2052 superiore

1003 2095 1068 2147 libro
1092 2096 1223 2148 declarari.
1256 2099 1317 2148 Post
1344 2097 1399 2148 brec
1420 2099 1478 2148 vota
1502 2095 1604 2147 audacia
1631 2097 1707 2148 subiit
1732 2101 1781 2148 tto·

1005 2221 1108 2267 manos,
1125 2208 1152 2257 et
1162 2209 1280 2270 tanqum
1292 2204 1380 2270 integri
1392 2205 1417 2254 iu
1431 2204 1544 2267 fatigatos
1554 2204 1674 2269 impetum
1689 2205 1781 2255 tacien-

1004 2321 1043 2368 tes
1059 2317 1109 2366 iam
1120 2316 1186 2366 circa
1197 2315 1370 2379 crepusculum
1381 2327 1467 2365 eorum
1477 2314 1556 2365 aciem
1574 2312 1744 2377 dissiparunt,
1756 2320 1782 2364 et

1004 2430 1137 2492 degerunt
1147 2427 1241 2492 primos
1256 2424 1356 2477 ordines
1372 2424 1470 2476 initium
1482 2422 1546 2488 tuga
1560 2423 1654 2484 iacere;
1665 2425 1690 2471 et
1705 2423 1783 2472 secuti

1008 2537 1128 2603 tugientes
1139 2535 1171 2586 ad
1190 2539 1286 2596 castra,
1300 2538 1326 2585 et
1348 2532 1413 2584 circa
1435 2533 1502 2597 ipsas
1521 2530 1600 2582 fossas
1617 2530 1687 2594 longe
1701 2531 1784 2595 piures

1005 2648 1195 2708 interficientes,
1218 2659 1249 2696 ne
1272 2644 1309 2694 sic
1326 2643 1426 2708 quidem
1440 2643 1604 2704 destiterunt,
1622 2642 1667 2694 scd
1679 2656 1783 2707 exspec-
1804 2704 1809 2714 γ

1005 2758 1087 2808 unus
1099 2758 1268 2819 insequentem
1298 2756 1413 2817 noctem,
1436 2753 1467 2804 iis
1487 2753 1578 2816 quiex
1604 2753 1669 2803 vallo
1689 2767 1782 2818 pugna·

1007 2864 1066 2916 bant
1086 2869 1222 2931 repressis,
1247 2865 1336 2917 rastris
1358 2864 1430 2929 potiti
1455 2866 1524 2914 sunt.
1557 2865 1611 2914 ttac
1627 2876 1654 2913 re
1669 2867 1783 2927 peracta,

1006 2977 1127 3037 quantum
1149 2975 1283 3025 noluerunt
1305 2987 1364 3038 agro
1383 2973 1474 3023 Sabino
1496 2974 1606 3032 vastato,
1631 2983 1689 3021 com
1712 2984 1785 3022 nemo

1007 3084 1112 3149 amptius
1144 3097 1189 3147 pro
1217 3082 1269 3146 agri
1294 3080 1434 3132 defensione
1466 3078 1629 3130 dimicaturus
1656 3078 1784 3142 prodiret,

1007 3194 1109 3243 donnum
1131 3191 1266 3242 redierunt.
1300 3194 1336 3241 Ex
1351 3190 1398 3240 hac
1413 3203 1493 3255 pugna
1515 3203 1560 3240 rer
1576 3188 1678 3240 tertium
1695 3190 1784 3240 trium-

1007 3304 1085 3368 pirum
1106 3302 1163 3367 egit.
1197 3304 1249 3352 Nec
1268 3301 1416 3365 muttopost
1436 3299 1557 3364 legatione
1570 3312 1585 3349 a
1596 3299 1692 3350 Sabinis
1709 3300 1784 3349 missa

1008 3417 1099 3468 betium
1121 3416 1250 3482 deposuit,
1270 3415 1375 3479 receptis
1397 3414 1577 3478 transfugisse
1599 3415 1717 3478 captivis,
1743 3419 1786 3479 qui

1007 3522 1072 3573 inter
1085 3521 1247 3587 praedandum
1258 3520 1388 3586 intercepti
1404 3524 1488 3581 crant;
1500 3523 1525 3571 et
1539 3535 1584 3586 pro
1600 3521 1693 3572 abactis
1712 3535 1786 3587 peco-

1008 3628 1076 3679 ribus
1097 3630 1123 3680 et
1148 3627 1263 3679 iumentis
1294 3631 1426 3691 ceteraque
1444 3625 1528 3688 prada
1549 3639 1622 3689 quarn
1650 3627 1788 3688 agrestibus

1008 3736 1163 3795 ademerunt,
1189 3737 1292 3787 multam
1312 3734 1477 3799 pecuniariam
1502 3745 1534 3782 es
1560 3736 1660 3784 senatus
1685 3735 1786 3785 Romani

1008 3842 1110 3893 arbitrio
1122 3841 1212 3904 exegit.

1042 3939 1152 3986 xxxin.
1172 3939 1235 3986 cnm
1247 3934 1330 3985 Sabini
1343 3934 1382 3983 bis
1393 3933 1572 3984 conditionibus
1584 3934 1648 3985 bello
1659 3935 1733 3986 tinem
1745 3938 1788 3988 irn-

1010 4026 1166 4091 posuissent,
1180 4026 1204 4074 et
1218 4022 1316 4072 tmdems
1337 4021 1485 4085 exemplaria
1494 4023 1520 4071 iu
1532 4023 1651 4073 columnis
1669 4023 1746 4074 incisa
1765 4025 1789 4075 in

1012 4118 1110 4182 templis
1124 4117 1298 4175 cotiocasssnt,
1312 4117 1393 4165 tamen
1405 4119 1535 4178 postquam
1546 4129 1561 4164 a
1574 4115 1717 4165 Latinorum
1729 4104 1789 4167 conss

1011 4205 1096 4256 iuratis
1109 4203 1252 4254 civitatibus
1263 4201 1356 4252 beilum
1368 4216 1442 4266 grave
1453 4205 1478 4252 et
1492 4202 1635 4254 diuturnum
1648 4205 1734 4252 contra
1745 4217 1789 4267 po·

1010 4295 1097 4360 putum
1106 4297 1243 4344 Romanum
1254 4292 1388 4342 conticium
1402 4296 1440 4341 est
1448 4290 1549 4355 (quibus
1559 4295 1641 4340 autom
1649 4290 1681 4341 de
1693 4292 1789 4342 caussis

1013 4383 1087 4448 paulo
1101 4388 1158 4447 post
1168 4383 1288 4447 aperiam)
1300 4380 1361 4432 bunc
1371 4383 1525 4432 occasionem
1538 4381 1612 4431 alacri
1626 4380 1709 4430 animo
1724 4380 1790 4430 acci·

1013 4475 1108 4539 pientes
1131 4469 1288 4522 iurisiurandi
1311 4471 1411 4535 quidem
1429 4475 1455 4521 ct
1474 4472 1592 4521 toedcrum
1613 4470 1724 4530 iliorum,
1742 4484 1790 4522 non
1853 4526 1855 4530 ,

1013 4561 1086 4612 aliter
1098 4575 1127 4610 ao
1150 4561 1171 4609 si
1189 4573 1314 4622 nunquam
1333 4558 1436 4608 tuissent
1452 4559 1531 4618 iacta,
1546 4558 1616 4607 obiiti
1634 4562 1699 4608 sunt.
1735 4559 1790 4608 Rati

1014 4652 1099 4700 autem
1119 4661 1145 4699 se
1166 4651 1251 4696 nactos
1271 4647 1424 4696 occasionem
1437 4649 1613 4710 opportunum,
1625 4660 1672 4710 qua
1688 4646 1791 4698 rnuitum

1015 4735 1129 4788 {tumente
1143 4734 1291 4798 persolutam
1304 4735 1414 4783 maximo
1431 4747 1491 4782 cum
1512 4733 1592 4781 terrore
1605 4732 1636 4781 ub
1654 4733 1714 4796 ipsis
1727 4736 1789 4784 rcci-

1014 4826 1112 4888 perent,
1135 4822 1240 4885 primum
1263 4822 1363 4885 quidem
1380 4822 1451 4884 pauci
1473 4822 1498 4870 ct
1518 4821 1581 4869 ciam
1598 4821 1688 4882 egressi
1706 4835 1790 4885 agrum

1013 4910 1121 4960 vicinum
1135 4910 1314 4972 populabantur
1332 4928 1338 4958 ι
1360 4906 1449 4958 deindo
1465 4919 1523 4956 vero
1542 4908 1614 4957 rriutti
1633 4912 1751 4957 coeuntes
1765 4910 1790 4960 et

1013 4999 1109 5061 putam,
1119 5009 1176 5046 cum
1186 4996 1279 5059 primus
1288 5000 1391 5046 conatus
1401 4994 1461 5058 ipsis
1472 5007 1503 5044 cx
1514 4994 1590 5043 arriani
1600 4994 1721 5044 sententia
1733 5007 1789 5043 suc·

1015 5088 1146 5143 cessisset,
1159 5087 1226 5148 quod
1248 5087 1314 5136 nnita
1327 5087 1420 5137 auritis
1434 5085 1464 5135 ad
1482 5095 1631 5135 rusticorum
1649 5088 1790 5149 praesrdium

1014 5180 1154 5242 venissent,
1179 5181 1326 5243 contemptis
1347 5179 1461 5231 hostibus
1484 5182 1587 5230 Romam
1612 5180 1689 5244 ipsam
1708 5184 1792 5244 petere
