<?xml version="1.0" encoding="UTF-8"?>
<!DOCTYPE html PUBLIC "-//W3C//DTD XHTML 1.0 Transitional//EN"
    "http://www.w3.org/TR/xhtml1/DTD/xhtml1-transitional.dtd">
<html xmlns="http://www.w3.org/1999/xhtml" xml:lang="en" lang="en">
 <head>
  <title>
</title>
<meta http-equiv="Content-Type" content="text/html;charset=utf-8" />
  <meta name='ocr-system' content='tesseract 3.04.00' />
  <meta name='ocr-capabilities' content='ocr_page ocr_carea ocr_par ocr_line ocrx_word'/>
</head>
<body>
  <div class='ocr_page' id='page_1' title='image "./dionysiihalicar00prougoog_0417.png"; bbox 0 0 3772 5828; ppageno 0'>
   <div class='ocr_carea' id='block_1_1' title="bbox 179 311 238 371">
    <p class='ocr_par' dir='ltr' id='par_1_1' title="bbox 179 311 238 371">
     <span class='ocr_line' id='line_1_1' title="bbox 179 311 238 371; baseline 0 0"><span class='ocrx_word' id='word_1_1' title='bbox 179 311 238 371; x_wconf 70' lang='grc'><strong>384</strong></span> 
     </span>
    </p>
   </div>
   <div class='ocr_carea' id='block_1_2' title="bbox 74 436 966 4331">
    <p class='ocr_par' dir='ltr' id='par_1_2' title="bbox 74 436 966 4331">
     <span class='ocr_line' id='line_1_2' title="bbox 180 436 961 518; baseline -0.009 -18"><span class='ocrx_word' id='word_1_2' title='bbox 180 441 279 503; x_wconf 76' lang='grc' dir='ltr'>πολλοῦ</span> <span class='ocrx_word' id='word_1_3' title='bbox 295 437 425 499; x_wconf 86' lang='grc' dir='ltr'>διετέλουν</span> <span class='ocrx_word' id='word_1_4' title='bbox 441 436 627 518; x_wconf 90' lang='grc' dir='ltr'>προσκείμενοι</span> <span class='ocrx_word' id='word_1_5' title='bbox 641 440 700 506; x_wconf 81' lang='grc' dir='ltr'>ταῖς</span> <span class='ocrx_word' id='word_1_6' title='bbox 722 436 871 516; x_wconf 82' lang='grc' dir='ltr'>ὠφελείαις,</span> <span class='ocrx_word' id='word_1_7' title='bbox 894 458 961 516; x_wconf 90' lang='grc' dir='ltr'>χρη-</span> 
     </span>
     <span class='ocr_line' id='line_1_3' title="bbox 182 524 961 608; baseline -0.01 -18"><span class='ocrx_word' id='word_1_8' title='bbox 182 530 274 608; x_wconf 88' lang='grc' dir='ltr'>μάτων</span> <span class='ocrx_word' id='word_1_9' title='bbox 296 552 325 587; x_wconf 89' lang='grc' dir='ltr'><strong>τε</strong></span> <span class='ocrx_word' id='word_1_10' title='bbox 340 529 446 588; x_wconf 81' lang='grc' dir='ltr'>πολλῶν</span> <span class='ocrx_word' id='word_1_11' title='bbox 461 524 632 608; x_wconf 92' lang='grc' dir='ltr'>ὑπαρχόντων</span> <span class='ocrx_word' id='word_1_12' title='bbox 650 526 678 585; x_wconf 78' lang='grc' dir='ltr'>ἀν</span> <span class='ocrx_word' id='word_1_13' title='bbox 692 527 731 606; x_wconf 79' lang='grc' dir='ltr'><strong>τῷ</strong></span> <span class='ocrx_word' id='word_1_14' title='bbox 744 526 836 608; x_wconf 83' lang='grc' dir='ltr'>χωρίῳ</span> <span class='ocrx_word' id='word_1_15' title='bbox 857 525 903 585; x_wconf 79' lang='grc' dir='ltr'><strong>καί</strong></span> <span class='ocrx_word' id='word_1_16' title='bbox 915 527 961 582; x_wconf 90' lang='grc' dir='ltr'>ἀν·</span> 
     </span>
     <span class='ocr_line' id='line_1_4' title="bbox 182 619 331 700; baseline -0.007 -21"><span class='ocrx_word' id='word_1_17' title='bbox 182 619 331 700; x_wconf 85' lang='grc' dir='ltr'>δραπόδων.</span> 
     </span>
     <span class='ocr_line' id='line_1_5' title="bbox 224 702 961 785; baseline -0.011 -15"><span class='ocrx_word' id='word_1_18' title='bbox 224 709 323 770; x_wconf 83' lang='lat' dir='ltr'><strong>XGllt.</strong></span> <span class='ocrx_word' id='word_1_19' title='bbox 341 704 376 766; x_wconf 92' lang='grc' dir='ltr'>Ὁ</span> <span class='ocrx_word' id='word_1_20' title='bbox 393 704 420 764; x_wconf 78' lang='grc' dir='ltr'><strong>δέ</strong></span> <span class='ocrx_word' id='word_1_21' title='bbox 431 704 551 785; x_wconf 87' lang='grc' dir='ltr'>Μάρκιος</span> <span class='ocrx_word' id='word_1_22' title='bbox 564 707 578 761; x_wconf 87' lang='grc' dir='ltr'>ὑ</span> <span class='ocrx_word' id='word_1_23' title='bbox 589 704 694 784; x_wconf 86' lang='grc' dir='ltr'>πρῶτος</span> <span class='ocrx_word' id='word_1_24' title='bbox 714 703 760 763; x_wconf 83' lang='grc' dir='ltr'><strong>καί</strong></span> <span class='ocrx_word' id='word_1_25' title='bbox 782 702 860 782; x_wconf 81' lang='grc' dir='ltr'>μόνος</span> <span class='ocrx_word' id='word_1_26' title='bbox 877 705 961 762; x_wconf 64' lang='grc' dir='ltr'>ὑποσι</span> 
     </span>
     <span class='ocr_line' id='line_1_6' title="bbox 140 790 963 872; baseline -0.011 -13"><span class='ocrx_word' id='word_1_27' title='bbox 140 820 154 860; x_wconf 84' lang='grc' dir='ltr'>σ</span> <span class='ocrx_word' id='word_1_28' title='bbox 182 795 229 863; x_wconf 86' lang='grc' dir='ltr'>τδις</span> <span class='ocrx_word' id='word_1_29' title='bbox 245 796 304 864; x_wconf 78' lang='grc' dir='ltr'>τοὺς</span> <span class='ocrx_word' id='word_1_30' title='bbox 318 793 460 872; x_wconf 89' lang='grc' dir='ltr'>πολεμίους</span> <span class='ocrx_word' id='word_1_31' title='bbox 483 792 530 852; x_wconf 82' lang='grc' dir='ltr'><strong>καί</strong></span> <span class='ocrx_word' id='word_1_32' title='bbox 556 790 743 871; x_wconf 87' lang='grc' dir='ltr'>λαμπρότατος</span> <span class='ocrx_word' id='word_1_33' title='bbox 764 791 888 851; x_wconf 85' lang='grc' dir='ltr'>ἀπάντων</span> <span class='ocrx_word' id='word_1_34' title='bbox 919 814 963 870; x_wconf 86' lang='grc' dir='ltr'><strong>γε·</strong></span> 
     </span>
     <span class='ocr_line' id='line_1_7' title="bbox 181 879 963 963; baseline -0.008 -19"><span class='ocrx_word' id='word_1_35' title='bbox 181 883 288 963; x_wconf 89' lang='grc' dir='ltr'>νόμενσς</span> <span class='ocrx_word' id='word_1_36' title='bbox 302 883 457 959; x_wconf 87' lang='grc' dir='ltr'>Ῥωμαίων,</span> <span class='ocrx_word' id='word_1_37' title='bbox 471 879 498 940; x_wconf 83' lang='grc' dir='ltr'>ἔν</span> <span class='ocrx_word' id='word_1_38' title='bbox 511 904 539 940; x_wconf 93' lang='grc' dir='ltr'><strong>τε</strong></span> <span class='ocrx_word' id='word_1_39' title='bbox 550 885 584 961; x_wconf 88' lang='grc' dir='ltr'><strong>τῆ</strong></span> <span class='ocrx_word' id='word_1_40' title='bbox 596 879 759 962; x_wconf 66' lang='grc' dir='ltr'>τειχομαχίη</span> <span class='ocrx_word' id='word_1_41' title='bbox 767 879 813 939; x_wconf 88' lang='grc' dir='ltr'><strong>καί</strong></span> <span class='ocrx_word' id='word_1_42' title='bbox 827 883 881 947; x_wconf 85' lang='grc' dir='ltr'>τοῖς</span> <span class='ocrx_word' id='word_1_43' title='bbox 892 881 963 945; x_wconf 84' lang='grc' dir='ltr'>έντθς</span> 
     </span>
     <span class='ocr_line' id='line_1_8' title="bbox 181 969 962 1055; baseline -0.008 -22"><span class='ocrx_word' id='word_1_44' title='bbox 181 974 283 1055; x_wconf 89' lang='grc' dir='ltr'>τείχους</span> <span class='ocrx_word' id='word_1_45' title='bbox 298 977 395 1053; x_wconf 83' lang='grc' dir='ltr'>ἀγῶσι,</span> <span class='ocrx_word' id='word_1_46' title='bbox 413 969 594 1052; x_wconf 78' lang='grc' dir='ltr'>λαμπρότερος</span> <span class='ocrx_word' id='word_1_47' title='bbox 607 970 646 1030; x_wconf 85' lang='grc' dir='ltr'><strong>ίτι</strong></span> <span class='ocrx_word' id='word_1_48' title='bbox 658 973 735 1052; x_wconf 78' lang='grc' dir='ltr'>ἀντῷ</span> <span class='ocrx_word' id='word_1_49' title='bbox 748 970 862 1052; x_wconf 75' lang='grc' dir='ltr'>δευτέρῳ</span> <span class='ocrx_word' id='word_1_50' title='bbox 880 971 962 1047; x_wconf 83' lang='grc' dir='ltr'>ἀγῶνι</span> 
     </span>
     <span class='ocr_line' id='line_1_9' title="bbox 180 1056 964 1145; baseline -0.006 -23"><span class='ocrx_word' id='word_1_51' title='bbox 180 1066 220 1145; x_wconf 78' lang='grc' dir='ltr'><strong>τῷ</strong></span> <span class='ocrx_word' id='word_1_52' title='bbox 233 1065 297 1144; x_wconf 83' lang='grc' dir='ltr'>πρὸς</span> <span class='ocrx_word' id='word_1_53' title='bbox 313 1063 376 1131; x_wconf 85' lang='grc' dir='ltr'><strong>τσὺς</strong></span> <span class='ocrx_word' id='word_1_54' title='bbox 387 1059 525 1127; x_wconf 79' lang='grc' dir='ltr'>Ἀντιάτας</span> <span class='ocrx_word' id='word_1_55' title='bbox 539 1059 665 1121; x_wconf 86' lang='grc' dir='ltr'>συστάντι</span> <span class='ocrx_word' id='word_1_56' title='bbox 687 1058 781 1142; x_wconf 81' lang='grc' dir='ltr'>ἀφάκη.</span> <span class='ocrx_word' id='word_1_57' title='bbox 823 1056 892 1118; x_wconf 83' lang='grc' dir='ltr'>Οὖδί</span> <span class='ocrx_word' id='word_1_58' title='bbox 911 1056 964 1138; x_wconf 87' lang='grc' dir='ltr'><strong>γάρ</strong></span> 
     </span>
     <span class='ocr_line' id='line_1_10' title="bbox 182 1146 964 1230; baseline -0.008 -18"><span class='ocrx_word' id='word_1_59' title='bbox 182 1152 280 1225; x_wconf 91' lang='grc' dir='ltr'>ταύτης</span> <span class='ocrx_word' id='word_1_60' title='bbox 310 1149 461 1212; x_wconf 69' lang='grc' dir='ltr'>ἐδικαίωσεν</span> <span class='ocrx_word' id='word_1_61' title='bbox 487 1151 678 1230; x_wconf 72' lang='grc' dir='ltr'>ἀπολειφθῆναι</span> <span class='ocrx_word' id='word_1_62' title='bbox 702 1152 750 1220; x_wconf 87' lang='grc' dir='ltr'><strong>τῆς</strong></span> <span class='ocrx_word' id='word_1_63' title='bbox 772 1147 876 1228; x_wconf 86' lang='grc' dir='ltr'>μάχης,</span> <span class='ocrx_word' id='word_1_64' title='bbox 904 1146 964 1206; x_wconf 85' lang='grc' dir='ltr'>ἀλλ’</span> 
     </span>
     <span class='ocr_line' id='line_1_11' title="bbox 131 1235 963 1321; baseline -0.005 -22"><span class='ocrx_word' id='word_1_65' title='bbox 131 1275 156 1314; x_wconf 87' lang='lat' dir='ltr'><strong>to</strong></span> <span class='ocrx_word' id='word_1_66' title='bbox 183 1241 239 1319; x_wconf 75' lang='grc' dir='ltr'><strong>ἅμα</strong></span> <span class='ocrx_word' id='word_1_67' title='bbox 258 1242 297 1321; x_wconf 78' lang='grc' dir='ltr'><strong>τῷ</strong></span> <span class='ocrx_word' id='word_1_68' title='bbox 321 1243 484 1320; x_wconf 71' lang='grc' dir='ltr'>κρατηθῆναι</span> <span class='ocrx_word' id='word_1_69' title='bbox 506 1236 554 1309; x_wconf 80' lang='grc' dir='ltr'><strong>τὴν</strong></span> <span class='ocrx_word' id='word_1_70' title='bbox 580 1237 657 1297; x_wconf 90' lang='grc' dir='ltr'>πόλιν</span> <span class='ocrx_word' id='word_1_71' title='bbox 685 1236 787 1315; x_wconf 76' lang='grc' dir='ltr'>ὀλίγους</span> <span class='ocrx_word' id='word_1_72' title='bbox 811 1235 870 1302; x_wconf 85' lang='grc' dir='ltr'>τοὺς</span> <span class='ocrx_word' id='word_1_73' title='bbox 896 1236 963 1295; x_wconf 85' lang='grc' dir='ltr'>ἀκο-</span> 
     </span>
     <span class='ocr_line' id='line_1_12' title="bbox 182 1323 963 1406; baseline -0.01 -16"><span class='ocrx_word' id='word_1_74' title='bbox 182 1331 310 1402; x_wconf 88' lang='grc' dir='ltr'>λουθῆσαι</span> <span class='ocrx_word' id='word_1_75' title='bbox 346 1328 503 1400; x_wconf 81' lang='grc' dir='ltr'>δυνηθέντας</span> <span class='ocrx_word' id='word_1_76' title='bbox 532 1327 696 1404; x_wconf 80' lang='grc' dir='ltr'>ἐπαγόμενος</span> <span class='ocrx_word' id='word_1_77' title='bbox 727 1325 822 1406; x_wconf 81' lang='grc' dir='ltr'>ίχώρει</span> <span class='ocrx_word' id='word_1_78' title='bbox 852 1323 963 1406; x_wconf 86' lang='grc' dir='ltr'>δρόμῳ,</span> 
     </span>
     <span class='ocr_line' id='line_1_13' title="bbox 183 1412 964 1495; baseline -0.01 -17"><span class='ocrx_word' id='word_1_79' title='bbox 183 1419 229 1479; x_wconf 81' lang='grc' dir='ltr'><strong>καί</strong></span> <span class='ocrx_word' id='word_1_80' title='bbox 246 1415 405 1478; x_wconf 67' lang='lat' dir='ltr'><strong>saisiatae</strong></span> <span class='ocrx_word' id='word_1_81' title='bbox 426 1415 666 1495; x_wconf 77' lang='grc' dir='ltr'>παρατεταγμένας</span> <span class='ocrx_word' id='word_1_82' title='bbox 687 1413 741 1488; x_wconf 86' lang='grc' dir='ltr'><strong>ήδη</strong></span> <span class='ocrx_word' id='word_1_83' title='bbox 769 1415 818 1481; x_wconf 82' lang='grc' dir='ltr'>τάς</span> <span class='ocrx_word' id='word_1_84' title='bbox 842 1412 964 1493; x_wconf 81' lang='grc' dir='ltr'>δυνάμεις</span> 
     </span>
     <span class='ocr_line' id='line_1_14' title="bbox 183 1502 965 1585; baseline -0.012 -17"><span class='ocrx_word' id='word_1_85' title='bbox 183 1510 229 1568; x_wconf 87' lang='grc' dir='ltr'><strong>καί</strong></span> <span class='ocrx_word' id='word_1_86' title='bbox 245 1506 394 1585; x_wconf 76' lang='grc' dir='ltr'>μελλούσας</span> <span class='ocrx_word' id='word_1_87' title='bbox 408 1507 444 1572; x_wconf 85' lang='grc' dir='ltr'><strong>είς</strong></span> <span class='ocrx_word' id='word_1_88' title='bbox 464 1512 556 1585; x_wconf 87' lang='grc' dir='ltr'>χεῖρας</span> <span class='ocrx_word' id='word_1_89' title='bbox 579 1502 656 1576; x_wconf 86' lang='grc' dir='ltr'>ἰέναι,</span> <span class='ocrx_word' id='word_1_90' title='bbox 672 1503 721 1576; x_wconf 85' lang='grc' dir='ltr'><strong>τήν</strong></span> <span class='ocrx_word' id='word_1_91' title='bbox 746 1525 775 1562; x_wconf 91' lang='grc' dir='ltr'><strong>τε</strong></span> <span class='ocrx_word' id='word_1_92' title='bbox 793 1502 891 1569; x_wconf 80' lang='grc' dir='ltr'>ἅλωσιν</span> <span class='ocrx_word' id='word_1_93' title='bbox 917 1505 965 1573; x_wconf 91' lang='grc' dir='ltr'><strong>τῆς</strong></span> 
     </span>
     <span class='ocr_line' id='line_1_15' title="bbox 184 1590 964 1675; baseline -0.01 -18"><span class='ocrx_word' id='word_1_94' title='bbox 184 1597 285 1663; x_wconf 81' lang='grc' dir='ltr'>πολεως</span> <span class='ocrx_word' id='word_1_95' title='bbox 299 1598 402 1675; x_wconf 84' lang='grc' dir='ltr'>πρῶτος</span> <span class='ocrx_word' id='word_1_96' title='bbox 416 1592 573 1672; x_wconf 85' lang='grc' dir='ltr'>ἀναγγέλλει</span> <span class='ocrx_word' id='word_1_97' title='bbox 586 1593 639 1659; x_wconf 83' lang='grc' dir='ltr'>τοῖς</span> <span class='ocrx_word' id='word_1_98' title='bbox 653 1591 785 1674; x_wconf 88' lang='grc' dir='ltr'>σφετέροις</span> <span class='ocrx_word' id='word_1_99' title='bbox 800 1590 964 1671; x_wconf 90' lang='grc' dir='ltr'>,τεκμήριον</span> 
     </span>
     <span class='ocr_line' id='line_1_16' title="bbox 133 1679 965 1761; baseline -0.005 -19"><span class='ocrx_word' id='word_1_100' title='bbox 133 1717 157 1755; x_wconf 70' lang='lat'><strong>15</strong></span> <span class='ocrx_word' id='word_1_101' title='bbox 185 1687 264 1752; x_wconf 84' lang='grc' dir='ltr'>αὐτῆς</span> <span class='ocrx_word' id='word_1_102' title='bbox 276 1682 430 1748; x_wconf 80' lang='grc' dir='ltr'>ἀποδεικνύς</span> <span class='ocrx_word' id='word_1_103' title='bbox 450 1680 493 1739; x_wconf 88' lang='grc' dir='ltr'><strong>τδν</strong></span> <span class='ocrx_word' id='word_1_104' title='bbox 509 1680 619 1754; x_wconf 85' lang='grc' dir='ltr'>καπνδν,</span> <span class='ocrx_word' id='word_1_105' title='bbox 632 1679 659 1748; x_wconf 61' lang='lat' dir='ltr'><strong>ts</strong></span> <span class='ocrx_word' id='word_1_106' title='bbox 671 1681 724 1741; x_wconf 88' lang='grc' dir='ltr'><strong>ἀπδ</strong></span> <span class='ocrx_word' id='word_1_107' title='bbox 735 1683 787 1741; x_wconf 82' lang='grc' dir='ltr'><strong>τῶν</strong></span> <span class='ocrx_word' id='word_1_108' title='bbox 803 1683 965 1761; x_wconf 83' lang='grc' dir='ltr'>ἐμπρησθει-</span> 
     </span>
     <span class='ocr_line' id='line_1_17' title="bbox 185 1769 964 1852; baseline -0.008 -18"><span class='ocrx_word' id='word_1_109' title='bbox 185 1778 237 1835; x_wconf 83' lang='grc' dir='ltr'><strong>σῶν</strong></span> <span class='ocrx_word' id='word_1_110' title='bbox 256 1775 346 1834; x_wconf 79' lang='grc' dir='ltr'>οἰκιῶν</span> <span class='ocrx_word' id='word_1_111' title='bbox 359 1770 440 1839; x_wconf 85' lang='grc' dir='ltr'>πολὺς</span> <span class='ocrx_word' id='word_1_112' title='bbox 457 1769 572 1852; x_wconf 81' lang='grc' dir='ltr'>ἐφέρετο,</span> <span class='ocrx_word' id='word_1_113' title='bbox 596 1771 642 1830; x_wconf 87' lang='grc' dir='ltr'><strong>καί</strong></span> <span class='ocrx_word' id='word_1_114' title='bbox 672 1771 770 1843; x_wconf 79' lang='grc' dir='ltr'>δεηθείς</span> <span class='ocrx_word' id='word_1_115' title='bbox 801 1775 844 1830; x_wconf 82' lang='grc' dir='ltr'><strong>τοῦ</strong></span> <span class='ocrx_word' id='word_1_116' title='bbox 865 1769 964 1828; x_wconf 88' lang='grc' dir='ltr'>ὑπάτου</span> 
     </span>
     <span class='ocr_line' id='line_1_18' title="bbox 184 1857 965 1942; baseline -0.009 -19"><span class='ocrx_word' id='word_1_117' title='bbox 184 1861 253 1923; x_wconf 84' lang='grc' dir='ltr'>κατά</span> <span class='ocrx_word' id='word_1_118' title='bbox 278 1863 308 1924; x_wconf 85' lang='grc' dir='ltr'><strong>τὸ</strong></span> <span class='ocrx_word' id='word_1_119' title='bbox 334 1859 535 1942; x_wconf 79' lang='grc' dir='ltr'>καρτερώτατον</span> <span class='ocrx_word' id='word_1_120' title='bbox 558 1861 611 1919; x_wconf 80' lang='grc' dir='ltr'><strong>τῶν</strong></span> <span class='ocrx_word' id='word_1_121' title='bbox 633 1858 766 1937; x_wconf 87' lang='grc' dir='ltr'>πολεμίων</span> <span class='ocrx_word' id='word_1_122' title='bbox 789 1860 890 1919; x_wconf 86' lang='grc' dir='ltr'>ειλεῑτο.</span> <span class='ocrx_word' id='word_1_123' title='bbox 910 1857 965 1919; x_wconf 81' lang='grc' dir='ltr'><strong>Καὶ</strong></span> 
     </span>
     <span class='ocr_line' id='line_1_19' title="bbox 184 1946 965 2031; baseline -0.008 -20"><span class='ocrx_word' id='word_1_124' title='bbox 184 1952 276 2024; x_wconf 70' lang='lat' dir='ltr'><strong>instit</strong></span> <span class='ocrx_word' id='word_1_125' title='bbox 291 1950 324 2010; x_wconf 83' lang='grc' dir='ltr'>τά</span> <span class='ocrx_word' id='word_1_126' title='bbox 344 1958 444 2027; x_wconf 86' lang='grc' dir='ltr'>σημεῖα</span> <span class='ocrx_word' id='word_1_127' title='bbox 471 1949 540 2031; x_wconf 87' lang='grc' dir='ltr'>ήρθη</span> <span class='ocrx_word' id='word_1_128' title='bbox 567 1952 615 2020; x_wconf 87' lang='grc' dir='ltr'><strong>τῆς</strong></span> <span class='ocrx_word' id='word_1_129' title='bbox 639 1948 740 2029; x_wconf 84' lang='grc' dir='ltr'>μάχης,</span> <span class='ocrx_word' id='word_1_130' title='bbox 758 1951 862 2030; x_wconf 85' lang='grc' dir='ltr'>πρῶτος</span> <span class='ocrx_word' id='word_1_131' title='bbox 884 1946 965 2025; x_wconf 84' lang='grc' dir='ltr'>ὑμόσε</span> 
     </span>
     <span class='ocr_line' id='line_1_20' title="bbox 183 2035 966 2117; baseline -0.008 -17"><span class='ocrx_word' id='word_1_132' title='bbox 183 2048 237 2108; x_wconf 85' lang='grc' dir='ltr'>τοῖς</span> <span class='ocrx_word' id='word_1_133' title='bbox 251 2039 377 2104; x_wconf 83' lang='grc' dir='ltr'>έναντίσις</span> <span class='ocrx_word' id='word_1_134' title='bbox 399 2038 506 2117; x_wconf 84' lang='grc' dir='ltr'>ἐχώρει,</span> <span class='ocrx_word' id='word_1_135' title='bbox 534 2036 579 2095; x_wconf 82' lang='grc' dir='ltr'><strong>καί</strong></span> <span class='ocrx_word' id='word_1_136' title='bbox 604 2035 716 2103; x_wconf 86' lang='grc' dir='ltr'>πολλοὺς</span> <span class='ocrx_word' id='word_1_137' title='bbox 736 2039 788 2095; x_wconf 82' lang='grc' dir='ltr'><strong>τῶν</strong></span> <span class='ocrx_word' id='word_1_138' title='bbox 812 2038 848 2103; x_wconf 81' lang='grc' dir='ltr'><strong>είς</strong></span> <span class='ocrx_word' id='word_1_139' title='bbox 875 2043 966 2117; x_wconf 83' lang='grc' dir='ltr'>χεῖρας</span> 
     </span>
     <span class='ocr_line' id='line_1_21' title="bbox 131 2125 965 2206; baseline -0.013 -12"><span class='ocrx_word' id='word_1_140' title='bbox 131 2154 158 2194; x_wconf 76' lang='lat' dir='ltr'><strong>ao</strong></span> <span class='ocrx_word' id='word_1_141' title='bbox 184 2130 310 2191; x_wconf 83' lang='grc' dir='ltr'>ἀλθόντων</span> <span class='ocrx_word' id='word_1_142' title='bbox 328 2127 484 2193; x_wconf 75' lang='grc' dir='ltr'>ἀποκτείνας</span> <span class='ocrx_word' id='word_1_143' title='bbox 505 2128 541 2193; x_wconf 84' lang='grc' dir='ltr'><strong>είς</strong></span> <span class='ocrx_word' id='word_1_144' title='bbox 563 2125 647 2203; x_wconf 85' lang='grc' dir='ltr'>μέσην</span> <span class='ocrx_word' id='word_1_145' title='bbox 667 2127 753 2184; x_wconf 78' lang='grc' dir='ltr'>αὐτῶν</span> <span class='ocrx_word' id='word_1_146' title='bbox 771 2125 819 2196; x_wconf 70' lang='grc' dir='ltr'><strong>τήν</strong></span> <span class='ocrx_word' id='word_1_147' title='bbox 841 2125 965 2206; x_wconf 88' lang='grc' dir='ltr'>φάλαγγα</span> 
     </span>
     <span class='ocr_line' id='line_1_22' title="bbox 184 2212 965 2290; baseline -0.008 -12"><span class='ocrx_word' id='word_1_148' title='bbox 184 2219 300 2278; x_wconf 81' lang='grc' dir='ltr'>όνθεῖται.</span> <span class='ocrx_word' id='word_1_149' title='bbox 343 2218 379 2276; x_wconf 77' lang='lat' dir='ltr'><strong>Oi</strong></span> <span class='ocrx_word' id='word_1_150' title='bbox 406 2214 434 2273; x_wconf 80' lang='grc' dir='ltr'>δέ</span> <span class='ocrx_word' id='word_1_151' title='bbox 464 2213 598 2275; x_wconf 76' lang='grc' dir='ltr'>Ἀντιᾶται</span> <span class='ocrx_word' id='word_1_152' title='bbox 635 2213 767 2285; x_wconf 83' lang='grc' dir='ltr'>συστάδην</span> <span class='ocrx_word' id='word_1_153' title='bbox 793 2212 842 2290; x_wconf 79' lang='grc' dir='ltr'><strong>μέν</strong></span> <span class='ocrx_word' id='word_1_154' title='bbox 877 2215 965 2274; x_wconf 83' lang='grc' dir='ltr'>οὐκέτι</span> 
     </span>
     <span class='ocr_line' id='line_1_23' title="bbox 186 2299 965 2386; baseline -0.004 -21"><span class='ocrx_word' id='word_1_155' title='bbox 186 2304 318 2386; x_wconf 83' lang='grc' dir='ltr'>μάχεσθαι</span> <span class='ocrx_word' id='word_1_156' title='bbox 333 2305 397 2385; x_wconf 89' lang='grc' dir='ltr'>πρδς</span> <span class='ocrx_word' id='word_1_157' title='bbox 418 2303 496 2361; x_wconf 83' lang='grc' dir='ltr'>αύτδν</span> <span class='ocrx_word' id='word_1_158' title='bbox 524 2303 668 2378; x_wconf 81' lang='grc' dir='ltr'>ὑπέμενον,</span> <span class='ocrx_word' id='word_1_159' title='bbox 692 2300 750 2360; x_wconf 89' lang='grc' dir='ltr'>ἀλλ’</span> <span class='ocrx_word' id='word_1_160' title='bbox 768 2299 897 2370; x_wconf 78' lang='grc' dir='ltr'>έξελεεπον</span> <span class='ocrx_word' id='word_1_161' title='bbox 917 2300 965 2372; x_wconf 87' lang='grc' dir='ltr'>τδις</span> 
     </span>
     <span class='ocr_line' id='line_1_24' title="bbox 184 2386 965 2471; baseline 0.001 -20"><span class='ocrx_word' id='word_1_162' title='bbox 184 2392 270 2463; x_wconf 76' lang='grc' dir='ltr'>τάξεις</span> <span class='ocrx_word' id='word_1_163' title='bbox 284 2391 344 2451; x_wconf 88' lang='grc' dir='ltr'>καθ’</span> <span class='ocrx_word' id='word_1_164' title='bbox 359 2390 402 2458; x_wconf 72' lang='lat' dir='ltr'><strong>ob&lt;</strong></span> <span class='ocrx_word' id='word_1_165' title='bbox 416 2388 518 2470; x_wconf 84' lang='grc' dir='ltr'>γίνοιτο</span> <span class='ocrx_word' id='word_1_166' title='bbox 533 2388 622 2464; x_wconf 85' lang='grc' dir='ltr'>ἐπιὼν,</span> <span class='ocrx_word' id='word_1_167' title='bbox 640 2388 730 2471; x_wconf 89' lang='grc' dir='ltr'>κύκλῳ</span> <span class='ocrx_word' id='word_1_168' title='bbox 745 2386 773 2448; x_wconf 74' lang='grc' dir='ltr'><strong>δέ</strong></span> <span class='ocrx_word' id='word_1_169' title='bbox 796 2387 965 2471; x_wconf 84' lang='grc' dir='ltr'>περιίσταντο</span> 
     </span>
     <span class='ocr_line' id='line_1_25' title="bbox 185 2477 963 2562; baseline -0.001 -21"><span class='ocrx_word' id='word_1_170' title='bbox 185 2480 274 2562; x_wconf 84' lang='grc' dir='ltr'>ἀθρόοι</span> <span class='ocrx_word' id='word_1_171' title='bbox 298 2479 344 2540; x_wconf 84' lang='grc' dir='ltr'><strong>καὶ</strong></span> <span class='ocrx_word' id='word_1_172' title='bbox 364 2479 476 2539; x_wconf 84' lang='grc' dir='ltr'>έόαλλσν</span> <span class='ocrx_word' id='word_1_173' title='bbox 512 2482 708 2560; x_wconf 74' lang='grc' dir='ltr'>ὑποχωροῦντες</span> <span class='ocrx_word' id='word_1_174' title='bbox 732 2477 838 2539; x_wconf 86' lang='grc' dir='ltr'>ἐπιόντα</span> <span class='ocrx_word' id='word_1_175' title='bbox 863 2503 894 2540; x_wconf 90' lang='grc' dir='ltr'><strong>τε</strong></span> <span class='ocrx_word' id='word_1_176' title='bbox 917 2480 963 2540; x_wconf 84' lang='grc' dir='ltr'><strong>καί</strong></span> 
     </span>
     <span class='ocr_line' id='line_1_26' title="bbox 132 2565 964 2646; baseline -0.001 -18"><span class='ocrx_word' id='word_1_177' title='bbox 132 2604 159 2644; x_wconf 63' lang='lat'><strong>25</strong></span> <span class='ocrx_word' id='word_1_178' title='bbox 185 2569 319 2646; x_wconf 85' lang='grc' dir='ltr'>έπόμενσι.</span> <span class='ocrx_word' id='word_1_179' title='bbox 372 2565 406 2628; x_wconf 82' lang='grc' dir='ltr'>Ὁ</span> <span class='ocrx_word' id='word_1_180' title='bbox 420 2565 448 2627; x_wconf 76' lang='grc' dir='ltr'><strong>δέ</strong></span> <span class='ocrx_word' id='word_1_181' title='bbox 464 2568 619 2642; x_wconf 84' lang='grc' dir='ltr'>Πόστουμος</span> <span class='ocrx_word' id='word_1_182' title='bbox 632 2570 666 2634; x_wconf 82' lang='grc' dir='ltr'>ώς</span> <span class='ocrx_word' id='word_1_183' title='bbox 680 2566 747 2646; x_wconf 85' lang='grc' dir='ltr'>ίγνω</span> <span class='ocrx_word' id='word_1_184' title='bbox 762 2573 856 2641; x_wconf 79' lang='grc' dir='ltr'>τοῦτο,</span> <span class='ocrx_word' id='word_1_185' title='bbox 877 2567 964 2637; x_wconf 89' lang='grc' dir='ltr'>δείσας</span> 
     </span>
     <span class='ocr_line' id='line_1_27' title="bbox 185 2653 964 2735; baseline 0.001 -20"><span class='ocrx_word' id='word_1_186' title='bbox 185 2658 223 2731; x_wconf 83' lang='grc' dir='ltr'>μή</span> <span class='ocrx_word' id='word_1_187' title='bbox 237 2680 263 2715; x_wconf 88' lang='grc' dir='ltr'><strong>τι</strong></span> <span class='ocrx_word' id='word_1_188' title='bbox 280 2655 406 2735; x_wconf 78' lang='grc' dir='ltr'>μονωθεὶς</span> <span class='ocrx_word' id='word_1_189' title='bbox 430 2659 445 2714; x_wconf 86' lang='lat' dir='ltr'><strong>b</strong></span> <span class='ocrx_word' id='word_1_190' title='bbox 470 2653 537 2735; x_wconf 82' lang='grc' dir='ltr'>ἀνήρ</span> <span class='ocrx_word' id='word_1_191' title='bbox 551 2655 641 2731; x_wconf 84' lang='grc' dir='ltr'>πάθη,</span> <span class='ocrx_word' id='word_1_192' title='bbox 655 2653 714 2722; x_wconf 84' lang='grc' dir='ltr'>τούς</span> <span class='ocrx_word' id='word_1_193' title='bbox 737 2654 891 2735; x_wconf 84' lang='grc' dir='ltr'>κρατίστους</span> <span class='ocrx_word' id='word_1_194' title='bbox 912 2661 964 2717; x_wconf 85' lang='grc' dir='ltr'><strong>τῶν</strong></span> 
     </span>
     <span class='ocr_line' id='line_1_28' title="bbox 185 2741 964 2824; baseline -0.001 -19"><span class='ocrx_word' id='word_1_195' title='bbox 185 2747 250 2805; x_wconf 82' lang='grc' dir='ltr'>νέων</span> <span class='ocrx_word' id='word_1_196' title='bbox 282 2744 399 2824; x_wconf 80' lang='grc' dir='ltr'>ἀρωγοὺς</span> <span class='ocrx_word' id='word_1_197' title='bbox 424 2745 497 2824; x_wconf 80' lang='grc' dir='ltr'>αὐτῷ</span> <span class='ocrx_word' id='word_1_198' title='bbox 527 2741 642 2820; x_wconf 89' lang='grc' dir='ltr'>πέμπει·</span> <span class='ocrx_word' id='word_1_199' title='bbox 671 2746 786 2805; x_wconf 88' lang='grc' dir='ltr'>κάκεῖνοι</span> <span class='ocrx_word' id='word_1_200' title='bbox 806 2744 964 2816; x_wconf 84' lang='grc' dir='ltr'>ποιήσαντες</span> 
     </span>
     <span class='ocr_line' id='line_1_29' title="bbox 185 2830 963 2913; baseline 0.001 -21"><span class='ocrx_word' id='word_1_201' title='bbox 185 2830 298 2899; x_wconf 78' lang='grc' dir='ltr'>πυκνούς</span> <span class='ocrx_word' id='word_1_202' title='bbox 310 2832 371 2899; x_wconf 80' lang='grc' dir='ltr'>τούς</span> <span class='ocrx_word' id='word_1_203' title='bbox 390 2830 483 2913; x_wconf 92' lang='grc' dir='ltr'>λόχους</span> <span class='ocrx_word' id='word_1_204' title='bbox 495 2831 658 2910; x_wconf 86' lang='grc' dir='ltr'>έμόάλλουσι</span> <span class='ocrx_word' id='word_1_205' title='bbox 669 2841 722 2902; x_wconf 87' lang='grc' dir='ltr'>τοῖς</span> <span class='ocrx_word' id='word_1_206' title='bbox 732 2833 877 2912; x_wconf 90' lang='grc' dir='ltr'>πολεμίοις.</span> <span class='ocrx_word' id='word_1_207' title='bbox 922 2837 963 2896; x_wconf 84' lang='grc' dir='ltr'><strong>Οὐ</strong></span> 
     </span>
     <span class='ocr_line' id='line_1_30' title="bbox 186 2921 964 3001; baseline 0 -19"><span class='ocrx_word' id='word_1_208' title='bbox 186 2921 335 2998; x_wconf 76' lang='grc' dir='ltr'>δεξαμένων</span> <span class='ocrx_word' id='word_1_209' title='bbox 351 2922 379 2984; x_wconf 76' lang='grc' dir='ltr'><strong>δέ</strong></span> <span class='ocrx_word' id='word_1_210' title='bbox 394 2923 486 2988; x_wconf 81' lang='grc' dir='ltr'>αὐτοὺς</span> <span class='ocrx_word' id='word_1_211' title='bbox 507 2925 559 2980; x_wconf 79' lang='grc' dir='ltr'><strong>τῶν</strong></span> <span class='ocrx_word' id='word_1_212' title='bbox 584 2923 653 2981; x_wconf 86' lang='grc' dir='ltr'>κατδι</span> <span class='ocrx_word' id='word_1_213' title='bbox 681 2921 819 3001; x_wconf 85' lang='grc' dir='ltr'>μέτωπον,</span> <span class='ocrx_word' id='word_1_214' title='bbox 846 2921 904 2980; x_wconf 81' lang='grc' dir='ltr'>ἀλλ’</span> <span class='ocrx_word' id='word_1_215' title='bbox 928 2925 964 2993; x_wconf 89' lang='grc' dir='ltr'><strong>είς</strong></span> 
     </span>
     <span class='ocr_line' id='line_1_31' title="bbox 74 3007 962 3093; baseline -0.005 -20"><span class='ocrx_word' id='word_1_216' title='bbox 74 3014 77 3019; x_wconf 67' lang='grc'><strong>’</strong></span> <span class='ocrx_word' id='word_1_217' title='bbox 133 3034 161 3074; x_wconf 84' lang='grc' dir='ltr'><strong>ευ</strong></span> <span class='ocrx_word' id='word_1_218' title='bbox 188 3011 273 3093; x_wconf 82' lang='grc' dir='ltr'>φυγὴν</span> <span class='ocrx_word' id='word_1_219' title='bbox 297 3009 464 3091; x_wconf 88' lang='grc' dir='ltr'>τραπέντων,</span> <span class='ocrx_word' id='word_1_220' title='bbox 479 3007 640 3089; x_wconf 89' lang='grc' dir='ltr'>προσωτέρω</span> <span class='ocrx_word' id='word_1_221' title='bbox 659 3013 856 3089; x_wconf 81' lang='grc' dir='ltr'>προχωροῦντος</span> <span class='ocrx_word' id='word_1_222' title='bbox 877 3009 962 3088; x_wconf 88' lang='grc' dir='ltr'>εὑρίσ-</span> 
     </span>
     <span class='ocr_line' id='line_1_32' title="bbox 187 3096 963 3177; baseline -0.001 -20"><span class='ocrx_word' id='word_1_223' title='bbox 187 3121 262 3157; x_wconf 87' lang='grc' dir='ltr'>κουσι</span> <span class='ocrx_word' id='word_1_224' title='bbox 275 3097 319 3157; x_wconf 80' lang='grc' dir='ltr'><strong>τὸν</strong></span> <span class='ocrx_word' id='word_1_225' title='bbox 336 3097 458 3177; x_wconf 84' lang='grc' dir='ltr'>Μάρκιον</span> <span class='ocrx_word' id='word_1_226' title='bbox 468 3096 631 3176; x_wconf 88' lang='grc' dir='ltr'>τραυμάτων</span> <span class='ocrx_word' id='word_1_227' title='bbox 649 3097 761 3172; x_wconf 85' lang='grc' dir='ltr'>μεστὸν,</span> <span class='ocrx_word' id='word_1_228' title='bbox 775 3096 820 3155; x_wconf 85' lang='grc' dir='ltr'><strong>καί</strong></span> <span class='ocrx_word' id='word_1_229' title='bbox 839 3097 900 3177; x_wconf 80' lang='grc' dir='ltr'>περὶ</span> <span class='ocrx_word' id='word_1_230' title='bbox 914 3101 963 3156; x_wconf 82' lang='grc' dir='ltr'><strong>αὖ·</strong></span> 
     </span>
     <span class='ocr_line' id='line_1_33' title="bbox 186 3184 961 3266; baseline -0.001 -21"><span class='ocrx_word' id='word_1_231' title='bbox 186 3189 230 3247; x_wconf 87' lang='grc' dir='ltr'><strong>τδν</strong></span> <span class='ocrx_word' id='word_1_232' title='bbox 240 3189 321 3266; x_wconf 79' lang='grc' dir='ltr'>δρῶσι</span> <span class='ocrx_word' id='word_1_233' title='bbox 332 3185 440 3266; x_wconf 86' lang='grc' dir='ltr'>νεκρούς</span> <span class='ocrx_word' id='word_1_234' title='bbox 452 3209 482 3244; x_wconf 93' lang='grc' dir='ltr'><strong>τε</strong></span> <span class='ocrx_word' id='word_1_235' title='bbox 490 3185 625 3264; x_wconf 85' lang='grc' dir='ltr'>κειμένους</span> <span class='ocrx_word' id='word_1_236' title='bbox 636 3184 748 3251; x_wconf 86' lang='grc' dir='ltr'>πολλοὺς</span> <span class='ocrx_word' id='word_1_237' title='bbox 763 3184 807 3245; x_wconf 80' lang='grc' dir='ltr'><strong>καὶ</strong></span> <span class='ocrx_word' id='word_1_238' title='bbox 818 3188 961 3260; x_wconf 87' lang='grc' dir='ltr'>ήμιθανεῐς.</span> 
     </span>
     <span class='ocr_line' id='line_1_34' title="bbox 187 3271 964 3354; baseline 0 -19"><span class='ocrx_word' id='word_1_239' title='bbox 187 3276 264 3336; x_wconf 80' lang='grc' dir='ltr'>Μετὰ</span> <span class='ocrx_word' id='word_1_240' title='bbox 285 3274 356 3333; x_wconf 81' lang='grc' dir='ltr'>τοῦτ’</span> <span class='ocrx_word' id='word_1_241' title='bbox 371 3275 423 3346; x_wconf 81' lang='grc' dir='ltr'><strong>ἤδη</strong></span> <span class='ocrx_word' id='word_1_242' title='bbox 448 3278 540 3339; x_wconf 80' lang='grc' dir='ltr'>κοινῶς</span> <span class='ocrx_word' id='word_1_243' title='bbox 555 3272 670 3352; x_wconf 75' lang='grc' dir='ltr'>ἐχώρουν</span> <span class='ocrx_word' id='word_1_244' title='bbox 694 3271 813 3351; x_wconf 77' lang='grc' dir='ltr'>ἡγεμόνα</span> <span class='ocrx_word' id='word_1_245' title='bbox 827 3273 872 3332; x_wconf 86' lang='grc' dir='ltr'><strong>τὸν</strong></span> <span class='ocrx_word' id='word_1_246' title='bbox 889 3275 964 3354; x_wconf 85' lang='grc' dir='ltr'>Μάρ·</span> 
     </span>
     <span class='ocr_line' id='line_1_35' title="bbox 187 3361 964 3444; baseline -0.001 -20"><span class='ocrx_word' id='word_1_247' title='bbox 187 3388 242 3425; x_wconf 90' lang='grc' dir='ltr'>κιον</span> <span class='ocrx_word' id='word_1_248' title='bbox 256 3364 363 3444; x_wconf 89' lang='grc' dir='ltr'>έχοντες</span> <span class='ocrx_word' id='word_1_249' title='bbox 376 3363 420 3422; x_wconf 78' lang='grc' dir='ltr'>ἐπὶ</span> <span class='ocrx_word' id='word_1_250' title='bbox 432 3361 492 3428; x_wconf 75' lang='grc' dir='ltr'>τοὺς</span> <span class='ocrx_word' id='word_1_251' title='bbox 504 3361 544 3422; x_wconf 90' lang='grc' dir='ltr'><strong>έτε</strong></span> <span class='ocrx_word' id='word_1_252' title='bbox 559 3361 729 3438; x_wconf 75' lang='grc' dir='ltr'>διαμένοντας</span> <span class='ocrx_word' id='word_1_253' title='bbox 750 3363 776 3420; x_wconf 90' lang='grc' dir='ltr'>ἐν</span> <span class='ocrx_word' id='word_1_254' title='bbox 792 3361 875 3436; x_wconf 79' lang='grc' dir='ltr'>τάξει,</span> <span class='ocrx_word' id='word_1_255' title='bbox 893 3363 964 3423; x_wconf 85' lang='grc' dir='ltr'>κτεί·</span> 
     </span>
     <span class='ocr_line' id='line_1_36' title="bbox 134 3449 963 3532; baseline -0.001 -22"><span class='ocrx_word' id='word_1_256' title='bbox 134 3479 160 3519; x_wconf 69' lang='lat'><strong>25</strong></span> <span class='ocrx_word' id='word_1_257' title='bbox 186 3475 273 3520; x_wconf 92' lang='grc' dir='ltr'>νοντες</span> <span class='ocrx_word' id='word_1_258' title='bbox 301 3449 361 3519; x_wconf 79' lang='grc' dir='ltr'>τούς</span> <span class='ocrx_word' id='word_1_259' title='bbox 386 3450 576 3532; x_wconf 74' lang='grc' dir='ltr'>ὑφισταμένους</span> <span class='ocrx_word' id='word_1_260' title='bbox 608 3452 653 3511; x_wconf 84' lang='grc' dir='ltr'><strong>καί</strong></span> <span class='ocrx_word' id='word_1_261' title='bbox 676 3452 766 3532; x_wconf 79' lang='grc' dir='ltr'>ὥσπερ</span> <span class='ocrx_word' id='word_1_262' title='bbox 794 3450 963 3530; x_wconf 84' lang='grc' dir='ltr'>ἀνδραπόδοις</span> 
     </span>
     <span class='ocr_line' id='line_1_37' title="bbox 187 3537 965 3620; baseline -0.003 -19"><span class='ocrx_word' id='word_1_263' title='bbox 187 3539 406 3620; x_wconf 82' lang='grc' dir='ltr'>παραχρώμενοι.</span> <span class='ocrx_word' id='word_1_264' title='bbox 450 3538 533 3608; x_wconf 74' lang='grc' dir='ltr'>Ἄξιον</span> <span class='ocrx_word' id='word_1_265' title='bbox 558 3537 654 3615; x_wconf 79' lang='grc' dir='ltr'>μὲνδὴ</span> <span class='ocrx_word' id='word_1_266' title='bbox 683 3539 760 3617; x_wconf 91' lang='grc' dir='ltr'>λόγου</span> <span class='ocrx_word' id='word_1_267' title='bbox 785 3540 869 3600; x_wconf 85' lang='grc' dir='ltr'>καλοί</span> <span class='ocrx_word' id='word_1_268' title='bbox 889 3539 965 3602; x_wconf 89' lang='grc' dir='ltr'>ἀλλοι</span> 
     </span>
     <span class='ocr_line' id='line_1_38' title="bbox 187 3625 966 3709; baseline -0.001 -19"><span class='ocrx_word' id='word_1_269' title='bbox 187 3628 320 3702; x_wconf 81' lang='grc' dir='ltr'>Ῥωμαῖοι</span> <span class='ocrx_word' id='word_1_270' title='bbox 334 3629 360 3686; x_wconf 95' lang='grc' dir='ltr'>ἐν</span> <span class='ocrx_word' id='word_1_271' title='bbox 375 3631 409 3709; x_wconf 85' lang='grc' dir='ltr'><strong>τῇ</strong></span> <span class='ocrx_word' id='word_1_272' title='bbox 426 3626 501 3707; x_wconf 83' lang='grc' dir='ltr'>μάχη</span> <span class='ocrx_word' id='word_1_273' title='bbox 517 3627 600 3707; x_wconf 75' lang='grc' dir='ltr'><strong>ταιίτγ·Ι</strong></span> <span class='ocrx_word' id='word_1_274' title='bbox 622 3625 752 3706; x_wconf 89' lang='grc' dir='ltr'>έγένοντο,</span> <span class='ocrx_word' id='word_1_275' title='bbox 776 3630 907 3708; x_wconf 88' lang='grc' dir='ltr'>κράτιστοι</span> <span class='ocrx_word' id='word_1_276' title='bbox 937 3628 966 3689; x_wconf 80' lang='grc' dir='ltr'>δέ</span> 
     </span>
     <span class='ocr_line' id='line_1_39' title="bbox 188 3715 966 3798; baseline 0.005 -22"><span class='ocrx_word' id='word_1_277' title='bbox 188 3719 273 3776; x_wconf 83' lang='grc' dir='ltr'>αὐτῶν</span> <span class='ocrx_word' id='word_1_278' title='bbox 283 3721 307 3778; x_wconf 87' lang='grc' dir='ltr'>σί</span> <span class='ocrx_word' id='word_1_279' title='bbox 318 3715 528 3797; x_wconf 89' lang='grc' dir='ltr'>προασπίσαντες</span> <span class='ocrx_word' id='word_1_280' title='bbox 537 3715 726 3798; x_wconf 86' lang='grc' dir='ltr'>τὺνΜάρκισν·</span> <span class='ocrx_word' id='word_1_281' title='bbox 738 3717 802 3798; x_wconf 81' lang='grc' dir='ltr'>ὑπέρ</span> <span class='ocrx_word' id='word_1_282' title='bbox 811 3719 928 3786; x_wconf 80' lang='grc' dir='ltr'>ἅπαντας</span> <span class='ocrx_word' id='word_1_283' title='bbox 939 3719 966 3780; x_wconf 81' lang='grc' dir='ltr'><strong>δέ</strong></span> 
     </span>
     <span class='ocr_line' id='line_1_40' title="bbox 189 3803 964 3886; baseline 0.006 -25"><span class='ocrx_word' id='word_1_284' title='bbox 189 3806 265 3871; x_wconf 82' lang='grc' dir='ltr'>αὐτὸς</span> <span class='ocrx_word' id='word_1_285' title='bbox 280 3808 294 3862; x_wconf 85' lang='grc' dir='ltr'>ὑ</span> <span class='ocrx_word' id='word_1_286' title='bbox 311 3804 447 3884; x_wconf 88' lang='grc' dir='ltr'>Μάρκιος,</span> <span class='ocrx_word' id='word_1_287' title='bbox 462 3803 490 3871; x_wconf 89' lang='grc' dir='ltr'><strong>δς</strong></span> <span class='ocrx_word' id='word_1_288' title='bbox 505 3803 552 3863; x_wconf 88' lang='grc' dir='ltr'><strong>καί</strong></span> <span class='ocrx_word' id='word_1_289' title='bbox 565 3808 613 3877; x_wconf 88' lang='grc' dir='ltr'><strong>τῆς</strong></span> <span class='ocrx_word' id='word_1_290' title='bbox 626 3805 700 3873; x_wconf 85' lang='grc' dir='ltr'>νίκης</span> <span class='ocrx_word' id='word_1_291' title='bbox 720 3806 905 3886; x_wconf 89' lang='grc' dir='ltr'>ἀναμφιλόγως</span> <span class='ocrx_word' id='word_1_292' title='bbox 920 3810 964 3866; x_wconf 88' lang='grc' dir='ltr'><strong>αί·</strong></span> 
     </span>
     <span class='ocr_line' id='line_1_41' title="bbox 135 3885 966 3972; baseline 0.008 -24"><span class='ocrx_word' id='word_1_293' title='bbox 135 3923 163 3960; x_wconf 72' lang='lat'><strong>40</strong></span> <span class='ocrx_word' id='word_1_294' title='bbox 189 3893 314 3960; x_wconf 89' lang='grc' dir='ltr'>τεώτοιτος</span> <span class='ocrx_word' id='word_1_295' title='bbox 338 3885 378 3965; x_wconf 84' lang='grc' dir='ltr'>ήν.</span> <span class='ocrx_word' id='word_1_296' title='bbox 421 3892 504 3955; x_wconf 81' lang='grc' dir='ltr'>Ἐπεί</span> <span class='ocrx_word' id='word_1_297' title='bbox 521 3895 549 3952; x_wconf 83' lang='grc' dir='ltr'><strong>δέ</strong></span> <span class='ocrx_word' id='word_1_298' title='bbox 573 3893 761 3962; x_wconf 82' lang='grc' dir='ltr'>συνεσκόταζεν</span> <span class='ocrx_word' id='word_1_299' title='bbox 784 3896 851 3968; x_wconf 86' lang='grc' dir='ltr'>ήδη,</span> <span class='ocrx_word' id='word_1_300' title='bbox 869 3898 893 3955; x_wconf 82' lang='grc' dir='ltr'><strong>οἱ</strong></span> <span class='ocrx_word' id='word_1_301' title='bbox 919 3895 966 3972; x_wconf 79' lang='grc' dir='ltr'><strong>μὲν</strong></span> 
     </span>
     <span class='ocr_line' id='line_1_42' title="bbox 190 3979 966 4065; baseline 0.006 -27"><span class='ocrx_word' id='word_1_302' title='bbox 190 3979 322 4056; x_wconf 88' lang='grc' dir='ltr'>Ῥωμαῖοι</span> <span class='ocrx_word' id='word_1_303' title='bbox 335 3983 484 4065; x_wconf 88' lang='grc' dir='ltr'>ἀνεχώρουν</span> <span class='ocrx_word' id='word_1_304' title='bbox 500 3982 544 4041; x_wconf 83' lang='grc' dir='ltr'>ἐπί</span> <span class='ocrx_word' id='word_1_305' title='bbox 555 3982 586 4041; x_wconf 87' lang='grc' dir='ltr'><strong>τδ</strong></span> <span class='ocrx_word' id='word_1_306' title='bbox 596 3984 781 4064; x_wconf 85' lang='grc' dir='ltr'>στρατόπεδον,</span> <span class='ocrx_word' id='word_1_307' title='bbox 790 3984 860 4063; x_wconf 90' lang='grc' dir='ltr'>μέγα</span> <span class='ocrx_word' id='word_1_308' title='bbox 875 3985 917 4043; x_wconf 82' lang='grc' dir='ltr'>ἐπὶ</span> <span class='ocrx_word' id='word_1_309' title='bbox 933 3991 966 4065; x_wconf 81' lang='grc' dir='ltr'><strong>τῇ</strong></span> 
     </span>
     <span class='ocr_line' id='line_1_43' title="bbox 190 4068 965 4151; baseline 0.006 -27"><span class='ocrx_word' id='word_1_310' title='bbox 190 4068 249 4144; x_wconf 87' lang='grc' dir='ltr'>νίκη</span> <span class='ocrx_word' id='word_1_311' title='bbox 269 4077 436 4148; x_wconf 81' lang='grc' dir='ltr'>φρονοῦντες,</span> <span class='ocrx_word' id='word_1_312' title='bbox 461 4071 507 4130; x_wconf 83' lang='grc' dir='ltr'><strong>καί</strong></span> <span class='ocrx_word' id='word_1_313' title='bbox 531 4071 644 4138; x_wconf 77' lang='grc' dir='ltr'>πολλοὺς</span> <span class='ocrx_word' id='word_1_314' title='bbox 660 4071 707 4148; x_wconf 80' lang='grc' dir='ltr'><strong>μὲν</strong></span> <span class='ocrx_word' id='word_1_315' title='bbox 731 4071 891 4151; x_wconf 75' lang='grc' dir='ltr'>ἀνῃρηκότες</span> <span class='ocrx_word' id='word_1_316' title='bbox 913 4074 965 4130; x_wconf 79' lang='grc' dir='ltr'><strong>τῶν</strong></span> 
     </span>
     <span class='ocr_line' id='line_1_44' title="bbox 190 4155 844 4240; baseline 0.006 -24"><span class='ocrx_word' id='word_1_317' title='bbox 190 4155 349 4228; x_wconf 76' lang='grc' dir='ltr'>Ἀντιατῶν,</span> <span class='ocrx_word' id='word_1_318' title='bbox 361 4159 472 4227; x_wconf 81' lang='grc' dir='ltr'>πολλοὺς</span> <span class='ocrx_word' id='word_1_319' title='bbox 487 4161 514 4220; x_wconf 80' lang='grc' dir='ltr'>δὲ</span> <span class='ocrx_word' id='word_1_320' title='bbox 527 4160 714 4240; x_wconf 79' lang='grc' dir='ltr'>αἰχμαλώτους</span> <span class='ocrx_word' id='word_1_321' title='bbox 727 4160 844 4239; x_wconf 88' lang='grc' dir='ltr'>ἀγσντες.</span> 
     </span>
     <span class='ocr_line' id='line_1_45' title="bbox 230 4246 964 4331; baseline 0.003 -25"><span class='ocrx_word' id='word_1_322' title='bbox 230 4246 332 4306; x_wconf 85' lang='lat' dir='ltr'><strong>xClV.</strong></span> <span class='ocrx_word' id='word_1_323' title='bbox 349 4249 392 4324; x_wconf 81' lang='grc' dir='ltr'><strong>Ἰῆ</strong></span> <span class='ocrx_word' id='word_1_324' title='bbox 405 4246 427 4306; x_wconf 84' lang='grc' dir='ltr'>δ’</span> <span class='ocrx_word' id='word_1_325' title='bbox 442 4247 500 4319; x_wconf 81' lang='grc' dir='ltr'>ἑξῆς</span> <span class='ocrx_word' id='word_1_326' title='bbox 514 4248 616 4331; x_wconf 72' lang='grc' dir='ltr'>ἡμέρᾳ,</span> <span class='ocrx_word' id='word_1_327' title='bbox 632 4249 795 4326; x_wconf 80' lang='grc' dir='ltr'>συγκαλέσας</span> <span class='ocrx_word' id='word_1_328' title='bbox 811 4254 824 4308; x_wconf 86' lang='grc' dir='ltr'>ὑ</span> <span class='ocrx_word' id='word_1_329' title='bbox 845 4248 964 4309; x_wconf 87' lang='grc' dir='ltr'>Πόστου·</span> 
     </span>
    </p>
   </div>
   <div class='ocr_carea' id='block_1_3' title="bbox 136 4334 965 4418">
    <p class='ocr_par' dir='ltr' id='par_1_3' title="bbox 136 4334 965 4418">
     <span class='ocr_line' id='line_1_46' title="bbox 136 4334 965 4418; baseline 0.01 -29"><span class='ocrx_word' id='word_1_330' title='bbox 136 4358 163 4398; x_wconf 71' lang='grc' dir='ltr'><strong>ες</strong></span> <span class='ocrx_word' id='word_1_331' title='bbox 191 4355 238 4406; x_wconf 88' lang='grc' dir='ltr'>μσς</span> <span class='ocrx_word' id='word_1_332' title='bbox 249 4335 285 4399; x_wconf 86' lang='grc' dir='ltr'><strong>είς</strong></span> <span class='ocrx_word' id='word_1_333' title='bbox 302 4334 443 4404; x_wconf 82' lang='grc' dir='ltr'>ἐκκλησίαν</span> <span class='ocrx_word' id='word_1_334' title='bbox 457 4336 502 4395; x_wconf 83' lang='grc' dir='ltr'><strong>τὸν</strong></span> <span class='ocrx_word' id='word_1_335' title='bbox 517 4338 640 4415; x_wconf 82' lang='grc' dir='ltr'>στρατὸν,</span> <span class='ocrx_word' id='word_1_336' title='bbox 653 4338 759 4397; x_wconf 81' lang='grc' dir='ltr'>ἔπαινον</span> <span class='ocrx_word' id='word_1_337' title='bbox 777 4343 824 4397; x_wconf 80' lang='grc' dir='ltr'><strong>τοῦ</strong></span> <span class='ocrx_word' id='word_1_338' title='bbox 840 4338 965 4418; x_wconf 89' lang='grc' dir='ltr'>Μαρκίου</span> 
     </span>
    </p>
   </div>
   <div class='ocr_carea' id='block_1_4' title="bbox 190 4420 987 4507">
    <p class='ocr_par' dir='ltr' id='par_1_4' title="bbox 190 4420 987 4507">
     <span class='ocr_line' id='line_1_47' title="bbox 190 4420 987 4507; baseline 0.013 -29"><span class='ocrx_word' id='word_1_339' title='bbox 190 4420 306 4494; x_wconf 76' lang='grc' dir='ltr'>διεξῆλθε</span> <span class='ocrx_word' id='word_1_340' title='bbox 322 4420 413 4492; x_wconf 79' lang='grc' dir='ltr'>πολὺν,</span> <span class='ocrx_word' id='word_1_341' title='bbox 432 4425 477 4483; x_wconf 82' lang='grc' dir='ltr'><strong>καί</strong></span> <span class='ocrx_word' id='word_1_342' title='bbox 496 4427 631 4507; x_wconf 88' lang='grc' dir='ltr'>στεφάνοις</span> <span class='ocrx_word' id='word_1_343' title='bbox 654 4427 730 4486; x_wconf 81' lang='grc' dir='ltr'>αὑτὸν</span> <span class='ocrx_word' id='word_1_344' title='bbox 751 4428 890 4507; x_wconf 84' lang='grc' dir='ltr'>ἀριστείοις</span> <span class='ocrx_word' id='word_1_345' title='bbox 909 4426 987 4488; x_wconf 47' lang='grc' dir='ltr'>άνέῖ</span> 
     </span>
    </p>
   </div>
   <div class='ocr_carea' id='block_1_5' title="bbox 137 4510 966 5211">
    <p class='ocr_par' dir='ltr' id='par_1_5' title="bbox 137 4510 966 5211">
     <span class='ocr_line' id='line_1_48' title="bbox 190 4510 964 4594; baseline 0.012 -28"><span class='ocrx_word' id='word_1_346' title='bbox 190 4510 279 4581; x_wconf 90' lang='grc' dir='ltr'>δησεν,</span> <span class='ocrx_word' id='word_1_347' title='bbox 306 4511 459 4592; x_wconf 83' lang='grc' dir='ltr'>ἀμφοτέρων</span> <span class='ocrx_word' id='word_1_348' title='bbox 480 4514 641 4593; x_wconf 79' lang='grc' dir='ltr'>χαριστήρια</span> <span class='ocrx_word' id='word_1_349' title='bbox 654 4518 706 4573; x_wconf 86' lang='grc' dir='ltr'><strong>τῶν</strong></span> <span class='ocrx_word' id='word_1_350' title='bbox 736 4517 844 4594; x_wconf 81' lang='grc' dir='ltr'>ἀγώνοιν</span> <span class='ocrx_word' id='word_1_351' title='bbox 872 4519 964 4577; x_wconf 83' lang='grc' dir='ltr'>ἀποδι·</span> 
     </span>
     <span class='ocr_line' id='line_1_49' title="bbox 190 4597 965 4686; baseline 0.012 -31"><span class='ocrx_word' id='word_1_352' title='bbox 190 4597 256 4663; x_wconf 83' lang='grc' dir='ltr'>δούς.</span> <span class='ocrx_word' id='word_1_353' title='bbox 299 4599 509 4679; x_wconf 78' lang='grc' dir='ltr'>Ἐδωρήσατσδέ</span> <span class='ocrx_word' id='word_1_354' title='bbox 522 4603 600 4661; x_wconf 78' lang='grc' dir='ltr'>αὑτὸν</span> <span class='ocrx_word' id='word_1_355' title='bbox 615 4603 690 4684; x_wconf 84' lang='grc' dir='ltr'>ίππῳ</span> <span class='ocrx_word' id='word_1_356' title='bbox 713 4607 860 4686; x_wconf 73' lang='grc' dir='ltr'>πολεμιστῇ</span> <span class='ocrx_word' id='word_1_357' title='bbox 885 4628 965 4684; x_wconf 87' lang='grc' dir='ltr'>στρα-</span> 
     </span>
     <span class='ocr_line' id='line_1_50' title="bbox 191 4688 965 4773; baseline 0.01 -30"><span class='ocrx_word' id='word_1_358' title='bbox 191 4694 307 4763; x_wconf 91' lang='grc' dir='ltr'>τηγικοῖς</span> <span class='ocrx_word' id='word_1_359' title='bbox 320 4688 460 4765; x_wconf 76' lang='grc' dir='ltr'>ἐπισήμοις</span> <span class='ocrx_word' id='word_1_360' title='bbox 482 4694 689 4773; x_wconf 78' lang='grc' dir='ltr'>κεκοσμημένῳ),</span> <span class='ocrx_word' id='word_1_361' title='bbox 704 4693 749 4751; x_wconf 83' lang='grc' dir='ltr'><strong>καὶ</strong></span> <span class='ocrx_word' id='word_1_362' title='bbox 765 4693 829 4753; x_wconf 91' lang='grc' dir='ltr'>δέκα</span> <span class='ocrx_word' id='word_1_363' title='bbox 845 4692 965 4770; x_wconf 88' lang='grc' dir='ltr'>σώμασιν</span> 
     </span>
     <span class='ocr_line' id='line_1_51' title="bbox 137 4776 966 4858; baseline 0.01 -26"><span class='ocrx_word' id='word_1_364' title='bbox 137 4813 164 4849; x_wconf 64' lang='lat'><strong>50</strong></span> <span class='ocrx_word' id='word_1_365' title='bbox 191 4776 383 4854; x_wconf 77' lang='grc' dir='ltr'>αἰχμαλώτοις,</span> <span class='ocrx_word' id='word_1_366' title='bbox 404 4779 447 4837; x_wconf 85' lang='grc' dir='ltr'>ἐπ’</span> <span class='ocrx_word' id='word_1_367' title='bbox 470 4778 561 4858; x_wconf 82' lang='grc' dir='ltr'>ἐκείνῳ</span> <span class='ocrx_word' id='word_1_368' title='bbox 585 4780 698 4851; x_wconf 75' lang='grc' dir='ltr'>ποιήσας</span> <span class='ocrx_word' id='word_1_369' title='bbox 714 4781 757 4848; x_wconf 84' lang='grc' dir='ltr'>οὑς</span> <span class='ocrx_word' id='word_1_370' title='bbox 775 4782 895 4858; x_wconf 84' lang='grc' dir='ltr'>βούλοιτο</span> <span class='ocrx_word' id='word_1_371' title='bbox 914 4782 966 4840; x_wconf 86' lang='grc' dir='ltr'><strong>λα-</strong></span> 
     </span>
     <span class='ocr_line' id='line_1_52' title="bbox 193 4864 966 4950; baseline 0.009 -29"><span class='ocrx_word' id='word_1_372' title='bbox 193 4864 257 4937; x_wconf 75' lang='grc' dir='ltr'>δεῖν,</span> <span class='ocrx_word' id='word_1_373' title='bbox 273 4867 390 4950; x_wconf 84' lang='grc' dir='ltr'>ἀργυρίῳ</span> <span class='ocrx_word' id='word_1_374' title='bbox 402 4869 430 4927; x_wconf 79' lang='grc' dir='ltr'>δὲ</span> <span class='ocrx_word' id='word_1_375' title='bbox 442 4866 502 4927; x_wconf 87' lang='grc' dir='ltr'>όσον</span> <span class='ocrx_word' id='word_1_376' title='bbox 518 4867 551 4927; x_wconf 84' lang='grc' dir='ltr'>ἀν</span> <span class='ocrx_word' id='word_1_377' title='bbox 565 4868 748 4947; x_wconf 75' lang='grc' dir='ltr'>ἐξενέγκασθαι</span> <span class='ocrx_word' id='word_1_378' title='bbox 761 4871 865 4929; x_wconf 90' lang='grc' dir='ltr'>δύναιτο</span> <span class='ocrx_word' id='word_1_379' title='bbox 880 4869 966 4950; x_wconf 51' lang='grc' dir='ltr'>αὐτὸς,</span> 
     </span>
     <span class='ocr_line' id='line_1_53' title="bbox 192 4951 966 5037; baseline 0.012 -31"><span class='ocrx_word' id='word_1_380' title='bbox 192 4951 238 5008; x_wconf 84' lang='grc' dir='ltr'><strong>καί</strong></span> <span class='ocrx_word' id='word_1_381' title='bbox 260 4957 312 5014; x_wconf 76' lang='grc' dir='ltr'>ἀπὸ</span> <span class='ocrx_word' id='word_1_382' title='bbox 330 4962 376 5028; x_wconf 84' lang='grc' dir='ltr'><strong>τῆς</strong></span> <span class='ocrx_word' id='word_1_383' title='bbox 391 4956 474 5029; x_wconf 89' lang='grc' dir='ltr'>ἀλλης</span> <span class='ocrx_word' id='word_1_384' title='bbox 492 4957 564 5025; x_wconf 90' lang='grc' dir='ltr'>λείας</span> <span class='ocrx_word' id='word_1_385' title='bbox 579 4959 689 5023; x_wconf 88' lang='grc' dir='ltr'>πολλαῖς</span> <span class='ocrx_word' id='word_1_386' title='bbox 705 4960 750 5016; x_wconf 81' lang='grc' dir='ltr'><strong>καί</strong></span> <span class='ocrx_word' id='word_1_387' title='bbox 766 4960 859 5024; x_wconf 83' lang='grc' dir='ltr'>καλαῖς</span> <span class='ocrx_word' id='word_1_388' title='bbox 877 4963 966 5037; x_wconf 86' lang='grc' dir='ltr'>ἀπαρ-</span> 
     </span>
     <span class='ocr_line' id='line_1_54' title="bbox 192 5043 965 5123; baseline 0.006 -24"><span class='ocrx_word' id='word_1_389' title='bbox 192 5043 264 5114; x_wconf 72' lang='grc' dir='ltr'>χαῖς.</span> <span class='ocrx_word' id='word_1_390' title='bbox 308 5046 376 5116; x_wconf 83' lang='grc' dir='ltr'>Βσῆς</span> <span class='ocrx_word' id='word_1_391' title='bbox 391 5046 418 5106; x_wconf 78' lang='grc' dir='ltr'><strong>δέ</strong></span> <span class='ocrx_word' id='word_1_392' title='bbox 432 5044 573 5123; x_wconf 89' lang='grc' dir='ltr'>γενομένης</span> <span class='ocrx_word' id='word_1_393' title='bbox 588 5044 613 5113; x_wconf 76' lang='grc' dir='ltr'><strong>ἐξ</strong></span> <span class='ocrx_word' id='word_1_394' title='bbox 635 5045 759 5103; x_wconf 76' lang='grc' dir='ltr'>ἁπάντων</span> <span class='ocrx_word' id='word_1_395' title='bbox 784 5047 913 5122; x_wconf 84' lang='grc' dir='ltr'>μεγάλης,</span> <span class='ocrx_word' id='word_1_396' title='bbox 931 5049 965 5112; x_wconf 84' lang='grc' dir='ltr'>ὡς</span> 
     </span>
     <span class='ocr_line' id='line_1_55' title="bbox 192 5127 966 5211; baseline 0.016 -30"><span class='ocrx_word' id='word_1_397' title='bbox 192 5127 413 5189; x_wconf 77' lang='grc' dir='ltr'>συνεπαινσύντων</span> <span class='ocrx_word' id='word_1_398' title='bbox 431 5155 459 5191; x_wconf 91' lang='grc' dir='ltr'><strong>τε</strong></span> <span class='ocrx_word' id='word_1_399' title='bbox 480 5134 525 5191; x_wconf 83' lang='grc' dir='ltr'><strong>καὶ</strong></span> <span class='ocrx_word' id='word_1_400' title='bbox 549 5132 749 5208; x_wconf 82' lang='grc' dir='ltr'>συνηδομένων,</span> <span class='ocrx_word' id='word_1_401' title='bbox 779 5132 929 5211; x_wconf 85' lang='grc' dir='ltr'>προσελθὼν</span> <span class='ocrx_word' id='word_1_402' title='bbox 952 5139 966 5193; x_wconf 89' lang='grc' dir='ltr'>ὑ</span> 
     </span>
    </p>
   </div>
   <div class='ocr_carea' id='block_1_6' title="bbox 680 296 1286 365">
    <p class='ocr_par' dir='ltr' id='par_1_6' title="bbox 680 296 1286 365">
     <span class='ocr_line' id='line_1_56' title="bbox 680 296 1286 365; baseline -0.008 -2"><span class='ocrx_word' id='word_1_403' title='bbox 680 296 683 303; x_wconf 69' lang='grc'><strong>’</strong></span> <span class='ocrx_word' id='word_1_404' title='bbox 712 301 886 365; x_wconf 88' lang='lat' dir='ltr'><strong>DlONYSll</strong></span> <span class='ocrx_word' id='word_1_405' title='bbox 908 296 1286 364; x_wconf 78' lang='lat' dir='ltr'><strong>flnttcnnltnssartsts</strong></span> 
     </span>
    </p>
   </div>
   <div class='ocr_carea' id='block_1_7' title="bbox 1017 422 1830 4159">
    <p class='ocr_par' dir='ltr' id='par_1_7' title="bbox 1017 422 1801 678">
     <span class='ocr_line' id='line_1_57' title="bbox 1017 422 1800 503; baseline -0.006 -10"><span class='ocrx_word' id='word_1_406' title='bbox 1017 445 1201 503; x_wconf 82' lang='lat' dir='ltr'><strong>converterunt,</strong></span> <span class='ocrx_word' id='word_1_407' title='bbox 1219 442 1245 492; x_wconf 91' lang='lat' dir='ltr'><strong>et</strong></span> <span class='ocrx_word' id='word_1_408' title='bbox 1260 438 1292 489; x_wconf 90' lang='lat' dir='ltr'><strong>ad</strong></span> <span class='ocrx_word' id='word_1_409' title='bbox 1306 436 1414 488; x_wconf 88' lang='lat' dir='ltr'><strong>multum</strong></span> <span class='ocrx_word' id='word_1_410' title='bbox 1426 439 1527 500; x_wconf 89' lang='lat' dir='ltr'><strong>tempus</strong></span> <span class='ocrx_word' id='word_1_411' title='bbox 1542 435 1569 485; x_wconf 91' lang='lat' dir='ltr'><strong>in</strong></span> <span class='ocrx_word' id='word_1_412' title='bbox 1587 422 1697 500; x_wconf 68' lang='lat' dir='ltr'><strong>pradum</strong></span> <span class='ocrx_word' id='word_1_413' title='bbox 1711 437 1800 491; x_wconf 86' lang='lat' dir='ltr'><strong>intenti</strong></span> 
     </span>
     <span class='ocr_line' id='line_1_58' title="bbox 1018 522 1801 595; baseline -0.005 -13"><span class='ocrx_word' id='word_1_414' title='bbox 1018 532 1125 592; x_wconf 83' lang='lat' dir='ltr'><strong>luerunt,</strong></span> <span class='ocrx_word' id='word_1_415' title='bbox 1145 530 1203 595; x_wconf 89' lang='lat' dir='ltr'><strong>quia</strong></span> <span class='ocrx_word' id='word_1_416' title='bbox 1219 531 1245 580; x_wconf 90' lang='lat' dir='ltr'><strong>et</strong></span> <span class='ocrx_word' id='word_1_417' title='bbox 1263 526 1350 579; x_wconf 85' lang='lat' dir='ltr'><strong>multae</strong></span> <span class='ocrx_word' id='word_1_418' title='bbox 1365 523 1475 590; x_wconf 71' lang='lat' dir='ltr'><strong>mannia</strong></span> <span class='ocrx_word' id='word_1_419' title='bbox 1489 526 1516 575; x_wconf 87' lang='lat' dir='ltr'><strong>et</strong></span> <span class='ocrx_word' id='word_1_420' title='bbox 1532 522 1613 575; x_wconf 83' lang='lat' dir='ltr'><strong>multa</strong></span> <span class='ocrx_word' id='word_1_421' title='bbox 1629 524 1753 592; x_wconf 84' lang='lat' dir='ltr'><strong>mancipia</strong></span> <span class='ocrx_word' id='word_1_422' title='bbox 1774 526 1801 578; x_wconf 90' lang='lat' dir='ltr'><strong>ln</strong></span> 
     </span>
     <span class='ocr_line' id='line_1_59' title="bbox 1017 626 1167 678; baseline -0.033 0"><span class='ocrx_word' id='word_1_423' title='bbox 1017 626 1077 678; x_wconf 90' lang='lat' dir='ltr'><strong>urbe</strong></span> <span class='ocrx_word' id='word_1_424' title='bbox 1091 627 1167 675; x_wconf 85' lang='lat' dir='ltr'><strong>erant.</strong></span> 
     </span>
    </p>

    <p class='ocr_par' dir='ltr' id='par_1_8' title="bbox 1017 703 1830 4159">
     <span class='ocr_line' id='line_1_60' title="bbox 1047 703 1802 773; baseline -0.008 -9"><span class='ocrx_word' id='word_1_425' title='bbox 1047 713 1134 764; x_wconf 79' lang='lat' dir='ltr'><strong>xclll.</strong></span> <span class='ocrx_word' id='word_1_426' title='bbox 1143 713 1176 762; x_wconf 83' lang='lat' dir='ltr'><strong>nt</strong></span> <span class='ocrx_word' id='word_1_427' title='bbox 1185 709 1300 771; x_wconf 77' lang='lat' dir='ltr'><strong>Marcius,</strong></span> <span class='ocrx_word' id='word_1_428' title='bbox 1312 707 1358 773; x_wconf 86' lang='lat' dir='ltr'><strong>qui</strong></span> <span class='ocrx_word' id='word_1_429' title='bbox 1366 706 1439 758; x_wconf 87' lang='lat' dir='ltr'><strong>etiam</strong></span> <span class='ocrx_word' id='word_1_430' title='bbox 1452 704 1547 770; x_wconf 87' lang='lat' dir='ltr'><strong>primns</strong></span> <span class='ocrx_word' id='word_1_431' title='bbox 1556 703 1666 757; x_wconf 82' lang='lat' dir='ltr'><strong>hostium</strong></span> <span class='ocrx_word' id='word_1_432' title='bbox 1676 707 1802 771; x_wconf 91' lang='lat' dir='ltr'><strong>impetum</strong></span> 
     </span>
     <span class='ocr_line' id='line_1_61' title="bbox 1017 797 1800 866; baseline -0.008 -9"><span class='ocrx_word' id='word_1_433' title='bbox 1017 804 1169 857; x_wconf 72' lang='lat' dir='ltr'><strong>sustinuerat</strong></span> <span class='ocrx_word' id='word_1_434' title='bbox 1196 813 1272 866; x_wconf 89' lang='lat' dir='ltr'><strong>seque</strong></span> <span class='ocrx_word' id='word_1_435' title='bbox 1290 799 1401 849; x_wconf 89' lang='lat' dir='ltr'><strong>omnium</strong></span> <span class='ocrx_word' id='word_1_436' title='bbox 1425 797 1593 847; x_wconf 86' lang='lat' dir='ltr'><strong>Romanorum</strong></span> <span class='ocrx_word' id='word_1_437' title='bbox 1618 798 1800 860; x_wconf 62' lang='lat' dir='ltr'><strong>iustissimum,</strong></span> 
     </span>
     <span class='ocr_line' id='line_1_62' title="bbox 1018 876 1830 957; baseline -0.009 -11"><span class='ocrx_word' id='word_1_438' title='bbox 1018 900 1072 946; x_wconf 90' lang='lat' dir='ltr'><strong>tum</strong></span> <span class='ocrx_word' id='word_1_439' title='bbox 1084 894 1109 944; x_wconf 92' lang='lat' dir='ltr'><strong>in</strong></span> <span class='ocrx_word' id='word_1_440' title='bbox 1124 893 1177 957; x_wconf 89' lang='lat' dir='ltr'><strong>ipsa</strong></span> <span class='ocrx_word' id='word_1_441' title='bbox 1191 901 1319 940; x_wconf 91' lang='lat' dir='ltr'><strong>murorum</strong></span> <span class='ocrx_word' id='word_1_442' title='bbox 1334 884 1530 951; x_wconf 76' lang='lat' dir='ltr'><strong>oppugnatione,</strong></span> <span class='ocrx_word' id='word_1_443' title='bbox 1549 889 1604 936; x_wconf 91' lang='lat' dir='ltr'><strong>tum</strong></span> <span class='ocrx_word' id='word_1_444' title='bbox 1624 886 1652 937; x_wconf 90' lang='lat' dir='ltr'><strong>iu</strong></span> <span class='ocrx_word' id='word_1_445' title='bbox 1666 888 1757 953; x_wconf 88' lang='lat' dir='ltr'><strong>proeliis</strong></span> <span class='ocrx_word' id='word_1_446' title='bbox 1774 889 1801 939; x_wconf 92' lang='lat' dir='ltr'><strong>iu</strong></span> <span class='ocrx_word' id='word_1_447' title='bbox 1827 876 1830 881; x_wconf 66' lang='grc'><strong>’</strong></span> 
     </span>
     <span class='ocr_line' id='line_1_63' title="bbox 1017 971 1802 1040; baseline -0.008 -8"><span class='ocrx_word' id='word_1_448' title='bbox 1017 980 1080 1032; x_wconf 91' lang='lat' dir='ltr'><strong>urbe</strong></span> <span class='ocrx_word' id='word_1_449' title='bbox 1099 977 1251 1037; x_wconf 84' lang='lat' dir='ltr'><strong>commissis,</strong></span> <span class='ocrx_word' id='word_1_450' title='bbox 1271 973 1432 1040; x_wconf 74' lang='lat' dir='ltr'><strong>prestiterat,</strong></span> <span class='ocrx_word' id='word_1_451' title='bbox 1450 971 1477 1022; x_wconf 91' lang='lat' dir='ltr'><strong>iu</strong></span> <span class='ocrx_word' id='word_1_452' title='bbox 1495 971 1603 1023; x_wconf 80' lang='lat' dir='ltr'><strong>secunda</strong></span> <span class='ocrx_word' id='word_1_453' title='bbox 1619 987 1701 1039; x_wconf 90' lang='lat' dir='ltr'><strong>pugna</strong></span> <span class='ocrx_word' id='word_1_454' title='bbox 1716 979 1802 1026; x_wconf 83' lang='lat' dir='ltr'><strong>oontm</strong></span> 
     </span>
     <span class='ocr_line' id='line_1_64' title="bbox 1017 1063 1800 1131; baseline -0.005 -7"><span class='ocrx_word' id='word_1_455' title='bbox 1017 1073 1129 1124; x_wconf 76' lang='lat' dir='ltr'><strong>Antiates</strong></span> <span class='ocrx_word' id='word_1_456' title='bbox 1139 1069 1279 1130; x_wconf 82' lang='lat' dir='ltr'><strong>commissa,</strong></span> <span class='ocrx_word' id='word_1_457' title='bbox 1293 1065 1445 1118; x_wconf 86' lang='lat' dir='ltr'><strong>tortitudinis</strong></span> <span class='ocrx_word' id='word_1_458' title='bbox 1461 1063 1532 1131; x_wconf 86' lang='lat' dir='ltr'><strong>longe</strong></span> <span class='ocrx_word' id='word_1_459' title='bbox 1560 1066 1662 1118; x_wconf 88' lang='lat' dir='ltr'><strong>maioris</strong></span> <span class='ocrx_word' id='word_1_460' title='bbox 1682 1081 1713 1119; x_wconf 89' lang='lat' dir='ltr'><strong>ao</strong></span> <span class='ocrx_word' id='word_1_461' title='bbox 1730 1068 1800 1121; x_wconf 88' lang='lat' dir='ltr'><strong>illus·</strong></span> 
     </span>
     <span class='ocr_line' id='line_1_65' title="bbox 1018 1160 1802 1228; baseline -0.003 -12"><span class='ocrx_word' id='word_1_462' title='bbox 1018 1165 1101 1216; x_wconf 80' lang='lat' dir='ltr'><strong>trionis</strong></span> <span class='ocrx_word' id='word_1_463' title='bbox 1113 1163 1219 1214; x_wconf 86' lang='lat' dir='ltr'><strong>laeiuora</strong></span> <span class='ocrx_word' id='word_1_464' title='bbox 1228 1160 1292 1212; x_wconf 85' lang='lat' dir='ltr'><strong>tecit.</strong></span> <span class='ocrx_word' id='word_1_465' title='bbox 1327 1163 1412 1226; x_wconf 82' lang='lat' dir='ltr'><strong>Neque</strong></span> <span class='ocrx_word' id='word_1_466' title='bbox 1422 1161 1488 1213; x_wconf 80' lang='lat' dir='ltr'><strong>emm</strong></span> <span class='ocrx_word' id='word_1_467' title='bbox 1499 1160 1532 1212; x_wconf 91' lang='lat' dir='ltr'><strong>ab</strong></span> <span class='ocrx_word' id='word_1_468' title='bbox 1548 1160 1597 1214; x_wconf 87' lang='lat' dir='ltr'><strong>hoo</strong></span> <span class='ocrx_word' id='word_1_469' title='bbox 1605 1161 1706 1227; x_wconf 87' lang='lat' dir='ltr'><strong>quidem</strong></span> <span class='ocrx_word' id='word_1_470' title='bbox 1716 1163 1802 1228; x_wconf 85' lang='lat' dir='ltr'><strong>proetio</strong></span> 
     </span>
     <span class='ocr_line' id='line_1_66' title="bbox 1019 1245 1802 1316; baseline 0 -15"><span class='ocrx_word' id='word_1_471' title='bbox 1019 1249 1104 1301; x_wconf 87' lang='lat' dir='ltr'><strong>abesse</strong></span> <span class='ocrx_word' id='word_1_472' title='bbox 1120 1248 1211 1312; x_wconf 79' lang='lat' dir='ltr'><strong>noluit,</strong></span> <span class='ocrx_word' id='word_1_473' title='bbox 1224 1246 1268 1298; x_wconf 91' lang='lat' dir='ltr'><strong>sed</strong></span> <span class='ocrx_word' id='word_1_474' title='bbox 1278 1245 1363 1297; x_wconf 86' lang='lat' dir='ltr'><strong>statim</strong></span> <span class='ocrx_word' id='word_1_475' title='bbox 1374 1249 1432 1311; x_wconf 89' lang='lat' dir='ltr'><strong>post</strong></span> <span class='ocrx_word' id='word_1_476' title='bbox 1444 1247 1531 1299; x_wconf 90' lang='lat' dir='ltr'><strong>urbem</strong></span> <span class='ocrx_word' id='word_1_477' title='bbox 1546 1252 1645 1314; x_wconf 82' lang='lat' dir='ltr'><strong>captam</strong></span> <span class='ocrx_word' id='word_1_478' title='bbox 1664 1262 1722 1300; x_wconf 90' lang='lat' dir='ltr'><strong>eum</strong></span> <span class='ocrx_word' id='word_1_479' title='bbox 1739 1264 1802 1316; x_wconf 89' lang='lat' dir='ltr'><strong>pau·</strong></span> 
     </span>
     <span class='ocr_line' id='line_1_67' title="bbox 1019 1342 1802 1410; baseline -0.004 -13"><span class='ocrx_word' id='word_1_480' title='bbox 1019 1346 1056 1397; x_wconf 87' lang='lat' dir='ltr'><strong>eis</strong></span> <span class='ocrx_word' id='word_1_481' title='bbox 1069 1344 1114 1410; x_wconf 90' lang='lat' dir='ltr'><strong>qui</strong></span> <span class='ocrx_word' id='word_1_482' title='bbox 1123 1357 1149 1394; x_wconf 89' lang='lat' dir='ltr'><strong>se</strong></span> <span class='ocrx_word' id='word_1_483' title='bbox 1161 1342 1349 1407; x_wconf 84' lang='lat' dir='ltr'><strong>aequipoterant</strong></span> <span class='ocrx_word' id='word_1_484' title='bbox 1360 1343 1477 1403; x_wconf 79' lang='lat' dir='ltr'><strong>assumit,</strong></span> <span class='ocrx_word' id='word_1_485' title='bbox 1486 1343 1666 1407; x_wconf 84' lang='lat' dir='ltr'><strong>attendensque</strong></span> <span class='ocrx_word' id='word_1_486' title='bbox 1678 1343 1744 1394; x_wconf 83' lang='lat' dir='ltr'><strong>acies</strong></span> <span class='ocrx_word' id='word_1_487' title='bbox 1752 1343 1802 1394; x_wconf 89' lang='lat' dir='ltr'><strong>iam</strong></span> 
     </span>
     <span class='ocr_line' id='line_1_68' title="bbox 1019 1430 1802 1494; baseline -0.003 -11"><span class='ocrx_word' id='word_1_488' title='bbox 1019 1433 1155 1483; x_wconf 83' lang='lat' dir='ltr'><strong>instructas</strong></span> <span class='ocrx_word' id='word_1_489' title='bbox 1177 1434 1203 1481; x_wconf 93' lang='lat' dir='ltr'><strong>et</strong></span> <span class='ocrx_word' id='word_1_490' title='bbox 1227 1442 1285 1480; x_wconf 80' lang='lat' dir='ltr'><strong>mox</strong></span> <span class='ocrx_word' id='word_1_491' title='bbox 1301 1442 1493 1494; x_wconf 82' lang='lat' dir='ltr'><strong>congressuras,</strong></span> <span class='ocrx_word' id='word_1_492' title='bbox 1515 1430 1602 1481; x_wconf 89' lang='lat' dir='ltr'><strong>urbem</strong></span> <span class='ocrx_word' id='word_1_493' title='bbox 1634 1432 1731 1493; x_wconf 85' lang='lat' dir='ltr'><strong>captam</strong></span> <span class='ocrx_word' id='word_1_494' title='bbox 1747 1442 1802 1481; x_wconf 90' lang='lat' dir='ltr'><strong>esse</strong></span> 
     </span>
     <span class='ocr_line' id='line_1_69' title="bbox 1020 1518 1801 1588; baseline -0.006 -14"><span class='ocrx_word' id='word_1_495' title='bbox 1020 1523 1115 1588; x_wconf 89' lang='lat' dir='ltr'><strong>primus</strong></span> <span class='ocrx_word' id='word_1_496' title='bbox 1127 1521 1180 1572; x_wconf 84' lang='lat' dir='ltr'><strong>suis</strong></span> <span class='ocrx_word' id='word_1_497' title='bbox 1192 1518 1316 1570; x_wconf 84' lang='lat' dir='ltr'><strong>nuntiavit</strong></span> <span class='ocrx_word' id='word_1_498' title='bbox 1326 1557 1332 1583; x_wconf 91' lang='lat'><strong>,</strong></span> <span class='ocrx_word' id='word_1_499' title='bbox 1341 1523 1367 1570; x_wconf 87' lang='lat' dir='ltr'><strong>et</strong></span> <span class='ocrx_word' id='word_1_500' title='bbox 1381 1523 1552 1584; x_wconf 70' lang='lat' dir='ltr'><strong>argumentum</strong></span> <span class='ocrx_word' id='word_1_501' title='bbox 1567 1519 1622 1571; x_wconf 85' lang='lat' dir='ltr'><strong>eius</strong></span> <span class='ocrx_word' id='word_1_502' title='bbox 1632 1520 1666 1570; x_wconf 89' lang='lat' dir='ltr'><strong>rei</strong></span> <span class='ocrx_word' id='word_1_503' title='bbox 1676 1533 1801 1570; x_wconf 89' lang='lat' dir='ltr'><strong>summum</strong></span> 
     </span>
     <span class='ocr_line' id='line_1_70' title="bbox 1020 1605 1802 1673; baseline -0.004 -11"><span class='ocrx_word' id='word_1_504' title='bbox 1020 1609 1136 1670; x_wconf 86' lang='lat' dir='ltr'><strong>ostendit,</strong></span> <span class='ocrx_word' id='word_1_505' title='bbox 1147 1608 1190 1672; x_wconf 89' lang='lat' dir='ltr'><strong>qni</strong></span> <span class='ocrx_word' id='word_1_506' title='bbox 1200 1620 1304 1670; x_wconf 87' lang='lat' dir='ltr'><strong>maguus</strong></span> <span class='ocrx_word' id='word_1_507' title='bbox 1317 1621 1349 1658; x_wconf 79' lang='lat' dir='ltr'><strong>ex</strong></span> <span class='ocrx_word' id='word_1_508' title='bbox 1358 1607 1464 1658; x_wconf 79' lang='lat' dir='ltr'><strong>incensis</strong></span> <span class='ocrx_word' id='word_1_509' title='bbox 1478 1608 1591 1659; x_wconf 78' lang='lat' dir='ltr'><strong>aediliciis</strong></span> <span class='ocrx_word' id='word_1_510' title='bbox 1602 1605 1762 1673; x_wconf 75' lang='lat' dir='ltr'><strong>e&#39;rumpebat3</strong></span> <span class='ocrx_word' id='word_1_511' title='bbox 1776 1613 1802 1660; x_wconf 90' lang='lat' dir='ltr'><strong>et</strong></span> 
     </span>
     <span class='ocr_line' id='line_1_71' title="bbox 1020 1694 1801 1760; baseline -0.004 -11"><span class='ocrx_word' id='word_1_512' title='bbox 1020 1697 1092 1749; x_wconf 83' lang='lat' dir='ltr'><strong>venia</strong></span> <span class='ocrx_word' id='word_1_513' title='bbox 1105 1710 1121 1746; x_wconf 90' lang='lat' dir='ltr'><strong>a</strong></span> <span class='ocrx_word' id='word_1_514' title='bbox 1134 1694 1276 1746; x_wconf 89' lang='lat' dir='ltr'><strong>oonsulibus</strong></span> <span class='ocrx_word' id='word_1_515' title='bbox 1291 1694 1431 1759; x_wconf 87' lang='lat' dir='ltr'><strong>impetrata,</strong></span> <span class='ocrx_word' id='word_1_516' title='bbox 1451 1707 1466 1745; x_wconf 90' lang='lat' dir='ltr'><strong>o</strong></span> <span class='ocrx_word' id='word_1_517' title='bbox 1486 1694 1585 1760; x_wconf 84' lang='lat' dir='ltr'><strong>regions</strong></span> <span class='ocrx_word' id='word_1_518' title='bbox 1597 1695 1728 1746; x_wconf 79' lang='lat' dir='ltr'><strong>firmissimi</strong></span> <span class='ocrx_word' id='word_1_519' title='bbox 1744 1696 1801 1747; x_wconf 89' lang='lat' dir='ltr'><strong>hos·</strong></span> 
     </span>
     <span class='ocr_line' id='line_1_72' title="bbox 1020 1784 1801 1850; baseline -0.003 -12"><span class='ocrx_word' id='word_1_520' title='bbox 1020 1784 1520 1850; x_wconf 84' lang='lat' dir='ltr'><strong>tiommborismauumsuaruexpliosvit.</strong></span> <span class='ocrx_word' id='word_1_521' title='bbox 1555 1787 1801 1850; x_wconf 76' lang='lat' dir='ltr'><strong>nauantempugna</strong></span> 
     </span>
     <span class='ocr_line' id='line_1_73' title="bbox 1020 1874 1803 1941; baseline 0 -15"><span class='ocrx_word' id='word_1_522' title='bbox 1020 1875 1097 1939; x_wconf 88' lang='lat' dir='ltr'><strong>signo,</strong></span> <span class='ocrx_word' id='word_1_523' title='bbox 1116 1876 1211 1941; x_wconf 90' lang='lat' dir='ltr'><strong>primus</strong></span> <span class='ocrx_word' id='word_1_524' title='bbox 1233 1889 1291 1926; x_wconf 88' lang='lat' dir='ltr'><strong>eum</strong></span> <span class='ocrx_word' id='word_1_525' title='bbox 1314 1874 1426 1925; x_wconf 86' lang='lat' dir='ltr'><strong>hostibus</strong></span> <span class='ocrx_word' id='word_1_526' title='bbox 1444 1886 1591 1939; x_wconf 68' lang='lat' dir='ltr'><strong>congremus</strong></span> <span class='ocrx_word' id='word_1_527' title='bbox 1602 1877 1654 1936; x_wconf 88' lang='lat' dir='ltr'><strong>est,</strong></span> <span class='ocrx_word' id='word_1_528' title='bbox 1672 1877 1699 1926; x_wconf 91' lang='lat' dir='ltr'><strong>et</strong></span> <span class='ocrx_word' id='word_1_529' title='bbox 1718 1875 1803 1926; x_wconf 89' lang='lat' dir='ltr'><strong>multis</strong></span> 
     </span>
     <span class='ocr_line' id='line_1_74' title="bbox 1019 1961 1802 2028; baseline -0.004 -12"><span class='ocrx_word' id='word_1_530' title='bbox 1019 1963 1093 2016; x_wconf 79' lang='lat' dir='ltr'><strong>easta</strong></span> <span class='ocrx_word' id='word_1_531' title='bbox 1101 1963 1145 2028; x_wconf 90' lang='lat' dir='ltr'><strong>qui</strong></span> <span class='ocrx_word' id='word_1_532' title='bbox 1159 1977 1217 2014; x_wconf 88' lang='lat' dir='ltr'><strong>cum</strong></span> <span class='ocrx_word' id='word_1_533' title='bbox 1228 1962 1282 2027; x_wconf 89' lang='lat' dir='ltr'><strong>ipso</strong></span> <span class='ocrx_word' id='word_1_534' title='bbox 1293 1962 1324 2012; x_wconf 89' lang='lat' dir='ltr'><strong>ad</strong></span> <span class='ocrx_word' id='word_1_535' title='bbox 1335 1974 1424 2011; x_wconf 89' lang='lat' dir='ltr'><strong>manus</strong></span> <span class='ocrx_word' id='word_1_536' title='bbox 1432 1963 1559 2021; x_wconf 80' lang='lat' dir='ltr'><strong>renermt,</strong></span> <span class='ocrx_word' id='word_1_537' title='bbox 1569 1961 1707 2013; x_wconf 83' lang='lat' dir='ltr'><strong>inmodiam</strong></span> <span class='ocrx_word' id='word_1_538' title='bbox 1718 1976 1802 2014; x_wconf 92' lang='lat' dir='ltr'><strong>eorum</strong></span> 
     </span>
     <span class='ocr_line' id='line_1_75' title="bbox 1020 2049 1804 2121; baseline -0.008 -13"><span class='ocrx_word' id='word_1_539' title='bbox 1020 2058 1098 2108; x_wconf 85' lang='lat' dir='ltr'><strong>aciem</strong></span> <span class='ocrx_word' id='word_1_540' title='bbox 1122 2054 1239 2121; x_wconf 89' lang='lat' dir='ltr'><strong>perrupit.</strong></span> <span class='ocrx_word' id='word_1_541' title='bbox 1276 2053 1386 2104; x_wconf 77' lang='lat' dir='ltr'><strong>Antiates</strong></span> <span class='ocrx_word' id='word_1_542' title='bbox 1404 2065 1464 2103; x_wconf 84' lang='lat' dir='ltr'><strong>roro</strong></span> <span class='ocrx_word' id='word_1_543' title='bbox 1480 2050 1533 2102; x_wconf 86' lang='lat' dir='ltr'><strong>eius</strong></span> <span class='ocrx_word' id='word_1_544' title='bbox 1563 2049 1682 2114; x_wconf 88' lang='lat' dir='ltr'><strong>impetum</strong></span> <span class='ocrx_word' id='word_1_545' title='bbox 1708 2051 1804 2102; x_wconf 76' lang='lat' dir='ltr'><strong>(liunus</strong></span> 
     </span>
     <span class='ocr_line' id='line_1_76' title="bbox 1021 2134 1802 2204; baseline -0.012 -10"><span class='ocrx_word' id='word_1_546' title='bbox 1021 2143 1134 2195; x_wconf 88' lang='lat' dir='ltr'><strong>oominus</strong></span> <span class='ocrx_word' id='word_1_547' title='bbox 1146 2141 1268 2193; x_wconf 88' lang='lat' dir='ltr'><strong>sustinere</strong></span> <span class='ocrx_word' id='word_1_548' title='bbox 1288 2154 1336 2190; x_wconf 91' lang='lat' dir='ltr'><strong>non</strong></span> <span class='ocrx_word' id='word_1_549' title='bbox 1350 2142 1477 2204; x_wconf 83' lang='lat' dir='ltr'><strong>poteraut;</strong></span> <span class='ocrx_word' id='word_1_550' title='bbox 1487 2140 1513 2188; x_wconf 90' lang='lat' dir='ltr'><strong>et</strong></span> <span class='ocrx_word' id='word_1_551' title='bbox 1525 2136 1633 2196; x_wconf 83' lang='lat' dir='ltr'><strong>ordines,</strong></span> <span class='ocrx_word' id='word_1_552' title='bbox 1651 2134 1802 2198; x_wconf 85' lang='lat' dir='ltr'><strong>ubicumque</strong></span> 
     </span>
     <span class='ocr_line' id='line_1_77' title="bbox 1021 2220 1802 2296; baseline -0.015 -12"><span class='ocrx_word' id='word_1_553' title='bbox 1021 2233 1061 2285; x_wconf 90' lang='lat' dir='ltr'><strong>ille</strong></span> <span class='ocrx_word' id='word_1_554' title='bbox 1078 2230 1264 2296; x_wconf 82' lang='lat' dir='ltr'><strong>impressionem</strong></span> <span class='ocrx_word' id='word_1_555' title='bbox 1282 2229 1387 2287; x_wconf 87' lang='lat' dir='ltr'><strong>lecerat,</strong></span> <span class='ocrx_word' id='word_1_556' title='bbox 1400 2223 1554 2285; x_wconf 78' lang='lat' dir='ltr'><strong>deserebam,</strong></span> <span class='ocrx_word' id='word_1_557' title='bbox 1566 2221 1612 2274; x_wconf 88' lang='lat' dir='ltr'><strong>sed</strong></span> <span class='ocrx_word' id='word_1_558' title='bbox 1624 2221 1733 2272; x_wconf 83' lang='lat' dir='ltr'><strong>oonlerta</strong></span> <span class='ocrx_word' id='word_1_559' title='bbox 1747 2220 1802 2272; x_wconf 86' lang='lat' dir='ltr'><strong>acie</strong></span> 
     </span>
     <span class='ocr_line' id='line_1_78' title="bbox 1022 2310 1802 2380; baseline -0.018 -7"><span class='ocrx_word' id='word_1_560' title='bbox 1022 2335 1079 2374; x_wconf 91' lang='lat' dir='ltr'><strong>eum</strong></span> <span class='ocrx_word' id='word_1_561' title='bbox 1088 2318 1288 2379; x_wconf 78' lang='lat' dir='ltr'><strong>atreumdabant,</strong></span> <span class='ocrx_word' id='word_1_562' title='bbox 1304 2329 1412 2380; x_wconf 84' lang='lat' dir='ltr'><strong>eumque</strong></span> <span class='ocrx_word' id='word_1_563' title='bbox 1426 2313 1584 2366; x_wconf 81' lang='lat' dir='ltr'><strong>invadentem</strong></span> <span class='ocrx_word' id='word_1_564' title='bbox 1596 2310 1802 2362; x_wconf 83' lang='lat' dir='ltr'><strong>vetaecedentem</strong></span> 
     </span>
     <span class='ocr_line' id='line_1_79' title="bbox 1020 2404 1802 2480; baseline -0.015 -15"><span class='ocrx_word' id='word_1_565' title='bbox 1020 2413 1068 2480; x_wconf 92' lang='lat' dir='ltr'><strong>ipsi</strong></span> <span class='ocrx_word' id='word_1_566' title='bbox 1090 2412 1179 2480; x_wconf 88' lang='lat' dir='ltr'><strong>pedem</strong></span> <span class='ocrx_word' id='word_1_567' title='bbox 1199 2409 1333 2463; x_wconf 63' lang='lat' dir='ltr'><strong>adorantes</strong></span> <span class='ocrx_word' id='word_1_568' title='bbox 1353 2409 1394 2460; x_wconf 82' lang='lat' dir='ltr'><strong>rel</strong></span> <span class='ocrx_word' id='word_1_569' title='bbox 1407 2410 1563 2473; x_wconf 67' lang='lat' dir='ltr'><strong>nemanso</strong></span> <span class='ocrx_word' id='word_1_570' title='bbox 1577 2404 1634 2458; x_wconf 90' lang='lat' dir='ltr'><strong>telis</strong></span> <span class='ocrx_word' id='word_1_571' title='bbox 1645 2405 1741 2456; x_wconf 87' lang='lat' dir='ltr'><strong>eminus</strong></span> <span class='ocrx_word' id='word_1_572' title='bbox 1757 2417 1802 2470; x_wconf 85' lang='lat' dir='ltr'><strong>pe·</strong></span> 
     </span>
     <span class='ocr_line' id='line_1_80' title="bbox 1020 2493 1803 2565; baseline -0.011 -11"><span class='ocrx_word' id='word_1_573' title='bbox 1020 2503 1114 2554; x_wconf 85' lang='lat' dir='ltr'><strong>lebant</strong></span> <span class='ocrx_word' id='word_1_574' title='bbox 1137 2504 1193 2561; x_wconf 90' lang='lat' dir='ltr'><strong>Qua</strong></span> <span class='ocrx_word' id='word_1_575' title='bbox 1201 2514 1228 2552; x_wconf 87' lang='lat' dir='ltr'><strong>ro</strong></span> <span class='ocrx_word' id='word_1_576' title='bbox 1239 2499 1335 2565; x_wconf 89' lang='lat' dir='ltr'><strong>oognita</strong></span> <span class='ocrx_word' id='word_1_577' title='bbox 1348 2500 1491 2556; x_wconf 84' lang='lat' dir='ltr'><strong>Postumus,</strong></span> <span class='ocrx_word' id='word_1_578' title='bbox 1505 2496 1599 2549; x_wconf 81' lang='lat' dir='ltr'><strong>veritus</strong></span> <span class='ocrx_word' id='word_1_579' title='bbox 1609 2509 1641 2547; x_wconf 87' lang='lat' dir='ltr'><strong>us</strong></span> <span class='ocrx_word' id='word_1_580' title='bbox 1655 2494 1692 2545; x_wconf 93' lang='lat' dir='ltr'><strong>itti</strong></span> <span class='ocrx_word' id='word_1_581' title='bbox 1704 2493 1736 2544; x_wconf 89' lang='lat' dir='ltr'><strong>ab</strong></span> <span class='ocrx_word' id='word_1_582' title='bbox 1749 2507 1803 2545; x_wconf 85' lang='lat' dir='ltr'><strong>orn·</strong></span> 
     </span>
     <span class='ocr_line' id='line_1_81' title="bbox 1023 2581 1805 2652; baseline -0.014 -10"><span class='ocrx_word' id='word_1_583' title='bbox 1023 2591 1098 2642; x_wconf 91' lang='lat' dir='ltr'><strong>uibus</strong></span> <span class='ocrx_word' id='word_1_584' title='bbox 1111 2589 1233 2642; x_wconf 90' lang='lat' dir='ltr'><strong>destituto</strong></span> <span class='ocrx_word' id='word_1_585' title='bbox 1245 2587 1346 2652; x_wconf 69' lang='lat' dir='ltr'><strong>gratim</strong></span> <span class='ocrx_word' id='word_1_586' title='bbox 1355 2584 1448 2650; x_wconf 79' lang='lat' dir='ltr'><strong>abquid</strong></span> <span class='ocrx_word' id='word_1_587' title='bbox 1466 2583 1602 2646; x_wconf 78' lang='lat' dir='ltr'><strong>assideret,</strong></span> <span class='ocrx_word' id='word_1_588' title='bbox 1618 2581 1766 2634; x_wconf 83' lang='lat' dir='ltr'><strong>lectissimos</strong></span> <span class='ocrx_word' id='word_1_589' title='bbox 1775 2595 1805 2632; x_wconf 87' lang='lat' dir='ltr'><strong>ae</strong></span> 
     </span>
     <span class='ocr_line' id='line_1_82' title="bbox 1025 2671 1805 2742; baseline -0.017 -10"><span class='ocrx_word' id='word_1_590' title='bbox 1025 2680 1172 2732; x_wconf 76' lang='lat' dir='ltr'><strong>fortissimos</strong></span> <span class='ocrx_word' id='word_1_591' title='bbox 1195 2689 1307 2742; x_wconf 88' lang='lat' dir='ltr'><strong>quosque</strong></span> <span class='ocrx_word' id='word_1_592' title='bbox 1323 2675 1426 2727; x_wconf 83' lang='lat' dir='ltr'><strong>iuvenes</strong></span> <span class='ocrx_word' id='word_1_593' title='bbox 1450 2673 1561 2726; x_wconf 72' lang='lat' dir='ltr'><strong>subsifflo</strong></span> <span class='ocrx_word' id='word_1_594' title='bbox 1582 2672 1607 2725; x_wconf 88' lang='lat' dir='ltr'><strong>ei</strong></span> <span class='ocrx_word' id='word_1_595' title='bbox 1624 2671 1709 2723; x_wconf 88' lang='lat' dir='ltr'><strong>misit:</strong></span> <span class='ocrx_word' id='word_1_596' title='bbox 1731 2674 1805 2733; x_wconf 81' lang='lat' dir='ltr'><strong>atque</strong></span> 
     </span>
     <span class='ocr_line' id='line_1_83' title="bbox 1022 2766 1802 2834; baseline -0.012 -11"><span class='ocrx_word' id='word_1_597' title='bbox 1022 2772 1057 2823; x_wconf 91' lang='lat' dir='ltr'><strong>illi</strong></span> <span class='ocrx_word' id='word_1_598' title='bbox 1073 2773 1126 2823; x_wconf 84' lang='lat' dir='ltr'><strong>aete</strong></span> <span class='ocrx_word' id='word_1_599' title='bbox 1140 2770 1243 2822; x_wconf 69' lang='lat' dir='ltr'><strong>denmta</strong></span> <span class='ocrx_word' id='word_1_600' title='bbox 1258 2768 1441 2834; x_wconf 87' lang='lat' dir='ltr'><strong>impressionem</strong></span> <span class='ocrx_word' id='word_1_601' title='bbox 1454 2768 1481 2818; x_wconf 90' lang='lat' dir='ltr'><strong>tn</strong></span> <span class='ocrx_word' id='word_1_602' title='bbox 1491 2767 1578 2818; x_wconf 72' lang='lat' dir='ltr'><strong>hostes</strong></span> <span class='ocrx_word' id='word_1_603' title='bbox 1591 2766 1709 2818; x_wconf 83' lang='lat' dir='ltr'><strong>tsoerunt</strong></span> <span class='ocrx_word' id='word_1_604' title='bbox 1741 2768 1802 2815; x_wconf 88' lang='lat' dir='ltr'><strong>cum</strong></span> 
     </span>
     <span class='ocr_line' id='line_1_84' title="bbox 1024 2854 1802 2922; baseline -0.01 -11"><span class='ocrx_word' id='word_1_605' title='bbox 1024 2863 1106 2912; x_wconf 91' lang='lat' dir='ltr'><strong>autem</strong></span> <span class='ocrx_word' id='word_1_606' title='bbox 1117 2859 1201 2911; x_wconf 88' lang='lat' dir='ltr'><strong>hostes</strong></span> <span class='ocrx_word' id='word_1_607' title='bbox 1215 2873 1231 2910; x_wconf 87' lang='lat' dir='ltr'><strong>a</strong></span> <span class='ocrx_word' id='word_1_608' title='bbox 1245 2860 1326 2909; x_wconf 86' lang='lat' dir='ltr'><strong>troute</strong></span> <span class='ocrx_word' id='word_1_609' title='bbox 1339 2856 1446 2922; x_wconf 85' lang='lat' dir='ltr'><strong>oppositi</strong></span> <span class='ocrx_word' id='word_1_610' title='bbox 1455 2856 1576 2921; x_wconf 88' lang='lat' dir='ltr'><strong>impeturn</strong></span> <span class='ocrx_word' id='word_1_611' title='bbox 1585 2868 1671 2907; x_wconf 86' lang='lat' dir='ltr'><strong>eorum</strong></span> <span class='ocrx_word' id='word_1_612' title='bbox 1681 2854 1802 2904; x_wconf 90' lang='lat' dir='ltr'><strong>sustinere</strong></span> 
     </span>
     <span class='ocr_line' id='line_1_85' title="bbox 1027 2940 1802 3012; baseline -0.012 -14"><span class='ocrx_word' id='word_1_613' title='bbox 1027 2962 1075 2998; x_wconf 93' lang='lat' dir='ltr'><strong>uon</strong></span> <span class='ocrx_word' id='word_1_614' title='bbox 1085 2947 1223 3012; x_wconf 86' lang='lat' dir='ltr'><strong>potuissent</strong></span> <span class='ocrx_word' id='word_1_615' title='bbox 1236 2945 1281 2996; x_wconf 89' lang='lat' dir='ltr'><strong>sed</strong></span> <span class='ocrx_word' id='word_1_616' title='bbox 1294 2945 1320 2996; x_wconf 91' lang='lat' dir='ltr'><strong>iu</strong></span> <span class='ocrx_word' id='word_1_617' title='bbox 1330 2945 1414 3007; x_wconf 84' lang='lat' dir='ltr'><strong>sugam</strong></span> <span class='ocrx_word' id='word_1_618' title='bbox 1426 2957 1453 2995; x_wconf 93' lang='lat' dir='ltr'><strong>se</strong></span> <span class='ocrx_word' id='word_1_619' title='bbox 1465 2944 1610 3004; x_wconf 75' lang='lat' dir='ltr'><strong>veniissent,</strong></span> <span class='ocrx_word' id='word_1_620' title='bbox 1624 2940 1728 2992; x_wconf 88' lang='lat' dir='ltr'><strong>ulterius</strong></span> <span class='ocrx_word' id='word_1_621' title='bbox 1740 2953 1802 3006; x_wconf 88' lang='lat' dir='ltr'><strong>pro·</strong></span> 
     </span>
     <span class='ocr_line' id='line_1_86' title="bbox 1023 3028 1802 3099; baseline -0.012 -13"><span class='ocrx_word' id='word_1_622' title='bbox 1023 3036 1099 3099; x_wconf 81' lang='lat' dir='ltr'><strong>gressi</strong></span> <span class='ocrx_word' id='word_1_623' title='bbox 1117 3035 1263 3085; x_wconf 79' lang='lat' dir='ltr'><strong>invenerunt</strong></span> <span class='ocrx_word' id='word_1_624' title='bbox 1290 3032 1411 3083; x_wconf 82' lang='lat' dir='ltr'><strong>Marcium</strong></span> <span class='ocrx_word' id='word_1_625' title='bbox 1447 3030 1589 3082; x_wconf 80' lang='lat' dir='ltr'><strong>vulneribus</strong></span> <span class='ocrx_word' id='word_1_626' title='bbox 1609 3028 1717 3092; x_wconf 81' lang='lat' dir='ltr'><strong>undique</strong></span> <span class='ocrx_word' id='word_1_627' title='bbox 1743 3042 1802 3078; x_wconf 88' lang='lat' dir='ltr'><strong>san·</strong></span> 
     </span>
     <span class='ocr_line' id='line_1_87' title="bbox 1025 3116 1804 3185; baseline -0.01 -13"><span class='ocrx_word' id='word_1_628' title='bbox 1025 3123 1125 3184; x_wconf 86' lang='lat' dir='ltr'><strong>elatum,</strong></span> <span class='ocrx_word' id='word_1_629' title='bbox 1143 3125 1169 3173; x_wconf 88' lang='lat' dir='ltr'><strong>et</strong></span> <span class='ocrx_word' id='word_1_630' title='bbox 1183 3122 1317 3171; x_wconf 83' lang='lat' dir='ltr'><strong>circaeam</strong></span> <span class='ocrx_word' id='word_1_631' title='bbox 1332 3124 1469 3185; x_wconf 90' lang='lat' dir='ltr'><strong>prostratos</strong></span> <span class='ocrx_word' id='word_1_632' title='bbox 1490 3117 1604 3169; x_wconf 83' lang='lat' dir='ltr'><strong>videnunt</strong></span> <span class='ocrx_word' id='word_1_633' title='bbox 1619 3129 1698 3167; x_wconf 84' lang='lat' dir='ltr'><strong>caesos</strong></span> <span class='ocrx_word' id='word_1_634' title='bbox 1713 3116 1804 3165; x_wconf 87' lang='lat' dir='ltr'><strong>multos</strong></span> 
     </span>
     <span class='ocr_line' id='line_1_88' title="bbox 1024 3203 1804 3273; baseline -0.006 -15"><span class='ocrx_word' id='word_1_635' title='bbox 1024 3214 1099 3273; x_wconf 84' lang='lat' dir='ltr'><strong>atque</strong></span> <span class='ocrx_word' id='word_1_636' title='bbox 1118 3209 1209 3259; x_wconf 92' lang='lat' dir='ltr'><strong>multos</strong></span> <span class='ocrx_word' id='word_1_637' title='bbox 1232 3209 1377 3259; x_wconf 85' lang='lat' dir='ltr'><strong>semineces.</strong></span> <span class='ocrx_word' id='word_1_638' title='bbox 1411 3209 1500 3259; x_wconf 79' lang='lat' dir='ltr'><strong>Postea</strong></span> <span class='ocrx_word' id='word_1_639' title='bbox 1516 3218 1602 3257; x_wconf 86' lang='lat' dir='ltr'><strong>ornnes</strong></span> <span class='ocrx_word' id='word_1_640' title='bbox 1631 3204 1705 3256; x_wconf 90' lang='lat' dir='ltr'><strong>simul</strong></span> <span class='ocrx_word' id='word_1_641' title='bbox 1728 3203 1804 3255; x_wconf 81' lang='lat' dir='ltr'><strong>ductu</strong></span> 
     </span>
     <span class='ocr_line' id='line_1_89' title="bbox 1023 3293 1802 3361; baseline -0.003 -17"><span class='ocrx_word' id='word_1_642' title='bbox 1023 3297 1099 3361; x_wconf 89' lang='lat' dir='ltr'><strong>ipsius</strong></span> <span class='ocrx_word' id='word_1_643' title='bbox 1112 3298 1195 3347; x_wconf 87' lang='lat' dir='ltr'><strong>blareit</strong></span> <span class='ocrx_word' id='word_1_644' title='bbox 1210 3297 1318 3360; x_wconf 82' lang='lat' dir='ltr'><strong>rebquos</strong></span> <span class='ocrx_word' id='word_1_645' title='bbox 1337 3296 1430 3357; x_wconf 89' lang='lat' dir='ltr'><strong>hostes,</strong></span> <span class='ocrx_word' id='word_1_646' title='bbox 1450 3296 1494 3360; x_wconf 84' lang='lat' dir='ltr'><strong>qui</strong></span> <span class='ocrx_word' id='word_1_647' title='bbox 1509 3294 1608 3346; x_wconf 87' lang='lat' dir='ltr'><strong>ordines</strong></span> <span class='ocrx_word' id='word_1_648' title='bbox 1624 3293 1706 3343; x_wconf 84' lang='lat' dir='ltr'><strong>adbuc</strong></span> <span class='ocrx_word' id='word_1_649' title='bbox 1716 3306 1802 3343; x_wconf 81' lang='lat' dir='ltr'><strong>serva·</strong></span> 
     </span>
     <span class='ocr_line' id='line_1_90' title="bbox 1023 3381 1800 3450; baseline -0.01 -12"><span class='ocrx_word' id='word_1_650' title='bbox 1023 3388 1089 3449; x_wconf 90' lang='lat' dir='ltr'><strong>bant,</strong></span> <span class='ocrx_word' id='word_1_651' title='bbox 1107 3388 1258 3444; x_wconf 81' lang='lat' dir='ltr'><strong>invaserunt,</strong></span> <span class='ocrx_word' id='word_1_652' title='bbox 1272 3399 1315 3436; x_wconf 91' lang='lat' dir='ltr'><strong>eos</strong></span> <span class='ocrx_word' id='word_1_653' title='bbox 1327 3386 1370 3450; x_wconf 86' lang='lat' dir='ltr'><strong>qui</strong></span> <span class='ocrx_word' id='word_1_654' title='bbox 1382 3386 1441 3449; x_wconf 87' lang='lat' dir='ltr'><strong>ipsis</strong></span> <span class='ocrx_word' id='word_1_655' title='bbox 1454 3383 1601 3436; x_wconf 83' lang='lat' dir='ltr'><strong>resistebant</strong></span> <span class='ocrx_word' id='word_1_656' title='bbox 1619 3381 1800 3441; x_wconf 81' lang='lat' dir='ltr'><strong>interficientes,</strong></span> 
     </span>
     <span class='ocr_line' id='line_1_91' title="bbox 1023 3470 1802 3539; baseline -0.009 -12"><span class='ocrx_word' id='word_1_657' title='bbox 1023 3480 1049 3528; x_wconf 89' lang='lat' dir='ltr'><strong>et</strong></span> <span class='ocrx_word' id='word_1_658' title='bbox 1068 3476 1134 3526; x_wconf 88' lang='lat' dir='ltr'><strong>baud</strong></span> <span class='ocrx_word' id='word_1_659' title='bbox 1160 3476 1230 3526; x_wconf 89' lang='lat' dir='ltr'><strong>aliter</strong></span> <span class='ocrx_word' id='word_1_660' title='bbox 1247 3489 1322 3539; x_wconf 84' lang='lat' dir='ltr'><strong>quam</strong></span> <span class='ocrx_word' id='word_1_661' title='bbox 1347 3473 1467 3537; x_wconf 86' lang='lat' dir='ltr'><strong>mancipia</strong></span> <span class='ocrx_word' id='word_1_662' title='bbox 1498 3475 1641 3523; x_wconf 77' lang='lat' dir='ltr'><strong>instantes.</strong></span> <span class='ocrx_word' id='word_1_663' title='bbox 1675 3470 1802 3534; x_wconf 74' lang='lat' dir='ltr'><strong>Egregium</strong></span> 
     </span>
     <span class='ocr_line' id='line_1_92' title="bbox 1022 3559 1804 3627; baseline -0.006 -12"><span class='ocrx_word' id='word_1_664' title='bbox 1022 3569 1105 3618; x_wconf 90' lang='lat' dir='ltr'><strong>autem</strong></span> <span class='ocrx_word' id='word_1_665' title='bbox 1120 3567 1145 3616; x_wconf 90' lang='lat' dir='ltr'><strong>et</strong></span> <span class='ocrx_word' id='word_1_666' title='bbox 1155 3564 1339 3615; x_wconf 89' lang='lat' dir='ltr'><strong>memorabilem</strong></span> <span class='ocrx_word' id='word_1_667' title='bbox 1357 3576 1457 3627; x_wconf 88' lang='lat' dir='ltr'><strong>operam</strong></span> <span class='ocrx_word' id='word_1_668' title='bbox 1473 3563 1596 3612; x_wconf 80' lang='lat' dir='ltr'><strong>naverunt</strong></span> <span class='ocrx_word' id='word_1_669' title='bbox 1616 3563 1641 3611; x_wconf 92' lang='lat' dir='ltr'><strong>in</strong></span> <span class='ocrx_word' id='word_1_670' title='bbox 1663 3559 1705 3610; x_wconf 93' lang='lat' dir='ltr'><strong>illo</strong></span> <span class='ocrx_word' id='word_1_671' title='bbox 1720 3559 1804 3623; x_wconf 80' lang='lat' dir='ltr'><strong>pretio</strong></span> 
     </span>
     <span class='ocr_line' id='line_1_93' title="bbox 1022 3645 1804 3712; baseline -0.01 -8"><span class='ocrx_word' id='word_1_672' title='bbox 1022 3668 1081 3704; x_wconf 92' lang='lat' dir='ltr'><strong>cum</strong></span> <span class='ocrx_word' id='word_1_673' title='bbox 1116 3653 1157 3704; x_wconf 89' lang='lat' dir='ltr'><strong>alii</strong></span> <span class='ocrx_word' id='word_1_674' title='bbox 1189 3651 1280 3702; x_wconf 89' lang='lat' dir='ltr'><strong>milites</strong></span> <span class='ocrx_word' id='word_1_675' title='bbox 1310 3649 1427 3709; x_wconf 86' lang='lat' dir='ltr'><strong>liomaui,</strong></span> <span class='ocrx_word' id='word_1_676' title='bbox 1442 3651 1495 3699; x_wconf 91' lang='lat' dir='ltr'><strong>tum</strong></span> <span class='ocrx_word' id='word_1_677' title='bbox 1527 3660 1586 3698; x_wconf 80' lang='lat' dir='ltr'><strong>vero</strong></span> <span class='ocrx_word' id='word_1_678' title='bbox 1621 3646 1742 3712; x_wconf 79' lang='lat' dir='ltr'><strong>praecipue</strong></span> <span class='ocrx_word' id='word_1_679' title='bbox 1761 3645 1804 3709; x_wconf 84' lang='lat' dir='ltr'><strong>qni</strong></span> 
     </span>
     <span class='ocr_line' id='line_1_94' title="bbox 1022 3734 1803 3806; baseline -0.01 -14"><span class='ocrx_word' id='word_1_680' title='bbox 1022 3742 1141 3792; x_wconf 85' lang='lat' dir='ltr'><strong>blaroium</strong></span> <span class='ocrx_word' id='word_1_681' title='bbox 1165 3741 1323 3806; x_wconf 82' lang='lat' dir='ltr'><strong>protexerunt</strong></span> <span class='ocrx_word' id='word_1_682' title='bbox 1347 3754 1352 3785; x_wconf 95' lang='lat'><strong>:</strong></span> <span class='ocrx_word' id='word_1_683' title='bbox 1380 3735 1425 3788; x_wconf 90' lang='lat' dir='ltr'><strong>sed</strong></span> <span class='ocrx_word' id='word_1_684' title='bbox 1448 3747 1535 3786; x_wconf 90' lang='lat' dir='ltr'><strong>omnes</strong></span> <span class='ocrx_word' id='word_1_685' title='bbox 1558 3735 1650 3786; x_wconf 67' lang='lat' dir='ltr'><strong>vitute</strong></span> <span class='ocrx_word' id='word_1_686' title='bbox 1679 3734 1803 3798; x_wconf 82' lang='lat' dir='ltr'><strong>superavit</strong></span> 
     </span>
     <span class='ocr_line' id='line_1_95' title="bbox 1022 3822 1801 3893; baseline -0.013 -13"><span class='ocrx_word' id='word_1_687' title='bbox 1022 3829 1137 3890; x_wconf 84' lang='lat' dir='ltr'><strong>Marcius,</strong></span> <span class='ocrx_word' id='word_1_688' title='bbox 1155 3829 1199 3893; x_wconf 91' lang='lat' dir='ltr'><strong>qui</strong></span> <span class='ocrx_word' id='word_1_689' title='bbox 1215 3828 1276 3878; x_wconf 87' lang='lat' dir='ltr'><strong>citra</strong></span> <span class='ocrx_word' id='word_1_690' title='bbox 1291 3839 1387 3876; x_wconf 89' lang='lat' dir='ltr'><strong>omnem</strong></span> <span class='ocrx_word' id='word_1_691' title='bbox 1411 3824 1603 3875; x_wconf 86' lang='lat' dir='ltr'><strong>controversiam</strong></span> <span class='ocrx_word' id='word_1_692' title='bbox 1615 3826 1702 3874; x_wconf 84' lang='lat' dir='ltr'><strong>auctor</strong></span> <span class='ocrx_word' id='word_1_693' title='bbox 1712 3822 1801 3886; x_wconf 78' lang='lat' dir='ltr'><strong>praeci·</strong></span> 
     </span>
     <span class='ocr_line' id='line_1_96' title="bbox 1023 3912 1802 3983; baseline -0.009 -16"><span class='ocrx_word' id='word_1_694' title='bbox 1023 3931 1087 3983; x_wconf 85' lang='lat' dir='ltr'><strong>puus</strong></span> <span class='ocrx_word' id='word_1_695' title='bbox 1100 3917 1166 3967; x_wconf 86' lang='lat' dir='ltr'><strong>itlius</strong></span> <span class='ocrx_word' id='word_1_696' title='bbox 1181 3917 1293 3967; x_wconf 76' lang='lat' dir='ltr'><strong>victorin</strong></span> <span class='ocrx_word' id='word_1_697' title='bbox 1312 3917 1367 3966; x_wconf 88' lang='lat' dir='ltr'><strong>tuit.</strong></span> <span class='ocrx_word' id='word_1_698' title='bbox 1403 3917 1467 3967; x_wconf 81' lang='lat' dir='ltr'><strong>(lum</strong></span> <span class='ocrx_word' id='word_1_699' title='bbox 1478 3918 1562 3965; x_wconf 83' lang='lat' dir='ltr'><strong>autern</strong></span> <span class='ocrx_word' id='word_1_700' title='bbox 1576 3913 1626 3964; x_wconf 86' lang='lat' dir='ltr'><strong>iarn</strong></span> <span class='ocrx_word' id='word_1_701' title='bbox 1642 3912 1802 3976; x_wconf 86' lang='lat' dir='ltr'><strong>advesperas-</strong></span> 
     </span>
     <span class='ocr_line' id='line_1_97' title="bbox 1027 4000 1802 4068; baseline -0.008 -12"><span class='ocrx_word' id='word_1_702' title='bbox 1027 4007 1102 4067; x_wconf 85' lang='lat' dir='ltr'><strong>ceret,</strong></span> <span class='ocrx_word' id='word_1_703' title='bbox 1119 4006 1220 4057; x_wconf 82' lang='lat' dir='ltr'><strong>Romani</strong></span> <span class='ocrx_word' id='word_1_704' title='bbox 1235 4005 1267 4057; x_wconf 92' lang='lat' dir='ltr'><strong>ob</strong></span> <span class='ocrx_word' id='word_1_705' title='bbox 1285 4006 1414 4056; x_wconf 75' lang='lat' dir='ltr'><strong>victoriam</strong></span> <span class='ocrx_word' id='word_1_706' title='bbox 1436 4003 1507 4054; x_wconf 85' lang='lat' dir='ltr'><strong>valde</strong></span> <span class='ocrx_word' id='word_1_707' title='bbox 1525 4002 1598 4068; x_wconf 88' lang='lat' dir='ltr'><strong>elati,</strong></span> <span class='ocrx_word' id='word_1_708' title='bbox 1610 4001 1697 4053; x_wconf 91' lang='lat' dir='ltr'><strong>multis</strong></span> <span class='ocrx_word' id='word_1_709' title='bbox 1717 4000 1802 4051; x_wconf 77' lang='lat' dir='ltr'><strong>Antia·</strong></span> 
     </span>
     <span class='ocr_line' id='line_1_98' title="bbox 1023 4091 1770 4159; baseline -0.005 -16"><span class='ocrx_word' id='word_1_710' title='bbox 1023 4091 1093 4143; x_wconf 85' lang='lat' dir='ltr'><strong>tibus</strong></span> <span class='ocrx_word' id='word_1_711' title='bbox 1107 4095 1177 4143; x_wconf 74' lang='lat' dir='ltr'><strong>caesis</strong></span> <span class='ocrx_word' id='word_1_712' title='bbox 1190 4097 1215 4143; x_wconf 90' lang='lat' dir='ltr'><strong>et</strong></span> <span class='ocrx_word' id='word_1_713' title='bbox 1229 4093 1315 4145; x_wconf 90' lang='lat' dir='ltr'><strong>multis</strong></span> <span class='ocrx_word' id='word_1_714' title='bbox 1325 4094 1419 4159; x_wconf 89' lang='lat' dir='ltr'><strong>captis,</strong></span> <span class='ocrx_word' id='word_1_715' title='bbox 1439 4091 1465 4142; x_wconf 89' lang='lat' dir='ltr'><strong>in</strong></span> <span class='ocrx_word' id='word_1_716' title='bbox 1479 4095 1561 4143; x_wconf 75' lang='lat' dir='ltr'><strong>matra</strong></span> <span class='ocrx_word' id='word_1_717' title='bbox 1577 4104 1604 4142; x_wconf 87' lang='lat' dir='ltr'><strong>ae</strong></span> <span class='ocrx_word' id='word_1_718' title='bbox 1618 4093 1770 4155; x_wconf 86' lang='lat' dir='ltr'><strong>reoepernut.</strong></span> 
     </span>
    </p>
   </div>
   <div class='ocr_carea' id='block_1_8' title="bbox 1022 4261 1803 4508">
    <p class='ocr_par' dir='ltr' id='par_1_9' title="bbox 1022 4261 1803 4508">
     <span class='ocr_line' id='line_1_99' title="bbox 1053 4261 1801 4324; baseline -0.009 -6"><span class='ocrx_word' id='word_1_719' title='bbox 1053 4269 1138 4318; x_wconf 82' lang='lat' dir='ltr'><strong>ilclv·</strong></span> <span class='ocrx_word' id='word_1_720' title='bbox 1165 4266 1285 4317; x_wconf 87' lang='lat' dir='ltr'><strong>Postridie</strong></span> <span class='ocrx_word' id='word_1_721' title='bbox 1303 4268 1445 4324; x_wconf 85' lang='lat' dir='ltr'><strong>Postumus,</strong></span> <span class='ocrx_word' id='word_1_722' title='bbox 1467 4263 1578 4315; x_wconf 80' lang='lat' dir='ltr'><strong>exercitu</strong></span> <span class='ocrx_word' id='word_1_723' title='bbox 1600 4263 1633 4314; x_wconf 90' lang='lat' dir='ltr'><strong>ad</strong></span> <span class='ocrx_word' id='word_1_724' title='bbox 1661 4261 1801 4312; x_wconf 82' lang='lat' dir='ltr'><strong>concionem</strong></span> 
     </span>
     <span class='ocr_line' id='line_1_100' title="bbox 1022 4351 1803 4418; baseline -0.008 -11"><span class='ocrx_word' id='word_1_725' title='bbox 1022 4359 1119 4417; x_wconf 78' lang='lat' dir='ltr'><strong>vocato,</strong></span> <span class='ocrx_word' id='word_1_726' title='bbox 1148 4354 1243 4418; x_wconf 82' lang='lat' dir='ltr'><strong>prolixa</strong></span> <span class='ocrx_word' id='word_1_727' title='bbox 1268 4354 1377 4405; x_wconf 91' lang='lat' dir='ltr'><strong>oratione</strong></span> <span class='ocrx_word' id='word_1_728' title='bbox 1406 4352 1527 4403; x_wconf 84' lang='lat' dir='ltr'><strong>Marcium</strong></span> <span class='ocrx_word' id='word_1_729' title='bbox 1548 4351 1667 4411; x_wconf 76' lang='lat' dir='ltr'><strong>laudavit,</strong></span> <span class='ocrx_word' id='word_1_730' title='bbox 1696 4362 1803 4413; x_wconf 84' lang='lat' dir='ltr'><strong>eumque</strong></span> 
     </span>
     <span class='ocr_line' id='line_1_101' title="bbox 1022 4441 1803 4508; baseline -0.009 -13"><span class='ocrx_word' id='word_1_731' title='bbox 1022 4445 1123 4496; x_wconf 88' lang='lat' dir='ltr'><strong>virtutis</strong></span> <span class='ocrx_word' id='word_1_732' title='bbox 1137 4458 1195 4508; x_wconf 88' lang='lat' dir='ltr'><strong>ergo</strong></span> <span class='ocrx_word' id='word_1_733' title='bbox 1209 4457 1297 4493; x_wconf 82' lang='lat' dir='ltr'><strong>corona</strong></span> <span class='ocrx_word' id='word_1_734' title='bbox 1317 4442 1459 4505; x_wconf 82' lang='lat' dir='ltr'><strong>decoravit,</strong></span> <span class='ocrx_word' id='word_1_735' title='bbox 1476 4442 1509 4493; x_wconf 94' lang='lat' dir='ltr'><strong>ob</strong></span> <span class='ocrx_word' id='word_1_736' title='bbox 1522 4442 1643 4506; x_wconf 89' lang='lat' dir='ltr'><strong>egregiam</strong></span> <span class='ocrx_word' id='word_1_737' title='bbox 1660 4441 1685 4491; x_wconf 93' lang='lat' dir='ltr'><strong>in</strong></span> <span class='ocrx_word' id='word_1_738' title='bbox 1699 4442 1803 4503; x_wconf 88' lang='lat' dir='ltr'><strong>utroque</strong></span> 
     </span>
    </p>
   </div>
   <div class='ocr_carea' id='block_1_9' title="bbox 1022 4527 1803 4682">
    <p class='ocr_par' dir='ltr' id='par_1_10' title="bbox 1022 4527 1803 4682">
     <span class='ocr_line' id='line_1_102' title="bbox 1023 4527 1801 4601; baseline -0.015 -15"><span class='ocrx_word' id='word_1_739' title='bbox 1023 4535 1107 4601; x_wconf 81' lang='lat' dir='ltr'><strong>prulio</strong></span> <span class='ocrx_word' id='word_1_740' title='bbox 1120 4535 1234 4583; x_wconf 86' lang='lat' dir='ltr'><strong>navatam</strong></span> <span class='ocrx_word' id='word_1_741' title='bbox 1246 4545 1347 4596; x_wconf 87' lang='lat' dir='ltr'><strong>operam</strong></span> <span class='ocrx_word' id='word_1_742' title='bbox 1363 4530 1465 4595; x_wconf 79' lang='lat' dir='ltr'><strong>prumia</strong></span> <span class='ocrx_word' id='word_1_743' title='bbox 1480 4533 1555 4593; x_wconf 90' lang='lat' dir='ltr'><strong>atque</strong></span> <span class='ocrx_word' id='word_1_744' title='bbox 1567 4528 1671 4591; x_wconf 89' lang='lat' dir='ltr'><strong>gratiam</strong></span> <span class='ocrx_word' id='word_1_745' title='bbox 1686 4527 1801 4576; x_wconf 83' lang='lat' dir='ltr'><strong>reterens.</strong></span> 
     </span>
     <span class='ocr_line' id='line_1_103' title="bbox 1022 4612 1803 4682; baseline -0.013 -12"><span class='ocrx_word' id='word_1_746' title='bbox 1022 4619 1196 4670; x_wconf 73' lang='lat' dir='ltr'><strong>Remuneranit</strong></span> <span class='ocrx_word' id='word_1_747' title='bbox 1210 4621 1293 4668; x_wconf 88' lang='lat' dir='ltr'><strong>autem</strong></span> <span class='ocrx_word' id='word_1_748' title='bbox 1314 4617 1396 4682; x_wconf 90' lang='lat' dir='ltr'><strong>ipsum</strong></span> <span class='ocrx_word' id='word_1_749' title='bbox 1417 4630 1480 4681; x_wconf 87' lang='lat' dir='ltr'><strong>equo</strong></span> <span class='ocrx_word' id='word_1_750' title='bbox 1501 4613 1628 4674; x_wconf 84' lang='lat' dir='ltr'><strong>bellatore,</strong></span> <span class='ocrx_word' id='word_1_751' title='bbox 1649 4612 1803 4678; x_wconf 87' lang='lat' dir='ltr'><strong>imperatoris</strong></span> 
     </span>
    </p>
   </div>
   <div class='ocr_carea' id='block_1_10' title="bbox 1021 4701 1803 5208">
    <p class='ocr_par' dir='ltr' id='par_1_11' title="bbox 1021 4701 1803 5208">
     <span class='ocr_line' id='line_1_104' title="bbox 1023 4701 1803 4771; baseline -0.005 -16"><span class='ocrx_word' id='word_1_752' title='bbox 1023 4707 1159 4771; x_wconf 85' lang='lat' dir='ltr'><strong>insignibus</strong></span> <span class='ocrx_word' id='word_1_753' title='bbox 1172 4711 1267 4768; x_wconf 85' lang='lat' dir='ltr'><strong>omnio,</strong></span> <span class='ocrx_word' id='word_1_754' title='bbox 1281 4712 1307 4757; x_wconf 88' lang='lat' dir='ltr'><strong>et</strong></span> <span class='ocrx_word' id='word_1_755' title='bbox 1321 4707 1407 4757; x_wconf 81' lang='lat' dir='ltr'><strong>decem</strong></span> <span class='ocrx_word' id='word_1_756' title='bbox 1424 4705 1530 4770; x_wconf 83' lang='lat' dir='ltr'><strong>captivis</strong></span> <span class='ocrx_word' id='word_1_757' title='bbox 1544 4743 1550 4766; x_wconf 97' lang='lat'><strong>,</strong></span> <span class='ocrx_word' id='word_1_758' title='bbox 1575 4705 1634 4755; x_wconf 91' lang='lat' dir='ltr'><strong>data</strong></span> <span class='ocrx_word' id='word_1_759' title='bbox 1646 4703 1693 4768; x_wconf 90' lang='lat' dir='ltr'><strong>ipsi</strong></span> <span class='ocrx_word' id='word_1_760' title='bbox 1704 4701 1803 4767; x_wconf 91' lang='lat' dir='ltr'><strong>optione</strong></span> 
     </span>
     <span class='ocr_line' id='line_1_105' title="bbox 1023 4789 1802 4857; baseline -0.006 -14"><span class='ocrx_word' id='word_1_761' title='bbox 1023 4797 1051 4843; x_wconf 90' lang='lat' dir='ltr'><strong>ut</strong></span> <span class='ocrx_word' id='word_1_762' title='bbox 1063 4808 1126 4857; x_wconf 87' lang='lat' dir='ltr'><strong>quos</strong></span> <span class='ocrx_word' id='word_1_763' title='bbox 1137 4795 1213 4845; x_wconf 87' lang='lat' dir='ltr'><strong>vellet</strong></span> <span class='ocrx_word' id='word_1_764' title='bbox 1232 4796 1341 4857; x_wconf 85' lang='lat' dir='ltr'><strong>eligeret.</strong></span> <span class='ocrx_word' id='word_1_765' title='bbox 1358 4798 1383 4843; x_wconf 90' lang='lat' dir='ltr'><strong>ot</strong></span> <span class='ocrx_word' id='word_1_766' title='bbox 1403 4796 1503 4856; x_wconf 88' lang='lat' dir='ltr'><strong>argento</strong></span> <span class='ocrx_word' id='word_1_767' title='bbox 1515 4796 1636 4855; x_wconf 84' lang='lat' dir='ltr'><strong>quantum</strong></span> <span class='ocrx_word' id='word_1_768' title='bbox 1650 4805 1733 4843; x_wconf 87' lang='lat' dir='ltr'><strong>secum</strong></span> <span class='ocrx_word' id='word_1_769' title='bbox 1746 4789 1802 4838; x_wconf 86' lang='lat' dir='ltr'><strong>abs-</strong></span> 
     </span>
     <span class='ocr_line' id='line_1_106' title="bbox 1022 4873 1802 4943; baseline -0.004 -18"><span class='ocrx_word' id='word_1_770' title='bbox 1022 4878 1120 4938; x_wconf 88' lang='lat' dir='ltr'><strong>portare</strong></span> <span class='ocrx_word' id='word_1_771' title='bbox 1137 4882 1239 4940; x_wconf 83' lang='lat' dir='ltr'><strong>posset,</strong></span> <span class='ocrx_word' id='word_1_772' title='bbox 1258 4882 1283 4928; x_wconf 89' lang='lat' dir='ltr'><strong>ot</strong></span> <span class='ocrx_word' id='word_1_773' title='bbox 1300 4878 1413 4943; x_wconf 89' lang='lat' dir='ltr'><strong>primitiis</strong></span> <span class='ocrx_word' id='word_1_774' title='bbox 1427 4891 1458 4926; x_wconf 84' lang='lat' dir='ltr'><strong>ex</strong></span> <span class='ocrx_word' id='word_1_775' title='bbox 1479 4878 1573 4942; x_wconf 88' lang='lat' dir='ltr'><strong>reliqna</strong></span> <span class='ocrx_word' id='word_1_776' title='bbox 1587 4876 1672 4942; x_wconf 79' lang='lat' dir='ltr'><strong>praeda</strong></span> <span class='ocrx_word' id='word_1_777' title='bbox 1685 4873 1802 4940; x_wconf 83' lang='lat' dir='ltr'><strong>pulcluer·</strong></span> 
     </span>
     <span class='ocr_line' id='line_1_107' title="bbox 1021 4965 1802 5031; baseline -0.003 -17"><span class='ocrx_word' id='word_1_778' title='bbox 1021 4965 1098 5015; x_wconf 86' lang='lat' dir='ltr'><strong>rimis.</strong></span> <span class='ocrx_word' id='word_1_779' title='bbox 1131 4965 1233 5016; x_wconf 84' lang='lat' dir='ltr'><strong>Sublato</strong></span> <span class='ocrx_word' id='word_1_780' title='bbox 1246 4971 1329 5019; x_wconf 85' lang='lat' dir='ltr'><strong>autem</strong></span> <span class='ocrx_word' id='word_1_781' title='bbox 1343 4966 1432 5031; x_wconf 89' lang='lat' dir='ltr'><strong>ingenti</strong></span> <span class='ocrx_word' id='word_1_782' title='bbox 1451 4965 1483 5015; x_wconf 88' lang='lat' dir='ltr'><strong>ab</strong></span> <span class='ocrx_word' id='word_1_783' title='bbox 1504 4965 1618 5016; x_wconf 89' lang='lat' dir='ltr'><strong>omnibus</strong></span> <span class='ocrx_word' id='word_1_784' title='bbox 1635 4966 1752 5019; x_wconf 82' lang='lat' dir='ltr'><strong>clamore,</strong></span> <span class='ocrx_word' id='word_1_785' title='bbox 1773 4967 1802 5012; x_wconf 91' lang='lat' dir='ltr'><strong>ut</strong></span> 
     </span>
     <span class='ocr_line' id='line_1_108' title="bbox 1023 5053 1803 5119; baseline -0.003 -16"><span class='ocrx_word' id='word_1_786' title='bbox 1023 5053 1221 5104; x_wconf 85' lang='lat' dir='ltr'><strong>collaudantibus</strong></span> <span class='ocrx_word' id='word_1_787' title='bbox 1235 5059 1261 5105; x_wconf 89' lang='lat' dir='ltr'><strong>ot</strong></span> <span class='ocrx_word' id='word_1_788' title='bbox 1278 5053 1517 5119; x_wconf 76' lang='lat' dir='ltr'><strong>congratulantibus,</strong></span> <span class='ocrx_word' id='word_1_789' title='bbox 1533 5057 1641 5106; x_wconf 80' lang='lat' dir='ltr'><strong>blancius</strong></span> <span class='ocrx_word' id='word_1_790' title='bbox 1658 5064 1803 5118; x_wconf 85' lang='lat' dir='ltr'><strong>progressus</strong></span> 
     </span>
     <span class='ocr_line' id='line_1_109' title="bbox 1025 5142 1803 5208; baseline 0.003 -16"><span class='ocrx_word' id='word_1_791' title='bbox 1025 5143 1085 5193; x_wconf 86' lang='lat' dir='ltr'><strong>dixit</strong></span> <span class='ocrx_word' id='word_1_792' title='bbox 1099 5165 1105 5193; x_wconf 75' lang='grc' dir='ltr'>ι</span> <span class='ocrx_word' id='word_1_793' title='bbox 1120 5157 1146 5194; x_wconf 86' lang='lat' dir='ltr'><strong>se</strong></span> <span class='ocrx_word' id='word_1_794' title='bbox 1159 5148 1183 5195; x_wconf 83' lang='lat' dir='ltr'><strong>ot</strong></span> <span class='ocrx_word' id='word_1_795' title='bbox 1196 5145 1291 5195; x_wconf 78' lang='lat' dir='ltr'><strong>consuli</strong></span> <span class='ocrx_word' id='word_1_796' title='bbox 1305 5149 1329 5194; x_wconf 88' lang='lat' dir='ltr'><strong>et</strong></span> <span class='ocrx_word' id='word_1_797' title='bbox 1342 5143 1431 5195; x_wconf 84' lang='lat' dir='ltr'><strong>ceteris</strong></span> <span class='ocrx_word' id='word_1_798' title='bbox 1443 5144 1571 5208; x_wconf 89' lang='lat' dir='ltr'><strong>omnibus,</strong></span> <span class='ocrx_word' id='word_1_799' title='bbox 1587 5146 1619 5196; x_wconf 92' lang='lat' dir='ltr'><strong>ob</strong></span> <span class='ocrx_word' id='word_1_800' title='bbox 1632 5145 1737 5196; x_wconf 87' lang='lat' dir='ltr'><strong>bonores</strong></span> <span class='ocrx_word' id='word_1_801' title='bbox 1750 5142 1803 5208; x_wconf 81' lang='lat' dir='ltr'><strong>qui·</strong></span> 
     </span>
    </p>
   </div>
   <div class='ocr_carea' id='block_1_11' title="bbox 0 0 1895 5828">
    <p class='ocr_par' dir='ltr' id='par_1_12' title="bbox 0 0 1895 5828">
     <span class='ocr_line' id='line_1_110' title="bbox 0 0 1895 5828; baseline 0 0"><span class='ocrx_word' id='word_1_802' title='bbox 0 0 1895 5828; x_wconf 95' lang='lat' dir='ltr'><strong> </strong></span> 
     </span>
    </p>
   </div>
  </div>
 </body>
</html>
