<?xml version="1.0" encoding="UTF-8"?>
<!DOCTYPE html PUBLIC "-//W3C//DTD XHTML 1.0 Transitional//EN"
    "http://www.w3.org/TR/xhtml1/DTD/xhtml1-transitional.dtd">
<html xmlns="http://www.w3.org/1999/xhtml" xml:lang="en" lang="en">
 <head>
  <title>
</title>
<meta http-equiv="Content-Type" content="text/html;charset=utf-8" />
  <meta name='ocr-system' content='tesseract 3.04.00' />
  <meta name='ocr-capabilities' content='ocr_page ocr_carea ocr_par ocr_line ocrx_word'/>
</head>
<body>
  <div class='ocr_page' id='page_1' title='image "./dionysiihalicar00prougoog/dionysiihalicar00prougoog_0770.png"; bbox 0 0 3772 5828; ppageno 0'>
   <div class='ocr_carea' id='block_1_1' title="bbox 176 303 237 364">
    <p class='ocr_par' dir='ltr' id='par_1_1' title="bbox 176 303 237 364">
     <span class='ocr_line' id='line_1_1' title="bbox 176 303 237 364; baseline 0 -1"><span class='ocrx_word' id='word_1_1' title='bbox 176 303 237 364; x_wconf 70' lang='lat'>&#39;12⁴</span> 
     </span>
    </p>
   </div>
   <div class='ocr_carea' id='block_1_2' title="bbox 116 431 959 5208">
    <p class='ocr_par' dir='ltr' id='par_1_2' title="bbox 177 431 956 517">
     <span class='ocr_line' id='line_1_2' title="bbox 177 431 956 517; baseline 0.005 -27"><span class='ocrx_word' id='word_1_2' title='bbox 177 463 191 490; x_wconf 88' lang='grc' dir='ltr'>ιι</span> <span class='ocrx_word' id='word_1_3' title='bbox 206 440 240 504; x_wconf 77' lang='grc' dir='ltr'>ὡς</span> <span class='ocrx_word' id='word_1_4' title='bbox 249 436 354 517; x_wconf 86' lang='grc' dir='ltr'>φαύλων</span> <span class='ocrx_word' id='word_1_5' title='bbox 368 434 415 495; x_wconf 76' lang='grc' dir='ltr'>καὶ</span> <span class='ocrx_word' id='word_1_6' title='bbox 425 434 536 514; x_wconf 78' lang='grc' dir='ltr'>μηδενός</span> <span class='ocrx_word' id='word_1_7' title='bbox 548 432 626 504; x_wconf 75' lang='grc' dir='ltr'>άξίων</span> <span class='ocrx_word' id='word_1_8' title='bbox 639 443 829 516; x_wconf 88' lang='grc' dir='ltr'>καταφρονεῖν,</span> <span class='ocrx_word' id='word_1_9' title='bbox 844 431 956 505; x_wconf 74' lang='grc' dir='ltr'>ἀνοήτου</span> 
     </span>
    </p>

    <p class='ocr_par' dir='ltr' id='par_1_3' title="bbox 178 513 957 606">
     <span class='ocr_line' id='line_1_3' title="bbox 178 513 957 606; baseline -0.008 -20"><span class='ocrx_word' id='word_1_10' title='bbox 178 550 195 577; x_wconf 83' lang='grc' dir='ltr'>ιι</span> <span class='ocrx_word' id='word_1_11' title='bbox 206 549 252 603; x_wconf 81' lang='grc' dir='ltr'>μοι</span> <span class='ocrx_word' id='word_1_12' title='bbox 268 524 390 606; x_wconf 68' lang='grc' dir='ltr'>φαίνεται</span> <span class='ocrx_word' id='word_1_13' title='bbox 403 523 502 603; x_wconf 82' lang='grc' dir='ltr'>τρόπου</span> <span class='ocrx_word' id='word_1_14' title='bbox 517 522 658 603; x_wconf 80' lang='grc' dir='ltr'>τικμήριον</span> <span class='ocrx_word' id='word_1_15' title='bbox 675 513 802 583; x_wconf 75' lang='grc' dir='ltr'>εἶναικαὶ</span> <span class='ocrx_word' id='word_1_16' title='bbox 817 521 848 582; x_wconf 88' lang='grc' dir='ltr'>τδ</span> <span class='ocrx_word' id='word_1_17' title='bbox 863 520 957 601; x_wconf 84' lang='grc' dir='ltr'>διάφο·</span> 
     </span>
    </p>

    <p class='ocr_par' dir='ltr' id='par_1_4' title="bbox 178 608 959 695">
     <span class='ocr_line' id='line_1_4' title="bbox 178 608 959 695; baseline 0.004 -28"><span class='ocrx_word' id='word_1_18' title='bbox 178 639 193 667; x_wconf 90' lang='grc' dir='ltr'>ιι</span> <span class='ocrx_word' id='word_1_19' title='bbox 208 636 252 695; x_wconf 89' lang='grc' dir='ltr'>ραν</span> <span class='ocrx_word' id='word_1_20' title='bbox 276 614 324 671; x_wconf 82' lang='grc' dir='ltr'>οὐκ</span> <span class='ocrx_word' id='word_1_21' title='bbox 340 611 527 686; x_wconf 74' lang='grc' dir='ltr'>ἐπισταμένου.</span> <span class='ocrx_word' id='word_1_22' title='bbox 572 608 667 690; x_wconf 86' lang='grc' dir='ltr'>Ἧμεῑς</span> <span class='ocrx_word' id='word_1_23' title='bbox 693 610 722 670; x_wconf 74' lang='grc' dir='ltr'>δέ</span> <span class='ocrx_word' id='word_1_24' title='bbox 743 613 771 672; x_wconf 84' lang='grc' dir='ltr'>ού</span> <span class='ocrx_word' id='word_1_25' title='bbox 796 619 850 678; x_wconf 87' lang='grc' dir='ltr'>ταῖς</span> <span class='ocrx_word' id='word_1_26' title='bbox 872 609 959 688; x_wconf 92' lang='grc' dir='ltr'>λόγοις</span> 
     </span>
    </p>

    <p class='ocr_par' dir='ltr' id='par_1_5' title="bbox 179 697 959 781">
     <span class='ocr_line' id='line_1_5' title="bbox 179 697 959 781; baseline -0.006 -19"><span class='ocrx_word' id='word_1_27' title='bbox 179 729 192 756; x_wconf 84' lang='grc' dir='ltr'>ιι</span> <span class='ocrx_word' id='word_1_28' title='bbox 207 705 381 780; x_wconf 88' lang='grc' dir='ltr'>τιμωρεῖσθαι</span> <span class='ocrx_word' id='word_1_29' title='bbox 403 700 463 768; x_wconf 80' lang='grc' dir='ltr'>τοὺς</span> <span class='ocrx_word' id='word_1_30' title='bbox 489 699 598 781; x_wconf 79' lang='grc' dir='ltr'>θχθρούς</span> <span class='ocrx_word' id='word_1_31' title='bbox 620 700 767 776; x_wconf 77' lang='grc' dir='ltr'><strong>εἰώθαμεν,</strong></span> <span class='ocrx_word' id='word_1_32' title='bbox 800 697 869 760; x_wconf 73' lang='lat' dir='ltr'>litt</span> <span class='ocrx_word' id='word_1_33' title='bbox 905 702 959 767; x_wconf 88' lang='grc' dir='ltr'>τοῖς</span> 
     </span>
    </p>

    <p class='ocr_par' dir='ltr' id='par_1_6' title="bbox 138 778 957 868">
     <span class='ocr_line' id='line_1_6' title="bbox 138 778 957 868; baseline -0.002 -20"><span class='ocrx_word' id='word_1_34' title='bbox 138 809 152 848; x_wconf 85' lang='grc' dir='ltr'>ι</span> <span class='ocrx_word' id='word_1_35' title='bbox 180 818 192 843; x_wconf 93' lang='grc' dir='ltr'>ιι</span> <span class='ocrx_word' id='word_1_36' title='bbox 207 788 311 868; x_wconf 72' lang='grc' dir='ltr'>ἔργοις,</span> <span class='ocrx_word' id='word_1_37' title='bbox 325 788 372 849; x_wconf 80' lang='grc' dir='ltr'>καὶ</span> <span class='ocrx_word' id='word_1_38' title='bbox 395 788 455 848; x_wconf 89' lang='grc' dir='ltr'>αύτι</span> <span class='ocrx_word' id='word_1_39' title='bbox 474 786 602 862; x_wconf 80' lang='grc' dir='ltr'>δικαστὴν</span> <span class='ocrx_word' id='word_1_40' title='bbox 626 788 772 866; x_wconf 89' lang='grc' dir='ltr'>ποιούμεθά</span> <span class='ocrx_word' id='word_1_41' title='bbox 793 810 822 849; x_wconf 90' lang='grc' dir='ltr'>σι</span> <span class='ocrx_word' id='word_1_42' title='bbox 836 787 898 868; x_wconf 80' lang='grc' dir='ltr'>περὶ</span> <span class='ocrx_word' id='word_1_43' title='bbox 920 778 957 847; x_wconf 76' lang='grc' dir='ltr'>ὧν</span> 
     </span>
    </p>

    <p class='ocr_par' dir='ltr' id='par_1_7' title="bbox 172 870 959 957">
     <span class='ocr_line' id='line_1_7' title="bbox 172 870 959 957; baseline -0.003 -19"><span class='ocrx_word' id='word_1_44' title='bbox 172 870 192 929; x_wconf 73' lang='grc' dir='ltr'>ιι</span> <span class='ocrx_word' id='word_1_45' title='bbox 204 876 408 957; x_wconf 71' lang='grc' dir='ltr'>’Ταραντῖνοιςῆ</span> <span class='ocrx_word' id='word_1_46' title='bbox 433 876 576 946; x_wconf 74' lang='grc' dir='ltr'>Σαυνίταις</span> <span class='ocrx_word' id='word_1_47' title='bbox 599 876 618 950; x_wconf 73' lang='grc' dir='ltr'>ἢ</span> <span class='ocrx_word' id='word_1_48' title='bbox 638 888 692 943; x_wconf 86' lang='grc' dir='ltr'>τοῖς</span> <span class='ocrx_word' id='word_1_49' title='bbox 709 876 798 946; x_wconf 81' lang='grc' dir='ltr'>ἄλλοις</span> <span class='ocrx_word' id='word_1_50' title='bbox 823 876 959 954; x_wconf 84' lang='grc' dir='ltr'>πολεμίοις</span> 
     </span>
    </p>

    <p class='ocr_par' dir='ltr' id='par_1_8' title="bbox 180 965 959 1045">
     <span class='ocr_line' id='line_1_8' title="bbox 180 965 959 1045; baseline 0.001 -21"><span class='ocrx_word' id='word_1_51' title='bbox 180 992 192 1017; x_wconf 88' lang='grc' dir='ltr'>ιι</span> <span class='ocrx_word' id='word_1_52' title='bbox 208 968 385 1044; x_wconf 68' lang='grc' dir='ltr'>ἐγκαλοῦμεν,</span> <span class='ocrx_word' id='word_1_53' title='bbox 397 965 457 1026; x_wconf 82' lang='grc' dir='ltr'>οὔτι</span> <span class='ocrx_word' id='word_1_54' title='bbox 471 966 603 1045; x_wconf 73' lang='grc' dir='ltr'>ἐγγυητὴν</span> <span class='ocrx_word' id='word_1_55' title='bbox 614 965 787 1042; x_wconf 80' lang='grc' dir='ltr'>λαμόάνομιν</span> <span class='ocrx_word' id='word_1_56' title='bbox 801 966 959 1042; x_wconf 69' lang='grc' dir='ltr'>ἐκτίσματος</span> 
     </span>
    </p>

    <p class='ocr_par' dir='ltr' id='par_1_9' title="bbox 116 1051 957 1131">
     <span class='ocr_line' id='line_1_9' title="bbox 116 1051 957 1131; baseline -0.006 -18"><span class='ocrx_word' id='word_1_57' title='bbox 116 1106 120 1113; x_wconf 97' lang='grc'>.</span> <span class='ocrx_word' id='word_1_58' title='bbox 179 1078 193 1106; x_wconf 83' lang='grc' dir='ltr'>ιι</span> <span class='ocrx_word' id='word_1_59' title='bbox 208 1053 325 1121; x_wconf 79' lang='grc' dir='ltr'>οὐδενός·</span> <span class='ocrx_word' id='word_1_60' title='bbox 339 1053 409 1113; x_wconf 72' lang='lat' dir='ltr'>itti</span> <span class='ocrx_word' id='word_1_61' title='bbox 421 1062 476 1121; x_wconf 85' lang='grc' dir='ltr'>τοῖς</span> <span class='ocrx_word' id='word_1_62' title='bbox 496 1056 573 1131; x_wconf 73' lang='grc' dir='ltr'>ἡμῶν</span> <span class='ocrx_word' id='word_1_63' title='bbox 600 1055 685 1111; x_wconf 86' lang='grc' dir='ltr'>αὐτῶν</span> <span class='ocrx_word' id='word_1_64' title='bbox 702 1051 792 1120; x_wconf 77' lang='grc' dir='ltr'>ὅπλοις</span> <span class='ocrx_word' id='word_1_65' title='bbox 808 1051 852 1110; x_wconf 79' lang='grc' dir='ltr'>τὸν</span> <span class='ocrx_word' id='word_1_66' title='bbox 868 1055 957 1130; x_wconf 80' lang='grc' dir='ltr'>ἀγῶνα</span> 
     </span>
    </p>

    <p class='ocr_par' dir='ltr' id='par_1_10' title="bbox 180 1139 957 1221">
     <span class='ocr_line' id='line_1_10' title="bbox 180 1139 957 1221; baseline -0.005 -20"><span class='ocrx_word' id='word_1_67' title='bbox 180 1168 193 1195; x_wconf 84' lang='grc' dir='ltr'>ι</span> <span class='ocrx_word' id='word_1_68' title='bbox 208 1147 362 1221; x_wconf 78' lang='grc' dir='ltr'>κρινοῦμεν,</span> <span class='ocrx_word' id='word_1_69' title='bbox 378 1140 425 1202; x_wconf 74' lang='grc' dir='ltr'>καὶ</span> <span class='ocrx_word' id='word_1_70' title='bbox 447 1141 497 1209; x_wconf 78' lang='grc' dir='ltr'>τάς</span> <span class='ocrx_word' id='word_1_71' title='bbox 512 1139 655 1220; x_wconf 68' lang='grc' dir='ltr'>τιμωρίας,</span> <span class='ocrx_word' id='word_1_72' title='bbox 673 1142 709 1207; x_wconf 83' lang='grc' dir='ltr'>ὡς</span> <span class='ocrx_word' id='word_1_73' title='bbox 731 1140 763 1198; x_wconf 85' lang='grc' dir='ltr'>διν</span> <span class='ocrx_word' id='word_1_74' title='bbox 779 1139 854 1198; x_wconf 79' lang='grc' dir='ltr'>αὐτοὶ</span> <span class='ocrx_word' id='word_1_75' title='bbox 877 1140 957 1198; x_wconf 77' lang='grc' dir='ltr'>θέλω-</span> 
     </span>
    </p>

    <p class='ocr_par' dir='ltr' id='par_1_11' title="bbox 127 1229 957 1310">
     <span class='ocr_line' id='line_1_11' title="bbox 127 1229 957 1310; baseline -0.006 -18"><span class='ocrx_word' id='word_1_76' title='bbox 127 1253 153 1292; x_wconf 87' lang='grc' dir='ltr'>ιυ</span> <span class='ocrx_word' id='word_1_77' title='bbox 180 1256 193 1283; x_wconf 79' lang='grc' dir='ltr'>ιι</span> <span class='ocrx_word' id='word_1_78' title='bbox 208 1254 269 1308; x_wconf 87' lang='grc' dir='ltr'>μιν,</span> <span class='ocrx_word' id='word_1_79' title='bbox 292 1230 489 1310; x_wconf 73' lang='grc' dir='ltr'>ἀναπράξομεν.</span> <span class='ocrx_word' id='word_1_80' title='bbox 514 1233 609 1290; x_wconf 79' lang='grc' dir='ltr'>Ταῦτα</span> <span class='ocrx_word' id='word_1_81' title='bbox 624 1229 656 1298; x_wconf 82' lang='grc' dir='ltr'>δὴ</span> <span class='ocrx_word' id='word_1_82' title='bbox 669 1229 796 1307; x_wconf 88' lang='grc' dir='ltr'>προειδὼς</span> <span class='ocrx_word' id='word_1_83' title='bbox 812 1230 957 1304; x_wconf 78' lang='grc' dir='ltr'>ἀνταγωνι-</span> 
     </span>
    </p>

    <p class='ocr_par' dir='ltr' id='par_1_12' title="bbox 179 1314 956 1396">
     <span class='ocr_line' id='line_1_12' title="bbox 179 1314 956 1396; baseline 0.001 -24"><span class='ocrx_word' id='word_1_84' title='bbox 179 1343 193 1372; x_wconf 88' lang='grc' dir='ltr'>ιι</span> <span class='ocrx_word' id='word_1_85' title='bbox 207 1318 272 1388; x_wconf 80' lang='grc' dir='ltr'>στλν</span> <span class='ocrx_word' id='word_1_86' title='bbox 293 1323 358 1395; x_wconf 75' lang='grc' dir='ltr'>ἡμῖν</span> <span class='ocrx_word' id='word_1_87' title='bbox 381 1316 569 1396; x_wconf 74' lang='grc' dir='ltr'>παρασκεύαζε</span> <span class='ocrx_word' id='word_1_88' title='bbox 594 1315 708 1391; x_wconf 83' lang='grc' dir='ltr'>σαυτὸν,</span> <span class='ocrx_word' id='word_1_89' title='bbox 731 1316 799 1375; x_wconf 70' lang='lat' dir='ltr'>titt</span> <span class='ocrx_word' id='word_1_90' title='bbox 820 1314 858 1391; x_wconf 75' lang='grc' dir='ltr'>μὴ</span> <span class='ocrx_word' id='word_1_91' title='bbox 880 1318 956 1375; x_wconf 86' lang='grc' dir='ltr'>δικα-</span> 
     </span>
    </p>

    <p class='ocr_par' dir='ltr' id='par_1_13' title="bbox 144 1395 957 1486">
     <span class='ocr_line' id='line_1_13' title="bbox 144 1395 957 1486; baseline -0.005 -20"><span class='ocrx_word' id='word_1_92' title='bbox 144 1442 147 1448; x_wconf 92' lang='grc'><strong>-</strong></span> <span class='ocrx_word' id='word_1_93' title='bbox 179 1433 192 1460; x_wconf 83' lang='grc' dir='ltr'>ι</span> <span class='ocrx_word' id='word_1_94' title='bbox 207 1407 284 1479; x_wconf 67' lang='grc' dir='ltr'>στάν.</span> <span class='ocrx_word' id='word_1_95' title='bbox 300 1406 411 1486; x_wconf 81' lang='grc'>-(18)</span> <span class='ocrx_word' id='word_1_96' title='bbox 437 1407 491 1465; x_wconf 75' lang='grc' dir='ltr'>Καὶ</span> <span class='ocrx_word' id='word_1_97' title='bbox 514 1403 575 1483; x_wconf 75' lang='grc' dir='ltr'>περὶ</span> <span class='ocrx_word' id='word_1_98' title='bbox 596 1395 633 1463; x_wconf 74' lang='grc' dir='ltr'>ὧν</span> <span class='ocrx_word' id='word_1_99' title='bbox 655 1411 727 1480; x_wconf 73' lang='grc' dir='ltr'>ἡμᾶς</span> <span class='ocrx_word' id='word_1_100' title='bbox 748 1403 825 1471; x_wconf 77' lang='grc' dir='ltr'>αὐτὸς</span> <span class='ocrx_word' id='word_1_101' title='bbox 849 1405 957 1482; x_wconf 79' lang='grc' dir='ltr'>ἀδικεῖς,</span> 
     </span>
    </p>

    <p class='ocr_par' dir='ltr' id='par_1_14' title="bbox 178 1492 957 1573">
     <span class='ocr_line' id='line_1_14' title="bbox 178 1492 957 1573; baseline 0.001 -24"><span class='ocrx_word' id='word_1_102' title='bbox 178 1522 192 1549; x_wconf 89' lang='grc' dir='ltr'>ιι</span> <span class='ocrx_word' id='word_1_103' title='bbox 206 1494 327 1562; x_wconf 81' lang='grc' dir='ltr'>υύστινας</span> <span class='ocrx_word' id='word_1_104' title='bbox 356 1494 486 1573; x_wconf 67' lang='grc' dir='ltr'>ἐγγυητάς</span> <span class='ocrx_word' id='word_1_105' title='bbox 515 1492 681 1571; x_wconf 82' lang='grc' dir='ltr'>έκτισμάτων</span> <span class='ocrx_word' id='word_1_106' title='bbox 705 1492 826 1573; x_wconf 76' lang='grc' dir='ltr'>παρέξεις</span> <span class='ocrx_word' id='word_1_107' title='bbox 849 1493 957 1552; x_wconf 82' lang='grc' dir='ltr'>σκόπει·</span> 
     </span>
    </p>

    <p class='ocr_par' dir='ltr' id='par_1_15' title="bbox 178 1579 956 1662">
     <span class='ocr_line' id='line_1_15' title="bbox 178 1579 956 1662; baseline -0.003 -19"><span class='ocrx_word' id='word_1_108' title='bbox 178 1608 192 1634; x_wconf 78' lang='grc' dir='ltr'>ιι</span> <span class='ocrx_word' id='word_1_109' title='bbox 207 1581 245 1659; x_wconf 78' lang='grc' dir='ltr'>μὴ</span> <span class='ocrx_word' id='word_1_110' title='bbox 259 1581 436 1661; x_wconf 79' lang='grc' dir='ltr'>Ταραντίνους</span> <span class='ocrx_word' id='word_1_111' title='bbox 452 1580 598 1662; x_wconf 79' lang='grc' dir='ltr'>δναδέχου,</span> <span class='ocrx_word' id='word_1_112' title='bbox 615 1581 683 1657; x_wconf 80' lang='grc' dir='ltr'>μηδδ</span> <span class='ocrx_word' id='word_1_113' title='bbox 696 1579 756 1647; x_wconf 79' lang='grc' dir='ltr'>τοὺς</span> <span class='ocrx_word' id='word_1_114' title='bbox 770 1579 911 1657; x_wconf 77' lang='grc' dir='ltr'>πολεμίους</span> <span class='ocrx_word' id='word_1_115' title='bbox 922 1580 956 1641; x_wconf 62' lang='lat' dir='ltr'>el</span> 
     </span>
    </p>

    <p class='ocr_par' dir='ltr' id='par_1_16' title="bbox 125 1666 956 1750">
     <span class='ocr_line' id='line_1_16' title="bbox 125 1666 956 1750; baseline -0.005 -20"><span class='ocrx_word' id='word_1_116' title='bbox 125 1690 151 1730; x_wconf 81' lang='grc' dir='ltr'>νυ</span> <span class='ocrx_word' id='word_1_117' title='bbox 179 1693 193 1721; x_wconf 76' lang='lat' dir='ltr'>s</span> <span class='ocrx_word' id='word_1_118' title='bbox 210 1667 298 1727; x_wconf 81' lang='grc' dir='ltr'>δίκαια</span> <span class='ocrx_word' id='word_1_119' title='bbox 315 1668 428 1750; x_wconf 79' lang='grc' dir='ltr'>ύφέξειν.</span> <span class='ocrx_word' id='word_1_120' title='bbox 475 1670 509 1730; x_wconf 82' lang='lat' dir='ltr'>El</span> <span class='ocrx_word' id='word_1_121' title='bbox 525 1666 548 1728; x_wconf 85' lang='grc' dir='ltr'>δ’</span> <span class='ocrx_word' id='word_1_122' title='bbox 565 1671 595 1728; x_wconf 78' lang='lat' dir='ltr'>br</span> <span class='ocrx_word' id='word_1_123' title='bbox 612 1667 710 1736; x_wconf 84' lang='grc' dir='ltr'>παντὸς</span> <span class='ocrx_word' id='word_1_124' title='bbox 727 1667 825 1747; x_wconf 84' lang='grc' dir='ltr'>τρόπου</span> <span class='ocrx_word' id='word_1_125' title='bbox 841 1667 956 1746; x_wconf 87' lang='grc' dir='ltr'>πόλεμον</span> 
     </span>
    </p>

    <p class='ocr_par' dir='ltr' id='par_1_17' title="bbox 179 1756 957 1835">
     <span class='ocr_line' id='line_1_17' title="bbox 179 1756 957 1835; baseline 0.004 -21"><span class='ocrx_word' id='word_1_126' title='bbox 179 1782 192 1809; x_wconf 87' lang='grc' dir='ltr'>ιι</span> <span class='ocrx_word' id='word_1_127' title='bbox 207 1761 338 1835; x_wconf 79' lang='grc' dir='ltr'>αἱρεῖσθαι</span> <span class='ocrx_word' id='word_1_128' title='bbox 361 1756 425 1835; x_wconf 77' lang='grc' dir='ltr'>πρὸς</span> <span class='ocrx_word' id='word_1_129' title='bbox 441 1760 511 1828; x_wconf 71' lang='grc' dir='ltr'>ἡμᾶς</span> <span class='ocrx_word' id='word_1_130' title='bbox 540 1756 700 1834; x_wconf 77' lang='grc' dir='ltr'>διέγνωκας,</span> <span class='ocrx_word' id='word_1_131' title='bbox 727 1756 782 1816; x_wconf 79' lang='grc' dir='ltr'>ῐσθι</span> <span class='ocrx_word' id='word_1_132' title='bbox 807 1781 849 1817; x_wconf 90' lang='grc' dir='ltr'>σοι</span> <span class='ocrx_word' id='word_1_133' title='bbox 875 1760 957 1817; x_wconf 82' lang='grc' dir='ltr'>ταῦτδ</span> 
     </span>
    </p>

    <p class='ocr_par' dir='ltr' id='par_1_18' title="bbox 178 1844 957 1924">
     <span class='ocr_line' id='line_1_18' title="bbox 178 1844 957 1924; baseline 0.008 -26"><span class='ocrx_word' id='word_1_134' title='bbox 178 1871 191 1898; x_wconf 88' lang='grc' dir='ltr'>ιι</span> <span class='ocrx_word' id='word_1_135' title='bbox 206 1844 427 1921; x_wconf 82' lang='grc' dir='ltr'>συμόησόμενον,</span> <span class='ocrx_word' id='word_1_136' title='bbox 452 1844 466 1904; x_wconf 87' lang='grc' dir='ltr'>ό</span> <span class='ocrx_word' id='word_1_137' title='bbox 496 1851 565 1902; x_wconf 68' lang='grc' dir='ltr'>πᾶσι</span> <span class='ocrx_word' id='word_1_138' title='bbox 593 1844 748 1921; x_wconf 80' lang='grc' dir='ltr'>συμόαίνιιν</span> <span class='ocrx_word' id='word_1_139' title='bbox 774 1845 876 1924; x_wconf 75' lang='grc' dir='ltr'>ἀνάγκη</span> <span class='ocrx_word' id='word_1_140' title='bbox 903 1855 957 1913; x_wconf 87' lang='grc' dir='ltr'>τοῖς</span> 
     </span>
    </p>

    <p class='ocr_par' dir='ltr' id='par_1_19' title="bbox 177 1931 957 2014">
     <span class='ocr_line' id='line_1_19' title="bbox 177 1931 957 2014; baseline 0.008 -26"><span class='ocrx_word' id='word_1_141' title='bbox 177 1960 191 1988; x_wconf 90' lang='grc' dir='ltr'>ιι</span> <span class='ocrx_word' id='word_1_142' title='bbox 206 1933 340 2013; x_wconf 77' lang='grc' dir='ltr'>μάχεσθαι</span> <span class='ocrx_word' id='word_1_143' title='bbox 354 1933 533 2012; x_wconf 88' lang='grc' dir='ltr'>βουλομένοις,</span> <span class='ocrx_word' id='word_1_144' title='bbox 549 1931 611 2014; x_wconf 75' lang='grc' dir='ltr'>πρὶν</span> <span class='ocrx_word' id='word_1_145' title='bbox 622 1932 743 2001; x_wconf 74' lang='grc' dir='ltr'>ἐξετάσαι</span> <span class='ocrx_word' id='word_1_146' title='bbox 755 1933 819 2013; x_wconf 81' lang='grc' dir='ltr'>πρὸς</span> <span class='ocrx_word' id='word_1_147' title='bbox 829 1934 871 2000; x_wconf 85' lang='grc' dir='ltr'>οθς</span> <span class='ocrx_word' id='word_1_148' title='bbox 880 1936 957 2008; x_wconf 72' lang='grc' dir='ltr'>ποι-ό·</span> 
     </span>
    </p>

    <p class='ocr_par' dir='ltr' id='par_1_20' title="bbox 176 2022 956 2103">
     <span class='ocr_line' id='line_1_20' title="bbox 176 2022 956 2103; baseline 0.001 -22"><span class='ocrx_word' id='word_1_149' title='bbox 176 2046 190 2073; x_wconf 79' lang='grc' dir='ltr'>ι</span> <span class='ocrx_word' id='word_1_150' title='bbox 204 2043 295 2082; x_wconf 86' lang='grc' dir='ltr'>σονται</span> <span class='ocrx_word' id='word_1_151' title='bbox 319 2022 368 2094; x_wconf 72' lang='grc' dir='ltr'>τὴν</span> <span class='ocrx_word' id='word_1_152' title='bbox 390 2024 494 2103; x_wconf 77' lang='grc' dir='ltr'>μάχην.</span> <span class='ocrx_word' id='word_1_153' title='bbox 510 2025 604 2083; x_wconf 79' lang='grc' dir='ltr'>Ταῦτα</span> <span class='ocrx_word' id='word_1_154' title='bbox 627 2022 834 2099; x_wconf 72' lang='grc' dir='ltr'>ἐνθυμούμενος,</span> <span class='ocrx_word' id='word_1_155' title='bbox 850 2023 876 2081; x_wconf 84' lang='grc' dir='ltr'>εἴ</span> <span class='ocrx_word' id='word_1_156' title='bbox 888 2047 956 2091; x_wconf 88' lang='grc' dir='ltr'>τινος</span> 
     </span>
    </p>

    <p class='ocr_par' dir='ltr' id='par_1_21' title="bbox 122 2108 956 2189">
     <span class='ocr_line' id='line_1_21' title="bbox 122 2108 956 2189; baseline 0.005 -21"><span class='ocrx_word' id='word_1_157' title='bbox 122 2128 150 2168; x_wconf 81' lang='grc' dir='ltr'>το</span> <span class='ocrx_word' id='word_1_158' title='bbox 177 2135 190 2161; x_wconf 87' lang='grc' dir='ltr'>ιι</span> <span class='ocrx_word' id='word_1_159' title='bbox 205 2110 250 2189; x_wconf 83' lang='grc' dir='ltr'>δέῃ</span> <span class='ocrx_word' id='word_1_160' title='bbox 268 2113 321 2168; x_wconf 87' lang='grc' dir='ltr'>τῶν</span> <span class='ocrx_word' id='word_1_161' title='bbox 335 2110 486 2188; x_wconf 78' lang='grc' dir='ltr'>ἡμιτέρων,</span> <span class='ocrx_word' id='word_1_162' title='bbox 506 2108 669 2185; x_wconf 72' lang='grc' dir='ltr'>ἀποθέμενος</span> <span class='ocrx_word' id='word_1_163' title='bbox 681 2109 728 2177; x_wconf 78' lang='grc' dir='ltr'>τάς</span> <span class='ocrx_word' id='word_1_164' title='bbox 740 2111 849 2178; x_wconf 79' lang='grc' dir='ltr'>α’πειλθς</span> <span class='ocrx_word' id='word_1_165' title='bbox 866 2111 912 2170; x_wconf 79' lang='grc' dir='ltr'>καὶ</span> <span class='ocrx_word' id='word_1_166' title='bbox 927 2114 956 2172; x_wconf 86' lang='grc' dir='ltr'>τὸ</span> 
     </span>
    </p>

    <p class='ocr_par' dir='ltr' id='par_1_22' title="bbox 176 2197 953 2280">
     <span class='ocr_line' id='line_1_22' title="bbox 176 2197 953 2280; baseline 0.008 -28"><span class='ocrx_word' id='word_1_167' title='bbox 176 2224 190 2252; x_wconf 88' lang='grc' dir='ltr'>ι</span> <span class='ocrx_word' id='word_1_168' title='bbox 208 2198 345 2278; x_wconf 83' lang='grc' dir='ltr'>βασιλικὸν</span> <span class='ocrx_word' id='word_1_169' title='bbox 355 2198 466 2278; x_wconf 75' lang='grc' dir='ltr'>αὔχημα</span> <span class='ocrx_word' id='word_1_170' title='bbox 477 2197 649 2274; x_wconf 86' lang='grc' dir='ltr'>καταόαλὼν,</span> <span class='ocrx_word' id='word_1_171' title='bbox 664 2200 697 2258; x_wconf 78' lang='grc' dir='ltr'>ἴθι</span> <span class='ocrx_word' id='word_1_172' title='bbox 707 2199 771 2277; x_wconf 80' lang='grc' dir='ltr'>πρὸς</span> <span class='ocrx_word' id='word_1_173' title='bbox 782 2199 829 2272; x_wconf 78' lang='grc' dir='ltr'>τὴν</span> <span class='ocrx_word' id='word_1_174' title='bbox 845 2200 953 2280; x_wconf 74' lang='grc' dir='ltr'>βουλὴν,</span> 
     </span>
    </p>

    <p class='ocr_par' dir='ltr' id='par_1_23' title="bbox 176 2286 956 2369">
     <span class='ocr_line' id='line_1_23' title="bbox 176 2286 956 2369; baseline 0.001 -24"><span class='ocrx_word' id='word_1_175' title='bbox 176 2314 189 2339; x_wconf 88' lang='grc' dir='ltr'>ιι</span> <span class='ocrx_word' id='word_1_176' title='bbox 205 2287 250 2345; x_wconf 77' lang='grc' dir='ltr'>καλ</span> <span class='ocrx_word' id='word_1_177' title='bbox 268 2287 376 2347; x_wconf 71' lang='grc' dir='ltr'>δίδασκε</span> <span class='ocrx_word' id='word_1_178' title='bbox 389 2288 436 2347; x_wconf 87' lang='grc' dir='ltr'>καὶ</span> <span class='ocrx_word' id='word_1_179' title='bbox 451 2293 527 2347; x_wconf 86' lang='grc' dir='ltr'>πεῖθε</span> <span class='ocrx_word' id='word_1_180' title='bbox 543 2286 602 2356; x_wconf 77' lang='grc' dir='ltr'>τοὺς</span> <span class='ocrx_word' id='word_1_181' title='bbox 622 2289 780 2369; x_wconf 76' lang='grc' dir='ltr'>συνέδρους,</span> <span class='ocrx_word' id='word_1_182' title='bbox 797 2293 833 2355; x_wconf 83' lang='grc' dir='ltr'>ὡς</span> <span class='ocrx_word' id='word_1_183' title='bbox 854 2290 956 2356; x_wconf 81' lang='grc' dir='ltr'>οὐδενὸς</span> 
     </span>
    </p>

    <p class='ocr_par' dir='ltr' id='par_1_24' title="bbox 176 2374 956 2456">
     <span class='ocr_line' id='line_1_24' title="bbox 176 2374 956 2456; baseline 0.009 -27"><span class='ocrx_word' id='word_1_184' title='bbox 176 2402 190 2429; x_wconf 88' lang='grc' dir='ltr'>ιι</span> <span class='ocrx_word' id='word_1_185' title='bbox 204 2374 365 2456; x_wconf 78' lang='grc' dir='ltr'>άτυχήσων,</span> <span class='ocrx_word' id='word_1_186' title='bbox 384 2374 444 2436; x_wconf 79' lang='grc' dir='ltr'>οὔτε</span> <span class='ocrx_word' id='word_1_187' title='bbox 462 2379 514 2435; x_wconf 83' lang='grc' dir='ltr'>τῶν</span> <span class='ocrx_word' id='word_1_188' title='bbox 538 2376 649 2436; x_wconf 82' lang='grc' dir='ltr'>δικαίων</span> <span class='ocrx_word' id='word_1_189' title='bbox 671 2376 730 2437; x_wconf 81' lang='grc' dir='ltr'>οὔτε</span> <span class='ocrx_word' id='word_1_190' title='bbox 752 2382 804 2436; x_wconf 82' lang='grc' dir='ltr'>τῶν</span> <span class='ocrx_word' id='word_1_191' title='bbox 820 2379 956 2454; x_wconf 83' lang='grc' dir='ltr'>ιύγνωμό·</span> 
     </span>
    </p>

    <p class='ocr_par' dir='ltr' id='par_1_25' title="bbox 177 2464 411 2527">
     <span class='ocr_line' id='line_1_25' title="bbox 177 2464 411 2527; baseline 0.021 -5"><span class='ocrx_word' id='word_1_192' title='bbox 177 2488 265 2526; x_wconf 89' lang='grc' dir='ltr'>ιινων.</span> <span class='ocrx_word' id='word_1_193' title='bbox 278 2490 292 2517; x_wconf 79' lang='grc' dir='ltr'>υ</span> <span class='ocrx_word' id='word_1_194' title='bbox 305 2464 411 2527; x_wconf 76' lang='lat' dir='ltr'>Ambr.</span> 
     </span>
    </p>

    <p class='ocr_par' dir='ltr' id='par_1_26' title="bbox 122 2551 955 2634">
     <span class='ocr_line' id='line_1_26' title="bbox 122 2551 955 2634; baseline 0.006 -23"><span class='ocrx_word' id='word_1_195' title='bbox 122 2572 150 2611; x_wconf 81' lang='lat' dir='ltr'>so</span> <span class='ocrx_word' id='word_1_196' title='bbox 215 2554 266 2614; x_wconf 82' lang='lat' dir='ltr'>xl.</span> <span class='ocrx_word' id='word_1_197' title='bbox 287 2553 350 2634; x_wconf 84' lang='lat'>(18,</span> <span class='ocrx_word' id='word_1_198' title='bbox 372 2554 401 2634; x_wconf 85' lang='lat' dir='ltr'>l)</span> <span class='ocrx_word' id='word_1_199' title='bbox 427 2553 580 2621; x_wconf 82' lang='grc' dir='ltr'>Λαόένιοςό</span> <span class='ocrx_word' id='word_1_200' title='bbox 601 2551 743 2630; x_wconf 77' lang='grc' dir='ltr'>Ῥωμαίων</span> <span class='ocrx_word' id='word_1_201' title='bbox 758 2553 856 2622; x_wconf 79' lang='grc' dir='ltr'>ύπατσς</span> <span class='ocrx_word' id='word_1_202' title='bbox 870 2556 955 2616; x_wconf 87' lang='grc' dir='ltr'>κατά·</span> 
     </span>
    </p>

    <p class='ocr_par' dir='ltr' id='par_1_27' title="bbox 175 2642 953 2722">
     <span class='ocr_line' id='line_1_27' title="bbox 175 2642 953 2722; baseline 0.006 -22"><span class='ocrx_word' id='word_1_203' title='bbox 175 2664 272 2703; x_wconf 90' lang='grc' dir='ltr'>σκοπον</span> <span class='ocrx_word' id='word_1_204' title='bbox 292 2650 338 2703; x_wconf 77' lang='grc' dir='ltr'>τοῦ</span> <span class='ocrx_word' id='word_1_205' title='bbox 353 2644 458 2722; x_wconf 87' lang='grc' dir='ltr'>Πύρρου</span> <span class='ocrx_word' id='word_1_206' title='bbox 478 2642 630 2715; x_wconf 80' lang='grc' dir='ltr'>συλλαόὼν,</span> <span class='ocrx_word' id='word_1_207' title='bbox 653 2642 699 2701; x_wconf 79' lang='grc' dir='ltr'>καὶ</span> <span class='ocrx_word' id='word_1_208' title='bbox 724 2644 888 2713; x_wconf 79' lang='grc' dir='ltr'>καθοπλίσας</span> <span class='ocrx_word' id='word_1_209' title='bbox 904 2647 953 2718; x_wconf 72' lang='grc' dir='ltr'>τήν</span> 
     </span>
    </p>

    <p class='ocr_par' dir='ltr' id='par_1_28' title="bbox 175 2730 955 2810">
     <span class='ocr_line' id='line_1_28' title="bbox 175 2730 955 2810; baseline 0.008 -21"><span class='ocrx_word' id='word_1_210' title='bbox 175 2732 301 2810; x_wconf 75' lang='grc' dir='ltr'>στρατιὰν</span> <span class='ocrx_word' id='word_1_211' title='bbox 313 2740 404 2791; x_wconf 74' lang='grc' dir='ltr'>πᾶσαν</span> <span class='ocrx_word' id='word_1_212' title='bbox 424 2730 470 2789; x_wconf 76' lang='grc' dir='ltr'>καὶ</span> <span class='ocrx_word' id='word_1_213' title='bbox 487 2733 523 2799; x_wconf 76' lang='grc' dir='ltr'>εἰς</span> <span class='ocrx_word' id='word_1_214' title='bbox 539 2731 612 2801; x_wconf 76' lang='grc' dir='ltr'>τάξιν</span> <span class='ocrx_word' id='word_1_215' title='bbox 626 2732 814 2805; x_wconf 79' lang='grc' dir='ltr'>καταστήσας,</span> <span class='ocrx_word' id='word_1_216' title='bbox 837 2736 873 2801; x_wconf 82' lang='grc' dir='ltr'>ὡς</span> <span class='ocrx_word' id='word_1_217' title='bbox 895 2736 955 2796; x_wconf 80' lang='grc' dir='ltr'>έπέ-</span> 
     </span>
    </p>

    <p class='ocr_par' dir='ltr' id='par_1_29' title="bbox 175 2818 953 2902">
     <span class='ocr_line' id='line_1_29' title="bbox 175 2818 953 2902; baseline 0.005 -26"><span class='ocrx_word' id='word_1_218' title='bbox 175 2818 241 2888; x_wconf 79' lang='grc' dir='ltr'>διιξε</span> <span class='ocrx_word' id='word_1_219' title='bbox 264 2824 302 2899; x_wconf 79' lang='grc' dir='ltr'>τῷ</span> <span class='ocrx_word' id='word_1_220' title='bbox 333 2820 512 2901; x_wconf 81' lang='grc' dir='ltr'>κατασκόπῳ,</span> <span class='ocrx_word' id='word_1_221' title='bbox 539 2821 646 2902; x_wconf 77' lang='grc' dir='ltr'>φράζειν</span> <span class='ocrx_word' id='word_1_222' title='bbox 672 2819 793 2880; x_wconf 75' lang='grc' dir='ltr'>έκελευσε</span> <span class='ocrx_word' id='word_1_223' title='bbox 819 2823 885 2901; x_wconf 84' lang='grc' dir='ltr'>πρὸς</span> <span class='ocrx_word' id='word_1_224' title='bbox 909 2822 953 2882; x_wconf 89' lang='grc' dir='ltr'>τδν</span> 
     </span>
    </p>

    <p class='ocr_par' dir='ltr' id='par_1_30' title="bbox 175 2902 954 2989">
     <span class='ocr_line' id='line_1_30' title="bbox 175 2902 954 2989; baseline 0.009 -26"><span class='ocrx_word' id='word_1_225' title='bbox 175 2906 371 2966; x_wconf 74' lang='grc' dir='ltr'>άπαστειλαντα</span> <span class='ocrx_word' id='word_1_226' title='bbox 395 2914 484 2965; x_wconf 78' lang='grc' dir='ltr'>πᾶσαν</span> <span class='ocrx_word' id='word_1_227' title='bbox 514 2908 562 2978; x_wconf 77' lang='grc' dir='ltr'>τὴν</span> <span class='ocrx_word' id='word_1_228' title='bbox 578 2908 719 2979; x_wconf 69' lang='grc' dir='ltr'>ἀλήθειαν,</span> <span class='ocrx_word' id='word_1_229' title='bbox 749 2909 793 2968; x_wconf 85' lang='grc' dir='ltr'>καλ</span> <span class='ocrx_word' id='word_1_230' title='bbox 825 2910 889 2989; x_wconf 82' lang='grc' dir='ltr'>πρὸς</span> <span class='ocrx_word' id='word_1_231' title='bbox 916 2902 954 2977; x_wconf 76' lang='grc' dir='ltr'>οἷς</span> 
     </span>
    </p>

    <p class='ocr_par' dir='ltr' id='par_1_31' title="bbox 122 2994 955 3073">
     <span class='ocr_line' id='line_1_31' title="bbox 122 2994 955 3073; baseline 0.011 -23"><span class='ocrx_word' id='word_1_232' title='bbox 122 3010 150 3050; x_wconf 74' lang='lat' dir='ltr'>eo</span> <span class='ocrx_word' id='word_1_233' title='bbox 175 2995 301 3054; x_wconf 81' lang='grc' dir='ltr'>θθεάσατυ</span> <span class='ocrx_word' id='word_1_234' title='bbox 325 2994 425 3072; x_wconf 81' lang='grc' dir='ltr'>λέγειν,</span> <span class='ocrx_word' id='word_1_235' title='bbox 450 2995 489 3053; x_wconf 91' lang='grc' dir='ltr'>ότι</span> <span class='ocrx_word' id='word_1_236' title='bbox 516 2994 641 3063; x_wconf 81' lang='grc' dir='ltr'>Λαόίνιος</span> <span class='ocrx_word' id='word_1_237' title='bbox 662 2995 836 3073; x_wconf 82' lang='grc' dir='ltr'>όῬωμαέων</span> <span class='ocrx_word' id='word_1_238' title='bbox 856 2999 955 3068; x_wconf 74' lang='grc' dir='ltr'>ὕπατος</span> 
     </span>
    </p>

    <p class='ocr_par' dir='ltr' id='par_1_32' title="bbox 176 3081 954 3163">
     <span class='ocr_line' id='line_1_32' title="bbox 176 3081 954 3163; baseline 0.006 -22"><span class='ocrx_word' id='word_1_239' title='bbox 176 3081 252 3142; x_wconf 84' lang='grc' dir='ltr'>αύτθν</span> <span class='ocrx_word' id='word_1_240' title='bbox 267 3084 419 3162; x_wconf 87' lang='grc' dir='ltr'>παρακαλεῖ</span> <span class='ocrx_word' id='word_1_241' title='bbox 432 3083 470 3160; x_wconf 84' lang='grc' dir='ltr'>μὴ</span> <span class='ocrx_word' id='word_1_242' title='bbox 490 3084 574 3162; x_wconf 81' lang='grc' dir='ltr'>λάθρα</span> <span class='ocrx_word' id='word_1_243' title='bbox 594 3086 709 3162; x_wconf 80' lang='grc' dir='ltr'>πέμπειν</span> <span class='ocrx_word' id='word_1_244' title='bbox 725 3086 827 3163; x_wconf 73' lang='grc' dir='ltr'>ἐτέρους</span> <span class='ocrx_word' id='word_1_245' title='bbox 843 3086 881 3144; x_wconf 89' lang='grc' dir='ltr'>έτι</span> <span class='ocrx_word' id='word_1_246' title='bbox 895 3088 954 3155; x_wconf 80' lang='grc' dir='ltr'>τοὺς</span> 
     </span>
    </p>

    <p class='ocr_par' dir='ltr' id='par_1_33' title="bbox 174 3173 954 3340">
     <span class='ocr_line' id='line_1_33' title="bbox 174 3173 954 3254; baseline 0.006 -25"><span class='ocrx_word' id='word_1_247' title='bbox 174 3173 436 3253; x_wconf 72' lang='grc' dir='ltr'>κατασκεψομένους,</span> <span class='ocrx_word' id='word_1_248' title='bbox 462 3173 521 3230; x_wconf 73' lang='grc' dir='ltr'>ἀλλ’</span> <span class='ocrx_word' id='word_1_249' title='bbox 538 3173 616 3231; x_wconf 80' lang='grc' dir='ltr'>αὐτὸν</span> <span class='ocrx_word' id='word_1_250' title='bbox 630 3174 737 3231; x_wconf 79' lang='grc' dir='ltr'>ἐλθόντα</span> <span class='ocrx_word' id='word_1_251' title='bbox 759 3180 876 3254; x_wconf 79' lang='grc' dir='ltr'>φανερῶς</span> <span class='ocrx_word' id='word_1_252' title='bbox 892 3177 954 3234; x_wconf 76' lang='grc' dir='ltr'>ἰδεῖν</span> 
     </span>
     <span class='ocr_line' id='line_1_34' title="bbox 174 3260 856 3340; baseline 0.006 -20"><span class='ocrx_word' id='word_1_253' title='bbox 174 3262 264 3320; x_wconf 82' lang='grc' dir='ltr'>τεκαὶ</span> <span class='ocrx_word' id='word_1_254' title='bbox 282 3267 373 3340; x_wconf 82' lang='grc' dir='ltr'>μαθεῖν</span> <span class='ocrx_word' id='word_1_255' title='bbox 386 3262 434 3333; x_wconf 73' lang='grc' dir='ltr'>τὴν</span> <span class='ocrx_word' id='word_1_256' title='bbox 452 3260 596 3338; x_wconf 85' lang='grc' dir='ltr'>Ῥωμαίων</span> <span class='ocrx_word' id='word_1_257' title='bbox 617 3260 737 3337; x_wconf 89' lang='grc' dir='ltr'>δύναμιν.</span> <span class='ocrx_word' id='word_1_258' title='bbox 753 3264 856 3324; x_wconf 77' lang='lat' dir='ltr'>Alllbr.</span> 
     </span>
    </p>

    <p class='ocr_par' dir='ltr' id='par_1_34' title="bbox 217 3349 954 3432">
     <span class='ocr_line' id='line_1_35' title="bbox 217 3349 954 3432; baseline -0.001 -19"><span class='ocrx_word' id='word_1_259' title='bbox 217 3353 285 3413; x_wconf 73' lang='lat' dir='ltr'>Xll.</span> <span class='ocrx_word' id='word_1_260' title='bbox 311 3351 378 3428; x_wconf 85' lang='lat' dir='ltr'>(l8,</span> <span class='ocrx_word' id='word_1_261' title='bbox 398 3352 432 3432; x_wconf 66' lang='lat'>⁸2)</span> <span class='ocrx_word' id='word_1_262' title='bbox 460 3349 535 3431; x_wconf 71' lang='grc' dir='ltr'>Ἀνήρ</span> <span class='ocrx_word' id='word_1_263' title='bbox 556 3375 594 3416; x_wconf 90' lang='grc' dir='ltr'>τις</span> <span class='ocrx_word' id='word_1_264' title='bbox 616 3350 748 3419; x_wconf 76' lang='grc' dir='ltr'>Ὀόλάκυς</span> <span class='ocrx_word' id='word_1_265' title='bbox 763 3351 864 3430; x_wconf 86' lang='grc' dir='ltr'>ὄνομα,</span> <span class='ocrx_word' id='word_1_266' title='bbox 880 3355 954 3414; x_wconf 83' lang='grc' dir='ltr'>Οὐλ-</span> 
     </span>
    </p>

    <p class='ocr_par' dir='ltr' id='par_1_35' title="bbox 123 3439 952 3522">
     <span class='ocr_line' id='line_1_36' title="bbox 123 3439 952 3522; baseline 0 -23"><span class='ocrx_word' id='word_1_267' title='bbox 123 3457 150 3499; x_wconf 76' lang='lat' dir='ltr'>ts</span> <span class='ocrx_word' id='word_1_268' title='bbox 177 3439 256 3508; x_wconf 84' lang='grc' dir='ltr'>σίνιος</span> <span class='ocrx_word' id='word_1_269' title='bbox 278 3440 433 3515; x_wconf 82' lang='grc' dir='ltr'>ἐπίκλησιν,</span> <span class='ocrx_word' id='word_1_270' title='bbox 457 3446 503 3498; x_wconf 81' lang='grc' dir='ltr'>τοῦ</span> <span class='ocrx_word' id='word_1_271' title='bbox 526 3442 700 3521; x_wconf 80' lang='grc' dir='ltr'>Φερεντανῶν</span> <span class='ocrx_word' id='word_1_272' title='bbox 723 3441 809 3508; x_wconf 84' lang='grc' dir='ltr'>έθυους</span> <span class='ocrx_word' id='word_1_273' title='bbox 832 3442 952 3522; x_wconf 79' lang='grc' dir='ltr'>ἡγεμὼν,</span> 
     </span>
    </p>

    <p class='ocr_par' dir='ltr' id='par_1_36' title="bbox 175 3529 952 3610">
     <span class='ocr_line' id='line_1_37' title="bbox 175 3529 952 3610; baseline 0.001 -23"><span class='ocrx_word' id='word_1_274' title='bbox 175 3532 243 3607; x_wconf 83' lang='grc' dir='ltr'>όρῶν</span> <span class='ocrx_word' id='word_1_275' title='bbox 260 3529 304 3586; x_wconf 83' lang='grc' dir='ltr'>τὸν</span> <span class='ocrx_word' id='word_1_276' title='bbox 321 3530 425 3607; x_wconf 87' lang='grc' dir='ltr'>Πύρραν</span> <span class='ocrx_word' id='word_1_277' title='bbox 438 3531 466 3587; x_wconf 83' lang='grc' dir='ltr'>οὐ</span> <span class='ocrx_word' id='word_1_278' title='bbox 482 3530 545 3604; x_wconf 84' lang='grc' dir='ltr'>μίαν</span> <span class='ocrx_word' id='word_1_279' title='bbox 563 3532 658 3608; x_wconf 75' lang='grc' dir='ltr'>ἔχοντα</span> <span class='ocrx_word' id='word_1_280' title='bbox 672 3533 782 3610; x_wconf 85' lang='grc' dir='ltr'>στάσιν,</span> <span class='ocrx_word' id='word_1_281' title='bbox 799 3530 868 3589; x_wconf 74' lang='grc' dir='ltr'>ἀλλὰ</span> <span class='ocrx_word' id='word_1_282' title='bbox 887 3540 952 3591; x_wconf 79' lang='grc' dir='ltr'>πᾶσι</span> 
     </span>
    </p>

    <p class='ocr_par' dir='ltr' id='par_1_37' title="bbox 175 3617 954 3699">
     <span class='ocr_line' id='line_1_38' title="bbox 175 3617 954 3699; baseline 0.005 -25"><span class='ocrx_word' id='word_1_283' title='bbox 175 3618 228 3684; x_wconf 83' lang='grc' dir='ltr'>τοῖς</span> <span class='ocrx_word' id='word_1_284' title='bbox 255 3618 414 3697; x_wconf 81' lang='grc' dir='ltr'>μαχομένοις</span> <span class='ocrx_word' id='word_1_285' title='bbox 446 3617 523 3685; x_wconf 78' lang='grc' dir='ltr'>ὀξέως</span> <span class='ocrx_word' id='word_1_286' title='bbox 561 3617 782 3698; x_wconf 78' lang='grc' dir='ltr'>ἐπιφαινόμενον,</span> <span class='ocrx_word' id='word_1_287' title='bbox 814 3629 954 3699; x_wconf 75' lang='grc' dir='ltr'>προσεῖχεν</span> 
     </span>
    </p>

    <p class='ocr_par' dir='ltr' id='par_1_38' title="bbox 176 3707 954 3790">
     <span class='ocr_line' id='line_1_39' title="bbox 176 3707 954 3790; baseline 0 -24"><span class='ocrx_word' id='word_1_288' title='bbox 176 3707 267 3790; x_wconf 76' lang='grc' dir='ltr'>ἐκείνῳ</span> <span class='ocrx_word' id='word_1_289' title='bbox 282 3708 353 3787; x_wconf 82' lang='grc' dir='ltr'>μόνῳ</span> <span class='ocrx_word' id='word_1_290' title='bbox 368 3709 411 3767; x_wconf 82' lang='grc' dir='ltr'>τὸν</span> <span class='ocrx_word' id='word_1_291' title='bbox 427 3712 501 3780; x_wconf 80' lang='grc' dir='ltr'>νοῦν,</span> <span class='ocrx_word' id='word_1_292' title='bbox 516 3707 563 3766; x_wconf 81' lang='grc' dir='ltr'>καὶ</span> <span class='ocrx_word' id='word_1_293' title='bbox 577 3708 636 3766; x_wconf 91' lang='grc' dir='ltr'>όποι</span> <span class='ocrx_word' id='word_1_294' title='bbox 649 3709 811 3787; x_wconf 89' lang='grc' dir='ltr'>παριππεύοι</span> <span class='ocrx_word' id='word_1_295' title='bbox 831 3708 874 3768; x_wconf 77' lang='grc' dir='ltr'>τόν</span> <span class='ocrx_word' id='word_1_296' title='bbox 890 3710 954 3767; x_wconf 86' lang='grc' dir='ltr'>ἴδιον</span> 
     </span>
    </p>

    <p class='ocr_par' dir='ltr' id='par_1_39' title="bbox 177 3795 953 3876">
     <span class='ocr_line' id='line_1_40' title="bbox 177 3795 953 3876; baseline 0.003 -22"><span class='ocrx_word' id='word_1_297' title='bbox 177 3801 355 3876; x_wconf 82' lang='grc' dir='ltr'>ἀντιπαρῆγεν</span> <span class='ocrx_word' id='word_1_298' title='bbox 371 3795 468 3855; x_wconf 79' lang='grc' dir='ltr'>ἵππον·</span> <span class='ocrx_word' id='word_1_299' title='bbox 484 3797 531 3854; x_wconf 76' lang='grc' dir='ltr'>καί</span> <span class='ocrx_word' id='word_1_300' title='bbox 545 3820 583 3863; x_wconf 88' lang='grc' dir='ltr'>τις</span> <span class='ocrx_word' id='word_1_301' title='bbox 601 3795 661 3855; x_wconf 81' lang='grc' dir='ltr'>ἰδὼν</span> <span class='ocrx_word' id='word_1_302' title='bbox 674 3796 752 3855; x_wconf 83' lang='grc' dir='ltr'>αὐτὸν</span> <span class='ocrx_word' id='word_1_303' title='bbox 765 3801 816 3855; x_wconf 84' lang='grc' dir='ltr'>τῶν</span> <span class='ocrx_word' id='word_1_304' title='bbox 829 3797 896 3873; x_wconf 87' lang='grc' dir='ltr'>μετθι</span> <span class='ocrx_word' id='word_1_305' title='bbox 909 3804 953 3856; x_wconf 73' lang='grc' dir='ltr'>τοῦ</span> 
     </span>
    </p>

    <p class='ocr_par' dir='ltr' id='par_1_40' title="bbox 123 3883 951 3966">
     <span class='ocr_line' id='line_1_41' title="bbox 123 3883 951 3966; baseline -0.004 -18"><span class='ocrx_word' id='word_1_306' title='bbox 123 3909 150 3948; x_wconf 80' lang='lat' dir='ltr'>lo</span> <span class='ocrx_word' id='word_1_307' title='bbox 178 3887 320 3964; x_wconf 79' lang='grc' dir='ltr'>βασιλέως,</span> <span class='ocrx_word' id='word_1_308' title='bbox 353 3887 496 3952; x_wconf 86' lang='grc' dir='ltr'>Λεοννάτος</span> <span class='ocrx_word' id='word_1_309' title='bbox 526 3887 677 3966; x_wconf 80' lang='grc' dir='ltr'>Λεοφάντου</span> <span class='ocrx_word' id='word_1_310' title='bbox 709 3883 860 3957; x_wconf 84' lang='grc' dir='ltr'>Μακεδὼν,</span> <span class='ocrx_word' id='word_1_311' title='bbox 887 3889 951 3945; x_wconf 88' lang='grc' dir='ltr'>ὑπο-</span> 
     </span>
    </p>

    <p class='ocr_par' dir='ltr' id='par_1_41' title="bbox 176 3970 952 4054">
     <span class='ocr_line' id='line_1_42' title="bbox 176 3970 952 4054; baseline -0.004 -23"><span class='ocrx_word' id='word_1_312' title='bbox 176 3974 264 4031; x_wconf 84' lang='grc' dir='ltr'>πτεύει</span> <span class='ocrx_word' id='word_1_313' title='bbox 277 3994 305 4029; x_wconf 90' lang='grc' dir='ltr'>τε</span> <span class='ocrx_word' id='word_1_314' title='bbox 323 3972 369 4030; x_wconf 83' lang='grc' dir='ltr'>καλ</span> <span class='ocrx_word' id='word_1_315' title='bbox 386 3972 471 4041; x_wconf 78' lang='grc' dir='ltr'>δείξας</span> <span class='ocrx_word' id='word_1_316' title='bbox 486 3976 525 4054; x_wconf 82' lang='grc' dir='ltr'>τῷ</span> <span class='ocrx_word' id='word_1_317' title='bbox 540 3972 640 4054; x_wconf 79' lang='grc' dir='ltr'>Πύρρῳ</span> <span class='ocrx_word' id='word_1_318' title='bbox 655 3970 741 4048; x_wconf 88' lang='grc' dir='ltr'>λέγει·</span> <span class='ocrx_word' id='word_1_319' title='bbox 765 3998 777 4024; x_wconf 88' lang='grc' dir='ltr'>ιι</span> <span class='ocrx_word' id='word_1_320' title='bbox 794 3971 896 4031; x_wconf 76' lang='grc' dir='ltr'>Τοῦτον</span> <span class='ocrx_word' id='word_1_321' title='bbox 909 3972 952 4031; x_wconf 80' lang='grc' dir='ltr'>τόν</span> 
     </span>
    </p>

    <p class='ocr_par' dir='ltr' id='par_1_42' title="bbox 176 4059 954 4141">
     <span class='ocr_line' id='line_1_43' title="bbox 176 4059 954 4141; baseline 0.01 -28"><span class='ocrx_word' id='word_1_322' title='bbox 176 4089 189 4113; x_wconf 89' lang='grc' dir='ltr'>ιι</span> <span class='ocrx_word' id='word_1_323' title='bbox 206 4061 287 4138; x_wconf 85' lang='grc' dir='ltr'>ἄνδρα</span> <span class='ocrx_word' id='word_1_324' title='bbox 312 4062 463 4140; x_wconf 85' lang='grc' dir='ltr'>φυλάττου,</span> <span class='ocrx_word' id='word_1_325' title='bbox 485 4062 612 4139; x_wconf 80' lang='grc' dir='ltr'>βασιλεῦ·</span> <span class='ocrx_word' id='word_1_326' title='bbox 631 4059 793 4136; x_wconf 76' lang='grc' dir='ltr'>πολεμιστὴς</span> <span class='ocrx_word' id='word_1_327' title='bbox 809 4059 861 4141; x_wconf 74' lang='grc' dir='ltr'>γάρ</span> <span class='ocrx_word' id='word_1_328' title='bbox 877 4061 954 4139; x_wconf 85' lang='grc' dir='ltr'>άκρος</span> 
     </span>
    </p>

    <p class='ocr_par' dir='ltr' id='par_1_43' title="bbox 177 4147 955 4228">
     <span class='ocr_line' id='line_1_44' title="bbox 177 4147 955 4228; baseline 0.009 -26"><span class='ocrx_word' id='word_1_329' title='bbox 177 4178 189 4202; x_wconf 90' lang='grc' dir='ltr'>ιι</span> <span class='ocrx_word' id='word_1_330' title='bbox 205 4149 249 4209; x_wconf 78' lang='grc' dir='ltr'>καὶ</span> <span class='ocrx_word' id='word_1_331' title='bbox 263 4151 309 4206; x_wconf 83' lang='grc' dir='ltr'>ούκ</span> <span class='ocrx_word' id='word_1_332' title='bbox 321 4153 360 4228; x_wconf 79' lang='grc' dir='ltr'>ἐφ’</span> <span class='ocrx_word' id='word_1_333' title='bbox 378 4150 560 4223; x_wconf 84' lang='grc' dir='ltr'>ἑνθςέστηκὼς</span> <span class='ocrx_word' id='word_1_334' title='bbox 576 4150 659 4208; x_wconf 88' lang='grc' dir='ltr'>τόπου</span> <span class='ocrx_word' id='word_1_335' title='bbox 672 4149 805 4228; x_wconf 72' lang='grc' dir='ltr'>μάχεται,</span> <span class='ocrx_word' id='word_1_336' title='bbox 819 4147 847 4208; x_wconf 83' lang='grc' dir='ltr'>σὲ</span> <span class='ocrx_word' id='word_1_337' title='bbox 865 4151 892 4208; x_wconf 85' lang='grc' dir='ltr'>δὲ</span> <span class='ocrx_word' id='word_1_338' title='bbox 905 4174 955 4209; x_wconf 87' lang='grc' dir='ltr'>πα·</span> 
     </span>
    </p>

    <p class='ocr_par' dir='ltr' id='par_1_44' title="bbox 178 4237 953 4318">
     <span class='ocr_line' id='line_1_45' title="bbox 178 4237 953 4318; baseline 0.008 -26"><span class='ocrx_word' id='word_1_339' title='bbox 178 4267 189 4292; x_wconf 89' lang='grc' dir='ltr'>ιι</span> <span class='ocrx_word' id='word_1_340' title='bbox 207 4245 312 4317; x_wconf 85' lang='grc' dir='ltr'>ρατηρεῖ</span> <span class='ocrx_word' id='word_1_341' title='bbox 325 4239 370 4296; x_wconf 84' lang='grc' dir='ltr'>καὶ</span> <span class='ocrx_word' id='word_1_342' title='bbox 384 4237 492 4297; x_wconf 85' lang='grc' dir='ltr'>τέτακεν</span> <span class='ocrx_word' id='word_1_343' title='bbox 510 4241 552 4298; x_wconf 79' lang='grc' dir='ltr'>ἐπὶ</span> <span class='ocrx_word' id='word_1_344' title='bbox 567 4238 608 4299; x_wconf 73' lang='grc' dir='ltr'>σοὶ</span> <span class='ocrx_word' id='word_1_345' title='bbox 625 4238 670 4297; x_wconf 83' lang='grc' dir='ltr'>τὸν</span> <span class='ocrx_word' id='word_1_346' title='bbox 685 4243 752 4296; x_wconf 77' lang='grc' dir='ltr'>νοῦν.</span> <span class='ocrx_word' id='word_1_347' title='bbox 770 4265 782 4290; x_wconf 82' lang='grc' dir='ltr'>υ</span> <span class='ocrx_word' id='word_1_348' title='bbox 800 4238 840 4318; x_wconf 85' lang='grc'>(3)</span> <span class='ocrx_word' id='word_1_349' title='bbox 858 4241 913 4299; x_wconf 78' lang='grc' dir='ltr'>Τοῦ</span> <span class='ocrx_word' id='word_1_350' title='bbox 927 4239 953 4298; x_wconf 79' lang='grc' dir='ltr'>δέ</span> 
     </span>
    </p>

    <p class='ocr_par' dir='ltr' id='par_1_45' title="bbox 123 4317 952 4406">
     <span class='ocr_line' id='line_1_46' title="bbox 123 4317 952 4406; baseline 0.001 -20"><span class='ocrx_word' id='word_1_351' title='bbox 123 4349 149 4386; x_wconf 84' lang='grc' dir='ltr'>ιι</span> <span class='ocrx_word' id='word_1_352' title='bbox 177 4325 305 4405; x_wconf 77' lang='grc' dir='ltr'>βασιλέως</span> <span class='ocrx_word' id='word_1_353' title='bbox 320 4326 446 4403; x_wconf 86' lang='grc' dir='ltr'>λέγοντος·</span> <span class='ocrx_word' id='word_1_354' title='bbox 463 4358 475 4381; x_wconf 88' lang='grc' dir='ltr'>ιι</span> <span class='ocrx_word' id='word_1_355' title='bbox 488 4328 522 4388; x_wconf 83' lang='grc' dir='ltr'>Τί</span> <span class='ocrx_word' id='word_1_356' title='bbox 537 4330 560 4387; x_wconf 84' lang='grc' dir='ltr'>δ’</span> <span class='ocrx_word' id='word_1_357' title='bbox 575 4328 606 4386; x_wconf 84' lang='grc' dir='ltr'>οἷν</span> <span class='ocrx_word' id='word_1_358' title='bbox 622 4352 654 4405; x_wconf 90' lang='grc' dir='ltr'>με</span> <span class='ocrx_word' id='word_1_359' title='bbox 667 4327 784 4406; x_wconf 83' lang='grc' dir='ltr'>δράσειεν</span> <span class='ocrx_word' id='word_1_360' title='bbox 800 4317 837 4394; x_wconf 77' lang='grc' dir='ltr'>εἷς</span> <span class='ocrx_word' id='word_1_361' title='bbox 852 4324 888 4384; x_wconf 80' lang='grc' dir='ltr'>ὢν</span> <span class='ocrx_word' id='word_1_362' title='bbox 908 4352 952 4387; x_wconf 92' lang='grc' dir='ltr'>το-</span> 
     </span>
    </p>

    <p class='ocr_par' dir='ltr' id='par_1_46' title="bbox 177 4416 954 4496">
     <span class='ocr_line' id='line_1_47' title="bbox 177 4416 954 4496; baseline 0.003 -23"><span class='ocrx_word' id='word_1_363' title='bbox 177 4445 188 4466; x_wconf 84' lang='grc' dir='ltr'>ιι</span> <span class='ocrx_word' id='word_1_364' title='bbox 205 4417 310 4481; x_wconf 84' lang='grc' dir='ltr'>σούτους</span> <span class='ocrx_word' id='word_1_365' title='bbox 330 4416 425 4494; x_wconf 74' lang='grc' dir='ltr'>ἔχοντα</span> <span class='ocrx_word' id='word_1_366' title='bbox 440 4418 499 4496; x_wconf 78' lang='grc' dir='ltr'>περὶ</span> <span class='ocrx_word' id='word_1_367' title='bbox 515 4417 628 4495; x_wconf 86' lang='grc' dir='ltr'>ἐμαυτόν</span> <span class='ocrx_word' id='word_1_368' title='bbox 638 4441 646 4490; x_wconf 91' lang='lat'>;</span> <span class='ocrx_word' id='word_1_369' title='bbox 657 4416 703 4476; x_wconf 85' lang='grc' dir='ltr'>καί</span> <span class='ocrx_word' id='word_1_370' title='bbox 715 4440 741 4474; x_wconf 90' lang='grc' dir='ltr'>τι</span> <span class='ocrx_word' id='word_1_371' title='bbox 756 4417 802 4474; x_wconf 80' lang='grc' dir='ltr'>καλ</span> <span class='ocrx_word' id='word_1_372' title='bbox 816 4440 954 4476; x_wconf 56' lang='grc' dir='ltr'>νεανιευοκ</span> 
     </span>
    </p>

    <p class='ocr_par' dir='ltr' id='par_1_47' title="bbox 177 4506 953 4588">
     <span class='ocr_line' id='line_1_48' title="bbox 177 4506 953 4588; baseline 0 -25"><span class='ocrx_word' id='word_1_373' title='bbox 177 4534 188 4557; x_wconf 93' lang='grc' dir='ltr'>ιι</span> <span class='ocrx_word' id='word_1_374' title='bbox 205 4506 283 4581; x_wconf 86' lang='grc' dir='ltr'>μένου</span> <span class='ocrx_word' id='word_1_375' title='bbox 298 4507 358 4583; x_wconf 80' lang='grc' dir='ltr'>περὶ</span> <span class='ocrx_word' id='word_1_376' title='bbox 373 4509 419 4574; x_wconf 74' lang='grc' dir='ltr'>τῆς</span> <span class='ocrx_word' id='word_1_377' title='bbox 440 4508 533 4565; x_wconf 64' lang='grc' dir='ltr'>ἑαυτοῦ</span> <span class='ocrx_word' id='word_1_378' title='bbox 551 4507 660 4588; x_wconf 78' lang='grc' dir='ltr'>ῥώμης,</span> <span class='ocrx_word' id='word_1_379' title='bbox 677 4510 722 4581; x_wconf 76' lang='grc' dir='ltr'>ύις,</span> <span class='ocrx_word' id='word_1_380' title='bbox 740 4507 762 4564; x_wconf 85' lang='grc' dir='ltr'>εἷ</span> <span class='ocrx_word' id='word_1_381' title='bbox 775 4506 819 4564; x_wconf 83' lang='grc' dir='ltr'>καλ</span> <span class='ocrx_word' id='word_1_382' title='bbox 836 4507 953 4565; x_wconf 89' lang='grc' dir='ltr'>συνέλθοι</span> 
     </span>
    </p>

    <p class='ocr_par' dir='ltr' id='par_1_48' title="bbox 176 4593 951 4673">
     <span class='ocr_line' id='line_1_49' title="bbox 176 4593 951 4673; baseline 0.009 -26"><span class='ocrx_word' id='word_1_383' title='bbox 176 4623 189 4647; x_wconf 94' lang='grc' dir='ltr'>ιι</span> <span class='ocrx_word' id='word_1_384' title='bbox 203 4595 267 4673; x_wconf 77' lang='grc' dir='ltr'>πρὸς</span> <span class='ocrx_word' id='word_1_385' title='bbox 282 4594 328 4652; x_wconf 77' lang='grc' dir='ltr'>ἕνα</span> <span class='ocrx_word' id='word_1_386' title='bbox 342 4593 430 4670; x_wconf 85' lang='grc' dir='ltr'>μόνος,</span> <span class='ocrx_word' id='word_1_387' title='bbox 443 4597 490 4652; x_wconf 83' lang='grc' dir='ltr'>οὐκ</span> <span class='ocrx_word' id='word_1_388' title='bbox 502 4595 606 4654; x_wconf 86' lang='grc' dir='ltr'>άπεισιν</span> <span class='ocrx_word' id='word_1_389' title='bbox 616 4595 702 4654; x_wconf 81' lang='grc' dir='ltr'>ὀπίσω</span> <span class='ocrx_word' id='word_1_390' title='bbox 713 4594 826 4673; x_wconf 76' lang='grc' dir='ltr'>χαίρειν,</span> <span class='ocrx_word' id='word_1_391' title='bbox 839 4621 851 4646; x_wconf 78' lang='grc' dir='ltr'>ν</span> <span class='ocrx_word' id='word_1_392' title='bbox 862 4594 951 4654; x_wconf 86' lang='grc' dir='ltr'>λαόὼν</span> 
     </span>
    </p>

    <p class='ocr_par' dir='ltr' id='par_1_49' title="bbox 175 4683 953 4763">
     <span class='ocr_line' id='line_1_50' title="bbox 175 4683 953 4763; baseline 0.003 -20"><span class='ocrx_word' id='word_1_393' title='bbox 175 4683 203 4743; x_wconf 86' lang='grc' dir='ltr'>δν</span> <span class='ocrx_word' id='word_1_394' title='bbox 219 4684 327 4760; x_wconf 76' lang='grc' dir='ltr'>ἀνέμενε</span> <span class='ocrx_word' id='word_1_395' title='bbox 348 4684 439 4763; x_wconf 75' lang='grc' dir='ltr'>καιρόν</span> <span class='ocrx_word' id='word_1_396' title='bbox 468 4687 482 4742; x_wconf 88' lang='grc' dir='ltr'>ό</span> <span class='ocrx_word' id='word_1_397' title='bbox 508 4685 670 4763; x_wconf 81' lang='grc' dir='ltr'>Φερεντανθς</span> <span class='ocrx_word' id='word_1_398' title='bbox 696 4684 828 4751; x_wconf 81' lang='grc' dir='ltr'>Ὀόλάκος</span> <span class='ocrx_word' id='word_1_399' title='bbox 850 4686 953 4745; x_wconf 82' lang='grc' dir='ltr'>ἐλαύνει</span> 
     </span>
    </p>

    <p class='ocr_par' dir='ltr' id='par_1_50' title="bbox 121 4772 952 4854">
     <span class='ocr_line' id='line_1_51' title="bbox 121 4772 952 4854; baseline 0.002 -23"><span class='ocrx_word' id='word_1_400' title='bbox 121 4794 148 4831; x_wconf 81' lang='lat' dir='ltr'>no</span> <span class='ocrx_word' id='word_1_401' title='bbox 176 4772 221 4831; x_wconf 80' lang='grc' dir='ltr'>σύν</span> <span class='ocrx_word' id='word_1_402' title='bbox 241 4784 294 4840; x_wconf 85' lang='grc' dir='ltr'>τοῖς</span> <span class='ocrx_word' id='word_1_403' title='bbox 316 4776 375 4852; x_wconf 75' lang='grc' dir='ltr'>περὶ</span> <span class='ocrx_word' id='word_1_404' title='bbox 391 4773 469 4832; x_wconf 76' lang='grc' dir='ltr'>αὗτθν</span> <span class='ocrx_word' id='word_1_405' title='bbox 495 4776 530 4839; x_wconf 80' lang='grc' dir='ltr'>εἰς</span> <span class='ocrx_word' id='word_1_406' title='bbox 555 4774 638 4850; x_wconf 84' lang='grc' dir='ltr'>μέσην</span> <span class='ocrx_word' id='word_1_407' title='bbox 653 4774 700 4847; x_wconf 80' lang='grc' dir='ltr'>τὴν</span> <span class='ocrx_word' id='word_1_408' title='bbox 719 4773 859 4854; x_wconf 80' lang='grc' dir='ltr'>βασιλικὴν</span> <span class='ocrx_word' id='word_1_409' title='bbox 878 4774 952 4846; x_wconf 88' lang='grc' dir='ltr'>ἴλην·</span> 
     </span>
    </p>

    <p class='ocr_par' dir='ltr' id='par_1_51' title="bbox 176 4862 951 4942">
     <span class='ocr_line' id='line_1_52' title="bbox 176 4862 951 4942; baseline 0.004 -24"><span class='ocrx_word' id='word_1_410' title='bbox 176 4862 301 4942; x_wconf 75' lang='grc' dir='ltr'>διακόψας</span> <span class='ocrx_word' id='word_1_411' title='bbox 317 4862 344 4920; x_wconf 77' lang='grc' dir='ltr'>δέ</span> <span class='ocrx_word' id='word_1_412' title='bbox 363 4862 393 4920; x_wconf 88' lang='grc' dir='ltr'>τθ</span> <span class='ocrx_word' id='word_1_413' title='bbox 412 4863 500 4942; x_wconf 82' lang='grc' dir='ltr'>στέφος</span> <span class='ocrx_word' id='word_1_414' title='bbox 524 4866 575 4920; x_wconf 80' lang='grc' dir='ltr'>τῶν</span> <span class='ocrx_word' id='word_1_415' title='bbox 592 4863 667 4942; x_wconf 78' lang='grc' dir='ltr'>πέριξ</span> <span class='ocrx_word' id='word_1_416' title='bbox 690 4865 792 4922; x_wconf 77' lang='grc' dir='ltr'>ἱππέων</span> <span class='ocrx_word' id='word_1_417' title='bbox 817 4865 860 4922; x_wconf 79' lang='grc' dir='ltr'>ἐπ’</span> <span class='ocrx_word' id='word_1_418' title='bbox 874 4865 951 4922; x_wconf 83' lang='grc' dir='ltr'>αὐτὸν</span> 
     </span>
    </p>

    <p class='ocr_par' dir='ltr' id='par_1_52' title="bbox 175 4950 953 5032">
     <span class='ocr_line' id='line_1_53' title="bbox 175 4950 953 5032; baseline 0.005 -27"><span class='ocrx_word' id='word_1_419' title='bbox 175 4950 280 5028; x_wconf 79' lang='grc' dir='ltr'>ἐφέρετο</span> <span class='ocrx_word' id='word_1_420' title='bbox 308 4952 352 5008; x_wconf 68' lang='grc' dir='ltr'>τὀν</span> <span class='ocrx_word' id='word_1_421' title='bbox 383 4954 511 5028; x_wconf 84' lang='grc' dir='ltr'>βασιλέα,</span> <span class='ocrx_word' id='word_1_422' title='bbox 541 4952 676 5010; x_wconf 77' lang='grc' dir='ltr'>διαλαθὼν</span> <span class='ocrx_word' id='word_1_423' title='bbox 704 4950 867 5032; x_wconf 79' lang='grc' dir='ltr'>ἀμφοτέραις</span> <span class='ocrx_word' id='word_1_424' title='bbox 896 4962 953 5017; x_wconf 87' lang='grc' dir='ltr'>ταῖς</span> 
     </span>
    </p>

    <p class='ocr_par' dir='ltr' id='par_1_53' title="bbox 174 5037 952 5118">
     <span class='ocr_line' id='line_1_54' title="bbox 174 5037 952 5118; baseline 0.008 -26"><span class='ocrx_word' id='word_1_425' title='bbox 174 5038 250 5114; x_wconf 69' lang='grc' dir='ltr'>χερσὶ</span> <span class='ocrx_word' id='word_1_426' title='bbox 264 5037 294 5096; x_wconf 85' lang='grc' dir='ltr'>τθ</span> <span class='ocrx_word' id='word_1_427' title='bbox 309 5040 386 5115; x_wconf 83' lang='grc' dir='ltr'>δόρυ·</span> <span class='ocrx_word' id='word_1_428' title='bbox 401 5039 469 5096; x_wconf 78' lang='grc' dir='ltr'>κατὰ</span> <span class='ocrx_word' id='word_1_429' title='bbox 484 5038 528 5096; x_wconf 83' lang='grc' dir='ltr'>τὸν</span> <span class='ocrx_word' id='word_1_430' title='bbox 544 5041 621 5096; x_wconf 83' lang='grc' dir='ltr'>αὐτὸν</span> <span class='ocrx_word' id='word_1_431' title='bbox 638 5038 665 5098; x_wconf 77' lang='grc' dir='ltr'>δέ</span> <span class='ocrx_word' id='word_1_432' title='bbox 680 5041 774 5118; x_wconf 75' lang='grc' dir='ltr'>χρόνον</span> <span class='ocrx_word' id='word_1_433' title='bbox 786 5044 800 5098; x_wconf 82' lang='grc' dir='ltr'>θ</span> <span class='ocrx_word' id='word_1_434' title='bbox 811 5041 859 5114; x_wconf 85' lang='grc' dir='ltr'>μὲν</span> <span class='ocrx_word' id='word_1_435' title='bbox 871 5045 952 5100; x_wconf 88' lang='grc' dir='ltr'>Λεον-</span> 
     </span>
    </p>

    <p class='ocr_par' dir='ltr' id='par_1_54' title="bbox 174 5124 952 5208">
     <span class='ocr_line' id='line_1_55' title="bbox 174 5124 952 5208; baseline 0.01 -28"><span class='ocrx_word' id='word_1_436' title='bbox 174 5124 264 5199; x_wconf 89' lang='grc' dir='ltr'>τάνος,</span> <span class='ocrx_word' id='word_1_437' title='bbox 281 5129 295 5182; x_wconf 92' lang='grc' dir='ltr'>ό</span> <span class='ocrx_word' id='word_1_438' title='bbox 309 5125 442 5202; x_wconf 87' lang='grc' dir='ltr'>προειπὼν</span> <span class='ocrx_word' id='word_1_439' title='bbox 469 5129 508 5208; x_wconf 79' lang='grc' dir='ltr'>τῷ</span> <span class='ocrx_word' id='word_1_440' title='bbox 533 5126 631 5207; x_wconf 85' lang='grc' dir='ltr'>ΙΙύρρῳ</span> <span class='ocrx_word' id='word_1_441' title='bbox 653 5129 831 5207; x_wconf 86' lang='grc' dir='ltr'>φυλάττεσθαι</span> <span class='ocrx_word' id='word_1_442' title='bbox 847 5129 890 5187; x_wconf 87' lang='grc' dir='ltr'>τὸν</span> <span class='ocrx_word' id='word_1_443' title='bbox 905 5130 952 5188; x_wconf 85' lang='grc' dir='ltr'>άν-</span> 
     </span>
    </p>
   </div>
   <div class='ocr_carea' id='block_1_3' title="bbox 701 299 1274 365">
    <p class='ocr_par' dir='ltr' id='par_1_55' title="bbox 701 299 1274 365">
     <span class='ocr_line' id='line_1_56' title="bbox 701 299 1274 365; baseline 0.003 -4"><span class='ocrx_word' id='word_1_444' title='bbox 701 299 872 363; x_wconf 85' lang='lat' dir='ltr'>DlONYSll</span> <span class='ocrx_word' id='word_1_445' title='bbox 896 300 1274 365; x_wconf 76' lang='lat' dir='ltr'>HALlCARNASSENSlS</span> 
     </span>
    </p>
   </div>
   <div class='ocr_carea' id='block_1_4' title="bbox 1011 442 1806 2365">
    <p class='ocr_par' dir='ltr' id='par_1_56' title="bbox 1011 442 1806 2365">
     <span class='ocr_line' id='line_1_57' title="bbox 1014 442 1805 511; baseline 0.016 -24"><span class='ocrx_word' id='word_1_446' title='bbox 1014 462 1027 487; x_wconf 88' lang='grc' dir='ltr'>ι</span> <span class='ocrx_word' id='word_1_447' title='bbox 1042 442 1164 505; x_wconf 72' lang='lat' dir='ltr'>iudicium</span> <span class='ocrx_word' id='word_1_448' title='bbox 1179 445 1283 508; x_wconf 71' lang='lat' dir='ltr'>eiusque</span> <span class='ocrx_word' id='word_1_449' title='bbox 1293 443 1403 495; x_wconf 87' lang='lat' dir='ltr'>hominis</span> <span class='ocrx_word' id='word_1_450' title='bbox 1412 443 1548 510; x_wconf 81' lang='lat' dir='ltr'>proprium,</span> <span class='ocrx_word' id='word_1_451' title='bbox 1560 444 1605 511; x_wconf 92' lang='lat' dir='ltr'>qul</span> <span class='ocrx_word' id='word_1_452' title='bbox 1621 443 1805 500; x_wconf 69' lang='lat' dir='ltr'>adversarium</span> 
     </span>
     <span class='ocr_line' id='line_1_58' title="bbox 1013 539 1806 605; baseline 0.005 -16"><span class='ocrx_word' id='word_1_453' title='bbox 1013 558 1026 582; x_wconf 84' lang='grc' dir='ltr'>ι</span> <span class='ocrx_word' id='word_1_454' title='bbox 1044 553 1093 590; x_wconf 86' lang='grc' dir='ltr'>που</span> <span class='ocrx_word' id='word_1_455' title='bbox 1104 539 1180 590; x_wconf 82' lang='lat' dir='ltr'>novit.</span> <span class='ocrx_word' id='word_1_456' title='bbox 1193 541 1226 602; x_wconf 81' lang='lat' dir='ltr'>(t)</span> <span class='ocrx_word' id='word_1_457' title='bbox 1237 543 1416 591; x_wconf 76' lang='lat' dir='ltr'>Verumtamen</span> <span class='ocrx_word' id='word_1_458' title='bbox 1429 553 1474 591; x_wconf 91' lang='lat' dir='ltr'>nos</span> <span class='ocrx_word' id='word_1_459' title='bbox 1484 539 1552 591; x_wconf 77' lang='lat' dir='ltr'>houd</span> <span class='ocrx_word' id='word_1_460' title='bbox 1562 540 1649 592; x_wconf 86' lang='lat' dir='ltr'>verbis</span> <span class='ocrx_word' id='word_1_461' title='bbox 1661 541 1708 593; x_wconf 88' lang='lat' dir='ltr'>sed</span> <span class='ocrx_word' id='word_1_462' title='bbox 1723 541 1806 605; x_wconf 81' lang='lat' dir='ltr'>operi</span> 
     </span>
     <span class='ocr_line' id='line_1_59' title="bbox 1013 635 1804 702; baseline 0.013 -21"><span class='ocrx_word' id='word_1_463' title='bbox 1013 652 1026 679; x_wconf 89' lang='grc' dir='ltr'>ιι</span> <span class='ocrx_word' id='word_1_464' title='bbox 1043 635 1091 685; x_wconf 84' lang='lat' dir='ltr'>bus</span> <span class='ocrx_word' id='word_1_465' title='bbox 1101 636 1191 700; x_wconf 85' lang='lat' dir='ltr'>punire</span> <span class='ocrx_word' id='word_1_466' title='bbox 1200 635 1284 687; x_wconf 83' lang='lat' dir='ltr'>hostes</span> <span class='ocrx_word' id='word_1_467' title='bbox 1294 636 1411 688; x_wconf 86' lang='lat' dir='ltr'>solemus.</span> <span class='ocrx_word' id='word_1_468' title='bbox 1424 637 1457 699; x_wconf 76' lang='lat' dir='ltr'>(nl</span> <span class='ocrx_word' id='word_1_469' title='bbox 1466 639 1551 701; x_wconf 81' lang='lat' dir='ltr'>Neque</span> <span class='ocrx_word' id='word_1_470' title='bbox 1561 635 1638 702; x_wconf 77' lang='lat' dir='ltr'>lpitur</span> <span class='ocrx_word' id='word_1_471' title='bbox 1653 640 1679 690; x_wconf 92' lang='lat' dir='ltr'>te</span> <span class='ocrx_word' id='word_1_472' title='bbox 1686 638 1804 701; x_wconf 81' lang='lat' dir='ltr'>judioern</span> 
     </span>
     <span class='ocr_line' id='line_1_60' title="bbox 1013 734 1802 799; baseline 0.005 -14"><span class='ocrx_word' id='word_1_473' title='bbox 1013 755 1027 779; x_wconf 84' lang='grc' dir='ltr'>ιι</span> <span class='ocrx_word' id='word_1_474' title='bbox 1044 735 1149 786; x_wconf 81' lang='lat' dir='ltr'>lecimus</span> <span class='ocrx_word' id='word_1_475' title='bbox 1162 748 1257 796; x_wconf 84' lang='lat' dir='ltr'>eorum,</span> <span class='ocrx_word' id='word_1_476' title='bbox 1269 735 1301 786; x_wconf 89' lang='lat' dir='ltr'>de</span> <span class='ocrx_word' id='word_1_477' title='bbox 1313 736 1405 799; x_wconf 83' lang='lat' dir='ltr'>quibus</span> <span class='ocrx_word' id='word_1_478' title='bbox 1419 734 1490 786; x_wconf 87' lang='lat' dir='ltr'>nobis</span> <span class='ocrx_word' id='word_1_479' title='bbox 1504 737 1674 788; x_wconf 84' lang='lat' dir='ltr'>oontroversis</span> <span class='ocrx_word' id='word_1_480' title='bbox 1687 742 1730 789; x_wconf 90' lang='lat' dir='ltr'>est</span> <span class='ocrx_word' id='word_1_481' title='bbox 1742 752 1802 789; x_wconf 85' lang='lat' dir='ltr'>euru</span> 
     </span>
     <span class='ocr_line' id='line_1_61' title="bbox 1013 831 1800 894; baseline 0.014 -17"><span class='ocrx_word' id='word_1_482' title='bbox 1013 831 1191 894; x_wconf 72' lang='lat' dir='ltr'>«Tarentinis,</span> <span class='ocrx_word' id='word_1_483' title='bbox 1213 834 1259 883; x_wconf 83' lang='lat' dir='ltr'>eut</span> <span class='ocrx_word' id='word_1_484' title='bbox 1280 845 1337 883; x_wconf 87' lang='lat' dir='ltr'>eum</span> <span class='ocrx_word' id='word_1_485' title='bbox 1359 832 1515 885; x_wconf 81' lang='lat' dir='ltr'>Samnitibus</span> <span class='ocrx_word' id='word_1_486' title='bbox 1534 837 1579 886; x_wconf 83' lang='lat' dir='ltr'>unt</span> <span class='ocrx_word' id='word_1_487' title='bbox 1599 835 1657 886; x_wconf 86' lang='lat' dir='ltr'>eltis</span> <span class='ocrx_word' id='word_1_488' title='bbox 1678 837 1800 889; x_wconf 77' lang='lat' dir='ltr'><strong>hostibus</strong></span> 
     </span>
     <span class='ocr_line' id='line_1_62' title="bbox 1015 927 1802 995; baseline 0.014 -21"><span class='ocrx_word' id='word_1_489' title='bbox 1015 951 1027 974; x_wconf 88' lang='grc' dir='ltr'>ιι</span> <span class='ocrx_word' id='word_1_490' title='bbox 1043 943 1125 995; x_wconf 87' lang='lat' dir='ltr'>neque</span> <span class='ocrx_word' id='word_1_491' title='bbox 1141 927 1227 979; x_wconf 79' lang='lat' dir='ltr'>domni</span> <span class='ocrx_word' id='word_1_492' title='bbox 1245 927 1351 992; x_wconf 78' lang='lat' dir='ltr'>alicujus</span> <span class='ocrx_word' id='word_1_493' title='bbox 1365 928 1504 980; x_wconf 74' lang='lat' dir='ltr'>ostimsndi</span> <span class='ocrx_word' id='word_1_494' title='bbox 1522 929 1661 994; x_wconf 67' lang='lat' dir='ltr'>arbitrum</span> <span class='ocrx_word' id='word_1_495' title='bbox 1680 933 1729 983; x_wconf 87' lang='lat' dir='ltr'>sed</span> <span class='ocrx_word' id='word_1_496' title='bbox 1746 947 1802 985; x_wconf 88' lang='lat' dir='ltr'>nos·</span> 
     </span>
     <span class='ocr_line' id='line_1_63' title="bbox 1013 1027 1801 1098; baseline 0.014 -25"><span class='ocrx_word' id='word_1_497' title='bbox 1013 1049 1026 1073; x_wconf 82' lang='grc' dir='ltr'>ι</span> <span class='ocrx_word' id='word_1_498' title='bbox 1043 1029 1090 1080; x_wconf 86' lang='lat' dir='ltr'>tris</span> <span class='ocrx_word' id='word_1_499' title='bbox 1101 1028 1214 1093; x_wconf 87' lang='lat' dir='ltr'>ipsorum</span> <span class='ocrx_word' id='word_1_500' title='bbox 1223 1028 1299 1078; x_wconf 86' lang='lat' dir='ltr'>ermis</span> <span class='ocrx_word' id='word_1_501' title='bbox 1309 1040 1411 1079; x_wconf 76' lang='lat' dir='ltr'>mussm</span> <span class='ocrx_word' id='word_1_502' title='bbox 1422 1027 1593 1092; x_wconf 89' lang='lat' dir='ltr'>deoernernus,</span> <span class='ocrx_word' id='word_1_503' title='bbox 1603 1044 1745 1096; x_wconf 71' lang='lat' dir='ltr'>penesque</span> <span class='ocrx_word' id='word_1_504' title='bbox 1756 1046 1801 1098; x_wconf 93' lang='lat' dir='ltr'>pro</span> 
     </span>
     <span class='ocr_line' id='line_1_64' title="bbox 1014 1125 1800 1191; baseline 0.014 -21"><span class='ocrx_word' id='word_1_505' title='bbox 1014 1146 1027 1170; x_wconf 92' lang='grc' dir='ltr'>ι</span> <span class='ocrx_word' id='word_1_506' title='bbox 1046 1125 1118 1176; x_wconf 90' lang='lat' dir='ltr'>libitu</span> <span class='ocrx_word' id='word_1_507' title='bbox 1134 1125 1268 1189; x_wconf 78' lang='lat' dir='ltr'>exigemus.</span> <span class='ocrx_word' id='word_1_508' title='bbox 1286 1125 1321 1190; x_wconf 79' lang='lat' dir='ltr'>(o)</span> <span class='ocrx_word' id='word_1_509' title='bbox 1340 1127 1379 1176; x_wconf 78' lang='lat' dir='ltr'>lte</span> <span class='ocrx_word' id='word_1_510' title='bbox 1399 1125 1516 1186; x_wconf 81' lang='lat' dir='ltr'>monitus,</span> <span class='ocrx_word' id='word_1_511' title='bbox 1537 1126 1617 1177; x_wconf 79' lang='lat' dir='ltr'>tostis</span> <span class='ocrx_word' id='word_1_512' title='bbox 1640 1141 1692 1179; x_wconf 91' lang='lat' dir='ltr'>non</span> <span class='ocrx_word' id='word_1_513' title='bbox 1704 1128 1800 1191; x_wconf 76' lang='lat' dir='ltr'>iudicis</span> 
     </span>
     <span class='ocr_line' id='line_1_65' title="bbox 1014 1223 1802 1290; baseline 0.011 -19"><span class='ocrx_word' id='word_1_514' title='bbox 1014 1244 1028 1269; x_wconf 89' lang='grc' dir='ltr'>ι</span> <span class='ocrx_word' id='word_1_515' title='bbox 1045 1223 1248 1274; x_wconf 82' lang='lat' dir='ltr'>vultumexhibe.</span> <span class='ocrx_word' id='word_1_516' title='bbox 1282 1225 1353 1275; x_wconf 83' lang='lat' dir='ltr'>Nune</span> <span class='ocrx_word' id='word_1_517' title='bbox 1362 1224 1429 1290; x_wconf 92' lang='lat' dir='ltr'>qnod</span> <span class='ocrx_word' id='word_1_518' title='bbox 1439 1224 1529 1276; x_wconf 74' lang='lat' dir='ltr'>attinet</span> <span class='ocrx_word' id='word_1_519' title='bbox 1537 1224 1567 1275; x_wconf 85' lang='lat' dir='ltr'>sd</span> <span class='ocrx_word' id='word_1_520' title='bbox 1577 1225 1701 1290; x_wconf 73' lang='lat' dir='ltr'>iniustum</span> <span class='ocrx_word' id='word_1_521' title='bbox 1711 1231 1802 1281; x_wconf 82' lang='lat' dir='ltr'>ooutrs</span> 
     </span>
     <span class='ocr_line' id='line_1_66' title="bbox 1014 1321 1801 1389; baseline 0.005 -17"><span class='ocrx_word' id='word_1_522' title='bbox 1014 1343 1026 1366; x_wconf 90' lang='grc' dir='ltr'>ιι</span> <span class='ocrx_word' id='word_1_523' title='bbox 1042 1336 1087 1373; x_wconf 87' lang='lat' dir='ltr'>nos</span> <span class='ocrx_word' id='word_1_524' title='bbox 1105 1337 1121 1373; x_wconf 87' lang='lat' dir='ltr'>s</span> <span class='ocrx_word' id='word_1_525' title='bbox 1140 1326 1166 1374; x_wconf 86' lang='lat' dir='ltr'>te</span> <span class='ocrx_word' id='word_1_526' title='bbox 1188 1323 1241 1388; x_wconf 87' lang='lat' dir='ltr'>ipso</span> <span class='ocrx_word' id='word_1_527' title='bbox 1262 1324 1365 1383; x_wconf 83' lang='lat' dir='ltr'>tectum,</span> <span class='ocrx_word' id='word_1_528' title='bbox 1386 1321 1444 1374; x_wconf 84' lang='lat' dir='ltr'>ride</span> <span class='ocrx_word' id='word_1_529' title='bbox 1462 1321 1588 1374; x_wconf 77' lang='lat' dir='ltr'>solvende</span> <span class='ocrx_word' id='word_1_530' title='bbox 1605 1325 1713 1375; x_wconf 78' lang='lat' dir='ltr'>mulotes</span> <span class='ocrx_word' id='word_1_531' title='bbox 1734 1338 1801 1389; x_wconf 85' lang='lat' dir='ltr'>quos</span> 
     </span>
     <span class='ocr_line' id='line_1_67' title="bbox 1014 1419 1800 1485; baseline 0.004 -15"><span class='ocrx_word' id='word_1_532' title='bbox 1014 1440 1026 1463; x_wconf 81' lang='grc' dir='ltr'>ι</span> <span class='ocrx_word' id='word_1_533' title='bbox 1042 1433 1173 1485; x_wconf 79' lang='lat' dir='ltr'>sponsores</span> <span class='ocrx_word' id='word_1_534' title='bbox 1182 1420 1307 1472; x_wconf 79' lang='lat' dir='ltr'>exhibens.</span> <span class='ocrx_word' id='word_1_535' title='bbox 1316 1419 1800 1485; x_wconf 64' lang='lat' dir='ltr'>smumue&#39;rsrentlnosnequeraeleros</span> 
     </span>
     <span class='ocr_line' id='line_1_68' title="bbox 1014 1516 1800 1583; baseline 0.008 -16"><span class='ocrx_word' id='word_1_536' title='bbox 1014 1536 1026 1560; x_wconf 85' lang='grc' dir='ltr'>ι</span> <span class='ocrx_word' id='word_1_537' title='bbox 1043 1516 1128 1568; x_wconf 86' lang='lat' dir='ltr'>hostes</span> <span class='ocrx_word' id='word_1_538' title='bbox 1141 1521 1239 1569; x_wconf 88' lang='lat' dir='ltr'>nostros</span> <span class='ocrx_word' id='word_1_539' title='bbox 1257 1517 1344 1568; x_wconf 82' lang='lat' dir='ltr'>eredes</span> <span class='ocrx_word' id='word_1_540' title='bbox 1358 1529 1430 1580; x_wconf 81' lang='lat' dir='ltr'>oque</span> <span class='ocrx_word' id='word_1_541' title='bbox 1439 1517 1496 1579; x_wconf 77' lang='lat' dir='ltr'>jure</span> <span class='ocrx_word' id='word_1_542' title='bbox 1512 1522 1620 1569; x_wconf 82' lang='lat' dir='ltr'>eeteros.</span> <span class='ocrx_word' id='word_1_543' title='bbox 1632 1522 1670 1583; x_wconf 71' lang='lat'>(7)</span> <span class='ocrx_word' id='word_1_544' title='bbox 1684 1521 1763 1579; x_wconf 86' lang='lat' dir='ltr'>Quod</span> <span class='ocrx_word' id='word_1_545' title='bbox 1778 1521 1800 1573; x_wconf 86' lang='lat' dir='ltr'>sl</span> 
     </span>
     <span class='ocr_line' id='line_1_69' title="bbox 1014 1614 1801 1679; baseline 0.009 -16"><span class='ocrx_word' id='word_1_546' title='bbox 1014 1635 1027 1658; x_wconf 89' lang='grc' dir='ltr'>ι</span> <span class='ocrx_word' id='word_1_547' title='bbox 1041 1615 1142 1665; x_wconf 88' lang='lat' dir='ltr'>omnino</span> <span class='ocrx_word' id='word_1_548' title='bbox 1159 1615 1253 1666; x_wconf 81' lang='lat' dir='ltr'>bellurn</span> <span class='ocrx_word' id='word_1_549' title='bbox 1269 1617 1355 1665; x_wconf 79' lang='lat' dir='ltr'>eontra</span> <span class='ocrx_word' id='word_1_550' title='bbox 1367 1628 1413 1663; x_wconf 92' lang='lat' dir='ltr'>nos</span> <span class='ocrx_word' id='word_1_551' title='bbox 1431 1614 1558 1679; x_wconf 73' lang='lat' dir='ltr'>suscipere</span> <span class='ocrx_word' id='word_1_552' title='bbox 1569 1614 1717 1679; x_wconf 80' lang='lat' dir='ltr'>decrevisti,</span> <span class='ocrx_word' id='word_1_553' title='bbox 1737 1619 1801 1670; x_wconf 84' lang='lat' dir='ltr'>seito</span> 
     </span>
     <span class='ocr_line' id='line_1_70' title="bbox 1015 1712 1800 1779; baseline 0.009 -17"><span class='ocrx_word' id='word_1_554' title='bbox 1015 1734 1027 1757; x_wconf 89' lang='grc' dir='ltr'>ι</span> <span class='ocrx_word' id='word_1_555' title='bbox 1045 1712 1111 1764; x_wconf 88' lang='lat' dir='ltr'>idern</span> <span class='ocrx_word' id='word_1_556' title='bbox 1127 1718 1276 1767; x_wconf 82' lang='lat' dir='ltr'>eventurum</span> <span class='ocrx_word' id='word_1_557' title='bbox 1289 1728 1352 1776; x_wconf 89' lang='lat' dir='ltr'>esse,</span> <span class='ocrx_word' id='word_1_558' title='bbox 1373 1714 1441 1779; x_wconf 91' lang='lat' dir='ltr'>quod</span> <span class='ocrx_word' id='word_1_559' title='bbox 1458 1714 1490 1765; x_wconf 89' lang='lat' dir='ltr'>iis</span> <span class='ocrx_word' id='word_1_560' title='bbox 1509 1713 1627 1766; x_wconf 87' lang='lat' dir='ltr'>omnibus</span> <span class='ocrx_word' id='word_1_561' title='bbox 1643 1731 1694 1767; x_wconf 89' lang='lat' dir='ltr'>usu</span> <span class='ocrx_word' id='word_1_562' title='bbox 1714 1718 1800 1769; x_wconf 81' lang='lat' dir='ltr'>venire</span> 
     </span>
     <span class='ocr_line' id='line_1_71' title="bbox 1013 1812 1801 1878; baseline 0.006 -16"><span class='ocrx_word' id='word_1_563' title='bbox 1013 1831 1026 1855; x_wconf 89' lang='grc' dir='ltr'>ι</span> <span class='ocrx_word' id='word_1_564' title='bbox 1042 1827 1144 1865; x_wconf 87' lang='lat' dir='ltr'>neeesse</span> <span class='ocrx_word' id='word_1_565' title='bbox 1160 1816 1207 1874; x_wconf 90' lang='lat' dir='ltr'>est,</span> <span class='ocrx_word' id='word_1_566' title='bbox 1224 1812 1268 1878; x_wconf 89' lang='lat' dir='ltr'>qni</span> <span class='ocrx_word' id='word_1_567' title='bbox 1285 1815 1380 1863; x_wconf 81' lang='lat' dir='ltr'>sertore</span> <span class='ocrx_word' id='word_1_568' title='bbox 1400 1812 1495 1872; x_wconf 79' lang='lat' dir='ltr'>solunt,</span> <span class='ocrx_word' id='word_1_569' title='bbox 1517 1812 1664 1877; x_wconf 77' lang='lat' dir='ltr'>priusquam</span> <span class='ocrx_word' id='word_1_570' title='bbox 1682 1816 1801 1867; x_wconf 83' lang='lat' dir='ltr'>noverint</span> 
     </span>
     <span class='ocr_line' id='line_1_72' title="bbox 1013 1909 1801 1975; baseline 0.009 -15"><span class='ocrx_word' id='word_1_571' title='bbox 1013 1929 1026 1953; x_wconf 84' lang='grc' dir='ltr'>ι</span> <span class='ocrx_word' id='word_1_572' title='bbox 1040 1915 1128 1961; x_wconf 82' lang='lat' dir='ltr'>contre</span> <span class='ocrx_word' id='word_1_573' title='bbox 1138 1923 1199 1974; x_wconf 87' lang='lat' dir='ltr'>quos</span> <span class='ocrx_word' id='word_1_574' title='bbox 1211 1914 1336 1961; x_wconf 75' lang='lat' dir='ltr'>esttamen</span> <span class='ocrx_word' id='word_1_575' title='bbox 1348 1909 1463 1960; x_wconf 84' lang='lat' dir='ltr'>efficient.</span> <span class='ocrx_word' id='word_1_576' title='bbox 1477 1911 1512 1975; x_wconf 79' lang='grc' dir='ltr'>(θ)</span> <span class='ocrx_word' id='word_1_577' title='bbox 1524 1912 1585 1961; x_wconf 79' lang='lat' dir='ltr'>Hoc</span> <span class='ocrx_word' id='word_1_578' title='bbox 1598 1911 1643 1962; x_wconf 86' lang='lat' dir='ltr'>uhi</span> <span class='ocrx_word' id='word_1_579' title='bbox 1656 1913 1801 1966; x_wconf 83' lang='lat' dir='ltr'>considers-</span> 
     </span>
     <span class='ocr_line' id='line_1_73' title="bbox 1013 2006 1799 2075; baseline 0.01 -19"><span class='ocrx_word' id='word_1_580' title='bbox 1013 2026 1026 2051; x_wconf 89' lang='grc' dir='ltr'>ι</span> <span class='ocrx_word' id='word_1_581' title='bbox 1042 2009 1119 2067; x_wconf 85' lang='lat' dir='ltr'>veris,</span> <span class='ocrx_word' id='word_1_582' title='bbox 1142 2007 1241 2071; x_wconf 89' lang='lat' dir='ltr'>siquid</span> <span class='ocrx_word' id='word_1_583' title='bbox 1258 2021 1274 2056; x_wconf 84' lang='grc' dir='ltr'>α</span> <span class='ocrx_word' id='word_1_584' title='bbox 1295 2006 1367 2057; x_wconf 88' lang='lat' dir='ltr'>nobis</span> <span class='ocrx_word' id='word_1_585' title='bbox 1383 2020 1469 2058; x_wconf 88' lang='lat' dir='ltr'>rernm</span> <span class='ocrx_word' id='word_1_586' title='bbox 1488 2011 1632 2059; x_wconf 84' lang='lat' dir='ltr'>nostrorum</span> <span class='ocrx_word' id='word_1_587' title='bbox 1650 2009 1697 2061; x_wconf 85' lang='lat' dir='ltr'>tibi</span> <span class='ocrx_word' id='word_1_588' title='bbox 1715 2011 1799 2075; x_wconf 82' lang='lat' dir='ltr'>deest,</span> 
     </span>
     <span class='ocr_line' id='line_1_74' title="bbox 1015 2104 1800 2170; baseline 0.008 -16"><span class='ocrx_word' id='word_1_589' title='bbox 1015 2105 1142 2156; x_wconf 74' lang='lat' dir='ltr'>somissis</span> <span class='ocrx_word' id='word_1_590' title='bbox 1165 2105 1240 2155; x_wconf 89' lang='lat' dir='ltr'>minis</span> <span class='ocrx_word' id='word_1_591' title='bbox 1256 2104 1382 2168; x_wconf 77' lang='lat' dir='ltr'>regalique</span> <span class='ocrx_word' id='word_1_592' title='bbox 1398 2104 1519 2167; x_wconf 79' lang='lat' dir='ltr'>jactantie</span> <span class='ocrx_word' id='word_1_593' title='bbox 1533 2104 1655 2170; x_wconf 81' lang='lat' dir='ltr'>deposito,</span> <span class='ocrx_word' id='word_1_594' title='bbox 1674 2106 1753 2159; x_wconf 81' lang='lat' dir='ltr'>edoce</span> <span class='ocrx_word' id='word_1_595' title='bbox 1772 2113 1800 2160; x_wconf 87' lang='lat' dir='ltr'>et</span> 
     </span>
     <span class='ocr_line' id='line_1_75' title="bbox 1014 2200 1799 2269; baseline 0.013 -23"><span class='ocrx_word' id='word_1_596' title='bbox 1014 2222 1027 2246; x_wconf 88' lang='grc' dir='ltr'>ιι</span> <span class='ocrx_word' id='word_1_597' title='bbox 1043 2201 1141 2267; x_wconf 77' lang='lat' dir='ltr'>impelle</span> <span class='ocrx_word' id='word_1_598' title='bbox 1153 2205 1237 2266; x_wconf 82' lang='lat' dir='ltr'>putres</span> <span class='ocrx_word' id='word_1_599' title='bbox 1253 2200 1408 2264; x_wconf 78' lang='lat' dir='ltr'>conscriptos</span> <span class='ocrx_word' id='word_1_600' title='bbox 1425 2221 1431 2251; x_wconf 79' lang='grc' dir='ltr'>ι</span> <span class='ocrx_word' id='word_1_601' title='bbox 1448 2201 1517 2253; x_wconf 89' lang='lat' dir='ltr'>nullo</span> <span class='ocrx_word' id='word_1_602' title='bbox 1530 2201 1597 2254; x_wconf 87' lang='lat' dir='ltr'>enirn</span> <span class='ocrx_word' id='word_1_603' title='bbox 1612 2216 1698 2255; x_wconf 86' lang='lat' dir='ltr'>eornm</span> <span class='ocrx_word' id='word_1_604' title='bbox 1712 2205 1799 2269; x_wconf 76' lang='lat' dir='ltr'>privs-</span> 
     </span>
     <span class='ocr_line' id='line_1_76' title="bbox 1011 2297 1605 2365; baseline 0 -15"><span class='ocrx_word' id='word_1_605' title='bbox 1011 2319 1024 2344; x_wconf 88' lang='grc' dir='ltr'>ι</span> <span class='ocrx_word' id='word_1_606' title='bbox 1040 2299 1115 2360; x_wconf 86' lang='lat' dir='ltr'>beris,</span> <span class='ocrx_word' id='word_1_607' title='bbox 1135 2312 1215 2363; x_wconf 91' lang='lat' dir='ltr'>neque</span> <span class='ocrx_word' id='word_1_608' title='bbox 1226 2297 1301 2361; x_wconf 79' lang='lat' dir='ltr'>justis</span> <span class='ocrx_word' id='word_1_609' title='bbox 1314 2311 1394 2363; x_wconf 86' lang='lat' dir='ltr'>neque</span> <span class='ocrx_word' id='word_1_610' title='bbox 1414 2298 1575 2365; x_wconf 77' lang='lat' dir='ltr'>sapientibus.</span> <span class='ocrx_word' id='word_1_611' title='bbox 1592 2318 1605 2344; x_wconf 80' lang='grc' dir='ltr'>ν</span> 
     </span>
    </p>
   </div>
   <div class='ocr_carea' id='block_1_5' title="bbox 1007 2560 1800 3159">
    <p class='ocr_par' dir='ltr' id='par_1_57' title="bbox 1007 2560 1800 3159">
     <span class='ocr_line' id='line_1_77' title="bbox 1040 2560 1794 2630; baseline 0.007 -16"><span class='ocrx_word' id='word_1_612' title='bbox 1040 2565 1081 2614; x_wconf 76' lang='lat' dir='ltr'>xl.</span> <span class='ocrx_word' id='word_1_613' title='bbox 1101 2564 1136 2626; x_wconf 86' lang='lat' dir='ltr'>(t)</span> <span class='ocrx_word' id='word_1_614' title='bbox 1150 2562 1275 2622; x_wconf 84' lang='lat' dir='ltr'>Lubinius,</span> <span class='ocrx_word' id='word_1_615' title='bbox 1294 2563 1464 2613; x_wconf 80' lang='lat' dir='ltr'>Romanorum</span> <span class='ocrx_word' id='word_1_616' title='bbox 1481 2560 1577 2623; x_wconf 80' lang='lat' dir='ltr'>consul,</span> <span class='ocrx_word' id='word_1_617' title='bbox 1601 2567 1794 2630; x_wconf 77' lang='lat' dir='ltr'>conspectorem</span> 
     </span>
     <span class='ocr_line' id='line_1_78' title="bbox 1009 2668 1799 2734; baseline 0.006 -15"><span class='ocrx_word' id='word_1_618' title='bbox 1009 2669 1097 2733; x_wconf 73' lang='lat' dir='ltr'>Pyrrhi</span> <span class='ocrx_word' id='word_1_619' title='bbox 1109 2683 1187 2734; x_wconf 92' lang='lat' dir='ltr'>quum</span> <span class='ocrx_word' id='word_1_620' title='bbox 1198 2668 1435 2733; x_wconf 81' lang='lat' dir='ltr'>comprehendisset,</span> <span class='ocrx_word' id='word_1_621' title='bbox 1449 2673 1574 2720; x_wconf 81' lang='lat' dir='ltr'>ernustum</span> <span class='ocrx_word' id='word_1_622' title='bbox 1587 2670 1728 2722; x_wconf 84' lang='lat' dir='ltr'>exereitum</span> <span class='ocrx_word' id='word_1_623' title='bbox 1741 2673 1799 2724; x_wconf 90' lang='lat' dir='ltr'>nni·</span> 
     </span>
     <span class='ocr_line' id='line_1_79' title="bbox 1009 2744 1799 2841; baseline 0.006 -16"><span class='ocrx_word' id='word_1_624' title='bbox 1009 2744 1120 2826; x_wconf 67' lang='lat' dir='ltr'>veretrum¹</span> <span class='ocrx_word' id='word_1_625' title='bbox 1133 2778 1160 2825; x_wconf 89' lang='lat' dir='ltr'>et</span> <span class='ocrx_word' id='word_1_626' title='bbox 1183 2774 1209 2825; x_wconf 89' lang='lat' dir='ltr'>in</span> <span class='ocrx_word' id='word_1_627' title='bbox 1232 2776 1284 2826; x_wconf 84' lang='lat' dir='ltr'>soie</span> <span class='ocrx_word' id='word_1_628' title='bbox 1307 2776 1471 2827; x_wconf 88' lang='lat' dir='ltr'>eonstitutnm</span> <span class='ocrx_word' id='word_1_629' title='bbox 1494 2774 1651 2840; x_wconf 84' lang='lat' dir='ltr'>conspectori</span> <span class='ocrx_word' id='word_1_630' title='bbox 1673 2778 1799 2841; x_wconf 85' lang='lat' dir='ltr'>ostendit,</span> 
     </span>
     <span class='ocr_line' id='line_1_80' title="bbox 1007 2879 1800 2946; baseline 0.005 -15"><span class='ocrx_word' id='word_1_631' title='bbox 1007 2881 1132 2946; x_wconf 81' lang='lat' dir='ltr'>jussitque</span> <span class='ocrx_word' id='word_1_632' title='bbox 1144 2886 1173 2932; x_wconf 91' lang='lat' dir='ltr'>nt</span> <span class='ocrx_word' id='word_1_633' title='bbox 1188 2884 1267 2932; x_wconf 81' lang='lat' dir='ltr'>totam</span> <span class='ocrx_word' id='word_1_634' title='bbox 1281 2881 1413 2932; x_wconf 82' lang='lat' dir='ltr'>veritatem</span> <span class='ocrx_word' id='word_1_635' title='bbox 1430 2880 1526 2932; x_wconf 89' lang='lat' dir='ltr'>dioeret</span> <span class='ocrx_word' id='word_1_636' title='bbox 1544 2879 1624 2945; x_wconf 89' lang='lat' dir='ltr'>eiqui</span> <span class='ocrx_word' id='word_1_637' title='bbox 1645 2881 1730 2946; x_wconf 89' lang='lat' dir='ltr'>ipsum</span> <span class='ocrx_word' id='word_1_638' title='bbox 1752 2885 1800 2935; x_wconf 90' lang='lat' dir='ltr'>mi·</span> 
     </span>
     <span class='ocr_line' id='line_1_81' title="bbox 1010 2961 1798 3052; baseline 0.005 -14"><span class='ocrx_word' id='word_1_639' title='bbox 1010 2989 1094 3049; x_wconf 73' lang='lat' dir='ltr'>seret3</span> <span class='ocrx_word' id='word_1_640' title='bbox 1107 2988 1198 3052; x_wconf 86' lang='lat' dir='ltr'>quippe</span> <span class='ocrx_word' id='word_1_641' title='bbox 1206 2961 1334 3047; x_wconf 81' lang='lat' dir='ltr'>Lavinius,</span> <span class='ocrx_word' id='word_1_642' title='bbox 1347 2989 1516 3038; x_wconf 75' lang='lat' dir='ltr'>Romanorum</span> <span class='ocrx_word' id='word_1_643' title='bbox 1522 2986 1622 3051; x_wconf 83' lang='lat' dir='ltr'>sensui,</span> <span class='ocrx_word' id='word_1_644' title='bbox 1633 2987 1727 3039; x_wconf 80' lang='lat' dir='ltr'>invitet</span> <span class='ocrx_word' id='word_1_645' title='bbox 1738 3004 1798 3042; x_wconf 88' lang='lat' dir='ltr'>euru</span> 
     </span>
     <span class='ocr_line' id='line_1_82' title="bbox 1009 3092 1796 3159; baseline 0.01 -18"><span class='ocrx_word' id='word_1_646' title='bbox 1009 3106 1040 3143; x_wconf 93' lang='lat' dir='ltr'>ne</span> <span class='ocrx_word' id='word_1_647' title='bbox 1052 3093 1117 3142; x_wconf 83' lang='lat' dir='ltr'>elem</span> <span class='ocrx_word' id='word_1_648' title='bbox 1130 3092 1193 3142; x_wconf 87' lang='lat' dir='ltr'>elios</span> <span class='ocrx_word' id='word_1_649' title='bbox 1208 3092 1322 3157; x_wconf 81' lang='lat' dir='ltr'>deinceps</span> <span class='ocrx_word' id='word_1_650' title='bbox 1335 3093 1416 3143; x_wconf 83' lang='lat' dir='ltr'>mittet</span> <span class='ocrx_word' id='word_1_651' title='bbox 1431 3092 1607 3157; x_wconf 79' lang='lat' dir='ltr'>exploratores,</span> <span class='ocrx_word' id='word_1_652' title='bbox 1623 3094 1667 3144; x_wconf 89' lang='lat' dir='ltr'>sed</span> <span class='ocrx_word' id='word_1_653' title='bbox 1686 3095 1740 3159; x_wconf 89' lang='lat' dir='ltr'>ipse</span> <span class='ocrx_word' id='word_1_654' title='bbox 1755 3111 1796 3150; x_wconf 81' lang='lat' dir='ltr'>re·</span> 
     </span>
    </p>
   </div>
   <div class='ocr_carea' id='block_1_6' title="bbox 1011 3199 1704 3265">
    <p class='ocr_par' dir='ltr' id='par_1_58' title="bbox 1011 3199 1704 3265">
     <span class='ocr_line' id='line_1_83' title="bbox 1011 3199 1704 3265; baseline 0.006 -16"><span class='ocrx_word' id='word_1_655' title='bbox 1011 3200 1062 3250; x_wconf 85' lang='lat' dir='ltr'>niet</span> <span class='ocrx_word' id='word_1_656' title='bbox 1078 3199 1160 3264; x_wconf 76' lang='lat' dir='ltr'>prolem</span> <span class='ocrx_word' id='word_1_657' title='bbox 1174 3203 1299 3250; x_wconf 85' lang='lat' dir='ltr'>llomunas</span> <span class='ocrx_word' id='word_1_658' title='bbox 1311 3200 1376 3250; x_wconf 77' lang='lat' dir='ltr'>eires</span> <span class='ocrx_word' id='word_1_659' title='bbox 1391 3201 1492 3251; x_wconf 83' lang='lat' dir='ltr'>visurus</span> <span class='ocrx_word' id='word_1_660' title='bbox 1508 3204 1534 3251; x_wconf 88' lang='lat' dir='ltr'>et</span> <span class='ocrx_word' id='word_1_661' title='bbox 1546 3206 1704 3265; x_wconf 77' lang='lat' dir='ltr'>experturus.</span> 
     </span>
    </p>
   </div>
   <div class='ocr_carea' id='block_1_7' title="bbox 1006 3360 1796 5208">
    <p class='ocr_par' dir='ltr' id='par_1_59' title="bbox 1006 3360 1796 5208">
     <span class='ocr_line' id='line_1_84' title="bbox 1042 3360 1796 3432; baseline 0.012 -21"><span class='ocrx_word' id='word_1_662' title='bbox 1042 3365 1096 3412; x_wconf 76' lang='grc' dir='ltr'>ΧΗ.</span> <span class='ocrx_word' id='word_1_663' title='bbox 1108 3362 1141 3427; x_wconf 85' lang='grc'>(1)</span> <span class='ocrx_word' id='word_1_664' title='bbox 1156 3361 1201 3410; x_wconf 79' lang='lat' dir='ltr'>l&#39;ir</span> <span class='ocrx_word' id='word_1_665' title='bbox 1215 3360 1324 3425; x_wconf 83' lang='lat' dir='ltr'>quidam,</span> <span class='ocrx_word' id='word_1_666' title='bbox 1341 3360 1440 3411; x_wconf 90' lang='lat' dir='ltr'>nomine</span> <span class='ocrx_word' id='word_1_667' title='bbox 1452 3362 1570 3422; x_wconf 78' lang='lat' dir='ltr'>obtusus,</span> <span class='ocrx_word' id='word_1_668' title='bbox 1584 3364 1696 3416; x_wconf 73' lang='lat' dir='ltr'>Ulsinius</span> <span class='ocrx_word' id='word_1_669' title='bbox 1706 3381 1796 3432; x_wconf 79' lang='lat' dir='ltr'>cogno·</span> 
     </span>
     <span class='ocr_line' id='line_1_85' title="bbox 1010 3459 1796 3530; baseline 0.011 -20"><span class='ocrx_word' id='word_1_670' title='bbox 1010 3465 1101 3517; x_wconf 83' lang='lat' dir='ltr'>mento,</span> <span class='ocrx_word' id='word_1_671' title='bbox 1111 3461 1252 3509; x_wconf 79' lang='lat' dir='ltr'>Ferenlenoe</span> <span class='ocrx_word' id='word_1_672' title='bbox 1263 3460 1343 3523; x_wconf 80' lang='lat' dir='ltr'>gentis</span> <span class='ocrx_word' id='word_1_673' title='bbox 1353 3459 1412 3524; x_wconf 81' lang='lat' dir='ltr'>dux,</span> <span class='ocrx_word' id='word_1_674' title='bbox 1419 3476 1496 3526; x_wconf 90' lang='lat' dir='ltr'>quum</span> <span class='ocrx_word' id='word_1_675' title='bbox 1505 3463 1662 3514; x_wconf 84' lang='lat' dir='ltr'>observasset</span> <span class='ocrx_word' id='word_1_676' title='bbox 1667 3468 1796 3530; x_wconf 75' lang='lat' dir='ltr'>Pyrrhum</span> 
     </span>
     <span class='ocr_line' id='line_1_86' title="bbox 1011 3558 1792 3630; baseline 0.008 -21"><span class='ocrx_word' id='word_1_677' title='bbox 1011 3559 1105 3609; x_wconf 83' lang='lat' dir='ltr'>nullum</span> <span class='ocrx_word' id='word_1_678' title='bbox 1123 3558 1219 3607; x_wconf 79' lang='lat' dir='ltr'>immam</span> <span class='ocrx_word' id='word_1_679' title='bbox 1237 3559 1368 3609; x_wconf 85' lang='lat' dir='ltr'>eletionem</span> <span class='ocrx_word' id='word_1_680' title='bbox 1384 3563 1475 3623; x_wconf 88' lang='lat' dir='ltr'>tenere,</span> <span class='ocrx_word' id='word_1_681' title='bbox 1492 3561 1536 3612; x_wconf 92' lang='lat' dir='ltr'>sed</span> <span class='ocrx_word' id='word_1_682' title='bbox 1557 3563 1656 3613; x_wconf 87' lang='lat' dir='ltr'>eunetis</span> <span class='ocrx_word' id='word_1_683' title='bbox 1671 3564 1696 3614; x_wconf 91' lang='lat' dir='ltr'>in</span> <span class='ocrx_word' id='word_1_684' title='bbox 1711 3580 1792 3630; x_wconf 79' lang='lat' dir='ltr'>pugne</span> 
     </span>
     <span class='ocr_line' id='line_1_87' title="bbox 1009 3648 1795 3732; baseline 0.01 -21"><span class='ocrx_word' id='word_1_685' title='bbox 1009 3662 1130 3711; x_wconf 83' lang='lat' dir='ltr'>ordinetis</span> <span class='ocrx_word' id='word_1_686' title='bbox 1144 3661 1234 3725; x_wconf 88' lang='lat' dir='ltr'>raptim</span> <span class='ocrx_word' id='word_1_687' title='bbox 1255 3675 1308 3712; x_wconf 89' lang='lat' dir='ltr'>sese</span> <span class='ocrx_word' id='word_1_688' title='bbox 1325 3648 1464 3722; x_wconf 79' lang='lat' dir='ltr'>ostendere,</span> <span class='ocrx_word' id='word_1_689' title='bbox 1482 3663 1505 3713; x_wconf 91' lang='lat' dir='ltr'>ei</span> <span class='ocrx_word' id='word_1_690' title='bbox 1521 3663 1567 3714; x_wconf 92' lang='lat' dir='ltr'>soli</span> <span class='ocrx_word' id='word_1_691' title='bbox 1581 3664 1694 3716; x_wconf 89' lang='lat' dir='ltr'>studium</span> <span class='ocrx_word' id='word_1_692' title='bbox 1711 3669 1795 3732; x_wconf 85' lang='lat' dir='ltr'>appii-</span> 
     </span>
     <span class='ocr_line' id='line_1_88' title="bbox 1009 3762 1795 3831; baseline 0.008 -18"><span class='ocrx_word' id='word_1_693' title='bbox 1009 3763 1076 3813; x_wconf 76' lang='lat' dir='ltr'>cesis</span> <span class='ocrx_word' id='word_1_694' title='bbox 1094 3764 1128 3822; x_wconf 86' lang='lat' dir='ltr'>et,</span> <span class='ocrx_word' id='word_1_695' title='bbox 1146 3762 1232 3826; x_wconf 91' lang='lat' dir='ltr'>siquo</span> <span class='ocrx_word' id='word_1_696' title='bbox 1250 3762 1291 3811; x_wconf 88' lang='lat' dir='ltr'>ille</span> <span class='ocrx_word' id='word_1_697' title='bbox 1307 3765 1437 3825; x_wconf 79' lang='lat' dir='ltr'>equitaret,</span> <span class='ocrx_word' id='word_1_698' title='bbox 1452 3763 1539 3816; x_wconf 90' lang='lat' dir='ltr'>eodem</span> <span class='ocrx_word' id='word_1_699' title='bbox 1555 3765 1608 3830; x_wconf 86' lang='lat' dir='ltr'>ipse</span> <span class='ocrx_word' id='word_1_700' title='bbox 1620 3779 1716 3831; x_wconf 88' lang='lat' dir='ltr'>equum</span> <span class='ocrx_word' id='word_1_701' title='bbox 1733 3770 1795 3819; x_wconf 81' lang='lat' dir='ltr'>tlen-</span> 
     </span>
     <span class='ocr_line' id='line_1_89' title="bbox 1010 3862 1795 3928; baseline 0.006 -15"><span class='ocrx_word' id='word_1_702' title='bbox 1010 3865 1086 3914; x_wconf 82' lang='lat' dir='ltr'>tebet.</span> <span class='ocrx_word' id='word_1_703' title='bbox 1108 3866 1140 3928; x_wconf 83' lang='lat'>(2)</span> <span class='ocrx_word' id='word_1_704' title='bbox 1158 3867 1221 3927; x_wconf 81' lang='lat' dir='ltr'>Ergo</span> <span class='ocrx_word' id='word_1_705' title='bbox 1234 3863 1335 3925; x_wconf 84' lang='lat' dir='ltr'>quidum</span> <span class='ocrx_word' id='word_1_706' title='bbox 1350 3875 1363 3912; x_wconf 94' lang='lat' dir='ltr'>e</span> <span class='ocrx_word' id='word_1_707' title='bbox 1377 3862 1450 3926; x_wconf 78' lang='lat' dir='ltr'>regiis</span> <span class='ocrx_word' id='word_1_708' title='bbox 1464 3863 1546 3925; x_wconf 83' lang='lat' dir='ltr'>sociis,</span> <span class='ocrx_word' id='word_1_709' title='bbox 1565 3866 1715 3923; x_wconf 81' lang='lat' dir='ltr'>Leonnatus,</span> <span class='ocrx_word' id='word_1_710' title='bbox 1732 3869 1795 3918; x_wconf 84' lang='lat' dir='ltr'>Leo·</span> 
     </span>
     <span class='ocr_line' id='line_1_90' title="bbox 1011 3960 1795 4028; baseline 0.003 -13"><span class='ocrx_word' id='word_1_711' title='bbox 1011 3965 1096 4028; x_wconf 85' lang='lat' dir='ltr'>phenli</span> <span class='ocrx_word' id='word_1_712' title='bbox 1108 3964 1171 4013; x_wconf 83' lang='lat' dir='ltr'>filius</span> <span class='ocrx_word' id='word_1_713' title='bbox 1181 3963 1290 4020; x_wconf 85' lang='lat' dir='ltr'>lineedo,</span> <span class='ocrx_word' id='word_1_714' title='bbox 1302 3960 1443 4024; x_wconf 85' lang='lat' dir='ltr'>suspicione</span> <span class='ocrx_word' id='word_1_715' title='bbox 1454 3965 1549 4023; x_wconf 82' lang='lat' dir='ltr'>exorto,</span> <span class='ocrx_word' id='word_1_716' title='bbox 1557 3966 1584 4014; x_wconf 90' lang='lat' dir='ltr'>et</span> <span class='ocrx_word' id='word_1_717' title='bbox 1592 3968 1690 4014; x_wconf 84' lang='lat' dir='ltr'>ostenso</span> <span class='ocrx_word' id='word_1_718' title='bbox 1700 3966 1795 4018; x_wconf 86' lang='lat' dir='ltr'>Obleoo</span> 
     </span>
     <span class='ocr_line' id='line_1_91' title="bbox 1009 4061 1792 4129; baseline -0.001 -14"><span class='ocrx_word' id='word_1_719' title='bbox 1009 4065 1060 4129; x_wconf 79' lang='lat' dir='ltr'>regi</span> <span class='ocrx_word' id='word_1_720' title='bbox 1078 4063 1177 4127; x_wconf 80' lang='lat' dir='ltr'>Pyrrho</span> <span class='ocrx_word' id='word_1_721' title='bbox 1196 4062 1260 4111; x_wconf 80' lang='lat' dir='ltr'>dixit</span> <span class='ocrx_word' id='word_1_722' title='bbox 1280 4082 1286 4111; x_wconf 76' lang='grc' dir='ltr'>ι</span> <span class='ocrx_word' id='word_1_723' title='bbox 1309 4080 1322 4105; x_wconf 84' lang='grc' dir='ltr'>ιι</span> <span class='ocrx_word' id='word_1_724' title='bbox 1338 4061 1374 4111; x_wconf 78' lang='lat' dir='ltr'>Ab</span> <span class='ocrx_word' id='word_1_725' title='bbox 1394 4062 1442 4112; x_wconf 89' lang='lat' dir='ltr'>isto</span> <span class='ocrx_word' id='word_1_726' title='bbox 1463 4062 1527 4123; x_wconf 84' lang='lat' dir='ltr'>viro,</span> <span class='ocrx_word' id='word_1_727' title='bbox 1546 4077 1598 4121; x_wconf 80' lang='lat' dir='ltr'>rer,</span> <span class='ocrx_word' id='word_1_728' title='bbox 1621 4063 1666 4113; x_wconf 88' lang='lat' dir='ltr'>tibi</span> <span class='ocrx_word' id='word_1_729' title='bbox 1688 4078 1792 4127; x_wconf 57' lang='lat' dir='ltr'>caveam</span> 
     </span>
     <span class='ocr_line' id='line_1_92' title="bbox 1011 4158 1790 4224; baseline -0.001 -12"><span class='ocrx_word' id='word_1_730' title='bbox 1011 4183 1024 4206; x_wconf 90' lang='grc' dir='ltr'>ιι</span> <span class='ocrx_word' id='word_1_731' title='bbox 1040 4166 1158 4213; x_wconf 87' lang='lat' dir='ltr'>strennus</span> <span class='ocrx_word' id='word_1_732' title='bbox 1169 4160 1233 4210; x_wconf 92' lang='lat' dir='ltr'>enim</span> <span class='ocrx_word' id='word_1_733' title='bbox 1242 4162 1281 4209; x_wconf 90' lang='lat' dir='ltr'>est</span> <span class='ocrx_word' id='word_1_734' title='bbox 1295 4158 1409 4219; x_wconf 80' lang='lat' dir='ltr'>bellator,</span> <span class='ocrx_word' id='word_1_735' title='bbox 1421 4174 1501 4224; x_wconf 89' lang='lat' dir='ltr'>neque</span> <span class='ocrx_word' id='word_1_736' title='bbox 1510 4175 1563 4211; x_wconf 92' lang='lat' dir='ltr'>nno</span> <span class='ocrx_word' id='word_1_737' title='bbox 1573 4161 1597 4212; x_wconf 90' lang='lat' dir='ltr'>in</span> <span class='ocrx_word' id='word_1_738' title='bbox 1608 4161 1661 4212; x_wconf 89' lang='lat' dir='ltr'>loeo</span> <span class='ocrx_word' id='word_1_739' title='bbox 1673 4161 1790 4222; x_wconf 75' lang='lat' dir='ltr'>dientest3</span> 
     </span>
     <span class='ocr_line' id='line_1_93' title="bbox 1012 4257 1790 4321; baseline 0.005 -18"><span class='ocrx_word' id='word_1_740' title='bbox 1012 4263 1066 4309; x_wconf 73' lang='lat' dir='ltr'>«te</span> <span class='ocrx_word' id='word_1_741' title='bbox 1084 4272 1143 4310; x_wconf 86' lang='lat' dir='ltr'>vero</span> <span class='ocrx_word' id='word_1_742' title='bbox 1168 4258 1283 4308; x_wconf 81' lang='lat' dir='ltr'>observet</span> <span class='ocrx_word' id='word_1_743' title='bbox 1310 4261 1386 4320; x_wconf 83' lang='lat' dir='ltr'>etque</span> <span class='ocrx_word' id='word_1_744' title='bbox 1405 4257 1429 4307; x_wconf 89' lang='lat' dir='ltr'>in</span> <span class='ocrx_word' id='word_1_745' title='bbox 1450 4260 1475 4307; x_wconf 91' lang='lat' dir='ltr'>te</span> <span class='ocrx_word' id='word_1_746' title='bbox 1491 4262 1599 4309; x_wconf 88' lang='lat' dir='ltr'>mentem</span> <span class='ocrx_word' id='word_1_747' title='bbox 1618 4257 1730 4308; x_wconf 82' lang='lat' dir='ltr'>intendit.</span> <span class='ocrx_word' id='word_1_748' title='bbox 1753 4260 1790 4321; x_wconf 83' lang='lat'>(3)</span> 
     </span>
     <span class='ocr_line' id='line_1_94' title="bbox 1009 4358 1791 4424; baseline 0.003 -14"><span class='ocrx_word' id='word_1_749' title='bbox 1009 4363 1074 4422; x_wconf 81' lang='lat' dir='ltr'>Rege</span> <span class='ocrx_word' id='word_1_750' title='bbox 1092 4366 1176 4411; x_wconf 85' lang='lat' dir='ltr'>nutem</span> <span class='ocrx_word' id='word_1_751' title='bbox 1186 4358 1348 4424; x_wconf 84' lang='lat' dir='ltr'>respondente</span> <span class='ocrx_word' id='word_1_752' title='bbox 1367 4375 1373 4408; x_wconf 92' lang='lat'>:</span> <span class='ocrx_word' id='word_1_753' title='bbox 1392 4378 1403 4401; x_wconf 89' lang='grc' dir='ltr'>ι</span> <span class='ocrx_word' id='word_1_754' title='bbox 1424 4359 1491 4418; x_wconf 84' lang='lat' dir='ltr'>Quid</span> <span class='ocrx_word' id='word_1_755' title='bbox 1506 4360 1567 4410; x_wconf 82' lang='lat' dir='ltr'>mihi</span> <span class='ocrx_word' id='word_1_756' title='bbox 1583 4360 1622 4410; x_wconf 86' lang='lat' dir='ltr'>hic</span> <span class='ocrx_word' id='word_1_757' title='bbox 1635 4359 1706 4408; x_wconf 83' lang='lat' dir='ltr'>societ</span> <span class='ocrx_word' id='word_1_758' title='bbox 1721 4373 1791 4412; x_wconf 90' lang='lat' dir='ltr'>unus</span> 
     </span>
     <span class='ocr_line' id='line_1_95' title="bbox 1010 4457 1790 4522; baseline -0.001 -12"><span class='ocrx_word' id='word_1_759' title='bbox 1010 4481 1022 4504; x_wconf 89' lang='grc' dir='ltr'>ι</span> <span class='ocrx_word' id='word_1_760' title='bbox 1040 4464 1076 4510; x_wconf 90' lang='lat' dir='ltr'>tot</span> <span class='ocrx_word' id='word_1_761' title='bbox 1088 4461 1180 4510; x_wconf 79' lang='lat' dir='ltr'>vallato</span> <span class='ocrx_word' id='word_1_762' title='bbox 1192 4458 1352 4509; x_wconf 67' lang='lat' dir='ltr'>custoditius?</span> <span class='ocrx_word' id='word_1_763' title='bbox 1371 4462 1422 4507; x_wconf 90' lang='lat' dir='ltr'>tmo</span> <span class='ocrx_word' id='word_1_764' title='bbox 1434 4458 1474 4507; x_wconf 88' lang='lat' dir='ltr'>ille</span> <span class='ocrx_word' id='word_1_765' title='bbox 1485 4460 1567 4522; x_wconf 86' lang='lat' dir='ltr'>potius</span> <span class='ocrx_word' id='word_1_766' title='bbox 1576 4458 1639 4508; x_wconf 82' lang='lat' dir='ltr'>vires</span> <span class='ocrx_word' id='word_1_767' title='bbox 1649 4470 1707 4505; x_wconf 86' lang='lat' dir='ltr'>snas</span> <span class='ocrx_word' id='word_1_768' title='bbox 1715 4457 1790 4520; x_wconf 78' lang='lat' dir='ltr'>jure·</span> 
     </span>
     <span class='ocr_line' id='line_1_96' title="bbox 1010 4553 1792 4617; baseline 0.003 -12"><span class='ocrx_word' id='word_1_769' title='bbox 1010 4576 1022 4599; x_wconf 85' lang='grc' dir='ltr'>ιι</span> <span class='ocrx_word' id='word_1_770' title='bbox 1040 4557 1122 4607; x_wconf 87' lang='lat' dir='ltr'>nililer</span> <span class='ocrx_word' id='word_1_771' title='bbox 1136 4559 1254 4607; x_wconf 85' lang='lat' dir='ltr'>ostentat.</span> <span class='ocrx_word' id='word_1_772' title='bbox 1291 4553 1364 4614; x_wconf 85' lang='lat' dir='ltr'>Quod</span> <span class='ocrx_word' id='word_1_773' title='bbox 1379 4555 1398 4604; x_wconf 86' lang='lat' dir='ltr'>si</span> <span class='ocrx_word' id='word_1_774' title='bbox 1410 4558 1435 4604; x_wconf 90' lang='lat' dir='ltr'>et</span> <span class='ocrx_word' id='word_1_775' title='bbox 1451 4570 1518 4606; x_wconf 92' lang='lat' dir='ltr'>unus</span> <span class='ocrx_word' id='word_1_776' title='bbox 1533 4556 1576 4606; x_wconf 92' lang='lat' dir='ltr'>uni</span> <span class='ocrx_word' id='word_1_777' title='bbox 1586 4554 1645 4603; x_wconf 84' lang='lat' dir='ltr'>milri</span> <span class='ocrx_word' id='word_1_778' title='bbox 1655 4555 1792 4617; x_wconf 78' lang='lat' dir='ltr'>congrede-</span> 
     </span>
     <span class='ocr_line' id='line_1_97' title="bbox 1010 4650 1793 4715; baseline 0.004 -14"><span class='ocrx_word' id='word_1_779' title='bbox 1010 4671 1022 4700; x_wconf 86' lang='grc' dir='ltr'>ι</span> <span class='ocrx_word' id='word_1_780' title='bbox 1038 4656 1116 4711; x_wconf 86' lang='lat' dir='ltr'>retur,</span> <span class='ocrx_word' id='word_1_781' title='bbox 1127 4652 1195 4703; x_wconf 85' lang='lat' dir='ltr'>haud</span> <span class='ocrx_word' id='word_1_782' title='bbox 1209 4651 1282 4702; x_wconf 80' lang='lat' dir='ltr'>lotus</span> <span class='ocrx_word' id='word_1_783' title='bbox 1292 4651 1438 4702; x_wconf 87' lang='lat' dir='ltr'>diseederet.</span> <span class='ocrx_word' id='word_1_784' title='bbox 1452 4672 1464 4694; x_wconf 89' lang='lat'>»</span> <span class='ocrx_word' id='word_1_785' title='bbox 1476 4654 1509 4713; x_wconf 80' lang='lat'>(3)</span> <span class='ocrx_word' id='word_1_786' title='bbox 1520 4650 1620 4702; x_wconf 88' lang='lat' dir='ltr'>interim</span> <span class='ocrx_word' id='word_1_787' title='bbox 1631 4651 1665 4715; x_wconf 79' lang='lat' dir='ltr'>(t)</span> <span class='ocrx_word' id='word_1_788' title='bbox 1678 4650 1793 4704; x_wconf 84' lang='lat' dir='ltr'>Oblacus</span> 
     </span>
     <span class='ocr_line' id='line_1_98' title="bbox 1008 4748 1791 4814; baseline 0 -14"><span class='ocrx_word' id='word_1_789' title='bbox 1008 4752 1166 4807; x_wconf 78' lang='lat' dir='ltr'>Ferentenus,</span> <span class='ocrx_word' id='word_1_790' title='bbox 1190 4755 1276 4800; x_wconf 82' lang='lat' dir='ltr'>neotus</span> <span class='ocrx_word' id='word_1_791' title='bbox 1298 4763 1373 4814; x_wconf 87' lang='lat' dir='ltr'>quem</span> <span class='ocrx_word' id='word_1_792' title='bbox 1400 4748 1517 4814; x_wconf 75' lang='lat' dir='ltr'>captabat</span> <span class='ocrx_word' id='word_1_793' title='bbox 1541 4750 1704 4809; x_wconf 77' lang='lat' dir='ltr'>ssessionem,</span> <span class='ocrx_word' id='word_1_794' title='bbox 1731 4764 1791 4801; x_wconf 87' lang='lat' dir='ltr'>cum</span> 
     </span>
     <span class='ocr_line' id='line_1_99' title="bbox 1007 4847 1792 4913; baseline 0.001 -17"><span class='ocrx_word' id='word_1_795' title='bbox 1007 4847 1123 4897; x_wconf 84' lang='lat' dir='ltr'>comitatu</span> <span class='ocrx_word' id='word_1_796' title='bbox 1139 4862 1185 4897; x_wconf 90' lang='lat' dir='ltr'>suo</span> <span class='ocrx_word' id='word_1_797' title='bbox 1200 4848 1321 4912; x_wconf 88' lang='lat' dir='ltr'>impetum</span> <span class='ocrx_word' id='word_1_798' title='bbox 1338 4848 1396 4898; x_wconf 85' lang='lat' dir='ltr'>tecit</span> <span class='ocrx_word' id='word_1_799' title='bbox 1411 4847 1436 4897; x_wconf 89' lang='lat' dir='ltr'>in</span> <span class='ocrx_word' id='word_1_800' title='bbox 1450 4848 1541 4911; x_wconf 76' lang='lat' dir='ltr'>regium</span> <span class='ocrx_word' id='word_1_801' title='bbox 1554 4850 1661 4899; x_wconf 81' lang='lat' dir='ltr'>tunnam</span> <span class='ocrx_word' id='word_1_802' title='bbox 1671 4867 1677 4908; x_wconf 89' lang='lat'>;</span> <span class='ocrx_word' id='word_1_803' title='bbox 1688 4861 1792 4913; x_wconf 82' lang='lat' dir='ltr'>perrup</span> 
     </span>
     <span class='ocr_line' id='line_1_100' title="bbox 1008 4945 1791 5010; baseline 0.001 -17"><span class='ocrx_word' id='word_1_804' title='bbox 1008 4949 1082 5009; x_wconf 88' lang='lat' dir='ltr'>toque</span> <span class='ocrx_word' id='word_1_805' title='bbox 1098 4945 1312 4995; x_wconf 85' lang='lat' dir='ltr'>circumstantium</span> <span class='ocrx_word' id='word_1_806' title='bbox 1330 4946 1445 5009; x_wconf 89' lang='lat' dir='ltr'>equitum</span> <span class='ocrx_word' id='word_1_807' title='bbox 1460 4946 1540 5010; x_wconf 80' lang='lat' dir='ltr'>globo,</span> <span class='ocrx_word' id='word_1_808' title='bbox 1557 4947 1637 5010; x_wconf 88' lang='lat' dir='ltr'>ipsum</span> <span class='ocrx_word' id='word_1_809' title='bbox 1655 4959 1736 5009; x_wconf 82' lang='lat' dir='ltr'>regem</span> <span class='ocrx_word' id='word_1_810' title='bbox 1748 4960 1791 5010; x_wconf 85' lang='lat' dir='ltr'>ep·</span> 
     </span>
     <span class='ocr_line' id='line_1_101' title="bbox 1006 5042 1791 5108; baseline 0.003 -18"><span class='ocrx_word' id='word_1_811' title='bbox 1006 5042 1113 5104; x_wconf 85' lang='lat' dir='ltr'>petebat,</span> <span class='ocrx_word' id='word_1_812' title='bbox 1129 5046 1236 5106; x_wconf 85' lang='lat' dir='ltr'>utroquo</span> <span class='ocrx_word' id='word_1_813' title='bbox 1250 5056 1326 5092; x_wconf 82' lang='lat' dir='ltr'>menn</span> <span class='ocrx_word' id='word_1_814' title='bbox 1341 5043 1439 5093; x_wconf 86' lang='lat' dir='ltr'>irestem</span> <span class='ocrx_word' id='word_1_815' title='bbox 1452 5043 1562 5095; x_wconf 80' lang='lat' dir='ltr'>vibrans.</span> <span class='ocrx_word' id='word_1_816' title='bbox 1575 5050 1607 5108; x_wconf 67' lang='lat'>(5)</span> <span class='ocrx_word' id='word_1_817' title='bbox 1624 5044 1716 5094; x_wconf 85' lang='lat' dir='ltr'>Eodem</span> <span class='ocrx_word' id='word_1_818' title='bbox 1727 5047 1791 5093; x_wconf 89' lang='lat' dir='ltr'>tem-</span> 
     </span>
     <span class='ocr_line' id='line_1_102' title="bbox 1006 5140 1791 5208; baseline 0.005 -20"><span class='ocrx_word' id='word_1_819' title='bbox 1006 5151 1065 5202; x_wconf 86' lang='lat' dir='ltr'>pore</span> <span class='ocrx_word' id='word_1_820' title='bbox 1078 5142 1225 5201; x_wconf 79' lang='lat' dir='ltr'>Leonnatus,</span> <span class='ocrx_word' id='word_1_821' title='bbox 1236 5142 1280 5205; x_wconf 90' lang='lat' dir='ltr'>qui</span> <span class='ocrx_word' id='word_1_822' title='bbox 1295 5156 1375 5207; x_wconf 89' lang='lat' dir='ltr'>nuper</span> <span class='ocrx_word' id='word_1_823' title='bbox 1388 5143 1511 5208; x_wconf 72' lang='lat' dir='ltr'>Pyrrhum</span> <span class='ocrx_word' id='word_1_824' title='bbox 1523 5148 1655 5196; x_wconf 80' lang='lat' dir='ltr'>monuerat</span> <span class='ocrx_word' id='word_1_825' title='bbox 1668 5146 1696 5193; x_wconf 90' lang='lat' dir='ltr'>ut</span> <span class='ocrx_word' id='word_1_826' title='bbox 1711 5140 1743 5191; x_wconf 82' lang='lat' dir='ltr'>ab</span> <span class='ocrx_word' id='word_1_827' title='bbox 1759 5154 1791 5192; x_wconf 89' lang='lat' dir='ltr'>eo</span> 
     </span>
    </p>
   </div>
   <div class='ocr_carea' id='block_1_8' title="bbox 0 0 1890 5828">
    <p class='ocr_par' dir='ltr' id='par_1_60' title="bbox 0 0 1890 5828">
     <span class='ocr_line' id='line_1_103' title="bbox 0 0 1890 5828; baseline 0 2"><span class='ocrx_word' id='word_1_828' title='bbox 0 0 1890 5828; x_wconf 95' lang='lat' dir='ltr'> </span> 
     </span>
    </p>
   </div>
  </div>
 </body>
</html>
