<?xml version="1.0" encoding="UTF-8"?>
<!DOCTYPE html PUBLIC "-//W3C//DTD XHTML 1.0 Transitional//EN"
    "http://www.w3.org/TR/xhtml1/DTD/xhtml1-transitional.dtd">
<html xmlns="http://www.w3.org/1999/xhtml" xml:lang="en" lang="en">
 <head>
  <title>
</title>
<meta http-equiv="Content-Type" content="text/html;charset=utf-8" />
  <meta name='ocr-system' content='tesseract 3.04.00' />
  <meta name='ocr-capabilities' content='ocr_page ocr_carea ocr_par ocr_line ocrx_word'/>
</head>
<body>
  <div class='ocr_page' id='page_1' title='image "./dionysiihalicar00prougoog_0298.png"; bbox 0 0 3772 5828; ppageno 0'>
   <div class='ocr_carea' id='block_1_1' title="bbox 203 364 262 420">
    <p class='ocr_par' dir='ltr' id='par_1_1' title="bbox 203 364 262 420">
     <span class='ocr_line' id='line_1_1' title="bbox 203 364 262 420; baseline -0.034 0"><span class='ocrx_word' id='word_1_1' title='bbox 203 364 262 420; x_wconf 66' lang='lat' dir='ltr'>cte</span> 
     </span>
    </p>
   </div>
   <div class='ocr_carea' id='block_1_2' title="bbox 95 487 984 5254">
    <p class='ocr_par' dir='ltr' id='par_1_2' title="bbox 95 487 984 5254">
     <span class='ocr_line' id='line_1_2' title="bbox 203 487 980 569; baseline -0.005 -17"><span class='ocrx_word' id='word_1_2' title='bbox 203 516 232 552; x_wconf 91' lang='grc' dir='ltr'>τε</span> <span class='ocrx_word' id='word_1_3' title='bbox 243 489 349 551; x_wconf 85' lang='grc' dir='ltr'>ύπάτων</span> <span class='ocrx_word' id='word_1_4' title='bbox 364 488 410 547; x_wconf 88' lang='grc' dir='ltr'>καὶ</span> <span class='ocrx_word' id='word_1_5' title='bbox 424 491 476 546; x_wconf 91' lang='grc' dir='ltr'>τῶν</span> <span class='ocrx_word' id='word_1_6' title='bbox 498 487 586 548; x_wconf 81' lang='grc' dir='ltr'>ἀλλων</span> <span class='ocrx_word' id='word_1_7' title='bbox 598 489 729 559; x_wconf 91' lang='grc' dir='ltr'>πολιτῶν,</span> <span class='ocrx_word' id='word_1_8' title='bbox 743 491 789 548; x_wconf 84' lang='grc' dir='ltr'>καί</span> <span class='ocrx_word' id='word_1_9' title='bbox 808 489 870 569; x_wconf 80' lang='grc' dir='ltr'>περὶ</span> <span class='ocrx_word' id='word_1_10' title='bbox 883 490 980 557; x_wconf 86' lang='grc' dir='ltr'>παντὸς</span> 
     </span>
     <span class='ocr_line' id='line_1_3' title="bbox 204 576 980 658; baseline -0.003 -19"><span class='ocrx_word' id='word_1_11' title='bbox 204 577 368 656; x_wconf 82' lang='grc' dir='ltr'>ποιουμένων</span> <span class='ocrx_word' id='word_1_12' title='bbox 390 579 507 646; x_wconf 88' lang='grc' dir='ltr'>σωθῆναι</span> <span class='ocrx_word' id='word_1_13' title='bbox 521 579 638 634; x_wconf 91' lang='grc' dir='ltr'>τοιοῦτον</span> <span class='ocrx_word' id='word_1_14' title='bbox 661 576 744 656; x_wconf 83' lang='grc' dir='ltr'>ἄνδρα</span> <span class='ocrx_word' id='word_1_15' title='bbox 758 580 792 658; x_wconf 88' lang='grc' dir='ltr'>τῆ</span> <span class='ocrx_word' id='word_1_16' title='bbox 809 576 919 658; x_wconf 89' lang='grc' dir='ltr'>πατρίδι</span> <span class='ocrx_word' id='word_1_17' title='bbox 934 578 980 637; x_wconf 85' lang='grc' dir='ltr'>καί</span> 
     </span>
     <span class='ocr_line' id='line_1_4' title="bbox 202 663 981 746; baseline 0.001 -21"><span class='ocrx_word' id='word_1_18' title='bbox 202 676 255 736; x_wconf 82' lang='grc' dir='ltr'>τοῖς</span> <span class='ocrx_word' id='word_1_19' title='bbox 275 664 448 746; x_wconf 79' lang='grc' dir='ltr'>γειναμένοις,</span> <span class='ocrx_word' id='word_1_20' title='bbox 472 665 518 724; x_wconf 82' lang='grc' dir='ltr'>οῦκ</span> <span class='ocrx_word' id='word_1_21' title='bbox 541 663 662 736; x_wconf 85' lang='grc' dir='ltr'>ἐπείσθη,</span> <span class='ocrx_word' id='word_1_22' title='bbox 688 663 747 724; x_wconf 87' lang='grc' dir='ltr'>ἀλλ’</span> <span class='ocrx_word' id='word_1_23' title='bbox 768 667 859 743; x_wconf 80' lang='grc' dir='ltr'>ἔμενεν</span> <span class='ocrx_word' id='word_1_24' title='bbox 874 664 936 725; x_wconf 81' lang='grc' dir='ltr'>ἔνθα</span> <span class='ocrx_word' id='word_1_25' title='bbox 949 666 981 726; x_wconf 87' lang='grc' dir='ltr'>τδ</span> 
     </span>
     <span class='ocr_line' id='line_1_5' title="bbox 201 751 981 837; baseline 0 -22"><span class='ocrx_word' id='word_1_26' title='bbox 201 759 307 837; x_wconf 89' lang='grc' dir='ltr'>πρῶτον</span> <span class='ocrx_word' id='word_1_27' title='bbox 328 755 401 828; x_wconf 87' lang='grc' dir='ltr'>ἐστη,</span> <span class='ocrx_word' id='word_1_28' title='bbox 424 751 551 820; x_wconf 87' lang='grc' dir='ltr'>κελεύσας</span> <span class='ocrx_word' id='word_1_29' title='bbox 565 762 619 820; x_wconf 88' lang='grc' dir='ltr'>τοῖς</span> <span class='ocrx_word' id='word_1_30' title='bbox 638 752 700 830; x_wconf 83' lang='grc' dir='ltr'>περί</span> <span class='ocrx_word' id='word_1_31' title='bbox 722 753 766 812; x_wconf 88' lang='grc' dir='ltr'>τδν</span> <span class='ocrx_word' id='word_1_32' title='bbox 783 751 918 834; x_wconf 84' lang='grc' dir='ltr'>Ἑρμίνιον</span> <span class='ocrx_word' id='word_1_33' title='bbox 938 753 981 815; x_wconf 88' lang='grc' dir='ltr'>λέ-</span> 
     </span>
     <span class='ocr_line' id='line_1_6' title="bbox 162 841 981 924; baseline 0 -20"><span class='ocrx_word' id='word_1_34' title='bbox 162 869 175 907; x_wconf 85' lang='grc' dir='ltr'>ε</span> <span class='ocrx_word' id='word_1_35' title='bbox 202 868 257 923; x_wconf 87' lang='grc' dir='ltr'>γιιν</span> <span class='ocrx_word' id='word_1_36' title='bbox 278 844 342 924; x_wconf 81' lang='grc' dir='ltr'>πρὸς</span> <span class='ocrx_word' id='word_1_37' title='bbox 356 841 415 910; x_wconf 81' lang='grc' dir='ltr'>τοθς</span> <span class='ocrx_word' id='word_1_38' title='bbox 433 842 561 913; x_wconf 75' lang='grc' dir='ltr'>ὑπάτους,</span> <span class='ocrx_word' id='word_1_39' title='bbox 585 843 622 908; x_wconf 84' lang='grc' dir='ltr'>ιὐς</span> <span class='ocrx_word' id='word_1_40' title='bbox 645 843 724 900; x_wconf 81' lang='grc' dir='ltr'>αὐτοῦ</span> <span class='ocrx_word' id='word_1_41' title='bbox 744 842 891 924; x_wconf 79' lang='grc' dir='ltr'>φράσαντος</span> <span class='ocrx_word' id='word_1_42' title='bbox 910 848 981 904; x_wconf 85' lang='grc' dir='ltr'>ἀπο-</span> 
     </span>
     <span class='ocr_line' id='line_1_7' title="bbox 204 924 981 1013; baseline 0 -20"><span class='ocrx_word' id='word_1_43' title='bbox 204 935 312 993; x_wconf 84' lang='grc' dir='ltr'>κόπτειν</span> <span class='ocrx_word' id='word_1_44' title='bbox 323 933 372 1006; x_wconf 73' lang='grc' dir='ltr'>τλν</span> <span class='ocrx_word' id='word_1_45' title='bbox 387 930 503 1013; x_wconf 86' lang='grc' dir='ltr'>γέφυραν</span> <span class='ocrx_word' id='word_1_46' title='bbox 519 928 572 990; x_wconf 79' lang='grc' dir='ltr'>ἀπὸ</span> <span class='ocrx_word' id='word_1_47' title='bbox 587 934 634 1002; x_wconf 86' lang='grc' dir='ltr'>τῆς</span> <span class='ocrx_word' id='word_1_48' title='bbox 648 930 750 998; x_wconf 84' lang='grc' dir='ltr'>πολεως</span> <span class='ocrx_word' id='word_1_49' title='bbox 766 935 792 992; x_wconf 82' lang='grc' dir='ltr'>ἐν</span> <span class='ocrx_word' id='word_1_50' title='bbox 804 931 894 1013; x_wconf 85' lang='grc' dir='ltr'>τάχει·</span> <span class='ocrx_word' id='word_1_51' title='bbox 909 924 941 1006; x_wconf 64' lang='grc' dir='ltr'>ἦν</span> <span class='ocrx_word' id='word_1_52' title='bbox 953 933 981 993; x_wconf 86' lang='grc' dir='ltr'>δέ</span> 
     </span>
     <span class='ocr_line' id='line_1_8' title="bbox 204 1017 982 1102; baseline -0.004 -19"><span class='ocrx_word' id='word_1_53' title='bbox 204 1022 254 1098; x_wconf 88' lang='grc' dir='ltr'>μία</span> <span class='ocrx_word' id='word_1_54' title='bbox 277 1025 337 1082; x_wconf 89' lang='grc' dir='ltr'>κατ’</span> <span class='ocrx_word' id='word_1_55' title='bbox 360 1023 473 1088; x_wconf 73' lang='grc' dir='ltr'>ἐκείνους</span> <span class='ocrx_word' id='word_1_56' title='bbox 490 1017 550 1087; x_wconf 73' lang='grc' dir='ltr'>τοὺς</span> <span class='ocrx_word' id='word_1_57' title='bbox 573 1018 684 1100; x_wconf 87' lang='grc' dir='ltr'>χρόνους</span> <span class='ocrx_word' id='word_1_58' title='bbox 710 1018 895 1102; x_wconf 84' lang='grc' dir='ltr'>ξυλόφρακτος,</span> <span class='ocrx_word' id='word_1_59' title='bbox 920 1023 982 1081; x_wconf 83' lang='grc' dir='ltr'>ἄνευ</span> 
     </span>
     <span class='ocr_line' id='line_1_9' title="bbox 204 1105 982 1191; baseline -0.005 -21"><span class='ocrx_word' id='word_1_60' title='bbox 204 1109 311 1190; x_wconf 71' lang='grc' dir='ltr'>σιδήρου</span> <span class='ocrx_word' id='word_1_61' title='bbox 331 1107 457 1187; x_wconf 78' lang='grc' dir='ltr'>δεδεμένη</span> <span class='ocrx_word' id='word_1_62' title='bbox 472 1114 529 1175; x_wconf 87' lang='grc' dir='ltr'>ταῖς</span> <span class='ocrx_word' id='word_1_63' title='bbox 550 1106 652 1166; x_wconf 79' lang='grc' dir='ltr'>σανίσιν</span> <span class='ocrx_word' id='word_1_64' title='bbox 666 1108 769 1181; x_wconf 83' lang='grc' dir='ltr'>αὐτοῖς,</span> <span class='ocrx_word' id='word_1_65' title='bbox 781 1107 815 1181; x_wconf 81' lang='grc' dir='ltr'>ἣν</span> <span class='ocrx_word' id='word_1_66' title='bbox 830 1107 875 1168; x_wconf 86' lang='grc' dir='ltr'>καλ</span> <span class='ocrx_word' id='word_1_67' title='bbox 889 1105 982 1191; x_wconf 84' lang='grc' dir='ltr'>μέχρις</span> 
     </span>
     <span class='ocr_line' id='line_1_10' title="bbox 204 1194 982 1276; baseline 0.001 -19"><span class='ocrx_word' id='word_1_68' title='bbox 204 1199 269 1271; x_wconf 88' lang='grc' dir='ltr'>ἐμοῦ</span> <span class='ocrx_word' id='word_1_69' title='bbox 296 1197 422 1270; x_wconf 82' lang='grc' dir='ltr'>τοιαύτην</span> <span class='ocrx_word' id='word_1_70' title='bbox 441 1196 603 1276; x_wconf 72' lang='grc' dir='ltr'>φυλάττουσι</span> <span class='ocrx_word' id='word_1_71' title='bbox 617 1194 765 1271; x_wconf 85' lang='grc' dir='ltr'>Ῥωμαῖοι·</span> <span class='ocrx_word' id='word_1_72' title='bbox 786 1197 933 1258; x_wconf 86' lang='grc' dir='ltr'>ἐπιστεῖλαι</span> <span class='ocrx_word' id='word_1_73' title='bbox 954 1197 982 1258; x_wconf 85' lang='grc' dir='ltr'>δλ</span> 
     </span>
     <span class='ocr_line' id='line_1_11' title="bbox 151 1283 982 1369; baseline -0.001 -22"><span class='ocrx_word' id='word_1_74' title='bbox 151 1286 176 1326; x_wconf 89' lang='lat'>¹⁰</span> <span class='ocrx_word' id='word_1_75' title='bbox 203 1295 258 1354; x_wconf 84' lang='grc' dir='ltr'>τοῖς</span> <span class='ocrx_word' id='word_1_76' title='bbox 277 1287 411 1369; x_wconf 74' lang='grc' dir='ltr'>ἀνδράσιν,</span> <span class='ocrx_word' id='word_1_77' title='bbox 426 1284 489 1345; x_wconf 76' lang='grc' dir='ltr'>ὅταν</span> <span class='ocrx_word' id='word_1_78' title='bbox 508 1283 543 1344; x_wconf 84' lang='grc' dir='ltr'>τά</span> <span class='ocrx_word' id='word_1_79' title='bbox 554 1284 639 1345; x_wconf 89' lang='grc' dir='ltr'>πλείω</span> <span class='ocrx_word' id='word_1_80' title='bbox 653 1283 700 1357; x_wconf 73' lang='grc' dir='ltr'>τὴς</span> <span class='ocrx_word' id='word_1_81' title='bbox 713 1284 827 1369; x_wconf 87' lang='grc' dir='ltr'>γεφύρας</span> <span class='ocrx_word' id='word_1_82' title='bbox 841 1288 918 1367; x_wconf 79' lang='grc' dir='ltr'>λυθῇ,</span> <span class='ocrx_word' id='word_1_83' title='bbox 936 1287 982 1346; x_wconf 82' lang='grc' dir='ltr'>καὶ</span> 
     </span>
     <span class='ocr_line' id='line_1_12' title="bbox 205 1365 983 1458; baseline 0.004 -26"><span class='ocrx_word' id='word_1_84' title='bbox 205 1374 292 1455; x_wconf 78' lang='grc' dir='ltr'>βραχύ</span> <span class='ocrx_word' id='word_1_85' title='bbox 306 1377 335 1435; x_wconf 84' lang='grc' dir='ltr'>τὸ</span> <span class='ocrx_word' id='word_1_86' title='bbox 346 1374 501 1453; x_wconf 82' lang='grc' dir='ltr'>λειπόμενον</span> <span class='ocrx_word' id='word_1_87' title='bbox 516 1365 534 1455; x_wconf 74' lang='grc' dir='ltr'><strong>ᾖ</strong></span> <span class='ocrx_word' id='word_1_88' title='bbox 548 1373 637 1454; x_wconf 82' lang='grc' dir='ltr'>μέρος,</span> <span class='ocrx_word' id='word_1_89' title='bbox 654 1375 753 1457; x_wconf 80' lang='grc' dir='ltr'>φράσαι</span> <span class='ocrx_word' id='word_1_90' title='bbox 767 1374 832 1458; x_wconf 89' lang='grc' dir='ltr'>πρδς</span> <span class='ocrx_word' id='word_1_91' title='bbox 846 1376 923 1437; x_wconf 86' lang='grc' dir='ltr'>αύτδν</span> <span class='ocrx_word' id='word_1_92' title='bbox 935 1401 983 1450; x_wconf 81' lang='grc' dir='ltr'>σε,-</span> 
     </span>
     <span class='ocr_line' id='line_1_13' title="bbox 205 1461 981 1546; baseline 0.003 -25"><span class='ocrx_word' id='word_1_93' title='bbox 205 1463 288 1538; x_wconf 86' lang='grc' dir='ltr'>μείοις</span> <span class='ocrx_word' id='word_1_94' title='bbox 309 1464 378 1523; x_wconf 79' lang='grc' dir='ltr'>τισίν</span> <span class='ocrx_word' id='word_1_95' title='bbox 402 1461 421 1535; x_wconf 77' lang='grc' dir='ltr'>ἢ</span> <span class='ocrx_word' id='word_1_96' title='bbox 445 1466 519 1545; x_wconf 79' lang='grc' dir='ltr'>φωνῇ</span> <span class='ocrx_word' id='word_1_97' title='bbox 540 1464 718 1546; x_wconf 72' lang='grc' dir='ltr'>γεγωνοτέρᾳ·</span> <span class='ocrx_word' id='word_1_98' title='bbox 741 1463 775 1523; x_wconf 83' lang='grc' dir='ltr'>τά</span> <span class='ocrx_word' id='word_1_99' title='bbox 798 1465 878 1525; x_wconf 85' lang='grc' dir='ltr'>λοεπά</span> <span class='ocrx_word' id='word_1_100' title='bbox 898 1465 981 1545; x_wconf 84' lang='grc' dir='ltr'>λέγων</span> 
     </span>
     <span class='ocr_line' id='line_1_14' title="bbox 205 1551 983 1633; baseline 0.008 -24"><span class='ocrx_word' id='word_1_101' title='bbox 205 1554 291 1633; x_wconf 78' lang='grc' dir='ltr'>ἐαυτῷ</span> <span class='ocrx_word' id='word_1_102' title='bbox 315 1551 452 1629; x_wconf 77' lang='grc' dir='ltr'>μελήσειν.</span> <span class='ocrx_word' id='word_1_103' title='bbox 495 1553 581 1612; x_wconf 84' lang='grc' dir='ltr'>Ταῦτ’</span> <span class='ocrx_word' id='word_1_104' title='bbox 606 1553 840 1632; x_wconf 72' lang='grc' dir='ltr'>ἐπικελευσάμενος</span> <span class='ocrx_word' id='word_1_105' title='bbox 861 1563 914 1622; x_wconf 82' lang='grc' dir='ltr'>τοῖς</span> <span class='ocrx_word' id='word_1_106' title='bbox 940 1556 983 1615; x_wconf 88' lang='grc' dir='ltr'>θυ-</span> 
     </span>
     <span class='ocr_line' id='line_1_15' title="bbox 205 1635 981 1721; baseline 0.003 -24"><span class='ocrx_word' id='word_1_107' title='bbox 205 1635 245 1697; x_wconf 84' lang='grc' dir='ltr'>σὶν</span> <span class='ocrx_word' id='word_1_108' title='bbox 271 1641 313 1698; x_wconf 85' lang='grc' dir='ltr'>ἐπ’</span> <span class='ocrx_word' id='word_1_109' title='bbox 328 1640 410 1711; x_wconf 83' lang='grc' dir='ltr'>αθτῆς</span> <span class='ocrx_word' id='word_1_110' title='bbox 427 1638 536 1699; x_wconf 87' lang='grc' dir='ltr'>ίσταται</span> <span class='ocrx_word' id='word_1_111' title='bbox 555 1643 602 1711; x_wconf 90' lang='grc' dir='ltr'>τῆς</span> <span class='ocrx_word' id='word_1_112' title='bbox 616 1639 738 1721; x_wconf 83' lang='grc' dir='ltr'>γεφύρας,</span> <span class='ocrx_word' id='word_1_113' title='bbox 761 1641 807 1700; x_wconf 82' lang='grc' dir='ltr'>καί</span> <span class='ocrx_word' id='word_1_114' title='bbox 826 1644 880 1701; x_wconf 91' lang='grc' dir='ltr'>τῶν</span> <span class='ocrx_word' id='word_1_115' title='bbox 901 1641 981 1719; x_wconf 80' lang='grc' dir='ltr'>ὁμόσε</span> 
     </span>
     <span class='ocr_line' id='line_1_16' title="bbox 152 1724 982 1811; baseline 0.004 -25"><span class='ocrx_word' id='word_1_116' title='bbox 152 1724 176 1764; x_wconf 77' lang='lat'>¹⁶</span> <span class='ocrx_word' id='word_1_117' title='bbox 204 1727 362 1807; x_wconf 81' lang='grc' dir='ltr'>χωρούντων</span> <span class='ocrx_word' id='word_1_118' title='bbox 375 1727 419 1795; x_wconf 88' lang='grc' dir='ltr'>οθς</span> <span class='ocrx_word' id='word_1_119' title='bbox 434 1727 482 1803; x_wconf 78' lang='grc' dir='ltr'>μίν</span> <span class='ocrx_word' id='word_1_120' title='bbox 494 1730 534 1808; x_wconf 80' lang='grc' dir='ltr'>τῷ</span> <span class='ocrx_word' id='word_1_121' title='bbox 547 1727 615 1809; x_wconf 90' lang='grc' dir='ltr'>ξίφει</span> <span class='ocrx_word' id='word_1_122' title='bbox 634 1728 732 1802; x_wconf 83' lang='grc' dir='ltr'>παίων,</span> <span class='ocrx_word' id='word_1_123' title='bbox 747 1728 792 1797; x_wconf 88' lang='grc' dir='ltr'>οθς</span> <span class='ocrx_word' id='word_1_124' title='bbox 806 1728 834 1790; x_wconf 82' lang='grc' dir='ltr'>δέ</span> <span class='ocrx_word' id='word_1_125' title='bbox 847 1733 885 1811; x_wconf 80' lang='grc' dir='ltr'>τῷ</span> <span class='ocrx_word' id='word_1_126' title='bbox 899 1734 982 1809; x_wconf 80' lang='grc' dir='ltr'>θυρεῷ</span> 
     </span>
     <span class='ocr_line' id='line_1_17' title="bbox 204 1815 982 1899; baseline 0.005 -26"><span class='ocrx_word' id='word_1_127' title='bbox 204 1817 376 1897; x_wconf 82' lang='grc' dir='ltr'>περιτρέπων,</span> <span class='ocrx_word' id='word_1_128' title='bbox 404 1816 506 1885; x_wconf 86' lang='grc' dir='ltr'>πάντας</span> <span class='ocrx_word' id='word_1_129' title='bbox 522 1817 657 1877; x_wconf 79' lang='grc' dir='ltr'>ἀνέστειλε</span> <span class='ocrx_word' id='word_1_130' title='bbox 675 1819 735 1886; x_wconf 85' lang='grc' dir='ltr'>τοθς</span> <span class='ocrx_word' id='word_1_131' title='bbox 748 1815 916 1899; x_wconf 73' lang='grc' dir='ltr'>ὁρμήσαντας</span> <span class='ocrx_word' id='word_1_132' title='bbox 936 1818 982 1878; x_wconf 62' lang='lat' dir='ltr'>tut</span> 
     </span>
     <span class='ocr_line' id='line_1_18' title="bbox 203 1903 981 1988; baseline 0.004 -26"><span class='ocrx_word' id='word_1_133' title='bbox 203 1903 250 1976; x_wconf 76' lang='grc' dir='ltr'>τλν</span> <span class='ocrx_word' id='word_1_134' title='bbox 278 1904 408 1988; x_wconf 87' lang='grc' dir='ltr'>γέφυραν·</span> <span class='ocrx_word' id='word_1_135' title='bbox 434 1904 521 1965; x_wconf 88' lang='grc' dir='ltr'>ούκέτι</span> <span class='ocrx_word' id='word_1_136' title='bbox 545 1904 597 1987; x_wconf 85' lang='grc' dir='ltr'>γάρ</span> <span class='ocrx_word' id='word_1_137' title='bbox 618 1907 654 1973; x_wconf 82' lang='grc' dir='ltr'>είς</span> <span class='ocrx_word' id='word_1_138' title='bbox 676 1908 768 1986; x_wconf 84' lang='grc' dir='ltr'>χεῖρας</span> <span class='ocrx_word' id='word_1_139' title='bbox 793 1909 865 1988; x_wconf 78' lang='grc' dir='ltr'>αὐτῷ</span> <span class='ocrx_word' id='word_1_140' title='bbox 884 1907 981 1985; x_wconf 84' lang='grc' dir='ltr'>χωρεῖν</span> 
     </span>
     <span class='ocr_line' id='line_1_19' title="bbox 203 1992 980 2072; baseline 0.004 -21"><span class='ocrx_word' id='word_1_141' title='bbox 203 1993 322 2071; x_wconf 89' lang='grc' dir='ltr'>ἐτόλμων</span> <span class='ocrx_word' id='word_1_142' title='bbox 346 1996 371 2053; x_wconf 81' lang='lat' dir='ltr'>ot</span> <span class='ocrx_word' id='word_1_143' title='bbox 393 1992 539 2066; x_wconf 81' lang='grc' dir='ltr'>διώκοντες,</span> <span class='ocrx_word' id='word_1_144' title='bbox 554 1997 589 2061; x_wconf 88' lang='grc' dir='ltr'>ῶς</span> <span class='ocrx_word' id='word_1_145' title='bbox 612 1995 742 2072; x_wconf 83' lang='grc' dir='ltr'>μεμηνότι</span> <span class='ocrx_word' id='word_1_146' title='bbox 755 1994 800 2054; x_wconf 85' lang='grc' dir='ltr'>καλ</span> <span class='ocrx_word' id='word_1_147' title='bbox 823 1998 980 2068; x_wconf 84' lang='grc' dir='ltr'>θανατῶντι,</span> 
     </span>
     <span class='ocr_line' id='line_1_20' title="bbox 203 2080 981 2163; baseline 0.003 -24"><span class='ocrx_word' id='word_1_148' title='bbox 203 2081 248 2140; x_wconf 83' lang='grc' dir='ltr'>καὶ</span> <span class='ocrx_word' id='word_1_149' title='bbox 273 2080 321 2159; x_wconf 80' lang='grc' dir='ltr'>ἀμ’</span> <span class='ocrx_word' id='word_1_150' title='bbox 342 2080 401 2141; x_wconf 77' lang='lat' dir='ltr'>otti</span> <span class='ocrx_word' id='word_1_151' title='bbox 423 2080 510 2163; x_wconf 69' lang='grc' dir='ltr'>ῥοίδιον</span> <span class='ocrx_word' id='word_1_152' title='bbox 536 2083 606 2162; x_wconf 81' lang='grc' dir='ltr'>αὐτῷ</span> <span class='ocrx_word' id='word_1_153' title='bbox 628 2083 781 2160; x_wconf 85' lang='grc' dir='ltr'>προσελθεῖν</span> <span class='ocrx_word' id='word_1_154' title='bbox 805 2081 934 2161; x_wconf 89' lang='grc' dir='ltr'>ύπάρχον,</span> <span class='ocrx_word' id='word_1_155' title='bbox 955 2081 981 2150; x_wconf 80' lang='grc' dir='ltr'>ἐξ</span> 
     </span>
     <span class='ocr_line' id='line_1_21' title="bbox 151 2167 983 2249; baseline 0 -20"><span class='ocrx_word' id='word_1_156' title='bbox 151 2181 178 2223; x_wconf 79' lang='lat'>²0</span> <span class='ocrx_word' id='word_1_157' title='bbox 204 2169 343 2246; x_wconf 79' lang='grc' dir='ltr'>εὐωνύμων</span> <span class='ocrx_word' id='word_1_158' title='bbox 358 2170 407 2247; x_wconf 81' lang='grc' dir='ltr'>μὲν</span> <span class='ocrx_word' id='word_1_159' title='bbox 420 2169 465 2228; x_wconf 83' lang='grc' dir='ltr'>καί</span> <span class='ocrx_word' id='word_1_160' title='bbox 478 2167 567 2238; x_wconf 89' lang='grc' dir='ltr'>δεξιῶν</span> <span class='ocrx_word' id='word_1_161' title='bbox 585 2169 672 2248; x_wconf 89' lang='grc' dir='ltr'>ἐχοντι</span> <span class='ocrx_word' id='word_1_162' title='bbox 685 2169 829 2249; x_wconf 86' lang='grc' dir='ltr'>πρόόλημα</span> <span class='ocrx_word' id='word_1_163' title='bbox 840 2169 886 2230; x_wconf 89' lang='grc' dir='ltr'>τδν</span> <span class='ocrx_word' id='word_1_164' title='bbox 899 2193 983 2229; x_wconf 91' lang='grc' dir='ltr'>ποτα-</span> 
     </span>
     <span class='ocr_line' id='line_1_22' title="bbox 204 2256 981 2338; baseline -0.001 -21"><span class='ocrx_word' id='word_1_165' title='bbox 204 2258 264 2332; x_wconf 86' lang='grc' dir='ltr'>μὸν,</span> <span class='ocrx_word' id='word_1_166' title='bbox 278 2260 308 2316; x_wconf 81' lang='grc' dir='ltr'>ἐκ</span> <span class='ocrx_word' id='word_1_167' title='bbox 321 2259 349 2317; x_wconf 75' lang='grc' dir='ltr'>δὲ</span> <span class='ocrx_word' id='word_1_168' title='bbox 362 2263 408 2319; x_wconf 87' lang='grc' dir='ltr'>τοῦ</span> <span class='ocrx_word' id='word_1_169' title='bbox 423 2257 494 2317; x_wconf 82' lang='grc' dir='ltr'>κατά</span> <span class='ocrx_word' id='word_1_170' title='bbox 508 2256 661 2338; x_wconf 90' lang='grc' dir='ltr'>πρόσωπον,</span> <span class='ocrx_word' id='word_1_171' title='bbox 678 2257 766 2318; x_wconf 83' lang='grc' dir='ltr'>όπλων</span> <span class='ocrx_word' id='word_1_172' title='bbox 779 2281 809 2318; x_wconf 91' lang='grc' dir='ltr'>τε</span> <span class='ocrx_word' id='word_1_173' title='bbox 824 2259 870 2319; x_wconf 79' lang='grc' dir='ltr'>καί</span> <span class='ocrx_word' id='word_1_174' title='bbox 883 2263 981 2338; x_wconf 87' lang='grc' dir='ltr'>νεκρῶν</span> 
     </span>
     <span class='ocr_line' id='line_1_23' title="bbox 204 2345 982 2428; baseline 0.003 -23"><span class='ocrx_word' id='word_1_175' title='bbox 204 2346 303 2427; x_wconf 88' lang='grc' dir='ltr'>σωρόν·</span> <span class='ocrx_word' id='word_1_176' title='bbox 323 2345 384 2406; x_wconf 89' lang='grc' dir='ltr'>ἀλλ’</span> <span class='ocrx_word' id='word_1_177' title='bbox 406 2346 510 2406; x_wconf 90' lang='grc' dir='ltr'>άπωθεν</span> <span class='ocrx_word' id='word_1_178' title='bbox 532 2349 644 2415; x_wconf 88' lang='grc' dir='ltr'>ίστῶτες</span> <span class='ocrx_word' id='word_1_179' title='bbox 663 2347 750 2427; x_wconf 84' lang='grc' dir='ltr'>ἀθρόοι</span> <span class='ocrx_word' id='word_1_180' title='bbox 763 2346 873 2428; x_wconf 82' lang='grc' dir='ltr'>λόγχαις</span> <span class='ocrx_word' id='word_1_181' title='bbox 892 2370 921 2406; x_wconf 89' lang='grc' dir='ltr'>τε</span> <span class='ocrx_word' id='word_1_182' title='bbox 937 2346 982 2407; x_wconf 85' lang='grc' dir='ltr'>καί</span> 
     </span>
     <span class='ocr_line' id='line_1_24' title="bbox 205 2426 982 2516; baseline 0.001 -22"><span class='ocrx_word' id='word_1_183' title='bbox 205 2433 319 2504; x_wconf 86' lang='grc' dir='ltr'>σαυνίοις</span> <span class='ocrx_word' id='word_1_184' title='bbox 334 2436 380 2495; x_wconf 85' lang='grc' dir='ltr'>καὶ</span> <span class='ocrx_word' id='word_1_185' title='bbox 394 2433 474 2504; x_wconf 87' lang='grc' dir='ltr'>λίθοις</span> <span class='ocrx_word' id='word_1_186' title='bbox 488 2435 691 2516; x_wconf 81' lang='grc' dir='ltr'>χειροπληθέσιν</span> <span class='ocrx_word' id='word_1_187' title='bbox 706 2432 834 2495; x_wconf 85' lang='grc' dir='ltr'>ἐόαλλον·</span> <span class='ocrx_word' id='word_1_188' title='bbox 849 2426 886 2504; x_wconf 75' lang='grc' dir='ltr'>οἷς</span> <span class='ocrx_word' id='word_1_189' title='bbox 901 2437 928 2495; x_wconf 87' lang='grc' dir='ltr'>δέ</span> <span class='ocrx_word' id='word_1_190' title='bbox 944 2439 982 2515; x_wconf 72' lang='grc' dir='ltr'>μδ,</span> 
     </span>
     <span class='ocr_line' id='line_1_25' title="bbox 204 2522 982 2605; baseline 0.004 -23"><span class='ocrx_word' id='word_1_191' title='bbox 204 2523 301 2604; x_wconf 90' lang='grc' dir='ltr'>παρείη</span> <span class='ocrx_word' id='word_1_192' title='bbox 319 2530 413 2601; x_wconf 88' lang='grc' dir='ltr'>ταῦτα,</span> <span class='ocrx_word' id='word_1_193' title='bbox 438 2526 492 2591; x_wconf 88' lang='grc' dir='ltr'>τοῖς</span> <span class='ocrx_word' id='word_1_194' title='bbox 516 2522 600 2605; x_wconf 86' lang='grc' dir='ltr'>ξίφεσι</span> <span class='ocrx_word' id='word_1_195' title='bbox 617 2523 664 2583; x_wconf 84' lang='grc' dir='ltr'>καλ</span> <span class='ocrx_word' id='word_1_196' title='bbox 678 2531 737 2592; x_wconf 84' lang='grc' dir='ltr'>ταῖς</span> <span class='ocrx_word' id='word_1_197' title='bbox 757 2523 850 2586; x_wconf 80' lang='grc' dir='ltr'>ἀσπίσι</span> <span class='ocrx_word' id='word_1_198' title='bbox 870 2527 924 2585; x_wconf 89' lang='grc' dir='ltr'>τῶν</span> <span class='ocrx_word' id='word_1_199' title='bbox 937 2549 982 2585; x_wconf 88' lang='grc' dir='ltr'>νε-</span> 
     </span>
     <span class='ocr_line' id='line_1_26' title="bbox 149 2610 982 2694; baseline -0.001 -22"><span class='ocrx_word' id='word_1_200' title='bbox 149 2621 177 2658; x_wconf 65' lang='lat'>25</span> <span class='ocrx_word' id='word_1_201' title='bbox 203 2618 286 2692; x_wconf 82' lang='grc' dir='ltr'>κρῶν.</span> <span class='ocrx_word' id='word_1_202' title='bbox 330 2611 362 2673; x_wconf 90' lang='lat'>‘0</span> <span class='ocrx_word' id='word_1_203' title='bbox 377 2615 399 2672; x_wconf 83' lang='grc' dir='ltr'>δ’</span> <span class='ocrx_word' id='word_1_204' title='bbox 414 2611 531 2690; x_wconf 77' lang='grc' dir='ltr'>ἠμύνετο</span> <span class='ocrx_word' id='word_1_205' title='bbox 543 2620 596 2680; x_wconf 84' lang='grc' dir='ltr'>τοῖς</span> <span class='ocrx_word' id='word_1_206' title='bbox 618 2612 723 2673; x_wconf 80' lang='grc' dir='ltr'>ἐκείνων</span> <span class='ocrx_word' id='word_1_207' title='bbox 737 2613 871 2694; x_wconf 82' lang='grc' dir='ltr'>χρώμενος</span> <span class='ocrx_word' id='word_1_208' title='bbox 892 2610 982 2681; x_wconf 83' lang='grc' dir='ltr'>όπλοις</span> 
     </span>
     <span class='ocr_line' id='line_1_27' title="bbox 204 2700 982 2783; baseline 0.001 -23"><span class='ocrx_word' id='word_1_209' title='bbox 204 2707 264 2760; x_wconf 90' lang='grc' dir='ltr'>κατ’</span> <span class='ocrx_word' id='word_1_210' title='bbox 292 2702 390 2774; x_wconf 86' lang='grc' dir='ltr'>αῦτῶν,</span> <span class='ocrx_word' id='word_1_211' title='bbox 418 2701 464 2761; x_wconf 84' lang='grc' dir='ltr'>καί</span> <span class='ocrx_word' id='word_1_212' title='bbox 491 2700 600 2779; x_wconf 81' lang='grc' dir='ltr'>ἐμελλεν</span> <span class='ocrx_word' id='word_1_213' title='bbox 626 2701 717 2783; x_wconf 79' lang='grc' dir='ltr'>ῶσπερ</span> <span class='ocrx_word' id='word_1_214' title='bbox 737 2702 805 2770; x_wconf 80' lang='grc' dir='ltr'>είκθς</span> <span class='ocrx_word' id='word_1_215' title='bbox 820 2704 856 2771; x_wconf 85' lang='grc' dir='ltr'>είς</span> <span class='ocrx_word' id='word_1_216' title='bbox 874 2703 982 2783; x_wconf 82' lang='grc' dir='ltr'>ἀθρόους</span> 
     </span>
     <span class='ocr_line' id='line_1_28' title="bbox 207 2788 982 2866; baseline 0.003 -20"><span class='ocrx_word' id='word_1_217' title='bbox 207 2789 311 2866; x_wconf 86' lang='grc' dir='ltr'>βάλλων</span> <span class='ocrx_word' id='word_1_218' title='bbox 326 2790 368 2852; x_wconf 87' lang='grc' dir='ltr'>ἀεί</span> <span class='ocrx_word' id='word_1_219' title='bbox 383 2812 452 2858; x_wconf 88' lang='grc' dir='ltr'>τινος</span> <span class='ocrx_word' id='word_1_220' title='bbox 466 2789 602 2860; x_wconf 86' lang='grc' dir='ltr'>τεύξεσθαι</span> <span class='ocrx_word' id='word_1_221' title='bbox 616 2797 726 2852; x_wconf 92' lang='grc' dir='ltr'>σκοποῦ.</span> <span class='ocrx_word' id='word_1_222' title='bbox 768 2788 839 2865; x_wconf 86' lang='grc' dir='ltr'>Ἤδη</span> <span class='ocrx_word' id='word_1_223' title='bbox 854 2791 881 2852; x_wconf 77' lang='grc' dir='ltr'>δέ</span> <span class='ocrx_word' id='word_1_224' title='bbox 896 2815 982 2851; x_wconf 91' lang='grc' dir='ltr'>κατα-</span> 
     </span>
     <span class='ocr_line' id='line_1_29' title="bbox 206 2870 982 2959; baseline 0.004 -26"><span class='ocrx_word' id='word_1_225' title='bbox 206 2873 283 2946; x_wconf 82' lang='grc' dir='ltr'>όελῆς</span> <span class='ocrx_word' id='word_1_226' title='bbox 304 2870 341 2933; x_wconf 84' lang='grc' dir='ltr'>ῶν</span> <span class='ocrx_word' id='word_1_227' title='bbox 362 2877 408 2935; x_wconf 82' lang='grc' dir='ltr'>καὶ</span> <span class='ocrx_word' id='word_1_228' title='bbox 421 2876 581 2958; x_wconf 90' lang='grc' dir='ltr'>τραυμάτων</span> <span class='ocrx_word' id='word_1_229' title='bbox 598 2880 695 2948; x_wconf 88' lang='grc' dir='ltr'>πλῆθος</span> <span class='ocrx_word' id='word_1_230' title='bbox 716 2881 743 2937; x_wconf 88' lang='grc' dir='ltr'>ίν</span> <span class='ocrx_word' id='word_1_231' title='bbox 764 2879 871 2947; x_wconf 81' lang='grc' dir='ltr'>πολλοῖς</span> <span class='ocrx_word' id='word_1_232' title='bbox 892 2879 982 2959; x_wconf 84' lang='grc' dir='ltr'>μέρεσι</span> 
     </span>
     <span class='ocr_line' id='line_1_30' title="bbox 204 2962 981 3048; baseline 0.005 -27"><span class='ocrx_word' id='word_1_233' title='bbox 204 2967 251 3022; x_wconf 91' lang='grc' dir='ltr'>τοῦ</span> <span class='ocrx_word' id='word_1_234' title='bbox 275 2962 398 3042; x_wconf 85' lang='grc' dir='ltr'>σώματος</span> <span class='ocrx_word' id='word_1_235' title='bbox 412 2966 492 3044; x_wconf 79' lang='grc' dir='ltr'>ἔχων,</span> <span class='ocrx_word' id='word_1_236' title='bbox 514 2965 578 3043; x_wconf 87' lang='grc' dir='ltr'>μίαν</span> <span class='ocrx_word' id='word_1_237' title='bbox 594 2965 622 3023; x_wconf 85' lang='grc' dir='ltr'>δὲ</span> <span class='ocrx_word' id='word_1_238' title='bbox 645 2966 750 3045; x_wconf 75' lang='grc' dir='ltr'>πληγὴν</span> <span class='ocrx_word' id='word_1_239' title='bbox 771 2966 882 3048; x_wconf 83' lang='grc' dir='ltr'>λόχχης,</span> <span class='ocrx_word' id='word_1_240' title='bbox 906 2967 981 3040; x_wconf 78' lang='grc' dir='ltr'>ῆδιά</span> 
     </span>
     <span class='ocr_line' id='line_1_31' title="bbox 150 3038 982 3135; baseline 0.005 -27"><span class='ocrx_word' id='word_1_241' title='bbox 150 3038 176 3076; x_wconf 82' lang='lat'>³⁰</span> <span class='ocrx_word' id='word_1_242' title='bbox 205 3052 313 3131; x_wconf 85' lang='grc' dir='ltr'>θατέρου</span> <span class='ocrx_word' id='word_1_243' title='bbox 332 3057 383 3112; x_wconf 90' lang='grc' dir='ltr'>τῶν</span> <span class='ocrx_word' id='word_1_244' title='bbox 398 3056 516 3132; x_wconf 83' lang='grc' dir='ltr'>γλουτῶν</span> <span class='ocrx_word' id='word_1_245' title='bbox 535 3054 601 3132; x_wconf 84' lang='grc' dir='ltr'>ύπέρ</span> <span class='ocrx_word' id='word_1_246' title='bbox 625 3057 672 3125; x_wconf 88' lang='grc' dir='ltr'>τῆς</span> <span class='ocrx_word' id='word_1_247' title='bbox 690 3056 805 3135; x_wconf 80' lang='grc' dir='ltr'>κεφαλῆς</span> <span class='ocrx_word' id='word_1_248' title='bbox 827 3058 874 3113; x_wconf 87' lang='grc' dir='ltr'>τοῦ</span> <span class='ocrx_word' id='word_1_249' title='bbox 896 3060 982 3133; x_wconf 80' lang='grc' dir='ltr'>μηροῦ</span> 
     </span>
     <span class='ocr_line' id='line_1_32' title="bbox 205 3140 981 3223; baseline -0.001 -24"><span class='ocrx_word' id='word_1_250' title='bbox 205 3141 280 3200; x_wconf 88' lang='grc' dir='ltr'>ἀντία</span> <span class='ocrx_word' id='word_1_251' title='bbox 305 3144 439 3223; x_wconf 78' lang='grc' dir='ltr'>ἐνεχθεῖσα</span> <span class='ocrx_word' id='word_1_252' title='bbox 467 3140 600 3201; x_wconf 85' lang='grc' dir='ltr'>ἐκάκωσεν</span> <span class='ocrx_word' id='word_1_253' title='bbox 631 3141 710 3200; x_wconf 85' lang='grc' dir='ltr'>αύτδν</span> <span class='ocrx_word' id='word_1_254' title='bbox 736 3142 838 3208; x_wconf 81' lang='grc' dir='ltr'>ὀδύναις</span> <span class='ocrx_word' id='word_1_255' title='bbox 862 3140 908 3200; x_wconf 85' lang='grc' dir='ltr'>καλ</span> <span class='ocrx_word' id='word_1_256' title='bbox 933 3141 981 3215; x_wconf 72' lang='grc' dir='ltr'>τὴν</span> 
     </span>
     <span class='ocr_line' id='line_1_33' title="bbox 205 3227 982 3309; baseline -0.003 -21"><span class='ocrx_word' id='word_1_257' title='bbox 205 3229 282 3307; x_wconf 88' lang='grc' dir='ltr'>βάσιν</span> <span class='ocrx_word' id='word_1_258' title='bbox 298 3230 444 3309; x_wconf 84' lang='grc' dir='ltr'>έόλαπτεν,</span> <span class='ocrx_word' id='word_1_259' title='bbox 461 3229 553 3301; x_wconf 80' lang='grc' dir='ltr'>ἐπειδὴ</span> <span class='ocrx_word' id='word_1_260' title='bbox 572 3231 624 3289; x_wconf 90' lang='grc' dir='ltr'>τῶν</span> <span class='ocrx_word' id='word_1_261' title='bbox 639 3227 751 3289; x_wconf 87' lang='grc' dir='ltr'>κατόπιν</span> <span class='ocrx_word' id='word_1_262' title='bbox 769 3227 865 3300; x_wconf 81' lang='grc' dir='ltr'>ῆκουεν</span> <span class='ocrx_word' id='word_1_263' title='bbox 881 3229 982 3306; x_wconf 85' lang='grc' dir='ltr'>ἐμόοη-</span> 
     </span>
     <span class='ocr_line' id='line_1_34' title="bbox 204 3315 982 3399; baseline 0.003 -23"><span class='ocrx_word' id='word_1_264' title='bbox 204 3318 306 3377; x_wconf 91' lang='grc' dir='ltr'>σάντων</span> <span class='ocrx_word' id='word_1_265' title='bbox 320 3319 445 3377; x_wconf 85' lang='grc' dir='ltr'>λελύσθαι</span> <span class='ocrx_word' id='word_1_266' title='bbox 462 3322 509 3391; x_wconf 86' lang='grc' dir='ltr'>τῆς</span> <span class='ocrx_word' id='word_1_267' title='bbox 523 3316 637 3399; x_wconf 88' lang='grc' dir='ltr'>γεφύρας</span> <span class='ocrx_word' id='word_1_268' title='bbox 651 3317 682 3376; x_wconf 85' lang='grc' dir='ltr'>τὸ</span> <span class='ocrx_word' id='word_1_269' title='bbox 694 3315 771 3377; x_wconf 86' lang='grc' dir='ltr'>πλέον</span> <span class='ocrx_word' id='word_1_270' title='bbox 785 3316 872 3398; x_wconf 80' lang='grc' dir='ltr'>μέρος,</span> <span class='ocrx_word' id='word_1_271' title='bbox 885 3319 982 3378; x_wconf 92' lang='grc' dir='ltr'>καθάλ-</span> 
     </span>
     <span class='ocr_line' id='line_1_35' title="bbox 203 3405 983 3481; baseline 0 -16"><span class='ocrx_word' id='word_1_272' title='bbox 203 3407 277 3466; x_wconf 90' lang='grc' dir='ltr'>λεται</span> <span class='ocrx_word' id='word_1_273' title='bbox 294 3406 341 3466; x_wconf 81' lang='grc' dir='ltr'>σύν</span> <span class='ocrx_word' id='word_1_274' title='bbox 358 3417 412 3475; x_wconf 84' lang='grc' dir='ltr'>τοῖς</span> <span class='ocrx_word' id='word_1_275' title='bbox 427 3405 518 3475; x_wconf 86' lang='grc' dir='ltr'>όπλοις</span> <span class='ocrx_word' id='word_1_276' title='bbox 532 3410 569 3474; x_wconf 86' lang='grc' dir='ltr'>είς</span> <span class='ocrx_word' id='word_1_277' title='bbox 589 3409 633 3466; x_wconf 85' lang='grc' dir='ltr'>τόν</span> <span class='ocrx_word' id='word_1_278' title='bbox 648 3405 784 3481; x_wconf 87' lang='grc' dir='ltr'>ποταμόν·</span> <span class='ocrx_word' id='word_1_279' title='bbox 797 3413 844 3467; x_wconf 86' lang='grc' dir='ltr'>καὶ</span> <span class='ocrx_word' id='word_1_280' title='bbox 859 3406 983 3479; x_wconf 88' lang='grc' dir='ltr'>διανηξά-</span> 
     </span>
     <span class='ocr_line' id='line_1_36' title="bbox 151 3494 983 3576; baseline 0.005 -23"><span class='ocrx_word' id='word_1_281' title='bbox 151 3508 177 3546; x_wconf 72' lang='grc'>35</span> <span class='ocrx_word' id='word_1_282' title='bbox 205 3518 281 3571; x_wconf 85' lang='grc' dir='ltr'>μενος</span> <span class='ocrx_word' id='word_1_283' title='bbox 295 3496 325 3554; x_wconf 85' lang='grc' dir='ltr'>τό</span> <span class='ocrx_word' id='word_1_284' title='bbox 349 3501 433 3576; x_wconf 81' lang='grc' dir='ltr'>ῥεῦμα</span> <span class='ocrx_word' id='word_1_285' title='bbox 455 3500 580 3576; x_wconf 86' lang='grc' dir='ltr'>χαλεπῶς</span> <span class='ocrx_word' id='word_1_286' title='bbox 604 3494 688 3554; x_wconf 90' lang='grc' dir='ltr'>πάνυ·</span> <span class='ocrx_word' id='word_1_287' title='bbox 704 3495 765 3575; x_wconf 82' lang='grc' dir='ltr'>περὶ</span> <span class='ocrx_word' id='word_1_288' title='bbox 780 3494 831 3575; x_wconf 81' lang='grc' dir='ltr'>γάρ</span> <span class='ocrx_word' id='word_1_289' title='bbox 844 3503 898 3565; x_wconf 85' lang='grc' dir='ltr'>τοῖς</span> <span class='ocrx_word' id='word_1_290' title='bbox 916 3499 983 3557; x_wconf 83' lang='grc' dir='ltr'>ὑπε-</span> 
     </span>
     <span class='ocr_line' id='line_1_37' title="bbox 206 3577 983 3664; baseline 0 -22"><span class='ocrx_word' id='word_1_291' title='bbox 206 3583 332 3661; x_wconf 88' lang='grc' dir='ltr'>ρείσμασι</span> <span class='ocrx_word' id='word_1_292' title='bbox 350 3588 403 3643; x_wconf 89' lang='grc' dir='ltr'>τῶν</span> <span class='ocrx_word' id='word_1_293' title='bbox 418 3584 531 3644; x_wconf 81' lang='grc' dir='ltr'>σανίδων</span> <span class='ocrx_word' id='word_1_294' title='bbox 546 3582 698 3663; x_wconf 77' lang='grc' dir='ltr'>σχιζόμενος</span> <span class='ocrx_word' id='word_1_295' title='bbox 712 3585 726 3640; x_wconf 84' lang='grc' dir='ltr'>θ</span> <span class='ocrx_word' id='word_1_296' title='bbox 741 3588 800 3664; x_wconf 72' lang='grc' dir='ltr'>ῥοῦς</span> <span class='ocrx_word' id='word_1_297' title='bbox 817 3583 874 3656; x_wconf 79' lang='grc' dir='ltr'>ὀξύς</span> <span class='ocrx_word' id='word_1_298' title='bbox 892 3577 923 3659; x_wconf 65' lang='grc' dir='ltr'>ἦν</span> <span class='ocrx_word' id='word_1_299' title='bbox 938 3583 983 3644; x_wconf 79' lang='grc' dir='ltr'>καὶ</span> 
     </span>
     <span class='ocr_line' id='line_1_38' title="bbox 204 3670 982 3753; baseline 0 -21"><span class='ocrx_word' id='word_1_300' title='bbox 204 3672 276 3740; x_wconf 86' lang='grc' dir='ltr'>δίνας</span> <span class='ocrx_word' id='word_1_301' title='bbox 303 3671 386 3732; x_wconf 85' lang='grc' dir='ltr'>ε’ποέει</span> <span class='ocrx_word' id='word_1_302' title='bbox 413 3675 542 3752; x_wconf 86' lang='grc' dir='ltr'>μεγάλας·</span> <span class='ocrx_word' id='word_1_303' title='bbox 572 3670 781 3749; x_wconf 82' lang='grc' dir='ltr'>ἐξεκολύμόησεν</span> <span class='ocrx_word' id='word_1_304' title='bbox 807 3674 913 3748; x_wconf 72' lang='grc' dir='ltr'>εἰς’τλν</span> <span class='ocrx_word' id='word_1_305' title='bbox 933 3679 982 3753; x_wconf 84' lang='grc' dir='ltr'>γῆν</span> 
     </span>
     <span class='ocr_line' id='line_1_39' title="bbox 204 3760 776 3840; baseline 0.005 -21"><span class='ocrx_word' id='word_1_306' title='bbox 204 3762 277 3821; x_wconf 78' lang='grc' dir='ltr'>οὐδὲν</span> <span class='ocrx_word' id='word_1_307' title='bbox 292 3766 344 3821; x_wconf 88' lang='grc' dir='ltr'>τῶν</span> <span class='ocrx_word' id='word_1_308' title='bbox 357 3763 446 3823; x_wconf 81' lang='grc' dir='ltr'>ὅπλων</span> <span class='ocrx_word' id='word_1_309' title='bbox 462 3765 488 3820; x_wconf 79' lang='grc' dir='ltr'>ἐν</span> <span class='ocrx_word' id='word_1_310' title='bbox 503 3764 541 3840; x_wconf 82' lang='grc' dir='ltr'>τῷ</span> <span class='ocrx_word' id='word_1_311' title='bbox 553 3764 605 3820; x_wconf 85' lang='grc' dir='ltr'>νεῖν</span> <span class='ocrx_word' id='word_1_312' title='bbox 622 3760 776 3822; x_wconf 79' lang='grc' dir='ltr'>ἀποόαλῶν.</span> 
     </span>
     <span class='ocr_line' id='line_1_40' title="bbox 243 3854 982 3936; baseline -0.001 -21"><span class='ocrx_word' id='word_1_313' title='bbox 243 3856 332 3918; x_wconf 76' lang='lat' dir='ltr'>xliv,</span> <span class='ocrx_word' id='word_1_314' title='bbox 355 3856 440 3915; x_wconf 80' lang='grc' dir='ltr'>Τοῦτο</span> <span class='ocrx_word' id='word_1_315' title='bbox 454 3854 485 3913; x_wconf 83' lang='grc' dir='ltr'>τὸ</span> <span class='ocrx_word' id='word_1_316' title='bbox 503 3856 577 3932; x_wconf 80' lang='grc' dir='ltr'>ἔργον</span> <span class='ocrx_word' id='word_1_317' title='bbox 598 3854 725 3913; x_wconf 85' lang='grc' dir='ltr'>ἀθάνατον</span> <span class='ocrx_word' id='word_1_318' title='bbox 746 3854 818 3933; x_wconf 81' lang='grc' dir='ltr'>αύτῷ</span> <span class='ocrx_word' id='word_1_319' title='bbox 838 3854 914 3925; x_wconf 87' lang='grc' dir='ltr'>δόξαν</span> <span class='ocrx_word' id='word_1_320' title='bbox 928 3858 982 3936; x_wconf 76' lang='lat' dir='ltr'>eip-</span> 
     </span>
     <span class='ocr_line' id='line_1_41' title="bbox 150 3939 981 4023; baseline 0.006 -26"><span class='ocrx_word' id='word_1_321' title='bbox 150 3952 178 3990; x_wconf 81' lang='lat' dir='ltr'>t⁰</span> <span class='ocrx_word' id='word_1_322' title='bbox 204 3940 316 4018; x_wconf 89' lang='grc' dir='ltr'>γάσατο.</span> <span class='ocrx_word' id='word_1_323' title='bbox 362 3941 534 4023; x_wconf 85' lang='grc' dir='ltr'>Παραχρῆμά</span> <span class='ocrx_word' id='word_1_324' title='bbox 551 3964 578 4001; x_wconf 92' lang='grc' dir='ltr'>τε</span> <span class='ocrx_word' id='word_1_325' title='bbox 592 3942 644 4020; x_wconf 84' lang='grc' dir='ltr'>γδιρ</span> <span class='ocrx_word' id='word_1_326' title='bbox 657 3939 825 4018; x_wconf 87' lang='grc' dir='ltr'>οίῬωμοιῖοι</span> <span class='ocrx_word' id='word_1_327' title='bbox 848 3943 981 4022; x_wconf 81' lang='grc' dir='ltr'>στεφανώ-</span> 
     </span>
     <span class='ocr_line' id='line_1_42' title="bbox 204 4027 982 4111; baseline 0.006 -27"><span class='ocrx_word' id='word_1_328' title='bbox 204 4048 295 4093; x_wconf 91' lang='grc' dir='ltr'>σαντες</span> <span class='ocrx_word' id='word_1_329' title='bbox 312 4029 389 4088; x_wconf 85' lang='grc' dir='ltr'>αὐτθν</span> <span class='ocrx_word' id='word_1_330' title='bbox 407 4031 536 4111; x_wconf 83' lang='grc' dir='ltr'>ἀπέφερον</span> <span class='ocrx_word' id='word_1_331' title='bbox 559 4030 596 4093; x_wconf 77' lang='grc' dir='ltr'>είς</span> <span class='ocrx_word' id='word_1_332' title='bbox 611 4027 659 4102; x_wconf 80' lang='grc' dir='ltr'>τὴν</span> <span class='ocrx_word' id='word_1_333' title='bbox 680 4027 756 4089; x_wconf 89' lang='grc' dir='ltr'>πόλιν</span> <span class='ocrx_word' id='word_1_334' title='bbox 778 4033 915 4107; x_wconf 77' lang='grc' dir='ltr'>ὑμνοῦντες</span> <span class='ocrx_word' id='word_1_335' title='bbox 921 4076 930 4104; x_wconf 96' lang='grc'>,</span> <span class='ocrx_word' id='word_1_336' title='bbox 946 4034 982 4099; x_wconf 87' lang='grc' dir='ltr'>ῶς</span> 
     </span>
     <span class='ocr_line' id='line_1_43' title="bbox 203 4115 983 4199; baseline 0.008 -27"><span class='ocrx_word' id='word_1_337' title='bbox 203 4116 255 4172; x_wconf 88' lang='grc' dir='ltr'>τῶν</span> <span class='ocrx_word' id='word_1_338' title='bbox 270 4115 361 4191; x_wconf 83' lang='grc' dir='ltr'>ἡρώων</span> <span class='ocrx_word' id='word_1_339' title='bbox 383 4118 440 4179; x_wconf 73' lang='grc' dir='ltr'>ἕνα.</span> <span class='ocrx_word' id='word_1_340' title='bbox 488 4118 543 4178; x_wconf 81' lang='grc' dir='ltr'>Καί</span> <span class='ocrx_word' id='word_1_341' title='bbox 562 4125 614 4185; x_wconf 84' lang='grc' dir='ltr'>πάς</span> <span class='ocrx_word' id='word_1_342' title='bbox 629 4121 643 4175; x_wconf 87' lang='grc' dir='ltr'>ό</span> <span class='ocrx_word' id='word_1_343' title='bbox 658 4118 816 4186; x_wconf 84' lang='grc' dir='ltr'>κατοικίδιος</span> <span class='ocrx_word' id='word_1_344' title='bbox 837 4119 914 4199; x_wconf 89' lang='grc' dir='ltr'>όχλος</span> <span class='ocrx_word' id='word_1_345' title='bbox 930 4118 983 4188; x_wconf 88' lang='grc' dir='ltr'>ἐξε-</span> 
     </span>
     <span class='ocr_line' id='line_1_44' title="bbox 204 4206 983 4287; baseline 0.013 -27"><span class='ocrx_word' id='word_1_346' title='bbox 204 4210 277 4284; x_wconf 87' lang='grc' dir='ltr'>χεῖτο</span> <span class='ocrx_word' id='word_1_347' title='bbox 288 4207 375 4263; x_wconf 90' lang='grc' dir='ltr'>ποθῶν</span> <span class='ocrx_word' id='word_1_348' title='bbox 389 4209 467 4265; x_wconf 83' lang='grc' dir='ltr'>αὐτόν</span> <span class='ocrx_word' id='word_1_349' title='bbox 482 4208 530 4274; x_wconf 78' lang='grc' dir='ltr'>ἕως</span> <span class='ocrx_word' id='word_1_350' title='bbox 551 4206 589 4267; x_wconf 81' lang='grc' dir='ltr'>ἔτι</span> <span class='ocrx_word' id='word_1_351' title='bbox 606 4213 700 4287; x_wconf 80' lang='grc' dir='ltr'>περιῆν</span> <span class='ocrx_word' id='word_1_352' title='bbox 724 4210 865 4268; x_wconf 87' lang='grc' dir='ltr'>θεάσασθαι</span> <span class='ocrx_word' id='word_1_353' title='bbox 879 4207 925 4280; x_wconf 80' lang='grc' dir='ltr'>τὴν</span> <span class='ocrx_word' id='word_1_354' title='bbox 941 4233 983 4270; x_wconf 86' lang='grc' dir='ltr'>τε·</span> 
     </span>
     <span class='ocr_line' id='line_1_45' title="bbox 204 4291 982 4379; baseline 0.004 -26"><span class='ocrx_word' id='word_1_355' title='bbox 204 4291 327 4353; x_wconf 86' lang='grc' dir='ltr'>λευταίαν</span> <span class='ocrx_word' id='word_1_356' title='bbox 342 4293 486 4378; x_wconf 79' lang='grc' dir='ltr'>πρόσοψιν·</span> <span class='ocrx_word' id='word_1_357' title='bbox 518 4296 602 4356; x_wconf 87' lang='grc' dir='ltr'>ἐδόκει</span> <span class='ocrx_word' id='word_1_358' title='bbox 615 4295 668 4378; x_wconf 82' lang='grc' dir='ltr'>γάρ</span> <span class='ocrx_word' id='word_1_359' title='bbox 683 4295 734 4356; x_wconf 79' lang='grc' dir='ltr'>ὑπὸ</span> <span class='ocrx_word' id='word_1_360' title='bbox 752 4300 806 4356; x_wconf 90' lang='grc' dir='ltr'>τῶν</span> <span class='ocrx_word' id='word_1_361' title='bbox 823 4299 982 4379; x_wconf 88' lang='grc' dir='ltr'>τραυμάτων</span> 
     </span>
     <span class='ocr_line' id='line_1_46' title="bbox 153 4381 983 4466; baseline 0.01 -26"><span class='ocrx_word' id='word_1_362' title='bbox 153 4393 180 4431; x_wconf 72' lang='lat'>⁴⁵</span> <span class='ocrx_word' id='word_1_363' title='bbox 204 4384 251 4441; x_wconf 91' lang='grc' dir='ltr'>ούκ</span> <span class='ocrx_word' id='word_1_364' title='bbox 275 4384 310 4449; x_wconf 84' lang='grc' dir='ltr'>τίς</span> <span class='ocrx_word' id='word_1_365' title='bbox 334 4381 438 4461; x_wconf 81' lang='grc' dir='ltr'>μακράν</span> <span class='ocrx_word' id='word_1_366' title='bbox 459 4385 694 4466; x_wconf 78' lang='grc' dir='ltr'>διαφθαρήσεσθαι.</span> <span class='ocrx_word' id='word_1_367' title='bbox 741 4387 795 4447; x_wconf 79' lang='lat' dir='ltr'>liat</span> <span class='ocrx_word' id='word_1_368' title='bbox 821 4388 911 4461; x_wconf 77' lang='grc' dir='ltr'>ἐπειδὴ</span> <span class='ocrx_word' id='word_1_369' title='bbox 932 4386 983 4448; x_wconf 81' lang='grc' dir='ltr'>διέ-</span> 
     </span>
     <span class='ocr_line' id='line_1_47' title="bbox 204 4469 984 4555; baseline 0.009 -27"><span class='ocrx_word' id='word_1_370' title='bbox 204 4491 268 4548; x_wconf 88' lang='grc' dir='ltr'>φυγε</span> <span class='ocrx_word' id='word_1_371' title='bbox 290 4469 334 4528; x_wconf 84' lang='grc' dir='ltr'>τὸν</span> <span class='ocrx_word' id='word_1_372' title='bbox 355 4469 480 4545; x_wconf 90' lang='grc' dir='ltr'>θάνατον,</span> <span class='ocrx_word' id='word_1_373' title='bbox 504 4473 591 4533; x_wconf 83' lang='grc' dir='ltr'>εἰκόνα</span> <span class='ocrx_word' id='word_1_374' title='bbox 613 4476 717 4555; x_wconf 87' lang='grc' dir='ltr'>χαλκῆν</span> <span class='ocrx_word' id='word_1_375' title='bbox 741 4473 850 4535; x_wconf 84' lang='grc' dir='ltr'>ἔνοπλον</span> <span class='ocrx_word' id='word_1_376' title='bbox 871 4477 984 4553; x_wconf 84' lang='grc' dir='ltr'>θδῆμος</span> 
     </span>
     <span class='ocr_line' id='line_1_48' title="bbox 204 4554 983 4644; baseline 0.006 -30"><span class='ocrx_word' id='word_1_377' title='bbox 204 4554 312 4627; x_wconf 83' lang='grc' dir='ltr'>ἐστησεν</span> <span class='ocrx_word' id='word_1_378' title='bbox 343 4559 436 4630; x_wconf 82' lang='grc' dir='ltr'>αὐτοῦ,</span> <span class='ocrx_word' id='word_1_379' title='bbox 461 4562 507 4631; x_wconf 89' lang='grc' dir='ltr'>τῆς</span> <span class='ocrx_word' id='word_1_380' title='bbox 531 4562 629 4643; x_wconf 79' lang='grc' dir='ltr'>ἀγορᾶς</span> <span class='ocrx_word' id='word_1_381' title='bbox 655 4564 682 4621; x_wconf 83' lang='grc' dir='ltr'>ἐν</span> <span class='ocrx_word' id='word_1_382' title='bbox 708 4564 746 4643; x_wconf 86' lang='grc' dir='ltr'>τῷ</span> <span class='ocrx_word' id='word_1_383' title='bbox 768 4563 915 4644; x_wconf 85' lang='grc' dir='ltr'>κρατίστῳ,</span> <span class='ocrx_word' id='word_1_384' title='bbox 937 4562 983 4621; x_wconf 86' lang='grc' dir='ltr'>καὶ</span> 
     </span>
     <span class='ocr_line' id='line_1_49' title="bbox 202 4645 981 4731; baseline 0.006 -28"><span class='ocrx_word' id='word_1_385' title='bbox 202 4645 292 4725; x_wconf 84' lang='grc' dir='ltr'>χώραν</span> <span class='ocrx_word' id='word_1_386' title='bbox 309 4648 339 4704; x_wconf 80' lang='grc' dir='ltr'>ἐκ</span> <span class='ocrx_word' id='word_1_387' title='bbox 352 4650 400 4718; x_wconf 90' lang='grc' dir='ltr'>τῆς</span> <span class='ocrx_word' id='word_1_388' title='bbox 416 4646 544 4723; x_wconf 88' lang='grc' dir='ltr'>δημοσίας</span> <span class='ocrx_word' id='word_1_389' title='bbox 564 4649 660 4709; x_wconf 86' lang='grc' dir='ltr'>ἔδωκεν</span> <span class='ocrx_word' id='word_1_390' title='bbox 677 4649 741 4723; x_wconf 86' lang='grc' dir='ltr'>όσην</span> <span class='ocrx_word' id='word_1_391' title='bbox 757 4651 833 4718; x_wconf 79' lang='grc' dir='ltr'>αῦτδς</span> <span class='ocrx_word' id='word_1_392' title='bbox 846 4654 872 4710; x_wconf 91' lang='grc' dir='ltr'>ἐν</span> <span class='ocrx_word' id='word_1_393' title='bbox 894 4649 981 4731; x_wconf 68' lang='grc' dir='ltr'>ἡμέρα</span> 
     </span>
     <span class='ocr_line' id='line_1_50' title="bbox 95 4734 982 4818; baseline 0.008 -28"><span class='ocrx_word' id='word_1_394' title='bbox 95 4786 98 4790; x_wconf 88' lang='grc'><em>.</em></span> <span class='ocrx_word' id='word_1_395' title='bbox 204 4745 253 4817; x_wconf 73' lang='grc' dir='ltr'>μιᾷ</span> <span class='ocrx_word' id='word_1_396' title='bbox 273 4734 359 4816; x_wconf 82' lang='grc' dir='ltr'>ζεύγει</span> <span class='ocrx_word' id='word_1_397' title='bbox 382 4737 449 4816; x_wconf 90' lang='grc' dir='ltr'>βοῶν</span> <span class='ocrx_word' id='word_1_398' title='bbox 465 4737 634 4815; x_wconf 89' lang='grc' dir='ltr'>περιαρόσει·</span> <span class='ocrx_word' id='word_1_399' title='bbox 649 4738 730 4818; x_wconf 88' lang='grc' dir='ltr'>χωρίς</span> <span class='ocrx_word' id='word_1_400' title='bbox 745 4736 773 4796; x_wconf 80' lang='grc' dir='ltr'>δέ</span> <span class='ocrx_word' id='word_1_401' title='bbox 792 4744 844 4799; x_wconf 90' lang='grc' dir='ltr'>τῶν</span> <span class='ocrx_word' id='word_1_402' title='bbox 867 4738 982 4817; x_wconf 76' lang='grc' dir='ltr'>δημοσίᾳ</span> 
     </span>
     <span class='ocr_line' id='line_1_51' title="bbox 151 4821 983 4904; baseline 0.006 -24"><span class='ocrx_word' id='word_1_403' title='bbox 151 4826 178 4862; x_wconf 81' lang='lat'>⁵⁰</span> <span class='ocrx_word' id='word_1_404' title='bbox 204 4823 328 4884; x_wconf 85' lang='grc' dir='ltr'>δοθέντων</span> <span class='ocrx_word' id='word_1_405' title='bbox 348 4825 418 4883; x_wconf 78' lang='grc' dir='ltr'>κατὰ</span> <span class='ocrx_word' id='word_1_406' title='bbox 442 4821 558 4903; x_wconf 74' lang='grc' dir='ltr'>κεφαλὴν</span> <span class='ocrx_word' id='word_1_407' title='bbox 578 4823 688 4892; x_wconf 79' lang='grc' dir='ltr'>ἕκαστος</span> <span class='ocrx_word' id='word_1_408' title='bbox 703 4826 804 4904; x_wconf 90' lang='grc' dir='ltr'>ἀνδρῶν</span> <span class='ocrx_word' id='word_1_409' title='bbox 824 4849 852 4884; x_wconf 92' lang='grc' dir='ltr'>τε</span> <span class='ocrx_word' id='word_1_410' title='bbox 869 4825 916 4885; x_wconf 81' lang='grc' dir='ltr'>καί</span> <span class='ocrx_word' id='word_1_411' title='bbox 935 4851 983 4903; x_wconf 88' lang='grc' dir='ltr'>γυ-</span> 
     </span>
     <span class='ocr_line' id='line_1_52' title="bbox 204 4911 982 4993; baseline 0.01 -29"><span class='ocrx_word' id='word_1_412' title='bbox 204 4915 317 4987; x_wconf 87' lang='grc' dir='ltr'>ναικῶν,</span> <span class='ocrx_word' id='word_1_413' title='bbox 340 4915 383 4973; x_wconf 81' lang='grc' dir='ltr'>ὅτε</span> <span class='ocrx_word' id='word_1_414' title='bbox 408 4911 525 4991; x_wconf 85' lang='grc' dir='ltr'>μάλιστα</span> <span class='ocrx_word' id='word_1_415' title='bbox 543 4911 612 4984; x_wconf 76' lang='grc' dir='ltr'>δεινὴ</span> <span class='ocrx_word' id='word_1_416' title='bbox 639 4911 733 4979; x_wconf 89' lang='grc' dir='ltr'>σπάνις</span> <span class='ocrx_word' id='word_1_417' title='bbox 754 4916 805 4971; x_wconf 90' lang='grc' dir='ltr'>τῶν</span> <span class='ocrx_word' id='word_1_418' title='bbox 832 4913 982 4993; x_wconf 86' lang='grc' dir='ltr'>ἀναγκαίων</span> 
     </span>
     <span class='ocr_line' id='line_1_53' title="bbox 205 4993 981 5080; baseline 0.006 -29"><span class='ocrx_word' id='word_1_419' title='bbox 205 4993 392 5079; x_wconf 76' lang='grc' dir='ltr'>[ἐπιτηδεύειν]</span> <span class='ocrx_word' id='word_1_420' title='bbox 413 4999 533 5066; x_wconf 78' lang='grc' dir='ltr'>ἅπαντας</span> <span class='ocrx_word' id='word_1_421' title='bbox 548 5001 673 5078; x_wconf 82' lang='grc' dir='ltr'>κατεῖχε,</span> <span class='ocrx_word' id='word_1_422' title='bbox 688 5007 750 5077; x_wconf 79' lang='grc' dir='ltr'>μιᾶς</span> <span class='ocrx_word' id='word_1_423' title='bbox 764 4998 867 5079; x_wconf 79' lang='grc' dir='ltr'>ἡμέρας</span> <span class='ocrx_word' id='word_1_424' title='bbox 884 5001 981 5080; x_wconf 74' lang='grc' dir='ltr'>τροφὴν</span> 
     </span>
     <span class='ocr_line' id='line_1_54' title="bbox 205 5080 983 5167; baseline 0.013 -31"><span class='ocrx_word' id='word_1_425' title='bbox 205 5080 378 5159; x_wconf 79' lang='grc' dir='ltr'>ἐχαρίσαντο,</span> <span class='ocrx_word' id='word_1_426' title='bbox 394 5088 518 5166; x_wconf 89' lang='grc' dir='ltr'>μυριάδες</span> <span class='ocrx_word' id='word_1_427' title='bbox 528 5086 672 5167; x_wconf 86' lang='grc' dir='ltr'>ἀνθρώπων</span> <span class='ocrx_word' id='word_1_428' title='bbox 684 5091 711 5148; x_wconf 88' lang='grc' dir='ltr'>αί</span> <span class='ocrx_word' id='word_1_429' title='bbox 727 5086 868 5166; x_wconf 89' lang='grc' dir='ltr'>σύμπασαι</span> <span class='ocrx_word' id='word_1_430' title='bbox 878 5087 983 5155; x_wconf 88' lang='grc' dir='ltr'>πλείους</span> 
     </span>
     <span class='ocr_line' id='line_1_55' title="bbox 204 5167 983 5254; baseline 0.015 -31"><span class='ocrx_word' id='word_1_431' title='bbox 204 5167 385 5248; x_wconf 80' lang='grc' dir='ltr'>ἢτριάκοντα.</span> <span class='ocrx_word' id='word_1_432' title='bbox 429 5174 554 5253; x_wconf 86' lang='grc' dir='ltr'>Ὁράτιος</span> <span class='ocrx_word' id='word_1_433' title='bbox 577 5172 609 5246; x_wconf 79' lang='grc' dir='ltr'>δὴ</span> <span class='ocrx_word' id='word_1_434' title='bbox 635 5173 760 5250; x_wconf 90' lang='grc' dir='ltr'>τοιαύτην</span> <span class='ocrx_word' id='word_1_435' title='bbox 776 5174 983 5254; x_wconf 78' lang='grc' dir='ltr'>ἀποδειξάμενος</span> 
     </span>
    </p>
   </div>
   <div class='ocr_carea' id='block_1_3' title="bbox 724 357 1303 433">
    <p class='ocr_par' dir='ltr' id='par_1_3' title="bbox 724 357 1303 433">
     <span class='ocr_line' id='line_1_56' title="bbox 724 357 1303 433; baseline 0.014 -16"><span class='ocrx_word' id='word_1_436' title='bbox 724 357 895 419; x_wconf 86' lang='lat' dir='ltr'>DIONYSll</span> <span class='ocrx_word' id='word_1_437' title='bbox 920 359 1303 433; x_wconf 78' lang='lat' dir='ltr'>HALICARNASSENSIS</span> 
     </span>
    </p>
   </div>
   <div class='ocr_carea' id='block_1_4' title="bbox 1035 501 1851 3742">
    <p class='ocr_par' dir='ltr' id='par_1_4' title="bbox 1035 501 1851 3742">
     <span class='ocr_line' id='line_1_57' title="bbox 1035 501 1815 576; baseline 0.022 -24"><span class='ocrx_word' id='word_1_438' title='bbox 1035 501 1083 552; x_wconf 89' lang='lat' dir='ltr'>viri</span> <span class='ocrx_word' id='word_1_439' title='bbox 1095 503 1176 554; x_wconf 88' lang='lat' dir='ltr'>salute</span> <span class='ocrx_word' id='word_1_440' title='bbox 1192 519 1350 570; x_wconf 80' lang='lat' dir='ltr'><strong>summopere</strong></span> <span class='ocrx_word' id='word_1_441' title='bbox 1364 510 1436 558; x_wconf 87' lang='lat' dir='ltr'>erant</span> <span class='ocrx_word' id='word_1_442' title='bbox 1449 508 1558 572; x_wconf 72' lang='lat' dir='ltr'>solliciti,</span> <span class='ocrx_word' id='word_1_443' title='bbox 1573 513 1695 576; x_wconf 85' lang='lat' dir='ltr'>etquavis</span> <span class='ocrx_word' id='word_1_444' title='bbox 1720 517 1815 570; x_wconf 86' lang='lat' dir='ltr'>ratione</span> 
     </span>
     <span class='ocr_line' id='line_1_58' title="bbox 1035 607 1814 684; baseline 0.013 -28"><span class='ocrx_word' id='word_1_445' title='bbox 1035 608 1064 656; x_wconf 88' lang='lat' dir='ltr'>ut</span> <span class='ocrx_word' id='word_1_446' title='bbox 1075 607 1162 671; x_wconf 74' lang='lat' dir='ltr'>petris</span> <span class='ocrx_word' id='word_1_447' title='bbox 1180 609 1374 674; x_wconf 85' lang='lat' dir='ltr'>parentibusque</span> <span class='ocrx_word' id='word_1_448' title='bbox 1391 615 1535 663; x_wconf 86' lang='lat' dir='ltr'>servaretur</span> <span class='ocrx_word' id='word_1_449' title='bbox 1552 613 1678 678; x_wconf 86' lang='lat' dir='ltr'>optabant,</span> <span class='ocrx_word' id='word_1_450' title='bbox 1698 629 1748 667; x_wconf 93' lang='lat' dir='ltr'>non</span> <span class='ocrx_word' id='word_1_451' title='bbox 1768 633 1814 684; x_wconf 72' lang='lat' dir='ltr'>pn·</span> 
     </span>
     <span class='ocr_line' id='line_1_59' title="bbox 1036 708 1814 790; baseline 0.017 -31"><span class='ocrx_word' id='word_1_452' title='bbox 1036 708 1096 771; x_wconf 86' lang='lat' dir='ltr'>rult,</span> <span class='ocrx_word' id='word_1_453' title='bbox 1106 709 1151 761; x_wconf 89' lang='lat' dir='ltr'>sed</span> <span class='ocrx_word' id='word_1_454' title='bbox 1165 712 1300 777; x_wconf 76' lang='lat' dir='ltr'>permansit</span> <span class='ocrx_word' id='word_1_455' title='bbox 1309 712 1352 764; x_wconf 93' lang='lat' dir='ltr'>ubi</span> <span class='ocrx_word' id='word_1_456' title='bbox 1366 713 1473 778; x_wconf 88' lang='lat' dir='ltr'>primum</span> <span class='ocrx_word' id='word_1_457' title='bbox 1488 716 1600 778; x_wconf 85' lang='lat' dir='ltr'>steterat,</span> <span class='ocrx_word' id='word_1_458' title='bbox 1611 716 1729 783; x_wconf 86' lang='lat' dir='ltr'>iussitque</span> <span class='ocrx_word' id='word_1_459' title='bbox 1746 721 1814 790; x_wconf 85' lang='lat' dir='ltr'>ller-</span> 
     </span>
     <span class='ocr_line' id='line_1_60' title="bbox 1036 791 1815 888; baseline 0.001 -25"><span class='ocrx_word' id='word_1_460' title='bbox 1036 813 1141 864; x_wconf 90' lang='lat' dir='ltr'>minium</span> <span class='ocrx_word' id='word_1_461' title='bbox 1152 827 1198 865; x_wconf 91' lang='lat' dir='ltr'>suo</span> <span class='ocrx_word' id='word_1_462' title='bbox 1207 791 1306 866; x_wconf 82' lang='lat' dir='ltr'>nomine</span> <span class='ocrx_word' id='word_1_463' title='bbox 1320 815 1464 868; x_wconf 86' lang='lat' dir='ltr'>consulibus</span> <span class='ocrx_word' id='word_1_464' title='bbox 1473 817 1617 882; x_wconf 72' lang='lat' dir='ltr'>significare,</span> <span class='ocrx_word' id='word_1_465' title='bbox 1631 823 1660 874; x_wconf 86' lang='lat' dir='ltr'>ut</span> <span class='ocrx_word' id='word_1_466' title='bbox 1672 821 1742 874; x_wconf 87' lang='lat' dir='ltr'>ocius</span> <span class='ocrx_word' id='word_1_467' title='bbox 1752 837 1815 888; x_wconf 76' lang='lat' dir='ltr'>pon.</span> 
     </span>
     <span class='ocr_line' id='line_1_61' title="bbox 1037 915 1815 988; baseline 0.003 -22"><span class='ocrx_word' id='word_1_468' title='bbox 1037 919 1089 966; x_wconf 91' lang='lat' dir='ltr'>tem</span> <span class='ocrx_word' id='word_1_469' title='bbox 1106 915 1138 966; x_wconf 90' lang='lat' dir='ltr'>ab</span> <span class='ocrx_word' id='word_1_470' title='bbox 1155 917 1217 968; x_wconf 87' lang='lat' dir='ltr'>urbe</span> <span class='ocrx_word' id='word_1_471' title='bbox 1231 917 1399 971; x_wconf 75' lang='lat' dir='ltr'>rescinderent</span> <span class='ocrx_word' id='word_1_472' title='bbox 1414 922 1423 983; x_wconf 91' lang='grc'>(</span> <span class='ocrx_word' id='word_1_473' title='bbox 1436 923 1491 972; x_wconf 88' lang='lat' dir='ltr'>erat</span> <span class='ocrx_word' id='word_1_474' title='bbox 1501 919 1544 971; x_wconf 90' lang='lat' dir='ltr'>illo</span> <span class='ocrx_word' id='word_1_475' title='bbox 1557 923 1669 987; x_wconf 85' lang='lat' dir='ltr'>tempore</span> <span class='ocrx_word' id='word_1_476' title='bbox 1686 924 1815 988; x_wconf 68' lang='lat' dir='ltr'>unim‚0</span> 
     </span>
     <span class='ocr_line' id='line_1_62' title="bbox 1037 1017 1814 1093; baseline 0.012 -25"><span class='ocrx_word' id='word_1_477' title='bbox 1037 1017 1103 1082; x_wconf 82' lang='lat' dir='ltr'>ligno</span> <span class='ocrx_word' id='word_1_478' title='bbox 1114 1019 1195 1071; x_wconf 74' lang='lat' dir='ltr'>factm</span> <span class='ocrx_word' id='word_1_479' title='bbox 1209 1023 1236 1071; x_wconf 92' lang='lat' dir='ltr'>et</span> <span class='ocrx_word' id='word_1_480' title='bbox 1248 1021 1302 1072; x_wconf 89' lang='lat' dir='ltr'>sino</span> <span class='ocrx_word' id='word_1_481' title='bbox 1315 1022 1388 1086; x_wconf 82' lang='lat' dir='ltr'>terro,</span> <span class='ocrx_word' id='word_1_482' title='bbox 1401 1023 1461 1075; x_wconf 90' lang='lat' dir='ltr'>solis</span> <span class='ocrx_word' id='word_1_483' title='bbox 1477 1028 1622 1090; x_wconf 80' lang='grc' dir='ltr'>εοτορεειιιε</span> <span class='ocrx_word' id='word_1_484' title='bbox 1631 1027 1733 1092; x_wconf 82' lang='lat' dir='ltr'>tabulis,</span> <span class='ocrx_word' id='word_1_485' title='bbox 1741 1043 1814 1093; x_wconf 81' lang='lat' dir='ltr'>quem</span> 
     </span>
     <span class='ocr_line' id='line_1_63' title="bbox 1038 1124 1815 1200; baseline 0.012 -24"><span class='ocrx_word' id='word_1_486' title='bbox 1038 1124 1071 1175; x_wconf 86' lang='lat' dir='ltr'>nd</span> <span class='ocrx_word' id='word_1_487' title='bbox 1081 1139 1137 1177; x_wconf 88' lang='lat' dir='ltr'>mea</span> <span class='ocrx_word' id='word_1_488' title='bbox 1150 1139 1229 1192; x_wconf 89' lang='lat' dir='ltr'>usque</span> <span class='ocrx_word' id='word_1_489' title='bbox 1238 1129 1351 1193; x_wconf 86' lang='lat' dir='ltr'>tempora</span> <span class='ocrx_word' id='word_1_490' title='bbox 1360 1129 1466 1181; x_wconf 82' lang='lat' dir='ltr'>Romani</span> <span class='ocrx_word' id='word_1_491' title='bbox 1483 1130 1571 1182; x_wconf 88' lang='lat' dir='ltr'>eodem</span> <span class='ocrx_word' id='word_1_492' title='bbox 1582 1130 1658 1183; x_wconf 89' lang='lat' dir='ltr'>modo</span> <span class='ocrx_word' id='word_1_493' title='bbox 1670 1134 1815 1200; x_wconf 78' lang='lat' dir='ltr'>servibant)</span> 
     </span>
     <span class='ocr_line' id='line_1_64' title="bbox 1039 1229 1815 1302; baseline 0.008 -19"><span class='ocrx_word' id='word_1_494' title='bbox 1039 1229 1137 1296; x_wconf 87' lang='lat' dir='ltr'>tlllsque</span> <span class='ocrx_word' id='word_1_495' title='bbox 1155 1232 1279 1295; x_wconf 87' lang='lat' dir='ltr'>mandare,</span> <span class='ocrx_word' id='word_1_496' title='bbox 1301 1234 1331 1283; x_wconf 91' lang='lat' dir='ltr'>ut</span> <span class='ocrx_word' id='word_1_497' title='bbox 1347 1231 1435 1285; x_wconf 90' lang='lat' dir='ltr'>maiori</span> <span class='ocrx_word' id='word_1_498' title='bbox 1447 1235 1530 1302; x_wconf 83' lang='lat' dir='ltr'>pontia</span> <span class='ocrx_word' id='word_1_499' title='bbox 1548 1238 1618 1302; x_wconf 81' lang='lat' dir='ltr'>parte</span> <span class='ocrx_word' id='word_1_500' title='bbox 1632 1234 1723 1298; x_wconf 86' lang='lat' dir='ltr'>soluta,</span> <span class='ocrx_word' id='word_1_501' title='bbox 1737 1252 1815 1302; x_wconf 91' lang='lat' dir='ltr'>quum</span> 
     </span>
     <span class='ocr_line' id='line_1_65' title="bbox 1038 1336 1816 1405; baseline 0.009 -17"><span class='ocrx_word' id='word_1_502' title='bbox 1038 1336 1127 1400; x_wconf 77' lang='lat' dir='ltr'>exigua</span> <span class='ocrx_word' id='word_1_503' title='bbox 1138 1336 1220 1387; x_wconf 84' lang='lat' dir='ltr'>adbuc</span> <span class='ocrx_word' id='word_1_504' title='bbox 1232 1339 1297 1388; x_wconf 89' lang='lat' dir='ltr'>esset</span> <span class='ocrx_word' id='word_1_505' title='bbox 1312 1336 1416 1402; x_wconf 85' lang='lat' dir='ltr'>reliqua,</span> <span class='ocrx_word' id='word_1_506' title='bbox 1427 1337 1453 1390; x_wconf 88' lang='lat' dir='ltr'>id</span> <span class='ocrx_word' id='word_1_507' title='bbox 1469 1339 1517 1391; x_wconf 88' lang='lat' dir='ltr'>sibi</span> <span class='ocrx_word' id='word_1_508' title='bbox 1532 1341 1615 1405; x_wconf 87' lang='lat' dir='ltr'>aliquo</span> <span class='ocrx_word' id='word_1_509' title='bbox 1626 1340 1695 1405; x_wconf 73' lang='lat' dir='ltr'>signo</span> <span class='ocrx_word' id='word_1_510' title='bbox 1706 1341 1745 1394; x_wconf 90' lang='lat' dir='ltr'>vel</span> <span class='ocrx_word' id='word_1_511' title='bbox 1753 1356 1816 1395; x_wconf 87' lang='lat' dir='ltr'>voce</span> 
     </span>
     <span class='ocr_line' id='line_1_66' title="bbox 1038 1440 1814 1506; baseline 0.006 -15"><span class='ocrx_word' id='word_1_512' title='bbox 1038 1441 1142 1492; x_wconf 86' lang='lat' dir='ltr'>clariore</span> <span class='ocrx_word' id='word_1_513' title='bbox 1162 1440 1341 1506; x_wconf 77' lang='lat' dir='ltr'>significarent3</span> <span class='ocrx_word' id='word_1_514' title='bbox 1372 1444 1456 1495; x_wconf 83' lang='lat' dir='ltr'>cetere</span> <span class='ocrx_word' id='word_1_515' title='bbox 1480 1442 1530 1494; x_wconf 83' lang='lat' dir='ltr'>sibi</span> <span class='ocrx_word' id='word_1_516' title='bbox 1553 1457 1620 1497; x_wconf 82' lang='lat' dir='ltr'>curu</span> <span class='ocrx_word' id='word_1_517' title='bbox 1645 1444 1697 1496; x_wconf 86' lang='lat' dir='ltr'>tore</span> <span class='ocrx_word' id='word_1_518' title='bbox 1721 1444 1814 1498; x_wconf 84' lang='lat' dir='ltr'>diosus.</span> 
     </span>
     <span class='ocr_line' id='line_1_67' title="bbox 1039 1532 1816 1617; baseline 0.005 -17"><span class='ocrx_word' id='word_1_519' title='bbox 1039 1551 1122 1607; x_wconf 85' lang='lat' dir='ltr'>Quum</span> <span class='ocrx_word' id='word_1_520' title='bbox 1136 1549 1190 1600; x_wconf 84' lang='lat' dir='ltr'>baec</span> <span class='ocrx_word' id='word_1_521' title='bbox 1207 1532 1322 1599; x_wconf 81' lang='lat' dir='ltr'>mandata</span> <span class='ocrx_word' id='word_1_522' title='bbox 1331 1548 1380 1600; x_wconf 91' lang='lat' dir='ltr'>illis</span> <span class='ocrx_word' id='word_1_523' title='bbox 1390 1549 1488 1601; x_wconf 85' lang='lat' dir='ltr'>duobus</span> <span class='ocrx_word' id='word_1_524' title='bbox 1498 1548 1616 1611; x_wconf 85' lang='lat' dir='ltr'>dedisset,</span> <span class='ocrx_word' id='word_1_525' title='bbox 1635 1551 1728 1617; x_wconf 88' lang='lat' dir='ltr'>inipso</span> <span class='ocrx_word' id='word_1_526' title='bbox 1742 1556 1816 1617; x_wconf 90' lang='lat' dir='ltr'>ponte</span> 
     </span>
     <span class='ocr_line' id='line_1_68' title="bbox 1040 1648 1814 1718; baseline 0.003 -18"><span class='ocrx_word' id='word_1_527' title='bbox 1040 1648 1161 1711; x_wconf 79' lang='lat' dir='ltr'>substitit¹</span> <span class='ocrx_word' id='word_1_528' title='bbox 1174 1652 1200 1701; x_wconf 91' lang='lat' dir='ltr'>el</span> <span class='ocrx_word' id='word_1_529' title='bbox 1214 1650 1297 1702; x_wconf 86' lang='lat' dir='ltr'>hostes</span> <span class='ocrx_word' id='word_1_530' title='bbox 1308 1664 1393 1703; x_wconf 86' lang='lat' dir='ltr'>seeum</span> <span class='ocrx_word' id='word_1_531' title='bbox 1405 1664 1549 1717; x_wconf 77' lang='lat' dir='ltr'>congressos</span> <span class='ocrx_word' id='word_1_532' title='bbox 1565 1652 1655 1718; x_wconf 82' lang='lat' dir='ltr'>partlm</span> <span class='ocrx_word' id='word_1_533' title='bbox 1665 1652 1747 1718; x_wconf 63' lang='lat' dir='ltr'>madio</span> <span class='ocrx_word' id='word_1_534' title='bbox 1757 1666 1814 1717; x_wconf 88' lang='lat' dir='ltr'>per·</span> 
     </span>
     <span class='ocr_line' id='line_1_69' title="bbox 1039 1752 1815 1818; baseline -0.003 -12"><span class='ocrx_word' id='word_1_535' title='bbox 1039 1753 1142 1815; x_wconf 83' lang='lat' dir='ltr'>cutiens,</span> <span class='ocrx_word' id='word_1_536' title='bbox 1153 1753 1241 1817; x_wconf 88' lang='lat' dir='ltr'>partim</span> <span class='ocrx_word' id='word_1_537' title='bbox 1255 1752 1342 1817; x_wconf 80' lang='lat' dir='ltr'>clypeo</span> <span class='ocrx_word' id='word_1_538' title='bbox 1353 1754 1509 1818; x_wconf 83' lang='lat' dir='ltr'>propulsans,</span> <span class='ocrx_word' id='word_1_539' title='bbox 1524 1754 1664 1817; x_wconf 87' lang='lat' dir='ltr'>omnesqui</span> <span class='ocrx_word' id='word_1_540' title='bbox 1677 1753 1702 1803; x_wconf 91' lang='lat' dir='ltr'>ln</span> <span class='ocrx_word' id='word_1_541' title='bbox 1717 1757 1815 1818; x_wconf 87' lang='lat' dir='ltr'>pontem</span> 
     </span>
     <span class='ocr_line' id='line_1_70' title="bbox 1038 1855 1816 1922; baseline -0.009 -13"><span class='ocrx_word' id='word_1_542' title='bbox 1038 1858 1163 1910; x_wconf 88' lang='lat' dir='ltr'>irruerent</span> <span class='ocrx_word' id='word_1_543' title='bbox 1183 1859 1299 1922; x_wconf 87' lang='lat' dir='ltr'>reppulit.</span> <span class='ocrx_word' id='word_1_544' title='bbox 1309 1856 1431 1915; x_wconf 85' lang='lat' dir='ltr'>Quienim</span> <span class='ocrx_word' id='word_1_545' title='bbox 1453 1862 1585 1910; x_wconf 73' lang='lat' dir='ltr'>Bostrenos</span> <span class='ocrx_word' id='word_1_546' title='bbox 1605 1855 1816 1920; x_wconf 76' lang='lat' dir='ltr'>persequebantur</span> 
     </span>
     <span class='ocr_line' id='line_1_71' title="bbox 1038 1961 1816 2024; baseline -0.006 -13"><span class='ocrx_word' id='word_1_547' title='bbox 1038 1975 1097 2012; x_wconf 90' lang='lat' dir='ltr'>eum</span> <span class='ocrx_word' id='word_1_548' title='bbox 1111 1961 1154 2012; x_wconf 93' lang='lat' dir='ltr'>illo</span> <span class='ocrx_word' id='word_1_549' title='bbox 1165 1965 1194 2013; x_wconf 88' lang='lat' dir='ltr'>ut</span> <span class='ocrx_word' id='word_1_550' title='bbox 1203 1961 1303 2012; x_wconf 90' lang='lat' dir='ltr'>homine</span> <span class='ocrx_word' id='word_1_551' title='bbox 1316 1962 1410 2012; x_wconf 86' lang='lat' dir='ltr'>inrioso</span> <span class='ocrx_word' id='word_1_552' title='bbox 1425 1963 1451 2012; x_wconf 86' lang='lat' dir='ltr'>et</span> <span class='ocrx_word' id='word_1_553' title='bbox 1466 1963 1569 2010; x_wconf 84' lang='lat' dir='ltr'>mortem</span> <span class='ocrx_word' id='word_1_554' title='bbox 1584 1962 1717 2024; x_wconf 82' lang='lat' dir='ltr'>appetente</span> <span class='ocrx_word' id='word_1_555' title='bbox 1727 1970 1816 2009; x_wconf 87' lang='lat' dir='ltr'>manus</span> 
     </span>
     <span class='ocr_line' id='line_1_72' title="bbox 1039 2060 1816 2128; baseline -0.009 -12"><span class='ocrx_word' id='word_1_556' title='bbox 1039 2077 1169 2116; x_wconf 83' lang='lat' dir='ltr'>mnserere</span> <span class='ocrx_word' id='word_1_557' title='bbox 1187 2063 1294 2128; x_wconf 86' lang='lat' dir='ltr'>amplius</span> <span class='ocrx_word' id='word_1_558' title='bbox 1306 2077 1355 2114; x_wconf 90' lang='lat' dir='ltr'>non</span> <span class='ocrx_word' id='word_1_559' title='bbox 1369 2061 1507 2123; x_wconf 72' lang='lat' dir='ltr'>audebant3</span> <span class='ocrx_word' id='word_1_560' title='bbox 1522 2061 1596 2112; x_wconf 89' lang='lat' dir='ltr'>simul</span> <span class='ocrx_word' id='word_1_561' title='bbox 1611 2061 1685 2111; x_wconf 87' lang='lat' dir='ltr'>etism</span> <span class='ocrx_word' id='word_1_562' title='bbox 1706 2060 1738 2111; x_wconf 87' lang='lat' dir='ltr'>ad</span> <span class='ocrx_word' id='word_1_563' title='bbox 1759 2072 1816 2110; x_wconf 90' lang='lat' dir='ltr'>eum</span> 
     </span>
     <span class='ocr_line' id='line_1_73' title="bbox 1037 2159 1814 2226; baseline -0.009 -11"><span class='ocrx_word' id='word_1_564' title='bbox 1037 2164 1154 2216; x_wconf 84' lang='lat' dir='ltr'>accedere</span> <span class='ocrx_word' id='word_1_565' title='bbox 1175 2163 1277 2215; x_wconf 84' lang='lat' dir='ltr'>difficile</span> <span class='ocrx_word' id='word_1_566' title='bbox 1297 2166 1359 2226; x_wconf 83' lang='lat' dir='ltr'>erat,</span> <span class='ocrx_word' id='word_1_567' title='bbox 1380 2160 1447 2226; x_wconf 88' lang='lat' dir='ltr'>quod</span> <span class='ocrx_word' id='word_1_568' title='bbox 1470 2159 1564 2211; x_wconf 78' lang='lat' dir='ltr'>aleva</span> <span class='ocrx_word' id='word_1_569' title='bbox 1583 2161 1611 2212; x_wconf 85' lang='lat' dir='ltr'>et</span> <span class='ocrx_word' id='word_1_570' title='bbox 1621 2161 1711 2211; x_wconf 83' lang='lat' dir='ltr'>dextra</span> <span class='ocrx_word' id='word_1_571' title='bbox 1732 2161 1814 2223; x_wconf 89' lang='lat' dir='ltr'>ipsum</span> 
     </span>
     <span class='ocr_line' id='line_1_74' title="bbox 1039 2260 1816 2331; baseline -0.009 -13"><span class='ocrx_word' id='word_1_572' title='bbox 1039 2267 1130 2318; x_wconf 82' lang='lat' dir='ltr'>numen</span> <span class='ocrx_word' id='word_1_573' title='bbox 1144 2279 1190 2331; x_wconf 88' lang='lat' dir='ltr'>pro</span> <span class='ocrx_word' id='word_1_574' title='bbox 1204 2261 1386 2331; x_wconf 73' lang='lat' dir='ltr'>propugnaculo</span> <span class='ocrx_word' id='word_1_575' title='bbox 1405 2261 1519 2324; x_wconf 84' lang='lat' dir='ltr'>haberet,</span> <span class='ocrx_word' id='word_1_576' title='bbox 1536 2260 1643 2312; x_wconf 80' lang='lat' dir='ltr'>nirenta</span> <span class='ocrx_word' id='word_1_577' title='bbox 1656 2273 1717 2311; x_wconf 86' lang='lat' dir='ltr'>vero</span> <span class='ocrx_word' id='word_1_578' title='bbox 1734 2273 1816 2311; x_wconf 82' lang='lat' dir='ltr'>ermo-</span> 
     </span>
     <span class='ocr_line' id='line_1_75' title="bbox 1037 2361 1816 2429; baseline -0.01 -7"><span class='ocrx_word' id='word_1_579' title='bbox 1037 2384 1094 2423; x_wconf 87' lang='lat' dir='ltr'>rnm</span> <span class='ocrx_word' id='word_1_580' title='bbox 1105 2371 1131 2421; x_wconf 90' lang='lat' dir='ltr'>et</span> <span class='ocrx_word' id='word_1_581' title='bbox 1148 2368 1298 2421; x_wconf 85' lang='lat' dir='ltr'>cadaverum</span> <span class='ocrx_word' id='word_1_582' title='bbox 1316 2378 1448 2429; x_wconf 77' lang='grc' dir='ltr'>εσετνυαις</span> <span class='ocrx_word' id='word_1_583' title='bbox 1463 2362 1509 2416; x_wconf 85' lang='lat' dir='ltr'>sed</span> <span class='ocrx_word' id='word_1_584' title='bbox 1525 2362 1620 2415; x_wconf 88' lang='lat' dir='ltr'>eminus</span> <span class='ocrx_word' id='word_1_585' title='bbox 1634 2361 1739 2415; x_wconf 87' lang='lat' dir='ltr'>adensa</span> <span class='ocrx_word' id='word_1_586' title='bbox 1758 2362 1816 2414; x_wconf 85' lang='lat' dir='ltr'>hos·</span> 
     </span>
     <span class='ocr_line' id='line_1_76' title="bbox 1038 2464 1814 2538; baseline -0.006 -12"><span class='ocrx_word' id='word_1_587' title='bbox 1038 2475 1100 2526; x_wconf 89' lang='lat' dir='ltr'>tium</span> <span class='ocrx_word' id='word_1_588' title='bbox 1115 2477 1216 2526; x_wconf 86' lang='lat' dir='ltr'>caterva</span> <span class='ocrx_word' id='word_1_589' title='bbox 1229 2471 1361 2538; x_wconf 86' lang='lat' dir='ltr'>petebatur</span> <span class='ocrx_word' id='word_1_590' title='bbox 1371 2468 1462 2523; x_wconf 79' lang='lat' dir='ltr'>lanceis</span> <span class='ocrx_word' id='word_1_591' title='bbox 1472 2468 1499 2520; x_wconf 88' lang='lat' dir='ltr'>et</span> <span class='ocrx_word' id='word_1_592' title='bbox 1510 2466 1637 2533; x_wconf 79' lang='lat' dir='ltr'>stipitibus</span> <span class='ocrx_word' id='word_1_593' title='bbox 1652 2468 1679 2518; x_wconf 88' lang='lat' dir='ltr'>et</span> <span class='ocrx_word' id='word_1_594' title='bbox 1689 2464 1814 2531; x_wconf 82' lang='lat' dir='ltr'>lapidibus</span> 
     </span>
     <span class='ocr_line' id='line_1_77' title="bbox 1037 2568 1815 2642; baseline -0.013 -14"><span class='ocrx_word' id='word_1_595' title='bbox 1037 2577 1203 2642; x_wconf 85' lang='lat' dir='ltr'>manualibus,</span> <span class='ocrx_word' id='word_1_596' title='bbox 1215 2579 1260 2628; x_wconf 89' lang='lat' dir='ltr'>aut</span> <span class='ocrx_word' id='word_1_597' title='bbox 1274 2575 1364 2627; x_wconf 77' lang='lat' dir='ltr'>sihmo</span> <span class='ocrx_word' id='word_1_598' title='bbox 1376 2573 1486 2637; x_wconf 85' lang='lat' dir='ltr'>deerant,</span> <span class='ocrx_word' id='word_1_599' title='bbox 1500 2568 1587 2638; x_wconf 66' lang='lat' dir='ltr'>podiis</span> <span class='ocrx_word' id='word_1_600' title='bbox 1599 2572 1624 2622; x_wconf 87' lang='lat' dir='ltr'>et</span> <span class='ocrx_word' id='word_1_601' title='bbox 1639 2568 1732 2634; x_wconf 78' lang='lat' dir='ltr'>clypeis</span> <span class='ocrx_word' id='word_1_602' title='bbox 1747 2581 1815 2620; x_wconf 87' lang='lat' dir='ltr'>mor·</span> 
     </span>
     <span class='ocr_line' id='line_1_78' title="bbox 1037 2671 1814 2740; baseline -0.013 -7"><span class='ocrx_word' id='word_1_603' title='bbox 1037 2685 1147 2733; x_wconf 88' lang='lat' dir='ltr'>tuomm.</span> <span class='ocrx_word' id='word_1_604' title='bbox 1182 2679 1226 2731; x_wconf 89' lang='lat' dir='ltr'>llle</span> <span class='ocrx_word' id='word_1_605' title='bbox 1240 2692 1299 2730; x_wconf 87' lang='lat' dir='ltr'>vcro</span> <span class='ocrx_word' id='word_1_606' title='bbox 1312 2677 1452 2740; x_wconf 79' lang='lat' dir='ltr'>resistebat,</span> <span class='ocrx_word' id='word_1_607' title='bbox 1465 2687 1588 2727; x_wconf 81' lang='lat' dir='ltr'>caesorum</span> <span class='ocrx_word' id='word_1_608' title='bbox 1604 2672 1680 2725; x_wconf 69' lang='lat' dir='ltr'>umis</span> <span class='ocrx_word' id='word_1_609' title='bbox 1697 2671 1814 2724; x_wconf 84' lang='lat' dir='ltr'>adversus</span> 
     </span>
     <span class='ocr_line' id='line_1_79' title="bbox 1038 2773 1813 2847; baseline -0.017 -10"><span class='ocrx_word' id='word_1_610' title='bbox 1038 2798 1082 2837; x_wconf 89' lang='lat' dir='ltr'>eos</span> <span class='ocrx_word' id='word_1_611' title='bbox 1093 2788 1177 2844; x_wconf 71' lang='lat' dir='ltr'>utens,</span> <span class='ocrx_word' id='word_1_612' title='bbox 1186 2793 1332 2846; x_wconf 82' lang='lat' dir='ltr'>semperque</span> <span class='ocrx_word' id='word_1_613' title='bbox 1339 2780 1427 2847; x_wconf 83' lang='lat' dir='ltr'>utpote</span> <span class='ocrx_word' id='word_1_614' title='bbox 1437 2779 1465 2831; x_wconf 92' lang='lat' dir='ltr'>in</span> <span class='ocrx_word' id='word_1_615' title='bbox 1480 2778 1606 2830; x_wconf 81' lang='lat' dir='ltr'>contentos</span> <span class='ocrx_word' id='word_1_616' title='bbox 1620 2773 1669 2827; x_wconf 86' lang='lat' dir='ltr'>tela</span> <span class='ocrx_word' id='word_1_617' title='bbox 1680 2773 1813 2825; x_wconf 86' lang='lat' dir='ltr'>coniioiens</span> 
     </span>
     <span class='ocr_line' id='line_1_80' title="bbox 1038 2874 1812 2950; baseline -0.018 -11"><span class='ocrx_word' id='word_1_618' title='bbox 1038 2888 1146 2950; x_wconf 83' lang='lat' dir='ltr'>aliquem</span> <span class='ocrx_word' id='word_1_619' title='bbox 1158 2897 1262 2948; x_wconf 87' lang='lat' dir='ltr'>scopum</span> <span class='ocrx_word' id='word_1_620' title='bbox 1273 2881 1458 2947; x_wconf 71' lang='lat' dir='ltr'>assequebatur.</span> <span class='ocrx_word' id='word_1_621' title='bbox 1491 2877 1601 2931; x_wconf 73' lang='lat' dir='ltr'>leudem</span> <span class='ocrx_word' id='word_1_622' title='bbox 1614 2889 1675 2928; x_wconf 89' lang='lat' dir='ltr'>vero</span> <span class='ocrx_word' id='word_1_623' title='bbox 1688 2874 1743 2927; x_wconf 85' lang='lat' dir='ltr'>telis</span> <span class='ocrx_word' id='word_1_624' title='bbox 1751 2888 1812 2926; x_wconf 87' lang='lat' dir='ltr'>eon·</span> 
     </span>
     <span class='ocr_line' id='line_1_81' title="bbox 1038 2977 1815 3046; baseline -0.015 -6"><span class='ocrx_word' id='word_1_625' title='bbox 1038 2992 1119 3041; x_wconf 88' lang='lat' dir='ltr'>iussus</span> <span class='ocrx_word' id='word_1_626' title='bbox 1135 2991 1162 3038; x_wconf 91' lang='lat' dir='ltr'>et</span> <span class='ocrx_word' id='word_1_627' title='bbox 1172 2985 1259 3038; x_wconf 92' lang='lat' dir='ltr'>multis</span> <span class='ocrx_word' id='word_1_628' title='bbox 1272 2984 1417 3035; x_wconf 89' lang='lat' dir='ltr'>vulneribus</span> <span class='ocrx_word' id='word_1_629' title='bbox 1434 2983 1460 3034; x_wconf 93' lang='lat' dir='ltr'>in</span> <span class='ocrx_word' id='word_1_630' title='bbox 1482 2982 1559 3035; x_wconf 81' lang='lat' dir='ltr'>variis</span> <span class='ocrx_word' id='word_1_631' title='bbox 1577 2979 1686 3046; x_wconf 80' lang='lat' dir='ltr'>corporis</span> <span class='ocrx_word' id='word_1_632' title='bbox 1702 2977 1815 3044; x_wconf 81' lang='lat' dir='ltr'>portibus</span> 
     </span>
     <span class='ocr_line' id='line_1_82' title="bbox 1038 3080 1814 3150; baseline -0.015 -9"><span class='ocrx_word' id='word_1_633' title='bbox 1038 3090 1154 3142; x_wconf 81' lang='lat' dir='ltr'>laborans</span> <span class='ocrx_word' id='word_1_634' title='bbox 1169 3087 1335 3149; x_wconf 72' lang='lat' dir='ltr'>lanceatum,</span> <span class='ocrx_word' id='word_1_635' title='bbox 1353 3098 1411 3148; x_wconf 84' lang='lat' dir='ltr'>quae</span> <span class='ocrx_word' id='word_1_636' title='bbox 1429 3088 1497 3136; x_wconf 87' lang='lat' dir='ltr'>reeta</span> <span class='ocrx_word' id='word_1_637' title='bbox 1512 3098 1557 3150; x_wconf 89' lang='lat' dir='ltr'>per</span> <span class='ocrx_word' id='word_1_638' title='bbox 1567 3084 1669 3135; x_wconf 85' lang='lat' dir='ltr'>niteram</span> <span class='ocrx_word' id='word_1_639' title='bbox 1680 3094 1768 3132; x_wconf 79' lang='lat' dir='ltr'>coxam</span> <span class='ocrx_word' id='word_1_640' title='bbox 1782 3080 1814 3131; x_wconf 90' lang='lat' dir='ltr'>ad</span> 
     </span>
     <span class='ocr_line' id='line_1_83' title="bbox 1038 3179 1813 3254; baseline -0.014 -14"><span class='ocrx_word' id='word_1_641' title='bbox 1038 3192 1112 3254; x_wconf 85' lang='lat' dir='ltr'>eaput</span> <span class='ocrx_word' id='word_1_642' title='bbox 1124 3188 1224 3242; x_wconf 81' lang='lat' dir='ltr'>temonis</span> <span class='ocrx_word' id='word_1_643' title='bbox 1235 3187 1336 3238; x_wconf 83' lang='lat' dir='ltr'>traiecta</span> <span class='ocrx_word' id='word_1_644' title='bbox 1348 3181 1444 3246; x_wconf 81' lang='lat' dir='ltr'>magnis</span> <span class='ocrx_word' id='word_1_645' title='bbox 1453 3182 1604 3234; x_wconf 84' lang='lat' dir='ltr'>emetatrbus</span> <span class='ocrx_word' id='word_1_646' title='bbox 1614 3195 1672 3234; x_wconf 91' lang='lat' dir='ltr'>eum</span> <span class='ocrx_word' id='word_1_647' title='bbox 1683 3179 1813 3239; x_wconf 82' lang='lat' dir='ltr'>alliciebat,</span> 
     </span>
     <span class='ocr_line' id='line_1_84' title="bbox 1037 3261 1851 3352; baseline -0.011 -15"><span class='ocrx_word' id='word_1_648' title='bbox 1037 3299 1199 3352; x_wconf 77' lang='lat' dir='ltr'>gressumque</span> <span class='ocrx_word' id='word_1_649' title='bbox 1218 3297 1274 3333; x_wconf 88' lang='lat' dir='ltr'>cum</span> <span class='ocrx_word' id='word_1_650' title='bbox 1293 3281 1379 3332; x_wconf 88' lang='lat' dir='ltr'>doloro</span> <span class='ocrx_word' id='word_1_651' title='bbox 1393 3279 1551 3344; x_wconf 86' lang='lat' dir='ltr'>impediebat,</span> <span class='ocrx_word' id='word_1_652' title='bbox 1573 3283 1702 3345; x_wconf 84' lang='lat' dir='ltr'>postquam</span> <span class='ocrx_word' id='word_1_653' title='bbox 1719 3261 1815 3328; x_wconf 72' lang='lat' dir='ltr'>&#39;audivit</span> <span class='ocrx_word' id='word_1_654' title='bbox 1847 3310 1851 3319; x_wconf 86' lang='lat'>.</span> 
     </span>
     <span class='ocr_line' id='line_1_85' title="bbox 1038 3377 1813 3448; baseline -0.014 -13"><span class='ocrx_word' id='word_1_655' title='bbox 1038 3382 1137 3448; x_wconf 90' lang='lat' dir='ltr'>eosqui</span> <span class='ocrx_word' id='word_1_656' title='bbox 1155 3396 1170 3432; x_wconf 91' lang='lat' dir='ltr'>a</span> <span class='ocrx_word' id='word_1_657' title='bbox 1187 3385 1257 3445; x_wconf 81' lang='lat' dir='ltr'>tergo</span> <span class='ocrx_word' id='word_1_658' title='bbox 1271 3378 1470 3430; x_wconf 77' lang='lat' dir='ltr'>vociferabantur</span> <span class='ocrx_word' id='word_1_659' title='bbox 1485 3377 1603 3428; x_wconf 89' lang='lat' dir='ltr'>maiorem</span> <span class='ocrx_word' id='word_1_660' title='bbox 1619 3378 1701 3442; x_wconf 90' lang='lat' dir='ltr'>pontis</span> <span class='ocrx_word' id='word_1_661' title='bbox 1719 3377 1813 3440; x_wconf 84' lang='lat' dir='ltr'>partem</span> 
     </span>
     <span class='ocr_line' id='line_1_86' title="bbox 1039 3471 1814 3538; baseline -0.012 -7"><span class='ocrx_word' id='word_1_662' title='bbox 1039 3481 1088 3532; x_wconf 88' lang='lat' dir='ltr'>iam</span> <span class='ocrx_word' id='word_1_663' title='bbox 1110 3478 1228 3538; x_wconf 83' lang='lat' dir='ltr'>solutam,</span> <span class='ocrx_word' id='word_1_664' title='bbox 1250 3479 1360 3526; x_wconf 88' lang='lat' dir='ltr'>armatus</span> <span class='ocrx_word' id='word_1_665' title='bbox 1375 3475 1400 3524; x_wconf 89' lang='lat' dir='ltr'>in</span> <span class='ocrx_word' id='word_1_666' title='bbox 1419 3472 1523 3522; x_wconf 89' lang='lat' dir='ltr'>tluvium</span> <span class='ocrx_word' id='word_1_667' title='bbox 1541 3486 1569 3523; x_wconf 89' lang='lat' dir='ltr'>se</span> <span class='ocrx_word' id='word_1_668' title='bbox 1583 3471 1680 3531; x_wconf 72' lang='lat' dir='ltr'>ddecit,</span> <span class='ocrx_word' id='word_1_669' title='bbox 1701 3474 1726 3522; x_wconf 91' lang='lat' dir='ltr'>et</span> <span class='ocrx_word' id='word_1_670' title='bbox 1748 3484 1814 3534; x_wconf 77' lang='lat' dir='ltr'>aegre</span> 
     </span>
     <span class='ocr_line' id='line_1_87' title="bbox 1038 3568 1814 3636; baseline -0.013 -5"><span class='ocrx_word' id='word_1_671' title='bbox 1038 3578 1175 3631; x_wconf 86' lang='lat' dir='ltr'>admodum</span> <span class='ocrx_word' id='word_1_672' title='bbox 1197 3578 1295 3627; x_wconf 89' lang='lat' dir='ltr'>tranato</span> <span class='ocrx_word' id='word_1_673' title='bbox 1320 3571 1398 3624; x_wconf 89' lang='lat' dir='ltr'>tiuvio</span> <span class='ocrx_word' id='word_1_674' title='bbox 1415 3575 1483 3632; x_wconf 78' lang='lat' dir='ltr'>(nam</span> <span class='ocrx_word' id='word_1_675' title='bbox 1509 3569 1575 3621; x_wconf 88' lang='lat' dir='ltr'>cirea</span> <span class='ocrx_word' id='word_1_676' title='bbox 1597 3570 1709 3636; x_wconf 76' lang='lat' dir='ltr'>iugorum</span> <span class='ocrx_word' id='word_1_677' title='bbox 1732 3568 1814 3622; x_wconf 85' lang='lat' dir='ltr'>obices</span> 
     </span>
     <span class='ocr_line' id='line_1_88' title="bbox 1039 3667 1815 3742; baseline -0.013 -14"><span class='ocrx_word' id='word_1_678' title='bbox 1039 3690 1111 3742; x_wconf 82' lang='lat' dir='ltr'>aqum</span> <span class='ocrx_word' id='word_1_679' title='bbox 1128 3677 1217 3726; x_wconf 86' lang='lat' dir='ltr'>cursus</span> <span class='ocrx_word' id='word_1_680' title='bbox 1235 3672 1329 3722; x_wconf 85' lang='lat' dir='ltr'>divisus</span> <span class='ocrx_word' id='word_1_681' title='bbox 1343 3668 1482 3721; x_wconf 84' lang='lat' dir='ltr'>concitatus</span> <span class='ocrx_word' id='word_1_682' title='bbox 1496 3668 1551 3719; x_wconf 88' lang='lat' dir='ltr'>erat</span> <span class='ocrx_word' id='word_1_683' title='bbox 1567 3669 1645 3732; x_wconf 86' lang='lat' dir='ltr'>etque</span> <span class='ocrx_word' id='word_1_684' title='bbox 1664 3667 1815 3730; x_wconf 82' lang='lat' dir='ltr'>verticosus)</span> 
     </span>
    </p>
   </div>
   <div class='ocr_carea' id='block_1_5' title="bbox 1038 3767 1812 3928">
    <p class='ocr_par' dir='ltr' id='par_1_5' title="bbox 1038 3767 1812 3928">
     <span class='ocr_line' id='line_1_89' title="bbox 1038 3767 1463 3825; baseline -0.016 0"><span class='ocrx_word' id='word_1_685' title='bbox 1038 3774 1070 3825; x_wconf 86' lang='lat' dir='ltr'>nd</span> <span class='ocrx_word' id='word_1_686' title='bbox 1082 3777 1173 3825; x_wconf 86' lang='lat' dir='ltr'>terram</span> <span class='ocrx_word' id='word_1_687' title='bbox 1185 3770 1261 3821; x_wconf 90' lang='lat' dir='ltr'>salvis</span> <span class='ocrx_word' id='word_1_688' title='bbox 1269 3767 1463 3820; x_wconf 82' lang='lat' dir='ltr'>ermisenutuvit.</span> 
     </span>
     <span class='ocr_line' id='line_1_90' title="bbox 1069 3861 1812 3928; baseline -0.009 -8"><span class='ocrx_word' id='word_1_689' title='bbox 1069 3873 1143 3920; x_wconf 85' lang='lat' dir='ltr'>ltltV.</span> <span class='ocrx_word' id='word_1_690' title='bbox 1159 3871 1212 3918; x_wconf 82' lang='lat' dir='ltr'>Hoc</span> <span class='ocrx_word' id='word_1_691' title='bbox 1222 3867 1316 3917; x_wconf 86' lang='lat' dir='ltr'>lacinus</span> <span class='ocrx_word' id='word_1_692' title='bbox 1324 3865 1359 3915; x_wconf 89' lang='lat' dir='ltr'>illi</span> <span class='ocrx_word' id='word_1_693' title='bbox 1368 3863 1536 3916; x_wconf 88' lang='lat' dir='ltr'>immortalem</span> <span class='ocrx_word' id='word_1_694' title='bbox 1544 3861 1645 3928; x_wconf 75' lang='lat' dir='ltr'>gloriam</span> <span class='ocrx_word' id='word_1_695' title='bbox 1652 3861 1812 3925; x_wconf 87' lang='lat' dir='ltr'>comparavit.</span> 
     </span>
    </p>
   </div>
   <div class='ocr_carea' id='block_1_6' title="bbox 1036 3964 1815 5252">
    <p class='ocr_par' dir='ltr' id='par_1_6' title="bbox 1036 3964 1815 5252">
     <span class='ocr_line' id='line_1_91' title="bbox 1037 3964 1813 4024; baseline -0.012 0"><span class='ocrx_word' id='word_1_696' title='bbox 1037 3973 1174 4024; x_wconf 77' lang='lat' dir='ltr'>Confestim</span> <span class='ocrx_word' id='word_1_697' title='bbox 1183 3972 1250 4023; x_wconf 90' lang='lat' dir='ltr'>enim</span> <span class='ocrx_word' id='word_1_698' title='bbox 1264 3968 1368 4020; x_wconf 84' lang='lat' dir='ltr'>Romani</span> <span class='ocrx_word' id='word_1_699' title='bbox 1382 3981 1439 4018; x_wconf 92' lang='lat' dir='ltr'>eum</span> <span class='ocrx_word' id='word_1_700' title='bbox 1455 3967 1635 4018; x_wconf 80' lang='lat' dir='ltr'>coronaverunt</span> <span class='ocrx_word' id='word_1_701' title='bbox 1647 3967 1673 4016; x_wconf 91' lang='lat' dir='ltr'>et</span> <span class='ocrx_word' id='word_1_702' title='bbox 1685 3964 1813 4016; x_wconf 83' lang='lat' dir='ltr'>eelebren-</span> 
     </span>
     <span class='ocr_line' id='line_1_92' title="bbox 1037 4066 1814 4134; baseline -0.008 -10"><span class='ocrx_word' id='word_1_703' title='bbox 1037 4079 1075 4126; x_wconf 89' lang='lat' dir='ltr'>tes</span> <span class='ocrx_word' id='word_1_704' title='bbox 1087 4077 1112 4126; x_wconf 91' lang='lat' dir='ltr'>ln</span> <span class='ocrx_word' id='word_1_705' title='bbox 1128 4075 1214 4124; x_wconf 87' lang='lat' dir='ltr'>urbem</span> <span class='ocrx_word' id='word_1_706' title='bbox 1225 4073 1379 4134; x_wconf 85' lang='lat' dir='ltr'>retulerunt,</span> <span class='ocrx_word' id='word_1_707' title='bbox 1394 4076 1422 4122; x_wconf 88' lang='lat' dir='ltr'>ut</span> <span class='ocrx_word' id='word_1_708' title='bbox 1433 4084 1512 4121; x_wconf 89' lang='lat' dir='ltr'>unum</span> <span class='ocrx_word' id='word_1_709' title='bbox 1525 4069 1557 4121; x_wconf 92' lang='lat' dir='ltr'>de</span> <span class='ocrx_word' id='word_1_710' title='bbox 1574 4066 1707 4132; x_wconf 84' lang='lat' dir='ltr'>heroibns;</span> <span class='ocrx_word' id='word_1_711' title='bbox 1721 4068 1748 4119; x_wconf 89' lang='lat' dir='ltr'>et</span> <span class='ocrx_word' id='word_1_712' title='bbox 1761 4070 1814 4118; x_wconf 92' lang='lat' dir='ltr'>tota</span> 
     </span>
     <span class='ocr_line' id='line_1_93' title="bbox 1037 4168 1813 4240; baseline -0.013 -10"><span class='ocrx_word' id='word_1_713' title='bbox 1037 4177 1131 4229; x_wconf 82' lang='lat' dir='ltr'>urbane</span> <span class='ocrx_word' id='word_1_714' title='bbox 1146 4177 1218 4228; x_wconf 85' lang='lat' dir='ltr'>turba</span> <span class='ocrx_word' id='word_1_715' title='bbox 1236 4188 1334 4240; x_wconf 81' lang='lat' dir='ltr'>egressa</span> <span class='ocrx_word' id='word_1_716' title='bbox 1351 4173 1525 4225; x_wconf 89' lang='lat' dir='ltr'>ettundebatnr</span> <span class='ocrx_word' id='word_1_717' title='bbox 1535 4171 1647 4238; x_wconf 83' lang='lat' dir='ltr'>cupiens,</span> <span class='ocrx_word' id='word_1_718' title='bbox 1660 4169 1721 4220; x_wconf 90' lang='lat' dir='ltr'>dum</span> <span class='ocrx_word' id='word_1_719' title='bbox 1733 4168 1813 4221; x_wconf 89' lang='lat' dir='ltr'>adhuc</span> 
     </span>
     <span class='ocr_line' id='line_1_94' title="bbox 1037 4273 1813 4347; baseline -0.012 -15"><span class='ocrx_word' id='word_1_720' title='bbox 1037 4285 1160 4347; x_wconf 88' lang='lat' dir='ltr'>superstes</span> <span class='ocrx_word' id='word_1_721' title='bbox 1178 4285 1257 4340; x_wconf 87' lang='lat' dir='ltr'>esset,</span> <span class='ocrx_word' id='word_1_722' title='bbox 1272 4279 1326 4328; x_wconf 89' lang='lat' dir='ltr'>eius</span> <span class='ocrx_word' id='word_1_723' title='bbox 1338 4281 1448 4329; x_wconf 85' lang='lat' dir='ltr'>extremo</span> <span class='ocrx_word' id='word_1_724' title='bbox 1461 4280 1595 4341; x_wconf 90' lang='lat' dir='ltr'>conspeetu</span> <span class='ocrx_word' id='word_1_725' title='bbox 1611 4273 1681 4335; x_wconf 85' lang='lat' dir='ltr'>visu,</span> <span class='ocrx_word' id='word_1_726' title='bbox 1698 4286 1771 4338; x_wconf 91' lang='lat' dir='ltr'>quem</span> <span class='ocrx_word' id='word_1_727' title='bbox 1782 4273 1813 4324; x_wconf 90' lang='lat' dir='ltr'>ob</span> 
     </span>
     <span class='ocr_line' id='line_1_95' title="bbox 1038 4377 1813 4444; baseline -0.017 -7"><span class='ocrx_word' id='word_1_728' title='bbox 1038 4386 1139 4437; x_wconf 85' lang='lat' dir='ltr'>vulnera</span> <span class='ocrx_word' id='word_1_729' title='bbox 1152 4383 1222 4434; x_wconf 88' lang='lat' dir='ltr'>brevi</span> <span class='ocrx_word' id='word_1_730' title='bbox 1243 4381 1400 4432; x_wconf 87' lang='lat' dir='ltr'>interiturum</span> <span class='ocrx_word' id='word_1_731' title='bbox 1420 4379 1555 4444; x_wconf 81' lang='lat' dir='ltr'>putabant.</span> <span class='ocrx_word' id='word_1_732' title='bbox 1583 4377 1630 4429; x_wconf 87' lang='lat' dir='ltr'>Sed</span> <span class='ocrx_word' id='word_1_733' title='bbox 1644 4379 1774 4441; x_wconf 79' lang='lat' dir='ltr'>postquam</span> <span class='ocrx_word' id='word_1_734' title='bbox 1785 4388 1813 4425; x_wconf 84' lang='grc' dir='ltr'>ετ</span> 
     </span>
     <span class='ocr_line' id='line_1_96' title="bbox 1037 4481 1814 4556; baseline -0.018 -14"><span class='ocrx_word' id='word_1_735' title='bbox 1037 4491 1125 4542; x_wconf 88' lang='lat' dir='ltr'>mortis</span> <span class='ocrx_word' id='word_1_736' title='bbox 1133 4490 1242 4556; x_wconf 84' lang='lat' dir='ltr'>periculo</span> <span class='ocrx_word' id='word_1_737' title='bbox 1261 4488 1354 4549; x_wconf 86' lang='lat' dir='ltr'>evasit,</span> <span class='ocrx_word' id='word_1_738' title='bbox 1369 4484 1475 4549; x_wconf 89' lang='lat' dir='ltr'>populus</span> <span class='ocrx_word' id='word_1_739' title='bbox 1493 4495 1588 4534; x_wconf 77' lang='lat' dir='ltr'>aeneam</span> <span class='ocrx_word' id='word_1_740' title='bbox 1602 4481 1625 4532; x_wconf 90' lang='lat' dir='ltr'>ei</span> <span class='ocrx_word' id='word_1_741' title='bbox 1646 4483 1755 4531; x_wconf 88' lang='lat' dir='ltr'>statuam</span> <span class='ocrx_word' id='word_1_742' title='bbox 1772 4490 1814 4528; x_wconf 87' lang='lat' dir='ltr'>ar-</span> 
     </span>
     <span class='ocr_line' id='line_1_97' title="bbox 1038 4582 1815 4655; baseline -0.018 -10"><span class='ocrx_word' id='word_1_743' title='bbox 1038 4598 1130 4645; x_wconf 84' lang='lat' dir='ltr'>matam</span> <span class='ocrx_word' id='word_1_744' title='bbox 1147 4595 1172 4644; x_wconf 91' lang='lat' dir='ltr'>in</span> <span class='ocrx_word' id='word_1_745' title='bbox 1190 4599 1297 4644; x_wconf 79' lang='lat' dir='ltr'>maxime</span> <span class='ocrx_word' id='word_1_746' title='bbox 1316 4591 1448 4655; x_wconf 88' lang='lat' dir='ltr'>conspicuo</span> <span class='ocrx_word' id='word_1_747' title='bbox 1463 4587 1508 4639; x_wconf 88' lang='lat' dir='ltr'>lori</span> <span class='ocrx_word' id='word_1_748' title='bbox 1525 4586 1581 4636; x_wconf 91' lang='lat' dir='ltr'>loco</span> <span class='ocrx_word' id='word_1_749' title='bbox 1595 4584 1678 4648; x_wconf 88' lang='lat' dir='ltr'>posuit</span> <span class='ocrx_word' id='word_1_750' title='bbox 1693 4602 1699 4633; x_wconf 90' lang='lat'><strong>:</strong></span> <span class='ocrx_word' id='word_1_751' title='bbox 1715 4582 1815 4647; x_wconf 79' lang='lat' dir='ltr'>agrique</span> 
     </span>
     <span class='ocr_line' id='line_1_98' title="bbox 1037 4684 1815 4762; baseline -0.019 -13"><span class='ocrx_word' id='word_1_752' title='bbox 1037 4698 1128 4762; x_wconf 88' lang='lat' dir='ltr'>publici</span> <span class='ocrx_word' id='word_1_753' title='bbox 1142 4699 1237 4748; x_wconf 84' lang='lat' dir='ltr'>tuntum</span> <span class='ocrx_word' id='word_1_754' title='bbox 1251 4699 1315 4746; x_wconf 89' lang='lat' dir='ltr'>dono</span> <span class='ocrx_word' id='word_1_755' title='bbox 1327 4694 1415 4756; x_wconf 89' lang='lat' dir='ltr'>dedit,</span> <span class='ocrx_word' id='word_1_756' title='bbox 1430 4694 1549 4756; x_wconf 86' lang='lat' dir='ltr'>quantum</span> <span class='ocrx_word' id='word_1_757' title='bbox 1563 4702 1612 4739; x_wconf 91' lang='lat' dir='ltr'>uno</span> <span class='ocrx_word' id='word_1_758' title='bbox 1625 4687 1664 4738; x_wconf 90' lang='lat' dir='ltr'>die</span> <span class='ocrx_word' id='word_1_759' title='bbox 1675 4700 1725 4737; x_wconf 90' lang='lat' dir='ltr'>nno</span> <span class='ocrx_word' id='word_1_760' title='bbox 1738 4684 1815 4735; x_wconf 88' lang='lat' dir='ltr'>boum</span> 
     </span>
     <span class='ocr_line' id='line_1_99' title="bbox 1038 4781 1814 4859; baseline -0.023 -13"><span class='ocrx_word' id='word_1_761' title='bbox 1038 4796 1094 4858; x_wconf 79' lang='lat' dir='ltr'>iugo</span> <span class='ocrx_word' id='word_1_762' title='bbox 1103 4795 1266 4846; x_wconf 87' lang='lat' dir='ltr'>circumarare</span> <span class='ocrx_word' id='word_1_763' title='bbox 1279 4794 1368 4859; x_wconf 91' lang='lat' dir='ltr'>potuit.</span> <span class='ocrx_word' id='word_1_764' title='bbox 1403 4792 1450 4843; x_wconf 85' lang='lat' dir='ltr'>Sed</span> <span class='ocrx_word' id='word_1_765' title='bbox 1462 4791 1552 4856; x_wconf 69' lang='lat' dir='ltr'>practer</span> <span class='ocrx_word' id='word_1_766' title='bbox 1564 4786 1663 4852; x_wconf 87' lang='lat' dir='ltr'>publica</span> <span class='ocrx_word' id='word_1_767' title='bbox 1676 4786 1753 4845; x_wconf 86' lang='lat' dir='ltr'>dona,</span> <span class='ocrx_word' id='word_1_768' title='bbox 1766 4781 1814 4830; x_wconf 88' lang='lat' dir='ltr'>sin·</span> 
     </span>
     <span class='ocr_line' id='line_1_100' title="bbox 1037 4882 1814 4958; baseline -0.021 -15"><span class='ocrx_word' id='word_1_769' title='bbox 1037 4893 1087 4958; x_wconf 84' lang='lat' dir='ltr'>gnlt</span> <span class='ocrx_word' id='word_1_770' title='bbox 1098 4895 1150 4943; x_wconf 87' lang='lat' dir='ltr'>tem</span> <span class='ocrx_word' id='word_1_771' title='bbox 1166 4891 1212 4942; x_wconf 83' lang='lat' dir='ltr'>riri</span> <span class='ocrx_word' id='word_1_772' title='bbox 1236 4906 1311 4956; x_wconf 83' lang='lat' dir='ltr'>quam</span> <span class='ocrx_word' id='word_1_773' title='bbox 1330 4892 1461 4949; x_wconf 85' lang='lat' dir='ltr'>mulieres,</span> <span class='ocrx_word' id='word_1_774' title='bbox 1476 4901 1520 4953; x_wconf 93' lang='lat' dir='ltr'>per</span> <span class='ocrx_word' id='word_1_775' title='bbox 1539 4884 1633 4951; x_wconf 81' lang='lat' dir='ltr'>singula</span> <span class='ocrx_word' id='word_1_776' title='bbox 1648 4882 1743 4947; x_wconf 85' lang='lat' dir='ltr'>capitu,</span> <span class='ocrx_word' id='word_1_777' title='bbox 1762 4892 1814 4942; x_wconf 89' lang='lat' dir='ltr'>quo</span> 
     </span>
     <span class='ocr_line' id='line_1_101' title="bbox 1036 4984 1813 5054; baseline -0.027 -11"><span class='ocrx_word' id='word_1_778' title='bbox 1036 4994 1148 5054; x_wconf 86' lang='lat' dir='ltr'>tempore</span> <span class='ocrx_word' id='word_1_779' title='bbox 1164 5002 1250 5040; x_wconf 88' lang='lat' dir='ltr'>omues</span> <span class='ocrx_word' id='word_1_780' title='bbox 1271 4988 1417 5053; x_wconf 80' lang='lat' dir='ltr'>gravissima</span> <span class='ocrx_word' id='word_1_781' title='bbox 1437 4987 1520 5036; x_wconf 91' lang='lat' dir='ltr'>rerum</span> <span class='ocrx_word' id='word_1_782' title='bbox 1534 4984 1567 5035; x_wconf 87' lang='lat' dir='ltr'>ad</span> <span class='ocrx_word' id='word_1_783' title='bbox 1591 4984 1683 5035; x_wconf 81' lang='lat' dir='ltr'>rictum</span> <span class='ocrx_word' id='word_1_784' title='bbox 1699 4987 1813 5025; x_wconf 80' lang='lat' dir='ltr'>necessa·</span> 
     </span>
     <span class='ocr_line' id='line_1_102' title="bbox 1036 5073 1813 5149; baseline -0.023 -12"><span class='ocrx_word' id='word_1_785' title='bbox 1036 5087 1129 5137; x_wconf 85' lang='lat' dir='ltr'>riarum</span> <span class='ocrx_word' id='word_1_786' title='bbox 1148 5085 1230 5149; x_wconf 86' lang='lat' dir='ltr'>inopia</span> <span class='ocrx_word' id='word_1_787' title='bbox 1244 5083 1430 5148; x_wconf 86' lang='lat' dir='ltr'>premebantur,</span> <span class='ocrx_word' id='word_1_788' title='bbox 1454 5094 1532 5145; x_wconf 93' lang='lat' dir='ltr'>quum</span> <span class='ocrx_word' id='word_1_789' title='bbox 1546 5080 1628 5132; x_wconf 82' lang='lat' dir='ltr'>esseut</span> <span class='ocrx_word' id='word_1_790' title='bbox 1641 5073 1813 5125; x_wconf 80' lang='lat' dir='ltr'>universorum</span> 
     </span>
     <span class='ocr_line' id='line_1_103' title="bbox 1036 5170 1814 5252; baseline -0.027 -13"><span class='ocrx_word' id='word_1_791' title='bbox 1036 5186 1116 5252; x_wconf 86' lang='lat' dir='ltr'>capita</span> <span class='ocrx_word' id='word_1_792' title='bbox 1129 5185 1198 5251; x_wconf 87' lang='lat' dir='ltr'>plura</span> <span class='ocrx_word' id='word_1_793' title='bbox 1213 5195 1288 5247; x_wconf 90' lang='lat' dir='ltr'>quam</span> <span class='ocrx_word' id='word_1_794' title='bbox 1307 5183 1418 5234; x_wconf 83' lang='lat' dir='ltr'>trecenta</span> <span class='ocrx_word' id='word_1_795' title='bbox 1431 5177 1500 5232; x_wconf 86' lang='lat' dir='ltr'>milia</span> <span class='ocrx_word' id='word_1_796' title='bbox 1512 5180 1584 5231; x_wconf 87' lang='lat' dir='ltr'>unius</span> <span class='ocrx_word' id='word_1_797' title='bbox 1595 5174 1618 5229; x_wconf 88' lang='lat' dir='ltr'>ei</span> <span class='ocrx_word' id='word_1_798' title='bbox 1629 5172 1679 5226; x_wconf 89' lang='lat' dir='ltr'>diei</span> <span class='ocrx_word' id='word_1_799' title='bbox 1700 5170 1814 5224; x_wconf 89' lang='lat' dir='ltr'>alimenta</span> 
     </span>
    </p>
   </div>
   <div class='ocr_carea' id='block_1_7' title="bbox 0 0 1890 5828">
    <p class='ocr_par' dir='ltr' id='par_1_7' title="bbox 0 0 1890 5828">
     <span class='ocr_line' id='line_1_104' title="bbox 0 0 1890 5828; baseline 0 0"><span class='ocrx_word' id='word_1_800' title='bbox 0 0 1890 5828; x_wconf 95' lang='lat' dir='ltr'> </span> 
     </span>
    </p>
   </div>
  </div>
 </body>
</html>
