3772 5828
202 322 262 382 682

203 450 351 531 «πρώτους
376 450 420 509 ἐπὶ
437 448 486 520 τὴν
507 447 635 529 ἐρώτησιν
663 453 710 517 τῆς
733 447 840 526 γνώμης
861 448 983 509 καλέσειν

205 570 217 592 ι
232 544 291 620 οὐχὶ
307 540 366 607 τοδς
378 536 577 618 πρεσόυτάτους
590 536 636 597 καλ
657 537 833 613 τιμιωτάτους
846 540 899 596 τῶν
923 541 983 614 βου·

207 660 218 681 ι
233 634 346 694 λευτῶν.
364 619 402 694 οἷς
428 629 457 686 ἐκ
479 630 532 684 τῶν
559 625 678 705 πατρίων
697 627 813 701 ἐθισμῶν
839 624 885 685 καί
908 631 985 685 τοῦτο

206 748 217 773 ι
235 717 408 778 ἀποδεδόσθαι
423 717 453 774 τὸ
466 714 559 796 γέρας,
574 715 632 775 odel
647 714 706 782 τούς
723 715 757 774 δι’
777 715 891 796 ὑποψίας
909 714 986 782 ύντας

164 825 176 860 s
206 837 218 859 ι
234 806 308 886 παρά
336 814 390 871 τοῖς
413 805 582 881 δημοτικοῖς,
606 806 642 870 ῶς
665 802 737 862 οὗδέν
758 803 844 862 αὐτῶν
869 802 985 883 χρηστὸν

207 926 219 948 ι
235 894 295 955 σύτι
308 895 432 970 λίγοντας
442 890 501 951 edre
515 896 689 971 φρονοῦντας.
706 892 766 950 ἀλλ’
781 893 812 950 ἐκ
823 896 876 952 τῶν
890 892 986 952 νιωτί-

206 1016 218 1038 ι
234 1010 285 1066 ροιν
304 983 364 1048 τούς
379 985 519 1048 δοκοῦντας
534 972 601 1041 εἶναι
617 980 854 1060 φιλοδημοτάτους.
872 1009 884 1033 ι

245 1074 318 1136 lix.
345 1070 545 1151 ’λ’ποσχόμτνος
560 1069 588 1129 δί
612 1074 711 1142 ταῦτα,
725 1068 771 1128 καὶ
793 1068 852 1137 δούς
868 1068 985 1138 ἐξουσίαν

204 1164 257 1230 τοῖς
282 1159 449 1240 βουλομένοις
477 1159 580 1235 λέγειν,
604 1155 695 1228 ἐπειδὴ
714 1154 774 1216 ούτε
794 1158 985 1238 κατηγορήσων

153 1277 178 1313 ιο
205 1250 263 1312 ούτε
279 1248 506 1328 ἀπολογησόμενος
522 1247 605 1312 οὐδεὶς
620 1245 685 1327 ὑπέρ
706 1250 750 1305 τοῦ
765 1246 846 1321 νόμου
867 1246 983 1325 παρῄει,

205 1340 344 1421 παρελθὼν
370 1331 442 1404 αὖθις
474 1339 560 1417 ἐρωτᾷ
589 1338 693 1413 πρῶτον
714 1335 863 1415 Οὐαλέριον
892 1336 918 1394 τί
946 1338 984 1414 τῷ

204 1431 283 1509 κοινῷ
297 1427 444 1508 συμρίρει,
460 1425 506 1485 καλ
526 1426 553 1483 τί
569 1423 764 1504 προόουλεῦσαι
779 1431 832 1492 τοῖς
853 1423 985 1503 συνέδροις

203 1523 337 1596 παραινεῖ.
379 1513 414 1573 Ὁ
439 1514 462 1571 δ’
484 1511 612 1584 ἀναστέις,
633 1514 680 1570 καὶ
708 1510 820 1579 πολλοὺς
846 1510 983 1581 διεξελθὼν

205 1606 270 1687 ὑπὲρ
292 1606 372 1662 αὑτοῦ
386 1626 415 1661 τε
429 1602 475 1660 καλ
489 1604 542 1661 τῶν
563 1600 699 1679 προγόνων
716 1601 824 1679 λόγους,
838 1605 873 1669 ῶς
888 1602 932 1661 ἐπὶ
945 1605 984 1682 τῷ

152 1712 177 1750 ic
205 1692 365 1774 συμρέροντι
385 1696 433 1762 τῆς
447 1690 550 1757 πόλεως
571 1695 617 1749 τοῦ
633 1691 775 1767 δημοτικοῦ
797 1693 892 1770 μέρους
909 1699 984 1771 προῖ·

207 1784 361 1859 σταμίνων,
376 1779 423 1839 καλ
439 1777 706 1859 καταριθμησάμενος
721 1779 840 1846 ἅπαντας
858 1778 885 1849 ἐξ
899 1782 985 1859 ἀρχῆς

204 1870 263 1938 τοὺς
277 1867 460 1949 κατασχόντας
473 1866 609 1940 τὴνπόλιν
626 1867 760 1934 κινδύνους
778 1870 874 1927 ἐκτῶν
890 1870 985 1926 τάναν-

205 1960 248 2019 τία
263 1957 487 2034 πολιτευομένυιν,
501 1963 555 2025 τοῖς
574 1980 602 2016 τε
624 1959 747 2037 ἀπεχθῶς
770 1955 897 2035 ἐσχηκόσι
917 1955 983 2035 πρδς

205 2051 235 2107 τὸ
249 2048 391 2125 δημοτικὸν
404 2045 502 2106 ἀπασιν
521 2047 672 2112 ἀλυσιτελές
690 2045 827 2123 γενόμενον
844 2043 983 2113 ἀποδείξας

151 2150 179 2191 ao
205 2140 235 2196 τὸ
248 2138 414 2214 μισόδημον,
432 2135 555 2202 ἐπαίνους
576 2155 604 2193 τε
619 2134 731 2200 πολλοὺς
754 2133 816 2215 περὶ
835 2138 880 2193 τοῦ
896 2134 982 2211 δήμου

205 2228 398 2301 ποιησάμενος,
413 2227 449 2290 ῶς
471 2224 629 2282 αἰτιωτάτου
650 2226 684 2303 τῇ
708 2223 784 2282 πόλει
806 2222 940 2301 γεγονότος
955 2226 984 2283 ού

206 2315 284 2388 μόνον
299 2318 345 2385 τῆς
357 2312 519 2392 ἐλευθερίας,
539 2311 608 2370 ἀλλά
624 2310 670 2370 καὶ
687 2314 734 2384 τῆς
750 2310 910 2390 ἡγεμονίας,
926 2311 983 2370 ἐπεὶ

207 2410 289 2463 ταῦτα
309 2401 355 2461 καὶ
374 2400 552 2482 παραπλήσια
570 2398 671 2467 τούτοις
695 2398 828 2476 διεξῆλθε,
854 2401 983 2460 τελευτῶν

205 2490 255 2570 ἔρη
272 2517 283 2542 ι
300 2489 347 2561 Μὴ
362 2489 488 2549 δύνασθαι
507 2488 584 2547 πολιν
605 2485 743 2568 ἐλευθέραν
766 2478 849 2562 εἶναι,
865 2488 892 2559 ἐξ
905 2482 937 2563 ἧς
952 2489 984 2550 ἀν

152 2599 178 2637 ae
205 2608 217 2629 «ι
233 2602 272 2645 τις
291 2577 340 2651 τὴν
360 2577 471 2649 ἰσότητα
492 2572 587 2656 ἀνελῃ·
609 2575 659 2657 ip]
679 2600 708 2636 τε
732 2577 817 2637 δοκεῖν
836 2581 922 2659 ἐαυτῷ
940 2577 984 2637 τδν

205 2668 280 2744 «ιμέν
301 2666 381 2743 νόμον
407 2665 507 2724 δίκαιον
531 2656 614 2738 εἶναι,
638 2666 681 2724 τδν
702 2665 824 2735 ἀξιοῦντα
851 2676 917 2727 πᾶσι
938 2691 985 2744 με·

204 2786 215 2807 ι
230 2766 314 2815 τεῖναι
326 2755 472 2834 Ῥωμαίοις
492 2759 540 2826 τῆς
560 2758 691 2828 ὑπατικῆς
714 2758 813 2837 ἀρχῆς,
835 2765 890 2824 τοῖς
906 2781 936 2836 γε
952 2757 983 2829 δὴ

205 2875 216 2893 0·
234 2845 288 2925 βίον
304 2844 481 2916 ἀνεπίληπτον
497 2845 602 2914 ἐζηκόσι
617 2845 662 2902 καὶ
676 2844 782 2923 προέξεις
799 2847 984 2926 ἀποδεδειγμέ·

205 2964 217 2987 ιι
231 2959 283 3001 νοις
307 2937 355 3004 τῆς
376 2937 454 3010 τιμῆς
475 2932 573 3002 οαύτης
595 2932 686 3002 ἀξίας,
702 2932 746 2992 τὸν
769 2933 795 2993 δέ
821 2937 911 3014 καιρδν
937 2938 984 2997 ούκ

151 3035 178 3075 ³⁰
205 3052 216 3075 ν
234 3024 379 3093 ἐπιτήδειον
396 3023 431 3086 είς
443 3019 492 3089 τὴν
507 3020 573 3098 ὑπὲρ
594 3022 673 3079 αὐτοῦ
692 3020 833 3098 διάγνωσιν
857 3025 883 3081 ἐν
907 3028 984 3084 πολε-

205 3141 216 3163 ι
236 3111 325 3187 μικαῖς
338 3108 508 3188 ὑπαρχούσης
518 3111 650 3186 ταραχαῖς
664 3113 710 3179 τῆς
726 3110 842 3176 πόλεως·
859 3111 982 3170 συνεύού·

205 3200 293 3259 «λευί
308 3221 335 3257 τε
356 3206 410 3263 τοῖς
429 3195 477 3272 μὲν
498 3196 645 3275 δημάρχοις
670 3201 714 3256 ἐᾶν
737 3197 784 3266 τὴν
812 3199 983 3279 καταγραρὴν

206 3318 217 3339 e
233 3287 353 3366 γενέσθαι
365 3289 416 3343 τῶν
425 3289 594 3365 στρατιωτῶν
607 3283 653 3354 τὴν
662 3284 747 3353 ἔξοδον
760 3284 798 3358 μὴ
809 3286 920 3344 κωλύειν
931 3290 983 3345 τῶν

206 3407 217 3429 Ιι
233 3373 469 3457 καταγραρέντων,
482 3378 535 3440 τοῖς
553 3374 580 3432 δὲ
590 3374 715 3446 ὑπάτοις,
728 3373 792 3434 όταν
802 3373 832 3434 τδ
844 3375 984 3456 κράτιστον

152 3484 177 3519 .o
206 3496 217 3519 n
233 3466 306 3535 τέλος
316 3469 425 3526 ἐπιθῶσι
438 3468 476 3544 τῷ
488 3463 610 3542 πολέμῳ,
622 3467 726 3542 πρῶτον
741 3463 867 3523 ἁπάντων
882 3465 913 3524 τὸ
923 3466 983 3546 περὶ

206 3584 218 3607 n
233 3559 278 3613 τοῦ
298 3555 378 3631 νόμου
395 3552 581 3631 προόούλευμα
599 3554 636 3619 εἷς
657 3553 701 3611 τὀν
722 3554 806 3629 δῆμον
829 3555 980 3631 ἐξενεγκεῖν.

207 3670 218 3695 ε
234 3645 329 3704 Ταῦτα
344 3643 371 3701 δὲ
382 3642 516 3721 γραρῆναί
527 3642 550 3700 τ’
565 3642 616 3714 ἤδη
633 3644 677 3701 καὶ
688 3645 909 3722 διομολογηθῆναι
919 3643 984 3722 πρδς

206 3760 217 3783 ι
235 3731 403 3811 ἀμφοτέρων.
420 3759 432 3781 ν
462 3731 569 3802 Ταύτην
586 3731 793 3806 ἀποδειξαμένου
808 3733 857 3803 τὴν
874 3732 983 3811 γνώμην

206 3821 353 3901 Οὐαλερίου
364 3865 371 3893 ,
384 3819 429 3879 καί
453 3820 519 3895 μετὰ
533 3826 623 3878 τοῦτον
644 3819 785 3901 Ὁρατίου·
803 3822 917 3902 δευτέρῳ
932 3822 983 3901 γάρ

205 3908 289 3988 τούτῳ
303 3909 380 3987 λόγον
395 3908 535 3967 ἀπέδωκαν
546 3912 570 3969 οἱ
583 3909 693 3970 brosor·
712 3911 793 3971 ταύτδ
807 3913 888 3977 πάθος
899 3910 983 3968 ἀπασι

205 4003 257 4059 τοῖς
271 4003 384 4073 παροῦσι
398 3996 505 4068 συνὲύη.
550 4001 585 4058 oi
603 3999 650 4072 μὲν
665 3999 716 4075 γάρ
733 4004 832 4058 ἀνελεῖν
847 4000 889 4057 τὸν
904 3999 983 4074 νόμον

207 4084 378 4159 βουλόμενοι,
391 4093 438 4157 τὴν
450 4086 582 4156 ἀναύολιλν
594 4092 640 4157 τῆς
652 4086 712 4164 περὶ
725 4090 803 4146 αὐτοῦ
818 4086 983 4164 διαγνώσεως

206 4173 349 4246 ἀγαπητῶς
360 4176 528 4243 ἀκούσαντες,
539 4176 569 4233 τὸ
580 4175 647 4251 μετὰ
658 4176 701 4232 τὸν
710 4176 824 4250 πολεμον
836 4177 982 4254 ἐπάναγκες

207 4250 271 4316 εἶναί
286 4283 358 4340 σριοι
371 4263 562 4339 προύουλεῧσαι
582 4266 641 4344 περί
655 4267 734 4323 αὐτοῦ
746 4267 869 4343 χαλεπῶς
887 4268 981 4327 ἀπεδέ·

165 4373 177 4405 τ,
206 4348 296 4416 ξαντο·
310 4351 333 4407 οἱ
347 4348 373 4407 δέ
390 4351 476 4430 κύριον
488 4355 537 4410 ὑπὸ
551 4359 597 4411 τοῦ
609 4353 741 4427 συνεδρίου
753 4360 872 4431 κριθῆναι
886 4380 983 4435 προαι·

207 4436 337 4516 ρούμενοι,
351 4439 379 4495 τὸ
390 4440 437 4513 μὲν
448 4442 652 4518 ὡμολογημένον
664 4443 763 4500 δίκαιον
775 4434 840 4502 εἶναι
851 4447 893 4504 τὸν
904 4446 982 4522 νόμον

205 4527 325 4602 ἀσμένως
343 4526 455 4597 ἤκουον,
482 4530 511 4587 τὸ
536 4531 557 4587 δ’
583 4534 618 4597 εἰς
640 4530 740 4610 ἑτέρους
759 4534 894 4592 ἐκπίπτειν
915 4536 982 4614 χρό-

204 4638 260 4681 νους
278 4614 307 4671 τὸ
325 4614 508 4693 προύούλευμα
523 4620 587 4696 πρὸς
600 4621 679 4698 ὀργὴν
702 4621 861 4695 ε’λάμόανον.

246 4695 304 4756 LX.
328 4694 450 4772 θορύύου
465 4695 509 4764 δὲ,
524 4697 587 4777 ὅπερ
600 4703 682 4772 εἰκὸς,
699 4703 741 4758 ἐπὶ
754 4706 786 4780 τῇ
799 4703 891 4781 γνώμῃ
908 4727 982 4780 γενο·

152 4812 163 4847 5
206 4784 297 4858 μένου,
315 4784 356 4841 διὰ
373 4787 402 4844 τὸ
417 4786 454 4861 μὴ
474 4794 540 4844 πᾶσι
554 4796 607 4854 τοῖς
620 4789 724 4868 μέρεσιν
740 4793 819 4862 αὐτῆς
834 4796 982 4871 εὐαρεστεῖν

207 4877 386 4952 ἀμφοτέρους,
421 4876 558 4953 παρελθών
590 4881 603 4934 ὁ
631 4875 744 4950 ύπατος,
777 4881 863 4959 τρίτον
892 4878 982 4959 ἠρώτα

209 4960 285 5018 Ιόίίον
311 4963 456 5036 Κλαύδιον,
477 4965 503 5029 ὃς
528 4964 611 5022 ἐδόκει
636 4969 687 5025 τῶν
713 4970 914 5047 προεστηκότων
937 4974 983 5041 τῆς

207 5048 294 5124 ἑτέρας
309 5049 407 5118 τάξεως
421 5059 467 5123 τῆς
486 5055 684 5128 ἐναντιουμένης
695 5058 749 5123 τοῖς
766 5060 916 5135 δημοτικοῖς
932 5063 980 5119 αὐ-

205 5137 363 5203 θαδέστατος
375 5133 442 5197 εἶναι
457 5144 502 5201 καὶ
515 5143 702 5209 δυνατώτατος.
749 5137 835 5210 Ούτος
845 5149 875 5203 ἐκ
890 5172 979 5226 παρα·

726 315 893 378 blob'lsll
917 316 1296 380 unllcnltNllSSENsls

1040 475 1052 499 r
1065 470 1136 517 rum,
1156 471 1205 508 nou
1230 472 1258 509 ex
1279 459 1395 545 maximis
1415 462 1475 510 natu
1489 463 1515 512 et
1530 461 1747 515 honoratissimis
1767 480 1841 518 seua·

1039 545 1176 610 rioribus,
1195 546 1227 596 ad
1252 560 1315 611 quos
1331 561 1362 598 ex
1387 548 1467 613 patria
1483 550 1673 601 consuetudine
1693 552 1741 603 iric
1761 554 1843 607 bonor

1040 654 1051 674 ι
1067 630 1187 693 ιιειοιιυτ,
1211 648 1291 698 neque
1309 649 1340 685 es
1360 636 1407 696 iis,
1426 637 1469 700 qui
1488 636 1593 701 plebeiis
1605 645 1701 691 essent
1716 646 1840 709 suspecti,

1039 732 1051 754 ι
1066 714 1136 778 quasi
1153 714 1216 765 nibil
1231 714 1289 765 boni
1309 729 1354 780 pro
1368 715 1440 779 ipsis,
1453 721 1498 766 aut
1510 717 1604 768 dicturi
1619 726 1667 770 aui
1682 725 1790 775 sensuri
1800 739 1843 777 es·

1039 822 1051 843 ι
1065 808 1134 863 sent;
1161 802 1205 853 sed
1218 816 1250 855 es
1272 803 1425 866 junioribus,
1437 805 1480 868 qul
1505 807 1616 859 maxime
1631 812 1778 874 populares
1794 814 1841 865 lu·

1040 909 1052 931 a
1070 891 1196 941 iterentur.
1216 910 1228 935 ι

1070 1071 1133 1119 le.
1146 1072 1205 1122 lime
1218 1075 1303 1121 aulem
1316 1072 1454 1136 pollicitus,
1478 1073 1597 1138 laetaque
1621 1078 1784 1131 solentibus
1801 1082 1839 1131 di·

1040 1156 1112 1208 (endi
1127 1163 1265 1222 potestate,
1292 1174 1371 1223 quum
1390 1175 1463 1212 nemo
1482 1162 1562 1226 legem
1595 1164 1775 1220 dissuasurus
1796 1174 1841 1223 aut

1039 1259 1160 1297 suarums
1172 1249 1292 1312 prodiret,
1311 1263 1455 1314 progressus
1476 1251 1588 1311 ilerum,
1606 1256 1713 1317 remit
1728 1259 1840 1323 primum

1041 1334 1175 1389 Valerium.
1197 1335 1284 1398 quide
1304 1337 1430 1401 republica
1441 1341 1517 1401 esset,
1529 1343 1556 1390 et
1579 1341 1646 1404 quid
1661 1348 1771 1397 senatui
1788 1352 1840 1398 sla-

1040 1421 1159 1473 luendum
1181 1428 1301 1475 censeret.
1337 1426 1381 1477 ille
1413 1440 1483 1489 nero,
1504 1442 1582 1491 quum
1609 1435 1794 1500 surrexisset,
1810 1442 1835 1488 el

1040 1511 1117 1561 mulia
1139 1511 1216 1563 rerba
1233 1513 1265 1564 de
1279 1528 1306 1563 se
1322 1517 1397 1579 atque
1413 1515 1466 1566 suis
1481 1517 1623 1582 majoribus
1639 1520 1768 1585 iecisset,
1794 1529 1837 1590 qui

1040 1611 1085 1661 pro
1100 1598 1242 1663 reipublice
1259 1602 1394 1652 commodis
1415 1604 1525 1666 partium
1544 1605 1711 1668 plebeiamm
1735 1616 1834 1677 patroni

1042 1685 1153 1749 luerani;
1178 1692 1204 1739 et
1226 1689 1257 1739 ab
1272 1689 1343 1740 initio
1360 1695 1530 1743 enumerasset
1552 1695 1639 1745 omnia
1659 1700 1792 1762 pericula,
1811 1706 1835 1753 in

1043 1788 1101 1838 qum
1112 1776 1251 1841 respublica
1264 1776 1383 1829 inciderat
1399 1779 1433 1830 ob
1446 1793 1506 1842 eos,
1529 1782 1574 1846 qui
1586 1788 1729 1839 ooulrarire
1745 1791 1833 1841 laelio·

1042 1863 1080 1912 nis
1091 1867 1173 1924 erant;
1182 1869 1207 1916 et
1217 1864 1412 1918 demonstrasset
1424 1867 1541 1927 omnibus
1554 1870 1637 1933 piebis
1651 1873 1774 1933 inimicis.
1792 1878 1833 1941 qui

1042 1952 1161 2001 suumin
1184 1953 1278 2017 plebem
1303 1954 1388 2005 odium
1404 1955 1593 2020 declarassent,
1622 1961 1775 2015 damnosum
1805 1965 1834 2015 id

1041 2039 1170 2099 lursse;ct
1192 2042 1278 2093 multis
1294 2043 1412 2094 laudibus
1435 2045 1535 2109 plebem
1557 2056 1712 2112 prosecutus
1732 2054 1830 2111 luisset,

1039 2127 1107 2192 quod
1116 2142 1164 2178 noo
1174 2130 1255 2180 solum
1275 2131 1407 2194 libertatis,
1418 2146 1507 2184 rerum
1521 2134 1598 2186 etlam
1609 2137 1765 2202 principatus
1778 2143 1827 2190 rei·

1039 2214 1146 2280 publica
1160 2219 1299 2283 precipuus
1311 2224 1398 2270 auctor
1410 2221 1499 2272 luisset
1510 2240 1517 2271 ι
1529 2238 1613 2287 quum,
1629 2224 1754 2289 ιἰιριιαιιι,
1767 2228 1824 2277 lraec

1040 2311 1115 2373 atque
1136 2309 1175 2360 bis
1193 2309 1282 2361 similia
1302 2312 1412 2362 oratione
1431 2316 1581 2375 persecutus
1597 2312 1697 2373 misael,
1712 2315 1815 2365 landem

1040 2395 1129 2447 disits
1146 2397 1201 2449 tierl
1224 2412 1272 2449 nou
1285 2412 1370 2464 posse,
1388 2404 1458 2450 oles
1471 2400 1563 2452 civitas
1577 2401 1611 2453 slt
1627 2400 1711 2464 libera,
1726 2416 1759 2454 ex
1773 2418 1825 2468 qua

1042 2501 1055 2526 ι
1068 2483 1225 2547 aequabilius
1245 2486 1343 2537 sublata
1358 2491 1397 2537 est
1424 2507 1431 2538 τ
1458 2488 1575 2553 dixitque
1596 2489 1676 2541 rideri
1696 2492 1746 2544 eibi
1769 2508 1827 2544 eam

1042 2590 1054 2614 a
1071 2573 1223 2634 rogationem
1244 2587 1300 2625 esse
1317 2576 1429 2640 lusiam,
1444 2590 1502 2640 quie
1514 2578 1667 2644 postularet,
1688 2585 1719 2633 at
1742 2595 1829 2633 munes

1041 2680 1053 2703 ι
1070 2661 1137 2712 eires
1151 2663 1254 2713 liornnni
1268 2664 1464 2715 adcensulalum
1478 2666 1683 2731 admitterentur,
1692 2672 1740 2735 qni
1753 2674 1825 2722 reiti-

1040 2768 1054 2794 «
1069 2752 1109 2800 cet
1123 2752 1199 2801 ritem
1212 2751 1364 2816 inculpatam
1376 2753 1503 2818 risissent,
1516 2758 1599 2821 etqui
1618 2770 1660 2809 res
1672 2758 1721 2811 boc
1735 2759 1827 2814 bonore

1042 2859 1054 2881 ι
1071 2839 1157 2903 dignas
1171 2841 1319 2903 gessissent3
1342 2842 1386 2893 sed
1408 2846 1509 2908 tempus
1524 2843 1557 2894 ad
1580 2845 1660 2909 ipsius
1676 2852 1825 2911 rorationes

1042 2952 1054 2975 a
1071 2932 1234 2995 cognitionem
1256 2947 1304 2982 uon
1326 2946 1381 2983 esse
1401 2938 1584 2999 opportunum,
1603 2936 1666 2987 dum
1679 2939 1705 2989 in
1728 2940 1825 2993 bellicis

1042 3019 1217 3069 «tumultibus
1235 3020 1376 3085 respublica
1397 3027 1547 3074 versaretur.
1582 3026 1762 3092 suadebatque
1780 3032 1826 3081 tri-

1042 3126 1053 3149 «
1069 3108 1149 3167 bunis,
1168 3112 1197 3157 ut
1206 3109 1314 3159 sinerent
1326 3111 1417 3160 milites
1428 3111 1550 3162 conscribi
1562 3149 1568 3170 ,
1588 3127 1636 3164 nec
1647 3129 1700 3176 eos,
1711 3118 1756 3180 qui
1770 3120 1828 3168 iuis·

1043 3199 1122 3245 «sent
1140 3197 1273 3259 conscripti
1294 3197 1450 3260 impedirent,
1477 3213 1528 3262 quo
1552 3200 1688 3252 minusad
1712 3206 1826 3255 militiam

1042 3284 1301 3349 «proficiscerenturz
1326 3285 1471 3337 consulibus
1492 3302 1553 3338 vero
1567 3294 1604 3348 ut,
1623 3295 1678 3355 post
1698 3294 1825 3357 optimum

1042 3391 1054 3413 κ
1071 3371 1143 3421 linenr
1161 3371 1225 3421 bello
1238 3371 1393 3436 impositum,
1414 3373 1520 3437 primurn
1535 3378 1561 3426 et
1578 3382 1635 3427 ante
1654 3380 1738 3430 omnin
1752 3396 1826 3432 sena·

1042 3479 1054 3502 ι
1070 3460 1253 3509 tusconsullum
1266 3461 1297 3510 de
1318 3462 1444 3525 rogatione
1468 3463 1661 3527 promulgarent.
1695 3471 1757 3519 ilaec
1776 3484 1824 3520 au-

1042 3550 1119 3597 siem
1136 3549 1186 3611 jam
1209 3550 1338 3600 scribendo
1359 3555 1383 3601 et
1410 3552 1540 3614 sponsione
1562 3553 1594 3604 ab
1616 3555 1747 3619 astrisque
1764 3573 1824 3609 con·

1044 3655 1055 3679 ι
1072 3637 1192 3686 ornanda
1214 3638 1343 3687 revisebat.
1370 3658 1382 3680 ν
1400 3641 1453 3688 llcc
1474 3642 1596 3690 sententia
1613 3644 1742 3694 ai'aierio
1759 3646 1827 3696 dicta

1042 3729 1066 3774 el
1090 3727 1145 3787 post
1169 3740 1227 3775 eum
1243 3726 1275 3776 ab
1297 3728 1398 3777 lloratio
1421 3727 1488 3779 [huic
1516 3729 1580 3778 enini
1606 3732 1717 3782 secundo
1726 3734 1827 3786 dicendi

1041 3818 1188 3878 potestatem
1203 3817 1314 3866 consules
1339 3817 1459 3878 iecerunt)
1483 3818 1583 3878 accidit,
1608 3825 1636 3869 ut
1654 3836 1703 3873 non
1725 3839 1825 3889 omnes,

1042 3901 1084 3967 qui
1097 3903 1208 3953 celerant.
1224 3904 1310 3953 eodem
1325 3906 1398 3954 mulo
1411 3906 1581 3957 allicerentur.
1615 3911 1678 3959 Num
1690 3912 1736 3975 qui
1751 3927 1826 3976 roga·

1043 3990 1134 4040 tionem
1154 3990 1206 4040 tolli
1218 3992 1359 4054 cupiebant,
1386 3992 1529 4046 dilationem
1548 3995 1604 4060 ejus
1620 3999 1770 4061 cognitionis
1785 4002 1828 4052 lu·

1041 4087 1128 4136 beuter
1146 4087 1318 4139 audiverunt:
1345 4089 1389 4139 sed
1407 4091 1483 4154 qnod,
1501 4092 1613 4142 conlecto
1627 4093 1701 4153 bello,
1720 4095 1769 4145 sibi
1783 4111 1825 4146 se·

1041 4178 1252 4229 natuseoosuitum
1272 4180 1304 4229 de
1323 4194 1352 4230 ea
1371 4185 1506 4243 ropolione
1524 4184 1666 4234 necessario
1680 4184 1823 4236 laciendum

1040 4272 1115 4329 esset,
1139 4266 1187 4317 boc
1215 4268 1317 4319 moleste
1340 4270 1459 4320 tulerunt.
1503 4271 1552 4328 Qui
1566 4286 1625 4321 reru
1641 4287 1694 4321 eam
1708 4275 1823 4323 senatus·

1041 4358 1152 4408 consulto
1171 4358 1248 4407 rulant
1264 4358 1314 4406 ireri
1335 4358 1476 4422 cupiebant,
1500 4360 1568 4423 quod
1588 4361 1722 4409 contessum
1739 4367 1821 4417 esser,

1040 4461 1093 4497 cam
1117 4447 1267 4510 rogationem
1288 4461 1341 4496 esse
1355 4461 1462 4512 mqrram,
1486 4449 1509 4497 id
1530 4448 1639 4498 lubenter
1657 4445 1794 4498 audiebant
1815 4471 1821 4498 ι

1040 4535 1105 4599 quod
1120 4550 1179 4583 rere
1193 4535 1216 4584 in
1227 4536 1274 4584 alin
1288 4539 1398 4599 terrrpmra
1410 4537 1650 4587 senatusconsultum
1662 4534 1820 4597 differretur,

1040 4624 1086 4672 boc
1097 4624 1180 4687 iniquo
1195 4625 1275 4673 animo
1292 4624 1410 4673 lerelmnt.

1071 4715 1119 4761 llll.
1131 4713 1247 4762 Tumultu
1259 4718 1342 4763 autem
1362 4715 1398 4775 (ul
1412 4713 1544 4763 verisimile
1557 4714 1604 4771 esti
1617 4711 1714 4764 obeam
1725 4720 1823 4765 senlen-

1040 4802 1099 4849 tiam
1111 4804 1209 4861 inerte,
1223 4801 1288 4864 quod
1300 4801 1394 4850 neutris
1409 4813 1496 4849 omnes
1510 4800 1577 4850 iliius
1589 4802 1723 4850 sententie
1738 4806 1822 4864 parles

1038 4892 1113 4952 graleu
1136 4892 1231 4946 esseni,
1251 4890 1334 4939 consul
1349 4903 1502 4953 progressus,
1518 4891 1619 4939 tertium
1639 4891 1666 4940 0.
1687 4890 1820 4940 Claudiurn

1039 4979 1185 5031 sententium
1209 4982 1318 5041 rogarii,
1337 4981 1377 5042 qui
1414 4981 1551 5043 principum
1575 4979 1677 5029 alterius
1707 4979 1822 5030 factionis

1039 5068 1102 5131 plebi
1120 5067 1268 5116 adversarie
1283 5068 1491 5130 pertinacissimus
1504 5071 1528 5117 et
1540 5067 1727 5131 potentissimus
1740 5067 1821 5117 bebe-

1038 5154 1120 5203 bnlnr.
1137 5156 1159 5200 ls
1171 5154 1363 5217 prcemeililntarn
1376 5155 1510 5204 orationem
1523 5158 1608 5204 conire
1623 5155 1720 5219 piebem
1733 5155 1829 5209 babuli.
