<?xml version="1.0" encoding="UTF-8"?>
<!DOCTYPE html PUBLIC "-//W3C//DTD XHTML 1.0 Transitional//EN"
    "http://www.w3.org/TR/xhtml1/DTD/xhtml1-transitional.dtd">
<html xmlns="http://www.w3.org/1999/xhtml" xml:lang="en" lang="en">
 <head>
  <title>
</title>
<meta http-equiv="Content-Type" content="text/html;charset=utf-8" />
  <meta name='ocr-system' content='tesseract 3.04.00' />
  <meta name='ocr-capabilities' content='ocr_page ocr_carea ocr_par ocr_line ocrx_word'/>
</head>
<body>
  <div class='ocr_page' id='page_1' title='image "./dionysiihalicar00prougoog/dionysiihalicar00prougoog_0200.png"; bbox 0 0 3772 5828; ppageno 0'>
   <div class='ocr_carea' id='block_1_1' title="bbox 195 347 252 408">
    <p class='ocr_par' dir='ltr' id='par_1_1' title="bbox 195 347 252 408">
     <span class='ocr_line' id='line_1_1' title="bbox 195 347 252 408; baseline 0.07 -5"><span class='ocrx_word' id='word_1_1' title='bbox 195 347 252 408; x_wconf 77' lang='lat'>178</span> 
     </span>
    </p>
   </div>
   <div class='ocr_carea' id='block_1_2' title="bbox 138 469 967 1443">
    <p class='ocr_par' dir='ltr' id='par_1_2' title="bbox 138 469 967 1443">
     <span class='ocr_line' id='line_1_2' title="bbox 191 469 967 561; baseline 0.009 -26"><span class='ocrx_word' id='word_1_2' title='bbox 191 481 257 550; x_wconf 67' lang='grc' dir='ltr'>κῆς,</span> <span class='ocrx_word' id='word_1_3' title='bbox 273 478 300 536; x_wconf 79' lang='grc' dir='ltr'>ἐν</span> <span class='ocrx_word' id='word_1_4' title='bbox 312 469 330 559; x_wconf 77' lang='grc' dir='ltr'>ᾗ</span> <span class='ocrx_word' id='word_1_5' title='bbox 340 479 370 538; x_wconf 79' lang='grc' dir='ltr'>τό</span> <span class='ocrx_word' id='word_1_6' title='bbox 382 483 504 540; x_wconf 88' lang='grc' dir='ltr'>πλεῖστον</span> <span class='ocrx_word' id='word_1_7' title='bbox 526 481 603 560; x_wconf 81' lang='grc' dir='ltr'>μέρος</span> <span class='ocrx_word' id='word_1_8' title='bbox 624 474 655 552; x_wconf 72' lang='grc' dir='ltr'>ἦν</span> <span class='ocrx_word' id='word_1_9' title='bbox 670 484 721 539; x_wconf 89' lang='grc' dir='ltr'>τῶν</span> <span class='ocrx_word' id='word_1_10' title='bbox 737 481 870 557; x_wconf 80' lang='grc' dir='ltr'>Λατίνων,</span> <span class='ocrx_word' id='word_1_11' title='bbox 886 481 967 561; x_wconf 85' lang='grc' dir='ltr'>Ἠγέ-</span> 
     </span>
     <span class='ocr_line' id='line_1_3' title="bbox 193 567 965 651; baseline 0.006 -28"><span class='ocrx_word' id='word_1_12' title='bbox 193 590 245 645; x_wconf 90' lang='grc' dir='ltr'>ριον</span> <span class='ocrx_word' id='word_1_13' title='bbox 269 567 313 627; x_wconf 82' lang='grc' dir='ltr'>τόν</span> <span class='ocrx_word' id='word_1_14' title='bbox 338 571 431 629; x_wconf 78' lang='grc' dir='ltr'>ἑαυτοῦ</span> <span class='ocrx_word' id='word_1_15' title='bbox 463 574 574 648; x_wconf 76' lang='grc' dir='ltr'>συγγενῆ</span> <span class='ocrx_word' id='word_1_16' title='bbox 597 571 743 651; x_wconf 83' lang='grc' dir='ltr'>στρατηγὸν</span> <span class='ocrx_word' id='word_1_17' title='bbox 769 570 906 638; x_wconf 76' lang='grc' dir='ltr'>ἀποδείξας</span> <span class='ocrx_word' id='word_1_18' title='bbox 922 571 965 628; x_wconf 81' lang='grc' dir='ltr'>ἐπὶ</span> 
     </span>
     <span class='ocr_line' id='line_1_4' title="bbox 192 655 965 737; baseline 0.005 -25"><span class='ocrx_word' id='word_1_19' title='bbox 192 655 248 722; x_wconf 81' lang='grc' dir='ltr'>τούς</span> <span class='ocrx_word' id='word_1_20' title='bbox 264 659 289 715; x_wconf 89' lang='grc' dir='ltr'>ἐν</span> <span class='ocrx_word' id='word_1_21' title='bbox 305 659 410 737; x_wconf 78' lang='grc' dir='ltr'>Φιδήνῃ</span> <span class='ocrx_word' id='word_1_22' title='bbox 425 659 565 735; x_wconf 89' lang='grc' dir='ltr'>πολεμίους</span> <span class='ocrx_word' id='word_1_23' title='bbox 582 659 703 716; x_wconf 77' lang='grc' dir='ltr'>ἐκελιυσε</span> <span class='ocrx_word' id='word_1_24' title='bbox 718 667 824 736; x_wconf 79' lang='grc' dir='ltr'>χωρεῖν.</span> <span class='ocrx_word' id='word_1_25' title='bbox 866 657 902 718; x_wconf 85' lang='grc' dir='ltr'><strong>Ἥ</strong></span> <span class='ocrx_word' id='word_1_26' title='bbox 919 657 965 734; x_wconf 89' lang='grc' dir='ltr'>μέν</span> 
     </span>
     <span class='ocr_line' id='line_1_5' title="bbox 192 735 967 828; baseline 0.004 -27"><span class='ocrx_word' id='word_1_27' title='bbox 192 735 235 801; x_wconf 73' lang='grc' dir='ltr'>οὖν</span> <span class='ocrx_word' id='word_1_28' title='bbox 256 747 413 824; x_wconf 73' lang='grc' dir='ltr'>συμμαχικὴ</span> <span class='ocrx_word' id='word_1_29' title='bbox 430 748 540 819; x_wconf 84' lang='grc' dir='ltr'>πλησίον</span> <span class='ocrx_word' id='word_1_30' title='bbox 555 751 602 816; x_wconf 70' lang='grc' dir='ltr'>τῆς</span> <span class='ocrx_word' id='word_1_31' title='bbox 616 746 736 817; x_wconf 73' lang='grc' dir='ltr'>Φιδήνης</span> <span class='ocrx_word' id='word_1_32' title='bbox 750 746 793 804; x_wconf 84' lang='grc' dir='ltr'>τὸν</span> <span class='ocrx_word' id='word_1_33' title='bbox 808 746 905 828; x_wconf 85' lang='grc' dir='ltr'>χάρακ’</span> <span class='ocrx_word' id='word_1_34' title='bbox 920 749 967 805; x_wconf 78' lang='grc' dir='ltr'>οὐκ</span> 
     </span>
     <span class='ocr_line' id='line_1_6' title="bbox 152 834 965 916; baseline 0.007 -29"><span class='ocrx_word' id='word_1_35' title='bbox 152 853 165 887; x_wconf 88' lang='lat' dir='ltr'>s</span> <span class='ocrx_word' id='word_1_36' title='bbox 194 834 218 888; x_wconf 83' lang='grc' dir='ltr'>ἐν</span> <span class='ocrx_word' id='word_1_37' title='bbox 246 835 358 915; x_wconf 79' lang='grc' dir='ltr'>ἀσφαλεῖ</span> <span class='ocrx_word' id='word_1_38' title='bbox 383 834 473 915; x_wconf 85' lang='grc' dir='ltr'>χωρίῳ</span> <span class='ocrx_word' id='word_1_39' title='bbox 495 835 589 910; x_wconf 80' lang='grc' dir='ltr'>θεμένη</span> <span class='ocrx_word' id='word_1_40' title='bbox 606 834 648 892; x_wconf 84' lang='grc' dir='ltr'>διίι</span> <span class='ocrx_word' id='word_1_41' title='bbox 671 834 701 893; x_wconf 81' lang='grc' dir='ltr'>τὸ</span> <span class='ocrx_word' id='word_1_42' title='bbox 725 843 897 916; x_wconf 71' lang='grc' dir='ltr'>καταφρονεῖν</span> <span class='ocrx_word' id='word_1_43' title='bbox 914 838 965 893; x_wconf 86' lang='grc' dir='ltr'>τῶν</span> 
     </span>
     <span class='ocr_line' id='line_1_7' title="bbox 192 920 965 1002; baseline 0.005 -27"><span class='ocrx_word' id='word_1_44' title='bbox 192 922 327 996; x_wconf 87' lang='grc' dir='ltr'>πολεμίων</span> <span class='ocrx_word' id='word_1_45' title='bbox 351 920 437 998; x_wconf 85' lang='grc' dir='ltr'>ὀλίγου</span> <span class='ocrx_word' id='word_1_46' title='bbox 453 922 521 988; x_wconf 75' lang='grc' dir='ltr'>τινός</span> <span class='ocrx_word' id='word_1_47' title='bbox 533 922 639 992; x_wconf 84' lang='grc' dir='ltr'>ἐδέησεν</span> <span class='ocrx_word' id='word_1_48' title='bbox 667 921 759 981; x_wconf 78' lang='grc' dir='ltr'>ἅπασα</span> <span class='ocrx_word' id='word_1_49' title='bbox 781 924 965 1002; x_wconf 74' lang='grc' dir='ltr'>διαφθαρῆναι·</span> 
     </span>
     <span class='ocr_line' id='line_1_8' title="bbox 191 1009 966 1092; baseline 0.003 -24"><span class='ocrx_word' id='word_1_50' title='bbox 191 1014 213 1068; x_wconf 89' lang='lat' dir='ltr'>el</span> <span class='ocrx_word' id='word_1_51' title='bbox 238 1009 289 1089; x_wconf 78' lang='grc' dir='ltr'>γαρ</span> <span class='ocrx_word' id='word_1_52' title='bbox 316 1010 343 1066; x_wconf 82' lang='grc' dir='ltr'>ἐν</span> <span class='ocrx_word' id='word_1_53' title='bbox 368 1013 401 1090; x_wconf 82' lang='grc' dir='ltr'>τῇ</span> <span class='ocrx_word' id='word_1_54' title='bbox 415 1010 491 1068; x_wconf 88' lang='grc' dir='ltr'>πόλει</span> <span class='ocrx_word' id='word_1_55' title='bbox 510 1012 617 1091; x_wconf 82' lang='grc' dir='ltr'>φρουροί</span> <span class='ocrx_word' id='word_1_56' title='bbox 635 1010 754 1089; x_wconf 79' lang='grc' dir='ltr'>βοήθειαν</span> <span class='ocrx_word' id='word_1_57' title='bbox 774 1010 865 1092; x_wconf 77' lang='grc' dir='ltr'>ἑτέραν</span> <span class='ocrx_word' id='word_1_58' title='bbox 892 1010 966 1090; x_wconf 73' lang='grc' dir='ltr'>παρὰ</span> 
     </span>
     <span class='ocr_line' id='line_1_9' title="bbox 189 1097 966 1180; baseline 0 -24"><span class='ocrx_word' id='word_1_59' title='bbox 189 1099 331 1175; x_wconf 85' lang='grc' dir='ltr'>Τυρρηνῶν</span> <span class='ocrx_word' id='word_1_60' title='bbox 354 1097 441 1180; x_wconf 86' lang='grc' dir='ltr'>κρύφα</span> <span class='ocrx_word' id='word_1_61' title='bbox 463 1098 721 1178; x_wconf 77' lang='grc' dir='ltr'>μεταπεμψάμενοι,</span> <span class='ocrx_word' id='word_1_62' title='bbox 738 1099 784 1157; x_wconf 85' lang='grc' dir='ltr'>καί</span> <span class='ocrx_word' id='word_1_63' title='bbox 808 1097 966 1178; x_wconf 74' lang='grc' dir='ltr'>φυλάξαντες</span> 
     </span>
     <span class='ocr_line' id='line_1_10' title="bbox 189 1185 966 1265; baseline 0.001 -22"><span class='ocrx_word' id='word_1_64' title='bbox 189 1186 279 1265; x_wconf 81' lang='grc' dir='ltr'>καιρόν</span> <span class='ocrx_word' id='word_1_65' title='bbox 304 1187 464 1261; x_wconf 77' lang='grc' dir='ltr'>ἐπιτήδειον,</span> <span class='ocrx_word' id='word_1_66' title='bbox 489 1185 632 1254; x_wconf 75' lang='grc' dir='ltr'>ἐξελθόντες</span> <span class='ocrx_word' id='word_1_67' title='bbox 646 1189 677 1246; x_wconf 84' lang='grc' dir='ltr'>ἐκ</span> <span class='ocrx_word' id='word_1_68' title='bbox 695 1191 742 1258; x_wconf 77' lang='grc' dir='ltr'>τῆς</span> <span class='ocrx_word' id='word_1_69' title='bbox 763 1185 863 1252; x_wconf 85' lang='grc' dir='ltr'>πόλεως</span> <span class='ocrx_word' id='word_1_70' title='bbox 879 1186 923 1244; x_wconf 91' lang='grc' dir='ltr'>τόν</span> <span class='ocrx_word' id='word_1_71' title='bbox 937 1209 966 1244; x_wconf 89' lang='grc' dir='ltr'>τε</span> 
     </span>
     <span class='ocr_line' id='line_1_11' title="bbox 138 1275 966 1357; baseline -0.005 -21"><span class='ocrx_word' id='word_1_72' title='bbox 138 1300 161 1337; x_wconf 87' lang='lat' dir='ltr'>to</span> <span class='ocrx_word' id='word_1_73' title='bbox 188 1275 295 1353; x_wconf 85' lang='grc' dir='ltr'>χάρακα</span> <span class='ocrx_word' id='word_1_74' title='bbox 311 1279 367 1333; x_wconf 86' lang='grc' dir='ltr'>τῶν</span> <span class='ocrx_word' id='word_1_75' title='bbox 382 1276 515 1351; x_wconf 86' lang='grc' dir='ltr'>πολεμίων</span> <span class='ocrx_word' id='word_1_76' title='bbox 531 1276 626 1334; x_wconf 71' lang='grc' dir='ltr'>ἔλαθον</span> <span class='ocrx_word' id='word_1_77' title='bbox 641 1275 668 1345; x_wconf 83' lang='grc' dir='ltr'>ἐξ</span> <span class='ocrx_word' id='word_1_78' title='bbox 683 1276 775 1357; x_wconf 89' lang='grc' dir='ltr'>ἐφόδου</span> <span class='ocrx_word' id='word_1_79' title='bbox 789 1276 896 1357; x_wconf 79' lang='grc' dir='ltr'>φαύλως</span> <span class='ocrx_word' id='word_1_80' title='bbox 910 1298 966 1356; x_wconf 87' lang='grc' dir='ltr'>φυ-</span> 
     </span>
     <span class='ocr_line' id='line_1_12' title="bbox 188 1363 966 1443; baseline -0.003 -21"><span class='ocrx_word' id='word_1_81' title='bbox 188 1363 363 1439; x_wconf 85' lang='grc' dir='ltr'>λαττόμενον,</span> <span class='ocrx_word' id='word_1_82' title='bbox 378 1363 488 1422; x_wconf 81' lang='grc' dir='ltr'>καὶτῶν</span> <span class='ocrx_word' id='word_1_83' title='bbox 502 1363 692 1438; x_wconf 75' lang='grc' dir='ltr'>ἐξεληλυθότων</span> <span class='ocrx_word' id='word_1_84' title='bbox 713 1366 757 1423; x_wconf 84' lang='grc' dir='ltr'>ε’πί</span> <span class='ocrx_word' id='word_1_85' title='bbox 771 1366 819 1430; x_wconf 87' lang='grc' dir='ltr'>τθις</span> <span class='ocrx_word' id='word_1_86' title='bbox 830 1363 966 1443; x_wconf 75' lang='grc' dir='ltr'>προνομὰς</span> 
     </span>
    </p>
   </div>
   <div class='ocr_carea' id='block_1_3' title="bbox 189 1449 977 1529">
    <p class='ocr_par' dir='ltr' id='par_1_3' title="bbox 189 1449 977 1529">
     <span class='ocr_line' id='line_1_13' title="bbox 189 1449 977 1529; baseline -0.004 -21"><span class='ocrx_word' id='word_1_87' title='bbox 189 1449 271 1508; x_wconf 79' lang='grc' dir='ltr'>πολύν</span> <span class='ocrx_word' id='word_1_88' title='bbox 286 1451 442 1529; x_wconf 74' lang='grc' dir='ltr'>εἰργάσαντο</span> <span class='ocrx_word' id='word_1_89' title='bbox 458 1450 546 1526; x_wconf 85' lang='grc' dir='ltr'>φόνον.</span> <span class='ocrx_word' id='word_1_90' title='bbox 590 1450 624 1511; x_wconf 84' lang='grc' dir='ltr'><em>Ἦ</em></span> <span class='ocrx_word' id='word_1_91' title='bbox 641 1451 668 1509; x_wconf 84' lang='grc' dir='ltr'>δέ</span> <span class='ocrx_word' id='word_1_92' title='bbox 686 1450 830 1527; x_wconf 80' lang='grc' dir='ltr'>Ῥωμαίων</span> <span class='ocrx_word' id='word_1_93' title='bbox 846 1450 977 1526; x_wconf 86' lang='grc' dir='ltr'>δύναμις,Ι</span> 
     </span>
    </p>
   </div>
   <div class='ocr_carea' id='block_1_4' title="bbox 81 1529 970 5226">
    <p class='ocr_par' dir='ltr' id='par_1_4' title="bbox 190 1529 966 1707">
     <span class='ocr_line' id='line_1_14' title="bbox 191 1529 966 1620; baseline -0.006 -21"><span class='ocrx_word' id='word_1_94' title='bbox 191 1529 222 1609; x_wconf 69' lang='grc' dir='ltr'>ἧς</span> <span class='ocrx_word' id='word_1_95' title='bbox 236 1539 383 1618; x_wconf 90' lang='grc' dir='ltr'>Ταρκύνιος</span> <span class='ocrx_word' id='word_1_96' title='bbox 406 1543 513 1617; x_wconf 79' lang='grc' dir='ltr'>ἡγεῖτο,</span> <span class='ocrx_word' id='word_1_97' title='bbox 536 1537 584 1611; x_wconf 75' lang='grc' dir='ltr'>τὴν</span> <span class='ocrx_word' id='word_1_98' title='bbox 599 1541 768 1598; x_wconf 87' lang='grc' dir='ltr'>Ούϊεντανῶν</span> <span class='ocrx_word' id='word_1_99' title='bbox 782 1538 906 1620; x_wconf 80' lang='grc' dir='ltr'>κείρουσα</span> <span class='ocrx_word' id='word_1_100' title='bbox 920 1538 966 1596; x_wconf 88' lang='grc' dir='ltr'>καί</span> 
     </span>
     <span class='ocr_line' id='line_1_15' title="bbox 190 1626 966 1707; baseline -0.001 -23"><span class='ocrx_word' id='word_1_101' title='bbox 190 1629 355 1698; x_wconf 77' lang='grc' dir='ltr'>λεηλατοῦσα</span> <span class='ocrx_word' id='word_1_102' title='bbox 382 1626 471 1707; x_wconf 86' lang='grc' dir='ltr'>χώραν</span> <span class='ocrx_word' id='word_1_103' title='bbox 497 1626 542 1685; x_wconf 82' lang='grc' dir='ltr'>καί</span> <span class='ocrx_word' id='word_1_104' title='bbox 564 1626 663 1695; x_wconf 85' lang='grc' dir='ltr'>πολλθις</span> <span class='ocrx_word' id='word_1_105' title='bbox 686 1627 811 1707; x_wconf 83' lang='grc' dir='ltr'>ὠφελείας</span> <span class='ocrx_word' id='word_1_106' title='bbox 831 1626 966 1702; x_wconf 87' lang='grc' dir='ltr'>ἐξενεγκα·</span> 
     </span>
    </p>

    <p class='ocr_par' dir='ltr' id='par_1_5' title="bbox 138 1713 967 1793">
     <span class='ocr_line' id='line_1_16' title="bbox 138 1713 967 1793; baseline -0.002 -20"><span class='ocrx_word' id='word_1_107' title='bbox 138 1734 161 1773; x_wconf 84' lang='grc' dir='ltr'>ιε</span> <span class='ocrx_word' id='word_1_108' title='bbox 190 1715 275 1792; x_wconf 87' lang='grc' dir='ltr'>μένη,</span> <span class='ocrx_word' id='word_1_109' title='bbox 291 1713 461 1788; x_wconf 75' lang='grc' dir='ltr'>συνελθούσης</span> <span class='ocrx_word' id='word_1_110' title='bbox 476 1714 504 1784; x_wconf 84' lang='grc' dir='ltr'>ἐξ</span> <span class='ocrx_word' id='word_1_111' title='bbox 518 1714 630 1774; x_wconf 81' lang='grc' dir='ltr'>ἀπασῶν</span> <span class='ocrx_word' id='word_1_112' title='bbox 654 1718 706 1774; x_wconf 87' lang='grc' dir='ltr'>τῶν</span> <span class='ocrx_word' id='word_1_113' title='bbox 725 1713 898 1793; x_wconf 84' lang='grc' dir='ltr'>Τυρρηνίδων</span> <span class='ocrx_word' id='word_1_114' title='bbox 913 1713 967 1772; x_wconf 85' lang='grc' dir='ltr'>πο-</span> 
     </span>
    </p>

    <p class='ocr_par' dir='ltr' id='par_1_6' title="bbox 81 1802 967 2146">
     <span class='ocr_line' id='line_1_17' title="bbox 81 1802 966 1882; baseline -0.003 -20"><span class='ocrx_word' id='word_1_115' title='bbox 81 1847 86 1855; x_wconf 85' lang='grc'>.</span> <span class='ocrx_word' id='word_1_116' title='bbox 190 1805 255 1861; x_wconf 88' lang='grc' dir='ltr'>λεων</span> <span class='ocrx_word' id='word_1_117' title='bbox 271 1802 387 1881; x_wconf 77' lang='grc' dir='ltr'>μεγάλης</span> <span class='ocrx_word' id='word_1_118' title='bbox 403 1811 456 1870; x_wconf 92' lang='grc' dir='ltr'>τοῖς</span> <span class='ocrx_word' id='word_1_119' title='bbox 470 1806 637 1869; x_wconf 85' lang='grc' dir='ltr'>Ούῖεντανοῑς</span> <span class='ocrx_word' id='word_1_120' title='bbox 651 1805 811 1881; x_wconf 85' lang='grc' dir='ltr'>ἐπικουρίας,</span> <span class='ocrx_word' id='word_1_121' title='bbox 827 1804 863 1870; x_wconf 84' lang='grc' dir='ltr'>εἷς</span> <span class='ocrx_word' id='word_1_122' title='bbox 875 1803 966 1882; x_wconf 80' lang='grc' dir='ltr'>μάχην</span> 
     </span>
     <span class='ocr_line' id='line_1_18' title="bbox 190 1890 967 1971; baseline -0.003 -20"><span class='ocrx_word' id='word_1_123' title='bbox 190 1901 345 1951; x_wconf 81' lang='grc' dir='ltr'>καταστᾶσα</span> <span class='ocrx_word' id='word_1_124' title='bbox 373 1893 446 1962; x_wconf 72' lang='grc' dir='ltr'>νίκην</span> <span class='ocrx_word' id='word_1_125' title='bbox 475 1892 653 1971; x_wconf 82' lang='grc' dir='ltr'>ἀναμφίλογον</span> <span class='ocrx_word' id='word_1_126' title='bbox 682 1890 792 1970; x_wconf 81' lang='grc' dir='ltr'>αἴρεται·</span> <span class='ocrx_word' id='word_1_127' title='bbox 828 1891 872 1949; x_wconf 87' lang='grc' dir='ltr'>καί</span> <span class='ocrx_word' id='word_1_128' title='bbox 899 1891 967 1968; x_wconf 76' lang='grc' dir='ltr'>μετὰ</span> 
     </span>
     <span class='ocr_line' id='line_1_19' title="bbox 189 1979 966 2060; baseline -0.003 -21"><span class='ocrx_word' id='word_1_129' title='bbox 189 1984 266 2040; x_wconf 76' lang='grc' dir='ltr'>τοῦτο</span> <span class='ocrx_word' id='word_1_130' title='bbox 279 1982 407 2049; x_wconf 79' lang='grc' dir='ltr'>διεξιοῦσα</span> <span class='ocrx_word' id='word_1_131' title='bbox 420 1979 468 2052; x_wconf 73' lang='grc' dir='ltr'>τὴν</span> <span class='ocrx_word' id='word_1_132' title='bbox 482 1979 573 2060; x_wconf 86' lang='grc' dir='ltr'>χώραν</span> <span class='ocrx_word' id='word_1_133' title='bbox 588 1983 640 2037; x_wconf 90' lang='grc' dir='ltr'>τῶν</span> <span class='ocrx_word' id='word_1_134' title='bbox 650 1980 783 2057; x_wconf 88' lang='grc' dir='ltr'>πολεμίων</span> <span class='ocrx_word' id='word_1_135' title='bbox 795 1981 875 2046; x_wconf 81' lang='grc' dir='ltr'>ἀδεῶς</span> <span class='ocrx_word' id='word_1_136' title='bbox 887 1979 966 2060; x_wconf 88' lang='grc' dir='ltr'>ἐπόρ-</span> 
     </span>
     <span class='ocr_line' id='line_1_20' title="bbox 189 2066 965 2146; baseline -0.004 -18"><span class='ocrx_word' id='word_1_137' title='bbox 189 2074 236 2143; x_wconf 85' lang='grc' dir='ltr'>θει,</span> <span class='ocrx_word' id='word_1_138' title='bbox 248 2070 374 2146; x_wconf 75' lang='grc' dir='ltr'>γενομένη</span> <span class='ocrx_word' id='word_1_139' title='bbox 388 2092 415 2127; x_wconf 89' lang='grc' dir='ltr'>τε</span> <span class='ocrx_word' id='word_1_140' title='bbox 423 2072 528 2128; x_wconf 89' lang='grc' dir='ltr'>πολλῶν</span> <span class='ocrx_word' id='word_1_141' title='bbox 534 2070 581 2144; x_wconf 87' lang='grc' dir='ltr'>μὲν</span> <span class='ocrx_word' id='word_1_142' title='bbox 594 2067 725 2144; x_wconf 90' lang='grc' dir='ltr'>σωμάτων</span> <span class='ocrx_word' id='word_1_143' title='bbox 747 2066 884 2146; x_wconf 65' lang='grc' dir='ltr'>ἐγκρατὴς,</span> <span class='ocrx_word' id='word_1_144' title='bbox 898 2071 965 2126; x_wconf 87' lang='grc' dir='ltr'>πολ·</span> 
     </span>
    </p>

    <p class='ocr_par' dir='ltr' id='par_1_7' title="bbox 135 2147 967 2326">
     <span class='ocr_line' id='line_1_21' title="bbox 135 2147 967 2236; baseline -0.002 -21"><span class='ocrx_word' id='word_1_145' title='bbox 135 2185 162 2226; x_wconf 74' lang='lat' dir='ltr'><em>w</em></span> <span class='ocrx_word' id='word_1_146' title='bbox 188 2159 241 2215; x_wconf 89' lang='grc' dir='ltr'>λῶν</span> <span class='ocrx_word' id='word_1_147' title='bbox 257 2157 284 2216; x_wconf 80' lang='grc' dir='ltr'>δέ</span> <span class='ocrx_word' id='word_1_148' title='bbox 301 2158 463 2236; x_wconf 88' lang='grc' dir='ltr'>χρημάτων,</span> <span class='ocrx_word' id='word_1_149' title='bbox 480 2147 512 2215; x_wconf 65' lang='grc' dir='ltr'>οἷ’</span> <span class='ocrx_word' id='word_1_150' title='bbox 528 2155 554 2226; x_wconf 81' lang='grc' dir='ltr'>ἐξ</span> <span class='ocrx_word' id='word_1_151' title='bbox 576 2156 726 2233; x_wconf 84' lang='grc' dir='ltr'>εὐδαίμονος</span> <span class='ocrx_word' id='word_1_152' title='bbox 750 2154 854 2235; x_wconf 82' lang='grc' dir='ltr'>χώρας,</span> <span class='ocrx_word' id='word_1_153' title='bbox 876 2160 967 2213; x_wconf 89' lang='grc' dir='ltr'>τελευ·</span> 
     </span>
     <span class='ocr_line' id='line_1_22' title="bbox 189 2245 766 2326; baseline -0.005 -19"><span class='ocrx_word' id='word_1_154' title='bbox 189 2253 283 2314; x_wconf 86' lang='grc' dir='ltr'>τῶντος</span> <span class='ocrx_word' id='word_1_155' title='bbox 309 2249 360 2319; x_wconf 83' lang='grc' dir='ltr'>ἤδη</span> <span class='ocrx_word' id='word_1_156' title='bbox 387 2254 432 2306; x_wconf 86' lang='grc' dir='ltr'>τοῦ</span> <span class='ocrx_word' id='word_1_157' title='bbox 458 2246 545 2326; x_wconf 88' lang='grc' dir='ltr'>θέρους</span> <span class='ocrx_word' id='word_1_158' title='bbox 570 2245 654 2306; x_wconf 80' lang='grc' dir='ltr'>οἴκαδ’</span> <span class='ocrx_word' id='word_1_159' title='bbox 675 2245 766 2324; x_wconf 75' lang='grc' dir='ltr'>ἀπῄει.</span> 
     </span>
    </p>

    <p class='ocr_par' dir='ltr' id='par_1_8' title="bbox 191 2325 966 2594">
     <span class='ocr_line' id='line_1_23' title="bbox 229 2325 963 2413; baseline -0.011 -15"><span class='ocrx_word' id='word_1_160' title='bbox 229 2339 328 2399; x_wconf 83' lang='lat' dir='ltr'>Lvlll.</span> <span class='ocrx_word' id='word_1_161' title='bbox 350 2335 504 2397; x_wconf 84' lang='grc' dir='ltr'>Ούῖεντανοί</span> <span class='ocrx_word' id='word_1_162' title='bbox 521 2336 568 2413; x_wconf 76' lang='grc' dir='ltr'>μέν</span> <span class='ocrx_word' id='word_1_163' title='bbox 586 2325 631 2393; x_wconf 78' lang='grc' dir='ltr'>σύν</span> <span class='ocrx_word' id='word_1_164' title='bbox 649 2334 675 2402; x_wconf 82' lang='grc' dir='ltr'>ἐξ</span> <span class='ocrx_word' id='word_1_165' title='bbox 692 2334 792 2405; x_wconf 86' lang='grc' dir='ltr'>ἐκείνης</span> <span class='ocrx_word' id='word_1_166' title='bbox 806 2337 852 2404; x_wconf 85' lang='grc' dir='ltr'>τῆς</span> <span class='ocrx_word' id='word_1_167' title='bbox 874 2333 963 2412; x_wconf 84' lang='grc' dir='ltr'>μάχης</span> 
     </span>
     <span class='ocr_line' id='line_1_24' title="bbox 191 2422 965 2506; baseline -0.006 -21"><span class='ocrx_word' id='word_1_168' title='bbox 191 2425 311 2506; x_wconf 82' lang='grc' dir='ltr'>μεγάλως</span> <span class='ocrx_word' id='word_1_169' title='bbox 325 2425 486 2492; x_wconf 75' lang='grc' dir='ltr'>κακωθέντες</span> <span class='ocrx_word' id='word_1_170' title='bbox 500 2423 587 2485; x_wconf 82' lang='grc' dir='ltr'>οὐκέτι</span> <span class='ocrx_word' id='word_1_171' title='bbox 604 2423 738 2504; x_wconf 74' lang='grc' dir='ltr'>προῄεσαν</span> <span class='ocrx_word' id='word_1_172' title='bbox 749 2425 778 2481; x_wconf 90' lang='grc' dir='ltr'>ἐκ</span> <span class='ocrx_word' id='word_1_173' title='bbox 788 2425 834 2493; x_wconf 82' lang='grc' dir='ltr'>τῆς</span> <span class='ocrx_word' id='word_1_174' title='bbox 846 2422 965 2497; x_wconf 82' lang='grc' dir='ltr'>πολεως,</span> 
     </span>
     <span class='ocr_line' id='line_1_25' title="bbox 191 2511 966 2594; baseline -0.006 -22"><span class='ocrx_word' id='word_1_175' title='bbox 191 2513 249 2573; x_wconf 84' lang='grc' dir='ltr'>ἀλλ’</span> <span class='ocrx_word' id='word_1_176' title='bbox 263 2513 397 2593; x_wconf 79' lang='grc' dir='ltr'>ἠνείχοντο</span> <span class='ocrx_word' id='word_1_177' title='bbox 406 2512 560 2594; x_wconf 80' lang='grc' dir='ltr'>κειρομένην</span> <span class='ocrx_word' id='word_1_178' title='bbox 574 2512 622 2580; x_wconf 74' lang='grc' dir='ltr'>τὴν</span> <span class='ocrx_word' id='word_1_179' title='bbox 642 2511 733 2592; x_wconf 81' lang='grc' dir='ltr'>χώραν</span> <span class='ocrx_word' id='word_1_180' title='bbox 744 2515 870 2591; x_wconf 78' lang='grc' dir='ltr'>δρῶντες·</span> <span class='ocrx_word' id='word_1_181' title='bbox 889 2515 966 2590; x_wconf 91' lang='grc' dir='ltr'>βασι-</span> 
     </span>
    </p>

    <p class='ocr_par' dir='ltr' id='par_1_9' title="bbox 134 2597 967 3031">
     <span class='ocr_line' id='line_1_26' title="bbox 134 2597 967 2680; baseline -0.006 -20"><span class='ocrx_word' id='word_1_182' title='bbox 134 2609 160 2649; x_wconf 72' lang='lat'>25</span> <span class='ocrx_word' id='word_1_183' title='bbox 190 2601 249 2667; x_wconf 80' lang='grc' dir='ltr'>λείνς</span> <span class='ocrx_word' id='word_1_184' title='bbox 264 2600 292 2660; x_wconf 75' lang='grc' dir='ltr'>δέ</span> <span class='ocrx_word' id='word_1_185' title='bbox 312 2602 459 2680; x_wconf 88' lang='grc' dir='ltr'>Ταρκύνιος</span> <span class='ocrx_word' id='word_1_186' title='bbox 472 2602 556 2679; x_wconf 84' lang='grc' dir='ltr'>τρισίν</span> <span class='ocrx_word' id='word_1_187' title='bbox 580 2599 712 2666; x_wconf 81' lang='grc' dir='ltr'>είσόολαῐς</span> <span class='ocrx_word' id='word_1_188' title='bbox 732 2599 898 2679; x_wconf 87' lang='grc' dir='ltr'>χρησάμενος</span> <span class='ocrx_word' id='word_1_189' title='bbox 922 2597 967 2656; x_wconf 87' lang='grc' dir='ltr'>καί</span> 
     </span>
     <span class='ocr_line' id='line_1_27' title="bbox 190 2685 967 2769; baseline -0.005 -20"><span class='ocrx_word' id='word_1_190' title='bbox 190 2695 279 2768; x_wconf 77' lang='grc' dir='ltr'>τριετῆ</span> <span class='ocrx_word' id='word_1_191' title='bbox 294 2688 389 2769; x_wconf 88' lang='grc' dir='ltr'>χρόνον</span> <span class='ocrx_word' id='word_1_192' title='bbox 407 2688 589 2767; x_wconf 69' lang='grc' dir='ltr'>ἀποστερήσας</span> <span class='ocrx_word' id='word_1_193' title='bbox 610 2685 668 2753; x_wconf 85' lang='grc' dir='ltr'>τοίις</span> <span class='ocrx_word' id='word_1_194' title='bbox 682 2685 855 2753; x_wconf 84' lang='grc' dir='ltr'>Ούῖεντανοθς</span> <span class='ocrx_word' id='word_1_195' title='bbox 869 2689 921 2745; x_wconf 89' lang='grc' dir='ltr'>τῶν</span> <span class='ocrx_word' id='word_1_196' title='bbox 937 2689 967 2745; x_wconf 87' lang='grc' dir='ltr'>ἐκ</span> 
     </span>
     <span class='ocr_line' id='line_1_28' title="bbox 190 2766 966 2857; baseline -0.012 -21"><span class='ocrx_word' id='word_1_197' title='bbox 190 2766 237 2848; x_wconf 65' lang='grc' dir='ltr'>τῆς</span> <span class='ocrx_word' id='word_1_198' title='bbox 249 2776 375 2857; x_wconf 85' lang='grc' dir='ltr'>σφετέρας</span> <span class='ocrx_word' id='word_1_199' title='bbox 390 2779 438 2852; x_wconf 74' lang='grc' dir='ltr'>γῆς</span> <span class='ocrx_word' id='word_1_200' title='bbox 449 2778 626 2854; x_wconf 84' lang='grc' dir='ltr'>ἐπικαρπιῶν,</span> <span class='ocrx_word' id='word_1_201' title='bbox 639 2778 674 2839; x_wconf 83' lang='grc' dir='ltr'>ῶς</span> <span class='ocrx_word' id='word_1_202' title='bbox 688 2773 786 2852; x_wconf 78' lang='grc' dir='ltr'>ἔρημον</span> <span class='ocrx_word' id='word_1_203' title='bbox 799 2771 907 2843; x_wconf 81' lang='grc' dir='ltr'>ἐποίησε</span> <span class='ocrx_word' id='word_1_204' title='bbox 920 2771 966 2841; x_wconf 76' lang='grc' dir='ltr'>τὴν</span> 
     </span>
     <span class='ocr_line' id='line_1_29' title="bbox 190 2850 967 2940; baseline -0.009 -18"><span class='ocrx_word' id='word_1_205' title='bbox 190 2865 317 2936; x_wconf 86' lang='grc' dir='ltr'>πλείστην</span> <span class='ocrx_word' id='word_1_206' title='bbox 336 2863 382 2922; x_wconf 84' lang='grc' dir='ltr'>καί</span> <span class='ocrx_word' id='word_1_207' title='bbox 403 2863 476 2921; x_wconf 78' lang='grc' dir='ltr'>οὐδὲν</span> <span class='ocrx_word' id='word_1_208' title='bbox 502 2860 542 2920; x_wconf 85' lang='grc' dir='ltr'>ἐτι</span> <span class='ocrx_word' id='word_1_209' title='bbox 568 2861 694 2940; x_wconf 84' lang='grc' dir='ltr'>βλάπτειν</span> <span class='ocrx_word' id='word_1_210' title='bbox 718 2859 799 2930; x_wconf 70' lang='grc' dir='ltr'>αὐτὴν</span> <span class='ocrx_word' id='word_1_211' title='bbox 818 2850 905 2937; x_wconf 74' lang='grc' dir='ltr'>εἶχεν,</span> <span class='ocrx_word' id='word_1_212' title='bbox 922 2857 967 2916; x_wconf 83' lang='grc' dir='ltr'>ἐπί</span> 
     </span>
     <span class='ocr_line' id='line_1_30' title="bbox 190 2941 966 3031; baseline -0.006 -21"><span class='ocrx_word' id='word_1_213' title='bbox 190 2951 237 3024; x_wconf 76' lang='grc' dir='ltr'>τὴν</span> <span class='ocrx_word' id='word_1_214' title='bbox 252 2953 431 3031; x_wconf 83' lang='grc' dir='ltr'>Καιρητανῶν</span> <span class='ocrx_word' id='word_1_215' title='bbox 451 2952 528 3008; x_wconf 81' lang='grc' dir='ltr'>πολιν</span> <span class='ocrx_word' id='word_1_216' title='bbox 542 2941 590 3027; x_wconf 75' lang='grc' dir='ltr'>ἦγε</span> <span class='ocrx_word' id='word_1_217' title='bbox 604 2948 652 3018; x_wconf 76' lang='grc' dir='ltr'>τὴν</span> <span class='ocrx_word' id='word_1_218' title='bbox 669 2948 795 3022; x_wconf 84' lang='grc' dir='ltr'>δύναμιν,</span> <span class='ocrx_word' id='word_1_219' title='bbox 809 2947 827 3019; x_wconf 80' lang='grc' dir='ltr'>ἣ</span> <span class='ocrx_word' id='word_1_220' title='bbox 842 2947 966 3026; x_wconf 89' lang='grc' dir='ltr'>πρότερον</span> 
     </span>
    </p>

    <p class='ocr_par' dir='ltr' id='par_1_10' title="bbox 137 3032 967 3471">
     <span class='ocr_line' id='line_1_31' title="bbox 137 3032 966 3118; baseline -0.012 -19"><span class='ocrx_word' id='word_1_221' title='bbox 137 3049 164 3089; x_wconf 79' lang='lat'>³⁰</span> <span class='ocrx_word' id='word_1_222' title='bbox 191 3040 240 3117; x_wconf 80' lang='grc' dir='ltr'>μὲν</span> <span class='ocrx_word' id='word_1_223' title='bbox 258 3039 374 3118; x_wconf 77' lang='grc' dir='ltr'>Ἄγυλλα</span> <span class='ocrx_word' id='word_1_224' title='bbox 397 3039 516 3097; x_wconf 82' lang='grc' dir='ltr'>ἐκαλεῖτο</span> <span class='ocrx_word' id='word_1_225' title='bbox 537 3037 684 3112; x_wconf 87' lang='grc' dir='ltr'>Πελασγῶν</span> <span class='ocrx_word' id='word_1_226' title='bbox 706 3032 787 3104; x_wconf 78' lang='grc' dir='ltr'>αὐτὴν</span> <span class='ocrx_word' id='word_1_227' title='bbox 813 3034 966 3092; x_wconf 87' lang='grc' dir='ltr'>κατοικούν-</span> 
     </span>
     <span class='ocr_line' id='line_1_32' title="bbox 190 3122 967 3204; baseline -0.01 -18"><span class='ocrx_word' id='word_1_228' title='bbox 190 3153 259 3204; x_wconf 90' lang='grc' dir='ltr'>των,</span> <span class='ocrx_word' id='word_1_229' title='bbox 276 3129 327 3188; x_wconf 82' lang='grc' dir='ltr'>ύπδ</span> <span class='ocrx_word' id='word_1_230' title='bbox 348 3127 374 3185; x_wconf 80' lang='grc' dir='ltr'>δὲ</span> <span class='ocrx_word' id='word_1_231' title='bbox 398 3129 542 3204; x_wconf 88' lang='grc' dir='ltr'>Τυρρηνοῖς</span> <span class='ocrx_word' id='word_1_232' title='bbox 558 3122 685 3200; x_wconf 82' lang='grc' dir='ltr'>γενομένη</span> <span class='ocrx_word' id='word_1_233' title='bbox 704 3122 827 3200; x_wconf 84' lang='grc' dir='ltr'>Καίρητα</span> <span class='ocrx_word' id='word_1_234' title='bbox 849 3144 967 3197; x_wconf 88' lang='grc' dir='ltr'>μετωνο-</span> 
     </span>
     <span class='ocr_line' id='line_1_33' title="bbox 191 3203 965 3295; baseline -0.012 -18"><span class='ocrx_word' id='word_1_235' title='bbox 191 3219 297 3295; x_wconf 87' lang='grc' dir='ltr'>μάσθη,</span> <span class='ocrx_word' id='word_1_236' title='bbox 313 3214 443 3291; x_wconf 85' lang='grc' dir='ltr'>εὐδαίμων</span> <span class='ocrx_word' id='word_1_237' title='bbox 463 3214 485 3271; x_wconf 84' lang='grc' dir='ltr'>δ’</span> <span class='ocrx_word' id='word_1_238' title='bbox 502 3203 533 3283; x_wconf 69' lang='grc' dir='ltr'>ἦν</span> <span class='ocrx_word' id='word_1_239' title='bbox 548 3213 570 3269; x_wconf 86' lang='grc' dir='ltr'>εί</span> <span class='ocrx_word' id='word_1_240' title='bbox 583 3211 630 3270; x_wconf 90' lang='grc' dir='ltr'>καί</span> <span class='ocrx_word' id='word_1_241' title='bbox 643 3235 681 3278; x_wconf 92' lang='grc' dir='ltr'>τις</span> <span class='ocrx_word' id='word_1_242' title='bbox 696 3211 764 3282; x_wconf 86' lang='grc' dir='ltr'>άλλη</span> <span class='ocrx_word' id='word_1_243' title='bbox 781 3214 831 3268; x_wconf 89' lang='grc' dir='ltr'>τῶν</span> <span class='ocrx_word' id='word_1_244' title='bbox 849 3211 875 3268; x_wconf 84' lang='grc' dir='ltr'>ἐν</span> <span class='ocrx_word' id='word_1_245' title='bbox 894 3213 965 3290; x_wconf 83' lang='grc' dir='ltr'>Τυρ-</span> 
     </span>
     <span class='ocr_line' id='line_1_34' title="bbox 192 3289 966 3387; baseline -0.01 -22"><span class='ocrx_word' id='word_1_246' title='bbox 192 3308 267 3387; x_wconf 76' lang='grc' dir='ltr'>ρηνία</span> <span class='ocrx_word' id='word_1_247' title='bbox 292 3304 393 3365; x_wconf 89' lang='grc' dir='ltr'>πόλεων</span> <span class='ocrx_word' id='word_1_248' title='bbox 427 3300 472 3360; x_wconf 85' lang='grc' dir='ltr'>καί</span> <span class='ocrx_word' id='word_1_249' title='bbox 494 3299 714 3380; x_wconf 88' lang='grc' dir='ltr'>πολυάνθρωπος·</span> <span class='ocrx_word' id='word_1_250' title='bbox 742 3298 767 3368; x_wconf 84' lang='grc' dir='ltr'>ἐξ</span> <span class='ocrx_word' id='word_1_251' title='bbox 797 3289 829 3370; x_wconf 69' lang='grc' dir='ltr'>ἧς</span> <span class='ocrx_word' id='word_1_252' title='bbox 854 3298 966 3378; x_wconf 76' lang='grc' dir='ltr'>στρατιά</span> 
     </span>
     <span class='ocr_line' id='line_1_35' title="bbox 191 3387 965 3471; baseline -0.01 -17"><span class='ocrx_word' id='word_1_253' title='bbox 191 3397 296 3471; x_wconf 91' lang='grc' dir='ltr'>μεγάλη</span> <span class='ocrx_word' id='word_1_254' title='bbox 318 3390 493 3471; x_wconf 80' lang='grc' dir='ltr'>μαχησομένη</span> <span class='ocrx_word' id='word_1_255' title='bbox 517 3388 579 3466; x_wconf 84' lang='grc' dir='ltr'>περί</span> <span class='ocrx_word' id='word_1_256' title='bbox 603 3394 649 3462; x_wconf 79' lang='grc' dir='ltr'>τῆς</span> <span class='ocrx_word' id='word_1_257' title='bbox 671 3388 761 3470; x_wconf 87' lang='grc' dir='ltr'>χώρας</span> <span class='ocrx_word' id='word_1_258' title='bbox 784 3388 888 3460; x_wconf 81' lang='grc' dir='ltr'>ἐξῆλθε,</span> <span class='ocrx_word' id='word_1_259' title='bbox 918 3387 965 3447; x_wconf 84' lang='grc' dir='ltr'>καί</span> 
     </span>
    </p>

    <p class='ocr_par' dir='ltr' id='par_1_11' title="bbox 151 3472 969 4349">
     <span class='ocr_line' id='line_1_36' title="bbox 151 3472 966 3558; baseline -0.009 -17"><span class='ocrx_word' id='word_1_260' title='bbox 151 3494 163 3528; x_wconf 66' lang='lat'><strong>5</strong></span> <span class='ocrx_word' id='word_1_261' title='bbox 191 3483 303 3547; x_wconf 76' lang='grc' dir='ltr'>πολλοὺς</span> <span class='ocrx_word' id='word_1_262' title='bbox 319 3479 365 3557; x_wconf 80' lang='grc' dir='ltr'>μὲν</span> <span class='ocrx_word' id='word_1_263' title='bbox 391 3472 563 3558; x_wconf 86' lang='grc' dir='ltr'>διαφθείρασα</span> <span class='ocrx_word' id='word_1_264' title='bbox 584 3481 637 3536; x_wconf 86' lang='grc' dir='ltr'>τῶν</span> <span class='ocrx_word' id='word_1_265' title='bbox 659 3477 809 3554; x_wconf 89' lang='grc' dir='ltr'>πολεμίων,</span> <span class='ocrx_word' id='word_1_266' title='bbox 833 3477 924 3556; x_wconf 79' lang='grc' dir='ltr'>πολλῶ</span> <span class='ocrx_word' id='word_1_267' title='bbox 939 3476 966 3534; x_wconf 82' lang='grc' dir='ltr'>δὲ</span> 
     </span>
     <span class='ocr_line' id='line_1_37' title="bbox 191 3564 966 3646; baseline -0.006 -19"><span class='ocrx_word' id='word_1_268' title='bbox 191 3570 298 3635; x_wconf 88' lang='grc' dir='ltr'>πλείους</span> <span class='ocrx_word' id='word_1_269' title='bbox 313 3567 486 3628; x_wconf 79' lang='grc' dir='ltr'>ἀποόαλούσα</span> <span class='ocrx_word' id='word_1_270' title='bbox 500 3570 552 3625; x_wconf 91' lang='grc' dir='ltr'>τῶν</span> <span class='ocrx_word' id='word_1_271' title='bbox 566 3564 698 3646; x_wconf 89' lang='grc' dir='ltr'>σφετέρων</span> <span class='ocrx_word' id='word_1_272' title='bbox 710 3567 744 3631; x_wconf 87' lang='grc' dir='ltr'>είς</span> <span class='ocrx_word' id='word_1_273' title='bbox 754 3565 801 3636; x_wconf 78' lang='grc' dir='ltr'>τὴν</span> <span class='ocrx_word' id='word_1_274' title='bbox 812 3565 889 3623; x_wconf 85' lang='grc' dir='ltr'>πόλιν</span> <span class='ocrx_word' id='word_1_275' title='bbox 902 3588 966 3623; x_wconf 86' lang='grc' dir='ltr'>κατ·</span> 
     </span>
     <span class='ocr_line' id='line_1_38' title="bbox 191 3643 967 3737; baseline -0.006 -22"><span class='ocrx_word' id='word_1_276' title='bbox 191 3659 280 3737; x_wconf 87' lang='grc' dir='ltr'>ε’φυγε.</span> <span class='ocrx_word' id='word_1_277' title='bbox 324 3643 381 3728; x_wconf 72' lang='grc' dir='ltr'>Τῆς</span> <span class='ocrx_word' id='word_1_278' title='bbox 395 3654 422 3714; x_wconf 83' lang='grc' dir='ltr'>δέ</span> <span class='ocrx_word' id='word_1_279' title='bbox 435 3655 523 3735; x_wconf 84' lang='grc' dir='ltr'>χώρας</span> <span class='ocrx_word' id='word_1_280' title='bbox 540 3657 625 3713; x_wconf 80' lang='grc' dir='ltr'>αὐτῶν</span> <span class='ocrx_word' id='word_1_281' title='bbox 640 3656 664 3712; x_wconf 85' lang='grc' dir='ltr'>οἱ</span> <span class='ocrx_word' id='word_1_282' title='bbox 685 3653 816 3731; x_wconf 85' lang='grc' dir='ltr'>Ῥωμαῖοι</span> <span class='ocrx_word' id='word_1_283' title='bbox 838 3658 967 3732; x_wconf 84' lang='grc' dir='ltr'>κρατοῦν-</span> 
     </span>
     <span class='ocr_line' id='line_1_39' title="bbox 192 3740 967 3825; baseline -0.009 -21"><span class='ocrx_word' id='word_1_284' title='bbox 192 3769 233 3811; x_wconf 87' lang='grc' dir='ltr'>τες</span> <span class='ocrx_word' id='word_1_285' title='bbox 259 3745 357 3825; x_wconf 80' lang='grc' dir='ltr'>ἀφθονα</span> <span class='ocrx_word' id='word_1_286' title='bbox 382 3745 469 3804; x_wconf 90' lang='grc' dir='ltr'>πάντα</span> <span class='ocrx_word' id='word_1_287' title='bbox 504 3743 688 3820; x_wconf 83' lang='grc' dir='ltr'>παρεχομένης</span> <span class='ocrx_word' id='word_1_288' title='bbox 714 3741 812 3819; x_wconf 79' lang='grc' dir='ltr'>συχνὰς</span> <span class='ocrx_word' id='word_1_289' title='bbox 835 3740 967 3820; x_wconf 86' lang='grc' dir='ltr'>διέτριψαν</span> 
     </span>
     <span class='ocr_line' id='line_1_40' title="bbox 192 3820 968 3912; baseline -0.018 -13"><span class='ocrx_word' id='word_1_290' title='bbox 192 3834 309 3912; x_wconf 72' lang='grc' dir='ltr'>ἡμέρας,</span> <span class='ocrx_word' id='word_1_291' title='bbox 322 3830 566 3911; x_wconf 60' lang='lat' dir='ltr'>retinuissent&lt;</span> <span class='ocrx_word' id='word_1_292' title='bbox 579 3829 718 3908; x_wconf 82' lang='grc' dir='ltr'>ἀπάρσεως</span> <span class='ocrx_word' id='word_1_293' title='bbox 730 3820 773 3899; x_wconf 75' lang='grc' dir='ltr'>ἦν,</span> <span class='ocrx_word' id='word_1_294' title='bbox 789 3830 894 3905; x_wconf 80' lang='grc' dir='ltr'>ἄγοντες</span> <span class='ocrx_word' id='word_1_295' title='bbox 906 3825 968 3895; x_wconf 85' lang='grc' dir='ltr'>όσας</span> 
     </span>
     <span class='ocr_line' id='line_1_41' title="bbox 193 3911 968 4001; baseline -0.008 -22"><span class='ocrx_word' id='word_1_296' title='bbox 193 3911 241 3980; x_wconf 77' lang='grc' dir='ltr'>οἶοί</span> <span class='ocrx_word' id='word_1_297' title='bbox 259 3925 281 3979; x_wconf 84' lang='grc' dir='ltr'>τ’</span> <span class='ocrx_word' id='word_1_298' title='bbox 299 3912 367 3993; x_wconf 65' lang='grc' dir='ltr'>ἦσαν</span> <span class='ocrx_word' id='word_1_299' title='bbox 382 3919 508 4001; x_wconf 86' lang='grc' dir='ltr'>ὠφελείας</span> <span class='ocrx_word' id='word_1_300' title='bbox 529 3918 649 3996; x_wconf 78' lang='grc' dir='ltr'>ἀπῄεσαν</span> <span class='ocrx_word' id='word_1_301' title='bbox 671 3917 713 3974; x_wconf 82' lang='grc' dir='ltr'>ἐπ’</span> <span class='ocrx_word' id='word_1_302' title='bbox 736 3915 817 3973; x_wconf 83' lang='grc' dir='ltr'>οἴκου.</span> <span class='ocrx_word' id='word_1_303' title='bbox 861 3915 968 3992; x_wconf 93' lang='grc' dir='ltr'>Ταρκύ-</span> 
     </span>
     <span class='ocr_line' id='line_1_42' title="bbox 192 4000 969 4087; baseline -0.012 -21"><span class='ocrx_word' id='word_1_304' title='bbox 192 4031 244 4073; x_wconf 93' lang='grc' dir='ltr'>νιος</span> <span class='ocrx_word' id='word_1_305' title='bbox 259 4007 281 4065; x_wconf 82' lang='grc' dir='ltr'>δ’</span> <span class='ocrx_word' id='word_1_306' title='bbox 300 4008 390 4078; x_wconf 82' lang='grc' dir='ltr'>ἐπειδὴ</span> <span class='ocrx_word' id='word_1_307' title='bbox 413 4007 446 4065; x_wconf 87' lang='grc' dir='ltr'>τίι</span> <span class='ocrx_word' id='word_1_308' title='bbox 468 4006 534 4087; x_wconf 79' lang='grc' dir='ltr'>πρὸς</span> <span class='ocrx_word' id='word_1_309' title='bbox 552 4000 725 4068; x_wconf 78' lang='grc' dir='ltr'>Ούϊεντανοθς</span> <span class='ocrx_word' id='word_1_310' title='bbox 742 4000 876 4081; x_wconf 80' lang='grc' dir='ltr'>ἐχώρησεν</span> <span class='ocrx_word' id='word_1_311' title='bbox 898 4003 969 4083; x_wconf 78' lang='grc' dir='ltr'>αὐτῷ</span> 
     </span>
     <span class='ocr_line' id='line_1_43' title="bbox 194 4087 968 4172; baseline -0.012 -18"><span class='ocrx_word' id='word_1_312' title='bbox 194 4095 262 4154; x_wconf 78' lang='grc' dir='ltr'>κατὰ</span> <span class='ocrx_word' id='word_1_313' title='bbox 279 4101 352 4166; x_wconf 78' lang='grc' dir='ltr'>νοῦν,</span> <span class='ocrx_word' id='word_1_314' title='bbox 367 4094 409 4154; x_wconf 82' lang='grc' dir='ltr'>ἐπί</span> <span class='ocrx_word' id='word_1_315' title='bbox 429 4094 489 4162; x_wconf 82' lang='grc' dir='ltr'>τούς</span> <span class='ocrx_word' id='word_1_316' title='bbox 503 4098 529 4153; x_wconf 81' lang='grc' dir='ltr'>ἐν</span> <span class='ocrx_word' id='word_1_317' title='bbox 544 4092 653 4172; x_wconf 77' lang='grc' dir='ltr'>Φιδήνη</span> <span class='ocrx_word' id='word_1_318' title='bbox 668 4090 809 4166; x_wconf 86' lang='grc' dir='ltr'>πολεμίους</span> <span class='ocrx_word' id='word_1_319' title='bbox 821 4087 907 4163; x_wconf 84' lang='grc' dir='ltr'>ἐξάγει</span> <span class='ocrx_word' id='word_1_320' title='bbox 921 4089 968 4160; x_wconf 72' lang='grc' dir='ltr'>την</span> 
     </span>
     <span class='ocr_line' id='line_1_44' title="bbox 194 4177 968 4262; baseline -0.008 -20"><span class='ocrx_word' id='word_1_321' title='bbox 194 4181 336 4262; x_wconf 83' lang='grc' dir='ltr'>στρατιὰν,</span> <span class='ocrx_word' id='word_1_322' title='bbox 354 4181 475 4241; x_wconf 83' lang='grc' dir='ltr'>ἐκόαλεῖν</span> <span class='ocrx_word' id='word_1_323' title='bbox 491 4205 519 4240; x_wconf 93' lang='grc' dir='ltr'>τε</span> <span class='ocrx_word' id='word_1_324' title='bbox 533 4179 687 4259; x_wconf 88' lang='grc' dir='ltr'>βουλόμενος</span> <span class='ocrx_word' id='word_1_325' title='bbox 701 4177 749 4250; x_wconf 80' lang='grc' dir='ltr'>τὴν</span> <span class='ocrx_word' id='word_1_326' title='bbox 767 4181 792 4236; x_wconf 89' lang='grc' dir='ltr'>ἐν</span> <span class='ocrx_word' id='word_1_327' title='bbox 808 4181 873 4256; x_wconf 81' lang='grc' dir='ltr'>αὐτῇ</span> <span class='ocrx_word' id='word_1_328' title='bbox 890 4201 968 4256; x_wconf 88' lang='grc' dir='ltr'>φρου-</span> 
     </span>
     <span class='ocr_line' id='line_1_45' title="bbox 194 4265 968 4349; baseline -0.008 -22"><span class='ocrx_word' id='word_1_329' title='bbox 194 4268 241 4349; x_wconf 84' lang='grc' dir='ltr'>ρθιν</span> <span class='ocrx_word' id='word_1_330' title='bbox 263 4270 309 4326; x_wconf 85' lang='grc' dir='ltr'>καί</span> <span class='ocrx_word' id='word_1_331' title='bbox 332 4268 391 4335; x_wconf 80' lang='grc' dir='ltr'>τοὺς</span> <span class='ocrx_word' id='word_1_332' title='bbox 413 4268 579 4346; x_wconf 83' lang='grc' dir='ltr'>παραδόντας</span> <span class='ocrx_word' id='word_1_333' title='bbox 602 4269 655 4334; x_wconf 80' lang='grc' dir='ltr'>τοῖς</span> <span class='ocrx_word' id='word_1_334' title='bbox 678 4271 823 4346; x_wconf 89' lang='grc' dir='ltr'>Τυρρηνοῖς</span> <span class='ocrx_word' id='word_1_335' title='bbox 843 4267 876 4323; x_wconf 84' lang='grc' dir='ltr'>τθι</span> <span class='ocrx_word' id='word_1_336' title='bbox 892 4265 968 4342; x_wconf 85' lang='grc' dir='ltr'>τείχη</span> 
     </span>
    </p>

    <p class='ocr_par' dir='ltr' id='par_1_12' title="bbox 152 4344 969 4525">
     <span class='ocr_line' id='line_1_46' title="bbox 152 4344 968 4437; baseline -0.009 -20"><span class='ocrx_word' id='word_1_337' title='bbox 152 4394 157 4405; x_wconf 88' lang='lat'><strong>·</strong></span> <span class='ocrx_word' id='word_1_338' title='bbox 192 4357 395 4437; x_wconf 83' lang='grc' dir='ltr'>τιμωρήσασθαι</span> <span class='ocrx_word' id='word_1_339' title='bbox 424 4356 646 4436; x_wconf 81' lang='grc' dir='ltr'>προθυμούμενος.</span> <span class='ocrx_word' id='word_1_340' title='bbox 692 4355 814 4433; x_wconf 81' lang='grc' dir='ltr'>Ἐγένετο</span> <span class='ocrx_word' id='word_1_341' title='bbox 847 4353 895 4430; x_wconf 80' lang='grc' dir='ltr'>μὲν</span> <span class='ocrx_word' id='word_1_342' title='bbox 924 4344 968 4411; x_wconf 72' lang='grc' dir='ltr'>οὖν</span> 
     </span>
     <span class='ocr_line' id='line_1_47' title="bbox 193 4438 969 4525; baseline -0.009 -21"><span class='ocrx_word' id='word_1_343' title='bbox 193 4447 238 4504; x_wconf 81' lang='grc' dir='ltr'>καί</span> <span class='ocrx_word' id='word_1_344' title='bbox 255 4451 284 4506; x_wconf 86' lang='grc' dir='ltr'>ἐκ</span> <span class='ocrx_word' id='word_1_345' title='bbox 298 4444 467 4524; x_wconf 79' lang='grc' dir='ltr'>παρατάξεως</span> <span class='ocrx_word' id='word_1_346' title='bbox 481 4445 555 4525; x_wconf 82' lang='grc' dir='ltr'>μάχη</span> <span class='ocrx_word' id='word_1_347' title='bbox 567 4452 621 4510; x_wconf 91' lang='grc' dir='ltr'>τοῖς</span> <span class='ocrx_word' id='word_1_348' title='bbox 634 4442 781 4520; x_wconf 83' lang='grc' dir='ltr'>Ῥωμαίοις</span> <span class='ocrx_word' id='word_1_349' title='bbox 795 4440 858 4520; x_wconf 85' lang='grc' dir='ltr'>πρὸς</span> <span class='ocrx_word' id='word_1_350' title='bbox 868 4438 927 4505; x_wconf 84' lang='grc' dir='ltr'>τοίις</span> <span class='ocrx_word' id='word_1_351' title='bbox 940 4441 969 4497; x_wconf 85' lang='grc' dir='ltr'>ἐκ</span> 
     </span>
    </p>

    <p class='ocr_par' dir='ltr' id='par_1_13' title="bbox 164 4525 970 5144">
     <span class='ocr_line' id='line_1_48' title="bbox 164 4525 968 4609; baseline -0.01 -17"><span class='ocrx_word' id='word_1_352' title='bbox 164 4558 169 4569; x_wconf 90' lang='grc'>·</span> <span class='ocrx_word' id='word_1_353' title='bbox 192 4537 240 4605; x_wconf 74' lang='grc' dir='ltr'>τῆς</span> <span class='ocrx_word' id='word_1_354' title='bbox 256 4535 356 4600; x_wconf 88' lang='grc' dir='ltr'>πόλεως</span> <span class='ocrx_word' id='word_1_355' title='bbox 369 4532 517 4599; x_wconf 79' lang='grc' dir='ltr'>ἐξελθόντας</span> <span class='ocrx_word' id='word_1_356' title='bbox 532 4532 578 4591; x_wconf 85' lang='grc' dir='ltr'>καί</span> <span class='ocrx_word' id='word_1_357' title='bbox 593 4535 619 4591; x_wconf 86' lang='grc' dir='ltr'>ἐν</span> <span class='ocrx_word' id='word_1_358' title='bbox 631 4535 688 4597; x_wconf 84' lang='grc' dir='ltr'>ταῖς</span> <span class='ocrx_word' id='word_1_359' title='bbox 701 4529 884 4609; x_wconf 82' lang='grc' dir='ltr'>τειχομαχίαις</span> <span class='ocrx_word' id='word_1_360' title='bbox 898 4525 968 4605; x_wconf 82' lang='grc' dir='ltr'>ἀγὼν</span> 
     </span>
     <span class='ocr_line' id='line_1_49' title="bbox 193 4612 968 4706; baseline -0.015 -22"><span class='ocrx_word' id='word_1_361' title='bbox 193 4624 328 4706; x_wconf 84' lang='grc' dir='ltr'>καρτερός.</span> <span class='ocrx_word' id='word_1_362' title='bbox 374 4622 467 4683; x_wconf 79' lang='grc' dir='ltr'>Ἑάλω</span> <span class='ocrx_word' id='word_1_363' title='bbox 484 4623 505 4680; x_wconf 87' lang='grc' dir='ltr'>δ’</span> <span class='ocrx_word' id='word_1_364' title='bbox 522 4615 565 4681; x_wconf 81' lang='grc' dir='ltr'>υθν</span> <span class='ocrx_word' id='word_1_365' title='bbox 583 4626 598 4692; x_wconf 75' lang='grc' dir='ltr'>ἡ</span> <span class='ocrx_word' id='word_1_366' title='bbox 615 4621 690 4686; x_wconf 79' lang='grc' dir='ltr'>πολις</span> <span class='ocrx_word' id='word_1_367' title='bbox 708 4619 776 4676; x_wconf 77' lang='grc' dir='ltr'>κατὰ</span> <span class='ocrx_word' id='word_1_368' title='bbox 791 4618 904 4696; x_wconf 90' lang='grc' dir='ltr'>κράτος,</span> <span class='ocrx_word' id='word_1_369' title='bbox 922 4612 968 4673; x_wconf 86' lang='grc' dir='ltr'>καί</span> 
     </span>
     <span class='ocr_line' id='line_1_50' title="bbox 193 4706 968 4796; baseline -0.014 -23"><span class='ocrx_word' id='word_1_370' title='bbox 193 4717 216 4773; x_wconf 78' lang='lat' dir='ltr'>ul</span> <span class='ocrx_word' id='word_1_371' title='bbox 237 4713 284 4791; x_wconf 85' lang='grc' dir='ltr'>μὲν</span> <span class='ocrx_word' id='word_1_372' title='bbox 300 4713 406 4796; x_wconf 85' lang='grc' dir='ltr'>φρουροί</span> <span class='ocrx_word' id='word_1_373' title='bbox 422 4711 536 4777; x_wconf 83' lang='grc' dir='ltr'>δεθέντες</span> <span class='ocrx_word' id='word_1_374' title='bbox 549 4713 605 4789; x_wconf 82' lang='grc' dir='ltr'>ἅμα</span> <span class='ocrx_word' id='word_1_375' title='bbox 622 4710 674 4775; x_wconf 80' lang='grc' dir='ltr'>τοῖς</span> <span class='ocrx_word' id='word_1_376' title='bbox 694 4707 782 4773; x_wconf 84' lang='grc' dir='ltr'>ἀλλοις</span> <span class='ocrx_word' id='word_1_377' title='bbox 795 4710 846 4764; x_wconf 89' lang='grc' dir='ltr'>τῶν</span> <span class='ocrx_word' id='word_1_378' title='bbox 861 4706 968 4783; x_wconf 87' lang='grc' dir='ltr'>Τυρρη-</span> 
     </span>
     <span class='ocr_line' id='line_1_51' title="bbox 193 4791 970 4883; baseline -0.013 -25"><span class='ocrx_word' id='word_1_379' title='bbox 193 4805 244 4859; x_wconf 91' lang='grc' dir='ltr'>νῶν</span> <span class='ocrx_word' id='word_1_380' title='bbox 267 4803 447 4883; x_wconf 83' lang='grc' dir='ltr'>αἰχμαλώτοις</span> <span class='ocrx_word' id='word_1_381' title='bbox 465 4792 533 4872; x_wconf 55' lang='lat' dir='ltr'>{eus</span> <span class='ocrx_word' id='word_1_382' title='bbox 553 4803 579 4858; x_wconf 88' lang='grc' dir='ltr'>ἐν</span> <span class='ocrx_word' id='word_1_383' title='bbox 596 4801 719 4881; x_wconf 81' lang='grc' dir='ltr'>φυλακῇ,</span> <span class='ocrx_word' id='word_1_384' title='bbox 737 4794 892 4866; x_wconf 85' lang='grc' dir='ltr'>Φιδηναίων</span> <span class='ocrx_word' id='word_1_385' title='bbox 907 4791 929 4850; x_wconf 86' lang='grc' dir='ltr'>δ’</span> <span class='ocrx_word' id='word_1_386' title='bbox 946 4793 970 4849; x_wconf 80' lang='grc' dir='ltr'>οἱ</span> 
     </span>
     <span class='ocr_line' id='line_1_52' title="bbox 194 4879 968 4967; baseline -0.014 -20"><span class='ocrx_word' id='word_1_387' title='bbox 194 4890 326 4967; x_wconf 67' lang='grc' dir='ltr'>δοκοῦντες</span> <span class='ocrx_word' id='word_1_388' title='bbox 349 4891 427 4949; x_wconf 85' lang='grc' dir='ltr'>αἴτιοι</span> <span class='ocrx_word' id='word_1_389' title='bbox 450 4888 582 4966; x_wconf 88' lang='grc' dir='ltr'>γεγονέναι</span> <span class='ocrx_word' id='word_1_390' title='bbox 605 4893 651 4957; x_wconf 76' lang='grc' dir='ltr'>τῆς</span> <span class='ocrx_word' id='word_1_391' title='bbox 673 4885 862 4954; x_wconf 82' lang='grc' dir='ltr'>ἀποστάσεως,</span> <span class='ocrx_word' id='word_1_392' title='bbox 882 4879 968 4955; x_wconf 79' lang='grc' dir='ltr'>οἱμὲν</span> 
     </span>
     <span class='ocr_line' id='line_1_53' title="bbox 194 4967 969 5056; baseline -0.005 -27"><span class='ocrx_word' id='word_1_393' title='bbox 194 4975 244 5031; x_wconf 80' lang='grc' dir='ltr'>ὑπὸ</span> <span class='ocrx_word' id='word_1_394' title='bbox 261 4979 396 5056; x_wconf 83' lang='grc' dir='ltr'>μαστίγων</span> <span class='ocrx_word' id='word_1_395' title='bbox 410 4981 568 5043; x_wconf 76' lang='grc' dir='ltr'>αἰκισθέντες</span> <span class='ocrx_word' id='word_1_396' title='bbox 589 4979 614 5034; x_wconf 86' lang='grc' dir='ltr'>ἐν</span> <span class='ocrx_word' id='word_1_397' title='bbox 629 4979 668 5055; x_wconf 88' lang='grc' dir='ltr'>τῷ</span> <span class='ocrx_word' id='word_1_398' title='bbox 685 4977 790 5055; x_wconf 78' lang='grc' dir='ltr'>φανερῷ</span> <span class='ocrx_word' id='word_1_399' title='bbox 807 4970 865 5038; x_wconf 79' lang='grc' dir='ltr'>τοὺς</span> <span class='ocrx_word' id='word_1_400' title='bbox 888 4967 969 5048; x_wconf 71' lang='grc' dir='ltr'>αθχέ·</span> 
     </span>
     <span class='ocr_line' id='line_1_54' title="bbox 193 5059 968 5144; baseline -0.005 -28"><span class='ocrx_word' id='word_1_401' title='bbox 193 5083 239 5126; x_wconf 85' lang='grc' dir='ltr'>νας</span> <span class='ocrx_word' id='word_1_402' title='bbox 268 5066 456 5139; x_wconf 84' lang='grc' dir='ltr'>ἀπεκόπησαν,</span> <span class='ocrx_word' id='word_1_403' title='bbox 481 5069 504 5127; x_wconf 79' lang='grc' dir='ltr'>οἱ</span> <span class='ocrx_word' id='word_1_404' title='bbox 538 5065 565 5124; x_wconf 79' lang='grc' dir='ltr'>δὲ</span> <span class='ocrx_word' id='word_1_405' title='bbox 601 5070 694 5144; x_wconf 87' lang='grc' dir='ltr'>φυγαῖς</span> <span class='ocrx_word' id='word_1_406' title='bbox 720 5061 903 5138; x_wconf 82' lang='grc' dir='ltr'>ἐζημιώθησαν</span> <span class='ocrx_word' id='word_1_407' title='bbox 927 5059 968 5112; x_wconf 85' lang='grc' dir='ltr'>ἀί·</span> 
     </span>
    </p>

    <p class='ocr_par' dir='ltr' id='par_1_14' title="bbox 89 5146 969 5226">
     <span class='ocr_line' id='line_1_55' title="bbox 89 5146 969 5226; baseline -0.01 -17"><span class='ocrx_word' id='word_1_408' title='bbox 89 5182 92 5191; x_wconf 92' lang='grc'>·</span> <span class='ocrx_word' id='word_1_409' title='bbox 192 5146 264 5215; x_wconf 81' lang='grc' dir='ltr'>δέοις.</span> <span class='ocrx_word' id='word_1_410' title='bbox 294 5150 351 5216; x_wconf 80' lang='grc' dir='ltr'>Τίις</span> <span class='ocrx_word' id='word_1_411' title='bbox 377 5152 399 5208; x_wconf 90' lang='grc' dir='ltr'>δ’</span> <span class='ocrx_word' id='word_1_412' title='bbox 423 5153 511 5219; x_wconf 90' lang='grc' dir='ltr'>ούσίας</span> <span class='ocrx_word' id='word_1_413' title='bbox 538 5153 622 5211; x_wconf 74' lang='grc' dir='ltr'>αὐτῶν</span> <span class='ocrx_word' id='word_1_414' title='bbox 648 5149 770 5226; x_wconf 82' lang='grc' dir='ltr'>διέλαχον</span> <span class='ocrx_word' id='word_1_415' title='bbox 786 5150 810 5206; x_wconf 82' lang='grc' dir='ltr'>οἱ</span> <span class='ocrx_word' id='word_1_416' title='bbox 826 5146 969 5222; x_wconf 86' lang='grc' dir='ltr'>καταλειφ·</span> 
     </span>
    </p>
   </div>
   <div class='ocr_carea' id='block_1_5' title="bbox 711 350 1277 416">
    <p class='ocr_par' dir='ltr' id='par_1_15' title="bbox 711 350 1277 416">
     <span class='ocr_line' id='line_1_56' title="bbox 711 350 1277 416; baseline 0.012 -6"><span class='ocrx_word' id='word_1_417' title='bbox 711 351 877 411; x_wconf 79' lang='lat' dir='ltr'>blotttstt</span> <span class='ocrx_word' id='word_1_418' title='bbox 902 350 1277 416; x_wconf 69' lang='lat' dir='ltr'>tinnienttn‘nssttnsts</span> 
     </span>
    </p>
   </div>
   <div class='ocr_carea' id='block_1_6' title="bbox 1019 495 1796 1512">
    <p class='ocr_par' dir='ltr' id='par_1_16' title="bbox 1019 495 1796 1512">
     <span class='ocr_line' id='line_1_57' title="bbox 1028 495 1793 560; baseline 0.005 -17"><span class='ocrx_word' id='word_1_419' title='bbox 1028 506 1059 543; x_wconf 81' lang='lat' dir='ltr'>ex</span> <span class='ocrx_word' id='word_1_420' title='bbox 1069 497 1138 557; x_wconf 88' lang='lat' dir='ltr'>parte</span> <span class='ocrx_word' id='word_1_421' title='bbox 1147 508 1179 544; x_wconf 79' lang='lat' dir='ltr'>ex</span> <span class='ocrx_word' id='word_1_422' title='bbox 1189 495 1280 545; x_wconf 81' lang='lat' dir='ltr'>Latinis</span> <span class='ocrx_word' id='word_1_423' title='bbox 1293 495 1445 553; x_wconf 89' lang='lat' dir='ltr'>constabant,</span> <span class='ocrx_word' id='word_1_424' title='bbox 1456 495 1569 559; x_wconf 82' lang='lat' dir='ltr'>ligerium</span> <span class='ocrx_word' id='word_1_425' title='bbox 1576 498 1707 560; x_wconf 79' lang='lat' dir='ltr'>cognatum</span> <span class='ocrx_word' id='word_1_426' title='bbox 1719 509 1793 548; x_wconf 88' lang='lat' dir='ltr'>sunm</span> 
     </span>
     <span class='ocr_line' id='line_1_58' title="bbox 1019 598 1793 663; baseline 0.008 -16"><span class='ocrx_word' id='word_1_427' title='bbox 1019 598 1136 660; x_wconf 76' lang='lat' dir='ltr'>preterit,</span> <span class='ocrx_word' id='word_1_428' title='bbox 1149 602 1223 662; x_wconf 84' lang='lat' dir='ltr'>atque</span> <span class='ocrx_word' id='word_1_429' title='bbox 1236 599 1271 648; x_wconf 86' lang='lat' dir='ltr'>itu</span> <span class='ocrx_word' id='word_1_430' title='bbox 1288 603 1371 649; x_wconf 88' lang='lat' dir='ltr'>contra</span> <span class='ocrx_word' id='word_1_431' title='bbox 1394 602 1480 650; x_wconf 84' lang='lat' dir='ltr'>hostes</span> <span class='ocrx_word' id='word_1_432' title='bbox 1492 601 1534 663; x_wconf 83' lang='lat' dir='ltr'>qui</span> <span class='ocrx_word' id='word_1_433' title='bbox 1554 601 1652 651; x_wconf 82' lang='lat' dir='ltr'>Fidenis</span> <span class='ocrx_word' id='word_1_434' title='bbox 1669 606 1736 652; x_wconf 87' lang='lat' dir='ltr'>erent</span> <span class='ocrx_word' id='word_1_435' title='bbox 1757 604 1793 655; x_wconf 90' lang='lat' dir='ltr'>ire</span> 
     </span>
     <span class='ocr_line' id='line_1_59' title="bbox 1019 701 1793 772; baseline 0.009 -21"><span class='ocrx_word' id='word_1_436' title='bbox 1019 701 1099 752; x_wconf 87' lang='lat' dir='ltr'>lussit.</span> <span class='ocrx_word' id='word_1_437' title='bbox 1118 704 1245 755; x_wconf 84' lang='lat' dir='ltr'>Sociorum</span> <span class='ocrx_word' id='word_1_438' title='bbox 1257 719 1316 756; x_wconf 78' lang='lat' dir='ltr'>vero</span> <span class='ocrx_word' id='word_1_439' title='bbox 1335 707 1468 767; x_wconf 83' lang='lat' dir='ltr'>exercitus,</span> <span class='ocrx_word' id='word_1_440' title='bbox 1488 721 1545 756; x_wconf 88' lang='lat' dir='ltr'>curn</span> <span class='ocrx_word' id='word_1_441' title='bbox 1560 702 1636 772; x_wconf 74' lang='lat' dir='ltr'>pn&#39;rpe</span> <span class='ocrx_word' id='word_1_442' title='bbox 1650 707 1752 759; x_wconf 88' lang='lat' dir='ltr'>Fidenes</span> <span class='ocrx_word' id='word_1_443' title='bbox 1767 711 1793 760; x_wconf 91' lang='lat' dir='ltr'>in</span> 
     </span>
     <span class='ocr_line' id='line_1_60' title="bbox 1019 806 1792 874; baseline 0.008 -19"><span class='ocrx_word' id='word_1_444' title='bbox 1019 806 1073 856; x_wconf 90' lang='lat' dir='ltr'>loco</span> <span class='ocrx_word' id='word_1_445' title='bbox 1085 822 1173 870; x_wconf 87' lang='lat' dir='ltr'>pamm</span> <span class='ocrx_word' id='word_1_446' title='bbox 1185 813 1240 861; x_wconf 89' lang='lat' dir='ltr'>tuto</span> <span class='ocrx_word' id='word_1_447' title='bbox 1250 814 1330 860; x_wconf 82' lang='lat' dir='ltr'>rastra</span> <span class='ocrx_word' id='word_1_448' title='bbox 1337 811 1468 874; x_wconf 88' lang='lat' dir='ltr'>posuisset,</span> <span class='ocrx_word' id='word_1_449' title='bbox 1480 810 1547 873; x_wconf 86' lang='lat' dir='ltr'>quod</span> <span class='ocrx_word' id='word_1_450' title='bbox 1558 809 1642 860; x_wconf 88' lang='lat' dir='ltr'>hostes</span> <span class='ocrx_word' id='word_1_451' title='bbox 1651 813 1792 861; x_wconf 74' lang='lat' dir='ltr'>souemne-</span> 
     </span>
     <span class='ocr_line' id='line_1_61' title="bbox 1019 902 1794 980; baseline 0.008 -16"><span class='ocrx_word' id='word_1_452' title='bbox 1019 917 1070 975; x_wconf 89' lang='lat' dir='ltr'>ret,</span> <span class='ocrx_word' id='word_1_453' title='bbox 1082 929 1169 978; x_wconf 89' lang='lat' dir='ltr'>parum</span> <span class='ocrx_word' id='word_1_454' title='bbox 1180 916 1259 967; x_wconf 87' lang='lat' dir='ltr'>abluit</span> <span class='ocrx_word' id='word_1_455' title='bbox 1269 917 1409 980; x_wconf 75' lang='lat' dir='ltr'>qudr&#39;totus</span> <span class='ocrx_word' id='word_1_456' title='bbox 1424 916 1554 969; x_wconf 88' lang='lat' dir='ltr'>deleretur.</span> <span class='ocrx_word' id='word_1_457' title='bbox 1563 918 1609 976; x_wconf 85' lang='lat' dir='ltr'>Qui</span> <span class='ocrx_word' id='word_1_458' title='bbox 1619 919 1684 968; x_wconf 88' lang='lat' dir='ltr'>enim</span> <span class='ocrx_word' id='word_1_459' title='bbox 1695 902 1794 970; x_wconf 75' lang='lat' dir='ltr'>Fidenis</span> 
     </span>
     <span class='ocr_line' id='line_1_62' title="bbox 1019 1019 1794 1082; baseline 0.009 -14"><span class='ocrx_word' id='word_1_460' title='bbox 1019 1019 1134 1082; x_wconf 77' lang='lat' dir='ltr'>presidio</span> <span class='ocrx_word' id='word_1_461' title='bbox 1148 1024 1229 1079; x_wconf 82' lang='lat' dir='ltr'>erent,</span> <span class='ocrx_word' id='word_1_462' title='bbox 1242 1022 1312 1071; x_wconf 83' lang='lat' dir='ltr'>novis</span> <span class='ocrx_word' id='word_1_463' title='bbox 1328 1022 1427 1072; x_wconf 78' lang='lat' dir='ltr'>auxiliis</span> <span class='ocrx_word' id='word_1_464' title='bbox 1438 1022 1470 1072; x_wconf 87' lang='lat' dir='ltr'>ab</span> <span class='ocrx_word' id='word_1_465' title='bbox 1483 1024 1596 1072; x_wconf 72' lang='lat' dir='ltr'>Etruscis</span> <span class='ocrx_word' id='word_1_466' title='bbox 1607 1022 1671 1072; x_wconf 85' lang='lat' dir='ltr'>clera</span> <span class='ocrx_word' id='word_1_467' title='bbox 1688 1027 1794 1075; x_wconf 84' lang='lat' dir='ltr'>accersi·</span> 
     </span>
     <span class='ocr_line' id='line_1_63' title="bbox 1019 1122 1794 1192; baseline 0.006 -19"><span class='ocrx_word' id='word_1_468' title='bbox 1019 1122 1052 1174; x_wconf 82' lang='lat' dir='ltr'>tte</span> <span class='ocrx_word' id='word_1_469' title='bbox 1060 1128 1086 1174; x_wconf 86' lang='lat' dir='ltr'>et</span> <span class='ocrx_word' id='word_1_470' title='bbox 1097 1125 1227 1176; x_wconf 77' lang='lat' dir='ltr'>observate</span> <span class='ocrx_word' id='word_1_471' title='bbox 1238 1133 1346 1190; x_wconf 88' lang='lat' dir='ltr'>tempore</span> <span class='ocrx_word' id='word_1_472' title='bbox 1361 1131 1498 1192; x_wconf 74' lang='lat' dir='ltr'>opportuno</span> <span class='ocrx_word' id='word_1_473' title='bbox 1513 1127 1575 1177; x_wconf 88' lang='lat' dir='ltr'>urbe</span> <span class='ocrx_word' id='word_1_474' title='bbox 1586 1129 1688 1191; x_wconf 79' lang='lat' dir='ltr'>egressi,</span> <span class='ocrx_word' id='word_1_475' title='bbox 1701 1129 1794 1179; x_wconf 81' lang='lat' dir='ltr'>redum</span> 
     </span>
     <span class='ocr_line' id='line_1_64' title="bbox 1020 1229 1794 1299; baseline 0.012 -20"><span class='ocrx_word' id='word_1_476' title='bbox 1020 1229 1130 1281; x_wconf 88' lang='lat' dir='ltr'>bostium</span> <span class='ocrx_word' id='word_1_477' title='bbox 1143 1232 1206 1282; x_wconf 87' lang='lat' dir='ltr'>male</span> <span class='ocrx_word' id='word_1_478' title='bbox 1222 1233 1375 1284; x_wconf 75' lang='lat' dir='ltr'>custoditum</span> <span class='ocrx_word' id='word_1_479' title='bbox 1398 1235 1478 1297; x_wconf 87' lang='lat' dir='ltr'>primo</span> <span class='ocrx_word' id='word_1_480' title='bbox 1496 1233 1592 1299; x_wconf 87' lang='lat' dir='ltr'>impetu</span> <span class='ocrx_word' id='word_1_481' title='bbox 1612 1239 1747 1299; x_wconf 89' lang='lat' dir='ltr'>ceperunt,</span> <span class='ocrx_word' id='word_1_482' title='bbox 1768 1242 1794 1288; x_wconf 88' lang='lat' dir='ltr'>et</span> 
     </span>
     <span class='ocr_line' id='line_1_65' title="bbox 1019 1337 1795 1405; baseline 0.01 -19"><span class='ocrx_word' id='word_1_483' title='bbox 1019 1349 1131 1401; x_wconf 81' lang='lat' dir='ltr'>magnam</span> <span class='ocrx_word' id='word_1_484' title='bbox 1148 1337 1276 1387; x_wconf 85' lang='lat' dir='ltr'>ediderunt</span> <span class='ocrx_word' id='word_1_485' title='bbox 1295 1339 1387 1389; x_wconf 83' lang='lat' dir='ltr'>caedern</span> <span class='ocrx_word' id='word_1_486' title='bbox 1408 1352 1494 1389; x_wconf 87' lang='lat' dir='ltr'>eorum</span> <span class='ocrx_word' id='word_1_487' title='bbox 1521 1340 1565 1403; x_wconf 84' lang='lat' dir='ltr'>qui</span> <span class='ocrx_word' id='word_1_488' title='bbox 1585 1340 1730 1405; x_wconf 80' lang='lat' dir='ltr'>pabulatum</span> <span class='ocrx_word' id='word_1_489' title='bbox 1756 1343 1795 1394; x_wconf 90' lang='lat' dir='ltr'>ie-</span> 
     </span>
     <span class='ocr_line' id='line_1_66' title="bbox 1019 1442 1796 1512; baseline 0.01 -21"><span class='ocrx_word' id='word_1_490' title='bbox 1019 1445 1083 1491; x_wconf 84' lang='lat' dir='ltr'>rant.</span> <span class='ocrx_word' id='word_1_491' title='bbox 1116 1442 1149 1490; x_wconf 79' lang='lat' dir='ltr'>st</span> <span class='ocrx_word' id='word_1_492' title='bbox 1171 1444 1336 1493; x_wconf 83' lang='lat' dir='ltr'>ltomenornrn</span> <span class='ocrx_word' id='word_1_493' title='bbox 1356 1444 1481 1493; x_wconf 76' lang='lat' dir='ltr'>exercitus</span> <span class='ocrx_word' id='word_1_494' title='bbox 1500 1445 1540 1494; x_wconf 92' lang='lat' dir='ltr'>cui</span> <span class='ocrx_word' id='word_1_495' title='bbox 1563 1450 1669 1509; x_wconf 75' lang='lat' dir='ltr'>preerat</span> <span class='ocrx_word' id='word_1_496' title='bbox 1690 1449 1796 1512; x_wconf 84' lang='lat' dir='ltr'>Tarqui-</span> 
     </span>
    </p>
   </div>
   <div class='ocr_carea' id='block_1_7' title="bbox 1020 1546 1796 1710">
    <p class='ocr_par' dir='ltr' id='par_1_17' title="bbox 1020 1546 1796 1710">
     <span class='ocr_line' id='line_1_67' title="bbox 1020 1546 1796 1616; baseline 0.014 -21"><span class='ocrx_word' id='word_1_497' title='bbox 1020 1546 1090 1608; x_wconf 85' lang='lat' dir='ltr'>nius,</span> <span class='ocrx_word' id='word_1_498' title='bbox 1106 1546 1245 1596; x_wconf 84' lang='lat' dir='ltr'>Veientium</span> <span class='ocrx_word' id='word_1_499' title='bbox 1263 1561 1321 1611; x_wconf 82' lang='lat' dir='ltr'>egro</span> <span class='ocrx_word' id='word_1_500' title='bbox 1340 1551 1437 1601; x_wconf 83' lang='lat' dir='ltr'>vastato</span> <span class='ocrx_word' id='word_1_501' title='bbox 1449 1551 1474 1603; x_wconf 85' lang='lat' dir='ltr'>el</span> <span class='ocrx_word' id='word_1_502' title='bbox 1495 1550 1593 1615; x_wconf 85' lang='lat' dir='ltr'>direpto</span> <span class='ocrx_word' id='word_1_503' title='bbox 1608 1556 1683 1616; x_wconf 84' lang='lat' dir='ltr'>atque</span> <span class='ocrx_word' id='word_1_504' title='bbox 1701 1552 1796 1616; x_wconf 84' lang='lat' dir='ltr'>ingenti</span> 
     </span>
     <span class='ocr_line' id='line_1_68' title="bbox 1020 1645 1796 1710; baseline 0.01 -14"><span class='ocrx_word' id='word_1_505' title='bbox 1020 1645 1104 1710; x_wconf 81' lang='lat' dir='ltr'>praeda</span> <span class='ocrx_word' id='word_1_506' title='bbox 1117 1646 1174 1698; x_wconf 89' lang='lat' dir='ltr'>lade</span> <span class='ocrx_word' id='word_1_507' title='bbox 1187 1646 1283 1710; x_wconf 68' lang='lat' dir='ltr'>abacu,</span> <span class='ocrx_word' id='word_1_508' title='bbox 1295 1661 1352 1698; x_wconf 88' lang='lat' dir='ltr'>curu</span> <span class='ocrx_word' id='word_1_509' title='bbox 1363 1661 1392 1698; x_wconf 89' lang='lat' dir='ltr'>er</span> <span class='ocrx_word' id='word_1_510' title='bbox 1403 1649 1517 1699; x_wconf 86' lang='lat' dir='ltr'>omnibus</span> <span class='ocrx_word' id='word_1_511' title='bbox 1533 1651 1643 1701; x_wconf 83' lang='lat' dir='ltr'>Etruscis</span> <span class='ocrx_word' id='word_1_512' title='bbox 1654 1651 1796 1704; x_wconf 82' lang='lat' dir='ltr'>civitatibus</span> 
     </span>
    </p>
   </div>
   <div class='ocr_carea' id='block_1_8' title="bbox 1020 1748 1797 1919">
    <p class='ocr_par' dir='ltr' id='par_1_18' title="bbox 1020 1748 1797 1919">
     <span class='ocr_line' id='line_1_69' title="bbox 1020 1748 1796 1819; baseline 0.012 -22"><span class='ocrx_word' id='word_1_513' title='bbox 1020 1761 1109 1811; x_wconf 84' lang='lat' dir='ltr'>magne</span> <span class='ocrx_word' id='word_1_514' title='bbox 1126 1748 1272 1800; x_wconf 86' lang='lat' dir='ltr'>Veientibus</span> <span class='ocrx_word' id='word_1_515' title='bbox 1295 1751 1387 1801; x_wconf 82' lang='lat' dir='ltr'>auxilie</span> <span class='ocrx_word' id='word_1_516' title='bbox 1407 1752 1549 1814; x_wconf 75' lang='lat' dir='ltr'>venisseut,</span> <span class='ocrx_word' id='word_1_517' title='bbox 1570 1768 1626 1803; x_wconf 88' lang='lat' dir='ltr'>curu</span> <span class='ocrx_word' id='word_1_518' title='bbox 1647 1755 1695 1805; x_wconf 88' lang='lat' dir='ltr'>illis</span> <span class='ocrx_word' id='word_1_519' title='bbox 1709 1757 1796 1819; x_wconf 81' lang='lat' dir='ltr'>praelio</span> 
     </span>
     <span class='ocr_line' id='line_1_70' title="bbox 1020 1850 1797 1919; baseline 0.014 -22"><span class='ocrx_word' id='word_1_520' title='bbox 1020 1861 1166 1911; x_wconf 86' lang='lat' dir='ltr'>congressus</span> <span class='ocrx_word' id='word_1_521' title='bbox 1178 1850 1306 1900; x_wconf 80' lang='lat' dir='ltr'>victoriam</span> <span class='ocrx_word' id='word_1_522' title='bbox 1318 1851 1418 1902; x_wconf 88' lang='lat' dir='ltr'>minime</span> <span class='ocrx_word' id='word_1_523' title='bbox 1428 1851 1528 1904; x_wconf 89' lang='lat' dir='ltr'>dubiam</span> <span class='ocrx_word' id='word_1_524' title='bbox 1545 1855 1688 1919; x_wconf 76' lang='lat' dir='ltr'>reportavit.</span> <span class='ocrx_word' id='word_1_525' title='bbox 1707 1858 1797 1907; x_wconf 86' lang='lat' dir='ltr'>Postea</span> 
     </span>
    </p>
   </div>
   <div class='ocr_carea' id='block_1_9' title="bbox 1020 1952 1798 2121">
    <p class='ocr_par' dir='ltr' id='par_1_19' title="bbox 1020 1952 1798 2121">
     <span class='ocr_line' id='line_1_71' title="bbox 1021 1952 1798 2022; baseline 0.012 -20"><span class='ocrx_word' id='word_1_526' title='bbox 1021 1952 1129 2004; x_wconf 89' lang='lat' dir='ltr'>hostiurn</span> <span class='ocrx_word' id='word_1_527' title='bbox 1147 1967 1232 2015; x_wconf 81' lang='lat' dir='ltr'>agrurn</span> <span class='ocrx_word' id='word_1_528' title='bbox 1246 1968 1376 2019; x_wconf 86' lang='lat' dir='ltr'>peragrans</span> <span class='ocrx_word' id='word_1_529' title='bbox 1397 1957 1497 2020; x_wconf 86' lang='lat' dir='ltr'>impune</span> <span class='ocrx_word' id='word_1_530' title='bbox 1518 1957 1683 2022; x_wconf 84' lang='lat' dir='ltr'>depopulatus</span> <span class='ocrx_word' id='word_1_531' title='bbox 1699 1964 1753 2021; x_wconf 90' lang='lat' dir='ltr'>est,</span> <span class='ocrx_word' id='word_1_532' title='bbox 1772 1965 1798 2011; x_wconf 83' lang='lat' dir='ltr'>et</span> 
     </span>
     <span class='ocr_line' id='line_1_72' title="bbox 1020 2050 1798 2121; baseline 0.008 -21"><span class='ocrx_word' id='word_1_533' title='bbox 1020 2050 1104 2101; x_wconf 89' lang='lat' dir='ltr'>multis</span> <span class='ocrx_word' id='word_1_534' title='bbox 1128 2050 1268 2101; x_wconf 77' lang='lat' dir='ltr'>lronrinibus</span> <span class='ocrx_word' id='word_1_535' title='bbox 1290 2054 1367 2116; x_wconf 85' lang='lat' dir='ltr'>ceptis</span> <span class='ocrx_word' id='word_1_536' title='bbox 1391 2057 1416 2106; x_wconf 87' lang='lat' dir='ltr'>et</span> <span class='ocrx_word' id='word_1_537' title='bbox 1438 2054 1528 2118; x_wconf 78' lang='lat' dir='ltr'>ingenti</span> <span class='ocrx_word' id='word_1_538' title='bbox 1558 2056 1640 2119; x_wconf 74' lang='lat' dir='ltr'>preda</span> <span class='ocrx_word' id='word_1_539' title='bbox 1662 2061 1746 2121; x_wconf 91' lang='lat' dir='ltr'>utpote</span> <span class='ocrx_word' id='word_1_540' title='bbox 1767 2072 1798 2108; x_wconf 81' lang='lat' dir='ltr'>ex</span> 
     </span>
    </p>
   </div>
   <div class='ocr_carea' id='block_1_10' title="bbox 1020 2150 1798 2605">
    <p class='ocr_par' dir='ltr' id='par_1_20' title="bbox 1020 2150 1798 2310">
     <span class='ocr_line' id='line_1_73' title="bbox 1020 2150 1798 2213; baseline 0.012 -14"><span class='ocrx_word' id='word_1_541' title='bbox 1020 2163 1079 2213; x_wconf 88' lang='lat' dir='ltr'>agro</span> <span class='ocrx_word' id='word_1_542' title='bbox 1089 2150 1213 2201; x_wconf 81' lang='lat' dir='ltr'>tonunnto</span> <span class='ocrx_word' id='word_1_543' title='bbox 1225 2151 1321 2212; x_wconf 80' lang='lat' dir='ltr'>abente,</span> <span class='ocrx_word' id='word_1_544' title='bbox 1337 2155 1385 2204; x_wconf 88' lang='lat' dir='ltr'>iam</span> <span class='ocrx_word' id='word_1_545' title='bbox 1400 2153 1447 2204; x_wconf 90' lang='lat' dir='ltr'>snb</span> <span class='ocrx_word' id='word_1_546' title='bbox 1465 2156 1558 2204; x_wconf 77' lang='lat' dir='ltr'>testeris</span> <span class='ocrx_word' id='word_1_547' title='bbox 1570 2155 1644 2207; x_wconf 77' lang='lat' dir='ltr'>linens</span> <span class='ocrx_word' id='word_1_548' title='bbox 1656 2157 1758 2206; x_wconf 86' lang='lat' dir='ltr'>domurn</span> <span class='ocrx_word' id='word_1_549' title='bbox 1770 2173 1798 2208; x_wconf 85' lang='lat' dir='ltr'>se</span> 
     </span>
     <span class='ocr_line' id='line_1_74' title="bbox 1020 2247 1126 2310; baseline 0.019 -14"><span class='ocrx_word' id='word_1_550' title='bbox 1020 2247 1126 2310; x_wconf 81' lang='lat' dir='ltr'>reecpit.</span> 
     </span>
    </p>

    <p class='ocr_par' dir='ltr' id='par_1_21' title="bbox 1021 2341 1798 2605">
     <span class='ocr_line' id='line_1_75' title="bbox 1051 2341 1798 2410; baseline 0.012 -21"><span class='ocrx_word' id='word_1_551' title='bbox 1051 2341 1137 2390; x_wconf 77' lang='lat' dir='ltr'>Lvlll.</span> <span class='ocrx_word' id='word_1_552' title='bbox 1153 2342 1216 2390; x_wconf 81' lang='lat' dir='ltr'>curn</span> <span class='ocrx_word' id='word_1_553' title='bbox 1224 2344 1305 2390; x_wconf 88' lang='lat' dir='ltr'>autem</span> <span class='ocrx_word' id='word_1_554' title='bbox 1316 2342 1431 2394; x_wconf 87' lang='lat' dir='ltr'>veientes</span> <span class='ocrx_word' id='word_1_555' title='bbox 1444 2343 1470 2393; x_wconf 93' lang='lat' dir='ltr'>in</span> <span class='ocrx_word' id='word_1_556' title='bbox 1478 2356 1508 2394; x_wconf 85' lang='lat' dir='ltr'>eu</span> <span class='ocrx_word' id='word_1_557' title='bbox 1517 2357 1597 2409; x_wconf 88' lang='lat' dir='ltr'>pugna</span> <span class='ocrx_word' id='word_1_558' title='bbox 1611 2345 1735 2410; x_wconf 87' lang='lat' dir='ltr'>ingentem</span> <span class='ocrx_word' id='word_1_559' title='bbox 1745 2349 1798 2397; x_wconf 81' lang='lat' dir='ltr'>rte-</span> 
     </span>
     <span class='ocr_line' id='line_1_76' title="bbox 1021 2415 1796 2506; baseline 0.012 -21"><span class='ocrx_word' id='word_1_560' title='bbox 1021 2415 1077 2485; x_wconf 86' lang='lat' dir='ltr'>dem</span> <span class='ocrx_word' id='word_1_561' title='bbox 1091 2438 1249 2502; x_wconf 71' lang='lat' dir='ltr'>accepissent,</span> <span class='ocrx_word' id='word_1_562' title='bbox 1265 2439 1371 2503; x_wconf 86' lang='lat' dir='ltr'>amplius</span> <span class='ocrx_word' id='word_1_563' title='bbox 1385 2454 1417 2490; x_wconf 81' lang='lat' dir='ltr'>ex</span> <span class='ocrx_word' id='word_1_564' title='bbox 1429 2440 1491 2492; x_wconf 90' lang='lat' dir='ltr'>urbe</span> <span class='ocrx_word' id='word_1_565' title='bbox 1503 2441 1585 2505; x_wconf 87' lang='lat' dir='ltr'>egredi</span> <span class='ocrx_word' id='word_1_566' title='bbox 1599 2456 1647 2492; x_wconf 91' lang='lat' dir='ltr'>nou</span> <span class='ocrx_word' id='word_1_567' title='bbox 1659 2446 1717 2494; x_wconf 91' lang='lat' dir='ltr'>sunt</span> <span class='ocrx_word' id='word_1_568' title='bbox 1730 2444 1796 2506; x_wconf 81' lang='lat' dir='ltr'>ensi,</span> 
     </span>
     <span class='ocr_line' id='line_1_77' title="bbox 1022 2535 1796 2605; baseline 0.012 -20"><span class='ocrx_word' id='word_1_569' title='bbox 1022 2535 1065 2585; x_wconf 86' lang='lat' dir='ltr'>sed</span> <span class='ocrx_word' id='word_1_570' title='bbox 1086 2548 1171 2598; x_wconf 84' lang='lat' dir='ltr'>agrurn</span> <span class='ocrx_word' id='word_1_571' title='bbox 1190 2537 1214 2585; x_wconf 95' lang='lat' dir='ltr'>in</span> <span class='ocrx_word' id='word_1_572' title='bbox 1228 2541 1361 2600; x_wconf 88' lang='lat' dir='ltr'>conspectu</span> <span class='ocrx_word' id='word_1_573' title='bbox 1375 2552 1421 2587; x_wconf 89' lang='lat' dir='ltr'>sno</span> <span class='ocrx_word' id='word_1_574' title='bbox 1436 2539 1528 2589; x_wconf 81' lang='lat' dir='ltr'>vastari</span> <span class='ocrx_word' id='word_1_575' title='bbox 1543 2540 1709 2605; x_wconf 75' lang='lat' dir='ltr'>patiebantur.</span> <span class='ocrx_word' id='word_1_576' title='bbox 1744 2546 1796 2594; x_wconf 79' lang='lat' dir='ltr'>lter</span> 
     </span>
    </p>
   </div>
   <div class='ocr_carea' id='block_1_11' title="bbox 1021 2633 1800 3989">
    <p class='ocr_par' dir='ltr' id='par_1_22' title="bbox 1021 2633 1800 3989">
     <span class='ocr_line' id='line_1_78' title="bbox 1023 2633 1794 2701; baseline 0.013 -20"><span class='ocrx_word' id='word_1_577' title='bbox 1023 2646 1082 2682; x_wconf 79' lang='lat' dir='ltr'>vero</span> <span class='ocrx_word' id='word_1_578' title='bbox 1096 2633 1242 2697; x_wconf 87' lang='lat' dir='ltr'>Tarquinius</span> <span class='ocrx_word' id='word_1_579' title='bbox 1252 2638 1290 2683; x_wconf 86' lang='lat' dir='ltr'>ter</span> <span class='ocrx_word' id='word_1_580' title='bbox 1301 2634 1435 2699; x_wconf 88' lang='lat' dir='ltr'>irruptione</span> <span class='ocrx_word' id='word_1_581' title='bbox 1445 2636 1470 2685; x_wconf 88' lang='lat' dir='ltr'>in</span> <span class='ocrx_word' id='word_1_582' title='bbox 1478 2649 1564 2699; x_wconf 61' lang='lat' dir='ltr'>mum</span> <span class='ocrx_word' id='word_1_583' title='bbox 1571 2638 1712 2690; x_wconf 79' lang='lat' dir='ltr'>Veientium</span> <span class='ocrx_word' id='word_1_584' title='bbox 1722 2642 1794 2701; x_wconf 86' lang='lat' dir='ltr'>lacta,</span> 
     </span>
     <span class='ocr_line' id='line_1_79' title="bbox 1021 2724 1794 2792; baseline 0.008 -18"><span class='ocrx_word' id='word_1_585' title='bbox 1021 2724 1192 2787; x_wconf 82' lang='lat' dir='ltr'>eisquetriunr</span> <span class='ocrx_word' id='word_1_586' title='bbox 1214 2726 1365 2789; x_wconf 88' lang='lat' dir='ltr'>integrorum</span> <span class='ocrx_word' id='word_1_587' title='bbox 1385 2739 1505 2778; x_wconf 84' lang='lat' dir='ltr'>annorum</span> <span class='ocrx_word' id='word_1_588' title='bbox 1525 2727 1659 2789; x_wconf 76' lang='lat' dir='ltr'>fructibus,</span> <span class='ocrx_word' id='word_1_589' title='bbox 1675 2743 1738 2792; x_wconf 84' lang='lat' dir='ltr'>quos</span> <span class='ocrx_word' id='word_1_590' title='bbox 1763 2744 1794 2780; x_wconf 81' lang='lat' dir='ltr'>ex</span> 
     </span>
     <span class='ocr_line' id='line_1_80' title="bbox 1021 2824 1794 2889; baseline 0.005 -17"><span class='ocrx_word' id='word_1_591' title='bbox 1021 2836 1080 2886; x_wconf 85' lang='lat' dir='ltr'>agro</span> <span class='ocrx_word' id='word_1_592' title='bbox 1092 2836 1137 2873; x_wconf 89' lang='lat' dir='ltr'>sno</span> <span class='ocrx_word' id='word_1_593' title='bbox 1149 2824 1328 2887; x_wconf 83' lang='lat' dir='ltr'>percipiebant,</span> <span class='ocrx_word' id='word_1_594' title='bbox 1339 2825 1463 2889; x_wconf 88' lang='lat' dir='ltr'>spoliatis,</span> <span class='ocrx_word' id='word_1_595' title='bbox 1476 2825 1519 2874; x_wconf 89' lang='lat' dir='ltr'>ubi</span> <span class='ocrx_word' id='word_1_596' title='bbox 1529 2825 1652 2877; x_wconf 84' lang='lat' dir='ltr'>desertum</span> <span class='ocrx_word' id='word_1_597' title='bbox 1662 2827 1794 2876; x_wconf 75' lang='lat' dir='ltr'>maximam</span> 
     </span>
     <span class='ocr_line' id='line_1_81' title="bbox 1022 2915 1793 2984; baseline 0.004 -18"><span class='ocrx_word' id='word_1_598' title='bbox 1022 2916 1074 2977; x_wconf 87' lang='lat' dir='ltr'>agn</span> <span class='ocrx_word' id='word_1_599' title='bbox 1085 2919 1179 2979; x_wconf 86' lang='lat' dir='ltr'>partem</span> <span class='ocrx_word' id='word_1_600' title='bbox 1192 2915 1299 2967; x_wconf 83' lang='lat' dir='ltr'>reddidit</span> <span class='ocrx_word' id='word_1_601' title='bbox 1315 2932 1394 2982; x_wconf 86' lang='lat' dir='ltr'>neque</span> <span class='ocrx_word' id='word_1_602' title='bbox 1406 2931 1463 2968; x_wconf 90' lang='lat' dir='ltr'>eum</span> <span class='ocrx_word' id='word_1_603' title='bbox 1481 2918 1588 2982; x_wconf 86' lang='lat' dir='ltr'>amplius</span> <span class='ocrx_word' id='word_1_604' title='bbox 1601 2916 1690 2969; x_wconf 71' lang='lat' dir='ltr'>laedere</span> <span class='ocrx_word' id='word_1_605' title='bbox 1702 2919 1793 2984; x_wconf 88' lang='lat' dir='ltr'>potuit,</span> 
     </span>
     <span class='ocr_line' id='line_1_82' title="bbox 1022 3008 1797 3074; baseline 0.004 -16"><span class='ocrx_word' id='word_1_606' title='bbox 1022 3008 1366 3059; x_wconf 82' lang='lat' dir='ltr'>exercitumduxitadrersus</span> <span class='ocrx_word' id='word_1_607' title='bbox 1375 3009 1797 3074; x_wconf 76' lang='lat' dir='ltr'>caeretanorumurbum,quaeente</span> 
     </span>
     <span class='ocr_line' id='line_1_83' title="bbox 1021 3098 1797 3166; baseline 0.005 -18"><span class='ocrx_word' id='word_1_608' title='bbox 1021 3098 1121 3161; x_wconf 87' lang='lat' dir='ltr'>quidem</span> <span class='ocrx_word' id='word_1_609' title='bbox 1150 3100 1286 3150; x_wconf 81' lang='lat' dir='ltr'>vocabatur</span> <span class='ocrx_word' id='word_1_610' title='bbox 1313 3100 1397 3163; x_wconf 76' lang='lat' dir='ltr'>Agylle</span> <span class='ocrx_word' id='word_1_611' title='bbox 1422 3114 1472 3163; x_wconf 88' lang='lat' dir='ltr'>quo</span> <span class='ocrx_word' id='word_1_612' title='bbox 1495 3106 1606 3165; x_wconf 89' lang='lat' dir='ltr'>ternpore</span> <span class='ocrx_word' id='word_1_613' title='bbox 1628 3101 1722 3166; x_wconf 81' lang='lat' dir='ltr'>Pelasgi</span> <span class='ocrx_word' id='word_1_614' title='bbox 1743 3116 1797 3153; x_wconf 80' lang='lat' dir='ltr'>earu</span> 
     </span>
     <span class='ocr_line' id='line_1_84' title="bbox 1022 3194 1798 3258; baseline 0.006 -16"><span class='ocrx_word' id='word_1_615' title='bbox 1022 3194 1161 3244; x_wconf 82' lang='lat' dir='ltr'>incolebant</span> <span class='ocrx_word' id='word_1_616' title='bbox 1184 3209 1190 3239; x_wconf 90' lang='lat'>:</span> <span class='ocrx_word' id='word_1_617' title='bbox 1215 3196 1257 3243; x_wconf 87' lang='lat' dir='ltr'>sed</span> <span class='ocrx_word' id='word_1_618' title='bbox 1287 3196 1312 3244; x_wconf 89' lang='lat' dir='ltr'>in</span> <span class='ocrx_word' id='word_1_619' title='bbox 1335 3198 1496 3253; x_wconf 79' lang='lat' dir='ltr'>Etruscorum</span> <span class='ocrx_word' id='word_1_620' title='bbox 1524 3198 1673 3258; x_wconf 70' lang='lat' dir='ltr'>potestatem</span> <span class='ocrx_word' id='word_1_621' title='bbox 1697 3194 1798 3247; x_wconf 83' lang='lat' dir='ltr'>reducta</span> 
     </span>
     <span class='ocr_line' id='line_1_85' title="bbox 1023 3283 1799 3347; baseline 0.001 -14"><span class='ocrx_word' id='word_1_622' title='bbox 1023 3287 1120 3333; x_wconf 85' lang='lat' dir='ltr'>mutato</span> <span class='ocrx_word' id='word_1_623' title='bbox 1142 3284 1241 3333; x_wconf 89' lang='lat' dir='ltr'>nornine</span> <span class='ocrx_word' id='word_1_624' title='bbox 1254 3283 1376 3347; x_wconf 83' lang='lat' dir='ltr'>appellata</span> <span class='ocrx_word' id='word_1_625' title='bbox 1390 3287 1429 3334; x_wconf 90' lang='lat' dir='ltr'>est</span> <span class='ocrx_word' id='word_1_626' title='bbox 1445 3285 1525 3334; x_wconf 75' lang='lat' dir='ltr'>erere,</span> <span class='ocrx_word' id='word_1_627' title='bbox 1558 3286 1618 3334; x_wconf 84' lang='lat' dir='ltr'>llaec</span> <span class='ocrx_word' id='word_1_628' title='bbox 1638 3289 1721 3334; x_wconf 83' lang='lat' dir='ltr'>autent</span> <span class='ocrx_word' id='word_1_629' title='bbox 1738 3285 1799 3335; x_wconf 86' lang='lat' dir='ltr'>urbs</span> 
     </span>
     <span class='ocr_line' id='line_1_86' title="bbox 1022 3376 1799 3440; baseline 0.004 -16"><span class='ocrx_word' id='word_1_630' title='bbox 1022 3377 1146 3425; x_wconf 72' lang='lat' dir='ltr'>lenunata</span> <span class='ocrx_word' id='word_1_631' title='bbox 1156 3379 1222 3437; x_wconf 84' lang='lat' dir='ltr'>orat,</span> <span class='ocrx_word' id='word_1_632' title='bbox 1240 3376 1261 3424; x_wconf 89' lang='lat' dir='ltr'>sl</span> <span class='ocrx_word' id='word_1_633' title='bbox 1276 3390 1326 3440; x_wconf 86' lang='lat' dir='ltr'>qne</span> <span class='ocrx_word' id='word_1_634' title='bbox 1340 3376 1388 3425; x_wconf 86' lang='lat' dir='ltr'>alia</span> <span class='ocrx_word' id='word_1_635' title='bbox 1404 3379 1523 3437; x_wconf 84' lang='lat' dir='ltr'>Etrusco,</span> <span class='ocrx_word' id='word_1_636' title='bbox 1538 3378 1563 3425; x_wconf 90' lang='lat' dir='ltr'>et</span> <span class='ocrx_word' id='word_1_637' title='bbox 1577 3377 1712 3439; x_wconf 79' lang='lat' dir='ltr'>frequentin</span> <span class='ocrx_word' id='word_1_638' title='bbox 1722 3377 1799 3427; x_wconf 85' lang='lat' dir='ltr'>borni·</span> 
     </span>
     <span class='ocr_line' id='line_1_87' title="bbox 1023 3467 1797 3531; baseline 0.001 -15"><span class='ocrx_word' id='word_1_639' title='bbox 1023 3481 1083 3518; x_wconf 86' lang='lat' dir='ltr'>num</span> <span class='ocrx_word' id='word_1_640' title='bbox 1096 3467 1243 3517; x_wconf 82' lang='lat' dir='ltr'>abundans:</span> <span class='ocrx_word' id='word_1_641' title='bbox 1258 3467 1322 3517; x_wconf 90' lang='lat' dir='ltr'>unde</span> <span class='ocrx_word' id='word_1_642' title='bbox 1335 3467 1421 3528; x_wconf 90' lang='lat' dir='ltr'>ingens</span> <span class='ocrx_word' id='word_1_643' title='bbox 1434 3467 1559 3515; x_wconf 79' lang='lat' dir='ltr'>exercitus</span> <span class='ocrx_word' id='word_1_644' title='bbox 1573 3481 1617 3530; x_wconf 91' lang='lat' dir='ltr'>pro</span> <span class='ocrx_word' id='word_1_645' title='bbox 1633 3481 1691 3531; x_wconf 88' lang='lat' dir='ltr'>agro</span> <span class='ocrx_word' id='word_1_646' title='bbox 1704 3481 1797 3531; x_wconf 83' lang='lat' dir='ltr'>pugne·</span> 
     </span>
     <span class='ocr_line' id='line_1_88' title="bbox 1023 3556 1799 3620; baseline 0.001 -14"><span class='ocrx_word' id='word_1_647' title='bbox 1023 3558 1229 3620; x_wconf 68' lang='lat' dir='ltr'>taruennicum</span> <span class='ocrx_word' id='word_1_648' title='bbox 1244 3557 1328 3607; x_wconf 85' lang='lat' dir='ltr'>multis</span> <span class='ocrx_word' id='word_1_649' title='bbox 1342 3556 1456 3606; x_wconf 87' lang='lat' dir='ltr'>hostibus</span> <span class='ocrx_word' id='word_1_650' title='bbox 1468 3557 1548 3616; x_wconf 75' lang='lat' dir='ltr'>cussis,</span> <span class='ocrx_word' id='word_1_651' title='bbox 1563 3557 1634 3617; x_wconf 80' lang='lat' dir='ltr'>longe</span> <span class='ocrx_word' id='word_1_652' title='bbox 1649 3570 1708 3606; x_wconf 86' lang='lat' dir='ltr'>vero</span> <span class='ocrx_word' id='word_1_653' title='bbox 1720 3557 1799 3620; x_wconf 90' lang='lat' dir='ltr'>pluri-</span> 
     </span>
     <span class='ocr_line' id='line_1_89' title="bbox 1022 3647 1796 3712; baseline -0.004 -11"><span class='ocrx_word' id='word_1_654' title='bbox 1022 3651 1069 3701; x_wconf 83' lang='lat' dir='ltr'>bus</span> <span class='ocrx_word' id='word_1_655' title='bbox 1080 3651 1112 3701; x_wconf 92' lang='lat' dir='ltr'>de</span> <span class='ocrx_word' id='word_1_656' title='bbox 1129 3650 1180 3700; x_wconf 82' lang='lat' dir='ltr'>ortis</span> <span class='ocrx_word' id='word_1_657' title='bbox 1194 3648 1303 3706; x_wconf 79' lang='lat' dir='ltr'>arnissis,</span> <span class='ocrx_word' id='word_1_658' title='bbox 1324 3649 1380 3711; x_wconf 86' lang='lat' dir='ltr'>luga</span> <span class='ocrx_word' id='word_1_659' title='bbox 1400 3662 1427 3697; x_wconf 82' lang='lat' dir='ltr'>se</span> <span class='ocrx_word' id='word_1_660' title='bbox 1448 3647 1473 3696; x_wconf 90' lang='lat' dir='ltr'>in</span> <span class='ocrx_word' id='word_1_661' title='bbox 1489 3647 1575 3696; x_wconf 84' lang='lat' dir='ltr'>orbern</span> <span class='ocrx_word' id='word_1_662' title='bbox 1597 3648 1699 3712; x_wconf 87' lang='lat' dir='ltr'>recepit.</span> <span class='ocrx_word' id='word_1_663' title='bbox 1734 3650 1796 3698; x_wconf 84' lang='lat' dir='ltr'>cnm</span> 
     </span>
     <span class='ocr_line' id='line_1_90' title="bbox 1023 3739 1798 3804; baseline -0.006 -10"><span class='ocrx_word' id='word_1_664' title='bbox 1023 3747 1106 3794; x_wconf 85' lang='lat' dir='ltr'>eutem</span> <span class='ocrx_word' id='word_1_665' title='bbox 1121 3741 1223 3792; x_wconf 87' lang='lat' dir='ltr'>ltornani</span> <span class='ocrx_word' id='word_1_666' title='bbox 1241 3754 1300 3803; x_wconf 86' lang='lat' dir='ltr'>agro</span> <span class='ocrx_word' id='word_1_667' title='bbox 1320 3753 1402 3788; x_wconf 87' lang='lat' dir='ltr'>rerum</span> <span class='ocrx_word' id='word_1_668' title='bbox 1422 3739 1531 3787; x_wconf 86' lang='lat' dir='ltr'>omnium</span> <span class='ocrx_word' id='word_1_669' title='bbox 1554 3739 1687 3787; x_wconf 79' lang='lat' dir='ltr'>maximam</span> <span class='ocrx_word' id='word_1_670' title='bbox 1703 3739 1798 3804; x_wconf 85' lang='lat' dir='ltr'>copiam</span> 
     </span>
     <span class='ocr_line' id='line_1_91' title="bbox 1023 3829 1798 3900; baseline -0.008 -15"><span class='ocrx_word' id='word_1_671' title='bbox 1023 3836 1147 3900; x_wconf 74' lang='lat' dir='ltr'>prebente</span> <span class='ocrx_word' id='word_1_672' title='bbox 1174 3833 1246 3897; x_wconf 73' lang='lat' dir='ltr'>protili</span> <span class='ocrx_word' id='word_1_673' title='bbox 1266 3837 1362 3889; x_wconf 83' lang='lat' dir='ltr'>essent,</span> <span class='ocrx_word' id='word_1_674' title='bbox 1384 3831 1417 3881; x_wconf 90' lang='lat' dir='ltr'>ibi</span> <span class='ocrx_word' id='word_1_675' title='bbox 1445 3830 1536 3879; x_wconf 82' lang='lat' dir='ltr'>ntultos</span> <span class='ocrx_word' id='word_1_676' title='bbox 1561 3829 1614 3879; x_wconf 88' lang='lat' dir='ltr'>dies</span> <span class='ocrx_word' id='word_1_677' title='bbox 1637 3843 1798 3894; x_wconf 84' lang='lat' dir='ltr'>consumpse·</span> 
     </span>
     <span class='ocr_line' id='line_1_92' title="bbox 1022 3921 1800 3989; baseline -0.004 -11"><span class='ocrx_word' id='word_1_678' title='bbox 1022 3931 1094 3989; x_wconf 90' lang='lat' dir='ltr'>runt,</span> <span class='ocrx_word' id='word_1_679' title='bbox 1111 3932 1136 3976; x_wconf 91' lang='lat' dir='ltr'>et</span> <span class='ocrx_word' id='word_1_680' title='bbox 1152 3941 1209 3975; x_wconf 71' lang='grc' dir='ltr'>ιτιιιυ</span> <span class='ocrx_word' id='word_1_681' title='bbox 1223 3931 1319 3988; x_wconf 77' lang='lat' dir='ltr'>ternpus</span> <span class='ocrx_word' id='word_1_682' title='bbox 1334 3921 1476 3972; x_wconf 85' lang='lat' dir='ltr'>discedendi</span> <span class='ocrx_word' id='word_1_683' title='bbox 1490 3924 1557 3973; x_wconf 82' lang='lat' dir='ltr'>venit</span> <span class='ocrx_word' id='word_1_684' title='bbox 1566 3960 1573 3984; x_wconf 91' lang='lat'>,</span> <span class='ocrx_word' id='word_1_685' title='bbox 1583 3923 1668 3987; x_wconf 74' lang='lat' dir='ltr'>praeda</span> <span class='ocrx_word' id='word_1_686' title='bbox 1681 3928 1800 3987; x_wconf 83' lang='lat' dir='ltr'>qtrentanr</span> 
     </span>
    </p>
   </div>
   <div class='ocr_carea' id='block_1_12' title="bbox 1023 4018 1798 5016">
    <p class='ocr_par' dir='ltr' id='par_1_23' title="bbox 1023 4018 1798 5016">
     <span class='ocr_line' id='line_1_93' title="bbox 1023 4018 1796 4093; baseline -0.008 -16"><span class='ocrx_word' id='word_1_687' title='bbox 1023 4030 1155 4093; x_wconf 84' lang='lat' dir='ltr'>potuerunt</span> <span class='ocrx_word' id='word_1_688' title='bbox 1173 4025 1259 4075; x_wconf 85' lang='lat' dir='ltr'>abacta</span> <span class='ocrx_word' id='word_1_689' title='bbox 1281 4023 1382 4071; x_wconf 86' lang='lat' dir='ltr'>domurn</span> <span class='ocrx_word' id='word_1_690' title='bbox 1399 4018 1532 4070; x_wconf 86' lang='lat' dir='ltr'>redierunt.</span> <span class='ocrx_word' id='word_1_691' title='bbox 1553 4019 1703 4082; x_wconf 83' lang='lat' dir='ltr'>Tarquinius</span> <span class='ocrx_word' id='word_1_692' title='bbox 1725 4032 1796 4083; x_wconf 83' lang='lat' dir='ltr'>veru,</span> 
     </span>
     <span class='ocr_line' id='line_1_94' title="bbox 1024 4114 1798 4177; baseline -0.009 -6"><span class='ocrx_word' id='word_1_693' title='bbox 1024 4135 1079 4171; x_wconf 74' lang='lat' dir='ltr'>cern</span> <span class='ocrx_word' id='word_1_694' title='bbox 1096 4118 1189 4169; x_wconf 89' lang='lat' dir='ltr'>bellum</span> <span class='ocrx_word' id='word_1_695' title='bbox 1210 4117 1371 4166; x_wconf 79' lang='lat' dir='ltr'>Veientanum</span> <span class='ocrx_word' id='word_1_696' title='bbox 1389 4115 1435 4177; x_wconf 91' lang='lat' dir='ltr'>ipsi</span> <span class='ocrx_word' id='word_1_697' title='bbox 1455 4128 1486 4163; x_wconf 81' lang='lat' dir='ltr'>er</span> <span class='ocrx_word' id='word_1_698' title='bbox 1511 4114 1586 4163; x_wconf 83' lang='lat' dir='ltr'>anirni</span> <span class='ocrx_word' id='word_1_699' title='bbox 1602 4114 1724 4164; x_wconf 86' lang='lat' dir='ltr'>sententia</span> <span class='ocrx_word' id='word_1_700' title='bbox 1740 4128 1798 4164; x_wconf 90' lang='lat' dir='ltr'>suc·</span> 
     </span>
     <span class='ocr_line' id='line_1_95' title="bbox 1024 4204 1797 4268; baseline -0.012 -5"><span class='ocrx_word' id='word_1_701' title='bbox 1024 4216 1152 4265; x_wconf 82' lang='lat' dir='ltr'>cessasset,</span> <span class='ocrx_word' id='word_1_702' title='bbox 1179 4210 1202 4257; x_wconf 91' lang='lat' dir='ltr'>ln</span> <span class='ocrx_word' id='word_1_703' title='bbox 1219 4208 1304 4257; x_wconf 83' lang='lat' dir='ltr'>hostes</span> <span class='ocrx_word' id='word_1_704' title='bbox 1324 4206 1367 4268; x_wconf 85' lang='lat' dir='ltr'>qui</span> <span class='ocrx_word' id='word_1_705' title='bbox 1391 4204 1487 4254; x_wconf 83' lang='lat' dir='ltr'>Fidenis</span> <span class='ocrx_word' id='word_1_706' title='bbox 1510 4207 1582 4252; x_wconf 84' lang='lat' dir='ltr'>erant</span> <span class='ocrx_word' id='word_1_707' title='bbox 1597 4204 1684 4254; x_wconf 84' lang='lat' dir='ltr'>eduxit</span> <span class='ocrx_word' id='word_1_708' title='bbox 1703 4204 1797 4255; x_wconf 88' lang='lat' dir='ltr'>exerci-</span> 
     </span>
     <span class='ocr_line' id='line_1_96' title="bbox 1024 4297 1797 4367; baseline -0.009 -12"><span class='ocrx_word' id='word_1_709' title='bbox 1024 4310 1088 4365; x_wconf 88' lang='lat' dir='ltr'>tum,</span> <span class='ocrx_word' id='word_1_710' title='bbox 1103 4303 1171 4367; x_wconf 69' lang='lat' dir='ltr'>quiid</span> <span class='ocrx_word' id='word_1_711' title='bbox 1185 4301 1327 4365; x_wconf 74' lang='lat' dir='ltr'>praesidinm</span> <span class='ocrx_word' id='word_1_712' title='bbox 1341 4299 1451 4362; x_wconf 83' lang='lat' dir='ltr'>quodibi</span> <span class='ocrx_word' id='word_1_713' title='bbox 1470 4301 1523 4347; x_wconf 83' lang='lat' dir='ltr'>eret</span> <span class='ocrx_word' id='word_1_714' title='bbox 1539 4298 1663 4361; x_wconf 76' lang='lat' dir='ltr'>expellere</span> <span class='ocrx_word' id='word_1_715' title='bbox 1680 4297 1797 4358; x_wconf 85' lang='lat' dir='ltr'>volebat,</span> 
     </span>
     <span class='ocr_line' id='line_1_97' title="bbox 1023 4387 1796 4459; baseline -0.014 -10"><span class='ocrx_word' id='word_1_716' title='bbox 1023 4403 1049 4449; x_wconf 91' lang='lat' dir='ltr'>et</span> <span class='ocrx_word' id='word_1_717' title='bbox 1064 4396 1162 4459; x_wconf 85' lang='lat' dir='ltr'>eosqui</span> <span class='ocrx_word' id='word_1_718' title='bbox 1177 4395 1263 4444; x_wconf 86' lang='lat' dir='ltr'>urbem</span> <span class='ocrx_word' id='word_1_719' title='bbox 1277 4393 1388 4441; x_wconf 84' lang='lat' dir='ltr'>Etruscis</span> <span class='ocrx_word' id='word_1_720' title='bbox 1400 4390 1556 4455; x_wconf 88' lang='lat' dir='ltr'>prodiderant</span> <span class='ocrx_word' id='word_1_721' title='bbox 1573 4388 1657 4437; x_wconf 87' lang='lat' dir='ltr'>ulcisci</span> <span class='ocrx_word' id='word_1_722' title='bbox 1672 4387 1796 4452; x_wconf 79' lang='lat' dir='ltr'>cuplebut.</span> 
     </span>
     <span class='ocr_line' id='line_1_98' title="bbox 1024 4481 1798 4553; baseline -0.016 -11"><span class='ocrx_word' id='word_1_723' title='bbox 1024 4496 1103 4553; x_wconf 76' lang='lat' dir='ltr'>Atque</span> <span class='ocrx_word' id='word_1_724' title='bbox 1116 4486 1218 4538; x_wconf 83' lang='lat' dir='ltr'>Romani</span> <span class='ocrx_word' id='word_1_725' title='bbox 1230 4490 1256 4535; x_wconf 88' lang='lat' dir='ltr'>et</span> <span class='ocrx_word' id='word_1_726' title='bbox 1268 4485 1319 4534; x_wconf 88' lang='lat' dir='ltr'>acie</span> <span class='ocrx_word' id='word_1_727' title='bbox 1328 4485 1451 4532; x_wconf 87' lang='lat' dir='ltr'>instructa</span> <span class='ocrx_word' id='word_1_728' title='bbox 1469 4486 1608 4546; x_wconf 82' lang='lat' dir='ltr'>pugnarunt</span> <span class='ocrx_word' id='word_1_729' title='bbox 1616 4495 1673 4529; x_wconf 88' lang='lat' dir='ltr'>cunr</span> <span class='ocrx_word' id='word_1_730' title='bbox 1683 4481 1798 4531; x_wconf 85' lang='lat' dir='ltr'>hostibus</span> 
     </span>
     <span class='ocr_line' id='line_1_99' title="bbox 1024 4577 1798 4646; baseline -0.016 -9"><span class='ocrx_word' id='word_1_731' title='bbox 1024 4601 1053 4638; x_wconf 85' lang='lat' dir='ltr'>er</span> <span class='ocrx_word' id='word_1_732' title='bbox 1063 4586 1124 4635; x_wconf 84' lang='lat' dir='ltr'>urbe</span> <span class='ocrx_word' id='word_1_733' title='bbox 1133 4583 1237 4646; x_wconf 85' lang='lat' dir='ltr'>egressis</span> <span class='ocrx_word' id='word_1_734' title='bbox 1247 4587 1285 4641; x_wconf 88' lang='lat' dir='ltr'>‚et</span> <span class='ocrx_word' id='word_1_735' title='bbox 1295 4582 1320 4630; x_wconf 92' lang='lat' dir='ltr'>in</span> <span class='ocrx_word' id='word_1_736' title='bbox 1334 4593 1462 4629; x_wconf 87' lang='lat' dir='ltr'>murorum</span> <span class='ocrx_word' id='word_1_737' title='bbox 1471 4577 1651 4642; x_wconf 81' lang='lat' dir='ltr'>oppugnatione</span> <span class='ocrx_word' id='word_1_738' title='bbox 1661 4580 1732 4626; x_wconf 80' lang='lat' dir='ltr'>atrox</span> <span class='ocrx_word' id='word_1_739' title='bbox 1744 4590 1798 4627; x_wconf 87' lang='lat' dir='ltr'>cer·</span> 
     </span>
     <span class='ocr_line' id='line_1_100' title="bbox 1024 4668 1795 4732; baseline -0.017 -2"><span class='ocrx_word' id='word_1_740' title='bbox 1024 4684 1104 4730; x_wconf 84' lang='lat' dir='ltr'>temen</span> <span class='ocrx_word' id='word_1_741' title='bbox 1111 4676 1285 4727; x_wconf 85' lang='lat' dir='ltr'>corruniserunt</span> <span class='ocrx_word' id='word_1_742' title='bbox 1294 4693 1300 4722; x_wconf 76' lang='grc' dir='ltr'>ι</span> <span class='ocrx_word' id='word_1_743' title='bbox 1308 4671 1368 4722; x_wconf 89' lang='lat' dir='ltr'>urbs</span> <span class='ocrx_word' id='word_1_744' title='bbox 1378 4685 1437 4721; x_wconf 88' lang='lat' dir='ltr'>vero</span> <span class='ocrx_word' id='word_1_745' title='bbox 1446 4668 1543 4719; x_wconf 87' lang='lat' dir='ltr'>taudem</span> <span class='ocrx_word' id='word_1_746' title='bbox 1552 4683 1596 4732; x_wconf 92' lang='lat' dir='ltr'>per</span> <span class='ocrx_word' id='word_1_747' title='bbox 1607 4669 1657 4717; x_wconf 84' lang='lat' dir='ltr'>vim</span> <span class='ocrx_word' id='word_1_748' title='bbox 1669 4671 1795 4731; x_wconf 82' lang='lat' dir='ltr'>capteest,</span> 
     </span>
     <span class='ocr_line' id='line_1_101' title="bbox 1024 4763 1793 4835; baseline -0.017 -9"><span class='ocrx_word' id='word_1_749' title='bbox 1024 4779 1050 4827; x_wconf 89' lang='lat' dir='ltr'>et</span> <span class='ocrx_word' id='word_1_750' title='bbox 1061 4774 1150 4823; x_wconf 80' lang='lat' dir='ltr'>milites</span> <span class='ocrx_word' id='word_1_751' title='bbox 1159 4769 1303 4835; x_wconf 71' lang='lat' dir='ltr'>praesidiarii</span> <span class='ocrx_word' id='word_1_752' title='bbox 1314 4768 1339 4817; x_wconf 93' lang='lat' dir='ltr'>ln</span> <span class='ocrx_word' id='word_1_753' title='bbox 1349 4767 1453 4817; x_wconf 76' lang='lat' dir='ltr'>vinculis</span> <span class='ocrx_word' id='word_1_754' title='bbox 1467 4780 1515 4815; x_wconf 85' lang='lat' dir='ltr'>une</span> <span class='ocrx_word' id='word_1_755' title='bbox 1529 4779 1585 4815; x_wconf 87' lang='lat' dir='ltr'>cum</span> <span class='ocrx_word' id='word_1_756' title='bbox 1598 4763 1699 4828; x_wconf 82' lang='lat' dir='ltr'>reliquis</span> <span class='ocrx_word' id='word_1_757' title='bbox 1712 4767 1793 4827; x_wconf 83' lang='lat' dir='ltr'>cepti·</span> 
     </span>
     <span class='ocr_line' id='line_1_102' title="bbox 1024 4856 1798 4922; baseline -0.018 -3"><span class='ocrx_word' id='word_1_758' title='bbox 1024 4870 1062 4919; x_wconf 81' lang='lat' dir='ltr'>ris</span> <span class='ocrx_word' id='word_1_759' title='bbox 1077 4867 1185 4919; x_wconf 73' lang='lat' dir='ltr'>Etruscis</span> <span class='ocrx_word' id='word_1_760' title='bbox 1205 4863 1421 4921; x_wconf 78' lang='lat' dir='ltr'>custodiebantur,</span> <span class='ocrx_word' id='word_1_761' title='bbox 1436 4860 1591 4911; x_wconf 84' lang='lat' dir='ltr'>Fidenatium</span> <span class='ocrx_word' id='word_1_762' title='bbox 1605 4872 1665 4908; x_wconf 87' lang='lat' dir='ltr'>vero</span> <span class='ocrx_word' id='word_1_763' title='bbox 1684 4856 1728 4922; x_wconf 86' lang='lat' dir='ltr'>qrri</span> <span class='ocrx_word' id='word_1_764' title='bbox 1745 4857 1798 4905; x_wconf 83' lang='lat' dir='ltr'>exi·</span> 
     </span>
     <span class='ocr_line' id='line_1_103' title="bbox 1024 4944 1798 5016; baseline -0.03 0"><span class='ocrx_word' id='word_1_765' title='bbox 1024 4963 1187 5016; x_wconf 85' lang='lat' dir='ltr'>stimebuntur</span> <span class='ocrx_word' id='word_1_766' title='bbox 1207 4963 1321 5009; x_wconf 88' lang='lat' dir='ltr'>auctores</span> <span class='ocrx_word' id='word_1_767' title='bbox 1340 4954 1485 5007; x_wconf 85' lang='lat' dir='ltr'>deiectionis</span> <span class='ocrx_word' id='word_1_768' title='bbox 1501 4953 1589 5014; x_wconf 86' lang='lat' dir='ltr'>luisse,</span> <span class='ocrx_word' id='word_1_769' title='bbox 1612 4950 1703 5014; x_wconf 86' lang='lat' dir='ltr'>partlm</span> <span class='ocrx_word' id='word_1_770' title='bbox 1722 4944 1798 5008; x_wconf 80' lang='lat' dir='ltr'>virgis</span> 
     </span>
    </p>
   </div>
   <div class='ocr_carea' id='block_1_13' title="bbox 1023 5038 1796 5212">
    <p class='ocr_par' dir='ltr' id='par_1_24' title="bbox 1023 5038 1796 5212">
     <span class='ocr_line' id='line_1_104' title="bbox 1024 5038 1796 5111; baseline -0.028 -3"><span class='ocrx_word' id='word_1_771' title='bbox 1024 5057 1090 5108; x_wconf 76' lang='lat' dir='ltr'>sorde</span> <span class='ocrx_word' id='word_1_772' title='bbox 1116 5055 1173 5105; x_wconf 78' lang='lat' dir='ltr'>nesi</span> <span class='ocrx_word' id='word_1_773' title='bbox 1194 5058 1219 5104; x_wconf 90' lang='lat' dir='ltr'>et</span> <span class='ocrx_word' id='word_1_774' title='bbox 1232 5053 1257 5102; x_wconf 94' lang='lat' dir='ltr'>in</span> <span class='ocrx_word' id='word_1_775' title='bbox 1278 5051 1388 5101; x_wconf 87' lang='lat' dir='ltr'>omniurn</span> <span class='ocrx_word' id='word_1_776' title='bbox 1408 5049 1542 5111; x_wconf 86' lang='lat' dir='ltr'>conspectu</span> <span class='ocrx_word' id='word_1_777' title='bbox 1565 5045 1647 5095; x_wconf 89' lang='lat' dir='ltr'>securi</span> <span class='ocrx_word' id='word_1_778' title='bbox 1672 5038 1796 5106; x_wconf 83' lang='lat' dir='ltr'>percussi,</span> 
     </span>
     <span class='ocr_line' id='line_1_105' title="bbox 1023 5131 1796 5212; baseline -0.03 -13"><span class='ocrx_word' id='word_1_779' title='bbox 1023 5148 1112 5212; x_wconf 87' lang='lat' dir='ltr'>parlim</span> <span class='ocrx_word' id='word_1_780' title='bbox 1136 5143 1210 5195; x_wconf 81' lang='lat' dir='ltr'>exilio</span> <span class='ocrx_word' id='word_1_781' title='bbox 1232 5143 1352 5207; x_wconf 84' lang='lat' dir='ltr'>perpetuo</span> <span class='ocrx_word' id='word_1_782' title='bbox 1371 5131 1469 5188; x_wconf 68' lang='lat' dir='ltr'>multon</span> <span class='ocrx_word' id='word_1_783' title='bbox 1495 5137 1561 5184; x_wconf 89' lang='lat' dir='ltr'>sunt.</span> <span class='ocrx_word' id='word_1_784' title='bbox 1596 5136 1688 5181; x_wconf 86' lang='lat' dir='ltr'>Eorum</span> <span class='ocrx_word' id='word_1_785' title='bbox 1713 5131 1796 5178; x_wconf 81' lang='lat' dir='ltr'>sutem</span> 
     </span>
    </p>
   </div>
   <div class='ocr_carea' id='block_1_14' title="bbox 0 0 1899 5828">
    <p class='ocr_par' dir='ltr' id='par_1_25' title="bbox 0 0 1899 5828">
     <span class='ocr_line' id='line_1_106' title="bbox 0 0 1899 5828; baseline 0 0"><span class='ocrx_word' id='word_1_786' title='bbox 0 0 1899 5828; x_wconf 95' lang='lat' dir='ltr'> </span> 
     </span>
    </p>
   </div>
  </div>
 </body>
</html>
