3772 5828
658 344 952 418 ANTlOUlThTUhl
975 349 1127 412 hortun.
1154 353 1227 415 ΗΒ.
1251 355 1275 415 1.
1734 368 1771 425 lu

163 479 180 534 δ
195 480 274 550 μῦθος
285 475 351 555 ἔχει.
392 470 481 555 “Earn
496 474 519 533 δ’
530 473 637 554 ὕστερον
655 486 732 557 γενεᾷ
745 478 942 550 Πελοπόννησον

164 563 318 630 ἐκλιπόντες
329 563 422 635 είςτὴν
437 565 495 623 τότε
511 562 560 640 μέν
574 565 718 640 Αἱμονίαν,
734 570 778 625 νῦν
793 565 820 627 δέ
835 568 942 626 θεττα-

163 653 226 710 λίαν
255 650 449 728 ὀνομαζομένην
475 652 685 728 μετανέστησαν·
711 658 821 730 ἡγοῦντο
848 655 875 713 δέ
897 660 942 726 τῆς

165 739 290 806 ἀποικίας
302 739 403 818 Ἀχαιὸς
417 740 462 797 καὶ
477 742 560 808 Φθῖος
574 741 620 798 καί
635 745 772 820 Πελασγός
786 746 809 802 oi
824 746 941 822 Λαρίσης

123 855 136 892 a
163 830 211 889 καί
231 830 394 896 Ποσειδῶνος
408 828 470 888 υίοί.
514 828 680 911 Ἀφικόμενοι
696 830 719 890 δ’
739 834 774 900 είς
788 832 835 905 την
855 837 941 911 Λίμο·

162 916 223 975 νέαν
237 916 296 984 τούς
307 939 336 974 τε
349 921 536 983 κατοικοῦντας
550 920 576 977 έν
589 920 655 998 αὐτῇ
672 918 818 1000 βαρύοίρους
832 920 940 989 ἐξελαύ-

162 1028 252 1078 νουσι,
269 1005 314 1064 καί
330 1005 454 1080 νέμονται
469 1003 516 1075 τὴν
541 1004 632 1086 χώραν
653 1011 748 1088 τριχῇ,
766 1008 819 1075 τοῖς
830 1009 940 1088 ἡγεμόσι

162 1093 322 1165 ποιήσαντες
340 1092 493 1171 ὁμωνύμους
506 1094 552 1159 τάς
579 1097 688 1175 μοίρας,
703 1098 821 1156 Φθιῶτιν
834 1098 879 1157 καὶ
892 1097 940 1158 ’.b

162 1182 244 1262 χαῖον
259 1185 306 1242 καί
326 1185 517 1261 Πελασγιῶτιν.
563 1183 644 1243 Πέντε
660 1184 687 1243 δέ
703 1185 837 1262 μείναντες
851 1189 939 1247 αὐτόθι

111 1293 136 1331 ro
163 1272 268 1353 γενεδις,
287 1274 313 1330 ἐν
328 1263 368 1339 αἷς
378 1273 422 1331 tel
437 1271 567 1346 μήκιστον
581 1273 701 1353 εὐτυχίας
711 1273 814 1334 όλασαν
826 1275 860 1334 τά
873 1276 939 1355 κρά·

162 1384 242 1420 τιστα
257 1363 309 1419 τῶν
323 1363 348 1418 ἐν
362 1365 395 1439 τῇ
416 1361 550 1440 Θετταλία
563 1360 660 1418 πεδίων
674 1361 864 1439 καρπούμενοι,
878 1365 938 1444 περὶ

161 1449 211 1523 τὴν
222 1448 301 1521 έκτην
313 1449 407 1527 γενεὰν
419 1447 600 1515 ἐξελαύνονται
609 1452 755 1517 θετταλίας
769 1451 818 1510 ὑπό
829 1474 858 1509 τε
870 1455 939 1512 Κου-

163 1544 249 1616 ρήτων
260 1535 445 1612 καῖΑελέγων,
456 1534 481 1594 οἳ
489 1541 533 1594 νῦν
543 1536 710 1597 Αίτωλοίκαῖ
719 1537 817 1616 Λοκροί
826 1542 937 1599 καλοῦν·

162 1649 217 1700 ται,
226 1627 270 1685 καί
280 1628 383 1703 συχνῶν
389 1625 477 1683 ἄλλων
485 1628 536 1683 τῶν
546 1627 607 1706 περὶ
617 1626 660 1683 τὸν
671 1627 828 1706 Παρνασσὸν
836 1630 936 1688 οἰκούν-

111 1737 135 1774 ts
162 1739 227 1791 των,
240 1711 388 1792 ἡγουμένου
400 1716 450 1770 τῶν
465 1713 597 1790 πολεμίοιν
611 1716 791 1783 Δευκαλίωνος
802 1721 847 1774 τοῦ
861 1719 937 1796 Προ-

162 1803 281 1881 μηθέως,
294 1800 391 1880 μητρὸς
405 1801 433 1858 δέ
447 1804 584 1878 Κλυμένης
595 1807 642 1873 τῆς
654 1803 794 1864 Ὠκεανοῦ.

200 1894 301 1953 livill.
317 1889 505 1958 Σκεδασθέντες
519 1891 545 1948 δέ
562 1891 629 1949 κατὰ
639 1893 686 1963 τὴν
696 1892 782 1967 ρυγὴν
796 1895 820 1952 οί
836 1891 884 1969 μέν
899 1896 935 1960 εἷς

162 1980 269 2061 Κρήτην
283 1981 415 2051 ἀπῆλθον,
434 1980 458 2037 οί
476 1980 502 2038 δὲ
518 1983 569 2037 τῶν
587 1980 731 2039 Κυκλάδων
755 1980 841 2052 νήσων
864 1980 937 2048 τινθς

161 2069 299 2148 κατέσχον,
310 2070 334 2127 oi
346 2069 372 2124 δέ
380 2065 426 2138 τὴν
437 2067 496 2146 περὶ
505 2069 548 2125 τὀν
560 2064 701 2146 Ὄλυμπόν
714 2092 741 2126 τε
753 2068 798 2128 καί
810 2070 856 2140 τὴν
868 2065 937 2129 Ὀσ·

108 2178 135 2217 tn
161 2182 226 2234 σαν,
238 2155 401 2231 καλουμένην
414 2156 436 2213 δ’
451 2153 618 2216 Ἑστιαιῶτιν
634 2153 754 2235 ᾤκησαν,
769 2157 844 2223 ἄλλοι
860 2158 885 2215 δ’
899 2156 935 2225 είς

159 2271 189 2307 τε
204 2243 332 2306 Βοιωτίαν
345 2243 390 2304 καί
406 2244 518 2302 Φωκίδα
529 2243 574 2301 καί
586 2242 702 2303 Eribolon
718 2244 930 2322 διεκομίσθησαν·

160 2339 185 2394 οί
206 2333 230 2392 δ’
246 2335 282 2399 είς
296 2331 343 2408 τῂν
356 2329 446 2391 Ἀσίαν
465 2329 652 2408 περαιωθέντες
666 2334 713 2400 τῆς
732 2332 792 2408 περὶ
809 2334 852 2390 τόν
867 2331 944 2397 Ἒλ-,

161 2424 312 2496 λήσποντον
327 2420 460 2499 παραλίου
475 2419 560 2476 πολλὰ
574 2422 659 2496 χοιρία
672 2418 811 2498 κατέσχον,
826 2421 937 2479 καὶτῶν

162 2510 366 2589 παρακειμένων
388 2509 455 2586 αὐτῇ
469 2506 557 2577 νήσων
581 2507 662 2572 ἄλλος
677 2530 705 2565 τε
720 2506 817 2586 συχνὰς
831 2510 877 2567 καῖ
890 2507 937 2579 τὴν

107 2626 133 2663 οε
162 2605 212 2657 νῦν
235 2594 402 2673 καλουμένην
429 2593 542 2666 Λέσθον,
567 2595 755 2675 ἀναμιχθέντες
770 2603 823 2660 τοῖς
844 2599 873 2655 ἐκ
893 2601 939 2668 τῆς

161 2681 296 2751 Ἑλλάδος
313 2685 449 2743 στέλλουσι
472 2682 520 2752 τὴν
539 2682 647 2761 πρώτην
663 2683 786 2742 ἀποικίαν
803 2685 839 2751 είς
858 2683 938 2756 αὐτὴν

159 2778 272 2855 οῖγοντος
285 2773 413 2852 Μάκαρος
430 2777 477 2831 τοῦ
493 2771 629 2852 ίίριασίου.
671 2771 711 2830 Τὸ
720 2770 747 2830 δέ
758 2774 879 2833 πλεῖστον
895 2776 939 2832 αύ-

158 2870 212 2925 xiiis
229 2861 308 2942 μέρος
329 2861 371 2920 διὰ
386 2865 434 2932 τῆς
449 2859 588 2938 μεσογείου
607 2860 766 2939 τραπόμενοι
793 2861 858 2926 πὸς
880 2861 938 2929 τοθς

160 2957 187 3012 ἐν
203 2951 319 3028 Δωδώνη
331 2953 518 3016 κατοικοῦντας
537 2951 608 3029 ορῶν
635 2957 780 3027 συγγενεῖς,
803 2886 840 3016 οίς
854 2951 937 3017 οὐθείς

105 3074 133 3110 γγ,
158 3042 232 3113 ἠξίου
255 3040 369 3116 πόλεμον
386 3037 518 3117 ἐπιρέρειν
532 3040 571 3103 ὡς
584 3038 682 3116 ίεροῗς,
707 3039 800 3118 χρόνον
820 3035 867 3115 μέν
879 3060 937 3095 τινα

159 3130 308 3208 σύμμετρον
323 3125 412 3184 αὐτόθι
425 3123 575 3205 διέτριψαν·
591 3124 649 3184 ἐπεὶ
674 3124 701 3184 δέ
723 3124 837 3202 λυπηροὶ
851 3129 938 3193 αὐτοῖς

157 3219 228 3285 ὄντες
244 3216 403 3296 ᾐσθάνοντο,
421 3216 471 3292 οὐχ
485 3216 578 3283 ἱκανῆς
601 3211 680 3285 οὔσης
700 3212 818 3279 ἅπαντας
834 3213 936 3291 τρέμειν

159 3311 206 3377 τῆς
220 3308 283 3383 γ’ἧς,
303 3303 453 3363 ἐκλείπουσι
467 3300 515 3373 πέμ
538 3300 629 3380 χώραν
656 3306 772 3381 χρησμῷ
789 3302 937 3377 πειθόμενοι

159 3395 290 3454 κελεύοντι
301 3394 374 3451 πλεῖν
390 3393 425 3456 είς
436 3388 563 3461 Ἰταλίαν,
576 3389 593 3461 ἢ
604 3391 663 3448 τότε
677 3389 807 3468 Σατορνία
822 3387 935 3466 ἐλέγετο.

103 3512 129 3549 τι.
162 3477 430 3553 Κατασκουασοίμενοι
440 3475 465 3536 δέ
476 3482 537 3542 ναῦς
546 3474 645 3543 πολλάς
655 3475 874 3555 περαιοῦνταιτὸν
886 3476 937 3537 'lo'-

162 3591 234 3637 νιον,
252 3565 368 3634 σπουδὴν
386 3561 433 3640 μέν
446 3564 595 3640 ποιούμενοι
609 3569 661 3623 τῶν
677 3564 784 3641 ἔγγιστα
800 3570 846 3637 τῆς
864 3563 935 3623 Ἰτα·

161 3655 220 3720 λίας
232 3651 349 3732 ἅψασθαι
363 3651 483 3731 χωρίων·
500 3651 592 3711 ὑπὸδὲ
619 3650 703 3710 νοτίου
725 3649 872 3727 πνεύματος
892 3654 937 3710 καῖ

161 3740 269 3821 ἀγνοίας
282 3743 335 3799 τῶν
346 3739 433 3798 τόπων
445 3740 631 3820 μετεωρότεροι
645 3739 800 3818 ἐνεχθέντες,
815 3740 859 3798 καί
873 3740 937 3819 πρὸς

159 3835 197 3910 τῷ
212 3831 249 3889 ἐνί
263 3832 315 3887 τῶν
336 3833 381 3887 τοῦ
402 3827 493 3889 Πάδου
517 3829 655 3904 στομάτων
677 3829 848 3907 θρμιοάμενοι
864 3829 935 3886 Σπι-

103 3938 130 3976 su
160 3924 218 3991 νῆτι
241 3916 411 3999 καλουμένῳ,
427 3920 489 3984 ναῦς
510 3914 558 3992 μέν
584 3916 667 3994 ταύτῃ
690 3914 877 3974 καταλείπουσι
892 3915 936 3974 καί

160 4008 202 4066 τόν
220 4006 317 4077 ἥκιστα
339 4007 481 4083 δυνάμενον
504 4007 681 4085 ταλαιπωρεῖν
702 4002 797 4084 ὄχλον,
818 4005 936 4086 ρυλακὴν

158 4096 236 4154 aleco
253 4091 484 4167 κατασπείσαντες,
503 4096 539 4160 ὡς
561 4092 644 4173 έχοιεν
672 4094 694 4151 εἷ
722 4091 759 4167 μὴ
783 4092 935 4173 προχωροίη

158 4184 232 4265 σρίοι
255 4182 289 4242 τά
316 4182 462 4262 πράγματα
484 4181 650 4262 καταρογήν.
694 4181 748 4242 Καὶ
763 4183 786 4238 οί
808 4181 854 4257 μὲν
873 4184 936 4239 ὑπο·

159 4272 294 4351 μείναντες
308 4271 334 4327 έν
353 4270 438 4351 τούτῳ
463 4273 502 4349 τῷ
529 4270 638 4349 χωρίῳ,
658 4277 744 4348 τεῖχος
770 4273 808 4348 τῷ
824 4290 935 4348 στρατο-

103 4368 129 4407 ⁴5
158 4360 230 4437 πέδῳ
252 4356 457 4436 περιύαλόμενοι
481 4358 527 4416 καί
551 4361 607 4422 ταῖς
628 4359 721 4415 ναυσίν
738 4355 936 4432 εἰσκομίσαντες

157 4447 204 4514 τίις
222 4449 259 4513 εἰς
272 4447 316 4504 τὸν
333 4445 387 4525 βίον
404 4446 541 4525 εὐπορίας,
555 4445 645 4518 ἐπειδὴ
664 4444 734 4504 κατὰ
752 4445 860 4521 γνώμην
877 4444 935 4503 ἐδύ-

157 4557 197 4593 κει
211 4537 298 4602 αὐτοῖς
313 4542 409 4613 χωρεῖν
423 4532 456 4592 τδι
470 4535 630 4614 πράγματα,
649 4534 724 4591 πόλιν
739 4531 844 4590 ἔκτισαν
860 4531 935 4609 όμόν-

158 4644 237 4698 νυμον
255 4626 294 4700 τῷ
316 4620 429 4695 στόματι
447 4625 492 4679 τοῦ
508 4625 648 4698 ποταμοῦ·
663 4620 811 4699 εὐτύχησάν
833 4641 861 4676 τε
879 4619 934 4695 μά-

157 4710 235 4768 λιστα
249 4713 300 4767 τῶν
315 4710 374 4788 περί
387 4710 430 4768 τὸν
443 4708 533 4768 Ἰόνιον
544 4709 683 4767 οἰκούντων
693 4712 936 4786 θαλαττοκρατοῦν-

103 4800 131 4838 ⁶⁰
158 4820 200 4863 τες
209 4797 270 4877 ἄχρι
283 4798 391 4869 πολλοῦ,
406 4797 451 4855 καί
468 4797 578 4864 δεκάτας
596 4800 632 4862 εἷς
651 4796 766 4878 Δελροίις
784 4799 880 4872 είνῆγυν
896 4799 934 4877 τῷ

158 4889 209 4965 θεῷ
227 4884 291 4962 [καί]
306 4887 357 4941 τῶν
369 4883 423 4943 ἀπὸ
429 4887 475 4954 τῆς
486 4884 616 4952 θαλάττης
624 4885 769 4964 ὠρελειιῦν,
777 4883 851 4962 είπερ
865 4881 933 4950 τινές

158 4974 201 5032 καί
217 4972 311 5044 ἄλλοι,
327 4971 525 5052 λαμπροτάτας.
567 4969 698 5050 Ὕστερον
714 4972 815 5047 μέντοι,
831 4971 934 5050 μεγείλγ·Ι

157 5061 227 5142 χειρί
237 5063 289 5118 τῶν
303 5059 510 5138 προσοικούντων
523 5059 664 5140 βαρὸάρων
675 5058 933 5140 ἐπιστρατευσάντων

156 5151 253 5222 αὐτοῖς,
267 5149 383 5218 ἐξέλιπον
390 5145 437 5222 τλν
449 5149 533 5208 πολιν·
546 5149 570 5207 σί
578 5146 605 5207 δέ
617 5147 747 5229 βάρύαροι
759 5145 827 5226 μετδι
838 5144 931 5228 χρόνον

996 489 1137 548 concubuit,
1155 494 1185 542 nl
1205 492 1296 542 tabulis
1320 494 1438 557 proditur.
1471 497 1594 561 &niaque
1620 506 1772 565 postestate

997 579 1164 642 Peloponneso
1196 581 1289 643 relicta,
1316 583 1339 631 iu
1361 588 1452 634 terrem
1482 599 1538 647 quaa
1563 590 1623 638 tunc
1645 594 1772 646 lloernonla

996 672 1173 736 appellabatur,
1195 687 1259 723 nuuc
1275 688 1333 724 vero
1349 677 1475 727 Thessalia
1491 683 1610 739 uocatur,
1626 683 1770 745 migrarunt,

997 763 1103 815 colonias
1117 769 1200 814 aulem
1211 764 1290 815 duces
1299 771 1371 816 erant
1381 767 1487 818 Achaeus
1494 773 1519 819 et
1529 770 1634 821 Phthius
1645 775 1770 837 Pelasgus-

995 869 1053 918 que,
1070 855 1173 907 larissae
1191 859 1216 907 el
1237 859 1343 921 Neptuni
1356 859 1398 909 tilii
1419 862 1524 925 :quiin
1544 864 1697 914 Haemoniam
1713 881 1770 931 pro·

996 950 1052 1001 tecti
1071 950 1191 1001 barbaros
1208 953 1261 1002 etus
1282 958 1354 1004 terrra
1366 955 1456 1006 incolas
1470 959 1632 1022 expulerunt,
1646 943 1672 1010 el
1685 976 1771 1024 agrum

994 1043 1114 1094 trifariam
1126 1044 1280 1105 diuiserunt,
1302 1059 1394 1110 easque
1415 1052 1527 1112 partesa
1544 1052 1644 1103 coloniae
1664 1054 1771 1124 ducibus

994 1136 1122 1187 Phthiotin
1147 1141 1174 1188 et
1199 1139 1317 1189 hollaiam
1347 1144 1372 1190 et
1397 1142 1542 1205 Pelasgiotin
1568 1144 1766 1200 denominarent.

995 1229 1057 1279 Cum
1085 1233 1166 1279 autem
1198 1232 1307 1296 quinque
1330 1236 1420 1282 aetates
1441 1233 1475 1283 ibi
1497 1237 1656 1297 mansissent,
1677 1241 1768 1303 qubus

993 1329 1023 1378 arl
1040 1341 1162 1379 summam
1175 1328 1314 1380 felicitatem
1336 1331 1444 1394 provecti
1460 1336 1531 1394 sunt,
1553 1333 1649 1385 tructus
1662 1350 1693 1385 ex
1709 1351 1770 1401 prce-

992 1422 1151 1473 slantissimis
1161 1422 1295 1473 Thessalia
1308 1424 1402 1486 campis
1414 1424 1583 1489 percipientes,
1598 1428 1665 1478 circa
1677 1431 1771 1479 sertam

992 1518 1090 1564 [atatem
1102 1513 1159 1563 inde
1173 1514 1269 1579 expulsi
1282 1519 1340 1563 sunt
1356 1529 1370 1564 a
1387 1516 1517 1566 Curetibus
1533 1521 1558 1568 et
1576 1517 1713 1581 Lelcpibus,
1727 1524 1770 1585 qni

993 1622 1057 1657 nurrc
1068 1608 1141 1658 AEloli
1150 1612 1175 1657 et
1184 1608 1255 1658 Locri
1267 1613 1394 1668 rorantur,
1402 1608 1504 1673 aliisque
1516 1610 1600 1661 multis
1607 1613 1717 1663 Parnassi
1726 1626 1770 1663 ac·

992 1700 1060 1760 eolis,
1074 1699 1152 1749 ductu
1160 1701 1314 1751 Deucalionis
1323 1701 1365 1750 tilii
1376 1702 1514 1752 Promethei
1525 1707 1550 1752 et
1558 1702 1686 1765 Clymenes
1693 1710 1769 1755 Ocea·
1813 1712 1820 1729 ¹

992 1792 1015 1842 ni
1031 1792 1097 1843 hiim.

1024 1891 1115 1939 lll'lll.
1134 1892 1196 1942 Cum
1214 1892 1296 1939 autern
1306 1889 1330 1938 in
1343 1889 1395 1953 ipsa
1413 1889 1468 1952 iupa
1487 1890 1665 1955 dissiparentur
1677 1892 1718 1943 alii
1729 1906 1770 1944 eo·

996 2004 1053 2040 runi
1072 1991 1096 2039 iu
1110 1991 1208 2041 Crclaru
1222 1989 1334 2039 abierunt
1352 2012 1357 2039 :
1373 1991 1414 2039 alii
1435 1991 1566 2053 cycladum
1580 1992 1707 2042 nonnullas
1726 2007 1769 2043 oe·

992 2093 1112 2154 cuparunl
1132 2109 1139 2138 ε
1158 2089 1198 2140 alii
1219 2090 1284 2139 circa
1295 2090 1427 2154 olympum
1442 2093 1468 2140 el
1485 2093 1572 2140 (issam
1587 2091 1612 2140 iu
1628 2105 1658 2141 ca
1673 2091 1770 2154 regione

991 2202 1048 2253 qum
1065 2189 1207 2239 llestheotis
1218 2188 1404 2240 rocelursedes
1421 2192 1557 2253 posueruut
1575 2210 1581 2239 :
1596 2190 1636 2241 alii
1653 2191 1677 2239 in
1697 2192 1768 2241 Boeo·
1813 2214 1817 2219 ·

993 2290 1069 2349 tiam,
1093 2289 1245 2351 Phocidem,
1266 2290 1384 2340 Euboan
1405 2290 1480 2340 delati
1501 2294 1560 2340 sont
1574 2313 1581 2341 ι
1596 2291 1645 2350 alii,
1665 2304 1722 2341 cum
1745 2293 1770 2342 in

992 2390 1074 2441 Asiarn
1098 2390 1262 2448 traiecissent,
1284 2391 1350 2441 circa
1373 2391 1559 2456 Hellespontum
1586 2393 1665 2443 inulla
1687 2395 1766 2444 ruari-

992 2492 1051 2541 tima
1071 2491 1126 2540 loca
1142 2496 1302 2555 occuparunt,
1316 2495 1342 2541 et
1364 2506 1395 2542 ex
1419 2492 1504 2543 insulis
1526 2493 1697 2544 adiaceulibua
1710 2508 1768 2545 curn

992 2586 1084 2636 mullas
1096 2586 1165 2645 allas,
1185 2589 1240 2637 turn
1252 2601 1306 2636 earn
1319 2601 1375 2651 quae
1386 2602 1451 2637 nunc
1463 2588 1554 2638 Iaesbos
1572 2594 1682 2654 uocatur,
1696 2589 1768 2641 mixti

992 2693 1092 2754 Graecis,
1113 2692 1154 2757 qui
1183 2693 1286 2756 primaru
1309 2692 1429 2742 coloniam
1449 2694 1529 2743 ductu
1553 2694 1658 2744 linearis
1680 2695 1768 2745 criasii

991 2795 1033 2845 filii
1046 2809 1075 2847 eo
1095 2795 1258 2846 deducebant.
1292 2795 1339 2846 Sed
1356 2810 1414 2846 curu
1426 2799 1534 2846 maxima
1555 2809 1640 2847 eorum
1653 2811 1712 2860 pars
1723 2811 1767 2860 per

991 2899 1045 2948 loca
1057 2897 1238 2948 mediterranea
1251 2911 1278 2948 se
1300 2898 1442 2948 contulisset
1455 2897 1487 2947 ad
1504 2898 1642 2947 Dodonaeos
1658 2898 1768 2962 ipsorum

991 3004 1115 3063 cognatos,
1124 2999 1214 3064 quibus
1224 3003 1252 3050 nl
1263 3000 1534 3051 sanctionemobellnm
1548 3001 1637 3051 interre
1646 3000 1683 3051 ias
1691 3000 1767 3051 duce·

991 3107 1042 3167 hal,
1052 3107 1178 3158 modicum
1189 3105 1314 3170 quoddam
1323 3111 1422 3171 tempus
1434 3107 1466 3157 ibi
1480 3110 1538 3157 sunt
1546 3108 1687 3158 commorati
1703 3126 1710 3156 ι
1725 3106 1768 3156 sed

991 3208 1034 3259 nbi
1057 3222 1100 3258 eos
1122 3221 1137 3257 a
1160 3221 1187 3257 se
1203 3208 1299 3271 gravari
1314 3210 1456 3267 senserunt,
1481 3207 1547 3270 quod
1572 3211 1637 3258 terra
1656 3206 1768 3255 omnibus

992 3310 1087 3360 alendis
1099 3324 1146 3360 non
1159 3309 1299 3371 snihceret,
1309 3321 1364 3359 eam
1384 3309 1506 3372 regionem
1519 3308 1678 3370 reliquerunt,
1691 3306 1767 3356 seculi

991 3414 1129 3474 oraculum,
1143 3427 1192 3474 quo
1205 3411 1355 3463 iubebantur
1367 3414 1391 3461 in
1403 3412 1566 3473 Italiamque
1581 3414 1640 3459 tuuc
1653 3409 1767 3458 Saturnia

990 3514 1127 3565 vocabatur
1141 3515 1262 3576 navigare.
1296 3516 1379 3572 Quare
1388 3511 1479 3577 paratis
1489 3509 1572 3560 mullis
1583 3507 1767 3558 naribus⁰ruare

992 3617 1087 3666 lonium
1115 3616 1277 3674 traiecerunt,
1298 3627 1366 3663 oraru
1392 3613 1528 3677 proximam
1549 3611 1623 3660 ltaliae
1649 3609 1766 3671 attingere

991 3715 1183 3765 contendentes:
1200 3714 1242 3763 sod
1261 3715 1293 3765 ab
1307 3719 1391 3764 austro
1404 3714 1514 3764 locorum
1529 3712 1605 3775 ignari
1618 3713 1643 3760 in
1654 3712 1764 3776 superio·

991 3829 1044 3866 rem
1054 3819 1150 3878 partem
1157 3815 1239 3877 delati,
1246 3815 1278 3866 od
1286 3830 1361 3866 unum
1369 3816 1429 3866 Padi
1438 3815 1539 3876 ostium,
1549 3815 1673 3878 spinctum
1684 3815 1764 3878 appel·

989 3919 1083 3970 lalurm
1099 3918 1260 3982 appulerunt,
1270 3920 1295 3968 et
1307 3930 1382 3968 nares
1392 3917 1416 3965 in
1425 3917 1472 3965 hoc
1486 3915 1539 3978 ipso
1547 3916 1603 3965 loco
1615 3914 1767 3978 reliquerunt

989 4023 1136 4084 turbamque
1154 4020 1280 4071 laboribus
1296 4018 1402 4072 terendis
1415 4019 1515 4067 minime
1531 4030 1629 4080 parem,
1649 4013 1766 4066 collocato

992 4124 1024 4175 ibi
1037 4123 1160 4187 praesidio,
1176 4125 1204 4172 ut
1214 4123 1234 4170 si
1245 4135 1286 4172 res
1301 4120 1348 4171 sibi
1361 4121 1444 4170 miuus
1464 4117 1623 4169 succederent
1645 4117 1766 4180 retugium

989 4226 1113 4276 baberent.
1148 4224 1197 4283 Qui
1222 4237 1280 4273 vero
1307 4224 1331 4272 in
1353 4235 1383 4272 eo
1408 4220 1463 4271 loeo
1485 4222 1668 4271 remanserunt.
1684 4220 1766 4267 castra

988 4326 1068 4377 muris
1080 4328 1212 4377 cinxerunt
1233 4328 1258 4375 et
1277 4338 1316 4374 res
1333 4321 1367 4373 ad
1384 4322 1477 4373 ricturu
1496 4320 1647 4372 necessarias
1662 4316 1766 4367 naribus

989 4428 1086 4480 abunde
1099 4429 1278 4492 importarunl3
1293 4428 1377 4489 alque,
1391 4438 1448 4475 cnm
1463 4437 1503 4473 res
1517 4436 1548 4474 ex
1560 4421 1634 4471 animi
1647 4417 1766 4470 sententia

989 4531 1035 4580 sihi
1050 4530 1181 4580 succedere
1202 4528 1383 4588 existimarent,
1407 4526 1493 4575 urbem
1515 4524 1578 4572 ostio
1592 4519 1701 4570 huminis
1722 4530 1765 4568 co·

988 4632 1126 4696 gnominem
1151 4630 1324 4689 condiderunt,
1345 4630 1369 4677 et
1385 4624 1571 4676 fortunatissimi
1596 4624 1693 4672 inerunt
1710 4633 1764 4668 om·

989 4735 1058 4784 nium
1071 4732 1139 4781 sinus
1151 4731 1213 4781 lonii
1227 4730 1382 4789 accolarum,
1396 4727 1440 4777 diu
1451 4726 1527 4775 maris
1536 4721 1665 4785 imperium
1679 4723 1764 4767 tenen·

989 4843 1040 4902 les,
1063 4842 1090 4888 et
1112 4837 1221 4888 decimas
1242 4850 1273 4885 cx
1288 4833 1417 4883 maritimis
1440 4828 1601 4895 proventibus
1619 4824 1640 4872 si
1659 4822 1701 4885 qui
1722 4821 1765 4872 alii

989 4942 1199 5009 splendidissimas
1218 4941 1326 5004 Delphus
1338 4939 1384 4989 deo
1397 4935 1534 4987 mittebant.
1575 4931 1665 4978 Postea
1680 4932 1763 4977 tamen

988 5058 1045 5095 curn
1060 5042 1158 5094 barbari
1178 5040 1270 5091 accolas
1296 5051 1382 5100 magna
1403 5045 1479 5083 manu
1497 5030 1588 5079 bellum
1607 5026 1643 5076 eis
1668 5026 1765 5075 intulis·

990 5153 1057 5214 sent,
1077 5149 1165 5201 nrbern
1183 5146 1345 5198 deseruerunt
1366 5160 1373 5192 ε
1390 5136 1487 5189 barbari
1505 5147 1565 5186 τετυ
1580 5135 1665 5195 postea
1685 5134 1760 5183 allo·
