3772 5828
171 358 232 416 eut

171 488 201 546 τὸ
212 485 327 567 ἀσφαλές
339 489 393 552 τοῖς
407 493 530 565 γεωργοῖς
549 483 674 564 παρέχειν
697 483 886 559 δυνησομένους
899 487 948 564 ὄχ-

172 581 230 642 θους
245 573 416 656 κρησφύγετα
439 575 650 643 κατεσκεύασεν,
667 570 835 644 Ἑλληνικοῖς
851 572 951 649 ὀνόμα-

173 686 214 721 σιν
226 661 293 721 αὖτδι
312 665 399 721 καλῶν
416 662 537 738 Πάγους,
551 660 612 719 ἔνθα
631 659 784 738 συνέφευγον
804 662 833 719 ίκ
847 663 899 719 τῶν
918 663 951 718 ά-

172 753 243 831 γρῶν
255 751 381 822 ἅπαντες,
394 750 472 808 ὁπότε
485 752 585 827 γένοιτο
600 748 733 825 πολεμίων
746 745 847 826 ἔφοδος,
860 747 906 807 καί
917 746 952 807 τά

133 871 147 907 5
172 840 259 898 πολλὰ
287 838 478 914 διενυκτέρευον
507 839 628 897 ἐνταῦθα.
681 835 820 915 Ἄρχοντες
849 836 877 896 δέ
906 836 952 896 καί

172 926 271 988 τούτοιν
286 919 367 999 ἦσαν,
383 919 420 992 οἶς
432 925 554 995 ἐπιμελές
568 926 665 1004 ἐγένετο
683 927 715 985 τά
729 924 752 983 τ’
767 925 885 1001 ὀνόματα
900 929 951 984 τῶν

173 1022 295 1096 γεωργῶν
307 1016 415 1086 εἰδέναι,
428 1017 479 1072 τῶν
494 1017 686 1074 συντελούντων
700 1014 788 1079 είςτδν
804 1016 884 1074 αὐτὸν
898 1017 953 1074 πά·

172 1127 235 1183 γον,
253 1104 298 1162 καί
320 1104 367 1169 τὰς
384 1105 504 1175 κτήσεις,
521 1106 547 1161 ἐν
570 1094 641 1170 αἶςό
666 1102 720 1180 βίος
742 1103 827 1163 αὐτῶν
841 1095 884 1175 in·
906 1102 953 1163 καί

172 1194 250 1252 ὁπότε
264 1191 341 1272 χρεία
353 1191 466 1271 γένοιτο,
481 1194 523 1251 ἐπὶ
539 1190 572 1249 τδι
581 1189 652 1251 ὅπλα
659 1189 719 1258 τοὺς
731 1194 849 1273 χωρίτας
862 1195 953 1252 καλεῖν

122 1309 148 1351 to
172 1281 190 1354 ἢ
214 1282 359 1362 χρημάτων
382 1281 503 1362 είσφορέις
520 1283 580 1340 κατ’
596 1282 678 1361 ἄνδρα
692 1280 822 1362 ἐκλέγειν,
835 1273 906 1342 οθτοι
919 1282 954 1342 τά

172 1395 201 1431 τε
226 1373 339 1448 σώματα
358 1376 469 1449 συνῆγον
491 1371 536 1428 καὶ
561 1370 595 1429 τά
616 1370 744 1450 χρήματα
768 1371 952 1453 εἰσέπραττον.

171 1456 233 1519 Ἵνα
244 1461 271 1518 δὲ
289 1460 334 1518 καί
348 1459 477 1530 τούτωνὴ
492 1457 591 1529 πληθὺς
606 1459 644 1534 μὴ
660 1459 820 1538 δυσεύρετος,
841 1458 953 1519 άλλέθ·

173 1547 291 1624 λόγιστος
303 1538 320 1626 ᾖ
335 1549 380 1605 καὶ
394 1546 508 1627 φανερά,
521 1545 625 1625 βωμούς
635 1548 769 1606 ἐκέλευσεν
781 1549 867 1614 αὐτοῖς
877 1544 954 1627 ἱδρύ-

175 1639 272 1693 σασθαι
285 1639 349 1694 θεῶν
371 1637 523 1696 ἐπισκόπων
539 1634 627 1693 τεκαὶ
642 1634 768 1716 φυλάκων
788 1640 835 1693 τοῦ
851 1634 955 1713 πάγου,

123 1756 149 1796 ις
176 1722 219 1791 οθς
228 1724 302 1793 ἔταξε
312 1725 415 1802 θυσίαις
425 1732 523 1791 κοιναῖς
533 1724 664 1804 γεραίρειν
676 1727 734 1783 καθ’
747 1722 856 1783 ἕκαστον
873 1725 956 1782 ένιαυ·

174 1814 218 1871 τὸν
238 1812 295 1890 ἅμα
316 1814 537 1892 συνερχομένους,
553 1811 645 1892 ἑορτήν
666 1834 726 1870 τινα
747 1812 793 1871 καί
814 1809 912 1885 ταύτην
928 1812 955 1869 έν

174 1906 228 1970 τοῖς
252 1903 322 1961 πάνυ
344 1903 435 1977 τιμίαν
461 1900 716 1977 καταστησάμενος,
740 1898 775 1959 τὰ
802 1898 956 1978 καλούμενα

175 1989 349 2068 Παγανάλια·
365 1989 411 2048 καί
427 1987 521 2066 νόμους
545 1986 610 2067 ὑπὲρ
625 1991 677 2047 τῶν
691 1991 769 2068 ἱερῶν
787 1986 900 2061 τούτων,
912 1985 956 2055 οὓς

176 2081 214 2140 ἔτι
232 2078 274 2138 δεδι
289 2082 408 2160 φυλακῆς
422 2079 515 2158 έχουσι
533 2077 676 2154 Ῥωμαῖοι,
696 2078 866 2159 συνέγραψεν.
909 2079 957 2147 Εἷς

122 2200 151 2240 20
175 2168 203 2227 δὲ
212 2169 260 2241 τῆν
269 2168 358 2228 θυσίαν
367 2166 466 2240 ταύτην
476 2166 521 2225 καὶ
532 2167 579 2238 τὴν
588 2163 693 2225 σύνοδον
705 2165 826 2234 άπαντας
834 2164 956 2225 ἐκέλευσε

174 2256 234 2323 τοὺς
254 2256 404 2334 ὁμοπάγους
423 2253 493 2314 κατά
505 2255 622 2336 κεφαλὴν
633 2253 780 2334 ὡρισμένον
799 2253 919 2332 νόμισμά
930 2279 956 2314 τι

177 2347 367 2424 συνεισφέρειν,
383 2343 470 2422 ἕτερον
487 2344 535 2421 μέν
547 2369 572 2403 τι
587 2343 647 2412 τοὺς
660 2343 772 2424 ἄνδρας,
786 2344 874 2422 ἕτερον
888 2346 916 2406 δέ
930 2370 956 2406 τι

177 2431 224 2499 τάς
240 2434 376 2511 γυναῖκας,
392 2433 458 2492 ἄλλο
477 2432 542 2493 δέτι
556 2433 615 2502 τοὺς
635 2432 761 2505 εἰνήύους·
783 2433 809 2502 ἐξ
828 2425 857 2493 οθ
878 2458 957 2493 συνα·

178 2520 346 2603 ριθμηθέντος
356 2522 406 2580 ὑπὸ
413 2524 465 2580 τῶν
477 2523 659 2600 ἐφεστηκότων
671 2532 724 2590 τοῖς
736 2525 813 2603 ἱεροῖς
822 2525 956 2602 φανερὸςθ

123 2631 152 2672 as
178 2613 230 2670 τῶν
243 2610 389 2693 ἀνθρώπων
404 2610 513 2690 άριθμὸς
527 2612 626 2689 ε’γίνετο
636 2613 705 2671 κατὰ
715 2611 777 2690 γένη
791 2636 821 2671 τε
836 2614 882 2672 καὶ
897 2612 956 2672 καθ’

178 2700 294 2771 ἡλικίας.
337 2698 387 2766 Ὡς
402 2700 429 2759 δέ
449 2701 553 2760 Πείσων
568 2701 677 2768 Λεύκιος
692 2703 719 2759 ἐν
736 2706 770 2781 τῇ
794 2702 888 2781 πρώτῃ
902 2704 954 2760 τῶν

179 2789 317 2849 ἔνιαυσίων
335 2789 506 2872 Ἀναγραφῶν
526 2793 643 2870 ίστορεῐ,
662 2792 822 2871 βουλόμενος
835 2792 881 2850 καὶ
905 2795 957 2850 τῶν

179 2882 207 2939 έν
221 2879 295 2937 ἄστει
310 2877 496 2959 διατριδόντων
510 2879 541 2937 τδ
552 2882 651 2950 πλῆθος
664 2879 774 2951 εἰδέναι,
785 2884 838 2939 τῶν
852 2903 883 2940 τε
897 2903 958 2958 γεν-

110 3004 112 3008 ‚
179 2964 303 3044 νωμένων
327 2967 374 3027 καλ
397 2971 449 3027 τῶν
466 2968 671 3045 ἀπογινομένων,
685 2968 795 3026 καὶτῶν
811 2969 847 3032 εἷς
861 2969 958 3046 ἄνδρας

125 3084 154 3125 30
180 3056 400 3138 ἐγγραφομένων,
416 3055 506 3125 ἔταξεν
525 3053 585 3117 ὅσον
598 3057 650 3114 ἔδει
663 3056 784 3132 νόμισμα
797 3061 957 3136 καταφέρειν

179 3146 247 3226 ὑπὲρ
261 3146 374 3205 ἑκάστου
387 3145 451 3212 τοὺς
465 3145 658 3225 προσήκοντας,
675 3146 710 3210 είς
726 3144 774 3222 μὲν
788 3144 832 3204 τὸν
850 3149 897 3216 τῆς
912 3148 960 3206 Et-

83 3230 84 3237 *
178 3235 293 3301 λειθυίας
305 3236 447 3314 θησαυρόν,
458 3235 491 3307 ἣν
505 3231 873 3314 ῬωμαῖοικαλοῦσινἭραν
888 3257 960 3314 φωσ-

179 3324 272 3405 φόρον,
287 3323 353 3402 ὑπὲρ
368 3326 419 3380 τῶν
441 3322 625 3401 γεννωμένων·
649 3325 684 3389 εἰς
703 3321 731 3381 δὲ
745 3321 789 3382 τὸν
802 3327 850 3394 τῆς
867 3321 960 3404 Ἀφρο-

180 3413 263 3484 δίτης,
276 3419 323 3485 τῆς
335 3415 361 3471 ἐν
379 3411 455 3471 άλσει
470 3412 677 3493 καθιδρυμένης,
688 3411 720 3483 ῆν
735 3412 959 3493 προσαγορεύουσι

124 3512 153 3550 ³³
180 3502 333 3575 Λιόιτίνην,
360 3501 425 3582 ὑπὲρ
447 3504 498 3560 τῶν
522 3499 738 3579 ἀπογενομένων·
755 3503 790 3570 είς
806 3499 833 3561 δέ
848 3502 892 3560 τὸν
913 3506 960 3574 τῆς

180 3592 312 3663 Νεότητος
328 3588 393 3666 ὑπὲρ
410 3593 461 3650 τῶν
477 3594 513 3657 είς
528 3594 622 3670 άνδρας
636 3591 790 3670 ἀρχομένων
814 3593 960 3650 συντελεῖν·

179 3680 206 3749 ἐξ
215 3672 252 3738 ὧν
265 3680 365 3756 ἤμελλε
378 3679 568 3757 διαγνώσεσθαι
584 3684 641 3738 καθ’
655 3679 766 3739 ἕκαστον
777 3680 893 3740 ἐνιαυτὸν
905 3679 960 3740 ὅσοι

179 3793 208 3828 τε
223 3772 246 3828 οἱ
263 3770 416 3845 σύμπαντες
427 3760 511 3841 ἦσαν,
525 3768 570 3827 καὶ
582 3767 652 3835 τίνες
666 3767 692 3835 ἐξ
712 3771 798 3828 αὐτῶν
813 3770 862 3840 τὴν
877 3792 958 3850 στρα-

180 3854 302 3932 τεύσιμον
318 3856 423 3930 ἡλικίαν
436 3847 517 3935 είχον.
540 3857 636 3916 Ταῦτα
651 3855 896 3931 καταστησάμενος,
908 3855 962 3916 ἐκέ-

135 3963 164 4003 to
181 3947 270 4004 λευσεν
283 3948 400 4013 ἅπαντας
413 3945 563 4023 Ῥωμαίους
574 3943 774 4023 ἀπογράφεσθαί
784 3967 812 4002 τε
822 3945 867 4003 καὶ
877 3954 960 4021 τιμᾶ-

182 4039 244 4093 σθαι
255 4033 301 4101 τδς
311 4033 400 4101 οὐσίας
411 4034 475 4112 πρὸς
487 4034 620 4116 ἀργύριον,
632 4032 781 4110 ὀμόσαντας
793 4032 838 4090 τὸν
849 4033 960 4108 νόμιμον

181 4120 274 4202 ὅρκον,
296 4113 314 4193 ἦ
330 4119 382 4197 μὴν
398 4125 499 4195 τάληθῆ
515 4122 560 4182 καί
580 4123 633 4179 άπὸ
649 4119 748 4186 παντὸς
760 4126 806 4179 τοῦ
824 4120 960 4197 βελτίστου

181 4215 349 4287 τετιμῆσθαι,
365 4213 487 4293 πατέρων
502 4237 532 4272 τε
543 4205 579 4270 ὧν
604 4215 653 4270 είσι
666 4210 829 4290 γράφοντας,
843 4210 888 4268 καί
904 4213 960 4280 ῆλι·

182 4301 243 4361 κίαν
253 4300 286 4373 ἣν
297 4301 389 4380 έχουσι
398 4303 550 4373 δηλοῦντας,
563 4298 688 4378 γυναῖκάς
699 4322 728 4358 τε
740 4299 785 4357 καὶ
797 4300 892 4363 παῖδας
904 4301 961 4357 ὀνο-

126 4415 156 4453 ει
183 4391 322 4467 μάζαντας,
339 4390 385 4448 καὶ
398 4391 422 4446 ἐν
438 4389 487 4447 τίνι
502 4392 670 4448 κατοικοῦσιν
681 4387 788 4446 ἕκαστοι
802 4392 849 4457 τῆς
861 4387 962 4454 πόλεως

182 4480 251 4558 φυλῇ
275 4474 387 4556 ῆπάγῳ
409 4481 455 4546 τῆς
474 4477 562 4559 χώρας
590 4475 789 4556 προστιθέντας·
814 4481 852 4556 τῷ
875 4478 903 4536 δέ
924 4476 961 4555 μὴ

181 4565 356 4646 τιμησαμένῳ
369 4565 497 4644 τιμωρίαν
513 4566 592 4645 ὥρισε
609 4573 658 4640 τῆς
672 4590 701 4625 τε
716 4566 806 4632 οὐσίας
822 4566 960 4646 στέρεσθαι

182 4657 228 4727 καὶΙ
241 4656 317 4715 αὐτὸν
331 4653 530 4732 μαστιγωθέντα
550 4661 697 4734 πραθῆναι·
710 4654 755 4714 καὶ
771 4655 851 4736 μέχρι
863 4657 961 4715 πολλοῦ

183 4747 296 4823 διέμεινε
315 4746 389 4824 παρά
402 4743 548 4821 Ῥωμαίοις
563 4736 634 4812 οὗτος
648 4752 662 4806 θ
674 4747 760 4821 νόμος.

130 4869 158 4908 ιη
223 4839 290 4898 XVI
295 4881 301 4895 .
313 4833 510 4911 Τιμησαμένων
522 4833 549 4891 δὲ
559 4832 676 4904 πάντων,
686 4832 825 4893 ἀναλαίὼν
838 4832 962 4914 τάγραμ·

185 4932 280 4997 ματεῑα
291 4925 336 4983 καὶ
347 4923 466 5002 διαγνοὺς
480 4922 511 4981 τό
521 4945 550 4980 τε
561 4925 658 4995 πλῆθος
669 4925 755 4981 αὐτῶν
767 4922 851 4982 καὶτὰ
864 4923 961 4999 μεγέθη

185 5014 237 5068 τῶν
261 5012 339 5090 βίων,
359 5014 511 5094 σοφώτατον
535 5011 660 5070 ἁπάντων
682 5011 830 5085 πολίτευμα
854 5011 961 5090 εἰσηγῆ-

185 5120 251 5156 σατο
271 5100 316 5157 καί
334 5102 466 5178 μεγίστων
482 5100 625 5177 Ῥωμαίοις
640 5101 745 5177 σἰγαθῶν
768 5096 866 5174 cirros,
880 5100 915 5164 ὡς
928 5097 962 5156 τά

187 5185 250 5269 ἔργα
272 5185 399 5258 έδῆλωσε.
440 5187 480 5248 Τδ
496 5187 523 5247 δέ
547 5188 696 5264 πολίτευμα
716 5182 815 5245 τοιόνδε
829 5175 876 5256 ῆν·
898 5182 961 5262 μίαν

691 349 861 412 DIONYSII
887 349 1268 413 HALICARNASSENSIS
1356 372 1359 377 ·

1004 492 1053 543 loci
1067 497 1155 543 natura
1167 492 1256 543 muniti
1268 492 1385 557 agricolas
1397 493 1469 545 tacite
1477 494 1553 545 tutari
1563 500 1678 559 possent,
1691 500 1785 562 refugia

1004 596 1116 662 pannio,
1126 610 1182 662 quas
1195 598 1283 648 Graeoo
1296 598 1482 661 nominePagos
1493 600 1600 649 vocavit.
1633 601 1687 651 Huc
1696 605 1786 653 contn-

1005 701 1103 766 giebant
1114 714 1146 752 ex
1155 702 1220 763 agris
1234 714 1333 762 ornnes,
1349 715 1406 752 curn
1424 703 1508 752 hostes
1517 704 1694 766 adventarent,
1708 711 1730 757 et
1745 707 1787 758 iric

1008 804 1153 868 pierumque
1161 802 1346 868 pernoctabant.
1380 806 1788 872 florumquoqnepagorumernnt

1006 905 1130 969 magistri,
1141 904 1173 955 ad
1185 918 1293 970 quornm
1304 918 1388 955 curam
1408 906 1545 970 pertinebat
1557 909 1621 959 scire
1633 910 1731 960 nomina
1743 923 1787 960 ro·

1006 1009 1129 1069 tonorum,
1143 1007 1186 1073 qui
1205 1007 1231 1058 in
1246 1007 1333 1058 codem
1346 1021 1408 1072 uago
1432 1009 1636 1071 contribuebent.
1649 1003 1676 1064 ¹et
1696 1016 1790 1078 pradia

1008 1109 1712 1179 undeseaiobant;etquotieeopnsesset‚autrusticosad
1720 1136 1791 1175 arma

1008 1225 1105 1272 uocare,
1124 1215 1168 1263 aut
1180 1215 1295 1277 pecunias
1313 1214 1403 1266 viritim
1423 1217 1534 1282 exigere,
1548 1220 1589 1271 iric
1607 1234 1651 1272 ooo
1667 1237 1789 1276 conuoca-

1008 1317 1067 1367 bant
1079 1320 1104 1367 et
1113 1317 1229 1381 pecunias
1238 1318 1373 1382 erigebant,
1408 1325 1442 1371 ut
1455 1326 1538 1374 autern
1551 1329 1578 1376 et
1587 1328 1718 1380 rusticante
1728 1332 1791 1382 mul·

1008 1419 1121 1471 titudinis
1136 1433 1254 1471 numerus
1270 1420 1339 1472 tacite
1354 1426 1468 1487 cognosci
1483 1429 1508 1476 et
1523 1432 1608 1491 aperte
1620 1430 1674 1480 iniri
1690 1437 1790 1497 posset,

1008 1525 1790 1601 iussiteosdiiatutetaribusetcustodibuspegiarasexstrnere
1820 1574 1824 1597 ,

1007 1645 1071 1696 quaa
1090 1631 1219 1696 quotannis
1240 1631 1367 1682 sacnficiis
1386 1637 1559 1689 communibus
1583 1639 1616 1690 ab
1637 1642 1702 1691 omni
1723 1648 1791 1694 coetu

1009 1735 1123 1786 honorari
1133 1735 1213 1794 iussit,
1227 1735 1299 1785 terias
1308 1737 1429 1799 quamam
1440 1752 1531 1804 easque
1542 1743 1649 1794 maxime
1659 1744 1792 1797 honoratas

1009 1839 1153 1898 instituens,
1165 1851 1222 1903 qne
1236 1842 1356 1890 vocentur
1371 1842 1517 1905 Pagcuatis:
1533 1845 1599 1897 etde
1614 1846 1653 1896 tris
1669 1847 1746 1897 sacris
1759 1847 1792 1899 te·

1008 1956 1061 2008 goa.
1073 1956 1137 2007 quas
1157 1942 1257 1992 Romani
1272 1941 1355 1993 adhuc
1375 1948 1487 2007 servant,
1504 1948 1658 2011 conscripsit.
1693 1949 1731 2000 nd
1745 1951 1793 2001 hoc

1009 2050 1093 2098 autern
1104 2044 1259 2103 sacrificium.
1271 2051 1297 2097 et
1309 2047 1339 2098 ad
1352 2048 1428 2100 istum
1444 2054 1592 2102 conventum
1606 2052 1679 2104 iussit
1690 2068 1791 2115 omnes.

1010 2152 1055 2216 qui
1067 2148 1173 2202 eundem
1183 2164 1272 2214 pagum
1283 2151 1429 2212 incolebant,
1447 2153 1472 2203 in
1486 2152 1582 2216 singula
1600 2155 1681 2217 capita
1694 2159 1792 2206 certum

1010 2256 1134 2321 quendam
1152 2269 1281 2306 nummum
1304 2255 1428 2317 consenc,
1452 2255 1497 2306 scd
1512 2256 1589 2307 atium
1612 2259 1692 2320 viros,
1714 2258 1790 2308 atium

1010 2362 1141 2421 mulieres,
1161 2360 1235 2411 alirnn
1266 2359 1415 2424 impuberes.
1445 2359 1540 2419 Quibus
1564 2360 1725 2413 dinumeratis
1749 2377 1793 2426 per

1011 2450 1136 2518 sacrorum
1150 2463 1268 2528 presides
1275 2463 1416 2529 oppetebat,
1426 2464 1483 2529 quis
1491 2467 1557 2515 essct
1566 2465 1693 2516 hominnm
1703 2480 1792 2518 nnme-

1011 2584 1063 2628 rus,
1078 2570 1239 2632 porsexnset
1253 2565 1540 2631 percutntesdistinctus.
1575 2567 1632 2627 Sed,
1650 2571 1679 2618 ut
1691 2571 1720 2619 L.
1736 2570 1795 2622 Piso

1011 2673 1086 2724 tradit
1095 2673 1120 2723 in
1133 2671 1213 2737 primo
1226 2669 1356 2720 Annalium
1367 2670 1440 2733 libro,
1454 2671 1539 2722 rolens
1550 2671 1613 2722 scire
1623 2672 1717 2738 etquis
1729 2677 1794 2725 esset

1011 2790 1130 2829 numerus
1144 2775 1244 2826 urbanco
1257 2775 1439 2837 multitudiuis,
1457 2777 1486 2826 et
1500 2789 1586 2826 eorum
1598 2775 1641 2841 qui
1660 2776 1794 2828 nasceban-

1013 2886 1054 2932 tur
1069 2882 1095 2930 et
1106 2893 1191 2930 eorum
1200 2878 1242 2941 qni
1257 2876 1432 2933 moriebantur.
1446 2878 1573 2929 eteorum
1588 2877 1667 2942 quiin
1683 2879 1792 2930 virorum

1012 2995 1142 3034 nnmerum
1159 2978 1336 3032 referebantur.
1359 2978 1447 3030 statuit
1467 2981 1554 3044 quanti
1574 2979 1645 3045 pretii
1663 2994 1793 3032 nummum

1013 3102 1057 3154 pro
1070 3084 1171 3149 singulis
1182 3081 1277 3146 cognati
1296 3082 1384 3132 interro
1397 3081 1516 3132 deberent
1528 3096 1555 3132 m
1567 3082 1682 3132 cerarium
1694 3083 1792 3147 tiithyar

1014 3193 1103 3254 (quarn
1122 3184 1225 3236 Romani
1237 3187 1327 3234 vocant
1348 3187 1468 3234 iunonem
1490 3187 1625 3248 Lucinam)
1645 3201 1691 3252 pro
1704 3189 1733 3238 iis
1752 3190 1795 3252 qui

1013 3293 1182 3350 nascerentur3
1199 3291 1224 3339 et
1240 3289 1264 3339 in
1287 3290 1413 3339 cronicam
1426 3290 1530 3340 Veneris
1541 3289 1566 3339 in
1583 3289 1653 3350 luco,
1667 3305 1743 3354 quam
1757 3294 1796 3343 Li·

1015 3399 1117 3453 bitiuam
1127 3397 1281 3461 nuncupant,
1295 3407 1340 3458 pro
1352 3393 1382 3443 its
1392 3393 1434 3456 qui
1447 3394 1610 3453 morireutnr;
1626 3396 1689 3446 etin
1704 3398 1794 3447 turen·

1016 3504 1088 3562 tutis,
1103 3515 1149 3567 pro
1160 3500 1191 3551 iis
1212 3499 1255 3565 (rui
1269 3498 1332 3548 inter
1347 3496 1413 3547 uiros
1434 3497 1523 3548 reicrri
1545 3498 1680 3563 inciperent
1699 3520 1706 3549 :
1730 3501 1797 3551 unde

1014 3608 1158 3673 dignoscere
1178 3605 1274 3668 poterat
1286 3600 1432 3665 quotannis,
1447 3600 1541 3663 etquis
1555 3604 1622 3651 esset
1635 3603 1746 3653 omnium
1763 3605 1797 3655 ci·
1840 3626 1845 3647 ι

1015 3712 1083 3761 rium
1093 3721 1223 3766 uumerus,
1237 3708 1262 3757 et
1274 3705 1318 3770 qui
1329 3718 1360 3755 ex
1370 3704 1418 3754 iilis
1429 3703 1530 3754 militari
1539 3708 1621 3755 esserrt
1633 3708 1715 3757 aetate.
1752 3705 1797 3757 iiis

1015 3812 1169 3873 constitutis,
1182 3810 1254 3861 iussit
1265 3822 1351 3858 omnes
1359 3810 1482 3858 Romanos
1496 3807 1561 3857 hona
1577 3806 1685 3858 indicare
1698 3812 1724 3860 et
1735 3823 1795 3861 oeu-

1016 3929 1071 3967 sere
1085 3914 1196 3980 pecunie
1217 3911 1393 3969 estimatione,
1413 3909 1553 3959 iusiurando
1572 3910 1733 3974 interposito,
1746 3924 1797 3975 quo
1875 3918 1883 3935 “

1016 4020 1126 4070 iurarent
1138 4029 1195 4066 scre
1212 4017 1237 4064 et
1248 4014 1341 4078 optima
1352 4012 1400 4062 fide
1411 4012 1493 4061 omnia
1505 4026 1551 4061 sun
1565 3992 1629 4062 irone
1644 4026 1718 4063 censa
1727 4027 1796 4071 esse:
1831 3984 1835 4089 ί

1015 4126 1041 4174 et
1053 4120 1152 4171 nomina
1166 4121 1296 4182 parentum
1309 4115 1442 4179 exquibus
1460 4118 1544 4165 essent
1562 4117 1685 4178 procreati
1698 4116 1795 4167 adscri-
1830 4098 1834 4147 ί

1016 4226 1124 4284 berc‚ot
1138 4221 1220 4273 utatis
1243 4234 1296 4270 snoe
1317 4232 1408 4268 annum
1429 4217 1569 4276 declarare,
1595 4220 1668 4282 utque
1687 4218 1796 4284 ipsarum

1015 4344 1113 4394 quinque
1131 4328 1261 4391 coniugum
1275 4327 1300 4375 et
1312 4323 1446 4373 liberorum
1464 4322 1561 4372 nomina
1579 4322 1798 4381 succremento
1823 4372 1827 4399 r

1015 4439 1041 4484 et
1055 4432 1122 4483 urbis
1141 4432 1205 4481 tribu
1225 4434 1248 4479 ot
1266 4430 1317 4491 nuri
1337 4442 1398 4492 pugo
1419 4428 1460 4477 ubi
1475 4427 1563 4490 singuli
1589 4427 1735 4477 trubitnrent.
1770 4427 1797 4476 Ei

1016 4551 1090 4596 vero,
1108 4539 1151 4601 quui
1167 4551 1254 4586 consus
1271 4550 1319 4585 non
1334 4534 1417 4595 tuerit,
1431 4532 1597 4596 irnrrcpoenam
1614 4529 1754 4593 proposuit.
1768 4534 1798 4580 ut

1017 4640 1087 4690 bonis
1113 4640 1268 4703 spoliaretur.
1285 4643 1311 4689 et
1325 4639 1400 4700 uirgis
1427 4650 1506 4686 coesus
1529 4634 1575 4683 sub
1601 4633 1673 4682 husto
1692 4631 1795 4682 veniret.

1016 4742 1097 4804 Atque
1107 4739 1148 4788 tex
1161 4739 1210 4787 ista
1220 4738 1264 4787 diu
1278 4736 1343 4802 apud
1356 4741 1476 4786 Romanos
1489 4733 1597 4784 durnrit.

1048 4854 1112 4902 xvl.
1132 4855 1233 4902 Peracto
1241 4854 1322 4902 cutem
1331 4865 1404 4901 censu
1415 4854 1440 4901 et
1451 4849 1549 4907 tabuiis,
1558 4851 1581 4898 in
1590 4847 1680 4910 nuribus
1686 4843 1794 4895 omnium

1016 4967 1114 5019 nomina
1126 4966 1217 5030 scripta
1226 4968 1306 5024 erant,
1318 4965 1433 5029 acceptis,
1443 4966 1589 5028 cognitoque
1596 4974 1681 5014 eorum
1692 4970 1796 5007 numero

1016 5087 1043 5134 et
1068 5084 1222 5134 fortunarum
1237 5080 1417 5145 magnitudine,
1439 5079 1510 5141 longe
1529 5076 1736 5144 sapientissimum
1757 5074 1795 5122 in·
1859 5092 1862 5097 ·

1019 5194 1136 5244 stitutum
1144 5198 1169 5245 et
1177 5197 1293 5244 Rornuncc
1303 5190 1448 5255 reipublicae
1459 5190 1649 5242 saluberrimum
1655 5187 1796 5241 introduxit
