3772 5828
192 353 232 412 82
711 350 876 412 DlONYSll
902 352 1285 418 HALICARNASSENSIS

193 483 319 550 Ἑλλάδος
333 485 378 544 καὶ
394 485 442 556 τήν
457 485 603 565 ἐλευθερίαν
623 483 669 554 τήν
684 484 794 564 πάτριον
810 485 859 543 ὑπὸ
874 488 965 548 illoxe-

193 573 273 632 δόνων
288 573 467 652 ἀφῃρέθησαν.
512 572 587 633 Ἡδὲ
602 571 744 649 Ῥωμαίων
759 573 834 638 πολις
850 575 876 631 ἐν
891 573 966 646 ’lte-

194 663 237 742 ρίρ
251 686 278 720 τε
295 663 339 719 καὶ
353 660 457 742 Ἰταλίᾳ
470 660 602 736 πολέμους
616 658 715 740 ἔχουσα
728 663 874 738 μεγάλους,
889 663 967 721 Σικε-

192 750 252 807 λίαν
263 752 288 808 τ’
299 753 453 830 ἀφεστῶσαν
464 748 638 825 ἀνακτωμένη
654 748 698 807 καὶ
714 750 844 829 Σαρδόνα,
857 749 902 807 καλ
915 753 966 808 τῶν

151 863 165 900 a
193 841 219 896 ἐν
235 836 386 916 Μακεδονίᾳ
402 837 447 896 καλ
462 838 531 903 κατά
546 836 593 909 τήν
609 836 728 897 Ἑλλάδα
743 837 905 915 πραγμάτων
921 841 965 897 έκ-

192 929 419 1003 πὲπολεμωμένων
434 927 497 1006 πρὸς
511 923 603 998 αὐτήν,
621 925 666 983 καλ
676 926 845 1005 Καρχηδόνος
860 926 904 984 ἐπὶ
919 927 966 996 τήν

191 1017 333 1094 ἡγεμονίαν
344 1014 423 1074 πάλιν
429 1014 612 1090 ἀνισταμένης,
620 1013 665 1072 καὶ
671 1017 717 1084 τῆς
728 1013 843 1080 Ἰταλίας
851 1017 879 1073 ού
890 1013 967 1091 μόνον

194 1105 347 1184 ἀφεστώσης
361 1103 448 1181 ὀλίγου
470 1103 523 1161 δεῖν
538 1102 640 1176 πάσης,
660 1101 788 1160 ἀλλὰκαὶ
805 1101 967 1179 συνεπαγού-

193 1216 241 1265 σης
264 1193 307 1250 τδν
333 1189 493 1254 Ἀννιύιακθν
522 1189 650 1261 κληθέντα
681 1190 812 1267 πόλεμον,
837 1190 967 1256 τοσούτοις

140 1300 167 1338 Iu
192 1280 333 1363 περιπετὴς
347 1280 473 1358 γενομένη
487 1278 613 1345 κινδύνοις
624 1276 694 1336 κατὰ
708 1276 751 1336 τδν
768 1277 845 1336 αὐτὸν
860 1279 965 1357 χρόνον,

192 1372 242 1450 ούχ
255 1370 324 1435 ὅπως
335 1369 455 1438 ἐκακώθη
465 1366 561 1434 titel<
571 1367 629 1425 τότε
642 1366 733 1445 τύχας,
748 1366 816 1424 ἀλλά
828 1369 872 1425 καὶ
884 1389 965 1445 προσ·

193 1459 284 1518 ἔλαθεν
298 1455 374 1536 ἰσχύν
388 1457 415 1523 ἐξ
428 1457 513 1514 αὐτῶν
534 1453 572 1514 ἔτι
587 1453 692 1532 μείζονα
705 1459 751 1526 τῆς
765 1453 909 1536 προτέρας,
930 1457 967 1534 τῷ

193 1548 288 1619 πλήθει
302 1551 346 1606 τοῦ
362 1547 551 1625 στρατιωτικοῦ
565 1543 629 1623 πρὸς
649 1542 754 1602 ἅπαντα
769 1544 877 1625 διαρκὴς
891 1565 967 1619 γενο-

194 1635 260 1713 μένη
276 1631 309 1692 τδι
332 1631 418 1705 δεινθι,
434 1633 492 1689 ἀλλ’
507 1633 556 1710 οὐχ
569 1629 659 1711 ῶσπερ
673 1629 889 1706 ύπολαμύάνουσί
902 1654 968 1700 τινες

140 1739 165 1778 ιε
193 1722 281 1804 εῦνοία
295 1722 378 1801 τύχης
392 1720 566 1800 χρησαμένη·
578 1719 635 1778 ἐπεὶ
647 1717 743 1791 ταύτης
753 1743 783 1796 γε
797 1718 874 1798 χάριν
889 1718 967 1800 ᾤχετ’

193 1811 225 1871 ἀν
245 1807 404 1888 ύποθρύχιος
425 1806 450 1876 ἐξ
464 1808 519 1873 tate
534 1813 578 1868 τοῦ
599 1807 661 1886 περί
688 1806 790 1873 Κάννας
808 1809 965 1884 πτώματος,

193 1896 231 1956 ἀπ’
245 1901 310 1974 αύτῇ
324 1896 379 1956 alab
396 1894 444 1971 μὲν
468 1895 650 1975 ἑξακισχιλίων
669 1893 771 1954 ἱππέων
787 1894 968 1969 ἐύδομήκσντα

192 1984 238 2045 καὶ
249 1983 394 2063 τριακόσιοι
403 1982 638 2064 περιελείφθησαν,
653 1982 706 2042 ἀπὸ
715 1983 742 2041 δὲ
754 1984 887 2063 μυριάδων
899 1985 968 2042 ὀκτώ

192 2076 244 2147 τῶν
261 2075 296 2138 εἰς
317 2072 347 2130 τὸ
366 2071 451 2130 κοινδν
473 2071 625 2148 στράτευμα
651 2073 868 2150 καταγραφεισῶν
887 2070 968 2152 ὀλίγῳ

138 2180 166 2220 w
192 2160 296 2225 πλείους
310 2157 463 2237 τρισχιλίων
477 2158 625 2230 ἐσώθησαν.

232 2247 337 2308 XVIII.
357 2246 453 2306 Ταῦτά
472 2269 501 2303 τε
524 2244 556 2316 δή
577 2251 622 2304 τοῦ
637 2244 728 2324 ἀνδρὸς
745 2245 847 2323 ἄγαμαι
868 2246 913 2306 καλ
928 2246 966 2304 ίτι

192 2335 256 2416 πρὸς
278 2333 377 2401 τούτοις
399 2333 417 2392 θ
445 2332 534 2410 μέλλω
554 2332 657 2410 λέγειν,
683 2332 723 2391 ὀτι
748 2340 793 2392 τοῦ
818 2336 905 2402 καλῶς
930 2337 968 2395 ol-

191 2428 294 2483 κεῖσθαι
312 2422 359 2488 τάς
372 2421 461 2488 πόλεις
475 2423 560 2490 αἰτίας
574 2419 725 2494 tentastis,
742 2421 772 2487 ἀς
786 2424 906 2502 θρυλοῦσι
919 2423 967 2499 μέν

193 2511 308 2577 ἅπαντες
337 2512 361 2569 oi
389 2511 539 2587 πολιτικοὶ,
570 2510 794 2579 κατασκευάζουσι
821 2512 842 2569 δ’
870 2511 966 2590 ὀλίγοι·

136 2621 166 2660 ss
192 2602 296 2681 πρῶτον
320 2598 366 2677 μέν
390 2597 437 2669 τὴν
453 2598 526 2677 παρὰ
540 2601 592 2657 τῶν
607 2601 671 2656 θεῶν
685 2596 802 2670 εὔνοιαν,
816 2590 847 2666 ἧς
867 2597 967 2678 παρού-

193 2712 240 2760 σης
262 2685 367 2747 ἅπαντα
390 2693 442 2752 τοῖς
466 2685 608 2767 ἀνθρώποις
635 2685 679 2744 ὀπί
699 2684 733 2744 τύ
756 2685 865 2763 κρείττω
889 2686 967 2767 φέρε-

192 2800 253 2849 ται,
277 2773 370 2834 ἔπειτα
396 2776 565 2854 σωφροσύνην
589 2797 619 2832 τε
650 2772 694 2831 καὶ
726 2773 909 2846 δικαιοσύνην,
934 2774 966 2830 δι’

195 2866 224 2932 θς
253 2857 330 2936 ήττον
351 2862 480 2934 ἀλλήλους
504 2864 663 2941 βλάπτοντες
688 2863 787 2939 μᾶλλον
811 2865 963 2938 ὁμονοοῦσι,

191 2955 236 3014 καλ
261 2957 308 3025 τήν
333 2950 500 3029 εὐδαιμονίαν
524 2954 553 3010 οό
571 2959 629 3016 ταῖς
652 2949 800 3028 αἰσχίσταις
824 2955 963 3027 μετροῦσιν

138 3071 166 3112 ³0
192 3043 297 3112 ἡδοναῖς
327 3039 395 3098 ἀλλδι
422 3042 460 3117 τῷ
495 3039 585 3118 καλῷ·
623 3037 774 3095 τελευταίαν
803 3036 829 3094 δέ
862 3037 909 3108 τήν
937 3040 964 3096 έν

193 3138 246 3197 τοῖς
260 3129 383 3204 πολέμοις
396 3128 566 3204 γενναιότητα
577 3127 626 3198 τήν
636 3125 886 3205 παρασκευάζουσαν
898 3117 964 3185 εἶναι

194 3221 239 3281 καὶ
253 3217 299 3284 τὰς
321 3219 402 3283 ἄλλας
425 3215 517 3294 ἀρετάς
535 3216 587 3281 τοῖς
610 3213 714 3293 ἔχουσιν
740 3213 898 3293 ὠφελίμους·
921 3217 968 3273 οῦκ

194 3308 247 3367 ἀπὸ
261 3303 430 3381 ταύτομάτου
451 3303 643 3382 παραγίνεσθαι
661 3301 759 3360 τούτοιν
783 3301 893 3360 ἕκαστον
916 3307 967 3361 τῶν

198 3399 304 3474 ἀγαθῶν
328 3392 464 3468 ἐνόμισεν,
488 3391 546 3451 ἀλλ’
567 3390 633 3470 ἔγνω
649 3389 713 3448 διότι
732 3390 808 3465 νόμοι
830 3392 967 3448 σπουδαῖοι

138 3504 165 3544 ss
194 3487 240 3543 καὶ
252 3485 340 3542 καλῶν
354 3484 431 3552 ζῆλος
447 3480 662 3558 ἐπιτηδευμάτων
677 3475 773 3547 εύσεύῆ
787 3479 832 3536 καὶ
847 3476 968 3557 σώφρονα

194 3573 239 3631 καὶ
256 3569 289 3628 τόι
305 3570 383 3627 δίκαι’
399 3573 531 3628 ἀσκοῦσαν
547 3567 592 3626 καλ
610 3567 644 3625 τδι
658 3566 764 3642 πολέμι’
780 3565 880 3644 ἀγαθήν
894 3567 968 3646 ἐξερ-

194 3658 317 3738 γάζονται
338 3657 429 3716 πόλιν·
447 3647 484 3716 ῶν
502 3654 602 3727 πολλὴν
626 3654 688 3735 έοχε
703 3655 825 3732 πρόνοιαν
849 3654 896 3727 τήν
919 3657 968 3735 ἀρ-

194 3745 244 3822 χήν
263 3745 440 3820 ποιησάμενος
456 3745 509 3803 ἀπὸ
519 3749 573 3804 τῶν
588 3743 648 3823 περὶ
661 3744 694 3800 adr
710 3748 768 3802 θεῖα
783 3744 828 3802 καὶ
846 3745 967 3820 δαιμόνια

195 3833 349 3910 σεύασμῶν.
393 3832 464 3912 Ἱερά
485 3832 532 3910 μὲν
551 3824 594 3892 οῦν
610 3834 654 3890 καὶ
674 3832 770 3905 τεμένη
792 3830 837 3890 καλ
862 3831 967 3911 βωμούς

140 3943 168 3982 ιιι
195 3922 239 3978 καλ
259 3920 354 3988 ξοάνων
376 3922 489 4000 ἱδρύσεις
513 3920 614 4001 μορφάς
630 3919 653 3977 τ’
678 3921 763 3976 αὐτῶν
782 3919 827 3976 καί
846 3919 967 3997 σύμῦολα

194 4008 239 4067 καὶ
253 4010 373 4082 δυνάμεις
387 4009 432 4068 καὶ
443 4009 551 4087 δωρεάς,
564 4000 603 4074 αἶς
615 4006 725 4087 τὸγένος
739 4010 814 4082 ἡμῶν
827 4007 968 4086 εὐηργέτη-

195 4121 254 4167 σαν,
272 4097 362 4176 ἑορτάς
376 4099 397 4154 θ’
413 4097 503 4163 ὁποίας
519 4096 588 4162 τινδις
608 4097 713 4176 ἑκάστῳ
728 4097 792 4153 θεῶν
806 4094 823 4167 ή
838 4096 967 4173 δαιμόνων

195 4184 304 4262 ἀγεσθαι
317 4185 443 4262 προσήκει
457 4185 502 4243 καὶ
516 4184 613 4256 θυσίας,
628 4175 669 4250 αἷς
677 4183 799 4263 χαίρουσι
810 4184 966 4264 γεραιρόμε-

193 4295 232 4333 νοι
249 4271 313 4350 πρὸς
333 4273 486 4350 ἀνθρώπων,
503 4272 646 4353 ἐκεχειρίας
658 4271 683 4331 τ’
696 4263 728 4332 αύ
743 4271 788 4329 καλ
810 4272 968 4352 πανηγύρεις

139 4384 165 4424 ⁴⁵
194 4360 238 4420 καὶ
259 4359 343 4418 πόνων
358 4361 511 4427 ἀναπαύλας
538 4362 583 4421 καί
608 4362 694 4419 πάντα
708 4358 742 4419 τόι
761 4361 859 4420 τοιαῦθ’
873 4361 968 4439 ὁμοίοις

193 4447 375 4519 κατεστήσατο
389 4453 441 4515 τοῖς
452 4449 599 4531 κρατίστοις
612 4455 663 4509 τῶν
680 4451 744 4530 παρ’
759 4447 879 4521 Ἕλλησι
893 4451 966 4524 νομί·

194 4565 261 4618 μων.
305 4536 373 4604 Τοὺς
392 4539 418 4595 δὲ
433 4538 661 4617 παραδεδομένους
680 4539 740 4620 περλ
755 4542 840 4598 αὐτῶν
857 4539 967 4617 μύθους,

194 4631 220 4689 έν
238 4618 275 4693 οἷς
289 4625 456 4706 βλασφημίαι
467 4627 534 4693 τινὲς
549 4627 626 4686 ἔνεισι
645 4629 704 4686 κατ’
720 4630 806 4686 αὐτῶν
820 4627 837 4700 ἢ
850 4652 968 4706 κακηγο«

194 4715 265 4794 ρίαι,
282 4713 409 4795 πονηρούς
424 4713 470 4774 καὶ
491 4716 630 4794 ἀνωφελεῖς
644 4717 689 4775 καὶ
705 4716 859 4795 ἀσχήμονας
871 4717 968 4776 ὑπολα-

138 4828 165 4867 so
193 4802 247 4862 θὼν
259 4794 346 4876 εἶναι,
360 4801 405 4862 καλ
415 4804 463 4881 ούχ
473 4801 514 4860 ὀτι
528 4807 593 4861 θεῶν
605 4805 664 4862 ἀλλ’
678 4804 730 4862 οὐδ’
745 4806 888 4885 ἀνθρώπων
902 4809 968 4880 ἀγα-

193 4895 244 4949 θῶν
260 4892 361 4967 ἀξίους,
376 4889 496 4956 ἅπαντας
511 4889 616 4958 έξέῦαλε
629 4938 637 4966 ,
650 4892 696 4949 καὶ
710 4892 892 4970 παρεσκεύασε
909 4889 968 4958 τοῦς

192 4978 342 5057 ἀνθρώπους
356 4978 389 5037 τόι
404 4976 531 5058 κράτιστα
545 4980 605 5058 περὶ
622 4984 687 5039 θεῶν
701 4979 785 5057 λέγειν
801 4982 888 5040 τεκαὶ
903 5004 966 5061 φρο-

192 5070 262 5137 νεῖν,
274 5067 353 5143 μηδὲν
371 5069 457 5134 αὐτοῖς
471 5068 672 5148 προσάπτοντας
684 5067 786 5135 ἀνάξιον
801 5069 964 5144 ἐπιτήδευμα

191 5154 239 5223 τ’ής
253 5155 385 5234 μακαρίας
399 5158 507 5235 φύσεως.

1021 509 1092 547 neam
1104 498 1243 559 commissi,
1257 499 1368 550 simulet
1383 501 1485 552 erecte
1496 502 1632 566 principatu
1645 505 1672 553 et
1682 458 1800 555 libertate

1020 590 1133 652 patriae
1158 591 1335 642 Macedonibus
1357 592 1454 656 spoliati
1477 595 1544 643 sunt.
1578 596 1610 642 nt
1629 596 1797 644 Romanorum

1021 681 1158 746 respublica
1176 684 1290 746 quamvis
1310 684 1335 733 in
1352 684 1471 748 Hispania
1489 689 1513 734 et
1532 684 1603 735 ltalia
1620 699 1708 747 magna
1730 685 1797 735 bella

1020 779 1127 839 gereret,
1138 780 1163 827 ct
1176 780 1296 841 occupata
1307 784 1372 827 esset
1388 776 1413 826 in
1428 777 1596 840 recuperanda
1611 776 1693 826 Sicilia
1704 780 1729 826 et
1741 778 1797 829 sar-

1021 868 1086 919 dinia
1104 867 1160 931 durs
1178 868 1333 931 deiecerant,
1346 873 1371 920 et
1385 871 1498 933 quamvis
1519 869 1594 919 eliam
1610 869 1757 920 Macedoniae
1772 874 1798 921 et

1022 961 1123 1012 urente
1137 976 1177 1012 res
1190 961 1212 1011 ei
1232 960 1431 1021 adversarentur,
1449 965 1475 1011 et
1494 961 1616 1026 carthago
1633 961 1796 1026 principatum

1021 1053 1101 1103 denno
1113 1054 1256 1115 affectaret,
1272 1059 1297 1105 et
1308 1056 1377 1105 ltalia
1394 1070 1444 1105 non
1458 1056 1537 1105 solum
1547 1069 1616 1120 paene
1628 1059 1680 1106 tota
1691 1057 1741 1106 iam
1752 1055 1795 1106 de·

1023 1146 1135 1208 lecisset,
1149 1147 1279 1198 sedetiam
1291 1148 1385 1198 bellum
1397 1147 1464 1213 quod
1477 1147 1645 1198 Annibalicum
1656 1147 1798 1199 dictumest

1021 1241 1169 1300 sccemeret3
1182 1241 1297 1303 quamvis
1309 1242 1418 1304 tronum
1431 1253 1480 1290 uno
1491 1239 1629 1303 eodemque
1648 1244 1758 1303 ternpore
1772 1241 1797 1289 in

1022 1332 1060 1381 tot
1076 1331 1184 1394 pericula
1200 1331 1338 1393 incidisset,
1361 1347 1411 1382 non
1427 1332 1506 1383 solum
1522 1346 1572 1382 non
1588 1336 1626 1383 est
1645 1333 1735 1383 atilicta
1748 1332 1796 1383 illis

1022 1423 1133 1486 casibus,
1146 1424 1189 1473 sed
1204 1424 1278 1475 etiam
1292 1425 1350 1475 inde
1362 1426 1434 1488 longe
1449 1424 1569 1476 maiorem
1579 1438 1655 1489 quarn
1668 1428 1739 1476 antea
1750 1438 1795 1489 po·

1021 1517 1125 1569 tentiam
1134 1516 1179 1566 sibi
1195 1517 1361 1581 comparavit,
1375 1517 1481 1568 militum
1492 1517 1650 1568 multitudine
1660 1517 1692 1569 ed
1704 1517 1798 1582 quceris

1022 1608 1165 1659 discrimina
1178 1622 1277 1673 semper
1289 1609 1446 1671 sufficiente,
1464 1609 1509 1660 sed
1520 1624 1569 1660 non
1580 1614 1624 1671 (ut
1636 1610 1738 1674 qnidam
1752 1624 1796 1661 ar·

1021 1700 1143 1752 bitrantur
1153 1701 1161 1764 )
1172 1700 1277 1752 lortnnae
1290 1700 1418 1751 beneticio.
1451 1700 1577 1766 Siquidem
1591 1700 1658 1764 quod
1670 1701 1701 1750 ad
1716 1703 1795 1751 tortu·

1021 1804 1078 1841 nam
1095 1791 1197 1852 attinet,
1220 1790 1332 1841 funditus
1350 1791 1463 1855 periisset
1478 1792 1511 1842 ob
1529 1806 1605 1842 unam
1621 1792 1686 1842 illarn
1704 1792 1798 1843 cladem

1022 1884 1052 1934 ad
1068 1887 1163 1934 cannas
1176 1888 1319 1947 acceptam,
1330 1899 1386 1935 cnm
1397 1898 1429 1936 ex
1443 1898 1488 1935 sen
1497 1886 1601 1936 milibus
1619 1886 1731 1950 equiturn
1744 1886 1799 1936 reli·

1021 1977 1063 2040 qui
1076 1980 1173 2028 tantum
1186 1977 1290 2028 inissent
1304 1992 1411 2040 occasa,
1426 1991 1457 2027 en
1469 1978 1583 2041 peditum
1595 1993 1654 2030 vero
1675 1994 1741 2029 nxnx
1752 1979 1797 2028 nri-

1022 2070 1086 2120 libns
1104 2070 1276 2120 inexercitum
1292 2069 1448 2134 conscriptis,
1461 2070 1543 2133 paullo
1557 2071 1641 2134 plnres
1658 2086 1733 2137 quarn
1752 2072 1798 2122 trin

1021 2165 1087 2214 milia
1099 2165 1233 2216 incolumes
1246 2165 1389 2215 evasissent.

1052 2267 1141 2315 xvttl.
1158 2266 1218 2315 linae
1228 2264 1336 2327 igitnrin
1349 2263 1391 2313 illo
1402 2262 1456 2313 niro
1465 2262 1583 2325 demiror,
1597 2258 1664 2313 et'ea
1676 2268 1797 2329 praterea

1021 2381 1077 2432 quae
1093 2367 1207 2418 dicturus
1226 2380 1301 2418 snm:
1324 2379 1381 2416 cum
1394 2364 1461 2417 enim
1479 2363 1694 2416 enlmadrertisset
1712 2365 1799 2416 cirita·

1021 2472 1075 2518 tum
1088 2466 1209 2518 felicitatis
1222 2480 1264 2517 eas
1277 2479 1332 2517 esse
1341 2478 1456 2526 caussas,
1467 2478 1529 2529 quas
1544 2478 1630 2515 omnes
1643 2465 1741 2528 quidem
1753 2468 1795 2530 qni

1021 2567 1046 2617 in
1059 2567 1131 2616 rebus
1143 2565 1245 2630 publicis
1259 2569 1390 2615 versantur
1404 2562 1553 2629 pradicant,
1569 2563 1613 2614 sed
1625 2565 1699 2626 pauci
1711 2568 1796 2615 tamen

1021 2665 1417 2731 assequuntur,primnmdeornm
1427 2664 1801 2728 benevolentiam,quainvante

1021 2782 1107 2819 omnes
1125 2781 1166 2818 res
1183 2767 1310 2817 bominum
1327 2767 1353 2816 in
1368 2767 1458 2818 melina
1474 2767 1580 2829 cedunt,
1597 2767 1687 2818 deinde
1703 2773 1796 2831 tempe·

1023 2868 1126 2919 rentiam
1138 2872 1165 2919 et
1180 2868 1299 2918 Iustitiam
1307 2905 1314 2929 ,
1323 2867 1355 2917 ob
1366 2881 1428 2931 quas
1437 2865 1557 2918 tornines
1568 2881 1597 2917 se
1608 2869 1693 2917 minus
1709 2870 1798 2916 mutuo

1022 2969 1139 3020 laedentes
1152 2971 1230 3035 magis
1247 2969 1381 3020 concordes
1396 2974 1471 3032 sunt,
1483 2974 1509 3021 et
1523 2969 1663 3021 latinitatem
1682 2980 1731 3018 non
1749 2968 1796 3017 iu·

1022 3069 1130 3122 dissimIs
1140 3069 1309 3135 voluptatibus
1322 3068 1366 3120 sed
1375 3070 1502 3121 honestate
1514 3070 1665 3129 metiuntur,
1675 3074 1801 3133 postremo

1022 3185 1082 3223 nero
1103 3169 1215 3221 bellicam
1241 3168 1495 3234 fortitudinemque
1514 3171 1590 3222 allicit
1608 3174 1638 3220 ut
1654 3174 1678 3221 et
1694 3172 1797 3236 reliquae

1022 3269 1129 3319 virtutes
1142 3266 1201 3331 ipsis
1216 3266 1401 3332 possessoribus
1415 3268 1550 3319 fructuosas
1560 3269 1628 3319 sint:
1648 3268 1799 3319 existimarit

1022 3369 1216 3434 unumquodque
1229 3369 1317 3418 borum
1331 3368 1452 3419 bonorum
1465 3384 1512 3419 non
1531 3370 1633 3421 fortuito
1645 3371 1794 3433 contingere,

1022 3466 1066 3516 sed
1088 3465 1209 3517 intellexit
1226 3464 1298 3515 bonis
1314 3464 1412 3530 legibus
1427 3470 1453 3517 et
1474 3466 1637 3518 honestorum
1660 3467 1799 3526 studiorum

1022 3565 1180 3616 emulatione
1202 3565 1268 3629 piam
1289 3567 1314 3614 et
1328 3566 1506 3627 temperantem
1519 3569 1545 3615 et
1557 3565 1648 3614 tristam
1666 3569 1691 3613 ct
1703 3578 1730 3614 re
1743 3564 1800 3616 bel·

1023 3667 1072 3717 lica
1096 3671 1255 3734 praestantem
1278 3666 1404 3717 civitatem
1423 3667 1501 3717 reddi.
1536 3668 1626 3730 Itaque
1639 3666 1664 3715 in
1684 3667 1744 3718 istas
1760 3681 1801 3718 res

1022 3770 1158 3832 plurimum
1172 3783 1239 3820 cnrae
1254 3769 1386 3833 impendit,
1404 3769 1470 3819 lacto
1487 3768 1557 3818 initio
1571 3782 1587 3818 a
1602 3768 1704 3818 deornm
1718 3773 1743 3818 et
1755 3783 1797 3831 ge·

1022 3873 1118 3922 nicrum
1131 3874 1208 3922 cultu.
1242 3869 1345 3933 Templa
1355 3869 1430 3931 igitur
1441 3870 1468 3918 et
1481 3869 1545 3928 lana,
1560 3881 1668 3930 arasque
1684 3871 1710 3916 et
1723 3867 1798 3917 sium-

1023 3959 1146 4025 lac-rornm
1172 3971 1290 4032 delubra,
1312 3983 1448 4033 eorumque
1469 3968 1562 4032 efligies
1596 3972 1622 4019 et
1644 3967 1747 4032 insignia
1773 3972 1799 4018 et

1022 4077 1173 4140 potestates,
1185 4077 1211 4124 et
1220 4071 1284 4124 dona
1296 4083 1352 4133 que
1360 4070 1386 4120 in
1396 4069 1531 4119 humanum
1541 4082 1618 4133 genus
1629 4068 1796 4131 contulerunt,

1022 4176 1049 4223 et
1073 4171 1127 4222 dies
1142 4171 1219 4221 tostos
1239 4180 1402 4232 quoscunque
1422 4164 1556 4228 nniomque
1576 4164 1616 4215 vel
1639 4164 1742 4215 deorum
1759 4166 1798 4216 vel

1022 4273 1149 4339 geniorum
1163 4269 1282 4323 celebrari
1299 4270 1427 4331 convenit,
1441 4271 1467 4319 et
1480 4266 1600 4318 sacrificia
1619 4265 1710 4329 quibus
1726 4281 1753 4314 se
1767 4266 1800 4315 ab

1023 4370 1164 4422 bominibus
1175 4367 1222 4420 ooli
1233 4366 1351 4431 gaudent,
1368 4370 1396 4418 et
1410 4366 1482 4417 serias
1491 4368 1518 4416 et
1527 4365 1683 4416 celebritates
1695 4367 1720 4413 et
1732 4361 1796 4413 labo·

1022 4491 1079 4527 rum
1100 4476 1224 4540 quietem,
1246 4476 1271 4524 et
1295 4473 1378 4524 omnia
1397 4471 1535 4523 istiusmodi
1556 4468 1676 4527 instituit,
1697 4471 1799 4517 secutus

1022 4577 1128 4641 optimos
1140 4585 1252 4638 quosque
1263 4576 1408 4624 Graecorum
1425 4569 1498 4620 ritus.
1531 4567 1645 4616 Traditus
1662 4569 1745 4615 aulem
1767 4565 1798 4614 de
1842 4630 1845 4638 Ι

1022 4669 1081 4735 ipsis
1101 4668 1211 4731 tabulas,
1227 4667 1253 4718 in
1271 4666 1363 4731 quibus
1376 4669 1435 4716 sunt
1453 4665 1585 4715 maledicta
1596 4667 1639 4713 ant
1658 4661 1760 4712 crimina
1772 4661 1798 4709 in

1021 4783 1079 4829 eos,
1091 4767 1208 4818 scelestas
1222 4769 1247 4816 et
1260 4765 1361 4815 inutiles
1378 4766 1403 4814 et
1415 4768 1500 4827 turpes
1514 4766 1598 4822 ratus,
1613 4765 1639 4811 et
1655 4775 1703 4810 non
1716 4759 1796 4809 solnm

1021 4867 1069 4918 diis
1079 4864 1122 4917 sed
1134 4879 1164 4915 ne
1175 4862 1318 4913 bominibus
1330 4861 1430 4924 quidem
1446 4861 1529 4926 probis
1544 4859 1645 4922 (ligatas,
1659 4871 1745 4907 omnes
1758 4872 1796 4906 rc-

1020 4966 1100 5018 iecit:
1123 4967 1148 5014 et
1169 4963 1236 5012 eires
1256 4973 1315 5010 suos
1336 4957 1485 5020 assuefecit,
1501 4962 1527 5007 ut
1545 4957 1637 5021 optime
1656 4956 1687 5005 de
1705 4955 1751 5004 diis
1775 4959 1799 5006 et

1021 5067 1180 5130 loquerentur
1192 5066 1218 5113 et
1230 5060 1365 5120 sentirent,
1379 5059 1473 5111 nubum
1488 5059 1561 5118 beata
1574 5061 1660 5108 natura
1672 5056 1798 5125 indignum

1022 5164 1133 5215 studium
1155 5162 1215 5228 ipsis
1233 5159 1403 5211 attribuentes.
