3772 5828
590 364 882 438 ANTtQtJlTnTUM
902 363 1052 423 noman.
1075 364 1146 422 uro.
1172 365 1232 424 vu.

90 497 375 568 ἐνεόίόασαν,θάνατον
391 504 591 568 απιιλησαντες,
609 493 654 554 ἐάν
669 517 707 561 τις
719 494 864 573 δπολιιρθῇ

90 595 137 662 τῆς
151 588 299 668 στρατείας.

129 680 179 738 vl.
204 676 237 736 ‘0
251 675 279 733 δέ
296 672 484 754 Ἀριστόδημος
499 676 621 731 τοσοῦτον
637 667 717 729 εἰπὼν
732 669 821 746 μόνον,
832 673 867 736 ῶς

91 769 120 828 ού
138 767 246 837 λέληθεν
271 763 349 822 αὐτὸν
369 767 386 835 ἡ
404 761 505 819 διάνοια
523 763 576 819 τῶν
603 761 720 839 ἐχθρῶν,
739 755 779 816 ότι
796 756 866 838 λόγῳ

53 869 66 903 s
92 857 138 933 μίν
157 856 202 913 ἐπὶ
220 849 376 931 συμμαχίαν
405 849 483 908 αὐτόν
504 847 729 922 άποστόλλουσιν,
751 847 819 928 ἐργιρ
838 847 865 906 δέ

92 945 127 1008 τίς
142 931 276 1022 προῦπτον
293 939 409 1017 ὄλεθρον,
429 937 536 1017 δέχεται
553 937 600 1014 μλν
620 935 668 1006 τὴν
690 935 865 1016 στρατηγίαν,

91 1031 211 1111 ἀναχθεὶς
237 1027 336 1105 δέόμα
366 1034 421 1093 τοῖς
443 1025 571 1107 πρίσόεσι
588 1028 639 1082 τῶν
657 1025 799 1103 Ἀρικηνῶν
824 1025 867 1084 διὰ

92 1121 205 1199 ταχέων,
226 1116 323 1176 καὶτὸ
344 1113 441 1193 μεταξύ
462 1113 576 1191 πίλαγος
599 1112 729 1179 ἐπιπόνως
747 1112 793 1171 καί
808 1136 865 1172 κιν-

94 1210 214 1273 δυνωδῶς
236 1203 362 1272 διανύσας
380 1203 516 1282 ὁρμίζεται
531 1202 601 1261 κατὰ
622 1200 681 1268 τοὺς
697 1199 805 1279 ἐγγιστα
820 1204 867 1272 τῆς

46 1307 70 1343 ¹¹³
92 1297 219 1377 Ἀρικείας
245 1294 395 1371 αἰγιαλούς·
419 1293 465 1351 καί
489 1286 644 1350 καταλιπών
660 1291 687 1347 ἐν
711 1296 769 1356 ταῖς
790 1289 866 1349 ναυσί

92 1381 210 1467 φυλακὴν
235 1385 407 1460 ἀποχρῶσαν,
430 1382 457 1438 ἐν
482 1384 517 1460 τῇ
537 1377 631 1460 πρώτη
649 1378 723 1437 νυκτί
741 1378 789 1451 τὴν
815 1378 868 1436 άπὸ

92 1474 225 1544 θαλάσσης
241 1471 299 1529 itio
312 1473 342 1529 ού
352 1468 452 1538 πολλὴν
466 1458 546 1526 οῦσαν
563 1465 705 1545 διανύσας,
727 1466 867 1546 ἐπιφαίνε-

92 1587 137 1621 ται
151 1570 204 1627 τοῖς
222 1559 367 1636 Ἀρικηνοῖς
392 1556 454 1637 πιρί
479 1555 524 1614 τδν
553 1554 643 1636 όρθρον
662 1556 867 1636 ἀπροσδόκητος.

93 1649 208 1726 Θέμενος
220 1647 247 1706 δὲ
257 1646 369 1718 πλησίον
388 1649 474 1704 αὐτῶν
487 1643 529 1703 τδν
544 1644 653 1724 χάρακα
666 1644 732 1716 ,καί
748 1646 808 1711 τοὺς
823 1667 870 1702 κα·

48 1766 72 1801 rs
93 1737 288 1818 ταπερευγότας
304 1732 381 1801 εέςτδ
396 1733 471 1813 τείχη
488 1733 580 1799 πείσας
592 1733 726 1811 προελθεῖν
741 1735 776 1800 εἰς
786 1732 868 1792 ύπαι-

94 1833 174 1906 θρον,
190 1826 364 1904 προύκαλεῖτο
374 1824 433 1889 τοὺς
449 1825 474 1882 Τ
475 1820 603 1902 υρρηνοῦς
618 1821 691 1888 εὐθὺς
707 1822 743 1889 είς
762 1821 862 1902 μάχην.

95 1913 240 1989 Γενομένης
251 1912 278 1971 δέ
293 1911 464 1991 παρατάξεως
484 1910 529 1970 καί
545 1913 645 1988 ἀγῶνος
672 1915 818 1990 καρτεροῦ,
843 1911 868 1969 οἱ

96 2001 143 2078 μέν
167 1999 299 2080 Ἀρικηνοὶ
312 1999 412 2080 βραχύν
426 1999 496 2058 πάνυ
515 1999 694 2076 διαμείναντες
707 2000 802 2078 χρόνον
811 1999 867 2056 ἐνέ-

95 2091 184 2149 κλιναν
197 2090 284 2168 α’θρόοι
296 2132 304 2160 ,
317 2087 362 2146 καὶ
376 2081 475 2166 γίνεται
489 2087 570 2144 πάλιν
582 2086 618 2151 είς
631 2084 661 2143 τθ
679 2086 767 2165 τεῖχος
781 2087 866 2144 αθτῶν

1637 370 1689 429 391
1704 404 1708 412 ’

919 515 1017 566 pronam
1036 503 1164 566 capitalem
1178 504 1276 562 minati,
1293 503 1314 553 si
1335 487 1465 569 quiscum
1485 494 1598 555 militiam
1621 507 1690 560 desc·

921 591 1022 641 ruisset.

950 679 992 727 lll.
1010 680 1042 728 nt
1055 677 1224 728 Aristodemus
1237 679 1290 728 lraec
1303 681 1400 729 tautum
1416 678 1526 740 locutus,
1538 685 1694 745 perspectum

921 782 975 821 case
988 770 1034 821 sibi
1047 770 1200 824 inimicorum
1210 773 1348 835 consilium,
1364 773 1408 838 qni
1418 774 1501 824 rcrbis
1512 775 1611 837 quidem
1626 790 1653 827 se
1664 776 1695 827 ad

920 868 1039 918 auxilium
1052 867 1180 918 serendum
1190 869 1318 918 mitterent
1328 905 1336 930 ,
1346 881 1373 918 re
1390 881 1449 918 rero
1466 869 1519 933 ipsa
1533 871 1565 920 ad
1576 872 1696 923 muniiss-

920 965 975 1012 tum
987 963 1088 1011 exitium
1098 1000 1105 1021 ,
1117 961 1211 1023 accepit
1226 961 1370 1023 imperium,
1387 963 1412 1011 et
1424 977 1481 1013 cum
1494 965 1647 1016 annuorum
1658 967 1696 1018 le·

922 1053 985 1116 gatis
1003 1053 1116 1104 celeriter
1137 1056 1210 1118 portu
1228 1054 1311 1116 solvit,
1330 1058 1354 1104 ct
1367 1056 1474 1107 inedium
1491 1060 1568 1109 maris
1588 1061 1697 1124 spatium

923 1146 1042 1197 laboriose
1055 1149 1082 1197 et
1097 1146 1233 1210 periculose
1245 1160 1369 1209 emensus,
1384 1150 1480 1214 appulit
1491 1151 1522 1200 sd
1540 1152 1622 1203 littora
1634 1155 1697 1213 filtri-

922 1237 968 1287 ciae
989 1236 1118 1300 proxima,
1131 1239 1156 1287 et
1168 1237 1283 1301 presidio
1295 1238 1318 1286 in
1342 1238 1446 1289 naribus
1461 1241 1555 1303 relicto,
1576 1246 1697 1307 quantum

923 1327 982 1377 satis
994 1331 1048 1378 erat
1057 1328 1088 1378 sd
1102 1342 1188 1379 earum
1198 1329 1345 1391 custodiam,
1357 1331 1398 1381 illa
1409 1333 1495 1383 eadem
1507 1337 1698 1388 nocteoonlecto

922 1418 953 1468 ab
966 1433 1010 1470 ora
1023 1420 1118 1480 itinere,
1132 1421 1199 1484 qnod
1212 1425 1323 1473 uouerat
1334 1422 1444 1488 longum,
1460 1426 1508 1476 sub
1522 1427 1658 1480 diluculum
1673 1431 1698 1482 in

921 1511 1074 1562 Ariciuorum
1085 1515 1245 1578 conspectum
1253 1528 1285 1565 ex
1300 1515 1437 1580 improuiso
1455 1518 1524 1569 reuit
1539 1538 1545 1567 ε
1564 1522 1699 1587 castrisque

921 1619 996 1670 prope
1011 1605 1066 1656 illos
1075 1607 1172 1669 positis,
1188 1608 1311 1670 persuasit
1331 1609 1371 1668 iis,
1385 1610 1428 1672 qui
1445 1611 1510 1662 iutra
1531 1614 1622 1664 moenia
1643 1629 1700 1666 oon-

922 1699 1044 1762 lugernut,
1062 1701 1090 1748 ut
1101 1699 1126 1748 in
1142 1713 1256 1762 campum
1273 1703 1386 1763 apertum
1401 1703 1537 1766 prodirent,
1553 1709 1579 1756 et
1598 1708 1633 1757 ita
1645 1712 1699 1759 sta·

920 1792 967 1842 tim
977 1791 1089 1841 Etruscis
1101 1792 1223 1854 pugnandi
1242 1794 1337 1857 copiam
1350 1795 1414 1845 tecit.
1448 1797 1553 1847 collatis
1564 1804 1648 1851 antem
1666 1803 1700 1854 si·

922 1882 976 1944 guis
989 1894 1046 1932 acre
1062 1882 1176 1945 proelium
1194 1884 1353 1934 commissum
1365 1891 1419 1948 cst,
1440 1888 1466 1937 in
1485 1902 1536 1950 quo
1551 1889 1642 1943 Aricini
1652 1905 1700 1942 non

923 1971 966 2024 diu
979 1973 1087 2024 bostium
1101 1973 1221 2038 impetum
1236 1976 1419 2041 sustinuerunt,
1436 1980 1479 2029 sed
1501 1980 1609 2031 universi
1629 1982 1698 2033 incli-

917 2068 1025 2124 narunt,
1038 2069 1113 2128 atquc
1131 2066 1220 2116 iterum
1236 2067 1303 2118 iutra
1325 2081 1413 2119 muros
1426 2071 1482 2135 tuga
1506 2084 1533 2121 se
1546 2079 1699 2136 receperunt.

46 2203 73 2239 20
93 2176 172 2258 φυγή,
215 2176 250 2237 ‘0
274 2177 295 2234 p·
310 2175 499 2255 ’χρωωηημος
523 2172 570 2232 σὺ,
585 2181 639 2237 ,οἷς
654 2172 714 2253 ,api
727 2171 805 2232 αὐτὸ,
820 2175 866 2231 χ,
923 2157 1199 2209 atamtodemuscum
1213 2160 1301 2224 exigua
1317 2159 1603 2215 lectorumGumcacrum
1615 2180 1700 2226 mauu,

93 2265 153 2344 γόοι
167 2265 295 2341 Κυμαίων
309 2265 404 2341 ὀλίγοις
415 2254 475 2323 οῦσι
487 2271 541 2321 πᾶν
556 2261 586 2320 τὸ
599 2266 645 2318 τοῦ
656 2259 773 2338 πολίμου
788 2260 867 2339 βάρος

93 2353 219 2429 ὑποστὰς,
230 2355 276 2414 καὶ
290 2353 334 2412 τὸν
348 2353 466 2432 ἡγεμόνα
482 2355 536 2411 τῶν
554 2351 698 2428 Τυρρηνῶν
714 2349 867 2429 αὐτοχειρίᾳ

93 2445 205 2520 κτείνας,
217 2444 308 2523 τρέπει
322 2441 381 2509 τούς
392 2444 485 2509 άλλους
496 2445 531 2507 είς
541 2439 634 2521 φυγὴν,
646 2439 691 2496 καί
706 2441 780 2509 νίκην
793 2445 868 2498 ἀναι-

95 2533 177 2611 ρεῖται
212 2534 303 2590 πασῶν
338 2531 541 2608 λαμπροτάτην.
584 2525 801 2607 Διαπραξάμενος
840 2526 867 2586 δέ

44 2639 69 2676 aa
93 2623 189 2688 ταῦτα,
220 2617 266 2676 καί
295 2618 413 2692 τιμηθεὶς
437 2617 488 2675 ὑπὸ
514 2620 566 2675 τῶν
591 2618 734 2692 Ἀρικηνῶν
757 2618 869 2683 πολλαῖς

94 2707 212 2784 δωρεαῖς,
228 2704 340 2762 ἀπέπλει
360 2702 403 2762 διὰ
421 2704 538 2782 ταχέων,
560 2701 720 2785 αὐτάγγελος
735 2710 789 2770 τοῖς
807 2706 866 2765 Κυ-

92 2793 180 2870 μαίοις
191 2795 236 2863 τῆς
244 2793 322 2849 αὑτοῦ
333 2791 406 2862 νίκης
413 2793 568 2869 βουλόμενος
577 2791 708 2868 γενέσθαι.
753 2789 868 2852 Εέποντο

91 2879 120 2941 δί
125 2882 198 2962 αὐτῷ
207 2879 304 2939 πολλοὶ
310 2878 380 2939 πάνυ
389 2883 440 2938 τῶν
451 2877 755 2960 Ἀρικηνῶνόλκάδες,τίι
765 2881 868 2964 λάφυρα

91 2968 137 3030 καί
155 2967 214 3035 τοὺς
226 2968 414 3050 αἰχμαλώτους
431 2971 482 3027 τῶν
497 2969 642 3048 Τυρρηνῶν
652 2966 775 3043 ἄγουσαι.
818 2967 868 3037 Ὦς

41 3075 70 3115 oo
91 3057 119 3117 δέ
134 3057 247 3131 πλησίον
267 3057 385 3137 ἐγίνοντο
401 3060 448 3127 τῆς
469 3052 581 3135 Κύμης,
608 3055 718 3135 ὁρμίσας
740 3055 786 3123 sd<
805 3063 868 3125 ναῦς

91 3148 235 3220 ἐκκλησίαν
251 3152 297 3207 τοῦ
312 3152 426 3229 στρατοῦ
438 3153 565 3215 ποιεῖται,
586 3145 632 3204 καί
651 3144 737 3204 πολλὰ
752 3143 801 3222 μὲν
815 3152 867 3207 τῶν

91 3235 291 3316 προεστηκότων
316 3241 364 3308 τῆς
382 3235 484 3302 πόλεως
499 3233 695 3311 κατηγορήσας,
714 3234 825 3303 πολλοὺς
840 3237 866 3295 δέ

90 3327 142 3384 τῶν
166 3324 424 3406 ἀνδραγαθησάντων
455 3321 525 3383 κατὰ
553 3321 602 3392 τὴν
629 3323 718 3402 μάχην
747 3324 868 3392 ἐπαίνους

91 3412 211 3489 διελθὼν,
223 3411 349 3492 ἀργύριόν
362 3435 391 3471 τε
408 3411 513 3480 διαδούς
530 3411 618 3479 αὐτοῖς
632 3414 692 3469 κατ’
712 3411 806 3490 ἄνδρα,
821 3412 867 3471 καί

40 3520 67 3558 aa
90 3501 138 3566 τίις
152 3499 228 3578 παρὰ
259 3502 312 3558 τῶν
338 3499 483 3580 Ἀρικηνῶν
502 3497 602 3582 δωρεάς
622 3500 658 3564 είς
681 3498 765 3557 κοινὸν
783 3498 867 3558 ἅπασι

91 3588 230 3659 καταθείς,
245 3586 320 3658 ἠξίου
336 3593 486 3666 μεμνῆσθαι
500 3591 552 3647 τῶν
564 3585 765 3667 εθιργεσιῶν,θν
779 3610 867 3647 κατα-

89 3676 240 3735 πλεύσωσιν
262 3677 298 3742 εές
316 3675 365 3748 τὴν
382 3675 509 3756 πατρίδα,
536 3676 581 3736 καί
603 3676 634 3734 ἄν
655 3699 693 3741 τις
709 3676 781 3754 αὐτῷ
802 3699 866 3736 ποτε

89 3763 224 3845 συμόαίνῃ
237 3765 352 3831 κίνδυνος
368 3765 398 3822 ἐκ
411 3766 457 3833 τῆς
468 3762 622 3845 ὀλιγαρχίας
633 3766 668 3829 ῶς
681 3762 791 3840 δύναμις
802 3763 865 3823 ἑκά·

88 3877 143 3934 στῳ
162 3858 281 3933 βοηθεῖν.
324 3849 462 3911 Ἁπάντων
493 3852 521 3911 δέ
545 3853 645 3918 πολλὰς
670 3849 864 3930 ὁμολογούντων

36 3969 63 4007 n,
88 3943 160 4022 αύτῷ
180 3942 292 4022 χάριτας
312 3937 405 4000 είδέναι
435 3944 483 4013 τῆς
501 3964 529 3999 τε
550 3941 707 4000 ἀνελπίστου
722 3943 862 4022 σωτηρίας,

34 4430 60 4467 ἐῖι

31 4874 61 4914 lio

87 4028 120 4101 ἣν
140 4028 175 4086 δι’
194 4031 292 4088 ἐκεῖνον
319 4027 409 4108 ἐσχον,
423 4029 469 4087 καί
490 4033 539 4100 τῆς
551 4028 595 4086 ἐπὶ
615 4028 650 4087 ud
664 4031 748 4087 οἰκεῖα
768 4032 797 4088 οὐ
818 4031 865 4091 σὺν

86 4119 175 4183 κεναῖς
188 4116 277 4196 χερσίν
289 4114 415 4199 άρίξεως,
431 4114 538 4184 καὶτὰς
553 4117 652 4175 ἑαυτῶν
668 4117 755 4197 ψυχάς
771 4122 864 4178 θᾶττον

86 4205 103 4276 ἢ
126 4204 174 4275 τὴν
188 4205 286 4264 ἐκείνου
299 4204 463 4285 προήσεσθαι
481 4211 535 4271 τοῖς
549 4206 651 4286 ἐχθροῖς
669 4207 865 4285 ἐπαγγειλαμέ-

86 4316 147 4367 νων,
161 4292 301 4361 ἐπαινέσας
315 4291 409 4360 αθτοίις
423 4293 538 4354 άπάλυσι
548 4293 597 4366 τλν
610 4294 765 4365 ἐκκλησίαν.
810 4298 864 4357 Καί

86 4381 153 4455 μετὰ
169 4387 248 4441 τοῦτο
262 4383 351 4441 καλῶν
363 4384 398 4449 είς
408 4381 458 4455 τὴν
473 4384 551 4441 αὑτοῦ
564 4381 664 4454 σκηνὴν
675 4381 734 4451 τοίις
747 4407 862 4466 πονηρο-

86 4469 177 4537 τάτους
194 4469 220 4539 ἐξ
243 4471 389 4530 αὐτῶνκαὶ
403 4468 474 4530 κατά
490 4478 567 4549 χεῖρα
581 4473 795 4547 γενναιοτάτους,
808 4475 863 4533 δω-

88 4560 152 4632 ρεῶν
174 4581 202 4615 τι
222 4558 294 4619 δόσει
314 4559 359 4617 καί
376 4556 461 4634 λόγοιν
484 4559 666 4640 φιλανθρωπίη
682 4561 727 4619 καί
744 4562 864 4628 ἅπαντας

85 4651 143 4711 ταῖς
165 4643 348 4715 ἐξαπατώσαις
368 4646 457 4706 ἐλπίσι
478 4646 640 4726 διαφθείρας,
660 4649 779 4727 ἑτοίμους
802 4649 864 4732 ἔσχε

87 4736 290 4812 συγκαταλῦσαι
304 4735 353 4808 τλν
368 4738 541 4796 καθεστῶσαν
557 4738 703 4800 πολιτείαν.

128 4823 192 4883 Vll.
213 4821 266 4889 Οθς
291 4824 432 4905 συνεργοὺς
459 4825 505 4884 καὶ
529 4827 724 4903 συναγωνιστάς
752 4828 863 4903 λαόὼν,

85 4912 162 4972 καλά
182 4910 272 4983 δεήσει
285 4913 410 4994 πράττειν
431 4915 552 4984 ἐκάστοις
575 4917 747 4995 ὑποθέμενος,
771 4930 825 4990 τοῖς
840 4925 863 4979 τ’

88 5000 291 5083 αἰχμαλώτοις,
306 5001 350 5070 οθς
359 5004 523 5085 ἐπηγάγετο,
538 5008 637 5085 προῖκα
652 5007 709 5075 δοὺς
723 5012 771 5081 τὴν
787 5012 866 5068 ἐλιυ-

88 5091 195 5168 θερίαν,
228 5088 272 5149 ἵνα
297 5089 344 5150 καί
368 5091 417 5164 τὴν
444 5093 550 5154 ἐκείνων
580 5093 682 5154 εῦνοιαν
711 5098 866 5178 προσλάόῃ,

918 2261 971 2314 qua
982 2246 1087 2311 stipatus
1102 2255 1165 2311 erat,
1181 2255 1260 2303 totam
1273 2253 1341 2304 illius
1359 2266 1447 2317 pugnas
1465 2255 1555 2305 molem
1571 2258 1700 2322 sustinuit,

919 2349 945 2394 ct
958 2344 1123 2396 Etnrscorum
1140 2350 1229 2400 ducem
1246 2365 1292 2398 sua
1310 2359 1383 2397 manu
1398 2343 1529 2405 iuter-lecit,
1551 2349 1577 2396 et
1594 2348 1701 2414 reliquos

922 2442 946 2493 iu
959 2443 1041 2510 lugam
1055 2453 1130 2504 vertit
1141 2457 1295 2521 maximeque
1312 2455 1431 2520 insignem
1445 2453 1574 2503 victoriam
1587 2465 1617 2502 οιι
1629 2453 1700 2525 boste

922 2538 1070 2600 reportarit.
1103 2541 1150 2591 llis
1162 2541 1237 2593 rebus
1252 2541 1328 2607 gestis
1343 2544 1370 2593 et
1390 2542 1421 2592 sb
1436 2540 1541 2592 Aricinis
1554 2539 1642 2590 multis
1655 2539 1702 2589 de-

921 2638 1021 2684 coratus
1036 2634 1187 2694 muneribus,
1200 2635 1313 2687 celeriter
1324 2634 1446 2694 discessit,
1458 2632 1526 2697 quod
1534 2633 1639 2697 ipsemet
1648 2643 1701 2680 sum

921 2736 1031 2788 victoriae
1042 2738 1155 2787 nuntium
1168 2737 1274 2787 cumaeis
1284 2735 1373 2785 afferre
1385 2735 1467 2786 vellet.
1503 2737 1566 2783 Eum
1573 2734 1655 2783 autem
1665 2743 1701 2782 ιο

922 2830 1062 2894 quebautur
1074 2830 1202 2893 permulto
1214 2829 1369 2879 Ariciuorum
1378 2828 1498 2879 onerarias
1517 2841 1604 2889 nares,
1624 2825 1702 2892 spotia

921 2922 948 2967 et
962 2919 1078 2966 Etruscos
1088 2915 1198 2980 captiuos
1212 2915 1337 2966 vehentes.
1372 2918 1435 2967 curu
1447 2918 1528 2965 autem
1542 2915 1592 2965 iam
1606 2915 1639 2966 ad
1651 2915 1702 2967 cn·

921 3022 976 3058 mas
993 3010 1162 3070 accesissent,
1177 3009 1255 3060 classe
1269 3010 1301 3059 ad
1314 3010 1385 3060 littus
1399 2995 1501 3075 appulsa
1514 3011 1650 3061 exercitum
1670 3011 1702 3062 ad

923 3105 1066 3156 concionem
1077 3106 1184 3165 vocavit,
1195 3110 1221 3156 et
1232 3107 1304 3170 longa
1321 3107 1434 3156 oratione
1454 3108 1477 3156 iu
1489 3107 1597 3157 civitatis
1609 3108 1700 3171 priuci-

922 3209 965 3260 pes
978 3201 1004 3248 et
1022 3199 1199 3260 gubernatores
1215 3198 1344 3260 insectus,
1369 3203 1395 3250 et
1416 3199 1502 3249 multis
1522 3197 1638 3248 laudibus
1660 3212 1702 3248 cos

922 3295 1077 3354 prosecutus,
1095 3293 1137 3355 qui
1153 3292 1251 3356 egregia
1265 3293 1373 3342 facinora
1393 3292 1419 3343 in
1442 3293 1530 3357 proelio
1554 3291 1698 3353 ediderant,

923 3385 1051 3449 divisaque
1064 3387 1154 3437 viritim
1168 3387 1279 3450 pecunia,
1289 3386 1467 3437 etmuueribus
1480 3387 1634 3436 Aricinomm
1645 3398 1702 3451 pro·

924 3481 1019 3544 positis,
1032 3481 1181 3531 utomuibus
1192 3484 1275 3531 esseut
1286 3479 1436 3542 communia,
1447 3481 1544 3544 rogarit
1553 3495 1605 3544 eos,
1617 3485 1646 3532 ut
1656 3481 1701 3533 ho-

924 3588 979 3624 rum
994 3575 1169 3626 beneficiorum
1189 3579 1271 3626 esseut
1284 3589 1415 3638 memores,
1440 3577 1480 3627 uhi
1494 3577 1518 3627 in
1533 3579 1639 3641 patriam
1658 3594 1699 3631 ro-

924 3672 1040 3732 diisscut;
1051 3675 1084 3731 et,
1097 3669 1194 3734 siquod
1207 3670 1270 3720 torte
1281 3670 1419 3733 periculum
1431 3671 1478 3721 sibi
1487 3672 1519 3721 ab
1537 3673 1702 3736 optimatibus

920 3764 1055 3830 aliquando
1063 3763 1211 3823 immineret,
1224 3775 1296 3827 opem
1305 3776 1351 3828 pro
1360 3763 1456 3813 ritibus
1467 3768 1639 3829 unusquisque
1651 3766 1700 3817 ier·

920 3862 966 3909 ret.
1000 3858 1123 3910 Omnibus
1145 3859 1228 3908 sutem
1248 3869 1298 3906 uno
1316 3870 1359 3907 ore
1376 3870 1403 3907 se
1424 3856 1459 3906 illi
1475 3871 1591 3919 maguam
1609 3859 1700 3910 babere

919 3952 1023 4017 gratiam
1034 3951 1182 4012 dicentibus,
1203 3956 1257 4002 tum
1270 3950 1303 4001 ob
1320 3951 1470 4014 insperatam
1482 3951 1606 4012 salutem,
1622 3965 1697 4014 quam

918 4050 971 4101 eins
984 4062 1058 4114 opera
1070 4047 1152 4114 adepti
1161 4049 1241 4108 eraut,
1254 4051 1307 4097 turn
1320 4046 1351 4096 ob
1361 4046 1469 4097 reditum
1488 4047 1514 4096 in
1528 4047 1637 4112 patriam
1649 4048 1700 4098 mi-

918 4148 984 4198 uimc
996 4146 1082 4197 vacuis
1098 4144 1219 4205 manibus,
1239 4147 1263 4193 et
1274 4157 1344 4195 susm
1355 4143 1436 4207 potius
1449 4144 1533 4203 vitam,
1548 4156 1622 4206 quam
1632 4143 1700 4194 illius

918 4240 1032 4300 sdutem,
1043 4239 1149 4289 inimicis
1165 4253 1192 4290 se
1201 4237 1342 4304 prodituros
1357 4236 1537 4301 pollicentibus,
1551 4235 1698 4285 collaudatis

921 4332 960 4395 iis,
988 4331 1129 4382 coumouem
1150 4330 1253 4379 dimisit.
1286 4330 1376 4378 Postea
1398 4328 1423 4378 iu
1442 4327 1577 4378 tentorium
1600 4329 1701 4376 vocatos

919 4421 1108 4472 scelestissimos
1118 4433 1229 4483 quosque
1247 4422 1273 4469 et
1287 4432 1361 4468 mauu
1379 4418 1544 4479 fortissimos,
1561 4415 1699 4479 largitioni-

920 4515 1006 4564 busci
1021 4512 1119 4563 blandis
1136 4514 1230 4576 verbis,
1245 4517 1271 4563 et
1286 4527 1337 4577 spe,
1350 4527 1406 4575 quaa
1419 4527 1505 4564 omues
1515 4513 1624 4575 decipit,
1639 4524 1699 4560 cor-

920 4600 1002 4667 rupit,
1013 4604 1039 4652 ct
1054 4605 1152 4664 paratos
1172 4601 1259 4651 babuit
1277 4600 1309 4650 ad
1328 4615 1355 4651 se
1374 4601 1509 4651 iurandum
1534 4601 1560 4650 in
1581 4596 1700 4663 prasenti

922 4687 1063 4755 reipublicae
1076 4691 1144 4739 statu
1153 4688 1280 4738 mutando.

951 4840 1007 4888 llll.
1024 4837 1248 4897 Quibusassumtis
1258 4837 1289 4886 ad
1300 4849 1383 4901 opcroe
1392 4837 1417 4885 et
1432 4832 1533 4898 periculi
1543 4832 1696 4892 societatem,

920 4928 946 4978 et
961 4927 1070 4988 monitis,
1084 4927 1144 4990 quid
1161 4926 1250 4989 cuique
1271 4924 1401 4985 mendum,
1418 4925 1444 4972 et
1455 4921 1560 4983 captiuis
1572 4932 1635 4981 quos
1652 4917 1696 4967 ad-

919 5015 1027 5067 ducebat
1042 4999 1158 5066 'libertate
1176 5015 1252 5080 gratis
1268 5013 1332 5073 data,
1349 5010 1488 5061 utiliorum
1509 5019 1608 5073 quoque
1621 5007 1696 5059 bene·

919 5105 1052 5156 solentiam
1065 5105 1112 5155 sibi
1124 5105 1278 5165 conciliaret,
1293 5100 1420 5152 instructis
1434 5099 1549 5164 uatibus,
1571 5101 1597 5151 in
1609 5105 1698 5165 portus

87 5177 218 5238 κατίπλει
239 5179 454 5258 κεκοσμημίναις
475 5189 534 5250 ταῖς
561 5183 652 5243 ναυσὶν
679 5185 714 5249 είς
735 5185 794 5252 τοῦς
818 5190 871 5247 τῶν
917 5197 1033 5249 (tumens
1049 5198 1087 5248 est
1097 5194 1206 5248 delatus.
1241 5191 1424 5245 Tuucmilitum
1437 5192 1697 5255 patresetmatreset
