<?xml version="1.0" encoding="UTF-8"?>
<!DOCTYPE html PUBLIC "-//W3C//DTD XHTML 1.0 Transitional//EN"
    "http://www.w3.org/TR/xhtml1/DTD/xhtml1-transitional.dtd">
<html xmlns="http://www.w3.org/1999/xhtml" xml:lang="en" lang="en">
 <head>
  <title>
</title>
<meta http-equiv="Content-Type" content="text/html;charset=utf-8" />
  <meta name='ocr-system' content='tesseract 3.04.00' />
  <meta name='ocr-capabilities' content='ocr_page ocr_carea ocr_par ocr_line ocrx_word'/>
</head>
<body>
  <div class='ocr_page' id='page_1' title='image "./dionysiihalicar00prougoog_0257.png"; bbox 0 0 3772 5828; ppageno 0'>
   <div class='ocr_carea' id='block_1_1' title="bbox 612 389 1249 466">
    <p class='ocr_par' dir='ltr' id='par_1_1' title="bbox 612 389 1249 466">
     <span class='ocr_line' id='line_1_1' title="bbox 612 389 1249 466; baseline -0.014 -12"><span class='ocrx_word' id='word_1_1' title='bbox 612 392 909 466; x_wconf 60' lang='lat' dir='ltr'>axrrrgrt&#39;lsaattl</span> <span class='ocrx_word' id='word_1_2' title='bbox 932 392 1081 451; x_wconf 70' lang='grc' dir='ltr'>ΒιλλΙᾹΧ.</span> <span class='ocrx_word' id='word_1_3' title='bbox 1105 390 1176 449; x_wconf 76' lang='lat' dir='ltr'>ula.</span> <span class='ocrx_word' id='word_1_4' title='bbox 1199 389 1249 449; x_wconf 72' lang='lat' dir='ltr'>ll.</span> 
     </span>
    </p>
   </div>
   <div class='ocr_carea' id='block_1_2' title="bbox 1668 392 1729 453">
    <p class='ocr_par' dir='ltr' id='par_1_2' title="bbox 1668 392 1729 453">
     <span class='ocr_line' id='line_1_2' title="bbox 1668 392 1729 453; baseline 0.016 -1"><span class='ocrx_word' id='word_1_5' title='bbox 1668 392 1729 453; x_wconf 67' lang='lat'>&#39;235</span> 
     </span>
    </p>
   </div>
   <div class='ocr_carea' id='block_1_3' title="bbox 161 524 1728 603">
    <p class='ocr_par' dir='ltr' id='par_1_3' title="bbox 161 524 1728 603">
     <span class='ocr_line' id='line_1_3' title="bbox 161 524 1728 603; baseline -0.005 -14"><span class='ocrx_word' id='word_1_6' title='bbox 161 528 218 589; x_wconf 79' lang='lat' dir='ltr'>LV.</span> <span class='ocrx_word' id='word_1_7' title='bbox 240 525 440 603; x_wconf 79' lang='grc' dir='ltr'>’λδημαιοῦττος</span> <span class='ocrx_word' id='word_1_8' title='bbox 461 528 486 584; x_wconf 73' lang='grc' dir='ltr'>δ’</span> <span class='ocrx_word' id='word_1_9' title='bbox 505 530 549 586; x_wconf 81' lang='grc' dir='ltr'>ἐπὶ</span> <span class='ocrx_word' id='word_1_10' title='bbox 569 536 621 593; x_wconf 82' lang='grc' dir='ltr'>τοῖς</span> <span class='ocrx_word' id='word_1_11' title='bbox 640 525 826 602; x_wconf 73' lang='grc' dir='ltr'>συμύεῦηιόσι</span> <span class='ocrx_word' id='word_1_12' title='bbox 849 530 895 583; x_wconf 83' lang='grc' dir='ltr'>τοῦ</span> <span class='ocrx_word' id='word_1_13' title='bbox 919 524 925 561; x_wconf 79' lang='lat'>¹</span> <span class='ocrx_word' id='word_1_14' title='bbox 982 528 1728 591; x_wconf 70' lang='grc' dir='ltr'>1.ιὶι’σισυυιειιιΤιιηυίιιίυειιιιιιΙεεειιιιιιιικιιιιὶιει</span> 
     </span>
    </p>
   </div>
   <div class='ocr_carea' id='block_1_4' title="bbox 122 615 924 785">
    <p class='ocr_par' dir='ltr' id='par_1_4' title="bbox 122 615 924 785">
     <span class='ocr_line' id='line_1_4' title="bbox 125 615 924 695; baseline -0.009 -16"><span class='ocrx_word' id='word_1_15' title='bbox 125 618 281 695; x_wconf 73' lang='grc' dir='ltr'><strong>Ταρκυνίου,</strong></span> <span class='ocrx_word' id='word_1_16' title='bbox 302 615 349 673; x_wconf 77' lang='grc' dir='ltr'>καὶ</span> <span class='ocrx_word' id='word_1_17' title='bbox 368 616 429 675; x_wconf 75' lang='grc' dir='ltr'>οὔτε</span> <span class='ocrx_word' id='word_1_18' title='bbox 448 615 623 675; x_wconf 79' lang='grc' dir='ltr'>διαλύσασθαι</span> <span class='ocrx_word' id='word_1_19' title='bbox 638 617 684 675; x_wconf 77' lang='grc' dir='ltr'>τὀν</span> <span class='ocrx_word' id='word_1_20' title='bbox 699 616 815 689; x_wconf 80' lang='grc' dir='ltr'>πόλεμον</span> <span class='ocrx_word' id='word_1_21' title='bbox 834 618 894 673; x_wconf 73' lang='lat' dir='ltr'>ais·</span> <span class='ocrx_word' id='word_1_22' title='bbox 920 630 924 653; x_wconf 87' lang='lat'><strong>¹</strong></span> 
     </span>
     <span class='ocr_line' id='line_1_5' title="bbox 122 702 924 785; baseline -0.002 -22"><span class='ocrx_word' id='word_1_23' title='bbox 122 708 190 785; x_wconf 74' lang='grc' dir='ltr'>χρῦς</span> <span class='ocrx_word' id='word_1_24' title='bbox 203 708 375 778; x_wconf 72' lang='grc' dir='ltr'>ὑπομένοντος</span> <span class='ocrx_word' id='word_1_25' title='bbox 399 702 455 762; x_wconf 73' lang='grc' dir='ltr'>οὔτ’</span> <span class='ocrx_word' id='word_1_26' title='bbox 478 703 598 783; x_wconf 66' lang='grc' dir='ltr'>ἀντί-ρων</span> <span class='ocrx_word' id='word_1_27' title='bbox 612 706 651 764; x_wconf 81' lang='grc' dir='ltr'>ε’τι</span> <span class='ocrx_word' id='word_1_28' title='bbox 666 704 829 775; x_wconf 76' lang='grc' dir='ltr'>δυναμάνου,</span> <span class='ocrx_word' id='word_1_29' title='bbox 842 704 895 761; x_wconf 78' lang='grc' dir='ltr'>πά·</span> <span class='ocrx_word' id='word_1_30' title='bbox 920 708 924 737; x_wconf 82' lang='lat'><strong>¹</strong></span> 
     </span>
    </p>
   </div>
   <div class='ocr_carea' id='block_1_5' title="bbox 67 794 903 5297">
    <p class='ocr_par' dir='ltr' id='par_1_5' title="bbox 67 794 901 4143">
     <span class='ocr_line' id='line_1_6' title="bbox 121 794 896 872; baseline -0.005 -18"><span class='ocrx_word' id='word_1_31' title='bbox 121 818 167 862; x_wconf 89' lang='grc' dir='ltr'>σας</span> <span class='ocrx_word' id='word_1_32' title='bbox 183 794 213 852; x_wconf 72' lang='grc' dir='ltr'>δὲ</span> <span class='ocrx_word' id='word_1_33' title='bbox 232 794 324 871; x_wconf 84' lang='grc' dir='ltr'>πείρας</span> <span class='ocrx_word' id='word_1_34' title='bbox 345 794 571 872; x_wconf 64' lang='grc' dir='ltr'>ἐπτερωμένω,</span> <span class='ocrx_word' id='word_1_35' title='bbox 584 794 631 852; x_wconf 85' lang='grc' dir='ltr'>καὶ</span> <span class='ocrx_word' id='word_1_36' title='bbox 649 794 740 860; x_wconf 78' lang='grc' dir='ltr'>δολως</span> <span class='ocrx_word' id='word_1_37' title='bbox 760 794 896 851; x_wconf 81' lang='grc' dir='ltr'>παντοδα·</span> 
     </span>
     <span class='ocr_line' id='line_1_7' title="bbox 82 879 895 959; baseline 0.009 -22"><span class='ocrx_word' id='word_1_38' title='bbox 82 898 96 936; x_wconf 86' lang='grc' dir='ltr'>ο</span> <span class='ocrx_word' id='word_1_39' title='bbox 120 880 185 947; x_wconf 81' lang='grc' dir='ltr'>ποὺς</span> <span class='ocrx_word' id='word_1_40' title='bbox 203 880 375 953; x_wconf 78' lang='grc' dir='ltr'>συντιθάντος,</span> <span class='ocrx_word' id='word_1_41' title='bbox 402 886 418 941; x_wconf 82' lang='grc' dir='ltr'>ό</span> <span class='ocrx_word' id='word_1_42' title='bbox 440 879 621 959; x_wconf 78' lang='grc' dir='ltr'>πρετῦύτατσς</span> <span class='ocrx_word' id='word_1_43' title='bbox 643 883 726 940; x_wconf 74' lang='grc' dir='ltr'>αὑτοῦ</span> <span class='ocrx_word' id='word_1_44' title='bbox 742 884 795 939; x_wconf 71' lang='grc' dir='ltr'>τῶν</span> <span class='ocrx_word' id='word_1_45' title='bbox 819 882 895 943; x_wconf 74' lang='grc' dir='ltr'>υἱῶν.</span> 
     </span>
     <span class='ocr_line' id='line_1_8' title="bbox 121 968 897 1049; baseline 0.014 -11"><span class='ocrx_word' id='word_1_46' title='bbox 121 968 217 1038; x_wconf 67' lang='grc' dir='ltr'>Σέξτος</span> <span class='ocrx_word' id='word_1_47' title='bbox 242 969 537 1047; x_wconf 63' lang='grc' dir='ltr'>ὄνιμπννννσᾶνενκ</span> <span class='ocrx_word' id='word_1_48' title='bbox 557 970 606 1041; x_wconf 66' lang='grc' dir='ltr'>τὴν</span> <span class='ocrx_word' id='word_1_49' title='bbox 631 971 741 1045; x_wconf 62' lang='grc' dir='ltr'>γνώμην</span> <span class='ocrx_word' id='word_1_50' title='bbox 763 973 802 1047; x_wconf 69' lang='grc' dir='ltr'>τῦ</span> <span class='ocrx_word' id='word_1_51' title='bbox 816 969 897 1049; x_wconf 55' lang='lat'>³²³5*</span> 
     </span>
     <span class='ocr_line' id='line_1_9' title="bbox 122 1057 898 1139; baseline -0.003 -23"><span class='ocrx_word' id='word_1_52' title='bbox 122 1058 208 1139; x_wconf 76' lang='grc' dir='ltr'>μόνυρ,</span> <span class='ocrx_word' id='word_1_53' title='bbox 221 1059 265 1117; x_wconf 82' lang='grc' dir='ltr'>καὶ</span> <span class='ocrx_word' id='word_1_54' title='bbox 283 1057 358 1127; x_wconf 69' lang='grc' dir='ltr'>ἀσῖας</span> <span class='ocrx_word' id='word_1_55' title='bbox 381 1062 508 1138; x_wconf 79' lang='grc' dir='ltr'>τολμηρῷ</span> <span class='ocrx_word' id='word_1_56' title='bbox 528 1060 577 1135; x_wconf 80' lang='grc' dir='ltr'>μὲν</span> <span class='ocrx_word' id='word_1_57' title='bbox 595 1060 738 1138; x_wconf 75' lang='grc' dir='ltr'>ἐπιχειρεῖν</span> <span class='ocrx_word' id='word_1_58' title='bbox 759 1058 898 1137; x_wconf 82' lang='grc' dir='ltr'>πράγματι</span> 
     </span>
     <span class='ocr_line' id='line_1_10' title="bbox 123 1146 898 1228; baseline 0.003 -24"><span class='ocrx_word' id='word_1_59' title='bbox 123 1146 168 1204; x_wconf 82' lang='grc' dir='ltr'>καὶ</span> <span class='ocrx_word' id='word_1_60' title='bbox 180 1148 262 1226; x_wconf 88' lang='grc' dir='ltr'>με’γαν</span> <span class='ocrx_word' id='word_1_61' title='bbox 274 1149 361 1228; x_wconf 63' lang='grc' dir='ltr'>ἔχοντι</span> <span class='ocrx_word' id='word_1_62' title='bbox 374 1149 510 1221; x_wconf 79' lang='grc' dir='ltr'>κίνδυνον,</span> <span class='ocrx_word' id='word_1_63' title='bbox 524 1152 555 1208; x_wconf 64' lang='grc' dir='ltr'>σύ</span> <span class='ocrx_word' id='word_1_64' title='bbox 565 1149 620 1225; x_wconf 73' lang='grc' dir='ltr'>μήν</span> <span class='ocrx_word' id='word_1_65' title='bbox 635 1148 755 1227; x_wconf 81' lang='grc' dir='ltr'>ἀδυνάτῳ</span> <span class='ocrx_word' id='word_1_66' title='bbox 768 1170 815 1226; x_wconf 90' lang='grc' dir='ltr'>γε,</span> <span class='ocrx_word' id='word_1_67' title='bbox 833 1171 898 1223; x_wconf 85' lang='grc' dir='ltr'>συγ·</span> 
     </span>
     <span class='ocr_line' id='line_1_11' title="bbox 121 1236 899 1317; baseline 0.001 -23"><span class='ocrx_word' id='word_1_68' title='bbox 121 1236 287 1314; x_wconf 79' lang='grc' dir='ltr'>χωρήσαντος</span> <span class='ocrx_word' id='word_1_69' title='bbox 300 1236 458 1317; x_wconf 73' lang='grc' dir='ltr'>τοῦπατρὸς</span> <span class='ocrx_word' id='word_1_70' title='bbox 480 1247 565 1295; x_wconf 84' lang='grc' dir='ltr'>ποιεῖν</span> <span class='ocrx_word' id='word_1_71' title='bbox 580 1238 630 1296; x_wconf 75' lang='grc' dir='ltr'>ὅσα</span> <span class='ocrx_word' id='word_1_72' title='bbox 650 1236 790 1316; x_wconf 83' lang='grc' dir='ltr'>βούλεται,</span> <span class='ocrx_word' id='word_1_73' title='bbox 814 1236 899 1305; x_wconf 66' lang='grc' dir='ltr'>σκήπν</span> 
     </span>
     <span class='ocr_line' id='line_1_12' title="bbox 67 1323 898 1406; baseline 0.001 -25"><span class='ocrx_word' id='word_1_74' title='bbox 67 1338 94 1377; x_wconf 82' lang='lat'>1⁰</span> <span class='ocrx_word' id='word_1_75' title='bbox 119 1346 192 1383; x_wconf 87' lang='grc' dir='ltr'>τιται</span> <span class='ocrx_word' id='word_1_76' title='bbox 205 1323 332 1405; x_wconf 79' lang='grc' dir='ltr'>ἀιαρσράν</span> <span class='ocrx_word' id='word_1_77' title='bbox 342 1326 406 1403; x_wconf 75' lang='grc' dir='ltr'>πρὸς</span> <span class='ocrx_word' id='word_1_78' title='bbox 418 1327 464 1384; x_wconf 81' lang='grc' dir='ltr'>τ’σν</span> <span class='ocrx_word' id='word_1_79' title='bbox 476 1327 580 1405; x_wconf 79' lang='grc' dir='ltr'>πατέρα</span> <span class='ocrx_word' id='word_1_80' title='bbox 592 1327 652 1406; x_wconf 80' lang='grc' dir='ltr'>περὶ</span> <span class='ocrx_word' id='word_1_81' title='bbox 665 1330 712 1396; x_wconf 73' lang='grc' dir='ltr'>τῆς</span> <span class='ocrx_word' id='word_1_82' title='bbox 728 1324 898 1393; x_wconf 66' lang='grc' dir='ltr'>καταλύσεως</span> 
     </span>
     <span class='ocr_line' id='line_1_13' title="bbox 120 1413 898 1494; baseline -0.003 -22"><span class='ocrx_word' id='word_1_83' title='bbox 120 1420 164 1472; x_wconf 89' lang='grc' dir='ltr'>τοῦ</span> <span class='ocrx_word' id='word_1_84' title='bbox 186 1415 318 1489; x_wconf 76' lang='grc' dir='ltr'>πολέμου·</span> <span class='ocrx_word' id='word_1_85' title='bbox 337 1416 512 1491; x_wconf 83' lang='grc' dir='ltr'>μαστιγωθεὶς</span> <span class='ocrx_word' id='word_1_86' title='bbox 528 1416 551 1473; x_wconf 78' lang='grc' dir='ltr'>δ’</span> <span class='ocrx_word' id='word_1_87' title='bbox 574 1419 620 1474; x_wconf 75' lang='grc' dir='ltr'>ὑπ’</span> <span class='ocrx_word' id='word_1_88' title='bbox 640 1417 721 1475; x_wconf 70' lang='grc' dir='ltr'>αὑτοῦ</span> <span class='ocrx_word' id='word_1_89' title='bbox 745 1413 851 1494; x_wconf 66' lang='lat' dir='ltr'>pidem</span> <span class='ocrx_word' id='word_1_90' title='bbox 871 1418 898 1474; x_wconf 78' lang='grc' dir='ltr'>δν</span> 
     </span>
     <span class='ocr_line' id='line_1_14' title="bbox 120 1500 897 1584; baseline 0.005 -25"><span class='ocrx_word' id='word_1_91' title='bbox 120 1503 203 1584; x_wconf 71' lang='grc' dir='ltr'>ἀγορᾷ</span> <span class='ocrx_word' id='word_1_92' title='bbox 223 1500 270 1561; x_wconf 74' lang='grc' dir='ltr'>καὶ</span> <span class='ocrx_word' id='word_1_93' title='bbox 290 1502 377 1561; x_wconf 82' lang='grc' dir='ltr'>τάλλα</span> <span class='ocrx_word' id='word_1_94' title='bbox 399 1501 611 1583; x_wconf 79' lang='grc' dir='ltr'>περιυῦρισθεὶς,</span> <span class='ocrx_word' id='word_1_95' title='bbox 644 1504 714 1562; x_wconf 75' lang='grc' dir='ltr'>ὥστε</span> <span class='ocrx_word' id='word_1_96' title='bbox 740 1503 897 1581; x_wconf 85' lang='grc' dir='ltr'>περιόόητον</span> 
     </span>
     <span class='ocr_line' id='line_1_15' title="bbox 120 1591 898 1671; baseline 0.005 -24"><span class='ocrx_word' id='word_1_97' title='bbox 120 1591 239 1667; x_wconf 75' lang='grc' dir='ltr'>γενέσθαι</span> <span class='ocrx_word' id='word_1_98' title='bbox 265 1592 296 1651; x_wconf 80' lang='grc' dir='ltr'>τό</span> <span class='ocrx_word' id='word_1_99' title='bbox 318 1599 449 1671; x_wconf 67' lang='grc' dir='ltr'>πρᾶγμα,</span> <span class='ocrx_word' id='word_1_100' title='bbox 466 1595 573 1671; x_wconf 76' lang='grc' dir='ltr'>πρῶτον</span> <span class='ocrx_word' id='word_1_101' title='bbox 596 1591 644 1667; x_wconf 79' lang='grc' dir='ltr'>μὲν</span> <span class='ocrx_word' id='word_1_102' title='bbox 666 1595 697 1651; x_wconf 81' lang='grc' dir='ltr'>ἐκ</span> <span class='ocrx_word' id='word_1_103' title='bbox 718 1595 772 1651; x_wconf 80' lang='grc' dir='ltr'>τῶν</span> <span class='ocrx_word' id='word_1_104' title='bbox 787 1593 898 1670; x_wconf 77' lang='grc' dir='ltr'>ἑταίρων</span> 
     </span>
     <span class='ocr_line' id='line_1_16' title="bbox 120 1674 899 1760; baseline 0.004 -26"><span class='ocrx_word' id='word_1_105' title='bbox 120 1674 179 1743; x_wconf 77' lang='grc' dir='ltr'>τοὺς</span> <span class='ocrx_word' id='word_1_106' title='bbox 192 1676 365 1745; x_wconf 78' lang='grc' dir='ltr'>πιστοτάτοις</span> <span class='ocrx_word' id='word_1_107' title='bbox 376 1677 496 1753; x_wconf 75' lang='grc' dir='ltr'>ἔπεμπεν</span> <span class='ocrx_word' id='word_1_108' title='bbox 507 1683 543 1744; x_wconf 80' lang='grc' dir='ltr'>ὡς</span> <span class='ocrx_word' id='word_1_109' title='bbox 558 1681 734 1755; x_wconf 80' lang='grc' dir='ltr'>οὗτομόλσυς,</span> <span class='ocrx_word' id='word_1_110' title='bbox 751 1681 899 1760; x_wconf 72' lang='grc' dir='ltr'>φράσοντας</span> 
     </span>
     <span class='ocr_line' id='line_1_17' title="bbox 70 1764 900 1847; baseline 0.012 -31"><span class='ocrx_word' id='word_1_111' title='bbox 70 1780 94 1816; x_wconf 85' lang='grc' dir='ltr'>ιε</span> <span class='ocrx_word' id='word_1_112' title='bbox 120 1766 173 1831; x_wconf 83' lang='grc' dir='ltr'>τοῖς</span> <span class='ocrx_word' id='word_1_113' title='bbox 197 1764 305 1831; x_wconf 79' lang='grc' dir='ltr'>Γαύίσις</span> <span class='ocrx_word' id='word_1_114' title='bbox 322 1765 356 1822; x_wconf 86' lang='grc' dir='ltr'>δι’</span> <span class='ocrx_word' id='word_1_115' title='bbox 378 1766 552 1846; x_wconf 85' lang='grc' dir='ltr'>ἀπορρήτων,</span> <span class='ocrx_word' id='word_1_116' title='bbox 565 1766 607 1825; x_wconf 82' lang='grc' dir='ltr'>ότι</span> <span class='ocrx_word' id='word_1_117' title='bbox 624 1770 749 1844; x_wconf 77' lang='grc' dir='ltr'>πολεμεῖν</span> <span class='ocrx_word' id='word_1_118' title='bbox 763 1772 802 1847; x_wconf 78' lang='grc' dir='ltr'>τῷ</span> <span class='ocrx_word' id='word_1_119' title='bbox 818 1768 900 1847; x_wconf 82' lang='grc' dir='ltr'>πατρὶ</span> 
     </span>
     <span class='ocr_line' id='line_1_18' title="bbox 121 1851 899 1935; baseline 0.006 -26"><span class='ocrx_word' id='word_1_120' title='bbox 121 1851 261 1929; x_wconf 79' lang='grc' dir='ltr'>διάγνωκιν</span> <span class='ocrx_word' id='word_1_121' title='bbox 272 1856 308 1920; x_wconf 81' lang='grc' dir='ltr'>ὣς</span> <span class='ocrx_word' id='word_1_122' title='bbox 320 1853 412 1921; x_wconf 71' lang='grc' dir='ltr'>αῦτυῖις</span> <span class='ocrx_word' id='word_1_123' title='bbox 422 1856 599 1935; x_wconf 67' lang='grc' dir='ltr'>ἀφικόμενος,</span> <span class='ocrx_word' id='word_1_124' title='bbox 615 1858 637 1914; x_wconf 80' lang='grc' dir='ltr'>ελ</span> <span class='ocrx_word' id='word_1_125' title='bbox 648 1856 727 1916; x_wconf 84' lang='grc' dir='ltr'>λα’όοι</span> <span class='ocrx_word' id='word_1_126' title='bbox 744 1858 846 1921; x_wconf 77' lang='grc' dir='ltr'>πίστεις</span> <span class='ocrx_word' id='word_1_127' title='bbox 859 1856 899 1914; x_wconf 85' lang='grc' dir='ltr'>ὅτι</span> 
     </span>
     <span class='ocr_line' id='line_1_19' title="bbox 123 1939 898 2024; baseline 0.008 -26"><span class='ocrx_word' id='word_1_128' title='bbox 123 1939 277 2019; x_wconf 72' lang='grc' dir='ltr'>φυλάξουσιν</span> <span class='ocrx_word' id='word_1_129' title='bbox 291 1942 368 2002; x_wconf 76' lang='grc' dir='ltr'>αὑτὸν</span> <span class='ocrx_word' id='word_1_130' title='bbox 380 1941 471 2024; x_wconf 72' lang='grc' dir='ltr'>ὥσπερ</span> <span class='ocrx_word' id='word_1_131' title='bbox 482 1946 528 2003; x_wconf 85' lang='grc' dir='ltr'>καὶ</span> <span class='ocrx_word' id='word_1_132' title='bbox 542 1944 602 2011; x_wconf 81' lang='grc' dir='ltr'>τούς</span> <span class='ocrx_word' id='word_1_133' title='bbox 613 1948 708 2012; x_wconf 75' lang='grc' dir='ltr'>ἄλλους</span> <span class='ocrx_word' id='word_1_134' title='bbox 721 1945 783 2013; x_wconf 81' lang='grc' dir='ltr'>τούς</span> <span class='ocrx_word' id='word_1_135' title='bbox 794 1948 898 2007; x_wconf 77' lang='grc' dir='ltr'>ἔκῬόι·</span> 
     </span>
     <span class='ocr_line' id='line_1_20' title="bbox 124 2028 899 2112; baseline 0.006 -24"><span class='ocrx_word' id='word_1_136' title='bbox 124 2051 177 2103; x_wconf 86' lang='grc' dir='ltr'>μης</span> <span class='ocrx_word' id='word_1_137' title='bbox 190 2028 311 2110; x_wconf 76' lang='grc' dir='ltr'>φυγάδας,</span> <span class='ocrx_word' id='word_1_138' title='bbox 323 2030 370 2090; x_wconf 83' lang='grc' dir='ltr'>καλ</span> <span class='ocrx_word' id='word_1_139' title='bbox 382 2034 431 2091; x_wconf 82' lang='grc' dir='ltr'>οῦκ</span> <span class='ocrx_word' id='word_1_140' title='bbox 444 2032 591 2092; x_wconf 69' lang='grc' dir='ltr'>ἐκδώσουσι</span> <span class='ocrx_word' id='word_1_141' title='bbox 604 2035 643 2112; x_wconf 77' lang='grc' dir='ltr'>τῷ</span> <span class='ocrx_word' id='word_1_142' title='bbox 656 2034 751 2112; x_wconf 75' lang='grc' dir='ltr'>πατρὶ,</span> <span class='ocrx_word' id='word_1_143' title='bbox 765 2034 812 2099; x_wconf 80' lang='grc' dir='ltr'>τάς</span> <span class='ocrx_word' id='word_1_144' title='bbox 833 2034 899 2100; x_wconf 76' lang='grc' dir='ltr'>ἰδίας</span> 
     </span>
     <span class='ocr_line' id='line_1_21' title="bbox 123 2114 899 2201; baseline 0.01 -30"><span class='ocrx_word' id='word_1_145' title='bbox 123 2114 218 2194; x_wconf 81' lang='grc' dir='ltr'>ἔχθρας</span> <span class='ocrx_word' id='word_1_146' title='bbox 231 2117 382 2185; x_wconf 75' lang='grc' dir='ltr'>ἐλπίσαντες</span> <span class='ocrx_word' id='word_1_147' title='bbox 395 2120 439 2178; x_wconf 81' lang='grc' dir='ltr'>ἀπὶ</span> <span class='ocrx_word' id='word_1_148' title='bbox 451 2122 490 2200; x_wconf 82' lang='grc' dir='ltr'>τῷ</span> <span class='ocrx_word' id='word_1_149' title='bbox 503 2120 623 2201; x_wconf 68' lang='grc' dir='ltr'>σφετέρῳ</span> <span class='ocrx_word' id='word_1_150' title='bbox 637 2122 796 2201; x_wconf 73' lang='grc' dir='ltr'>συμφέροντι</span> <span class='ocrx_word' id='word_1_151' title='bbox 809 2122 899 2180; x_wconf 83' lang='grc' dir='ltr'>διαλύ-</span> 
     </span>
     <span class='ocr_line' id='line_1_22' title="bbox 68 2205 899 2287; baseline 0.013 -29"><span class='ocrx_word' id='word_1_152' title='bbox 68 2221 95 2258; x_wconf 82' lang='grc' dir='ltr'>νο</span> <span class='ocrx_word' id='word_1_153' title='bbox 122 2208 223 2265; x_wconf 83' lang='grc' dir='ltr'>σεσθαι.</span> <span class='ocrx_word' id='word_1_154' title='bbox 266 2205 396 2283; x_wconf 76' lang='grc' dir='ltr'>Ἀσμάνοις</span> <span class='ocrx_word' id='word_1_155' title='bbox 416 2208 444 2266; x_wconf 82' lang='grc' dir='ltr'>ἀλ</span> <span class='ocrx_word' id='word_1_156' title='bbox 466 2213 520 2268; x_wconf 76' lang='grc' dir='ltr'>τῶν</span> <span class='ocrx_word' id='word_1_157' title='bbox 544 2209 704 2269; x_wconf 83' lang='grc' dir='ltr'>Ιάόίωντὸν</span> <span class='ocrx_word' id='word_1_158' title='bbox 724 2212 800 2287; x_wconf 86' lang='grc' dir='ltr'>λόγον</span> <span class='ocrx_word' id='word_1_159' title='bbox 815 2213 899 2269; x_wconf 87' lang='grc' dir='ltr'>ἀκου-</span> 
     </span>
     <span class='ocr_line' id='line_1_23' title="bbox 121 2294 899 2377; baseline 0.013 -29"><span class='ocrx_word' id='word_1_160' title='bbox 121 2296 222 2351; x_wconf 81' lang='grc' dir='ltr'>σάντων</span> <span class='ocrx_word' id='word_1_161' title='bbox 237 2294 283 2352; x_wconf 87' lang='grc' dir='ltr'>καὶ</span> <span class='ocrx_word' id='word_1_162' title='bbox 295 2295 378 2371; x_wconf 77' lang='grc' dir='ltr'>μηάἀν</span> <span class='ocrx_word' id='word_1_163' title='bbox 392 2297 429 2362; x_wconf 82' lang='grc' dir='ltr'>εἰς</span> <span class='ocrx_word' id='word_1_164' title='bbox 439 2296 516 2357; x_wconf 72' lang='grc' dir='ltr'>αὐτὸν</span> <span class='ocrx_word' id='word_1_165' title='bbox 529 2298 728 2377; x_wconf 72' lang='grc' dir='ltr'>παρανομήσειν</span> <span class='ocrx_word' id='word_1_166' title='bbox 744 2300 899 2377; x_wconf 83' lang='grc' dir='ltr'>διομολογη·</span> 
     </span>
     <span class='ocr_line' id='line_1_24' title="bbox 120 2380 899 2463; baseline 0.015 -27"><span class='ocrx_word' id='word_1_167' title='bbox 120 2380 259 2460; x_wconf 79' lang='grc' dir='ltr'>σαμάνων,</span> <span class='ocrx_word' id='word_1_168' title='bbox 282 2388 370 2463; x_wconf 73' lang='grc' dir='ltr'>παρῆν</span> <span class='ocrx_word' id='word_1_169' title='bbox 393 2383 511 2463; x_wconf 76' lang='grc' dir='ltr'>δταλρους</span> <span class='ocrx_word' id='word_1_170' title='bbox 532 2409 561 2445; x_wconf 88' lang='grc' dir='ltr'>τε</span> <span class='ocrx_word' id='word_1_171' title='bbox 584 2385 697 2454; x_wconf 77' lang='grc' dir='ltr'>πολλοὺς</span> <span class='ocrx_word' id='word_1_172' title='bbox 717 2388 762 2445; x_wconf 83' lang='grc' dir='ltr'>καὶ</span> <span class='ocrx_word' id='word_1_173' title='bbox 784 2389 899 2454; x_wconf 88' lang='grc' dir='ltr'>πελάτας</span> 
     </span>
     <span class='ocr_line' id='line_1_25' title="bbox 122 2469 898 2554; baseline 0.015 -30"><span class='ocrx_word' id='word_1_174' title='bbox 122 2469 284 2548; x_wconf 78' lang='grc' dir='ltr'>ἐπαγόμενος</span> <span class='ocrx_word' id='word_1_175' title='bbox 297 2474 334 2537; x_wconf 80' lang='grc' dir='ltr'>ὡς</span> <span class='ocrx_word' id='word_1_176' title='bbox 353 2472 509 2549; x_wconf 82' lang='grc' dir='ltr'>αύτόμολος·</span> <span class='ocrx_word' id='word_1_177' title='bbox 521 2474 565 2534; x_wconf 73' lang='grc' dir='ltr'>ἵνα</span> <span class='ocrx_word' id='word_1_178' title='bbox 582 2474 610 2534; x_wconf 78' lang='grc' dir='ltr'>δὲ</span> <span class='ocrx_word' id='word_1_179' title='bbox 629 2478 730 2552; x_wconf 76' lang='grc' dir='ltr'>μᾶλλον</span> <span class='ocrx_word' id='word_1_180' title='bbox 748 2478 821 2554; x_wconf 78' lang='grc' dir='ltr'>αὐτῷ</span> <span class='ocrx_word' id='word_1_181' title='bbox 835 2501 898 2537; x_wconf 92' lang='grc' dir='ltr'>πισ-</span> 
     </span>
     <span class='ocr_line' id='line_1_26' title="bbox 123 2555 899 2642; baseline 0.014 -31"><span class='ocrx_word' id='word_1_182' title='bbox 123 2555 241 2614; x_wconf 84' lang='grc' dir='ltr'>τεύσειαν</span> <span class='ocrx_word' id='word_1_183' title='bbox 256 2558 391 2629; x_wconf 83' lang='grc' dir='ltr'>ἀληθεύειν</span> <span class='ocrx_word' id='word_1_184' title='bbox 411 2560 459 2631; x_wconf 76' lang='grc' dir='ltr'>τήν</span> <span class='ocrx_word' id='word_1_185' title='bbox 472 2562 525 2621; x_wconf 78' lang='grc' dir='ltr'>ἀπὸ</span> <span class='ocrx_word' id='word_1_186' title='bbox 547 2570 594 2623; x_wconf 79' lang='grc' dir='ltr'>τοῦ</span> <span class='ocrx_word' id='word_1_187' title='bbox 614 2564 714 2642; x_wconf 76' lang='grc' dir='ltr'>πατρὸς</span> <span class='ocrx_word' id='word_1_188' title='bbox 738 2565 899 2637; x_wconf 82' lang='grc' dir='ltr'>ἀπόστασιν,</span> 
     </span>
     <span class='ocr_line' id='line_1_27' title="bbox 67 2642 899 2730; baseline 0.014 -30"><span class='ocrx_word' id='word_1_189' title='bbox 67 2663 97 2700; x_wconf 73' lang='grc' dir='ltr'>τε</span> <span class='ocrx_word' id='word_1_190' title='bbox 125 2642 248 2721; x_wconf 86' lang='grc' dir='ltr'>ἀργύριόν</span> <span class='ocrx_word' id='word_1_191' title='bbox 262 2666 291 2701; x_wconf 89' lang='grc' dir='ltr'>τε</span> <span class='ocrx_word' id='word_1_192' title='bbox 309 2646 356 2701; x_wconf 85' lang='grc' dir='ltr'>καὶ</span> <span class='ocrx_word' id='word_1_193' title='bbox 368 2650 475 2724; x_wconf 74' lang='grc' dir='ltr'>χρυσίον</span> <span class='ocrx_word' id='word_1_194' title='bbox 490 2650 556 2709; x_wconf 81' lang='grc' dir='ltr'>πολὺ</span> <span class='ocrx_word' id='word_1_195' title='bbox 575 2652 698 2726; x_wconf 82' lang='grc' dir='ltr'>κομίζων.</span> <span class='ocrx_word' id='word_1_196' title='bbox 741 2651 899 2730; x_wconf 70' lang='grc' dir='ltr'>’λίπισυνέρ-</span> 
     </span>
     <span class='ocr_line' id='line_1_28' title="bbox 126 2730 899 2813; baseline 0.016 -26"><span class='ocrx_word' id='word_1_197' title='bbox 126 2730 184 2808; x_wconf 87' lang='grc' dir='ltr'>ρεόν</span> <span class='ocrx_word' id='word_1_198' title='bbox 197 2736 221 2788; x_wconf 84' lang='grc' dir='ltr'>τ’</span> <span class='ocrx_word' id='word_1_199' title='bbox 240 2733 313 2813; x_wconf 79' lang='grc' dir='ltr'>αύτῷ</span> <span class='ocrx_word' id='word_1_200' title='bbox 325 2736 417 2793; x_wconf 81' lang='grc' dir='ltr'>πολλοὶ</span> <span class='ocrx_word' id='word_1_201' title='bbox 432 2738 497 2811; x_wconf 81' lang='grc' dir='ltr'>μετά</span> <span class='ocrx_word' id='word_1_202' title='bbox 516 2745 599 2798; x_wconf 87' lang='grc' dir='ltr'>ταῦτα</span> <span class='ocrx_word' id='word_1_203' title='bbox 612 2744 664 2798; x_wconf 83' lang='grc' dir='ltr'>τῶν</span> <span class='ocrx_word' id='word_1_204' title='bbox 685 2743 715 2799; x_wconf 79' lang='grc' dir='ltr'>ἐκ</span> <span class='ocrx_word' id='word_1_205' title='bbox 736 2745 782 2811; x_wconf 73' lang='grc' dir='ltr'>τῆς</span> <span class='ocrx_word' id='word_1_206' title='bbox 799 2742 899 2806; x_wconf 81' lang='grc' dir='ltr'>πολεως</span> 
     </span>
     <span class='ocr_line' id='line_1_29' title="bbox 122 2815 898 2909; baseline 0.019 -35"><span class='ocrx_word' id='word_1_207' title='bbox 122 2815 227 2898; x_wconf 77' lang='grc' dir='ltr'>φεύγειν</span> <span class='ocrx_word' id='word_1_208' title='bbox 248 2819 296 2890; x_wconf 75' lang='grc' dir='ltr'>τήν</span> <span class='ocrx_word' id='word_1_209' title='bbox 319 2822 458 2895; x_wconf 74' lang='grc' dir='ltr'>τυραννίδα</span> <span class='ocrx_word' id='word_1_210' title='bbox 489 2830 685 2904; x_wconf 85' lang='grc' dir='ltr'>σκηπτόμενοι,</span> <span class='ocrx_word' id='word_1_211' title='bbox 707 2829 752 2885; x_wconf 78' lang='grc' dir='ltr'>και</span> <span class='ocrx_word' id='word_1_212' title='bbox 769 2828 829 2909; x_wconf 74' lang='grc' dir='ltr'>χεὶρ</span> <span class='ocrx_word' id='word_1_213' title='bbox 847 2831 898 2902; x_wconf 82' lang='grc' dir='ltr'>ήδη</span> 
     </span>
     <span class='ocr_line' id='line_1_30' title="bbox 119 2900 899 2995; baseline 0.015 -30"><span class='ocrx_word' id='word_1_214' title='bbox 119 2906 180 2987; x_wconf 85' lang='grc' dir='ltr'>περλ</span> <span class='ocrx_word' id='word_1_215' title='bbox 194 2908 273 2966; x_wconf 83' lang='grc' dir='ltr'>αὐτὸν</span> <span class='ocrx_word' id='word_1_216' title='bbox 285 2900 318 2981; x_wconf 66' lang='grc' dir='ltr'>ἦν</span> <span class='ocrx_word' id='word_1_217' title='bbox 334 2913 457 2992; x_wconf 83' lang='grc' dir='ltr'>καρτερά.</span> <span class='ocrx_word' id='word_1_218' title='bbox 496 2906 622 2984; x_wconf 69' lang='lat' dir='ltr'>diluere&lt;</span> <span class='ocrx_word' id='word_1_219' title='bbox 641 2916 665 2974; x_wconf 83' lang='grc' dir='ltr'>δ’</span> <span class='ocrx_word' id='word_1_220' title='bbox 681 2919 705 2974; x_wconf 81' lang='grc' dir='ltr'>οἱ</span> <span class='ocrx_word' id='word_1_221' title='bbox 722 2918 814 2977; x_wconf 81' lang='grc' dir='ltr'>Γάόιοι</span> <span class='ocrx_word' id='word_1_222' title='bbox 830 2918 899 2995; x_wconf 75' lang='grc' dir='ltr'>μίγα</span> 
     </span>
     <span class='ocr_line' id='line_1_31' title="bbox 120 2996 900 3080; baseline 0.01 -25"><span class='ocrx_word' id='word_1_223' title='bbox 120 2996 323 3075; x_wconf 70' lang='grc' dir='ltr'>προσγεγονέναι</span> <span class='ocrx_word' id='word_1_224' title='bbox 340 3002 413 3079; x_wconf 83' lang='grc' dir='ltr'>σρίσι</span> <span class='ocrx_word' id='word_1_225' title='bbox 427 3004 628 3080; x_wconf 82' lang='grc' dir='ltr'>πλεονέκτημα,</span> <span class='ocrx_word' id='word_1_226' title='bbox 639 3005 744 3063; x_wconf 85' lang='grc' dir='ltr'>πολλῶν</span> <span class='ocrx_word' id='word_1_227' title='bbox 755 3009 790 3071; x_wconf 77' lang='grc' dir='ltr'>ὡς</span> <span class='ocrx_word' id='word_1_228' title='bbox 807 3005 900 3072; x_wconf 78' lang='grc' dir='ltr'>αὐτοὺς</span> 
     </span>
     <span class='ocr_line' id='line_1_32' title="bbox 67 3083 900 3173; baseline 0.018 -35"><span class='ocrx_word' id='word_1_229' title='bbox 67 3113 96 3152; x_wconf 69' lang='lat'>,0</span> <span class='ocrx_word' id='word_1_230' title='bbox 120 3083 298 3163; x_wconf 81' lang='grc' dir='ltr'>ἀρικομάνων,</span> <span class='ocrx_word' id='word_1_231' title='bbox 311 3085 399 3147; x_wconf 78' lang='grc' dir='ltr'>καλοῦ</span> <span class='ocrx_word' id='word_1_232' title='bbox 419 3088 462 3149; x_wconf 82' lang='grc' dir='ltr'>διδ</span> <span class='ocrx_word' id='word_1_233' title='bbox 477 3097 580 3170; x_wconf 83' lang='grc' dir='ltr'>μακροῦ</span> <span class='ocrx_word' id='word_1_234' title='bbox 600 3093 649 3163; x_wconf 77' lang='grc' dir='ltr'>τὴν</span> <span class='ocrx_word' id='word_1_235' title='bbox 664 3091 775 3168; x_wconf 80' lang='grc' dir='ltr'>Ῥώμην</span> <span class='ocrx_word' id='word_1_236' title='bbox 789 3094 900 3173; x_wconf 80' lang='grc' dir='ltr'>ὑποχεί-</span> 
     </span>
     <span class='ocr_line' id='line_1_33' title="bbox 121 3173 900 3257; baseline 0.017 -29"><span class='ocrx_word' id='word_1_237' title='bbox 121 3195 174 3251; x_wconf 87' lang='grc' dir='ltr'>ριον</span> <span class='ocrx_word' id='word_1_238' title='bbox 189 3173 254 3243; x_wconf 71' lang='grc' dir='ltr'>ἕξειν</span> <span class='ocrx_word' id='word_1_239' title='bbox 268 3178 439 3255; x_wconf 74' lang='grc' dir='ltr'>ἐλπίσαντες,</span> <span class='ocrx_word' id='word_1_240' title='bbox 457 3181 503 3238; x_wconf 85' lang='grc' dir='ltr'>καὶ</span> <span class='ocrx_word' id='word_1_241' title='bbox 517 3180 556 3239; x_wconf 80' lang='grc' dir='ltr'>ἔτι</span> <span class='ocrx_word' id='word_1_242' title='bbox 579 3184 679 3257; x_wconf 80' lang='grc' dir='ltr'>μᾶλλον</span> <span class='ocrx_word' id='word_1_243' title='bbox 694 3182 900 3254; x_wconf 83' lang='grc' dir='ltr'>ἐξαπατηθέντες</span> 
     </span>
     <span class='ocr_line' id='line_1_34' title="bbox 120 3252 900 3351; baseline 0.015 -32"><span class='ocrx_word' id='word_1_244' title='bbox 120 3264 162 3339; x_wconf 73' lang='grc' dir='ltr'>ὑφ’</span> <span class='ocrx_word' id='word_1_245' title='bbox 174 3252 210 3321; x_wconf 75' lang='grc' dir='ltr'>άιν</span> <span class='ocrx_word' id='word_1_246' title='bbox 224 3263 376 3342; x_wconf 77' lang='grc' dir='ltr'>άπραττενό</span> <span class='ocrx_word' id='word_1_247' title='bbox 388 3272 436 3325; x_wconf 87' lang='grc' dir='ltr'>τοῦ</span> <span class='ocrx_word' id='word_1_248' title='bbox 451 3270 552 3347; x_wconf 80' lang='grc' dir='ltr'>πατρὸς</span> <span class='ocrx_word' id='word_1_249' title='bbox 562 3271 713 3343; x_wconf 80' lang='grc' dir='ltr'>ἀποστάτης</span> <span class='ocrx_word' id='word_1_250' title='bbox 727 3276 843 3351; x_wconf 67' lang='grc' dir='ltr'>συνεχῶς</span> <span class='ocrx_word' id='word_1_251' title='bbox 856 3273 900 3331; x_wconf 67' lang='lat' dir='ltr'>let</span> 
     </span>
     <span class='ocr_line' id='line_1_35' title="bbox 121 3349 899 3437; baseline 0.013 -30"><span class='ocrx_word' id='word_1_252' title='bbox 121 3349 168 3420; x_wconf 80' lang='grc' dir='ltr'>τήν</span> <span class='ocrx_word' id='word_1_253' title='bbox 174 3350 265 3434; x_wconf 80' lang='grc' dir='ltr'>χώραν</span> <span class='ocrx_word' id='word_1_254' title='bbox 278 3350 353 3420; x_wconf 57' lang='lat' dir='ltr'>dirtos</span> <span class='ocrx_word' id='word_1_255' title='bbox 365 3354 410 3413; x_wconf 86' lang='grc' dir='ltr'>καλ</span> <span class='ocrx_word' id='word_1_256' title='bbox 416 3357 517 3423; x_wconf 79' lang='grc' dir='ltr'>πολλάς</span> <span class='ocrx_word' id='word_1_257' title='bbox 527 3358 750 3437; x_wconf 79' lang='grc' dir='ltr'>περιύαλλόμενος</span> <span class='ocrx_word' id='word_1_258' title='bbox 760 3361 899 3433; x_wconf 75' lang='grc' dir='ltr'>ὠφελείας·</span> 
     </span>
     <span class='ocr_line' id='line_1_36' title="bbox 122 3440 900 3527; baseline 0.017 -31"><span class='ocrx_word' id='word_1_259' title='bbox 122 3440 303 3519; x_wconf 85' lang='grc' dir='ltr'>παρεσκεύασε</span> <span class='ocrx_word' id='word_1_260' title='bbox 313 3440 365 3523; x_wconf 77' lang='grc' dir='ltr'>γάρ</span> <span class='ocrx_word' id='word_1_261' title='bbox 379 3445 494 3526; x_wconf 77' lang='grc' dir='ltr'>θπατὴρ</span> <span class='ocrx_word' id='word_1_262' title='bbox 509 3448 593 3525; x_wconf 82' lang='grc' dir='ltr'>αὐτῷ,</span> <span class='ocrx_word' id='word_1_263' title='bbox 606 3446 733 3527; x_wconf 82' lang='grc' dir='ltr'>προειδὼς</span> <span class='ocrx_word' id='word_1_264' title='bbox 747 3450 783 3515; x_wconf 83' lang='grc' dir='ltr'>εἷς</span> <span class='ocrx_word' id='word_1_265' title='bbox 793 3448 836 3515; x_wconf 79' lang='grc' dir='ltr'>οὓς</span> <span class='ocrx_word' id='word_1_266' title='bbox 847 3472 900 3509; x_wconf 90' lang='grc' dir='ltr'>πα·</span> 
     </span>
     <span class='ocr_line' id='line_1_37' title="bbox 69 3526 900 3617; baseline 0.013 -32"><span class='ocrx_word' id='word_1_267' title='bbox 69 3552 95 3590; x_wconf 79' lang='grc' dir='ltr'>ω</span> <span class='ocrx_word' id='word_1_268' title='bbox 124 3526 215 3605; x_wconf 80' lang='grc' dir='ltr'>ρὲσται</span> <span class='ocrx_word' id='word_1_269' title='bbox 232 3529 325 3597; x_wconf 78' lang='grc' dir='ltr'>τόποις</span> <span class='ocrx_word' id='word_1_270' title='bbox 349 3531 397 3603; x_wconf 89' lang='grc' dir='ltr'>τήν</span> <span class='ocrx_word' id='word_1_271' title='bbox 420 3534 536 3593; x_wconf 71' lang='grc' dir='ltr'>τελείαν</span> <span class='ocrx_word' id='word_1_272' title='bbox 558 3534 667 3616; x_wconf 82' lang='grc' dir='ltr'>άρθονον</span> <span class='ocrx_word' id='word_1_273' title='bbox 691 3538 736 3595; x_wconf 83' lang='grc' dir='ltr'>καὶ</span> <span class='ocrx_word' id='word_1_274' title='bbox 760 3537 793 3594; x_wconf 82' lang='grc' dir='ltr'>τὰ</span> <span class='ocrx_word' id='word_1_275' title='bbox 813 3542 900 3617; x_wconf 78' lang='grc' dir='ltr'>χωρία</span> 
     </span>
     <span class='ocr_line' id='line_1_38' title="bbox 124 3614 901 3704; baseline 0.018 -35"><span class='ocrx_word' id='word_1_276' title='bbox 124 3614 281 3694; x_wconf 66' lang='grc' dir='ltr'>ἀφύλακτα,</span> <span class='ocrx_word' id='word_1_277' title='bbox 296 3618 412 3687; x_wconf 77' lang='grc' dir='ltr'>καὶτοὺς</span> <span class='ocrx_word' id='word_1_278' title='bbox 425 3623 617 3698; x_wconf 76' lang='grc' dir='ltr'>ἀπολουμένους</span> <span class='ocrx_word' id='word_1_279' title='bbox 631 3625 677 3681; x_wconf 79' lang='grc' dir='ltr'>ὑπ’</span> <span class='ocrx_word' id='word_1_280' title='bbox 690 3626 770 3681; x_wconf 80' lang='grc' dir='ltr'>αὐτοῦ</span> <span class='ocrx_word' id='word_1_281' title='bbox 785 3631 901 3704; x_wconf 77' lang='grc' dir='ltr'>συνεχῶς</span> 
     </span>
     <span class='ocr_line' id='line_1_39' title="bbox 125 3700 899 3786; baseline 0.021 -29"><span class='ocrx_word' id='word_1_282' title='bbox 125 3700 259 3777; x_wconf 82' lang='grc' dir='ltr'>ἔπεμπεν,</span> <span class='ocrx_word' id='word_1_283' title='bbox 277 3708 458 3786; x_wconf 72' lang='grc' dir='ltr'>ἐπιλεγόμενος</span> <span class='ocrx_word' id='word_1_284' title='bbox 486 3712 580 3769; x_wconf 77' lang='grc' dir='ltr'>ἐκτῶν</span> <span class='ocrx_word' id='word_1_285' title='bbox 601 3714 716 3770; x_wconf 83' lang='grc' dir='ltr'>πσλιτῶν</span> <span class='ocrx_word' id='word_1_286' title='bbox 731 3711 774 3779; x_wconf 78' lang='grc' dir='ltr'>οὓς</span> <span class='ocrx_word' id='word_1_287' title='bbox 788 3716 815 3771; x_wconf 83' lang='grc' dir='ltr'>ἐν</span> <span class='ocrx_word' id='word_1_288' title='bbox 836 3718 899 3773; x_wconf 84' lang='grc' dir='ltr'>ὓπο-</span> 
     </span>
     <span class='ocr_line' id='line_1_40' title="bbox 124 3780 900 3939; baseline 0.023 -94"><span class='ocrx_word' id='word_1_289' title='bbox 124 3789 197 3869; x_wconf 68' lang='lat' dir='ltr'>pler&lt;</span> <span class='ocrx_word' id='word_1_290' title='bbox 209 3780 291 3939; x_wconf 71' lang='grc' dir='ltr'>εἶγρν·</span> <span class='ocrx_word' id='word_1_291' title='bbox 311 3794 337 3864; x_wconf 78' lang='grc' dir='ltr'>ἐξ</span> <span class='ocrx_word' id='word_1_292' title='bbox 352 3796 479 3856; x_wconf 81' lang='grc' dir='ltr'>ἁπάντων</span> <span class='ocrx_word' id='word_1_293' title='bbox 489 3821 519 3856; x_wconf 87' lang='grc' dir='ltr'>τε</span> <span class='ocrx_word' id='word_1_294' title='bbox 540 3801 638 3859; x_wconf 83' lang='grc' dir='ltr'>τούτων</span> <span class='ocrx_word' id='word_1_295' title='bbox 653 3800 770 3867; x_wconf 77' lang='grc' dir='ltr'>δόξαντες</span> <span class='ocrx_word' id='word_1_296' title='bbox 785 3802 858 3881; x_wconf 79' lang='grc' dir='ltr'>φίλον</span> <span class='ocrx_word' id='word_1_297' title='bbox 875 3828 900 3863; x_wconf 86' lang='grc' dir='ltr'>τε</span> 
     </span>
     <span class='ocr_line' id='line_1_41' title="bbox 122 3878 900 3971; baseline 0.022 -35"><span class='ocrx_word' id='word_1_298' title='bbox 122 3878 216 3938; x_wconf 85' lang='grc' dir='ltr'>πιστόν</span> <span class='ocrx_word' id='word_1_299' title='bbox 234 3904 300 3940; x_wconf 89' lang='grc' dir='ltr'>ιναι</span> <span class='ocrx_word' id='word_1_300' title='bbox 315 3885 389 3964; x_wconf 75' lang='grc' dir='ltr'>σφίσι</span> <span class='ocrx_word' id='word_1_301' title='bbox 403 3886 447 3943; x_wconf 83' lang='grc' dir='ltr'>τὸν</span> <span class='ocrx_word' id='word_1_302' title='bbox 462 3888 558 3967; x_wconf 81' lang='grc' dir='ltr'>ἄνδρα,</span> <span class='ocrx_word' id='word_1_303' title='bbox 572 3889 617 3946; x_wconf 83' lang='grc' dir='ltr'>καὶ</span> <span class='ocrx_word' id='word_1_304' title='bbox 633 3891 817 3967; x_wconf 82' lang='grc' dir='ltr'>στρατηλάτην</span> <span class='ocrx_word' id='word_1_305' title='bbox 832 3895 900 3971; x_wconf 85' lang='grc' dir='ltr'>ἀγα·</span> 
     </span>
     <span class='ocr_line' id='line_1_42' title="bbox 71 3966 900 4053; baseline 0.014 -25"><span class='ocrx_word' id='word_1_306' title='bbox 71 3990 96 4028; x_wconf 87' lang='grc' dir='ltr'>ιο</span> <span class='ocrx_word' id='word_1_307' title='bbox 122 3966 177 4042; x_wconf 72' lang='lat' dir='ltr'>etv,</span> <span class='ocrx_word' id='word_1_308' title='bbox 185 3970 278 4029; x_wconf 85' lang='grc' dir='ltr'>πολλοὶ</span> <span class='ocrx_word' id='word_1_309' title='bbox 285 3971 364 4031; x_wconf 77' lang='grc' dir='ltr'>ἀλκαὶ</span> <span class='ocrx_word' id='word_1_310' title='bbox 375 3973 512 4053; x_wconf 83' lang='grc' dir='ltr'>χρήμασιν</span> <span class='ocrx_word' id='word_1_311' title='bbox 524 3978 569 4033; x_wconf 80' lang='grc' dir='ltr'>ὑπ’</span> <span class='ocrx_word' id='word_1_312' title='bbox 578 3979 656 4036; x_wconf 83' lang='grc' dir='ltr'>αὐτοῦ</span> <span class='ocrx_word' id='word_1_313' title='bbox 668 3980 849 4052; x_wconf 82' lang='grc' dir='ltr'>δεκασθέντες,</span> <span class='ocrx_word' id='word_1_314' title='bbox 858 3984 900 4040; x_wconf 80' lang='grc' dir='ltr'>ἐπὶ</span> 
     </span>
     <span class='ocr_line' id='line_1_43' title="bbox 121 4055 654 4143; baseline 0.021 -30"><span class='ocrx_word' id='word_1_315' title='bbox 121 4055 170 4127; x_wconf 70' lang='grc' dir='ltr'>τήν</span> <span class='ocrx_word' id='word_1_316' title='bbox 182 4058 365 4140; x_wconf 81' lang='grc' dir='ltr'>αὐτοκράτορα</span> <span class='ocrx_word' id='word_1_317' title='bbox 377 4062 543 4141; x_wconf 84' lang='grc' dir='ltr'>παράγουσιν</span> <span class='ocrx_word' id='word_1_318' title='bbox 558 4066 654 4143; x_wconf 74' lang='grc' dir='ltr'>ἀρχήν.</span> 
     </span>
    </p>

    <p class='ocr_par' dir='ltr' id='par_1_6' title="bbox 120 4146 901 4415">
     <span class='ocr_line' id='line_1_44' title="bbox 160 4146 901 4232; baseline 0.013 -25"><span class='ocrx_word' id='word_1_319' title='bbox 160 4146 237 4209; x_wconf 89' lang='lat' dir='ltr'>Lvl.</span> <span class='ocrx_word' id='word_1_320' title='bbox 260 4149 400 4221; x_wconf 83' lang='grc' dir='ltr'>’λόσαύτης</span> <span class='ocrx_word' id='word_1_321' title='bbox 422 4152 454 4224; x_wconf 79' lang='grc' dir='ltr'>δὴ</span> <span class='ocrx_word' id='word_1_322' title='bbox 481 4153 617 4232; x_wconf 86' lang='grc' dir='ltr'>γενόμενος</span> <span class='ocrx_word' id='word_1_323' title='bbox 638 4154 754 4224; x_wconf 72' lang='grc' dir='ltr'>ἐξουσίας</span> <span class='ocrx_word' id='word_1_324' title='bbox 773 4159 787 4213; x_wconf 81' lang='grc' dir='ltr'>δ</span> <span class='ocrx_word' id='word_1_325' title='bbox 808 4156 901 4225; x_wconf 80' lang='grc' dir='ltr'>Σέξτος</span> 
     </span>
     <span class='ocr_line' id='line_1_45' title="bbox 121 4234 900 4323; baseline 0.01 -28"><span class='ocrx_word' id='word_1_326' title='bbox 121 4234 209 4315; x_wconf 87' lang='grc' dir='ltr'>κύριος</span> <span class='ocrx_word' id='word_1_327' title='bbox 227 4237 262 4296; x_wconf 82' lang='grc' dir='ltr'>δι’</span> <span class='ocrx_word' id='word_1_328' title='bbox 277 4238 383 4312; x_wconf 81' lang='grc' dir='ltr'>ἀπάτης</span> <span class='ocrx_word' id='word_1_329' title='bbox 402 4242 447 4299; x_wconf 81' lang='grc' dir='ltr'>καὶ</span> <span class='ocrx_word' id='word_1_330' title='bbox 463 4249 640 4321; x_wconf 75' lang='grc' dir='ltr'>φενακισμοῦ,</span> <span class='ocrx_word' id='word_1_331' title='bbox 663 4247 713 4301; x_wconf 85' lang='grc' dir='ltr'>τῶν</span> <span class='ocrx_word' id='word_1_332' title='bbox 737 4243 900 4323; x_wconf 81' lang='grc' dir='ltr'>θεραπόντων</span> 
     </span>
     <span class='ocr_line' id='line_1_46' title="bbox 120 4323 900 4415; baseline 0.014 -34"><span class='ocrx_word' id='word_1_333' title='bbox 120 4323 178 4383; x_wconf 78' lang='grc' dir='ltr'>τινά</span> <span class='ocrx_word' id='word_1_334' title='bbox 196 4323 286 4383; x_wconf 83' lang='grc' dir='ltr'>λαθὼν</span> <span class='ocrx_word' id='word_1_335' title='bbox 300 4326 358 4394; x_wconf 83' lang='grc' dir='ltr'>τοὺς</span> <span class='ocrx_word' id='word_1_336' title='bbox 383 4328 496 4396; x_wconf 79' lang='grc' dir='ltr'>Γαύίους</span> <span class='ocrx_word' id='word_1_337' title='bbox 519 4331 620 4407; x_wconf 83' lang='grc' dir='ltr'>πέμπει</span> <span class='ocrx_word' id='word_1_338' title='bbox 640 4332 704 4412; x_wconf 82' lang='grc' dir='ltr'>πρὸς</span> <span class='ocrx_word' id='word_1_339' title='bbox 723 4331 767 4391; x_wconf 78' lang='grc' dir='ltr'>τόν</span> <span class='ocrx_word' id='word_1_340' title='bbox 782 4334 900 4415; x_wconf 81' lang='grc' dir='ltr'>πατέρα,</span> 
     </span>
    </p>

    <p class='ocr_par' dir='ltr' id='par_1_7' title="bbox 72 4412 903 5297">
     <span class='ocr_line' id='line_1_47' title="bbox 73 4412 901 4496; baseline 0.017 -28"><span class='ocrx_word' id='word_1_341' title='bbox 73 4434 95 4467; x_wconf 82' lang='grc' dir='ltr'>ιι</span> <span class='ocrx_word' id='word_1_342' title='bbox 121 4412 168 4483; x_wconf 87' lang='grc' dir='ltr'>τήν</span> <span class='ocrx_word' id='word_1_343' title='bbox 181 4414 207 4471; x_wconf 77' lang='grc' dir='ltr'>τ’</span> <span class='ocrx_word' id='word_1_344' title='bbox 221 4412 340 4482; x_wconf 65' lang='grc' dir='ltr'>ἐξουσίαν</span> <span class='ocrx_word' id='word_1_345' title='bbox 352 4414 386 4486; x_wconf 79' lang='grc' dir='ltr'>ἣν</span> <span class='ocrx_word' id='word_1_346' title='bbox 401 4417 513 4496; x_wconf 80' lang='grc' dir='ltr'>ελληρὼς</span> <span class='ocrx_word' id='word_1_347' title='bbox 524 4412 554 4491; x_wconf 68' lang='grc' dir='ltr'>ἦν</span> <span class='ocrx_word' id='word_1_348' title='bbox 565 4421 733 4495; x_wconf 82' lang='grc' dir='ltr'>δηλώσοντα,</span> <span class='ocrx_word' id='word_1_349' title='bbox 750 4421 794 4480; x_wconf 84' lang='grc' dir='ltr'>καὶ</span> <span class='ocrx_word' id='word_1_350' title='bbox 806 4424 901 4481; x_wconf 89' lang='grc' dir='ltr'>πευσό-</span> 
     </span>
     <span class='ocr_line' id='line_1_48' title="bbox 121 4500 903 4589; baseline 0.014 -32"><span class='ocrx_word' id='word_1_351' title='bbox 121 4523 199 4575; x_wconf 87' lang='grc' dir='ltr'>μενον</span> <span class='ocrx_word' id='word_1_352' title='bbox 211 4500 237 4558; x_wconf 76' lang='lat' dir='ltr'>ri</span> <span class='ocrx_word' id='word_1_353' title='bbox 249 4501 302 4582; x_wconf 76' lang='grc' dir='ltr'>χρὴ</span> <span class='ocrx_word' id='word_1_354' title='bbox 313 4511 409 4567; x_wconf 88' lang='grc' dir='ltr'>ποιιῖν.</span> <span class='ocrx_word' id='word_1_355' title='bbox 452 4504 486 4564; x_wconf 89' lang='grc' dir='ltr'><strong>Ὁ</strong></span> <span class='ocrx_word' id='word_1_356' title='bbox 497 4507 524 4565; x_wconf 80' lang='grc' dir='ltr'>δὲ</span> <span class='ocrx_word' id='word_1_357' title='bbox 537 4508 694 4589; x_wconf 85' lang='grc' dir='ltr'>Ταρκύνιος,</span> <span class='ocrx_word' id='word_1_358' title='bbox 705 4507 762 4567; x_wconf 83' lang='grc' dir='ltr'>οὐδὲ</span> <span class='ocrx_word' id='word_1_359' title='bbox 774 4508 819 4567; x_wconf 82' lang='grc' dir='ltr'>τὸν</span> <span class='ocrx_word' id='word_1_360' title='bbox 830 4510 903 4589; x_wconf 86' lang='grc' dir='ltr'>θερά·</span> 
     </span>
     <span class='ocr_line' id='line_1_49' title="bbox 120 4591 901 4672; baseline 0.012 -24"><span class='ocrx_word' id='word_1_361' title='bbox 120 4611 203 4649; x_wconf 88' lang='grc' dir='ltr'>ποντα</span> <span class='ocrx_word' id='word_1_362' title='bbox 215 4591 354 4668; x_wconf 77' lang='grc' dir='ltr'>γινώσκειν</span> <span class='ocrx_word' id='word_1_363' title='bbox 368 4594 524 4672; x_wconf 86' lang='grc' dir='ltr'>βουλόμενος</span> <span class='ocrx_word' id='word_1_364' title='bbox 533 4597 549 4654; x_wconf 78' lang='grc' dir='ltr'>ἀ</span> <span class='ocrx_word' id='word_1_365' title='bbox 559 4599 603 4656; x_wconf 83' lang='grc' dir='ltr'>τὸν</span> <span class='ocrx_word' id='word_1_366' title='bbox 614 4597 669 4655; x_wconf 80' lang='grc' dir='ltr'>υἱὸν</span> <span class='ocrx_word' id='word_1_367' title='bbox 678 4599 797 4656; x_wconf 76' lang='grc' dir='ltr'>ἐκέλευσε</span> <span class='ocrx_word' id='word_1_368' title='bbox 808 4600 901 4672; x_wconf 80' lang='grc' dir='ltr'>ποιεῖν,</span> 
     </span>
     <span class='ocr_line' id='line_1_50' title="bbox 121 4677 903 4764; baseline 0.01 -27"><span class='ocrx_word' id='word_1_369' title='bbox 121 4677 192 4757; x_wconf 88' lang='grc' dir='ltr'>ἀγων</span> <span class='ocrx_word' id='word_1_370' title='bbox 205 4680 251 4738; x_wconf 70' lang='grc' dir='ltr'>τὀν</span> <span class='ocrx_word' id='word_1_371' title='bbox 266 4679 377 4760; x_wconf 86' lang='grc' dir='ltr'>άγγελον</span> <span class='ocrx_word' id='word_1_372' title='bbox 390 4687 518 4760; x_wconf 77' lang='grc' dir='ltr'>προῆλθεν</span> <span class='ocrx_word' id='word_1_373' title='bbox 534 4688 570 4751; x_wconf 83' lang='grc' dir='ltr'>εἷς</span> <span class='ocrx_word' id='word_1_374' title='bbox 584 4686 628 4743; x_wconf 83' lang='grc' dir='ltr'>τὸν</span> <span class='ocrx_word' id='word_1_375' title='bbox 642 4688 836 4764; x_wconf 84' lang='grc' dir='ltr'>παρακείμενον</span> <span class='ocrx_word' id='word_1_376' title='bbox 849 4691 903 4754; x_wconf 85' lang='grc' dir='ltr'>τοῖς</span> 
     </span>
     <span class='ocr_line' id='line_1_51' title="bbox 121 4769 902 4856; baseline 0.012 -31"><span class='ocrx_word' id='word_1_377' title='bbox 121 4769 266 4846; x_wconf 79' lang='grc' dir='ltr'>βασιλείοις</span> <span class='ocrx_word' id='word_1_378' title='bbox 280 4777 380 4843; x_wconf 78' lang='grc' dir='ltr'>κῆπον·</span> <span class='ocrx_word' id='word_1_379' title='bbox 398 4771 491 4851; x_wconf 80' lang='grc' dir='ltr'>ἔτυχον</span> <span class='ocrx_word' id='word_1_380' title='bbox 506 4773 533 4831; x_wconf 81' lang='grc' dir='ltr'>δὲ</span> <span class='ocrx_word' id='word_1_381' title='bbox 556 4774 676 4849; x_wconf 76' lang='grc' dir='ltr'>μήκωνες</span> <span class='ocrx_word' id='word_1_382' title='bbox 690 4777 717 4831; x_wconf 76' lang='grc' dir='ltr'>ἐν</span> <span class='ocrx_word' id='word_1_383' title='bbox 732 4776 804 4853; x_wconf 82' lang='grc' dir='ltr'>αὐτῷ</span> <span class='ocrx_word' id='word_1_384' title='bbox 817 4797 902 4856; x_wconf 86' lang='grc' dir='ltr'>περυ-</span> 
     </span>
     <span class='ocr_line' id='line_1_52' title="bbox 72 4858 902 4943; baseline 0.008 -28"><span class='ocrx_word' id='word_1_385' title='bbox 72 4872 96 4910; x_wconf 80' lang='grc' dir='ltr'>ιι)</span> <span class='ocrx_word' id='word_1_386' title='bbox 120 4866 193 4917; x_wconf 82' lang='grc' dir='ltr'>κυῖαν</span> <span class='ocrx_word' id='word_1_387' title='bbox 207 4859 318 4937; x_wconf 79' lang='grc' dir='ltr'>πλήρεις</span> <span class='ocrx_word' id='word_1_388' title='bbox 329 4858 381 4931; x_wconf 82' lang='grc' dir='ltr'>ἤδη</span> <span class='ocrx_word' id='word_1_389' title='bbox 396 4860 455 4927; x_wconf 75' lang='grc' dir='ltr'>τοὺς</span> <span class='ocrx_word' id='word_1_390' title='bbox 468 4861 585 4942; x_wconf 76' lang='grc' dir='ltr'>καρπούς</span> <span class='ocrx_word' id='word_1_391' title='bbox 598 4862 644 4921; x_wconf 84' lang='grc' dir='ltr'>καὶ</span> <span class='ocrx_word' id='word_1_392' title='bbox 655 4864 815 4938; x_wconf 81' lang='grc' dir='ltr'>συγκομιδῆς</span> <span class='ocrx_word' id='word_1_393' title='bbox 830 4861 902 4943; x_wconf 78' lang='grc' dir='ltr'>ὥραν</span> 
     </span>
     <span class='ocr_line' id='line_1_53' title="bbox 119 4946 900 5031; baseline 0.003 -23"><span class='ocrx_word' id='word_1_394' title='bbox 119 4949 247 5027; x_wconf 74' lang='grc' dir='ltr'>ἔχουσαι·</span> <span class='ocrx_word' id='word_1_395' title='bbox 265 4946 364 5015; x_wconf 81' lang='grc' dir='ltr'>διεξιὼν</span> <span class='ocrx_word' id='word_1_396' title='bbox 381 4950 413 5020; x_wconf 81' lang='grc' dir='ltr'>δή</span> <span class='ocrx_word' id='word_1_397' title='bbox 427 4949 471 5009; x_wconf 78' lang='grc' dir='ltr'>διὰ</span> <span class='ocrx_word' id='word_1_398' title='bbox 491 4949 590 5009; x_wconf 87' lang='grc' dir='ltr'>τούτων</span> <span class='ocrx_word' id='word_1_399' title='bbox 605 4955 651 5021; x_wconf 74' lang='grc' dir='ltr'>τῆς</span> <span class='ocrx_word' id='word_1_400' title='bbox 664 4949 844 5031; x_wconf 81' lang='grc' dir='ltr'>ὑπερεχούσης</span> <span class='ocrx_word' id='word_1_401' title='bbox 860 4954 900 5010; x_wconf 86' lang='grc' dir='ltr'>ἀεὶ</span> 
     </span>
     <span class='ocr_line' id='line_1_54' title="bbox 121 5035 901 5119; baseline 0.001 -23"><span class='ocrx_word' id='word_1_402' title='bbox 121 5035 243 5110; x_wconf 88' lang='grc' dir='ltr'>μήκωνος</span> <span class='ocrx_word' id='word_1_403' title='bbox 264 5038 303 5114; x_wconf 85' lang='grc' dir='ltr'>τῷ</span> <span class='ocrx_word' id='word_1_404' title='bbox 323 5038 445 5108; x_wconf 89' lang='grc' dir='ltr'>σκήπωνι</span> <span class='ocrx_word' id='word_1_405' title='bbox 459 5039 546 5097; x_wconf 86' lang='grc' dir='ltr'>παίων</span> <span class='ocrx_word' id='word_1_406' title='bbox 567 5038 615 5110; x_wconf 78' lang='grc' dir='ltr'>τήν</span> <span class='ocrx_word' id='word_1_407' title='bbox 631 5039 748 5119; x_wconf 69' lang='grc' dir='ltr'>κεφαλήν</span> <span class='ocrx_word' id='word_1_408' title='bbox 763 5038 901 5119; x_wconf 68' lang='grc' dir='ltr'>ἀπήραττε.</span> 
     </span>
     <span class='ocr_line' id='line_1_55' title="bbox 121 5125 903 5207; baseline 0 -23"><span class='ocrx_word' id='word_1_409' title='bbox 121 5127 214 5184; x_wconf 83' lang='grc' dir='ltr'>Ταῦτα</span> <span class='ocrx_word' id='word_1_410' title='bbox 226 5125 342 5196; x_wconf 84' lang='grc' dir='ltr'>ποιήσας</span> <span class='ocrx_word' id='word_1_411' title='bbox 353 5126 469 5184; x_wconf 70' lang='grc' dir='ltr'>ἀπέλυσε</span> <span class='ocrx_word' id='word_1_412' title='bbox 484 5127 528 5186; x_wconf 82' lang='grc' dir='ltr'>τὸν</span> <span class='ocrx_word' id='word_1_413' title='bbox 543 5128 664 5207; x_wconf 88' lang='grc' dir='ltr'>άγγελον,</span> <span class='ocrx_word' id='word_1_414' title='bbox 678 5126 750 5187; x_wconf 70' lang='grc' dir='ltr'>οὐδὲν</span> <span class='ocrx_word' id='word_1_415' title='bbox 761 5129 903 5206; x_wconf 88' lang='grc' dir='ltr'>ἀποκρινά-</span> 
     </span>
     <span class='ocr_line' id='line_1_56' title="bbox 120 5213 903 5297; baseline 0.004 -25"><span class='ocrx_word' id='word_1_416' title='bbox 120 5234 197 5288; x_wconf 91' lang='grc' dir='ltr'>μενος</span> <span class='ocrx_word' id='word_1_417' title='bbox 219 5213 354 5281; x_wconf 89' lang='grc' dir='ltr'>πολλάκις</span> <span class='ocrx_word' id='word_1_418' title='bbox 372 5216 555 5294; x_wconf 82' lang='grc' dir='ltr'>ἀπιρωτῶντι,</span> <span class='ocrx_word' id='word_1_419' title='bbox 578 5214 626 5287; x_wconf 79' lang='grc' dir='ltr'>τήν</span> <span class='ocrx_word' id='word_1_420' title='bbox 641 5213 832 5297; x_wconf 82' lang='grc' dir='ltr'>θρασνόούλον</span> <span class='ocrx_word' id='word_1_421' title='bbox 857 5220 903 5275; x_wconf 86' lang='grc' dir='ltr'>τοῦ</span> 
     </span>
    </p>
   </div>
   <div class='ocr_carea' id='block_1_6' title="bbox 949 630 1736 4661">
    <p class='ocr_par' dir='ltr' id='par_1_8' title="bbox 949 630 1736 4661">
     <span class='ocr_line' id='line_1_57' title="bbox 949 630 1728 695; baseline 0.001 -13"><span class='ocrx_word' id='word_1_422' title='bbox 949 632 1082 682; x_wconf 75' lang='lat' dir='ltr'>anxietatis</span> <span class='ocrx_word' id='word_1_423' title='bbox 1091 636 1156 683; x_wconf 71' lang='lat' dir='ltr'>eruet</span> <span class='ocrx_word' id='word_1_424' title='bbox 1170 631 1270 694; x_wconf 61' lang='lat' dir='ltr'>panus.</span> <span class='ocrx_word' id='word_1_425' title='bbox 1285 644 1366 694; x_wconf 80' lang='lat' dir='ltr'>neque</span> <span class='ocrx_word' id='word_1_426' title='bbox 1377 630 1566 691; x_wconf 67' lang='lat' dir='ltr'>igriorniniomm</span> <span class='ocrx_word' id='word_1_427' title='bbox 1587 644 1671 695; x_wconf 75' lang='grc' dir='ltr'>γυιιιιι</span> <span class='ocrx_word' id='word_1_428' title='bbox 1691 634 1728 683; x_wconf 81' lang='lat' dir='ltr'>ta·</span> 
     </span>
     <span class='ocr_line' id='line_1_58' title="bbox 951 732 1729 798; baseline 0.003 -15"><span class='ocrx_word' id='word_1_429' title='bbox 951 748 1008 785; x_wconf 78' lang='lat' dir='ltr'>cere</span> <span class='ocrx_word' id='word_1_430' title='bbox 1021 734 1109 791; x_wconf 87' lang='lat' dir='ltr'>rellet.</span> <span class='ocrx_word' id='word_1_431' title='bbox 1132 747 1212 797; x_wconf 70' lang='lat' dir='ltr'>neque</span> <span class='ocrx_word' id='word_1_432' title='bbox 1233 738 1316 783; x_wconf 77' lang='lat' dir='ltr'>tamen</span> <span class='ocrx_word' id='word_1_433' title='bbox 1335 732 1443 796; x_wconf 74' lang='lat' dir='ltr'>amplius</span> <span class='ocrx_word' id='word_1_434' title='bbox 1461 734 1577 785; x_wconf 74' lang='lat' dir='ltr'>resistere</span> <span class='ocrx_word' id='word_1_435' title='bbox 1592 738 1691 798; x_wconf 61' lang='lat' dir='ltr'>posut.</span> <span class='ocrx_word' id='word_1_436' title='bbox 1704 740 1729 785; x_wconf 81' lang='lat' dir='ltr'>et</span> 
     </span>
     <span class='ocr_line' id='line_1_59' title="bbox 950 833 1731 900; baseline -0.001 -15"><span class='ocrx_word' id='word_1_437' title='bbox 950 836 1053 900; x_wconf 79' lang='lat' dir='ltr'>quaeris</span> <span class='ocrx_word' id='word_1_438' title='bbox 1066 840 1134 886; x_wconf 83' lang='lat' dir='ltr'>artes</span> <span class='ocrx_word' id='word_1_439' title='bbox 1147 839 1265 887; x_wconf 79' lang='lat' dir='ltr'>tentaret.</span> <span class='ocrx_word' id='word_1_440' title='bbox 1282 840 1307 884; x_wconf 81' lang='lat' dir='ltr'>ot</span> <span class='ocrx_word' id='word_1_441' title='bbox 1319 833 1427 897; x_wconf 78' lang='lat' dir='ltr'>quodrls</span> <span class='ocrx_word' id='word_1_442' title='bbox 1439 835 1488 885; x_wconf 64' lang='lat' dir='ltr'>«lili</span> <span class='ocrx_word' id='word_1_443' title='bbox 1500 849 1577 897; x_wconf 70' lang='lat' dir='ltr'>genus</span> <span class='ocrx_word' id='word_1_444' title='bbox 1588 834 1731 885; x_wconf 78' lang='lat' dir='ltr'>ronrruiuis·</span> 
     </span>
     <span class='ocr_line' id='line_1_60' title="bbox 951 939 1732 997; baseline -0.003 -6"><span class='ocrx_word' id='word_1_445' title='bbox 951 944 1055 991; x_wconf 77' lang='lat' dir='ltr'>teretur.</span> <span class='ocrx_word' id='word_1_446' title='bbox 1072 941 1127 991; x_wconf 87' lang='lat' dir='ltr'>eius</span> <span class='ocrx_word' id='word_1_447' title='bbox 1137 939 1202 989; x_wconf 71' lang='lat' dir='ltr'>tilius</span> <span class='ocrx_word' id='word_1_448' title='bbox 1217 941 1343 989; x_wconf 73' lang='lat' dir='ltr'>rnaainrus</span> <span class='ocrx_word' id='word_1_449' title='bbox 1353 942 1427 991; x_wconf 86' lang='lat' dir='ltr'>natu.</span> <span class='ocrx_word' id='word_1_450' title='bbox 1442 940 1542 989; x_wconf 78' lang='lat' dir='ltr'>nmine</span> <span class='ocrx_word' id='word_1_451' title='bbox 1554 942 1660 997; x_wconf 65' lang='lat' dir='ltr'>merua.</span> <span class='ocrx_word' id='word_1_452' title='bbox 1669 952 1732 989; x_wconf 72' lang='lat' dir='ltr'>man·</span> 
     </span>
     <span class='ocr_line' id='line_1_61' title="bbox 951 1041 1732 1107; baseline -0.006 -13"><span class='ocrx_word' id='word_1_453' title='bbox 951 1044 1006 1094; x_wconf 82' lang='lat' dir='ltr'>allio</span> <span class='ocrx_word' id='word_1_454' title='bbox 1022 1057 1081 1095; x_wconf 87' lang='lat' dir='ltr'>eum</span> <span class='ocrx_word' id='word_1_455' title='bbox 1096 1048 1165 1107; x_wconf 79' lang='lat' dir='ltr'>patre</span> <span class='ocrx_word' id='word_1_456' title='bbox 1186 1042 1240 1093; x_wconf 65' lang='lat' dir='ltr'>sets</span> <span class='ocrx_word' id='word_1_457' title='bbox 1257 1042 1456 1097; x_wconf 73' lang='lat' dir='ltr'>rornrrrunirato,</span> <span class='ocrx_word' id='word_1_458' title='bbox 1475 1041 1518 1091; x_wconf 75' lang='lat' dir='ltr'>nti</span> <span class='ocrx_word' id='word_1_459' title='bbox 1540 1042 1636 1091; x_wconf 76' lang='lat' dir='ltr'>larinus</span> <span class='ocrx_word' id='word_1_460' title='bbox 1650 1041 1732 1091; x_wconf 74' lang='lat' dir='ltr'>audax</span> 
     </span>
     <span class='ocr_line' id='line_1_62' title="bbox 951 1140 1730 1209; baseline -0.004 -12"><span class='ocrx_word' id='word_1_461' title='bbox 951 1150 977 1197; x_wconf 84' lang='lat' dir='ltr'>et</span> <span class='ocrx_word' id='word_1_462' title='bbox 984 1144 1057 1195; x_wconf 81' lang='lat' dir='ltr'>raldo</span> <span class='ocrx_word' id='word_1_463' title='bbox 1066 1145 1246 1209; x_wconf 79' lang='lat' dir='ltr'>periculosum.</span> <span class='ocrx_word' id='word_1_464' title='bbox 1256 1144 1302 1192; x_wconf 74' lang='lat' dir='ltr'>ani</span> <span class='ocrx_word' id='word_1_465' title='bbox 1314 1148 1399 1193; x_wconf 82' lang='lat' dir='ltr'>lamen</span> <span class='ocrx_word' id='word_1_466' title='bbox 1406 1141 1476 1206; x_wconf 82' lang='lat' dir='ltr'>quod</span> <span class='ocrx_word' id='word_1_467' title='bbox 1488 1140 1623 1192; x_wconf 72' lang='lat' dir='ltr'>succedere</span> <span class='ocrx_word' id='word_1_468' title='bbox 1631 1146 1730 1205; x_wconf 68' lang='lat' dir='ltr'>posset.</span> 
     </span>
     <span class='ocr_line' id='line_1_63' title="bbox 951 1243 1730 1312; baseline -0.006 -15"><span class='ocrx_word' id='word_1_469' title='bbox 951 1247 1048 1312; x_wconf 63' lang='lat' dir='ltr'>agresti</span> <span class='ocrx_word' id='word_1_470' title='bbox 1062 1247 1131 1297; x_wconf 81' lang='lat' dir='ltr'>risus</span> <span class='ocrx_word' id='word_1_471' title='bbox 1144 1250 1223 1303; x_wconf 69' lang='lat' dir='ltr'>esset.</span> <span class='ocrx_word' id='word_1_472' title='bbox 1239 1245 1371 1309; x_wconf 76' lang='lat' dir='ltr'>impetrata</span> <span class='ocrx_word' id='word_1_473' title='bbox 1393 1249 1516 1309; x_wconf 78' lang='lat' dir='ltr'>potestate</span> <span class='ocrx_word' id='word_1_474' title='bbox 1538 1243 1643 1293; x_wconf 82' lang='lat' dir='ltr'>laeleaali</span> <span class='ocrx_word' id='word_1_475' title='bbox 1656 1243 1730 1307; x_wconf 83' lang='lat' dir='ltr'>quie·</span> 
     </span>
     <span class='ocr_line' id='line_1_64' title="bbox 951 1342 1731 1412; baseline -0.005 -13"><span class='ocrx_word' id='word_1_476' title='bbox 951 1348 1011 1412; x_wconf 83' lang='lat' dir='ltr'>quid</span> <span class='ocrx_word' id='word_1_477' title='bbox 1026 1348 1118 1403; x_wconf 80' lang='lat' dir='ltr'>reltet.</span> <span class='ocrx_word' id='word_1_478' title='bbox 1138 1347 1263 1398; x_wconf 72' lang='lat' dir='ltr'>simulavit</span> <span class='ocrx_word' id='word_1_479' title='bbox 1287 1344 1418 1395; x_wconf 69' lang='lat' dir='ltr'>«insidiam</span> <span class='ocrx_word' id='word_1_480' title='bbox 1435 1346 1501 1394; x_wconf 81' lang='lat' dir='ltr'>inter</span> <span class='ocrx_word' id='word_1_481' title='bbox 1513 1348 1579 1396; x_wconf 61' lang='grc' dir='ltr'>ειν-ει</span> <span class='ocrx_word' id='word_1_482' title='bbox 1591 1346 1687 1409; x_wconf 78' lang='lat' dir='ltr'>putrem</span> <span class='ocrx_word' id='word_1_483' title='bbox 1698 1342 1731 1395; x_wconf 84' lang='lat' dir='ltr'>de</span> 
     </span>
     <span class='ocr_line' id='line_1_65' title="bbox 953 1446 1731 1511; baseline -0.008 -8"><span class='ocrx_word' id='word_1_484' title='bbox 953 1452 1018 1503; x_wconf 87' lang='lat' dir='ltr'>bello</span> <span class='ocrx_word' id='word_1_485' title='bbox 1032 1452 1138 1503; x_wconf 81' lang='lat' dir='ltr'>liniendo</span> <span class='ocrx_word' id='word_1_486' title='bbox 1153 1456 1235 1502; x_wconf 88' lang='lat' dir='ltr'>ortum</span> <span class='ocrx_word' id='word_1_487' title='bbox 1255 1463 1319 1501; x_wconf 76' lang='lat' dir='ltr'>esse.</span> <span class='ocrx_word' id='word_1_488' title='bbox 1354 1449 1391 1500; x_wconf 77' lang='lat' dir='ltr'>alr</span> <span class='ocrx_word' id='word_1_489' title='bbox 1404 1463 1434 1499; x_wconf 85' lang='lat' dir='ltr'>eo</span> <span class='ocrx_word' id='word_1_490' title='bbox 1455 1450 1529 1511; x_wconf 76' lang='lat' dir='ltr'>ipitnr</span> <span class='ocrx_word' id='word_1_491' title='bbox 1546 1446 1622 1511; x_wconf 66' lang='lat' dir='ltr'>rimis</span> <span class='ocrx_word' id='word_1_492' title='bbox 1640 1447 1664 1497; x_wconf 95' lang='lat' dir='ltr'>in</span> <span class='ocrx_word' id='word_1_493' title='bbox 1677 1448 1731 1497; x_wconf 79' lang='lat' dir='ltr'>lona</span> 
     </span>
     <span class='ocr_line' id='line_1_66' title="bbox 952 1548 1732 1604; baseline -0.006 0"><span class='ocrx_word' id='word_1_494' title='bbox 952 1567 1033 1604; x_wconf 73' lang='lat' dir='ltr'>casus</span> <span class='ocrx_word' id='word_1_495' title='bbox 1047 1558 1072 1604; x_wconf 95' lang='lat' dir='ltr'>et</span> <span class='ocrx_word' id='word_1_496' title='bbox 1081 1554 1137 1604; x_wconf 80' lang='lat' dir='ltr'>aliis</span> <span class='ocrx_word' id='word_1_497' title='bbox 1157 1552 1312 1602; x_wconf 79' lang='lat' dir='ltr'>contumeliis</span> <span class='ocrx_word' id='word_1_498' title='bbox 1332 1552 1449 1603; x_wconf 65' lang='lat' dir='ltr'>stitutus.</span> <span class='ocrx_word' id='word_1_499' title='bbox 1461 1554 1488 1599; x_wconf 91' lang='grc' dir='ltr'>ιιι</span> <span class='ocrx_word' id='word_1_500' title='bbox 1507 1549 1542 1599; x_wconf 73' lang='lat' dir='ltr'>aui</span> <span class='ocrx_word' id='word_1_501' title='bbox 1563 1548 1732 1599; x_wconf 77' lang='lat' dir='ltr'>nrnnariatius</span> 
     </span>
     <span class='ocr_line' id='line_1_67' title="bbox 952 1650 1731 1721; baseline -0.008 -14"><span class='ocrx_word' id='word_1_502' title='bbox 952 1656 1236 1721; x_wconf 76' lang='lat' dir='ltr'>spargeretur.prirrrurn</span> <span class='ocrx_word' id='word_1_503' title='bbox 1252 1653 1354 1718; x_wconf 82' lang='lat' dir='ltr'>quidem</span> <span class='ocrx_word' id='word_1_504' title='bbox 1375 1653 1618 1704; x_wconf 63' lang='lat' dir='ltr'>tidiminrosauorurn</span> <span class='ocrx_word' id='word_1_505' title='bbox 1639 1650 1731 1702; x_wconf 80' lang='lat' dir='ltr'>analeo·</span> 
     </span>
     <span class='ocr_line' id='line_1_68' title="bbox 952 1755 1730 1820; baseline -0.004 -11"><span class='ocrx_word' id='word_1_506' title='bbox 952 1772 1008 1809; x_wconf 85' lang='lat' dir='ltr'>runa</span> <span class='ocrx_word' id='word_1_507' title='bbox 1020 1758 1088 1808; x_wconf 82' lang='lat' dir='ltr'>misit</span> <span class='ocrx_word' id='word_1_508' title='bbox 1101 1762 1126 1807; x_wconf 92' lang='lat' dir='ltr'>ul</span> <span class='ocrx_word' id='word_1_509' title='bbox 1147 1758 1298 1818; x_wconf 73' lang='lat' dir='ltr'>transfugas.</span> <span class='ocrx_word' id='word_1_510' title='bbox 1312 1757 1356 1820; x_wconf 85' lang='lat' dir='ltr'>rpri</span> <span class='ocrx_word' id='word_1_511' title='bbox 1371 1756 1434 1805; x_wconf 83' lang='lat' dir='ltr'>elam</span> <span class='ocrx_word' id='word_1_512' title='bbox 1448 1755 1549 1807; x_wconf 82' lang='lat' dir='ltr'>Gabinis</span> <span class='ocrx_word' id='word_1_513' title='bbox 1564 1755 1730 1817; x_wconf 61' lang='lat' dir='ltr'>significarent</span> 
     </span>
     <span class='ocr_line' id='line_1_69' title="bbox 952 1854 1732 1917; baseline -0.006 -7"><span class='ocrx_word' id='word_1_514' title='bbox 952 1859 1014 1910; x_wconf 85' lang='lat' dir='ltr'>reile</span> <span class='ocrx_word' id='word_1_515' title='bbox 1027 1872 1054 1907; x_wconf 83' lang='lat' dir='ltr'>se</span> <span class='ocrx_word' id='word_1_516' title='bbox 1067 1858 1099 1908; x_wconf 83' lang='lat' dir='ltr'>arl</span> <span class='ocrx_word' id='word_1_517' title='bbox 1111 1872 1155 1909; x_wconf 76' lang='lat' dir='ltr'>eoa</span> <span class='ocrx_word' id='word_1_518' title='bbox 1171 1857 1255 1907; x_wconf 66' lang='lat' dir='ltr'>renim*</span> <span class='ocrx_word' id='word_1_519' title='bbox 1268 1861 1293 1906; x_wconf 88' lang='lat' dir='ltr'>et</span> <span class='ocrx_word' id='word_1_520' title='bbox 1308 1856 1399 1905; x_wconf 76' lang='lat' dir='ltr'>lullum</span> <span class='ocrx_word' id='word_1_521' title='bbox 1412 1855 1475 1917; x_wconf 89' lang='lat' dir='ltr'>patri</span> <span class='ocrx_word' id='word_1_522' title='bbox 1497 1854 1600 1907; x_wconf 72' lang='lat' dir='ltr'>inform.</span> <span class='ocrx_word' id='word_1_523' title='bbox 1620 1856 1641 1904; x_wconf 78' lang='lat' dir='ltr'>si</span> <span class='ocrx_word' id='word_1_524' title='bbox 1658 1854 1732 1905; x_wconf 76' lang='lat' dir='ltr'>morlo</span> 
     </span>
     <span class='ocr_line' id='line_1_70' title="bbox 953 1954 1732 2022; baseline -0.005 -13"><span class='ocrx_word' id='word_1_525' title='bbox 953 1959 1002 2011; x_wconf 85' lang='lat' dir='ltr'>sade</span> <span class='ocrx_word' id='word_1_526' title='bbox 1012 1959 1060 2009; x_wconf 81' lang='lat' dir='ltr'>sini</span> <span class='ocrx_word' id='word_1_527' title='bbox 1069 1958 1128 2008; x_wconf 82' lang='lat' dir='ltr'>dan</span> <span class='ocrx_word' id='word_1_528' title='bbox 1141 1957 1311 2022; x_wconf 67' lang='lat' dir='ltr'>prominerent</span> <span class='ocrx_word' id='word_1_529' title='bbox 1324 1958 1392 2013; x_wconf 72' lang='lat' dir='ltr'>lem,</span> <span class='ocrx_word' id='word_1_530' title='bbox 1407 1960 1433 2003; x_wconf 91' lang='lat' dir='ltr'>ut</span> <span class='ocrx_word' id='word_1_531' title='bbox 1445 1968 1472 2003; x_wconf 82' lang='lat' dir='ltr'>se</span> <span class='ocrx_word' id='word_1_532' title='bbox 1483 1954 1693 2017; x_wconf 76' lang='lat' dir='ltr'>qrrernarlnnalnnr</span> <span class='ocrx_word' id='word_1_533' title='bbox 1705 1958 1732 2005; x_wconf 88' lang='lat' dir='ltr'>et</span> 
     </span>
     <span class='ocr_line' id='line_1_71' title="bbox 953 2054 1731 2119; baseline -0.006 -6"><span class='ocrx_word' id='word_1_534' title='bbox 953 2066 1051 2113; x_wconf 82' lang='lat' dir='ltr'>eeteros</span> <span class='ocrx_word' id='word_1_535' title='bbox 1063 2064 1185 2111; x_wconf 82' lang='lat' dir='ltr'>Romanos</span> <span class='ocrx_word' id='word_1_536' title='bbox 1192 2058 1294 2109; x_wconf 78' lang='lat' dir='ltr'>exsules</span> <span class='ocrx_word' id='word_1_537' title='bbox 1304 2060 1445 2113; x_wconf 77' lang='lat' dir='ltr'>serramnt,</span> <span class='ocrx_word' id='word_1_538' title='bbox 1464 2068 1509 2105; x_wconf 79' lang='lat' dir='ltr'>nee</span> <span class='ocrx_word' id='word_1_539' title='bbox 1526 2054 1588 2119; x_wconf 86' lang='lat' dir='ltr'>patri</span> <span class='ocrx_word' id='word_1_540' title='bbox 1603 2054 1731 2109; x_wconf 72' lang='lat' dir='ltr'>eliderent.</span> 
     </span>
     <span class='ocr_line' id='line_1_72' title="bbox 953 2157 1730 2228; baseline -0.009 -13"><span class='ocrx_word' id='word_1_541' title='bbox 953 2168 981 2215; x_wconf 90' lang='lat' dir='ltr'>ut</span> <span class='ocrx_word' id='word_1_542' title='bbox 992 2165 1038 2214; x_wconf 83' lang='lat' dir='ltr'>lroe</span> <span class='ocrx_word' id='word_1_543' title='bbox 1050 2167 1123 2228; x_wconf 74' lang='lat' dir='ltr'>pado</span> <span class='ocrx_word' id='word_1_544' title='bbox 1134 2176 1192 2211; x_wconf 81' lang='lat' dir='ltr'>suas</span> <span class='ocrx_word' id='word_1_545' title='bbox 1201 2160 1344 2211; x_wconf 81' lang='lat' dir='ltr'>iniranritias</span> <span class='ocrx_word' id='word_1_546' title='bbox 1350 2157 1480 2210; x_wconf 85' lang='lat' dir='ltr'>commode</span> <span class='ocrx_word' id='word_1_547' title='bbox 1493 2157 1608 2208; x_wconf 80' lang='lat' dir='ltr'>dirimere</span> <span class='ocrx_word' id='word_1_548' title='bbox 1620 2162 1730 2221; x_wconf 73' lang='lat' dir='ltr'>present.</span> 
     </span>
     <span class='ocr_line' id='line_1_73' title="bbox 954 2259 1732 2327; baseline -0.012 -10"><span class='ocrx_word' id='word_1_549' title='bbox 954 2270 1022 2317; x_wconf 88' lang='lat' dir='ltr'>liene</span> <span class='ocrx_word' id='word_1_550' title='bbox 1033 2266 1169 2316; x_wconf 88' lang='lat' dir='ltr'>orationem</span> <span class='ocrx_word' id='word_1_551' title='bbox 1179 2277 1256 2327; x_wconf 87' lang='lat' dir='ltr'>qrrum</span> <span class='ocrx_word' id='word_1_552' title='bbox 1274 2262 1361 2313; x_wconf 84' lang='lat' dir='ltr'>Gabini</span> <span class='ocrx_word' id='word_1_553' title='bbox 1374 2262 1480 2313; x_wconf 78' lang='lat' dir='ltr'>libenter</span> <span class='ocrx_word' id='word_1_554' title='bbox 1493 2261 1642 2325; x_wconf 71' lang='lat' dir='ltr'>accipient,</span> <span class='ocrx_word' id='word_1_555' title='bbox 1661 2262 1688 2310; x_wconf 83' lang='lat' dir='ltr'>el</span> <span class='ocrx_word' id='word_1_556' title='bbox 1698 2259 1732 2309; x_wconf 89' lang='lat' dir='ltr'>ll·</span> 
     </span>
     <span class='ocr_line' id='line_1_74' title="bbox 953 2362 1732 2431; baseline -0.006 -13"><span class='ocrx_word' id='word_1_557' title='bbox 953 2369 1004 2419; x_wconf 92' lang='lat' dir='ltr'>lum</span> <span class='ocrx_word' id='word_1_558' title='bbox 1018 2384 1033 2418; x_wconf 91' lang='lat' dir='ltr'>a</span> <span class='ocrx_word' id='word_1_559' title='bbox 1043 2383 1070 2418; x_wconf 87' lang='lat' dir='ltr'>se</span> <span class='ocrx_word' id='word_1_560' title='bbox 1084 2369 1184 2420; x_wconf 87' lang='lat' dir='ltr'>minime</span> <span class='ocrx_word' id='word_1_561' title='bbox 1198 2368 1316 2419; x_wconf 85' lang='lat' dir='ltr'>rioleturn</span> <span class='ocrx_word' id='word_1_562' title='bbox 1328 2367 1358 2415; x_wconf 91' lang='lat' dir='ltr'>iri</span> <span class='ocrx_word' id='word_1_563' title='bbox 1367 2365 1537 2431; x_wconf 70' lang='lat' dir='ltr'>promitterent</span> <span class='ocrx_word' id='word_1_564' title='bbox 1548 2364 1629 2427; x_wconf 81' lang='lat' dir='ltr'>senil,</span> <span class='ocrx_word' id='word_1_565' title='bbox 1639 2362 1732 2415; x_wconf 83' lang='lat' dir='ltr'>multos</span> 
     </span>
     <span class='ocr_line' id='line_1_75' title="bbox 953 2466 1733 2533; baseline -0.009 -11"><span class='ocrx_word' id='word_1_566' title='bbox 953 2472 1049 2523; x_wconf 84' lang='lat' dir='ltr'>sodales</span> <span class='ocrx_word' id='word_1_567' title='bbox 1064 2476 1091 2522; x_wconf 90' lang='lat' dir='ltr'>et</span> <span class='ocrx_word' id='word_1_568' title='bbox 1106 2472 1209 2521; x_wconf 83' lang='lat' dir='ltr'>clientes</span> <span class='ocrx_word' id='word_1_569' title='bbox 1223 2475 1341 2533; x_wconf 85' lang='lat' dir='ltr'>tanquam</span> <span class='ocrx_word' id='word_1_570' title='bbox 1352 2468 1493 2531; x_wconf 71' lang='lat' dir='ltr'><strong>transfugas</strong></span> <span class='ocrx_word' id='word_1_571' title='bbox 1510 2481 1595 2519; x_wconf 84' lang='lat' dir='ltr'>serum</span> <span class='ocrx_word' id='word_1_572' title='bbox 1607 2466 1733 2517; x_wconf 78' lang='lat' dir='ltr'>nrlrlueena</span> 
     </span>
     <span class='ocr_line' id='line_1_76' title="bbox 953 2569 1733 2639; baseline -0.012 -12"><span class='ocrx_word' id='word_1_573' title='bbox 953 2578 994 2635; x_wconf 89' lang='lat' dir='ltr'>et,</span> <span class='ocrx_word' id='word_1_574' title='bbox 1005 2589 1057 2639; x_wconf 87' lang='lat' dir='ltr'>quo</span> <span class='ocrx_word' id='word_1_575' title='bbox 1068 2575 1163 2624; x_wconf 79' lang='lat' dir='ltr'>facilius</span> <span class='ocrx_word' id='word_1_576' title='bbox 1175 2573 1304 2624; x_wconf 73' lang='lat' dir='ltr'>crederent</span> <span class='ocrx_word' id='word_1_577' title='bbox 1320 2586 1347 2623; x_wconf 84' lang='grc' dir='ltr'>ιι.</span> <span class='ocrx_word' id='word_1_578' title='bbox 1361 2586 1376 2621; x_wconf 92' lang='lat' dir='ltr'>a</span> <span class='ocrx_word' id='word_1_579' title='bbox 1391 2576 1460 2636; x_wconf 85' lang='lat' dir='ltr'>petre</span> <span class='ocrx_word' id='word_1_580' title='bbox 1474 2569 1593 2620; x_wconf 67' lang='lat' dir='ltr'>delecter·</span> <span class='ocrx_word' id='word_1_581' title='bbox 1603 2608 1609 2625; x_wconf 84' lang='grc'>,</span> <span class='ocrx_word' id='word_1_582' title='bbox 1619 2582 1733 2631; x_wconf 74' lang='lat' dir='ltr'>magnam</span> 
     </span>
     <span class='ocr_line' id='line_1_77' title="bbox 953 2670 1733 2742; baseline -0.009 -14"><span class='ocrx_word' id='word_1_583' title='bbox 953 2678 1046 2742; x_wconf 79' lang='lat' dir='ltr'>argenti</span> <span class='ocrx_word' id='word_1_584' title='bbox 1059 2677 1163 2740; x_wconf 89' lang='lat' dir='ltr'>aurique</span> <span class='ocrx_word' id='word_1_585' title='bbox 1177 2677 1273 2742; x_wconf 87' lang='lat' dir='ltr'>ropianr</span> <span class='ocrx_word' id='word_1_586' title='bbox 1285 2676 1398 2725; x_wconf 84' lang='lat' dir='ltr'>atterens.</span> <span class='ocrx_word' id='word_1_587' title='bbox 1433 2676 1522 2725; x_wconf 83' lang='lat' dir='ltr'>Postea</span> <span class='ocrx_word' id='word_1_588' title='bbox 1538 2672 1569 2721; x_wconf 83' lang='lat' dir='ltr'>rnl</span> <span class='ocrx_word' id='word_1_589' title='bbox 1588 2685 1645 2721; x_wconf 83' lang='lat' dir='ltr'>eum</span> <span class='ocrx_word' id='word_1_590' title='bbox 1659 2670 1733 2721; x_wconf 87' lang='lat' dir='ltr'>multi</span> 
     </span>
     <span class='ocr_line' id='line_1_78' title="bbox 953 2772 1733 2842; baseline -0.008 -12"><span class='ocrx_word' id='word_1_591' title='bbox 953 2795 985 2831; x_wconf 83' lang='lat' dir='ltr'>ex</span> <span class='ocrx_word' id='word_1_592' title='bbox 998 2779 1060 2830; x_wconf 85' lang='lat' dir='ltr'>urbe</span> <span class='ocrx_word' id='word_1_593' title='bbox 1078 2778 1248 2837; x_wconf 83' lang='lat' dir='ltr'>corrnuenanr,</span> <span class='ocrx_word' id='word_1_594' title='bbox 1263 2777 1307 2842; x_wconf 87' lang='lat' dir='ltr'>qui</span> <span class='ocrx_word' id='word_1_595' title='bbox 1318 2790 1345 2827; x_wconf 83' lang='lat' dir='ltr'>ar</span> <span class='ocrx_word' id='word_1_596' title='bbox 1360 2775 1514 2840; x_wconf 65' lang='lat' dir='ltr'>tyrannidem</span> <span class='ocrx_word' id='word_1_597' title='bbox 1530 2774 1614 2837; x_wconf 81' lang='lat' dir='ltr'>lugere</span> <span class='ocrx_word' id='word_1_598' title='bbox 1632 2772 1733 2825; x_wconf 84' lang='grc' dir='ltr'>ιἰιιιιιΙα-</span> 
     </span>
     <span class='ocr_line' id='line_1_79' title="bbox 955 2874 1734 2944; baseline -0.008 -12"><span class='ocrx_word' id='word_1_599' title='bbox 955 2882 1026 2940; x_wconf 84' lang='lat' dir='ltr'>bant,</span> <span class='ocrx_word' id='word_1_600' title='bbox 1038 2879 1170 2944; x_wconf 88' lang='lat' dir='ltr'>atqueiam</span> <span class='ocrx_word' id='word_1_601' title='bbox 1180 2892 1254 2929; x_wconf 86' lang='lat' dir='ltr'>manu</span> <span class='ocrx_word' id='word_1_602' title='bbox 1267 2876 1348 2928; x_wconf 77' lang='lat' dir='ltr'>salida</span> <span class='ocrx_word' id='word_1_603' title='bbox 1359 2877 1465 2941; x_wconf 86' lang='lat' dir='ltr'>stipatus</span> <span class='ocrx_word' id='word_1_604' title='bbox 1476 2877 1540 2927; x_wconf 89' lang='lat' dir='ltr'>erat.</span> <span class='ocrx_word' id='word_1_605' title='bbox 1573 2874 1662 2927; x_wconf 85' lang='lat' dir='ltr'>Gabini</span> <span class='ocrx_word' id='word_1_606' title='bbox 1673 2888 1734 2927; x_wconf 80' lang='lat' dir='ltr'>roro</span> 
     </span>
     <span class='ocr_line' id='line_1_80' title="bbox 955 2978 1734 3048; baseline -0.005 -15"><span class='ocrx_word' id='word_1_607' title='bbox 955 2985 1070 3048; x_wconf 84' lang='lat' dir='ltr'>putantes</span> <span class='ocrx_word' id='word_1_608' title='bbox 1090 2995 1130 3033; x_wconf 89' lang='lat' dir='ltr'>res</span> <span class='ocrx_word' id='word_1_609' title='bbox 1145 2994 1203 3033; x_wconf 91' lang='lat' dir='ltr'>suaa</span> <span class='ocrx_word' id='word_1_610' title='bbox 1231 2979 1303 3030; x_wconf 86' lang='lat' dir='ltr'>ralde</span> <span class='ocrx_word' id='word_1_611' title='bbox 1316 2981 1402 3029; x_wconf 80' lang='lat' dir='ltr'>auctas</span> <span class='ocrx_word' id='word_1_612' title='bbox 1413 2991 1468 3029; x_wconf 78' lang='lat' dir='ltr'>esse</span> <span class='ocrx_word' id='word_1_613' title='bbox 1484 2978 1570 3028; x_wconf 88' lang='lat' dir='ltr'>multis</span> <span class='ocrx_word' id='word_1_614' title='bbox 1585 2978 1617 3027; x_wconf 87' lang='lat' dir='ltr'>rnl</span> <span class='ocrx_word' id='word_1_615' title='bbox 1634 2990 1662 3029; x_wconf 88' lang='lat' dir='ltr'>se</span> <span class='ocrx_word' id='word_1_616' title='bbox 1673 2990 1734 3029; x_wconf 88' lang='lat' dir='ltr'>een·</span> 
     </span>
     <span class='ocr_line' id='line_1_81' title="bbox 955 3080 1732 3150; baseline -0.01 -15"><span class='ocrx_word' id='word_1_617' title='bbox 955 3084 1117 3150; x_wconf 75' lang='lat' dir='ltr'>fugientibus,</span> <span class='ocrx_word' id='word_1_618' title='bbox 1135 3088 1163 3135; x_wconf 85' lang='lat' dir='ltr'>et</span> <span class='ocrx_word' id='word_1_619' title='bbox 1179 3082 1248 3133; x_wconf 76' lang='lat' dir='ltr'>brevi</span> <span class='ocrx_word' id='word_1_620' title='bbox 1259 3084 1361 3132; x_wconf 84' lang='lat' dir='ltr'>ltorrrern</span> <span class='ocrx_word' id='word_1_621' title='bbox 1379 3080 1404 3129; x_wconf 90' lang='lat' dir='ltr'>in</span> <span class='ocrx_word' id='word_1_622' title='bbox 1418 3081 1566 3143; x_wconf 85' lang='lat' dir='ltr'>potestatem</span> <span class='ocrx_word' id='word_1_623' title='bbox 1584 3090 1655 3127; x_wconf 88' lang='lat' dir='ltr'>suam</span> <span class='ocrx_word' id='word_1_624' title='bbox 1674 3090 1732 3129; x_wconf 84' lang='lat' dir='ltr'>ren·</span> 
     </span>
     <span class='ocr_line' id='line_1_82' title="bbox 955 3180 1734 3252; baseline -0.01 -14"><span class='ocrx_word' id='word_1_625' title='bbox 955 3192 1035 3239; x_wconf 91' lang='lat' dir='ltr'>turam</span> <span class='ocrx_word' id='word_1_626' title='bbox 1047 3190 1192 3252; x_wconf 87' lang='lat' dir='ltr'>sperantes,</span> <span class='ocrx_word' id='word_1_627' title='bbox 1201 3188 1229 3237; x_wconf 89' lang='lat' dir='ltr'>et</span> <span class='ocrx_word' id='word_1_628' title='bbox 1242 3185 1322 3235; x_wconf 88' lang='lat' dir='ltr'>multo</span> <span class='ocrx_word' id='word_1_629' title='bbox 1330 3183 1409 3247; x_wconf 76' lang='lat' dir='ltr'>magis</span> <span class='ocrx_word' id='word_1_630' title='bbox 1423 3181 1519 3245; x_wconf 87' lang='lat' dir='ltr'>decepti</span> <span class='ocrx_word' id='word_1_631' title='bbox 1532 3181 1580 3233; x_wconf 80' lang='lat' dir='ltr'>eis.</span> <span class='ocrx_word' id='word_1_632' title='bbox 1591 3195 1648 3244; x_wconf 81' lang='lat' dir='ltr'>pore</span> <span class='ocrx_word' id='word_1_633' title='bbox 1658 3180 1734 3245; x_wconf 89' lang='lat' dir='ltr'>patris</span> 
     </span>
     <span class='ocr_line' id='line_1_83' title="bbox 954 3282 1733 3352; baseline -0.009 -13"><span class='ocrx_word' id='word_1_634' title='bbox 954 3289 1066 3341; x_wconf 77' lang='lat' dir='ltr'>desertor</span> <span class='ocrx_word' id='word_1_635' title='bbox 1082 3289 1196 3352; x_wconf 79' lang='lat' dir='ltr'>gerebat,</span> <span class='ocrx_word' id='word_1_636' title='bbox 1207 3287 1251 3352; x_wconf 88' lang='lat' dir='ltr'>qui</span> <span class='ocrx_word' id='word_1_637' title='bbox 1271 3288 1294 3337; x_wconf 91' lang='lat' dir='ltr'>in</span> <span class='ocrx_word' id='word_1_638' title='bbox 1309 3300 1395 3350; x_wconf 80' lang='lat' dir='ltr'>agriam</span> <span class='ocrx_word' id='word_1_639' title='bbox 1410 3288 1589 3335; x_wconf 78' lang='lat' dir='ltr'>Rornanorum</span> <span class='ocrx_word' id='word_1_640' title='bbox 1607 3282 1733 3333; x_wconf 76' lang='lat' dir='ltr'>excursio·</span> 
     </span>
     <span class='ocr_line' id='line_1_84' title="bbox 954 3374 1734 3451; baseline -0.005 -12"><span class='ocrx_word' id='word_1_641' title='bbox 954 3404 997 3439; x_wconf 87' lang='lat' dir='ltr'>nes</span> <span class='ocrx_word' id='word_1_642' title='bbox 1023 3390 1123 3439; x_wconf 80' lang='lat' dir='ltr'>assiduo</span> <span class='ocrx_word' id='word_1_643' title='bbox 1151 3387 1254 3438; x_wconf 77' lang='lat' dir='ltr'>feriebat</span> <span class='ocrx_word' id='word_1_644' title='bbox 1276 3391 1298 3436; x_wconf 86' lang='lat' dir='ltr'>el</span> <span class='ocrx_word' id='word_1_645' title='bbox 1330 3388 1452 3449; x_wconf 78' lang='lat' dir='ltr'>ingentem</span> <span class='ocrx_word' id='word_1_646' title='bbox 1479 3374 1586 3451; x_wconf 82' lang='lat' dir='ltr'>prrerlarn</span> <span class='ocrx_word' id='word_1_647' title='bbox 1611 3384 1734 3435; x_wconf 79' lang='lat' dir='ltr'>reterebat</span> 
     </span>
     <span class='ocr_line' id='line_1_85' title="bbox 954 3485 1735 3552; baseline 0 -15"><span class='ocrx_word' id='word_1_648' title='bbox 954 3491 1035 3552; x_wconf 85' lang='lat' dir='ltr'>(paler</span> <span class='ocrx_word' id='word_1_649' title='bbox 1044 3487 1192 3548; x_wconf 65' lang='lat' dir='ltr'>enimcum</span> <span class='ocrx_word' id='word_1_650' title='bbox 1204 3487 1252 3536; x_wconf 86' lang='lat' dir='ltr'>ium</span> <span class='ocrx_word' id='word_1_651' title='bbox 1267 3492 1323 3537; x_wconf 87' lang='lat' dir='ltr'>ante</span> <span class='ocrx_word' id='word_1_652' title='bbox 1335 3488 1409 3539; x_wconf 86' lang='lat' dir='ltr'>sciret</span> <span class='ocrx_word' id='word_1_653' title='bbox 1422 3500 1479 3550; x_wconf 77' lang='lat' dir='ltr'>apulo</span> <span class='ocrx_word' id='word_1_654' title='bbox 1488 3487 1542 3539; x_wconf 91' lang='lat' dir='ltr'>loca</span> <span class='ocrx_word' id='word_1_655' title='bbox 1556 3486 1597 3536; x_wconf 93' lang='lat' dir='ltr'>ille</span> <span class='ocrx_word' id='word_1_656' title='bbox 1612 3485 1735 3549; x_wconf 78' lang='lat' dir='ltr'>petiturus</span> 
     </span>
     <span class='ocr_line' id='line_1_86' title="bbox 955 3582 1735 3650; baseline -0.004 -15"><span class='ocrx_word' id='word_1_657' title='bbox 955 3590 1028 3647; x_wconf 82' lang='lat' dir='ltr'>esset,</span> <span class='ocrx_word' id='word_1_658' title='bbox 1047 3599 1160 3650; x_wconf 80' lang='lat' dir='ltr'>magnam</span> <span class='ocrx_word' id='word_1_659' title='bbox 1173 3585 1269 3649; x_wconf 87' lang='lat' dir='ltr'>pararit</span> <span class='ocrx_word' id='word_1_660' title='bbox 1288 3585 1396 3649; x_wconf 78' lang='lat' dir='ltr'>proerlnrn</span> <span class='ocrx_word' id='word_1_661' title='bbox 1410 3591 1434 3636; x_wconf 89' lang='lat' dir='ltr'>ot</span> <span class='ocrx_word' id='word_1_662' title='bbox 1448 3585 1568 3649; x_wconf 71' lang='lat' dir='ltr'>presidiis</span> <span class='ocrx_word' id='word_1_663' title='bbox 1588 3582 1735 3634; x_wconf 85' lang='lat' dir='ltr'>munitlonoa</span> 
     </span>
     <span class='ocr_line' id='line_1_87' title="bbox 955 3681 1734 3748; baseline 0.001 -16"><span class='ocrx_word' id='word_1_664' title='bbox 955 3683 1058 3732; x_wconf 79' lang='lat' dir='ltr'>nudauit</span> <span class='ocrx_word' id='word_1_665' title='bbox 1069 3720 1075 3745; x_wconf 89' lang='lat'>‚</span> <span class='ocrx_word' id='word_1_666' title='bbox 1087 3686 1113 3733; x_wconf 85' lang='lat' dir='ltr'>et</span> <span class='ocrx_word' id='word_1_667' title='bbox 1124 3682 1224 3733; x_wconf 79' lang='lat' dir='ltr'>assidue</span> <span class='ocrx_word' id='word_1_668' title='bbox 1236 3682 1304 3733; x_wconf 88' lang='lat' dir='ltr'>eires</span> <span class='ocrx_word' id='word_1_669' title='bbox 1319 3683 1424 3734; x_wconf 82' lang='lat' dir='ltr'>selectos</span> <span class='ocrx_word' id='word_1_670' title='bbox 1437 3698 1500 3748; x_wconf 76' lang='lat' dir='ltr'>qum</span> <span class='ocrx_word' id='word_1_671' title='bbox 1514 3686 1643 3747; x_wconf 85' lang='lat' dir='ltr'>suspectos</span> <span class='ocrx_word' id='word_1_672' title='bbox 1657 3681 1734 3733; x_wconf 86' lang='lat' dir='ltr'>lrabe-</span> 
     </span>
     <span class='ocr_line' id='line_1_88' title="bbox 956 3779 1735 3844; baseline -0.003 -13"><span class='ocrx_word' id='word_1_673' title='bbox 956 3780 1012 3841; x_wconf 83' lang='grc' dir='ltr'>λιιι,</span> <span class='ocrx_word' id='word_1_674' title='bbox 1033 3780 1056 3830; x_wconf 87' lang='lat' dir='ltr'>ei</span> <span class='ocrx_word' id='word_1_675' title='bbox 1078 3779 1238 3831; x_wconf 81' lang='lat' dir='ltr'>trucidandos</span> <span class='ocrx_word' id='word_1_676' title='bbox 1258 3779 1447 3844; x_wconf 77' lang='lat' dir='ltr'>obiciebntlrex</span> <span class='ocrx_word' id='word_1_677' title='bbox 1466 3782 1505 3831; x_wconf 75' lang='lat' dir='ltr'>liis</span> <span class='ocrx_word' id='word_1_678' title='bbox 1524 3782 1598 3843; x_wconf 79' lang='lat' dir='ltr'>ipitur</span> <span class='ocrx_word' id='word_1_679' title='bbox 1619 3779 1735 3831; x_wconf 83' lang='lat' dir='ltr'>omnihus</span> 
     </span>
     <span class='ocr_line' id='line_1_89' title="bbox 955 3877 1734 3943; baseline -0.003 -12"><span class='ocrx_word' id='word_1_680' title='bbox 955 3880 1031 3931; x_wconf 77' lang='lat' dir='ltr'>relius</span> <span class='ocrx_word' id='word_1_681' title='bbox 1043 3879 1200 3943; x_wconf 78' lang='lat' dir='ltr'>conjicientes</span> <span class='ocrx_word' id='word_1_682' title='bbox 1216 3881 1242 3930; x_wconf 87' lang='lat' dir='ltr'>et</span> <span class='ocrx_word' id='word_1_683' title='bbox 1255 3879 1425 3930; x_wconf 82' lang='lat' dir='ltr'>existimantes</span> <span class='ocrx_word' id='word_1_684' title='bbox 1440 3880 1508 3930; x_wconf 90' lang='lat' dir='ltr'>illum</span> <span class='ocrx_word' id='word_1_685' title='bbox 1525 3879 1571 3929; x_wconf 87' lang='lat' dir='ltr'>sibi</span> <span class='ocrx_word' id='word_1_686' title='bbox 1583 3878 1690 3929; x_wconf 85' lang='lat' dir='ltr'>amicum</span> <span class='ocrx_word' id='word_1_687' title='bbox 1703 3877 1734 3929; x_wconf 86' lang='lat' dir='ltr'>ll·</span> 
     </span>
     <span class='ocr_line' id='line_1_90' title="bbox 954 3976 1731 4042; baseline 0 -14"><span class='ocrx_word' id='word_1_688' title='bbox 954 3978 1034 4029; x_wconf 86' lang='lat' dir='ltr'>delem</span> <span class='ocrx_word' id='word_1_689' title='bbox 1045 3990 1100 4028; x_wconf 88' lang='lat' dir='ltr'>esse</span> <span class='ocrx_word' id='word_1_690' title='bbox 1108 3980 1134 4027; x_wconf 87' lang='lat' dir='ltr'>et</span> <span class='ocrx_word' id='word_1_691' title='bbox 1145 3977 1317 4042; x_wconf 85' lang='lat' dir='ltr'>imperatorem</span> <span class='ocrx_word' id='word_1_692' title='bbox 1328 3977 1467 4041; x_wconf 75' lang='lat' dir='ltr'>egregium,</span> <span class='ocrx_word' id='word_1_693' title='bbox 1481 3976 1553 4027; x_wconf 86' lang='lat' dir='ltr'>mulli</span> <span class='ocrx_word' id='word_1_694' title='bbox 1561 3977 1638 4027; x_wconf 85' lang='lat' dir='ltr'>etiem</span> <span class='ocrx_word' id='word_1_695' title='bbox 1652 3990 1731 4041; x_wconf 89' lang='lat' dir='ltr'>pecu-</span> 
     </span>
     <span class='ocr_line' id='line_1_91' title="bbox 955 4071 1688 4138; baseline 0.004 -16"><span class='ocrx_word' id='word_1_696' title='bbox 955 4073 995 4122; x_wconf 91' lang='lat' dir='ltr'>nia</span> <span class='ocrx_word' id='word_1_697' title='bbox 1006 4072 1131 4138; x_wconf 82' lang='lat' dir='ltr'>corrupti,</span> <span class='ocrx_word' id='word_1_698' title='bbox 1142 4086 1267 4123; x_wconf 91' lang='lat' dir='ltr'>summum</span> <span class='ocrx_word' id='word_1_699' title='bbox 1280 4072 1311 4122; x_wconf 91' lang='lat' dir='ltr'>ad</span> <span class='ocrx_word' id='word_1_700' title='bbox 1328 4086 1384 4122; x_wconf 85' lang='lat' dir='ltr'>eum</span> <span class='ocrx_word' id='word_1_701' title='bbox 1396 4071 1525 4136; x_wconf 86' lang='lat' dir='ltr'>imperium</span> <span class='ocrx_word' id='word_1_702' title='bbox 1538 4073 1688 4126; x_wconf 87' lang='lat' dir='ltr'>detulerunt.</span> 
     </span>
     <span class='ocr_line' id='line_1_92' title="bbox 987 4171 1736 4238; baseline 0.001 -16"><span class='ocrx_word' id='word_1_703' title='bbox 987 4175 1049 4223; x_wconf 76' lang='lat' dir='ltr'>Ll&#39;l.</span> <span class='ocrx_word' id='word_1_704' title='bbox 1068 4175 1159 4224; x_wconf 87' lang='lat' dir='ltr'>sextus</span> <span class='ocrx_word' id='word_1_705' title='bbox 1167 4175 1264 4232; x_wconf 90' lang='lat' dir='ltr'>autem,</span> <span class='ocrx_word' id='word_1_706' title='bbox 1275 4175 1343 4222; x_wconf 91' lang='lat' dir='ltr'>tanta</span> <span class='ocrx_word' id='word_1_707' title='bbox 1353 4174 1476 4235; x_wconf 83' lang='lat' dir='ltr'>potestate</span> <span class='ocrx_word' id='word_1_708' title='bbox 1487 4185 1532 4236; x_wconf 93' lang='lat' dir='ltr'>per</span> <span class='ocrx_word' id='word_1_709' title='bbox 1542 4171 1613 4223; x_wconf 90' lang='lat' dir='ltr'>dolos</span> <span class='ocrx_word' id='word_1_710' title='bbox 1621 4176 1645 4224; x_wconf 90' lang='lat' dir='ltr'>et</span> <span class='ocrx_word' id='word_1_711' title='bbox 1655 4186 1736 4238; x_wconf 78' lang='lat' dir='ltr'>prass-</span> 
     </span>
     <span class='ocr_line' id='line_1_93' title="bbox 957 4277 1735 4343; baseline 0.003 -17"><span class='ocrx_word' id='word_1_712' title='bbox 957 4277 1029 4342; x_wconf 81' lang='lat' dir='ltr'>tigius</span> <span class='ocrx_word' id='word_1_713' title='bbox 1036 4280 1141 4343; x_wconf 86' lang='lat' dir='ltr'>potitus,</span> <span class='ocrx_word' id='word_1_714' title='bbox 1152 4293 1252 4330; x_wconf 84' lang='lat' dir='ltr'>serrum</span> <span class='ocrx_word' id='word_1_715' title='bbox 1265 4278 1395 4342; x_wconf 86' lang='lat' dir='ltr'>quemdam</span> <span class='ocrx_word' id='word_1_716' title='bbox 1407 4278 1470 4329; x_wconf 88' lang='lat' dir='ltr'>clam</span> <span class='ocrx_word' id='word_1_717' title='bbox 1484 4277 1584 4330; x_wconf 85' lang='lat' dir='ltr'>Gabinis</span> <span class='ocrx_word' id='word_1_718' title='bbox 1598 4279 1629 4329; x_wconf 91' lang='lat' dir='ltr'>ad</span> <span class='ocrx_word' id='word_1_719' title='bbox 1641 4282 1735 4342; x_wconf 83' lang='lat' dir='ltr'>patrem</span> 
     </span>
     <span class='ocr_line' id='line_1_94' title="bbox 956 4382 1736 4448; baseline 0.004 -17"><span class='ocrx_word' id='word_1_720' title='bbox 956 4383 1040 4444; x_wconf 85' lang='lat' dir='ltr'>misit,</span> <span class='ocrx_word' id='word_1_721' title='bbox 1051 4384 1093 4448; x_wconf 88' lang='lat' dir='ltr'>qui</span> <span class='ocrx_word' id='word_1_722' title='bbox 1106 4384 1127 4433; x_wconf 92' lang='lat' dir='ltr'>el</span> <span class='ocrx_word' id='word_1_723' title='bbox 1137 4382 1273 4434; x_wconf 84' lang='lat' dir='ltr'>declararet</span> <span class='ocrx_word' id='word_1_724' title='bbox 1288 4386 1435 4447; x_wconf 89' lang='lat' dir='ltr'>potestatem</span> <span class='ocrx_word' id='word_1_725' title='bbox 1449 4396 1525 4447; x_wconf 86' lang='lat' dir='ltr'>quarn</span> <span class='ocrx_word' id='word_1_726' title='bbox 1536 4384 1640 4447; x_wconf 85' lang='lat' dir='ltr'>adeptus</span> <span class='ocrx_word' id='word_1_727' title='bbox 1656 4384 1736 4434; x_wconf 84' lang='lat' dir='ltr'>luerat</span> 
     </span>
     <span class='ocr_line' id='line_1_95' title="bbox 956 4489 1736 4555; baseline 0.004 -17"><span class='ocrx_word' id='word_1_728' title='bbox 956 4491 982 4539; x_wconf 87' lang='lat' dir='ltr'>et</span> <span class='ocrx_word' id='word_1_729' title='bbox 995 4489 1165 4541; x_wconf 87' lang='lat' dir='ltr'>sciscitaretur</span> <span class='ocrx_word' id='word_1_730' title='bbox 1181 4490 1300 4555; x_wconf 87' lang='lat' dir='ltr'>quidnam</span> <span class='ocrx_word' id='word_1_731' title='bbox 1322 4491 1388 4540; x_wconf 85' lang='lat' dir='ltr'>esset</span> <span class='ocrx_word' id='word_1_732' title='bbox 1407 4490 1556 4542; x_wconf 86' lang='lat' dir='ltr'>laciendum.</span> <span class='ocrx_word' id='word_1_733' title='bbox 1588 4489 1736 4555; x_wconf 82' lang='lat' dir='ltr'>Tarquinius</span> 
     </span>
     <span class='ocr_line' id='line_1_96' title="bbox 956 4597 1736 4661; baseline 0 -14"><span class='ocrx_word' id='word_1_734' title='bbox 956 4602 1051 4658; x_wconf 86' lang='lat' dir='ltr'>autem,</span> <span class='ocrx_word' id='word_1_735' title='bbox 1067 4610 1146 4661; x_wconf 89' lang='lat' dir='ltr'>quum</span> <span class='ocrx_word' id='word_1_736' title='bbox 1171 4598 1248 4649; x_wconf 87' lang='lat' dir='ltr'>nollet</span> <span class='ocrx_word' id='word_1_737' title='bbox 1267 4611 1366 4649; x_wconf 84' lang='lat' dir='ltr'>serrum</span> <span class='ocrx_word' id='word_1_738' title='bbox 1391 4597 1472 4660; x_wconf 85' lang='lat' dir='ltr'>seire,</span> <span class='ocrx_word' id='word_1_739' title='bbox 1486 4612 1543 4661; x_wconf 76' lang='grc' dir='ltr'>(μιαν</span> <span class='ocrx_word' id='word_1_740' title='bbox 1562 4597 1637 4646; x_wconf 91' lang='lat' dir='ltr'>lilium</span> <span class='ocrx_word' id='word_1_741' title='bbox 1657 4597 1736 4647; x_wconf 87' lang='lat' dir='ltr'>lacere</span> 
     </span>
    </p>
   </div>
   <div class='ocr_carea' id='block_1_7' title="bbox 956 4703 1737 5288">
    <p class='ocr_par' dir='ltr' id='par_1_9' title="bbox 956 4703 1737 5288">
     <span class='ocr_line' id='line_1_97' title="bbox 956 4703 1734 4770; baseline 0.001 -16"><span class='ocrx_word' id='word_1_742' title='bbox 956 4703 1069 4756; x_wconf 85' lang='lat' dir='ltr'>iussurus</span> <span class='ocrx_word' id='word_1_743' title='bbox 1084 4708 1164 4770; x_wconf 85' lang='lat' dir='ltr'>esset,</span> <span class='ocrx_word' id='word_1_744' title='bbox 1184 4707 1299 4757; x_wconf 89' lang='lat' dir='ltr'>nuntium</span> <span class='ocrx_word' id='word_1_745' title='bbox 1321 4708 1346 4757; x_wconf 85' lang='lat' dir='ltr'>ira</span> <span class='ocrx_word' id='word_1_746' title='bbox 1369 4707 1468 4758; x_wconf 83' lang='lat' dir='ltr'>irorturn</span> <span class='ocrx_word' id='word_1_747' title='bbox 1490 4707 1562 4769; x_wconf 77' lang='lat' dir='ltr'>regins</span> <span class='ocrx_word' id='word_1_748' title='bbox 1583 4705 1734 4755; x_wconf 85' lang='lat' dir='ltr'>nrliaeentena</span> 
     </span>
     <span class='ocr_line' id='line_1_98' title="bbox 956 4809 1736 4876; baseline 0.001 -17"><span class='ocrx_word' id='word_1_749' title='bbox 956 4810 1029 4861; x_wconf 82' lang='lat' dir='ltr'>duait</span> <span class='ocrx_word' id='word_1_750' title='bbox 1051 4832 1057 4862; x_wconf 76' lang='grc' dir='ltr'>ι</span> <span class='ocrx_word' id='word_1_751' title='bbox 1076 4811 1109 4862; x_wconf 91' lang='lat' dir='ltr'>ibi</span> <span class='ocrx_word' id='word_1_752' title='bbox 1126 4811 1191 4862; x_wconf 87' lang='lat' dir='ltr'>enirn</span> <span class='ocrx_word' id='word_1_753' title='bbox 1210 4815 1280 4862; x_wconf 91' lang='lat' dir='ltr'>erant</span> <span class='ocrx_word' id='word_1_754' title='bbox 1300 4826 1421 4876; x_wconf 82' lang='lat' dir='ltr'>papavera</span> <span class='ocrx_word' id='word_1_755' title='bbox 1442 4809 1563 4860; x_wconf 80' lang='lat' dir='ltr'>{ructibus</span> <span class='ocrx_word' id='word_1_756' title='bbox 1585 4810 1689 4868; x_wconf 75' lang='lat' dir='ltr'>onusta,</span> <span class='ocrx_word' id='word_1_757' title='bbox 1710 4810 1736 4860; x_wconf 84' lang='lat' dir='ltr'>el</span> 
     </span>
     <span class='ocr_line' id='line_1_99' title="bbox 957 4908 1736 4973; baseline 0.003 -12"><span class='ocrx_word' id='word_1_758' title='bbox 957 4911 1005 4962; x_wconf 89' lang='lat' dir='ltr'>iam</span> <span class='ocrx_word' id='word_1_759' title='bbox 1013 4913 1150 4964; x_wconf 77' lang='lat' dir='ltr'>collectioni</span> <span class='ocrx_word' id='word_1_760' title='bbox 1160 4917 1266 4965; x_wconf 89' lang='lat' dir='ltr'>matura.</span> <span class='ocrx_word' id='word_1_761' title='bbox 1300 4916 1348 4964; x_wconf 85' lang='lat' dir='ltr'>Per</span> <span class='ocrx_word' id='word_1_762' title='bbox 1358 4914 1411 4963; x_wconf 80' lang='lat' dir='ltr'>luce</span> <span class='ocrx_word' id='word_1_763' title='bbox 1423 4913 1497 4973; x_wconf 79' lang='lat' dir='ltr'>igitur</span> <span class='ocrx_word' id='word_1_764' title='bbox 1508 4908 1587 4959; x_wconf 82' lang='lat' dir='ltr'>inertia</span> <span class='ocrx_word' id='word_1_765' title='bbox 1597 4908 1736 4973; x_wconf 81' lang='lat' dir='ltr'>arrrbulans,</span> 
     </span>
     <span class='ocr_line' id='line_1_100' title="bbox 957 5014 1737 5083; baseline 0.005 -17"><span class='ocrx_word' id='word_1_766' title='bbox 957 5017 1074 5079; x_wconf 81' lang='lat' dir='ltr'>quaelibet</span> <span class='ocrx_word' id='word_1_767' title='bbox 1094 5032 1245 5081; x_wconf 77' lang='lat' dir='ltr'>papaverum</span> <span class='ocrx_word' id='word_1_768' title='bbox 1266 5020 1346 5083; x_wconf 91' lang='lat' dir='ltr'>capita</span> <span class='ocrx_word' id='word_1_769' title='bbox 1368 5019 1456 5067; x_wconf 83' lang='lat' dir='ltr'>ceteris</span> <span class='ocrx_word' id='word_1_770' title='bbox 1474 5014 1635 5066; x_wconf 87' lang='lat' dir='ltr'>eminentiora</span> <span class='ocrx_word' id='word_1_771' title='bbox 1650 5018 1737 5070; x_wconf 86' lang='lat' dir='ltr'>lraeulo</span> 
     </span>
     <span class='ocr_line' id='line_1_101' title="bbox 958 5119 1734 5185; baseline 0.004 -15"><span class='ocrx_word' id='word_1_772' title='bbox 958 5134 1074 5183; x_wconf 80' lang='lat' dir='ltr'>percussa</span> <span class='ocrx_word' id='word_1_773' title='bbox 1091 5121 1230 5185; x_wconf 74' lang='lat' dir='ltr'>dejiciebat.</span> <span class='ocrx_word' id='word_1_774' title='bbox 1265 5128 1320 5181; x_wconf 88' lang='lat' dir='ltr'>Quo</span> <span class='ocrx_word' id='word_1_775' title='bbox 1341 5122 1405 5169; x_wconf 83' lang='lat' dir='ltr'>lecto</span> <span class='ocrx_word' id='word_1_776' title='bbox 1420 5119 1545 5181; x_wconf 85' lang='lat' dir='ltr'>nuntium,</span> <span class='ocrx_word' id='word_1_777' title='bbox 1558 5122 1673 5184; x_wconf 79' lang='lat' dir='ltr'>quamvis</span> <span class='ocrx_word' id='word_1_778' title='bbox 1688 5136 1734 5173; x_wconf 78' lang='lat' dir='ltr'>sco·</span> 
     </span>
     <span class='ocr_line' id='line_1_102' title="bbox 958 5223 1736 5288; baseline 0 -15"><span class='ocrx_word' id='word_1_779' title='bbox 958 5223 1014 5285; x_wconf 87' lang='lat' dir='ltr'>pius</span> <span class='ocrx_word' id='word_1_780' title='bbox 1038 5224 1218 5288; x_wconf 75' lang='lat' dir='ltr'>iuterrogatus,</span> <span class='ocrx_word' id='word_1_781' title='bbox 1240 5228 1292 5277; x_wconf 86' lang='lat' dir='ltr'>sine</span> <span class='ocrx_word' id='word_1_782' title='bbox 1311 5238 1429 5286; x_wconf 86' lang='lat' dir='ltr'>responso</span> <span class='ocrx_word' id='word_1_783' title='bbox 1444 5227 1539 5278; x_wconf 86' lang='lat' dir='ltr'>remisit</span> <span class='ocrx_word' id='word_1_784' title='bbox 1560 5246 1565 5277; x_wconf 60' lang='lat' dir='ltr'>a</span> <span class='ocrx_word' id='word_1_785' title='bbox 1591 5225 1736 5288; x_wconf 77' lang='lat' dir='ltr'>&#39;llrrasytrull</span> 
     </span>
    </p>
   </div>
   <div class='ocr_carea' id='block_1_8' title="bbox 0 0 1897 5828">
    <p class='ocr_par' dir='ltr' id='par_1_10' title="bbox 0 0 1897 5828">
     <span class='ocr_line' id='line_1_103' title="bbox 0 0 1897 5828; baseline 0 0"><span class='ocrx_word' id='word_1_786' title='bbox 0 0 1897 5828; x_wconf 95' lang='lat' dir='ltr'> </span> 
     </span>
    </p>
   </div>
  </div>
 </body>
</html>
