3772 5828
171 284 232 345 ala

692 288 864 350 ulbul'stt
887 288 1266 353 ltetlclttrtassaltsts

213 418 273 479 CX.
296 416 345 483 Ὦς
362 416 389 478 δέ
409 423 524 488 καθῆκεν
541 424 623 481 θεῶν
641 424 819 501 ἀρχαιρεσιῶν
845 420 947 501 χρόνος,
972 454 977 515 γ
1035 432 1087 483 l’d.
1103 436 1186 490 Quum
1197 435 1282 482 autem
1292 430 1449 484 comitiorum
1457 434 1561 500 tempus
1573 436 1701 499 venisset,
1715 443 1742 493 et
1755 443 1800 507 ipsi

173 506 298 566 ἐλθόντων
313 510 364 566 τῶν
380 508 506 582 ὑπάτων,
525 509 611 583 ττολλέΙ
627 510 730 581 σπουδὴ
743 511 788 569 καὶ
801 509 947 590 παράταξις

171 594 272 673 ἐγένετο
294 601 340 656 τοῦ
366 596 452 673 δήμου
471 598 536 675 πρὸς
556 598 615 666 τοὺς
631 599 787 678 πατρικίους
812 600 872 677 περὶ
895 603 947 658 τῶν

171 683 401 763 παραληψομένων
424 686 472 755 τὴν
496 686 641 764 ἡγεμονίαν
666 688 778 767 ἀνδρῶν.
835 687 948 748 Ἐκεῖνοι

131 794 144 829 e
172 772 219 847 μέν
232 776 282 854 γάρ
294 776 323 833 ἐκ
338 780 390 833 τῶν
400 775 533 854 νεωτέρων
550 776 689 836 ἐύούλοντο
705 778 764 841 τοὺς
776 777 949 856 δραστηρίους

170 882 199 918 τε
213 863 258 920 καὶ
275 863 372 935 ἥκιστα
388 864 544 940 δημοτικοὺς
565 865 609 924 ἐπὶ
623 865 671 938 τὴν
685 866 814 925 ὑπατείαν
826 888 948 944 προαγα·

171 959 240 1024 γεῖν·
256 952 301 1010 καὶ
316 952 408 1032 μετῄει
423 953 471 1022 τὴν
490 950 574 1032 ἀρχὴν
599 954 744 1019 κελευσθείς
764 957 810 1011 ὑπ’
831 955 949 1012 αὐτῶνθ

170 1039 224 1108 υίὸς
238 1042 350 1101 Ἀππίου
365 1041 500 1101 Κλαυδίου
525 1046 572 1100 τοῦ
591 1041 791 1119 πολεμιωτάτου
815 1043 948 1121 τῷδήμῳ

170 1130 304 1197 δοκοῦντος
318 1121 401 1207 εἶναι,
418 1129 513 1205 μεστὸς
527 1130 668 1196 αὐθαδείας
692 1128 758 1208 ἀνὴρ
775 1131 820 1188 καί
836 1129 947 1207 θράσους

119 1238 144 1276 ιο
170 1217 277 1297 ἑταίροις
291 1241 319 1277 τι
333 1219 378 1278 καλ
394 1219 521 1286 πελάταις
536 1217 661 1275 ἀπάντων
678 1219 802 1277 πλεῖστον
818 1222 870 1276 τῶν
887 1221 947 1277 καθ’

170 1306 276 1377 Ιἡλικίαν
291 1306 443 1383 δυνάμενος.
486 1306 520 1367 Ὁ
537 1306 564 1365 δὲ
579 1307 661 1381 δῆμος
682 1309 713 1365 ἐκ
726 1311 779 1365 τῶν
795 1304 946 1384 πρεσὺυτέ-

172 1420 223 1475 ροιν
235 1421 264 1455 τε
274 1397 320 1455 καί
334 1400 385 1455 τοῖιν
399 1405 493 1475 πεῖραν
507 1396 560 1468 ἤδη
573 1394 724 1456 δεδωκότων
745 1400 792 1466 τῆς
807 1395 947 1461 ἐπιεικείας

171 1484 230 1551 τοὺς
241 1484 466 1565 προνοησομένους
480 1492 526 1545 τοῦ
540 1490 614 1563 κοινῇ
627 1484 802 1566 συμρέροντος
813 1484 947 1561 ὀνομάζων

170 1572 244 1642 ἠξίου
256 1575 340 1633 ποιεῖν
355 1575 481 1639 ὑπάτους.
525 1572 563 1634 Αἵ
572 1597 601 1633 τε
615 1574 697 1655 ἀρχαί
709 1573 890 1645 διειστήκεσαν
903 1572 948 1631 καλ

117 1676 141 1715 ιιι
169 1664 216 1730 τίς
231 1663 353 1733 ἀλλήλοιν
370 1661 475 1722 ἀνέλυον
496 1661 624 1730 ἐξουσίας.
673 1661 770 1722 Ὁπότε
791 1662 838 1738 μὲν
857 1660 908 1742 γόιρ
923 1664 947 1721 οἱ

168 1750 264 1810 ύπατοι
291 1754 395 1810 καλοῖεν
419 1750 450 1811 τό
474 1753 592 1826 πλῆθος,
616 1755 652 1819 ὡς
680 1749 859 1819 ἀποδείξοντες
887 1748 948 1818 τοὺς

169 1842 306 1913 μετιόντας
322 1841 369 1913 τὴν
389 1839 475 1921 ἀρχὴν
490 1838 620 1910 ὑπάτους,
638 1842 663 1899 oi
678 1840 811 1919 δήμαρχοι
827 1845 873 1899 τοῦ
892 1864 946 1900 κω·

168 1929 237 1989 λύειν
265 1929 335 1996 όντες
356 1929 440 2010 κύριοι
459 1929 560 1987 διέλυον
573 1928 608 1987 τά
628 1928 803 2008 ἀρχαιρέσια·
818 1928 896 1989 ὁπότε
918 1928 946 1988 δέ

168 2010 202 2078 αὑ
230 2020 312 2076 πάλιν
339 2019 432 2076 ἐκεῖνοι
457 2016 562 2074 καλοῖεν
573 2018 609 2082 όις
634 2015 875 2095 ἀρχαιρεσιάσοντα
900 2015 944 2074 τὸν

168 2110 250 2185 δῆμον
262 2152 269 2179 ,
281 2110 330 2165 οὐκ
344 2105 487 2183 ἐπέτρεπον
502 2108 526 2164 ci
540 2102 637 2163 ὕπατοι
649 2103 695 2177 τὴν
709 2103 826 2172 ἐξουσίαν
842 2107 946 2184 ἔχοντες

167 2203 213 2257 τοῦ
226 2197 366 2273 συγκαλεῖν
387 2193 447 2260 τοὺς
470 2193 564 2272 λόχους
578 2191 624 2251 καί
638 2193 686 2260 τάς
706 2195 809 2275 θέρους
825 2194 945 2253 ἀναδιδό·

166 2308 220 2347 ναι.
265 2282 434 2361 Κατηγορίαι
447 2285 471 2341 τ’
486 2281 609 2353 ἀλλήλων
624 2282 749 2358 ἐγένοντο,
766 2280 812 2339 καλ
826 2290 946 2362 συνεχεῖς

167 2371 315 2453 ἁψιμαχίαι
342 2373 403 2430 καθ’
422 2369 540 2449 ἑταιρίας
566 2368 782 2445 συνισταμένων,
805 2368 873 2428 ὥστε
899 2369 945 2429 καλ

167 2460 271 2541 πληγάς
288 2458 413 2531 ἀλλήλοις
430 2456 527 2517 διδόναι
548 2457 621 2523 τινθς
633 2461 679 2514 ὑπ’
693 2462 772 2538 ὀργῆς
786 2457 832 2517 καί
847 2460 877 2517 ού
892 2482 943 2536 μα·

129 2592 132 2599 -
166 2551 231 2630 κρέιν
247 2555 376 2629 ἀποσχεῖν
391 2548 439 2620 τὴν
454 2548 548 2607 στάσιν
563 2550 616 2606 τῶν
634 2548 736 2607 ὅπλων.
779 2549 806 2607 Τ
807 2552 874 2607 αῦτα
889 2571 945 2624 μα-

166 2643 279 2709 θοῦσαή
296 2636 378 2716 βουλὴ
393 2636 477 2695 πολὺν
492 2636 599 2694 ἐσκόπει
614 2635 727 2716 χρόνον,
744 2634 760 2693 ό
769 2659 795 2694 τι
814 2634 944 2715 χρήσεται

166 2728 219 2792 τοῖς
235 2726 405 2803 πράγμασιν,
420 2723 480 2784 οὑτε
496 2724 640 2804 βιάσασθαι
652 2724 787 2802 δυναμένη
797 2723 842 2783 τόν
858 2726 943 2801 δῆμον

166 2813 219 2872 οὔτ’
243 2806 308 2883 εἶξαι
329 2811 486 2892 βουλομένη.
529 2802 587 2873 Ἦν
610 2811 634 2871 δ’
658 2818 673 2883 ἡ
698 2811 745 2889 μὲν
767 2810 945 2889 αὐθαδεστέρα

165 2900 257 2980 γνώμη
284 2904 427 2983 δικτάτορα
448 2900 553 2959 ἑλέσθαι
569 2904 622 2960 τῶν
643 2904 822 2981 ἀρχαιρεσιῶν
845 2899 942 2970 ἕνεκα,

111 3034 117 3050 .
165 2991 193 3049 δν
209 2990 242 3050 ἀν
255 2995 372 3070 ἡγῶνται
393 2989 535 3069 κράτιστον
550 2983 630 3047 εἶναι·
646 2990 690 3048 τὸν
714 2987 743 3046 δέ
765 2987 881 3046 λαθόντα
895 2986 944 3057 τλν

164 3081 282 3149 ἐξουσίαν
303 3079 361 3144 τούς
375 3101 403 3135 τε
419 3074 568 3143 νοσοποιοὺς
583 3077 613 3134 ἐκ
638 3080 685 3146 τῆς
708 3076 810 3141 πόλεως
826 3073 941 3148 ἐξελεῖν,

164 3172 208 3227 καί
223 3170 247 3228 εί
259 3193 284 3228 τι
300 3168 452 3247 Ιἡμάρτηται
466 3173 524 3230 ταῖς
535 3164 663 3245 πρότερον
679 3166 774 3243 ἀρχαῖς
790 3160 943 3240 ἐπανορθώ·

164 3262 279 3337 σαισθαι,
294 3255 337 3314 τόν
351 3278 379 3312 τε
394 3252 492 3328 κόσμον
507 3259 552 3310 τοὺ
568 3252 760 3327 πολιτεύματος
774 3249 802 3309 δν
820 3248 943 3328 βούλεται

164 3343 400 3419 καταστησάμενον
426 3340 535 3420 ἀνδράσι
559 3344 611 3407 τοῖς
628 3339 777 3420 κρατίστοις
801 3341 943 3399 ἀποδοῦναι

111 3460 136 3495 τι
163 3434 324 3512 τάςάρχάς·
367 3438 383 3504 ό,
428 3432 450 3488 δ’
475 3429 863 3509 ἐπιεικεστέρα,μεσούασιλεῖς
885 3427 943 3486 ἐλέ-

163 3528 223 3580 σθαι
245 3521 302 3588 τοὺς
317 3517 513 3600 πρεσθυτάτους
526 3542 555 3577 τε
570 3518 615 3576 καὶ
631 3517 807 3595 τιμιωτάτους
823 3517 939 3597 ἄνδρας,

163 3602 201 3679 οἷς
213 3609 335 3687 ἐπιμελὲς
353 3608 428 3667 ἔσται
442 3607 477 3666 τθι
493 3611 553 3686 περλ
568 3607 615 3676 τθις
626 3608 729 3687 ἀρχὰς,
750 3606 821 3675 ὅπως
833 3607 942 3684 κράτισ·

162 3723 205 3757 ται
220 3697 391 3776 γενήσονται,
409 3701 601 3775 προνοηθῆναι,
621 3697 665 3754 τὸν
682 3695 759 3754 αὑτὸν
783 3695 878 3774 τρόπον
901 3693 943 3752 ὅν·

163 3811 212 3866 περ
239 3787 282 3845 ἐπί
306 3790 358 3844 τῶν
385 3783 515 3866 βασιλέοιν
548 3788 601 3843 τῶν
626 3786 786 3843 ἐκλιπόντων
815 3783 940 3860 ἐγίνοντο.

163 3875 256 3951 Ἰἀύτη
273 3873 458 3955 προσθεμένων
474 3877 507 3951 τῇ
530 3872 623 3951 γνώμῃ
646 3875 698 3929 τῶν
720 3871 859 3943 πλειόνων,
876 3874 942 3931 ἀπο-

163 3962 295 4021 δείκνυνιιι
310 3964 373 4042 πρὸς
389 3964 478 4022 αὐτῶν
494 3961 693 4037 μισούασιλεῖς,
709 3963 812 4038 πρῶτος
827 3959 874 4034 μὲν
888 3952 943 4020 Ab·

162 4053 206 4114 λος
221 4052 392 4130 Σεμπρώνιος
408 4052 566 4132 Ἀτρατῖνος,
581 4052 609 4108 oi
624 4051 647 4106 δ’
665 4048 744 4106 ἄλλαι
759 4045 942 4118 κατελύθησαν

163 4137 256 4216 ἀρχαί.
301 4131 386 4205 Οὑτος
396 4138 587 4219 ἐπιτροπεύσας
603 4136 651 4208 τλν
672 4135 748 4194 πόλιν
762 4135 941 4197 ἀστασίαστον

163 4223 225 4290 όσας
241 4224 299 4296 ἐξῆν
321 4228 441 4305 ἡμέρας,
460 4225 548 4306 ἕτερον
563 4225 764 4296 ἀποδείκνυσιν,
780 4221 872 4304 όισπιρ
896 4227 943 4282 αιἰ-

112 4341 139 4379 ln
162 4323 214 4380 τοῖς
231 4313 285 4380 ἔθος
300 4306 345 4387 ἦν,
360 4317 474 4395 Σπόριον
491 4316 616 4395 Λάρκιον.
662 4318 790 4382 Κάκεῖνος
812 4315 941 4392 συγκαλέ·

163 4426 210 4470 σας
224 4403 272 4473 τὴν
285 4406 385 4483 λοχῖτιν
401 4407 561 4477 ἐκκλησίαν,
578 4407 622 4464 καὶ
638 4403 684 4470 τάις
697 4406 799 4484 ψήρους
819 4405 888 4463 κατά
908 4405 941 4463 τά

162 4492 302 4568 τιμήματα
326 4493 452 4565 άναδοὺς,
477 4498 506 4554 ἐκ
531 4500 578 4566 τῆς
601 4493 757 4573 άμροτέρων
781 4494 943 4564 εὐδοκήσεως

163 4581 345 4641 ἀποδείκνυσιν
371 4581 502 4654 ὑπάτους,
535 4585 614 4642 Γάϊον
641 4582 748 4642 Ἰούλιον
780 4581 825 4640 τὸν
850 4584 942 4639 ἐπικα-

163 4672 289 4744 λούμενον
316 4666 419 4730 Ἴουλον
440 4673 540 4731 ἐκτῶν
566 4673 734 4746 δημοτικῶν,
760 4671 806 4729 καί
832 4670 941 4729 Κόϊντον

113 4778 140 4814 ιιι
169 4758 275 4817 uastos
293 4753 431 4817 Καίσῶνος
442 4753 495 4810 υἱον
509 4753 538 4810 τὸ
553 4755 672 4835 δεύτερον
688 4758 783 4813 ἐκτῶν
796 4755 950 4831 ἀριστοκρα-

168 4852 258 4905 τικῶν.
282 4846 337 4906 Καὶ
354 4847 367 4901 ὁ
383 4844 465 4917 δῆμος
477 4840 550 4899 οὐδὲν
566 4845 595 4900 ἐκ
616 4847 665 4912 τῆς
679 4842 809 4922 προτέρας
824 4844 949 4906 ὑπατείας

169 4937 248 4993 αὑτοῦ
264 4932 400 4996 πεπονθὼς
410 4929 482 4989 εἴασε
499 4940 588 5008 τυχεῖν
604 4932 701 5002 ταύτης
719 4934 766 5001 τῆς
783 4928 900 4997 ἐξουσίας
919 4927 951 4986 τθ

170 5020 306 5101 δεύτερον,
332 5026 416 5099 μισῶν
436 5020 479 5078 τὸν
494 5016 608 5080 Ἄππιον
630 5020 686 5094 καί,
710 5017 750 5076 ότι
773 5020 869 5084 ἐκεῖνος
892 5021 949 5075 ἀτι-

171 5112 304 5186 μασθῆναι
327 5112 425 5181 ἐδόκει,
449 5110 548 5187 σρόδρα
566 5106 705 5183 ἡδόμενος·
724 5113 777 5171 ταῖς
797 5107 819 5165 δ’
840 5108 866 5163 ἐν
881 5105 950 5164 τέλει

1002 531 1156 582 consulesad
1167 547 1196 583 en
1206 533 1323 593 ivissent,
1339 532 1428 599 ingenti
1436 534 1523 586 studio
1532 539 1560 586 et
1577 541 1749 593 contentione
1762 546 1799 593 tn·

1003 638 1040 684 ter
1048 635 1147 697 plebem
1158 640 1184 686 et
1196 635 1312 701 patricios
1321 638 1445 686 certaturn
1457 640 1496 687 est
1508 636 1633 701 deutris,
1645 643 1745 704 quibus
1763 660 1799 696 re·

1003 739 1058 775 rum
1074 739 1172 776 sumnia
1182 731 1249 776 esset
1261 726 1448 778 committenda.
1476 729 1514 780 llli
1530 731 1602 782 enim
1618 735 1797 800 ejunioribus

1004 827 1120 891 impigros
1125 828 1222 893 aliepuos
1232 833 1258 879 et
1267 828 1368 880 minime
1377 831 1508 895 populares
1518 833 1550 883 ad
1562 837 1728 889 consulatum
1739 852 1796 904 pro

1002 943 1102 979 morere
1114 930 1263 993 cupiebant:
1279 934 1306 982 et
1320 944 1408 981 eorum
1419 933 1489 984 iussu
1502 933 1571 985 filius
1588 939 1667 1004 Appii
1679 941 1793 1001 Claudii,

1002 1032 1046 1093 qui
1057 1031 1193 1082 acerrimus
1202 1032 1279 1096 plebis
1290 1032 1369 1083 lmstis
1379 1034 1577 1100 existimabatur,
1586 1039 1628 1089 vir
1639 1045 1792 1106 arrogantiae

1003 1136 1028 1182 et
1039 1133 1152 1183 audaciae
1163 1132 1251 1197 plenus
1265 1136 1291 1183 el
1301 1134 1420 1185 sodalitiis
1430 1135 1607 1203 clientelisque
1619 1144 1734 1193 omnium
1741 1157 1791 1195 suae

1003 1236 1085 1286 utatis
1097 1235 1225 1285 hominum
1238 1236 1372 1301 plurimum
1380 1238 1474 1298 valens,
1485 1240 1667 1305 magistratum
1681 1247 1788 1310 petebat.

1003 1343 1033 1389 at
1047 1339 1127 1403 plebs,
1145 1340 1308 1391 esenioribus
1322 1318 1505 1405 et'prudentiae
1523 1346 1571 1415 iam
1584 1354 1708 1412 spectatae
1727 1353 1787 1404 riris

1002 1441 1146 1504 nemiuem,
1162 1444 1206 1506 qui
1219 1443 1360 1508 reipublicae
1376 1446 1516 1497 commodis
1529 1450 1682 1513 studerent,
1696 1468 1787 1506 consu-

1001 1546 1038 1597 les
1052 1546 1107 1597 illos
1121 1546 1202 1597 lacere
1225 1547 1330 1598 volebat.
1365 1551 1447 1613 Atque
1461 1548 1509 1613 ipsi
1536 1552 1702 1616 magistratus
1726 1558 1788 1609 inter

1001 1662 1028 1700 se
1041 1648 1210 1707 dissidebant,
1223 1653 1247 1699 et
1264 1649 1305 1699 alii
1320 1649 1425 1700 aliorum
1436 1655 1588 1715 potestatem
1598 1655 1697 1709 irritam
1717 1662 1788 1712 tocie·

1002 1751 1069 1802 lunt.
1079 1754 1140 1801 Nam
1152 1750 1250 1815 quoties
1258 1752 1373 1803 consules
1385 1752 1482 1817 plebem
1492 1765 1687 1817 convocassent,
1701 1766 1728 1812 ut
1738 1777 1787 1814 ma·

1002 1853 1132 1918 gistratum
1154 1854 1265 1917 petentes
1288 1858 1402 1905 crearent
1419 1855 1550 1920 consules,
1571 1859 1668 1910 tribuni
1686 1877 1732 1927 pro
1744 1879 1788 1914 sua

1002 1957 1124 2019 potestate
1150 1953 1336 2005 intercedebant
1367 1958 1394 2006 et
1418 1956 1520 2008 cernitis
1539 1957 1739 2014 dissolvebant:
1763 1970 1788 2016 et

1001 2062 1101 2118 contra,
1122 2058 1222 2120 quinties
1243 2058 1278 2108 illi
1301 2058 1397 2123 plebem
1411 2059 1444 2110 ad
1467 2061 1568 2113 comitia
1585 2074 1786 2124 convocassent,

1000 2157 1125 2216 consules,
1138 2159 1303 2209 convocandas
1316 2160 1483 2212 multitudiuis
1499 2162 1601 2228 eiusque
1618 2167 1643 2217 in
1657 2166 1783 2231 sulliagia

1000 2258 1127 2310 mittendae
1143 2258 1182 2308 ius
1196 2257 1317 2311 babentes
1340 2260 1399 2325 ipsis
1419 2262 1609 2319 intercedebant.
1643 2271 1728 2331 Atque
1752 2283 1782 2320 se

1001 2365 1091 2413 multuo
1102 2361 1252 2412 accusabant
1271 2368 1297 2413 el
1319 2365 1405 2427 stipati
1427 2366 1553 2418 seditiosis
1564 2368 1661 2420 uiribus
1678 2370 1782 2424 assidue

1001 2464 1192 2526 concertabaut3
1209 2464 1245 2515 ita
1263 2468 1292 2515 ut
1312 2466 1421 2517 nonnulli
1441 2468 1520 2519 etiam
1538 2481 1591 2535 prea
1612 2471 1648 2521 ira
1660 2486 1676 2521 a
1688 2475 1785 2525 mutuis

1000 2568 1145 2619 vullieribus
1161 2582 1210 2617 nou
1228 2568 1394 2631 abstinerent,
1417 2574 1443 2621 et
1472 2572 1563 2623 seditio
1586 2572 1621 2623 ab
1636 2575 1713 2625 armis
1736 2590 1785 2628 non

1000 2672 1106 2722 multum
1119 2670 1225 2720 abesset.
1259 2671 1375 2731 Senatus,
1389 2671 1428 2723 bis
1443 2674 1559 2738 cognitis,
1568 2675 1613 2726 diu
1623 2679 1784 2737 consultavit,

1000 2769 1118 2837 quidnam
1129 2771 1196 2819 esset
1206 2769 1329 2830 agendum
1341 2789 1347 2819 :
1359 2785 1403 2821 nec
1414 2773 1512 2837 plebem
1523 2774 1549 2825 ri
1562 2788 1678 2827 coercere
1691 2777 1782 2837 valens,

1000 2885 1045 2922 nec
1057 2871 1080 2921 ei
1092 2870 1180 2920 cedere
1194 2868 1287 2918 volens.
1320 2871 1447 2923 Sententia
1461 2888 1521 2926 cero
1532 2878 1646 2942 asperior
1658 2879 1781 2940 laeserat,

1000 2976 1028 3023 nt
1045 2971 1203 3021 corintiorum
1223 2984 1313 3021 curasse
1331 2972 1438 3024 dictator
1449 2981 1587 3042 crearetur,
1600 2980 1644 3045 qui
1665 2982 1702 3031 rir
1719 2982 1784 3046 opti-

1000 3088 1055 3124 mus
1067 3076 1150 3122 essct:
1167 3072 1208 3122 ille
1229 3087 1300 3133 vero,
1323 3081 1424 3140 accepta
1453 3083 1584 3153 potestate,
1600 3084 1732 3136 seditiosos
1751 3101 1783 3136 ex

999 3185 1060 3235 urbe
1073 3184 1192 3249 pelleret,
1206 3186 1232 3234 et
1247 3184 1269 3233 si
1285 3183 1346 3247 qrrld
1366 3197 1381 3233 a
1399 3183 1571 3247 superioribus
1592 3189 1783 3251 magistratibus

999 3289 1126 3352 peccatmn
1148 3283 1387 3352 esset‚cur·rigerct‚
1406 3286 1481 3347 atquae
1502 3285 1625 3337 arbitratu
1645 3304 1693 3339 suo
1706 3291 1783 3340 torma

1000 3385 1140 3452 reipublicae
1161 3384 1296 3434 constituta
1308 3382 1368 3432 viris
1383 3383 1486 3449 optimis
1503 3388 1669 3449 magistratus
1682 3392 1783 3441 iuranda·

1000 3492 1056 3539 ret:
1078 3493 1104 3538 at
1122 3486 1212 3545 mitior,
1229 3488 1258 3534 ut
1278 3485 1412 3550 interreges
1428 3491 1583 3549 crearentur,
1599 3491 1701 3544 marimi
1722 3499 1783 3544 natu

1000 3596 1026 3642 ct
1040 3589 1225 3640 honoratissimi
1237 3586 1329 3650 quique
1346 3586 1401 3646 riri,
1419 3586 1512 3649 quibus
1523 3604 1591 3639 curae
1609 3597 1677 3643 esset
1694 3595 1784 3659 magis·

1000 3699 1111 3746 tratuurn
1134 3690 1239 3749 creatio,
1253 3693 1281 3738 ut
1293 3688 1382 3751 optimi
1406 3688 1508 3751 tierent,
1532 3693 1621 3745 eodem
1641 3701 1783 3761 modoque

1000 3795 1098 3861 reptans
1118 3790 1227 3854 expulsis
1244 3789 1378 3852 interreges
1401 3790 1477 3840 creati
1500 3795 1567 3842 suut.
1601 3797 1686 3852 Quum
1698 3803 1783 3848 autern

999 3898 1078 3946 rnaior
1091 3906 1177 3943 eorum
1199 3904 1256 3954 pars
1275 3890 1300 3938 in
1316 3889 1380 3939 trane
1403 3892 1551 3941 seutentiam
1570 3893 1673 3957 ivisset,
1689 3898 1784 3948 abillis

998 3984 1074 4060 creati
1086 4014 1144 4061 sunt
1155 4010 1329 4069 interrogasse
1347 4005 1442 4070 primus
1460 4002 1562 4067 quidem
1576 4007 1605 4052 A.
1619 4002 1784 4066 Sempronius

999 4114 1125 4163 Atratinus
1134 4116 1160 4164 ct
1170 4112 1247 4161 ceteri
1259 4110 1420 4174 rungistratus
1435 4107 1555 4171 abrogati.
1589 4108 1640 4156 lste
1654 4105 1686 4154 sd
1697 4110 1784 4155 certos

998 4213 1051 4264 (lies
1062 4213 1109 4263 sibi
1123 4212 1277 4277 praestitutos
1299 4208 1425 4272 republica
1450 4206 1503 4256 siue
1527 4205 1647 4255 seditione
1658 4203 1779 4254 niminis-

1000 4318 1050 4365 tata
1060 4354 1066 4373 ,
1078 4314 1153 4365 aliurn
1167 4316 1258 4377 (prout
1275 4325 1361 4360 eorum
1375 4314 1414 4360 est
1427 4312 1495 4370 mos)
1514 4310 1555 4371 Sp.
1577 4304 1690 4369 Largium
1702 4317 1780 4353 crea-

998 4419 1035 4468 vit
1048 4419 1201 4475 interregem.
1245 4414 1288 4463 llle
1304 4426 1362 4462 reru
1376 4408 1647 4461 cetrniliiscenturiatis,
1665 4418 1697 4453 er
1712 4405 1781 4455 clas-

998 4523 1063 4572 sium
1081 4534 1155 4570 ecnsu
1175 4518 1252 4566 misso
1270 4516 1292 4565 iu
1316 4516 1435 4576 sul'sragia
1460 4515 1565 4578 populo,
1592 4525 1622 4560 ex
1645 4508 1781 4571 utriusque

997 4620 1075 4685 partis
1086 4631 1206 4667 consensu
1221 4615 1335 4664 consides
1348 4613 1439 4662 crearit
1455 4616 1482 4662 (ἲ.
1503 4612 1591 4661 lulium
1603 4609 1710 4659 lrrlume
1727 4609 1781 4672 ple·

998 4719 1036 4769 bis
1064 4714 1216 4769 fautoribus,
1236 4717 1307 4771 etQ.
1333 4711 1451 4763 Fabium.
1485 4709 1595 4760 Caesonis
1623 4708 1719 4761 tilium,
1749 4721 1780 4756 ex

996 4814 1165 4882 optimatibus.
1192 4815 1223 4861 Et
1249 4811 1318 4874 plebs
1334 4809 1454 4872 inpriore
1471 4808 1526 4856 eirrs
1550 4807 1681 4856 coarsulalu
1707 4805 1779 4855 nullis

996 4919 1086 4969 alleccia
1109 4914 1181 4964 naulis
1202 4925 1273 4977 passa
1296 4915 1335 4962 est
1354 4925 1411 4961 eunt
1427 4909 1516 4959 iterum
1542 4909 1605 4958 hanc
1630 4912 1780 4972 potestatem

995 5017 1109 5084 adipisci,
1132 5013 1190 5064 odio
1209 5011 1314 5075 appium
1339 5024 1506 5075 prosequens.
1542 5009 1647 5072 eiusque
1679 5010 1781 5074 repulsa

993 5135 1051 5183 quaa
1067 5118 1226 5183 ignominiosa
1236 5130 1290 5167 esse
1305 5114 1435 5165 sitiebatur
1451 5114 1521 5164 valde
1534 5112 1644 5175 gaudem
1657 5133 1663 5171 3
1676 5116 1704 5162 et
1719 5112 1781 5176 ipsis
