3772 5828
194 333 254 394 352
715 332 885 395 DIONYSll
906 334 1288 400 bnttcneoinsstittms

197 494 211 521 ε
229 466 360 546 μεγίστων
383 489 411 524 τε
444 465 490 525 καὶ
513 466 626 529 ἀνιάτων
656 469 746 525 κακῶν
771 469 971 549 ἀπερισκέπτως

198 581 211 607 ι
229 553 330 634 έχουσι.
377 553 431 613 Καί
444 558 521 612 τοῦτο
534 553 681 613 πεπόνθασι
697 557 762 635 παρ’
776 556 849 616 οὐδέν
866 556 972 636 ἕτερον,

198 639 246 713 ιῆ
267 639 337 702 ὥστε
359 643 480 722 λογισμῷ
501 641 539 718 μὴ
563 643 659 722 κρίνειν
678 642 709 702 τδ
730 650 878 726 συμφέρον,
906 646 974 706 ἀλλά

199 736 306 814 ιθυμῷ
326 731 372 790 καὶ
391 731 483 810 μανίᾳ.
541 734 604 799 Πῶς
627 731 680 812 γάρ
706 731 738 791 ἀν
763 725 834 794 οὗτοι
857 734 975 812 λέγοιντο

153 850 167 889 5
199 819 389 902 «προορᾶσθαί
417 842 445 878 τι
467 823 500 898 τῇ
528 819 631 901 διανοίφι
655 824 708 880 τῶν
730 821 906 902 χρησίμωνή
930 824 975 883 δυ·

194 937 208 964 ε
222 914 322 986 νατῶν,
348 907 440 974 οίτινες
469 908 688 983 ύπολαμόάνουσι
714 911 875 983 τηλικαύτην
897 911 974 974 πολιν

198 1024 211 1053 ε
227 998 273 1060 καί
285 998 414 1059 τοσούτων
426 997 592 1076 πραγμάτων
613 997 706 1078 κυρίαν
723 998 775 1072 ήδη
794 998 930 1081 ἐπίφθονόν
944 1025 974 1062 τε

196 1117 209 1141 ε
226 1090 272 1150 καί
285 1087 405 1169 λυπηράν
423 1088 477 1153 τοῖς
492 1086 631 1166 περιοίκοις
648 1086 802 1165 γενομένην,
818 1085 836 1159 it,
851 1087 914 1168 δίχα
928 1093 974 1149 τοῦ

196 1205 211 1231 ι
226 1178 370 1256 δημοτικοῦ
394 1177 550 1251 δυνήσεσθαι
564 1174 688 1255 κατέχειν
713 1200 744 1237 τε
762 1176 809 1237 καί
826 1177 918 1246 σώζειν
938 1176 973 1237 τά

140 1296 166 1337 io
196 1295 210 1322 ι
226 1267 287 1341 έθνη
310 1268 417 1349 ῥᾳδίως,
440 1264 562 1344 ήέτερον
585 1264 725 1333 έπάξεσθαι
740 1267 823 1342 δῆμον
845 1265 905 1326 ἀντί
927 1272 973 1327 τοῦ

196 1382 209 1410 ε
225 1355 401 1435 πονηροτέρου
421 1356 569 1435 κρείττονα,
582 1351 610 1421 ὃς
622 1355 711 1423 αὐτοῖς
727 1356 927 1435 προπολεμήσει
943 1380 973 1416 τε

195 1471 209 1499 ι
224 1450 272 1517 τῆς
285 1448 367 1525 ἀρχῆς
379 1445 424 1503 καί
439 1443 508 1503 κατά
522 1442 623 1515 πολλήν
639 1442 755 1524 ἡσυχίαν
763 1445 973 1524 συμπολιτεύσε-

196 1560 209 1588 ε
225 1559 280 1611 ται,
294 1533 420 1614 παρέχων
434 1534 480 1593 καί
491 1535 517 1592 ίν
533 1532 622 1612 εἰρήνη
638 1534 685 1593 καὶ
699 1537 727 1593 ἐν
741 1534 868 1612 πολέμοις
879 1535 972 1595 έαυτδν

193 1651 205 1677 ε
222 1624 343 1702 μέτριον,
357 1623 415 1683 οὐδέ
429 1621 480 1703 γάρ
495 1622 526 1681 ἀν
542 1623 629 1702 ἕτερον
645 1623 729 1703 ἔχοιεν
751 1627 846 1701 εἰπεῖν,
862 1613 887 1705 ᾧ
905 1647 971 1685 πισ-

141 1734 166 1773 ιε
196 1734 211 1769 ε
227 1713 343 1780 τεύοντες
352 1711 506 1781 ἀξιώσουσιν
522 1715 591 1791 ὑμᾶς
608 1711 646 1790 μή
658 1712 783 1794 δέχεσθαι
793 1712 840 1782 τάς
862 1713 971 1773 διαλλα-

196 1828 209 1853 ε
226 1825 283 1879 γας.

232 1892 263 1952 L.
281 1918 293 1942 ι
307 1880 362 1950 Ὧν
375 1890 498 1972 ἑκάτερον
520 1890 584 1964 ὅσης
605 1890 662 1951 έστλ
679 1893 777 1971 μεστόν
801 1899 920 1970 εὐηθείας
944 1897 971 1967 t}

192 2005 205 2033 ι
221 1982 308 2039 αὐτῶν
323 1983 392 2056 ὑμᾶς
407 1977 550 2056 ἀξιώσαιμι
568 1977 601 2038 διν
622 1978 704 2061 έγωγε
720 1985 772 2042 τῶν
792 1982 875 2067 έργων
904 2009 970 2046 σκο-

195 2096 208 2122 ι
227 2070 301 2142 πεῖν,
315 2066 506 2146 ἐνθυμηθέντας
516 2066 558 2126 ότι
569 2068 812 2131 διαστασιασάντων
824 2072 890 2152 πρὸς
902 2077 970 2152 ὑμᾶς

135 2167 166 2212 to
195 2162 274 2217 ιτῶν
296 2157 489 2238 ταπεινοτέρων
511 2156 555 2216 iob
581 2155 641 2224 τούς
666 2157 725 2218 οὔτε
745 2163 885 2231 πολιτικῶς
910 2160 969 2223 ούτε

194 2276 208 2301 ε
225 2246 338 2327 μετρίως
352 2254 409 2314 ταῖς
425 2245 548 2325 ἀτυχίαις
573 2246 779 2325 χρησαμένους,
800 2249 846 2310 καί
864 2255 969 2312 ὑπανα-

193 2335 405 2416 «χωρησάντων
434 2335 482 2414 μέν
506 2337 537 2395 ἐκ
554 2339 602 2407 τῆς
623 2336 734 2413 πόλεως,
749 2339 815 2400 ἀλλο
840 2343 868 2402 δί
888 2342 969 2421 μηδὲν

193 2451 207 2477 a
225 2426 295 2499 ὑμᾶς
323 2422 406 2484 δεινὸν
427 2425 490 2503 μήτ’
515 2426 697 2507 ἐργαζομένων
718 2429 788 2508 μήτε
813 2432 970 2509 διανοουμέ-

193 2541 207 2567 a
224 2537 296 2591 νων,
328 2515 389 2573 ἀλλ’
413 2516 449 2581 ὡς
472 2514 699 2594 διαλλαγήσονται
728 2518 811 2600 χωρίς
841 2519 970 2600 αἰσχύνης

136 2625 164 2667 25
193 2630 207 2657 a
224 2603 413 2676 σκοπούντων,
436 2605 580 2682 ἀγαπητῶς
595 2605 731 2684 δεξάμενοι
745 2608 776 2668 τδ
795 2607 901 2684 συμόάν
917 2609 969 2669 ἀπὸ

190 2719 203 2744 ι
217 2697 264 2763 τῆς
285 2690 367 2771 τύχης
386 2689 480 2750 πολλοὶ
504 2695 557 2750 τῶν
581 2694 629 2754 ούκ
652 2685 681 2753 εύ
697 2695 888 2774 διανοουμένων
906 2694 970 2775 πρδς

192 2808 206 2833 ι
224 2785 301 2857 ὑμᾶς,
309 2779 569 2860 ἀνεπτέρωνταιταῖς
575 2782 692 2860 γνώμαις
705 2784 752 2843 καί
763 2790 852 2846 τοῦτον
866 2784 968 2845 οἴονταί

194 2896 206 2922 ε
224 2892 299 2950 σφισι
310 2877 433 2950 παρεῖναι
444 2869 489 2929 τὸν
511 2874 632 2930 εὐκταῖον
650 2872 754 2953 καιφδν,
775 2875 801 2933 έν
816 2867 839 2955 ᾧ
853 2874 970 2936 καταλύ·

193 2986 206 3013 a
223 2981 313 3018 σουσιν
333 2961 406 3036 ὑμῶν
434 2960 483 3031 τὴν
508 2960 605 3038 ἀρχήν.
660 2962 772 3022 Αἰκανοὶ
801 2963 898 3043 μένγε
923 2964 969 3024 καί

136 3071 163 3111 ιη
193 3074 206 3101 ι
226 3048 388 3107 Οὐολοῦσκοι
400 3045 511 3107 Σαόῐνοί
525 3070 553 3105 τε
568 3047 614 3106 καὶ
629 3048 659 3106 τδ
679 3048 807 3130 Ἑρνίκων
820 3050 890 3118 ἔθνος
905 3051 969 3130 πρὸς

192 3164 205 3189 a
224 3138 263 3216 τῷ
292 3136 393 3215 μηδένα
428 3135 520 3215 χρόνον
569 3135 700 3217 ἐξαίρετον
731 3143 892 3210 πεποιῆσθαι
922 3146 968 3200 τοῦ

192 3253 204 3280 ι
221 3227 285 3305 πρὸς
304 3229 373 3303 ὑμᾶς
400 3224 531 3300 πολέμου,
547 3224 593 3283 καλ
616 3234 669 3294 τοῖς
686 3226 795 3308 ἔναγχος
812 3236 903 3296 κακοῖς
923 3230 969 3288 δυ-

189 3321 457 3394 «σανασχετοῦντες,
481 3314 654 3390 λῃστεύουσιν
682 3319 759 3394 ήμῶν
782 3315 841 3386 τοὺς
862 3318 966 3399 ἀγρούς.

193 3402 389 3479 «Καμπανίας
415 3401 443 3461 δὲ
471 3402 518 3461 καλ
541 3402 694 3483 Τυρρηνίας
728 3404 779 3464 όσα
815 3408 970 3476 ἐνδοιαστῶς

134 3510 162 3550 σε
193 3520 206 3545 a
226 3499 290 3565 ἡμῖν
308 3491 461 3567 διακείμενα
487 3492 664 3567 διατελεῖ,τά
683 3493 731 3570 μέν
750 3497 780 3555 ἐκ
798 3500 843 3556 τοῦ
858 3504 970 3579 φανεροῦ

192 3607 205 3634 ε
226 3581 389 3663 ἀφίσταται,
402 3579 436 3636 τὰ
449 3578 477 3637 δί
488 3581 594 3660 ἀφανῶς
610 3583 849 3662 παρασκευάζεται.
891 3587 971 3647 Δοκεῖ

192 3694 251 3729 «τε
272 3667 331 3728 οὐδὲ
355 3669 385 3727 τὸ
410 3669 530 3730 Λατίνων
555 3671 676 3749 συγγενές
703 3672 743 3732 ἔτι
768 3674 882 3752 βεόαίως
905 3681 968 3754 ἡμῖν

191 3786 203 3810 ι
222 3761 352 3835 διαμενεῖν
367 3760 450 3843 φίλιον
466 3763 502 3827 είς
514 3759 606 3821 πύστιν
624 3761 707 3835 ἐλθόν,
726 3760 795 3821 ἀλλά
816 3763 862 3823 καί
875 3766 968 3826 τούτου

192 3873 205 3899 ε
222 3849 289 3907 πολὺ
300 3851 378 3931 μέρος
391 3849 573 3928 διαγγέλλεται
584 3852 679 3925 νοσεῖν,
695 3852 772 3931 ἔρωτι
791 3853 968 3930 κρατούμενον

133 3957 161 3997 ιο
191 3959 203 3987 ι
217 3926 248 4006 ής
263 3936 377 4005 ἅπαντες
388 3937 524 4018 γλίχονται
535 3940 693 4016 μεταόολής.
718 3944 753 4003 Ol
775 3943 802 4002 δέ
815 3943 877 4011 τέως
890 3947 968 4003 ἀπισ-

192 4047 205 4074 u
222 4027 454 4101 τρατοπεδεύοντες
474 4027 581 4107 ἑτέροις,
596 4033 641 4088 νῦν
662 4030 737 4090 αὐτοὶ
751 4032 882 4112 τειχήρεις
896 4031 967 4090 ένδον

188 4136 201 4163 ι
217 4110 367 4186 καθήμεθα,
386 4119 436 4192 γῆν
458 4139 487 4175 τε
512 4117 627 4197 ἄσπορον
652 4118 787 4199 ἀφεικότες
812 4120 857 4179 καί
886 4117 968 4187 atti<

190 4200 430 4278 εδιαρπαζομένας
462 4208 572 4285 δρῶντες
601 4206 673 4266 λείαν
694 4231 723 4267 τε
751 4208 967 4286 ἀπελαυνομένην

191 4288 266 4348 ικαὶ
292 4289 451 4369 θεράποντας
475 4295 686 4371 αὐτομολοῦντας
700 4295 746 4354 καλ
760 4297 807 4358 οὐκ
827 4297 929 4378 ἔχοντες
953 4297 970 4356 ό

135 4404 160 4442 ta
192 4406 202 4428 ι
220 4403 246 4436 τι
264 4379 419 4459 χρησόμεθα
440 4390 492 4449 τοῖς
506 4392 607 4451 κακοῖς.
652 4384 707 4446 Καί
724 4392 808 4447 ταῦτα
823 4388 968 4469 πάσχοντες

192 4470 260 4528 nin
287 4473 510 4551 διαλλαγήσεσθαι
531 4479 595 4559 πρὸς
617 4482 687 4555 ἡμᾶς
711 4481 849 4557 ἐλπίζομεν
874 4482 904 4540 τὸ
920 4483 965 4550 δη·

190 4561 343 4636 εμοτικδν,
363 4562 430 4642 [καί]
453 4564 494 4646 ἐφ’
509 4571 573 4643 ἡμῖν
598 4570 718 4648 ὑπάρχον
737 4569 832 4637 εἰδότες
863 4569 965 4629 ένὶκα-

190 4674 201 4700 ιι
222 4650 384 4710 ταλύσασθαι
397 4653 548 4733 ψηφίσματι
568 4656 616 4726 τὴν
629 4659 733 4716 στάσιν.

225 4743 274 4802 Ll.
298 4769 310 4795 ι
337 4741 418 4805 Οόεω
439 4742 466 4801 δὲ
480 4748 570 4811 κακῶς
595 4748 710 4826 ἐχόντων
732 4751 796 4825 ήμῖν
811 4753 863 4809 τῶν
884 4751 965 4807 ὑπαι-

133 4839 160 4879 ⁶0
189 4830 309 4910 «θρίων,
329 4832 387 4893 οὐδέ
401 4829 435 4891 τδι
459 4831 530 4900 έντδς
543 4833 646 4915 τείχους
665 4834 738 4897 isai
755 4830 833 4910 ἧττόν
847 4840 902 4897 ἐστι
917 4860 964 4919 φο·

190 4940 202 4965 a
219 4916 295 4995 ispe.
339 4923 408 4983 Οὔτε
421 4922 472 5005 γάρ
483 4926 518 4991 ὡς
532 4925 766 5007 πολιορκησόμενοι
785 4926 966 5006 παρεσκευάσ-

190 5008 287 5076 ιμεθα
309 5011 338 5066 ἐκ
358 5012 456 5069 πολλοῦ
470 5010 504 5070 τδι
527 5012 706 5092 συμμαχικδι,
729 5013 788 5072 οὔτε
804 5016 899 5087 πλήθει
913 5014 964 5071 αύ-

189 5115 202 5140 «
218 5087 258 5146 τοί
274 5092 441 5173 ἀποχρῶντες
456 5098 546 5176 έσμέν,
562 5101 598 5166 ὡς
610 5099 676 5180 πρδς
695 5105 812 5161 τοσαῦτα
831 5099 963 5178 πολεμίων

186 5175 293 5254 «ἔθνη,
309 5184 355 5236 τοῦ
378 5183 406 5239 at
425 5182 513 5260 ὀλίγου
541 5185 586 5244 καλ
613 5189 661 5246 οὐκ
682 5186 828 5270 ἀξιομάχου
853 5188 963 5270 πληρώ·

1030 497 1043 522 α
1059 478 1161 544 quidem
1173 479 1264 545 quibus
1282 484 1322 530 sat
1344 479 1408 530 iaedi
1424 479 1534 533 remedio
1545 480 1670 545 prouideri
1687 486 1767 549 possit
1778 486 1811 538 ti·

1029 586 1042 611 ι
1057 581 1133 628 mere,
1147 572 1173 618 at
1182 568 1328 634 gravissim
1345 573 1371 619 et
1389 568 1535 621 insanabilia
1550 584 1653 636 promus
1664 573 1785 638 redigere
1802 594 1810 627 ε

1030 674 1042 698 ι
1059 654 1134 720 idque
1145 669 1188 706 sos
1198 656 1232 707 ob
1243 656 1335 708 nullam
1344 657 1417 707 aimm
1425 671 1540 709 caussam
1554 659 1645 722 tabere,
1659 675 1736 725 qnam
1746 664 1808 727 quia

1029 763 1042 789 ε
1056 759 1106 796 non
1116 747 1226 806 ratione,
1246 745 1288 796 sed
1309 747 1345 796 ira
1360 749 1387 797 et
1406 747 1500 798 insania
1513 750 1648 802 utilitatem
1662 764 1734 803 auam
1751 767 1806 806 me·

1029 851 1042 876 ε
1059 832 1163 884 liuntur.
1197 834 1328 892 Quomodo
1344 834 1410 886 enim
1425 835 1468 886 isti
1484 835 1599 889 (beentur
1618 842 1703 891 ruente
1717 844 1806 905 pruri-

1029 940 1042 965 «
1057 920 1116 972 dere
1134 922 1228 987 aliquid
1240 923 1307 986 quod
1319 923 1352 974 ait
1363 923 1432 984 utile,
1444 928 1488 976 aut
1502 925 1569 988 quod
1583 925 1637 977 tieri
1653 930 1746 991 posset,
1762 930 1807 993 qui

1031 1027 1043 1053 ε
1058 1009 1199 1061 existimant
1211 1014 1304 1061 tautam
1317 1012 1505 1076 rempublicam,
1523 1015 1593 1065 cuius
1609 1015 1744 1080 imperium
1757 1023 1809 1070 tam

1031 1119 1043 1143 ι
1060 1098 1132 1163 longo
1149 1100 1248 1163 lateque
1262 1105 1343 1164 patet,
1354 1105 1382 1151 et
1393 1114 1449 1164 quoa
1463 1101 1513 1152 iarn
1526 1102 1612 1154 odiosa
1631 1107 1658 1154 et
1676 1107 1760 1167 gravia
1770 1111 1809 1158 est

1029 1207 1043 1232 a
1056 1188 1152 1252 populis
1164 1188 1292 1251 finitimis,
1306 1202 1378 1254 posse
1393 1190 1433 1241 rol
1446 1190 1499 1242 sine
1512 1192 1585 1255 plebe
1600 1192 1713 1244 subditas
1724 1200 1808 1259 gentes

1029 1295 1042 1320 ι
1057 1276 1126 1327 iaeilo
1138 1278 1162 1326 in
1172 1275 1256 1328 oitieio
1268 1277 1394 1329 continere
1409 1281 1483 1343 atque
1496 1281 1589 1341 tutari,
1605 1281 1645 1331 vel
1665 1283 1738 1334 aliam
1754 1285 1808 1350 ple·

1029 1384 1042 1408 ι
1059 1364 1116 1415 bem
1136 1364 1263 1417 moliorem
1286 1367 1311 1415 iu
1334 1365 1409 1417 buius
1429 1367 1554 1433 nequioris
1573 1368 1657 1420 locum
1678 1371 1704 1420 iu
1721 1372 1807 1424 urbem

1029 1471 1042 1496 ι
1056 1451 1186 1515 induoere,
1201 1467 1259 1519 quea
1280 1454 1341 1506 loris
1361 1469 1407 1519 pro
1424 1455 1534 1520 ipsorum
1549 1457 1653 1522 imperio
1669 1465 1761 1524 pugnet
1781 1466 1807 1513 et

1028 1559 1041 1584 ι
1054 1540 1208 1606 quietissime
1222 1542 1247 1593 io
1258 1541 1359 1593 civitate
1370 1542 1449 1604 vivat,
1460 1557 1490 1594 aa
1499 1559 1526 1596 se
1537 1559 1598 1596 oum
1609 1547 1677 1610 pacis
1686 1550 1737 1598 tum
1748 1548 1806 1599 belii

1029 1649 1042 1675 ι
1058 1633 1169 1696 tompore
1195 1631 1308 1683 modesta
1334 1637 1424 1698 gerat?
1449 1634 1511 1687 nibil
1534 1636 1600 1685 enim
1620 1636 1687 1687 aliud
1710 1638 1805 1701 possint

1028 1749 1041 1773 a
1059 1718 1158 1781 atlerre,
1179 1734 1229 1785 quo
1244 1720 1298 1772 irati
1332 1734 1453 1787 paeema
1478 1723 1550 1775 robis
1572 1737 1621 1775 non
1640 1723 1803 1789 accipiendam

1027 1838 1040 1863 a
1052 1821 1176 1870 censeant.

1059 1911 1087 1958 L.
1101 1911 1239 1966 «Quorum
1259 1908 1394 1985 utrumque
1406 1904 1506 1969 quanta
1516 1902 1550 1954 sit
1563 1903 1663 1968 plenum
1675 1900 1804 1965 stultitia,

1026 2015 1039 2039 ι
1054 1995 1143 2046 rebem
1158 2000 1187 2046 ut
1202 2009 1235 2046 ux
1255 1994 1316 2059 ipsis
1331 1993 1407 2044 rebus
1422 1990 1629 2043 consideraretis:
1651 1992 1712 2042 illud
1738 1992 1804 2056 cogi·

1026 2102 1039 2127 «
1053 2087 1148 2144 tantan,
1169 2084 1299 2147 postquam
1314 2080 1384 2146 plebs
1398 2095 1414 2131 a
1426 2079 1496 2131 vobia
1515 2079 1630 2142 secessit,
1647 2084 1747 2144 prepter
1762 2093 1804 2130 eoa

1026 2190 1039 2214 a
1053 2171 1096 2235 qui
1110 2184 1192 2236 ιιοιμιο
1206 2169 1310 2220 civiliter
1331 2182 1411 2233 neque
1426 2168 1553 2220 moderata
1570 2167 1596 2218 in
1609 2167 1686 2232 ipsius
1699 2168 1803 2217 aduersa

1027 2278 1039 2304 ε
1054 2258 1192 2311 tortuosae
1208 2260 1336 2322 gesseruut
1349 2260 1375 2309 et
1392 2271 1422 2308 er
1439 2257 1501 2309 urbe
1517 2255 1645 2319 tanasii,
1657 2255 1801 2319 nullumque

1026 2369 1039 2393 ι
1054 2349 1121 2401 aliud
1140 2347 1290 2398 maleficium
1302 2345 1373 2397 vobis
1386 2345 1445 2397 tecit
1464 2349 1510 2396 aut
1523 2345 1604 2397 tacere
1622 2343 1647 2395 in
1659 2343 1741 2394 animo
1756 2342 1802 2393 ba-

1025 2457 1038 2483 ·
1053 2436 1112 2497 bet,
1128 2435 1173 2487 sed
1187 2434 1358 2487 tantummodo
1385 2436 1503 2499 spectat,
1517 2445 1624 2497 quanam
1645 2433 1739 2483 ratione
1758 2431 1802 2480 bo·

1026 2546 1038 2570 ι
1059 2530 1156 2578 nestum
1175 2538 1261 2590 paoem
1284 2525 1364 2576 iaoere
1387 2522 1483 2588 possit,
1515 2521 1609 2573 multos
1636 2534 1738 2583 ουτυιυ,
1761 2521 1805 2584 qui

1025 2613 1128 2665 «vobis
1147 2612 1211 2663 male
1231 2611 1318 2663 volunt
1338 2609 1402 2661 bane
1424 2609 1579 2662 occasionem
1600 2623 1617 2660 a
1639 2610 1735 2661 fortuna
1758 2608 1806 2659 sibi

1025 2722 1037 2747 ι
1052 2702 1160 2754 oblatam
1176 2700 1249 2751 avide
1262 2699 1409 2765 arripuisse,
1423 2702 1449 2751 et
1462 2699 1552 2751 eniuaia
1567 2713 1620 2750 essa
1632 2699 1712 2758 etatis,
1730 2702 1805 2762 atquo

1025 2810 1038 2834 ι
1053 2791 1115 2842 illud
1129 2789 1175 2840 sibi
1196 2790 1378 2855 optatissimum
1392 2792 1490 2854 tempus
1502 2787 1599 2838 venisse
1612 2786 1735 2844 arbitrari,
1752 2800 1803 2849 quo

1025 2898 1037 2921 ε
1056 2882 1166 2930 vestrum
1190 2878 1319 2941 imperium
1342 2879 1461 2928 evertant.
1494 2877 1557 2926 itam
1575 2875 1648 2938 AEqui
1666 2877 1693 2925 et
1706 2874 1800 2936 volsci,

1025 2984 1037 3010 ι
1051 2968 1135 3018 Sabini
1144 2971 1169 3018 et
1181 2967 1289 3028 lierniei,
1303 2970 1469 3031 preterquam
1477 2963 1545 3027 qnod
1556 2963 1648 3014 bellum
1665 2961 1797 3013 oontlnen·

1024 3077 1037 3101 a
1053 3059 1092 3108 ter
1112 3057 1238 3108 vobiscum
1250 3059 1346 3121 gerunt,
1361 3053 1499 3106 recentibus
1512 3052 1589 3104 etiam
1600 3050 1714 3103 cladibus
1724 3066 1798 3104 exas-

1025 3167 1037 3191 ε
1051 3146 1138 3209 parati,
1165 3150 1261 3195 nostros
1284 3159 1358 3209 agros
1388 3142 1544 3209 populantur.
1582 3141 1725 3205 campania
1742 3155 1802 3192 vero

1024 3254 1036 3278 ι
1052 3239 1078 3286 et
1087 3234 1192 3285 Etruriae
1211 3233 1309 3298 populi,
1323 3235 1445 3299 quotquot
1456 3230 1532 3281 dubia
1545 3228 1662 3295 iideerga
1676 3244 1723 3281 nos
1734 3236 1800 3291 sunt,

1024 3343 1037 3367 ι
1051 3336 1136 3374 eorum
1157 3322 1199 3372 atii
1213 3326 1296 3384 aperto
1310 3321 1472 3372 detectionem
1486 3319 1528 3371 alii
1540 3319 1638 3370 occule
1650 3333 1678 3370 se
1699 3320 1731 3369 ad
1747 3333 1801 3370 eam

1024 3431 1037 3455 ν
1052 3413 1147 3475 parant.
1189 3410 1331 3468 Quinetiam
1352 3409 1449 3460 latinos
1474 3411 1590 3473 cognatos
1611 3412 1711 3459 nostros
1736 3407 1801 3458 baud

1025 3520 1036 3543 ι
1052 3500 1159 3566 amplius
1173 3500 1313 3551 constanter
1323 3499 1348 3549 in
1361 3497 1470 3549 amicitia
1480 3510 1623 3564 permanere
1636 3496 1698 3547 mibi
1716 3496 1802 3547 videor

1025 3608 1037 3631 ι
1051 3589 1218 3654 comperisse,
1233 3588 1277 3639 sed
1297 3588 1385 3639 horum
1399 3600 1499 3652 quoque
1523 3600 1611 3651 magna
1627 3599 1700 3650 pars,
1716 3588 1801 3635 muta-

1025 3696 1037 3721 ι
1052 3677 1125 3729 tionis
1143 3692 1174 3729 σε
1193 3691 1282 3729 rerum
1303 3689 1436 3727 nouorum
1454 3674 1604 3740 eupiditate,
1626 3674 1698 3725 euius
1717 3688 1802 3724 omnes

1025 3769 1156 3817 «nutura
1173 3769 1231 3817 sunt
1248 3765 1323 3826 avidi,
1348 3764 1459 3814 laborare
1482 3763 1569 3813 fertur.
1604 3764 1654 3813 Nos
1680 3775 1738 3811 vero
1758 3761 1801 3824 qui

1025 3875 1037 3899 ι
1052 3855 1152 3907 antead
1171 3855 1233 3904 lianc
1258 3868 1336 3917 usque
1348 3853 1415 3903 diem
1436 3852 1491 3902 aliis
1513 3851 1605 3902 bellum
1624 3851 1799 3911 inserebamus,

1024 3965 1037 3989 a
1054 3958 1121 3995 nunc
1137 3942 1185 4006 ipsi
1201 3943 1323 3992 moenibus
1333 3942 1420 3992 inclusi
1435 3941 1559 4002 sedemus,
1573 3942 1599 3990 et
1610 3951 1681 4002 apros
1692 3937 1799 3988 incultos

1025 4053 1037 4076 ι
1056 4031 1227 4097 relinquimus,
1247 4034 1272 4082 et
1281 4031 1351 4082 villas
1363 4032 1461 4081 nostras
1474 4030 1499 4078 in
1513 4032 1598 4079 nostro
1614 4028 1747 4091 oonopeetu
1759 4024 1800 4077 di-

1025 4142 1037 4166 «
1051 4122 1100 4188 ripi
1112 4122 1229 4187 patimur,
1240 4124 1266 4172 et
1276 4119 1387 4186 predam
1398 4119 1479 4184 abigi,
1490 4123 1515 4168 et
1525 4117 1626 4169 servitia
1635 4115 1797 4179 transfugere.

1023 4231 1036 4255 α
1053 4213 1243 4276 ignoramuoque
1261 4209 1385 4275 quomodo
1403 4209 1443 4259 bis
1465 4208 1538 4259 malis
1559 4219 1690 4258 occurrere
1709 4206 1799 4257 debea-

1054 4314 1118 4351 mus.
1136 4304 1166 4351 nt
1177 4300 1230 4350 baec
1242 4300 1340 4364 quidem
1361 4301 1484 4363 patientes
1503 4297 1585 4347 adbuo
1599 4309 1728 4361 speramus
1748 4295 1802 4360 ple-

1024 4411 1036 4434 ιι
1052 4390 1108 4441 bern
1128 4390 1255 4440 nobiscum
1279 4392 1415 4453 pacturum,
1438 4400 1588 4450 quamquam
1608 4385 1686 4450 probe
1708 4386 1802 4435 scimus

1024 4501 1036 4524 ι
1052 4480 1077 4529 in
1100 4483 1184 4530 nostra
1197 4492 1251 4528 esse
1262 4482 1392 4542 potestate,
1404 4490 1453 4527 uno
1472 4475 1688 4527 senatusconsulto
1703 4489 1800 4527 omnem

1023 4590 1036 4613 ι
1052 4569 1198 4620 seditionem
1215 4567 1309 4617 sedare.

1052 4759 1093 4808 bl.
1109 4776 1121 4799 ι
1135 4760 1198 4806 Cum
1214 4762 1296 4808 autem
1312 4757 1371 4808 toris
1386 4771 1470 4809 rorum
1481 4757 1622 4806 nostrarum
1644 4754 1726 4806 status
1738 4753 1801 4803 adeo

1022 4865 1034 4889 ι
1051 4846 1085 4896 sit
1102 4845 1186 4904 miser,
1212 4861 1242 4896 ne
1266 4847 1402 4898 domestica
1421 4846 1520 4913 quidem
1546 4843 1612 4893 maia
1633 4844 1716 4893 miuus
1740 4842 1801 4891 sunt

1021 4954 1033 4977 «
1051 4935 1222 4987 ionuidanda:
1238 4936 1398 5000 nequeenim
1421 4936 1453 4986 ad
1476 4934 1630 4986 tolerandam
1644 4932 1800 4983 ohsidionem

1021 5043 1033 5066 ι
1050 5023 1142 5074 auxilia
1158 5024 1238 5074 multo
1258 5028 1315 5076 ante
1329 5024 1484 5091 paravimus,
1508 5036 1588 5089 neque
1608 5022 1654 5087 ipsi
1669 5021 1730 5070 satis
1750 5033 1801 5068 nu-

1020 5132 1033 5155 «
1048 5126 1158 5164 menoses
1174 5113 1257 5177 copias
1281 5113 1400 5165 adversus
1419 5115 1457 5163 tot
1480 5112 1589 5163 hostium
1612 5113 1697 5175 gentes
1720 5106 1800 5159 babe-

1021 5221 1033 5244 ι
1049 5215 1115 5254 mua.
1148 5203 1232 5254 ltustri
1253 5216 1312 5254 voro
1325 5202 1406 5266 exigui
1428 5215 1508 5265 neque
1533 5202 1596 5252 satia
1617 5198 1683 5251 firmi
1703 5196 1801 5252 numeri
