3772 5828
164 303 226 367 iso

95 426 101 435 ’
163 435 331 516 προελθόντες
351 432 488 495 cibiraton
506 437 543 503 εἰς
563 434 610 507 τήν
632 437 730 518 ἀγορὰν
753 437 799 497 καλ
818 459 937 515 συναγα-

162 528 251 604 γόντες
262 523 423 594 ἐκκλησίαν,
441 522 548 590 σκότους
562 523 632 591 ὄντος
645 524 713 597 ἤδη,
730 524 763 583 τδι
776 523 887 594 δόξαντα
902 527 940 604 τῷ

165 612 291 693 συνεδρίῳ
315 610 477 690 διεσέρησαν
502 613 549 671 καλ
572 617 698 692 προεῖπον
725 614 800 686 ήκειν
820 613 941 688 ἅπαντας

163 702 241 761 έωθεν
257 700 301 761 ini
313 699 358 765 τλς
373 701 458 769 πύλας
472 701 676 783 προπέμψοντας
697 703 813 772 ἐξιούσας
834 701 881 769 τλς
894 725 941 780 γν-

125 805 138 843 t
164 794 270 859 ναῖκες·
284 789 358 849 αὐτοὶ
371 790 399 848 δέ
416 792 467 848 τῶν
483 790 691 868 κατεπειγόντων
702 791 791 868 ἔλεγον
815 789 941 867 θπιμελή·

165 884 267 940 σεσθαι.

204 969 306 1030 XLIV.
331 962 433 1031 'Orci’
452 967 504 1040 ήδη
525 967 585 1046 περὶ
609 967 654 1027 τθν
670 969 760 1047 ὄρθρον
785 960 832 1041 ἧν,
851 971 878 1027 αἱ
893 966 940 1044 μέν

164 1066 295 1135 γυναῖκες,
304 1056 414 1137 ἄγουσαι
425 1055 460 1115 τλ
468 1055 560 1115 παιδία
573 1059 640 1133 μετὰ
652 1058 813 1133 λαμπάδων,
825 1049 889 1129 ἧκον
897 1054 941 1115 ini

164 1146 213 1217 τήν
228 1146 327 1220 οἰκίαν,
340 1145 386 1205 καλ
400 1143 607 1223 παραλαύοῦσαι
618 1144 666 1217 τήν
682 1145 842 1225 Οὐετουρίαν
853 1149 940 1224 ’προῆ-

112 1253 138 1299 lo
164 1258 211 1314 γον
234 1235 277 1294 inl
291 1236 340 1303 τὰς
353 1233 452 1302 πύλας·
467 1235 491 1292 oi
508 1233 535 1292 δέ
550 1232 647 1293 ὕπατοι
661 1233 740 1313 ζεύγη
756 1258 785 1294 τε
807 1236 883 1314 θρικθι
896 1238 942 1292 καὶ

165 1324 267 1402 ἁμάξας
281 1324 326 1382 καί
337 1324 421 1382 τᾶλλα
437 1323 529 1403 ρορεῖα
549 1325 584 1390 ὡς
608 1326 721 1383 πλεῖστα
736 1324 942 1403 παρασκευασσί·

164 1434 238 1489 μενοι
260 1410 434 1487 καθεζομένας
448 1409 529 1477 αῦτδις
551 1410 724 1491 προύπεμπον
745 1411 808 1491 ἄχρι
831 1413 941 1471 πολλοῦ.

164 1501 384 1580 Παρηκολούθουν
399 1497 426 1559 δέ
445 1499 573 1565 αῦταῖςοί
590 1499 614 1558 τ’
631 1504 661 1560 ἐκ
674 1506 720 1560 τοῦ
741 1500 875 1580 συνεδρίου
896 1501 941 1560 καί

163 1591 216 1647 τῶν
240 1590 328 1648 σίλλων
347 1588 463 1647 πολιτῶν
485 1587 577 1665 συχνοί
591 1586 638 1646 σῦν
665 1591 753 1667 εὐχαῖς
767 1588 812 1647 καὶ
827 1588 943 1656 έπαίνοις

111 1694 136 1736 it
164 1678 210 1737 καῖ
226 1676 330 1750 δεήσεσι
342 1677 390 1746 τήν
407 1674 491 1743 έξοδον
511 1676 719 1755 ἔπιρανεστέραν
734 1678 825 1742 αῦταῖς
839 1683 944 1738 ποιοῦν-

163 1789 217 1835 τες.
270 1765 318 1833 Ὡς
343 1765 366 1824 δ’
389 1763 544 1823 εὐσύνοπτοι
568 1766 703 1844 πόρρωθεν
731 1764 770 1824 ira
787 1771 943 1844 προσιοῦσαι

163 1865 217 1926 τοῖς
241 1858 271 1915 ίκ
284 1861 330 1913 τοῦ
348 1853 465 1934 χέρακος
491 1857 519 1913 αἱ
547 1861 669 1933 γυναῖκες
694 1854 828 1930 ἐγένοντο,
843 1856 943 1933 πέμπει

163 1948 216 2003 τῶν
239 1943 342 2004 ἱππίων
362 1943 434 2009 τινδις
454 1944 468 2001 θ
489 1943 609 2021 Μάρκιος
635 1941 760 2009 κελεύσας
783 1947 886 2018 μαθεῖν,
906 1944 944 2012 τίς

165 2036 236 2095 ἔστιν
251 2037 265 2093 θ
278 2031 393 2113 προσιὼν
406 2032 483 2110 ὄχλος
496 2033 526 2090 έκ
540 2035 587 2103 τῆς
600 2030 717 2103 πόλεως,
732 2029 777 2088 καὶ
792 2033 835 2088 ἐπὶ
848 2032 874 2090 τί
889 2056 940 2091 πα·

110 2148 140 2188 ιο
168 2125 329 2204 ραγένοιντο.
374 2119 472 2180 Μαθὼν
487 2119 515 2178 δὲ
534 2121 598 2200 παρ’
618 2121 721 2194 αὐτῶν,
739 2117 779 2177 ὅτι
799 2118 943 2195 Ῥωμαίων

167 2218 194 2272 αἱ
213 2215 335 2290 γυναῖκες
347 2209 457 2282 ἥκουσιν
475 2209 637 2286 ἐπαγόμεναι
653 2207 764 2279 παιδία,
785 2217 943 2287 προηγεῖται

165 2299 188 2356 δ’
203 2300 288 2356 αὐτῶν
302 2295 320 2367 ή
332 2294 361 2355 ri
372 2293 461 2374 μήτηρ
476 2297 521 2354 καὶ
534 2301 551 2367 ἡ
566 2294 631 2373 γυνή
647 2297 784 2356 αὐτοῦκαὶ
797 2296 830 2356 τέι
845 2296 940 2365 τέκνα,

163 2389 269 2465 πρῶτον
290 2382 338 2460 μέν
354 2383 488 2461 ἐθαύμασε
505 2388 552 2455 τῆς
575 2382 676 2460 τολμης
698 2383 745 2452 τλς
768 2393 906 2465 γυναῖκας,
921 2388 943 2445 εί

164 2471 273 2549 γνώμην
287 2470 366 2553 ἔσχον
383 2474 418 2540 εἷς
433 2473 541 2555 χάρακα
556 2473 691 2551 πολεμίων
704 2473 765 2552 ἄτερ
780 2476 880 2554 ἀνδρῶν
895 2498 942 2555 ρυ-

111 2584 138 2624 ss
164 2563 248 2633 λακῆς
263 2562 345 2620 lineis
362 2559 493 2638 ,ἄγουσαι
515 2563 548 2622 τδι
572 2561 652 2621 τέκνα
666 2561 723 2623 οὔτ’
740 2564 827 2632 αἰδοῦς
840 2565 880 2624 ἔτι
895 2570 942 2637 τῆς

167 2651 351 2730 ἁρμοττούσης
365 2649 481 2728 γυναιξὶν
503 2649 650 2729 ἐλευθέραις
664 2653 710 2711 καὶ
734 2651 852 2734 σώρροσι
873 2676 942 2733 προ·

166 2737 315 2813 νοούμεναι,
330 2743 376 2796 τοῦ
392 2737 431 2815 μή
451 2741 477 2796 έν
499 2738 625 2817 ἀνδράσιν
640 2740 794 2812 ἀσυνήθεσιν
810 2742 941 2821 δρᾶσθαι,

167 2823 227 2882 οὔτε
241 2825 365 2884 κινδύνων
381 2826 513 2885 λαθοῦσαι
527 2825 601 2895 δέος,
618 2825 660 2892 οῦς
675 2828 844 2909 ἀναρριπτεῖν
865 2826 943 2902 ἔμελ-

166 2917 229 2991 λον,
244 2915 266 2971 εί
286 2914 321 2973 τθι
343 2915 511 2994 συμφέροντα
537 2916 589 2993 πρὸ
612 2919 663 2973 τῶν
685 2915 793 2975 δικαίων
813 2915 945 2992 ἑλομένοις

112 3033 139 3073 30
169 3002 243 3083 σρίσι
259 3002 338 3070 δόξειε
352 3001 443 3081 κέρδος
463 2999 545 3066 αὐτὰς
565 3002 725 3070 ποιήσασθαι
744 3002 788 3059 καί
802 3004 943 3080 ὠρελειαν.

167 3089 245 3151 Ἐπεὶ
267 3090 294 3148 δέ
308 3094 391 3168 ἀγχοῦ
416 3079 500 3163 ἦσαν,
515 3090 633 3144 ύπσντᾶν
653 3092 685 3166 τῇ
708 3089 789 3166 μητρὶ
809 3088 943 3167 προελθὼν

168 3179 197 3235 έκ
211 3185 256 3238 τοῦ
275 3177 392 3257 χάρακος
408 3175 474 3253 ἔγνω
498 3172 544 3232 σῦν
559 3174 673 3251 ὀλίγοις,
689 3175 749 3241 τούς
762 3199 791 3235 τε
806 3177 943 3254 πελέκεις,

164 3267 209 3334 οῦς
221 3270 395 3347 προηγεῖσθαι
416 3267 468 3323 τῶν
483 3267 639 3340 στρατηγῶν
657 3263 712 3330 ἔθος
731 3256 764 3337 ήν
777 3310 787 3344 ,
801 3267 944 3327 ἀποθέσθαι

166 3355 291 3421 κελεύσας
304 3362 357 3420 τοῖς
373 3353 516 3433 ὑπηρέταις
529 3351 631 3418 καὶτὰς
647 3352 778 3430 ῥείθδους,
795 3353 858 3414 ὅταν
869 3355 945 3435 ἐγγύς

112 3473 139 3513 35
165 3448 212 3514 τῆς
232 3442 331 3522 μητρὸς
345 3441 472 3518 γένηται,
487 3442 672 3499 καταστεῖλαι.
714 3442 807 3499 Ταῦτα
828 3441 855 3500 δέ
872 3441 944 3502 Ῥω-

167 3536 253 3609 μαίοις
268 3532 325 3590 ἐστὶ
335 3534 419 3590 ποιεῖν
431 3530 506 3601 ἔθος,
524 3527 587 3586 ὅταν
604 3532 740 3587 ὑπαντῶσι
754 3540 813 3597 ταῖς
828 3532 944 3606 μείζοσιν

166 3625 260 3702 ἀρχαῖς
285 3626 308 3679 οῖ
332 3619 379 3685 τὰς
405 3618 529 3686 ἐλοίττυυς
555 3618 639 3698 ἇρχθις
655 3618 777 3698 ἔχοντες,
801 3620 844 3679 καὶ
864 3620 944 3702 μέχρι

165 3718 210 3769 τοῦ
225 3713 284 3770 καθ’
299 3715 371 3786 ήμῦς
385 3708 481 3788 χρόνου
497 3707 615 3784 γίνεται·
631 3707 664 3778 ἣν
679 3707 711 3778 δή
733 3708 792 3766 τότε
807 3710 943 3780 συνήθειαν

167 3801 334 3879 ρυλσίττωνθ
354 3800 487 3875 Μάρκιος,
502 3799 538 3862 θος
555 3794 657 3875 ἐξουσίαΙ
674 3796 772 3869 μείζονι
785 3798 889 3873 μέλλων
909 3801 944 3864 εἷς

107 3915 140 3957 ,to
167 3889 246 3945 ταύτθ
260 3887 346 3959 ήξειν,
363 3884 440 3944 πάντ’
460 3884 570 3943 ἀπέθετο
591 3884 625 3942 τθι
642 3887 689 3954 τῆς
704 3882 770 3950 ἰδίας
795 3887 944 3962 παράσημα

167 3977 268 4053 ἀρχῆς·
295 3975 412 4044 τοσαύτη
428 3972 489 4053 περί
504 3973 581 4031 αῦτθν
605 3963 637 4042 ήν
659 3969 738 4035 αἰδὼς
762 3972 806 4029 καὶ
834 3972 944 4050 πρόνοια

166 4065 213 4132 τῆς
225 4062 288 4139 πρὸς
301 4063 331 4120 τὸ
344 4061 572 4136 γένοςέὐσεύείας.

208 4149 293 4209 XLV.
332 4150 410 4210 Ἐπεὶ
444 4151 471 4209 δέ
501 4150 626 4226 σύνεγγυς
655 4148 777 4220 ἀλλήλων
800 4147 941 4226 ’έγένοντο,

167 4237 323 4317 πρώτημὲν
345 4241 417 4319 αὐτῷ
439 4239 613 4316 δεξιωσομένη
636 4243 813 4318 προσῆλθενή
838 4239 944 4321 μήτηρ,

112 4353 138 4392 sn
167 4327 281 4403 πένθιμά
298 4328 321 4384 τ’
338 4328 504 4407 ήμριεσμένη
521 4327 605 4408 τρύχη
622 4330 667 4387 καί
680 4328 727 4396 τδις
752 4326 854 4407 δράσεις
871 4332 944 4390 ἐκτε-

167 4424 262 4487 τηκυῖα
287 4416 338 4474 ὑπὸ
352 4418 404 4473 τῶν
428 4419 563 4495 δακρύων,
592 4418 693 4488 ἐλεεινή
711 4416 821 4497 σρύδρα.
863 4415 945 4477 Ἣνδ

168 4504 289 4582 Μάρκιος
305 4503 366 4563 ἰδὼν
382 4504 506 4581 ἄτεγκτος
517 4505 581 4572 τέως
596 4509 640 4566 καὶ
657 4512 780 4587 στερρὰς,
798 4498 849 4575 οἷος
860 4507 944 4565 θίπασι

166 4602 221 4658 τοῖς
240 4594 355 4671 ἀνιαροῖς
378 4594 515 4670 ἀντέχειν,
540 4596 612 4654 οὐδὲν
630 4598 669 4656 ἔτι
685 4601 735 4656 τῶν
753 4597 944 4675 λελογισμένων

167 4683 304 4761 ’ρυλαίττειν
319 4682 406 4748 ἱκανὸς
419 4673 465 4754 ήν,
486 4684 544 4741 ἀλλ’
568 4685 655 4766 ᾤχετο
671 4688 812 4768 φερόμενος
827 4686 877 4745 ὑπὸ
891 4692 942 4748 τῶν

111 4799 139 4833 ου
166 4777 257 4831 παθῶν
272 4774 315 4831 ἐπὶ
328 4773 358 4831 τὸ
373 4771 554 4850 ἀνθρώπινον,
571 4780 615 4833 καὶ
631 4775 782 4855 περιῦαλὼν
796 4773 877 4845 αὐτὴν
895 4776 944 4844 ήσ·

98 4884 101 4888 ’
166 4862 263 4931 πείθετο
278 4864 323 4922 καὶ
338 4870 397 4928 ταῖς
416 4861 537 4935 ἡδίσταις
552 4878 649 4944 ιρωναίς
664 4868 787 4924 ἀνεκάλει
803 4866 848 4923 καῖ
866 4864 944 4945 μέχρι

166 4951 264 5010 πολλοῦ
284 4954 382 5011 κλαίων
399 4975 427 5010 τε
449 4948 495 5009 καί
510 4953 643 5029 περιέπων
661 4956 783 5030 κατεῖχεν
799 4951 943 5026 ἐκλελυμέ-

166 5057 214 5103 νην
226 5037 271 5095 καλ
285 5040 394 5115 ῥέουσαν
409 5041 453 5099 ἐπὶ
468 5040 515 5113 τήν
530 5043 590 5119 γῆν.
619 5040 665 5105 Ὠς
680 5041 706 5099 δὲ
724 5043 774 5098 τῶν
790 5041 941 5118 ἀσπασμῶν

165 5127 213 5196 τῆς
228 5127 401 5203 μητρθςῑέλις
417 5120 484 5208 εἶχε,
502 5135 550 5202 τὴν
568 5131 680 5204 γυναῖκα
692 5131 887 5206 προσελθοῦσαν
902 5130 942 5189 δε·

677 302 845 365 DlONYSll
870 302 1250 368 HALlCAdNASSENSlS

993 450 1128 496 convocata
1150 446 1282 507 concione,
1300 459 1380 512 quum
1399 446 1450 499 iam
1469 452 1553 501 essent
1568 448 1689 514 tenebras,
1704 462 1783 504 sens-

994 534 1178 585 tusoonsultum
1191 538 1378 600 exposuerunt,
1395 540 1421 588 et
1438 536 1521 588 edicio
1531 537 1671 602 iusserunt,
1689 551 1784 592 omncs

994 635 1067 673 mane
1076 627 1170 687 praesto
1180 637 1236 675 csse
1250 624 1283 675 ed
1295 628 1396 690 portas,
1410 629 1440 675 ut
1451 626 1571 678 mulieres
1587 632 1710 680 exeuntes
1722 644 1783 694 pro

994 715 1177 777 sequerentur:
1197 726 1224 764 se
1236 725 1296 763 vcro
1316 712 1416 764 interim
1431 725 1472 763 rcs
1493 713 1645 766 neocesariae
1669 719 1779 766 curatu-

994 813 1043 851 τοι.

1026 982 1110 1031 llle.
1128 982 1192 1033 cum
1212 983 1297 1032 autem
1310 981 1361 1031 ism
1376 980 1483 1034 instaret
1499 984 1678 1049 crepusculum
1696 991 1782 1038 mniu-

996 1074 1092 1138 tinnm,
1112 1075 1231 1126 mulleres
1253 1074 1343 1126 filiolos
1370 1090 1455 1128 secum
1478 1076 1599 1129 duccntes
1617 1078 1652 1131 sd
1665 1081 1781 1133 veturiae

995 1166 1063 1218 mdes
1074 1181 1133 1218 cum
1151 1164 1248 1218 lacibus
1260 1172 1398 1230 venerunt,
1415 1173 1511 1221 etcum
1523 1170 1597 1222 caad
1616 1176 1704 1235 portas
1720 1186 1781 1237 pro·

996 1264 1132 1313 cesserunt.
1182 1263 1263 1327 itque
1291 1263 1424 1324 eonsules,
1455 1263 1500 1328 qui
1520 1264 1603 1315 mulus
1626 1266 1728 1330 jugales
1753 1271 1780 1318 et

996 1360 1122 1424 plaustra,
1135 1360 1162 1408 et
1173 1357 1222 1406 alia
1233 1357 1405 1408 vehiculorum
1417 1358 1604 1423 quamplurima
1624 1374 1717 1425 genere
1732 1376 1779 1427 pa-

997 1454 1128 1509 raverant.
1148 1462 1192 1501 ess
1212 1448 1262 1498 illis
1295 1449 1440 1514 impositas,
1464 1449 1535 1513 louge
1560 1452 1688 1515 prosecuti
1710 1456 1776 1504 sunt.

997 1544 1187 1599 deminuuntur
1199 1545 1283 1592 autem
1302 1555 1344 1592 ess
1356 1556 1414 1592 cum
1425 1545 1568 1605 senatores,
1584 1547 1642 1594 tum
1653 1546 1727 1595 multi
1736 1544 1778 1598 elli

997 1639 1080 1695 cives.
1091 1635 1135 1703 qui
1148 1641 1174 1687 et
1189 1635 1307 1687 laudibus
1320 1637 1346 1685 et
1356 1634 1471 1698 precibus
1490 1648 1578 1687 earum
1597 1635 1777 1700 profectionem

996 1733 1160 1784 illustriorem
1168 1728 1313 1782 reddebant.
1326 1732 1410 1789 Quum
1421 1730 1507 1780 sutem
1515 1729 1637 1781 mulieres
1644 1744 1674 1782 eo
1681 1744 1777 1796 prooes-

998 1821 1777 1890 sissem,undcveleminuscxcestrisiaoilcoonspiolpotcrsnt,

997 1920 1106 1972 Marcius
1116 1917 1239 1982 quosdam
1251 1916 1348 1981 equites
1367 1916 1444 1974 misit,
1464 1916 1559 1981 quibus
1575 1918 1733 1983 imperarit,
1750 1923 1780 1970 ut

997 2015 1180 2076 cognoscerent,
1188 2023 1303 2074 quoeuam
1311 2013 1378 2060 esset
1387 2008 1431 2060 ills
1443 2009 1518 2061 turbs
1526 2023 1558 2061 cs
1566 2010 1629 2062 urbe
1637 2025 1778 2076 progressa.

997 2110 1023 2157 et
1033 2110 1099 2156 essct
1107 2106 1161 2156 cius
1168 2105 1291 2155 adventus
1299 2117 1395 2154 caussa.
1407 2106 1490 2163 Quum
1499 2108 1621 2155 autnuex
1630 2105 1680 2155 lllis
1690 2120 1778 2170 cogno-
1795 2100 1798 2112 '

998 2197 1770 2264 vissetmulicresessellomenss,quaecumllliolisveuircnt,

998 2299 1021 2344 et
1035 2298 1139 2345 matrem
1158 2306 1230 2342 suam
1250 2296 1276 2341 ct
1298 2306 1402 2343 uxorem
1417 2290 1592 2357 atqnellberos
1603 2290 1652 2342 lllls
1662 2293 1772 2356 praeirez

998 2389 1107 2455 primum
1120 2385 1223 2451 quidem
1245 2384 1381 2436 mulierum
1405 2385 1536 2437 sudalam
1554 2388 1594 2436 est
1616 2384 1773 2447 admiratus,

997 2497 1056 2549 quae
1067 2482 1178 2534 hostiurn
1191 2484 1273 2531 castra
1296 2480 1349 2530 sine
1369 2480 1481 2531 virorum
1502 2479 1618 2546 presidio
1629 2494 1699 2532 nnsae
1712 2479 1779 2532 inis·

998 2580 1053 2627 sent
1065 2579 1162 2640 petere,
1173 2574 1236 2624 lilios
1248 2571 1415 2633 adducentem
1427 2587 1473 2624 nco
1488 2573 1539 2625 ulla
1551 2574 1670 2639 pudoris,
1683 2576 1729 2640 qui
1739 2576 1779 2626 in·

997 2671 1137 2739 genuisset
1166 2665 1270 2732 pudicas
1296 2665 1523 2728 meliorandam,
1548 2667 1645 2719 ratione
1672 2669 1781 2735 amplius

998 2762 1097 2823 habita,
1112 2775 1162 2826 qino
1176 2761 1258 2810 minus
1271 2759 1437 2810 inhominem
1452 2759 1611 2813 monetarum
1618 2766 1780 2827 conspectum

999 2871 1025 2907 se
1040 2856 1144 2917 darent;
1160 2870 1205 2906 nec
1220 2858 1290 2905 rurctu
1302 2853 1471 2918 periculorum
1491 2855 1604 2919 territa,
1618 2857 1644 2906 in
1660 2870 1718 2921 quae
1737 2859 1776 2910 in-

998 2958 1098 2995 currere
1112 2947 1243 3008 poterant,
1266 2942 1288 2992 sl
1304 2942 1419 2997 hostibus
1433 2940 1571 2994 utilitatem
1589 2943 1690 2995 iustitie
1704 2950 1779 2998 εσθα-

998 3034 1162 3098 ponentibus,
1173 3048 1216 3084 eas
1239 3033 1303 3083 lucri
1321 3032 1418 3095 lacere,
1433 3036 1459 3084 et
1481 3033 1509 3084 iu
1528 3048 1603 3085 suum
1618 3036 1779 3088 commodum

998 3126 1141 3172 convertero
1152 3122 1292 3186 placuisset.
1325 3127 1409 3181 Quum
1420 3126 1505 3173 sutem
1517 3123 1567 3173 iam
1585 3138 1661 3190 prope
1678 3131 1780 3189 essent,

998 3226 1029 3262 cx
1044 3211 1133 3261 castris
1144 3209 1256 3274 prodire,
1277 3214 1373 3260 etcum
1387 3210 1474 3274 paucis
1488 3212 1564 3262 matri
1579 3213 1679 3263 obviam
1696 3216 1781 3267 venire

999 3300 1126 3360 decrevit,
1143 3299 1220 3349 iussis
1233 3299 1363 3349 lictoribus
1380 3312 1495 3360 serenes,
1507 3314 1566 3364 qum
1585 3301 1782 3366 imperatoribus

999 3389 1109 3456 praeferri
1123 3388 1154 3439 do
1175 3402 1243 3438 rurore
1264 3388 1394 3449 solebant,
1415 3388 1552 3452 deponere,
1571 3393 1597 3439 ct
1616 3389 1714 3450 fasces,
1737 3394 1781 3444 ubi

999 3480 1031 3530 ad
1046 3483 1151 3529 rraatrcm
1164 3477 1321 3534 accessisset,
1339 3475 1479 3527 demittere.
1503 3478 1556 3526 lloo
1571 3482 1657 3529 autem
1676 3482 1782 3532 ltomani

1000 3562 1080 3615 lacere
1098 3565 1193 3626 solent,
1207 3563 1307 3628 quotics
1323 3563 1432 3614 minores
1453 3563 1615 3629 magistratus
1639 3568 1782 3620 maioribus

1000 3655 1099 3704 obviam
1115 3656 1190 3711 eunt,
1204 3656 1232 3702 ut
1251 3652 1283 3702 ad
1296 3657 1515 3719 nostramquoque
1526 3668 1607 3720 usqne
1623 3661 1727 3709 aetatem
1742 3660 1780 3711 lit.

999 3745 1079 3801 Quam
1104 3741 1308 3792 consuetudinem
1336 3741 1446 3792 Marcius
1467 3746 1531 3793 lunc
1555 3758 1675 3805 servans,
1708 3749 1781 3813 quasi

999 3833 1117 3881 malorem
1143 3833 1292 3893 potestatem
1313 3834 1496 3892 conventurus,
1516 3834 1601 3883 omniu
1618 3836 1716 3899 imperil
1738 3837 1779 3886 in·

999 3920 1077 3982 signia
1090 3917 1222 3980 deposuit:
1246 3922 1314 3968 tanta
1326 3919 1351 3969 in
1369 3919 1462 3970 enviro
1480 3922 1619 3972 reverentia
1640 3926 1665 3974 et
1677 3923 1780 3988 pietatis

999 4021 1056 4070 erga
1070 4009 1197 4069 parentem
1211 4019 1270 4055 cura
1287 4005 1344 4056 luit.

1031 4158 1101 4205 xlv.
1122 4158 1205 4214 Quum
1222 4161 1306 4206 autem
1326 4157 1376 4206 iam
1393 4154 1495 4223 propius
1526 4159 1653 4225 utrimque
1671 4159 1786 4210 aoocssis·

999 4250 1069 4306 scut,
1080 4249 1161 4294 mater
1173 4245 1240 4308 prior
1259 4245 1291 4294 ad
1309 4259 1366 4294 curn
1379 4245 1537 4297 salutandum
1556 4246 1688 4311 proocssit,
1703 4261 1775 4297 more

998 4334 1135 4398 lugentium
1161 4332 1302 4393 sordidata,
1327 4334 1413 4383 oculos
1433 4348 1483 4398 pras
1508 4335 1614 4385 lacrimis
1634 4333 1775 4385 tabefactos

999 4422 1106 4480 liabens,
1120 4421 1268 4471 miserabilis
1281 4421 1424 4472 admodum.
1440 4426 1496 4480 Qua
1506 4426 1641 4487 conspecta,
1653 4422 1774 4483 Minicius,

998 4512 1041 4576 qui
1055 4513 1174 4561 hactenus
1185 4510 1268 4559 lucrat
1281 4511 1391 4573 rigidus,
1404 4516 1430 4561 et
1441 4511 1504 4561 adeo
1516 4512 1608 4571 durus,
1620 4514 1647 4560 ul
1657 4511 1777 4562 onmibus

999 4601 1119 4650 rrrolcsiiis
1134 4600 1273 4658 resisteret,
1292 4615 1339 4649 nou
1359 4601 1440 4664 potuit
1457 4602 1565 4665 annilius
1583 4600 1634 4651 ullo
1653 4601 1730 4650 modo
1752 4603 1778 4653 ln

998 4689 1122 4755 proposito
1141 4703 1251 4745 manere,
1274 4688 1318 4739 sed
1334 4689 1365 4738 ab
1386 4688 1518 4739 aflectibus
1537 4689 1570 4738 ad
1594 4691 1777 4740 humanitatem

998 4778 1116 4841 abreptus
1135 4782 1182 4838 esi,
1193 4792 1298 4842 eamque
1314 4778 1444 4841 amplexus
1457 4778 1591 4838 salutavit,
1603 4783 1629 4829 ci
1647 4778 1775 4830 iucundis·

998 4870 1067 4920 simis
1080 4870 1182 4920 vocibus
1193 4883 1246 4918 cam
1261 4870 1351 4932 saepius
1361 4870 1496 4933 appellavit
1507 4910 1512 4927 .
1525 4874 1550 4919 ct
1564 4870 1608 4920 din
1620 4872 1681 4921 llcns
1690 4870 1773 4921 exani·

997 4963 1089 5008 metam
1105 4959 1278 5022 labantemque
1293 4959 1423 5007 interram
1440 4961 1525 5007 fovens
1540 4960 1668 5010 sustinuit.
1703 4961 1776 5008 Post-

997 5063 1072 5114 quam
1099 5062 1157 5099 vcro
1175 5047 1262 5097 matris
1281 5047 1437 5110 annullaribus
1465 5047 1525 5095 satis
1550 5047 1670 5105 indulsit,
1699 5060 1777 5097 uxore

998 5138 1131 5203 liberisque
1145 5138 1272 5199 salutatis,
1295 5135 1398 5199 inquit:
1418 5156 1429 5179 a
1445 5138 1516 5187 Bonae
1534 5136 1647 5187 molieris
1662 5135 1776 5187 cilicium
