3772 5828
193 336 254 395 θ’ίέ

193 473 320 545 στρατιᾶς
335 462 462 530 κελεύσας
482 460 594 539 ἀπάγειν
615 459 651 526 είς
671 458 824 539 Ἐχίτρων,
847 456 895 531 τλν
915 460 972 518 λοι-

193 554 246 627 πήν
260 552 401 612 ἀναλαύών
416 551 527 628 δύναμιν
543 541 605 629 ήγεν
620 548 664 607 ἐπὶ
677 548 754 607 πολιν
765 549 849 618 ἀλλην
863 548 910 619 τὴν
925 570 973 606 κα-

192 643 322 720 λουμένην
339 642 447 703 Κετίαν.
492 639 634 713 Γενόμενος
657 636 744 696 δὲκαὶ
760 636 858 708 ταύτης
879 638 973 717 ἐγκρα-

192 733 240 805 τής
253 731 299 790 καὶ
314 730 476 810 διαρπάσας,
489 729 524 793 είς
540 726 588 797 τὴν
605 727 798 784 Πολουσκανῶν
811 723 902 803 χώραν
917 723 973 783 ἀνέ-

154 856 167 893 ς
194 819 282 880 όαλιν.
295 823 336 880 Οθ
352 818 511 891 δυνηθέντων
529 815 557 874 δὲ
573 813 705 894 ἀντισχεῖν
721 816 774 871 τῶν
793 815 972 871 Πολυσκανῶν

194 909 262 970 κατδι
278 908 373 990 κράτος
398 905 463 966 ἑλών
478 905 523 964 καί
537 901 643 969 τούτους
661 902 704 962 ἐπὶ
719 902 766 969 τὰς
787 899 844 973 ἑξῆς
867 900 972 981 ίχώρει.

194 997 334 1072 Ἀλάιήτας
348 997 395 1076 μὲν
414 986 458 1054 οὖν
480 995 525 1053 καὶ
550 991 733 1072 Μογιλλανοὺς
749 996 779 1052 ἐκ
799 989 973 1072 τειχομαχίας

195 1090 277 1169 αἱρεῖ·
293 1084 468 1167 Κοριολανοίις
481 1085 580 1144 δὲκαθ’
596 1080 736 1159 ὁμολογίας
750 1078 969 1161 παραλαμθιέντι.

195 1175 338 1254 Γενόμενος
352 1177 374 1234 δ’
397 1178 423 1233 ίν
438 1171 549 1253 ἡμέραις
563 1168 702 1250 τριάκοντα
715 1168 818 1228 πόλεων
839 1167 906 1228 έπτδι
926 1170 973 1227 κύ·

143 1293 169 1335 10
194 1287 269 1345 ριος,
283 1258 346 1337 ἧκεν
359 1263 402 1322 isi
416 1261 465 1334 τήν
479 1259 591 1337 Ῥώμην
613 1259 684 1337 ἀγων
704 1254 771 1318 πολύ
791 1257 875 1317 πλείω
888 1280 973 1337 στρα-

193 1353 253 1412 τιάν
266 1357 313 1423 τῆς
326 1350 470 1431 προτέρας·
481 1347 527 1407 καὶ
540 1346 660 1413 σταδίους
674 1345 799 1426 ἀποσχών
811 1349 858 1418 τῆς
870 1345 972 1415 πόλεως

194 1441 276 1521 ὀλίγῳ
287 1440 391 1507 πλείους
405 1440 457 1497 τῶν
473 1435 615 1517 τριάκοντα
629 1434 703 1514 παρὰ
722 1435 771 1505 τὴν
785 1434 828 1494 tsi
842 1436 972 1495 Τυσκλα-

194 1529 252 1598 vui<
266 1528 396 1610 φέρουσαν
411 1525 469 1586 tots
491 1524 792 1602 κατεστρατοπέδευσεν.
837 1523 884 1584 Ἐν
906 1514 972 1603 ᾧδὲ

194 1615 241 1685 τάς
256 1615 377 1678 Λατίνων
391 1613 475 1694 ίξήρει
490 1637 518 1672 τε
539 1613 584 1673 καὶ
606 1612 755 1695 προσήγετο
776 1614 882 1686 πόλεις,
897 1613 971 1675 Ῥω-

143 1737 168 1777 ςς
196 1706 283 1783 μαίοις
295 1706 357 1783 πρὸς
373 1703 420 1771 τδις
435 1700 561 1780 ίπιταγίις
577 1703 657 1760 αὐτοῦ
680 1700 766 1760 πολλά
792 1705 970 1782 βουλευσαμέ-

195 1818 246 1862 νοις
262 1793 332 1862 ίδοξε
348 1790 430 1868 μηθέν
446 1791 549 1859 ἀνάξιον
561 1799 645 1849 ποιεῖν
659 1795 705 1862 τῆς
719 1790 837 1862 πόλεως,
854 1789 914 1849 ἀλλ’
928 1788 973 1849 ἔδυ

196 1882 242 1961 μέν
259 1883 408 1942 ἀπέλθωσιν
421 1882 506 1939 αὐτῶν
521 1883 551 1939 έκ
571 1883 617 1951 τῆς
637 1879 727 1960 χώρας
745 1882 908 1939 Οὐολοῦσκοι
929 1877 974 1936 καὶ

194 1978 242 2047 τῆς
256 1977 307 2032 τῶν
322 1971 472 2051 συμμάχων
487 1991 515 2028 τε
538 1968 583 2027 καί
599 1968 722 2040 ὑπηκόων
736 1970 802 2046 γῆς,
821 1969 867 2026 καὶ
888 1991 973 2026 κατα-

195 2064 339 2141 λυσάμενοι
362 2060 406 2119 τδν
431 2059 546 2135 πόλεμον
569 2055 693 2136 πρέσύιις
713 2056 890 2115 ἀποστείλωσι
913 2056 972 2125 τοὺς

141 2174 169 2215 ου
195 2152 393 2227 διαλεξομένους
407 2147 467 2227 περί
483 2144 590 2227 φιλίας,
630 2143 823 2225 πριόουλεῶσαί
838 2167 866 2202 τε
887 2144 917 2203 τὸ
929 2169 973 2204 συ·

195 2240 295 2319 νίδριον
308 2241 347 2319 ἐρ’
364 2226 401 2304 οίς
416 2235 520 2294 ίσονται
534 2232 643 2302 δικαίοις
662 2234 732 2317 ρίλοι
746 2236 791 2294 καὶ
810 2236 844 2295 τά
862 2238 973 2316 βουλιυ-

196 2328 273 2388 θέντα
291 2329 326 2392 είς
340 2325 384 2384 τὸν
399 2327 482 2401 δῆμον
497 2323 647 2402 ἐξενεγκεῖν·
660 2322 709 2391 ίως
722 2323 749 2382 δέ
763 2322 795 2382 δν
810 2325 837 2383 ίν
849 2330 884 2401 τῇ
896 2325 973 2409 χώριρ

197 2414 317 2493 μένοντες
343 2414 428 2474 αὐτῶν
445 2414 491 2472 καί
514 2418 566 2473 τῶν
580 2412 730 2495 συμμάχων
752 2415 815 2495 ἔργα
835 2417 974 2495 πράττωσι

196 2505 346 2580 πολεμίων,
377 2501 459 2580 μηδὲν
484 2504 570 2568 αὐτοῖς
593 2499 752 2583 ψηρίζεσθαι
777 2501 970 2583 φιλάνθρωπον.

143 2613 169 2654 ου
198 2592 286 2659 Πολὺς
300 2591 351 2672 γάρ
366 2592 398 2661 δὴ
414 2588 558 2665 Ῥωμαίοις
570 2587 612 2648 ἀεὶ
630 2587 707 2668 λόγος
719 2594 764 2648 τοῦ
779 2588 862 2667 μηδὲν
878 2591 974 2669 δρᾶσαί

195 2685 255 2742 ποτ’
268 2682 294 2749 ἐξ
306 2679 485 2758 ἐπιτάγματος
499 2680 565 2756 μηδὲ
581 2677 655 2758 φόύῳ
675 2678 810 2756 πολεμίων
828 2678 948 2748 εἴξαντας
961 2727 970 2756 ,

197 2768 381 2846 σπεισαμένοις
397 2768 423 2826 δέ
438 2768 491 2833 τοῖς
509 2766 642 2846 διαφόροις
653 2767 698 2826 καὶ
712 2772 896 2847 παρασχοῦσιν
909 2771 974 2828 δαυ-

196 2858 255 2925 τοθς
273 2856 403 2930 ίιπηκόους
427 2855 581 2937 χαρίζεσθαί
604 2878 631 2914 τε
654 2855 700 2914 καὶ
723 2857 886 2935 ἐπιτρέπειν,
915 2855 974 2917 ὅτου

197 2949 294 3010 δέοιντο
307 2951 360 3006 τῶν
372 2947 494 3026 μετρίων.
541 2946 594 3005 Καὶ
604 2949 680 3003 τοῦτο
693 2943 722 3002 τὸ
735 2943 857 3023 φρόνημα
872 2947 898 3002 έν
909 2947 974 3004 πολ-

143 3045 170 3087 to
197 3037 251 3105 λοῖς
266 3036 310 3094 καὶ
323 3035 446 3114 μεγάλοις
460 3032 585 3099 κινδύνοις
598 3032 765 3111 φυλάττουσα
778 3036 795 3102 ή
811 3029 887 3098 πόλις
905 3035 973 3093 κατά

196 3151 223 3185 τε
245 3124 303 3192 τοὺς
322 3122 432 3189 ὀθνείους
446 3120 491 3180 καὶ
506 3120 565 3188 τοὺς
583 3120 722 3200 ἐμφυλίους
745 3117 877 3194 πολέμους
893 3119 973 3202 μέχρι

195 3219 241 3274 τοῦ
255 3218 315 3273 καθ’
331 3219 401 3288 ἡμᾶς
417 3210 512 3290 χρόνου
526 3210 696 3269 διατετέλεκε.

237 3304 381 3365 xiiititt.
404 3303 498 3361 Ταῦτα
519 3297 704 3382 ψηφισαμένης
722 3302 769 3371 τῆς
795 3298 904 3376 βουλῆς,
929 3299 975 3360 καλ

196 3390 359 3471 πρεσθευτθις
384 3389 487 3470 ἐτέρους
510 3389 635 3466 ἑλομένης
660 3388 723 3448 δέκα
750 3387 846 3467 ἄνδρας
870 3391 900 3448 ἐκ
924 3392 976 3448 τῶν

144 3496 170 3537 to
197 3483 352 3551 ὑπατικῶν,
373 3478 433 3544 τούς
448 3477 611 3547 ἀξιώσοντας
632 3477 675 3536 τὸν
691 3476 773 3558 ἀνδρα
789 3476 871 3554 μηθὲν
897 3479 976 3560 ίκρέ·

198 3592 250 3647 ρειν
263 3568 398 3647 ἐπίταγμα
416 3566 482 3648 βαρὺ
500 3569 571 3645 μηδὲ
586 3565 688 3636 ἀνάξιον
704 3571 749 3639 τῆς
763 3567 882 3641 πόλεως,
905 3570 974 3629 ἀλλά

197 3656 385 3715 καταλύσαντα
403 3658 451 3728 τήν
468 3657 564 3736 ἔχθραν
587 3658 631 3715 καὶ
656 3657 843 3728 ἀναστήσαντα
858 3657 906 3730 τήν
927 3662 974 3719 δύ·
1007 3718 1008 3723 ,

197 3766 275 3818 ναμιν
302 3746 331 3801 ἐκ
355 3748 401 3815 τῆς
415 3742 517 3822 χώρας,
543 3751 628 3802 πειθοῖ
647 3745 692 3802 καί
708 3744 849 3824 διάλόγων
866 3748 976 3826 συμύα-

197 3830 295 3909 τηρίων
316 3837 402 3890 ταῦτα
425 3838 567 3906 πειρᾶσθαι
582 3832 723 3907 πράττειν,
747 3836 769 3891 εἰ
785 3834 907 3910 βούλεται
928 3844 978 3912 βε-

145 3918 172 3958 ⁴⁰
199 3917 287 3983 ύαίους
297 3941 325 3975 τε
340 3917 386 3975 καί
403 3919 439 3981 είς
455 3916 495 3972 ἀεὶ
510 3915 682 3991 διαμενούσας
695 3924 804 3991 ποιῆσαι
819 3923 866 3987 τάς
880 3928 977 3999 θμολο.

198 4003 258 4079 γίας
271 4008 322 4061 τῶν
342 4005 460 4075 πολεων,
484 4006 519 4069 ὡς
543 4007 595 4061 τῶν
621 4029 651 4081 γε
673 4011 717 4065 ὑπ’
742 4008 857 4084 ἀνάγκης
877 4009 976 4086 τινὸςλΙ

199 4096 289 4167 καιροῦ
302 4091 527 4169 συγχωρουμένων
544 4092 589 4150 καί
604 4093 718 4160 ἰδιώταις
735 4097 780 4152 καί
796 4096 903 4155 πολεσιν
919 4100 976 4177 ἅμα

199 4181 236 4258 τῷ
257 4181 415 4254 μεταπεσεῖν
441 4179 499 4247 τοὺς
524 4181 631 4263 καιροὺς
653 4181 670 4254 ἢ
694 4182 740 4250 τάς
764 4183 878 4260 ἀνάγκας
903 4189 977 4257 εὐθὺς

199 4265 387 4342 διαλυομένων.
417 4272 453 4329 Οί
469 4269 515 4347 μέν
529 4271 726 4350 ἀποδειχθέντες
741 4270 785 4328 ὑπ’
801 4274 881 4343 αὐτῆς
897 4277 978 4355 πρέσ-

146 4368 171 4406 ti
200 4356 252 4422 ύεις
268 4353 326 4432 ἅμα
349 4359 385 4436 τῷ
401 4357 528 4418 πυθέσθαι
551 4359 598 4430 τήν
621 4358 766 4438 παρουσίαν
788 4366 833 4418 τοῦ
857 4364 977 4442 Μαρκίου

199 4442 367 4520 πορευθέντες
387 4448 422 4511 ὡς
444 4447 521 4507 αὐτὸν
548 4445 633 4506 πολλά
659 4446 785 4524 ἐπαγωγά
812 4448 975 4523 διελέγοντο,

200 4530 372 4613 φυλάττοντες
387 4534 432 4592 καὶ
454 4538 480 4592 ἐν
501 4546 553 4602 τοῖς
576 4538 661 4614 λόγοις
678 4535 707 4595 τὸ
730 4534 833 4611 ἀξίωμα
859 4540 906 4607 τῆς
926 4541 977 4596 πό·

199 4625 272 4690 λεως.
315 4620 349 4682 Ὁ
360 4622 387 4681 δὲ
405 4626 524 4703 Μάρκιος
540 4627 605 4684 ἀλλο
620 4625 667 4703 μὲν
678 4624 751 4685 οὐδὲν
766 4626 853 4689 αὐτοῖς
869 4624 978 4706 ἀπεκρί-

198 4736 280 4791 νατο,
308 4712 493 4772 συνεόούλευσε
515 4713 542 4772 δὲ
561 4715 678 4793 κρεῖττόν
702 4738 727 4774 τι
754 4713 977 4794 βουλευσαμένους

146 4819 173 4860 ου
200 4800 273 4872 ήκειν
285 4806 364 4881 τριῶν
377 4801 447 4867 ἔντὀς
461 4804 583 4880 ἡμερῶν·
599 4802 697 4869 ταύτας
711 4802 762 4881 γάρ
776 4806 861 4869 αὐτοῖς
872 4801 976 4863 ἔσεσθαι

201 4892 282 4964 μόνας
299 4891 397 4973 ἀνοχάς
412 4897 456 4951 τοῦ
473 4891 600 4967 πολέμου.
647 4891 817 4969 Βουλομένων
830 4892 858 4950 δέ
872 4916 897 4950 τι
912 4891 976 4971 πρὸς

199 4982 282 5035 ταῦτα
297 4981 381 5060 λέγειν
395 4987 446 5042 τῶν
461 4982 575 5060 ἀνδρῶν,
590 4983 637 5040 οὐκ
655 4980 814 5058 ἐπέτρεψεν,
830 4979 888 5039 ἀλλ’
900 4979 976 5038 ἀπιέ-

199 5086 242 5122 ναι
260 5064 306 5135 niu
320 5071 449 5148 ταχίστην
468 5071 602 5130 ἐκέλευσεν
620 5072 651 5127 ἐκ
672 5073 717 5127 τοῦ
738 5067 875 5146 χάρακος,
897 5070 974 5127 ἀπει-

188 5150 315 5224 λήσαςὼε
327 5156 349 5212 εί
363 5157 399 5231 μὴ
413 5159 566 5231 ποιήσουσιν
579 5161 615 5224 ὣς
627 5156 809 5221 κατασκόποις
823 5157 972 5235 χρήσεται.

707 327 873 388 DIONYSII
893 322 1280 388 HALICARNASSENSIS.

1026 464 1217 532 rutiqnisoopiis
1234 463 1266 515 nd
1279 462 1354 514 utinm
1365 461 1454 513 urbem
1474 460 1573 511 nomine
1589 459 1690 512 Cetium
1706 467 1819 516 eonten-

1026 557 1073 609 dit.
1114 559 1167 608 tino
1180 570 1281 622 quoque
1298 556 1324 606 in
1343 569 1415 606 suum
1428 557 1580 621 potestntem
1600 554 1705 609 reducta
1730 558 1816 610 etdi·

1027 652 1111 715 repta,
1122 649 1149 700 in
1162 664 1250 715 ugrum
1263 649 1459 701 Polusennonnm
1471 646 1638 713 irruptionem
1651 648 1723 702 iecit.
1741 653 1814 705 cum

1026 749 1109 798 nutem
1123 745 1255 797 Polusonni
1270 745 1318 812 ipsi
1336 744 1453 795 resistere
1473 757 1522 794 nun
1538 744 1695 808 potuissent,
1715 761 1812 799 eornm

1025 851 1126 905 quoqne
1136 838 1227 903 oppido
1242 837 1268 888 vi
1283 840 1424 902 expugnato
1448 835 1481 887 ud
1496 834 1559 886 olins
1574 836 1651 888 urbes
1669 838 1726 889 ivit.
1764 841 1811 893 nl-

1026 933 1107 984 biotns
1119 933 1196 997 igitur
1215 935 1241 983 et
1263 931 1410 995 Mugillanus
1425 928 1596 995 'expugnavit;
1617 935 1645 982 ut
1663 934 1812 987 Coriolanus

1027 1032 1092 1081 tuctu
1107 1029 1232 1081 deditione
1255 1028 1372 1079 infidum
1391 1027 1492 1092 reoepit.
1525 1030 1609 1087 Quum
1629 1032 1714 1082 nutem
1743 1033 1811 1085 intro

1027 1122 1129 1188 triginta
1140 1121 1193 1173 dies
1209 1102 1305 1187 septem
1329 1120 1420 1186 oppidu
1442 1121 1468 1170 iu
1484 1134 1555 1170 suum
1567 1125 1719 1186 potestatem
1740 1126 1813 1180 redu,

1026 1215 1116 1280 pinet,
1135 1220 1238 1268 liorunm
1257 1230 1315 1266 unm
1327 1215 1408 1266 multo
1423 1216 1602 1281 maiorequum
1618 1221 1678 1269 unte
1694 1222 1811 1274 exercitu

1026 1309 1110 1375 petiit;
1122 1314 1148 1361 et
1166 1308 1251 1375 punito
1269 1309 1382 1372 tongins,
1397 1323 1475 1374 quum
1496 1309 1623 1374 trigesimo
1634 1312 1667 1363 ub
1680 1314 1744 1367 urbe
1755 1320 1811 1367 stn-

1026 1402 1068 1453 dio
1096 1402 1123 1453 in
1143 1403 1199 1464 viu,
1219 1416 1276 1468 quse
1289 1402 1425 1454 Tusculum
1447 1402 1534 1465 ducit,
1551 1407 1633 1455 costra
1653 1410 1748 1471 posuit.
1766 1415 1810 1464 in·

1027 1500 1095 1549 teres
1119 1501 1221 1557 nutem,
1244 1496 1306 1546 dum
1329 1496 1370 1546 iiie
1384 1496 1530 1547 Latinorum
1550 1497 1626 1549 urbes
1647 1506 1810 1568 expugnabat

1027 1594 1104 1657 utque
1116 1590 1164 1641 sibi
1178 1590 1344 1653 adiungebat.
1358 1590 1478 1652 Romani,
1499 1596 1557 1656 pust
1573 1593 1672 1659 longum
1684 1597 1715 1648 de
1737 1601 1808 1650 itur-

1028 1685 1060 1735 eii
1084 1685 1216 1749 postulatis
1241 1684 1464 1745 consultationem,
1494 1685 1595 1739 tandem
1623 1689 1803 1754 decreverunt,

1028 1778 1090 1828 nihil
1115 1777 1243 1843 indignum
1266 1777 1351 1844 popuii
1366 1778 1471 1830 liomuni
1491 1779 1624 1833 mamiato
1643 1781 1739 1848 incure,
1760 1789 1805 1840 sed

1027 1868 1048 1919 si
1059 1867 1142 1917 Volsci
1152 1882 1183 1919 ox
1194 1883 1240 1919 suo
1251 1869 1424 1934 sociorumque
1442 1871 1468 1919 et
1478 1869 1638 1923 subditurum
1648 1888 1710 1940 egro
1721 1879 1808 1944 uopins

1029 1959 1192 2018 deducerent.
1215 1964 1241 2011 ot
1256 1960 1322 2012 bello
1346 1960 1459 2025 deposito
1476 1962 1575 2028 iegutos
1592 1966 1739 2031 mitterent,
1761 1974 1808 2039 qui

1030 2053 1062 2105 de
1082 2055 1192 2105 nmioitiu
1209 2057 1324 2118 agerent,
1346 2058 1448 2106 senatus
1464 2056 1606 2110 dormieris
1619 2063 1808 2122 oonditionibus

1029 2149 1197 2211 consultaret,
1214 2161 1244 2198 uu
1260 2147 1389 2198 decretum
1413 2148 1446 2199 ud
1461 2149 1577 2215 poputum
1593 2152 1699 2205 referret
1715 2173 1722 2201 ι
1739 2159 1804 2210 dum

1029 2264 1089 2301 vero
1100 2248 1125 2300 iu
1136 2263 1183 2300 suo
1192 2251 1215 2299 ei
1225 2248 1349 2299 sociorum
1365 2262 1425 2312 ugro
1436 2253 1574 2307 monerent.
1591 2253 1617 2301 et
1634 2252 1762 2307 hostiliter
1773 2272 1803 2310 se

1029 2345 1157 2408 gererent,
1181 2340 1243 2392 nihil
1264 2341 1326 2391 mite
1340 2342 1385 2390 nut
1401 2341 1538 2392 nummum
1555 2340 1586 2393 uie
1606 2343 1655 2394 iltis
1676 2349 1803 2402 statuero-

1031 2439 1080 2486 tnr.
1113 2436 1214 2499 semper
1231 2434 1296 2484 enim
1310 2433 1417 2498 populus
1438 2434 1701 2501 Rumnnoodiligenter
1715 2443 1805 2505 cavit,

1030 2546 1061 2583 ue
1072 2544 1184 2595 unquam
1194 2528 1246 2579 ulln
1265 2529 1386 2593 imperatu
1400 2527 1494 2580 fuceret
1503 2568 1512 2593 ,
1521 2543 1582 2582 nevo
1593 2531 1657 2583 hosti
1668 2548 1721 2599 prm
1735 2542 1809 2591 mutu

1031 2624 1129 2677 eederet
1147 2643 1153 2674 :
1165 2622 1208 2674 sod
1220 2622 1369 2673 adversariis
1389 2623 1581 2686 paciscentibus,
1601 2630 1627 2677 et
1638 2642 1692 2680 sese
1702 2645 1749 2682 suo
1760 2634 1808 2686 iru-

1031 2718 1100 2784 perio
1114 2715 1318 2768 submittentibus
1331 2714 1477 2767 consederet
1489 2720 1517 2767 et
1531 2717 1673 2783 largiretur.
1683 2724 1810 2791 quidquid

1030 2814 1097 2879 mqui
1107 2813 1227 2876 peterent.
1262 2813 1342 2874 Atque
1358 2809 1422 2859 tiano
1440 2811 1672 2874 magnanimitatem
1684 2816 1708 2866 iu
1720 2819 1809 2870 multis

1031 2912 1057 2960 et
1068 2907 1163 2971 mugnis
1179 2904 1312 2970 periculis,
1330 2907 1382 2953 tum
1395 2903 1420 2953 in
1432 2905 1558 2965 externis,
1569 2921 1647 2973 quum
1656 2910 1682 2961 in
1692 2910 1809 2964 civilibus

1032 3003 1123 3063 bottis,
1146 3000 1178 3051 od
1203 3003 1313 3049 nostram
1337 3001 1530 3064 usqueaetntem
1557 3005 1666 3068 populun
1684 3007 1811 3060 Romanus

1031 3099 1172 3149 oonstunter
1183 3094 1301 3146 servavit.

1064 3291 1185 3343 xxxvii.
1203 3292 1285 3347 Quum
1306 3285 1383 3349 igitur
1403 3290 1504 3337 senatus
1526 3287 1581 3338 huc
1599 3289 1767 3359 decrevisset,
1786 3299 1814 3347 et

1033 3384 1118 3436 decom
1134 3379 1196 3429 ulios
1213 3377 1305 3440 togatos
1323 3390 1337 3426 o
1352 3375 1414 3426 viris
1426 3377 1600 3429 consutoribus
1619 3364 1751 3445 elegisset,
1767 3387 1813 3449 qui

1032 3471 1155 3525 Marcium
1165 3468 1291 3530 rogarunt,
1303 3478 1334 3514 nu
1346 3464 1408 3528 qnid
1419 3478 1494 3529 grum
1511 3469 1556 3517 out
1575 3466 1705 3532 indignum
1727 3474 1814 3536 populi

1034 3572 1137 3626 Romani
1155 3569 1287 3622 maiestate
1303 3565 1452 3628 imperaret,
1465 3563 1509 3614 sed
1534 3562 1656 3628 depositis
1673 3566 1815 3619 inimicitiis

1034 3667 1060 3714 et
1071 3661 1148 3726 copiis
1161 3674 1192 3711 ex
1209 3671 1268 3722 agro
1291 3657 1401 3709 Romano
1414 3652 1546 3716 obductis,
1560 3654 1673 3705 oratione
1686 3659 1713 3705 et
1728 3657 1814 3709 verbis

1036 3751 1123 3803 nmieis
1143 3750 1198 3800 huo
1216 3747 1348 3811 impetrare
1363 3744 1503 3801 conaretur,
1529 3741 1550 3791 si
1568 3740 1640 3792 iirmu
1654 3746 1679 3794 ot
1691 3751 1814 3810 perpetuu

1034 3840 1099 3892 iuter
1112 3839 1175 3890 duos
1186 3837 1290 3904 populos
1308 3831 1400 3883 imulern
1415 3830 1497 3882 iuuere
1511 3830 1608 3882 vellet:
1622 3833 1683 3896 quin
1699 3846 1758 3898 quus
1772 3835 1814 3887 vei

1007 3917 1008 3927 ¹
1033 3930 1180 3980 necessitate
1193 3927 1276 3991 aliquo
1293 3923 1332 3973 vei
1348 3920 1488 3979 occasione.
1507 3920 1588 3970 siven
1609 3922 1715 3985 privatis
1729 3923 1815 3975 homi·

1007 4015 1008 4020 ’
1034 4011 1391 4081 riib11s‚siveuuivitntibus
1414 4012 1632 4074 extorquerentur,
1660 4010 1814 4079 simulatque

1032 4107 1145 4170 οιιιιιῑιι,
1158 4109 1202 4158 nut
1217 4102 1349 4156 necessitas
1371 4097 1673 4159 subintromissum,
1688 4097 1812 4151 dissolve·

1033 4198 1137 4255 nonium
1168 4196 1194 4245 hi
1215 4190 1348 4257 quidemn
1374 4189 1461 4236 senatu
1484 4183 1622 4248 designati,
1642 4185 1815 4251 simulatque

1034 4283 1120 4332 Monuit
1142 4282 1277 4333 ods'ontuin
1300 4276 1450 4332 audierunt,
1468 4272 1500 4322 od
1524 4287 1582 4322 euin
1601 4270 1721 4335 proiecti,
1741 4274 1814 4338 ionga

1033 4383 1062 4416 un
1085 4368 1177 4420 ΙιΙιιιιιίιι
1192 4370 1302 4419 suntiono
1318 4379 1375 4415 uum
1394 4364 1419 4411 in
1442 4374 1513 4411 sunm
1539 4360 1689 4411 sententiani
1714 4362 1814 4413 trahere

1033 4459 1194 4519 ιιιιιιιίκιιιιιιι,
1225 4461 1260 4509 ita
1284 4462 1382 4514 tnrnun,
1406 4455 1435 4501 nt
1454 4449 1545 4514 populo
1570 4452 1681 4502 Romano
1704 4450 1812 4514 dignitu-

1034 4558 1083 4605 tem
1108 4561 1243 4608 servarunt.
1279 4557 1311 4604 itt
1326 4549 1434 4602 Mureius
1456 4548 1554 4597 nullum
1577 4546 1648 4597 aliud
1666 4561 1811 4612 responsum

1033 4642 1092 4706 ipsis
1116 4646 1201 4703 stertit,
1229 4644 1272 4695 sod
1297 4643 1333 4693 uis
1354 4639 1447 4696 sunsit,
1464 4641 1493 4687 nt
1511 4635 1558 4686 sibi
1580 4636 1671 4686 melius
1697 4636 1809 4687 consuis·

1032 4735 1102 4785 rent.
1126 4738 1151 4783 ot
1174 4735 1238 4783 iutra
1262 4731 1374 4783 triduum
1395 4727 1426 4778 ud
1453 4738 1480 4776 se
1501 4724 1612 4776 redirent
1637 4739 1643 4769 ι
1671 4724 1717 4773 hus
1745 4723 1810 4773 enim

1032 4822 1097 4871 situs
1111 4821 1168 4871 beili
1186 4823 1297 4873 inducias
1310 4834 1351 4870 uos
1362 4817 1500 4868 habituros.
1535 4816 1619 4870 Quum
1630 4816 1716 4863 nutem
1730 4812 1765 4862 iiii
1777 4808 1810 4861 ud

1032 4906 1086 4956 hmo
1097 4908 1191 4971 aliquid
1205 4907 1351 4973 respondero
1364 4905 1469 4964 velient,
1479 4916 1527 4951 non
1539 4900 1651 4965 permisit
1663 4920 1670 4949 ι
1684 4899 1727 4951 sod
1740 4898 1809 4949 ocius

1031 5010 1073 5045 uos
1087 5010 1118 5046 ox
1136 4999 1225 5049 rustris
1244 4998 1364 5049 excedere
1388 4993 1475 5056 iussit,
1495 4992 1617 5052 minutus,
1642 4990 1668 5040 ni
1687 4991 1723 5041 its
1735 4986 1809 5039 iocis-

1030 5086 1098 5143 sout,
1111 5097 1152 5133 eos
1171 5099 1185 5134 u
1201 5100 1227 5136 so
1240 5089 1267 5134 nt
1280 5085 1449 5148 exploratores
1468 5082 1602 5130 tractatum
1621 5076 1662 5128 iri.
1697 5078 1738 5128 Illi
1750 5089 1811 5128 veno

1028 5182 1086 5221 uum
1107 5171 1205 5224 silentiu
1224 5172 1354 5223 confestim
1375 5183 1402 5220 se
1420 5169 1446 5219 in
1458 5168 1524 5218 uiam
1536 5166 1667 5218 dederunt.
1704 5165 1750 5216 Ubi
1764 5179 1812 5215 nu·
