3772 5828
585 319 879 393 ANTlQUlTATL'lll
900 323 1046 385 liOlllAN.
1073 328 1144 388 Llll.
1169 329 1218 389 lll.

108 483 120 505 ι
145 452 194 520 Τίς
207 445 251 511 οὖν
274 454 291 521 ἡ
314 448 409 529 βεόαία
429 455 475 510 τοῦ
489 448 606 526 πολέμου
627 451 771 518 κατάλυσις
787 451 882 524 ἔσται,
941 491 947 513 ι

108 572 120 594 ι
145 540 190 601 καθ
203 539 229 598 τί
248 536 433 618 παρασχόντες
447 540 484 603 είς
499 537 533 596 τδ
555 538 691 618 πράγμαθ’
709 538 827 619 ἑκάτεροι
840 544 885 596 νῦν
941 582 947 604 ,

109 659 122 681 ι
142 651 173 687 τε
190 625 237 687 καῖ
259 628 294 692 εἰς
317 625 362 684 τόν
377 625 418 683 ἀεῖ
434 635 528 704 χρόνον
545 627 659 701 ἐσόμεθα
681 626 765 707 φίλοι,
784 624 817 684 σθ
839 624 886 701 μέν

108 744 121 769 ιι
143 716 306 796 παρέλιπες,
328 703 350 771 ῶ
369 714 536 793 Φουφέττιε,
557 713 609 791 ἐγὼ
632 715 656 771 δ’
679 713 717 771 ἔτι
739 713 784 772 καί
809 717 887 774 τοῦτο

66 857 71 867 ,
106 832 118 857 ι
143 809 296 883 προσθεῖναι
307 802 481 881 πειράσομαι.
526 802 561 861 El
573 801 720 861 παόσαεντσ
733 802 780 880 μέν
792 801 886 861 Ἀλθα-

108 921 120 944 ιι
142 892 183 950 vol
207 894 360 970 φθονοῦντες
372 887 518 964 Ῥωμαίοις
535 891 574 968 ἐφ’
593 877 629 954 οἷς
645 887 751 966 ἔχουσιν
766 891 886 969 ἀγαθοῖς,

108 1009 121 1033 ι
145 984 192 1039 οθκ
217 978 277 1038 ἀνευ
304 978 426 1054 μεγάλων
449 975 575 1036 κινδύνων
601 976 647 1035 καλ
670 975 757 1035 πόνων
782 979 886 1037 πολλῶν

108 1100 121 1122 ιι
146 1067 213 1128 αιἰτθ
232 1066 406 1144 κτησάμενοι·
420 1064 493 1124 οὐθέν
507 1069 569 1142 γοῦν
582 1064 738 1131 πεπονθότες
754 1067 797 1146 ὑφ’
811 1068 886 1138 ἡμῶν

110 1187 123 1209 ιι
146 1156 203 1216 οὔτε
225 1159 312 1234 μεῖζον
332 1155 385 1214 οὔτ’
407 1153 515 1212 ἔλαττον
530 1152 612 1211 κακόν
637 1151 679 1210 διά
697 1158 773 1212 τοῦτο
791 1156 885 1231 μεσεῐθ·

108 1276 120 1298 ιι
143 1251 228 1322 ἡμᾶς,
248 1242 290 1303 ότι
304 1246 431 1318 δοκοῦμεν
446 1242 552 1317 ἀμεινσν
572 1244 646 1318 ὑμῶν
658 1240 801 1321 πράττειν·
817 1242 886 1303 παύ·

107 1364 120 1389 ιι
144 1357 234 1394 σαιντσ
248 1334 275 1393 δὲ
292 1333 424 1411 Ῥωμαῖοι
439 1330 473 1390 δι’
494 1330 609 1406 ὑποψίας
628 1333 734 1410 ἔχοντες
749 1330 887 1400 Ἀλόσνοθς

107 1449 119 1474 ιι
141 1425 176 1488 ὡς
189 1418 405 1486 ἐπιόουλεόσντας
422 1419 462 1478 ἀεῖ
478 1419 551 1501 σφίσι
570 1417 616 1478 καῖ
631 1418 824 1496 φυλαττόμενοι
839 1445 887 1480 κα·

108 1542 119 1562 ι
144 1509 227 1588 θάπερ
250 1509 370 1590 ίχθροθς·
386 1510 415 1567 σύ
436 1509 487 1588 γάρ
513 1506 545 1566 ἀν
563 1506 663 1585 γίνοιτο
681 1506 795 1587 βεόαίως
811 1509 888 1590 φίλος

110 1625 121 1649 ιι
143 1603 180 1677 τῷ
206 1601 360 1656 ἀπιστοῦντι
384 1596 475 1661 οὐδείς.
519 1598 583 1664 Πῶς
599 1586 644 1655 οῦν
665 1595 804 1676 γενήσεται
822 1596 885 1656 τοό-

111 1715 122 1738 ι
145 1709 197 1745 των
213 1685 351 1762 έκάτερσν;
363 1684 410 1741 οὐκ
425 1683 469 1741 tbi
481 1682 623 1764 γράψωμεν
638 1681 705 1741 αὐτὰ
718 1684 745 1741 έν
756 1691 813 1752 ταῖς
825 1686 887 1761 δμο-

109 1804 121 1827 ιι
146 1773 264 1852 λογίαις,
280 1773 332 1832 οὔδ’
348 1771 393 1831 tio
402 1771 542 1849 ὀμόσωμεν
561 1771 704 1854 ἀμφότεροι
723 1771 782 1830 καθ’
796 1774 886 1852 ἱερῶν·

110 1891 121 1915 ι
146 1861 239 1940 μικραί
252 1859 302 1940 γάρ
316 1851 394 1920 αθταί
405 1864 430 1940 γ’
446 1863 472 1919 αῖ
487 1861 604 1940 φυλακαὶ
623 1861 668 1919 καῖ
685 1862 814 1927 ἀσθενεῖς·
829 1859 888 1919 ἀλλ’

114 1981 124 2000 ι
150 1951 195 2009 έδν
210 1949 297 2018 κοινάς
317 1950 482 2028 ἡγησώμεθα
498 1950 543 2016 τάς
559 1950 682 2021 ἀλλήλων
699 1948 792 2029 τύχας.
835 1947 887 2010 Ἓν

114 2066 126 2090 ιι
149 2037 200 2119 γάρ
221 2042 275 2098 ἐστι
295 2040 386 2116 μόνον,
404 2028 426 2097 ῶ
446 2038 609 2119 Φουφέττιε,
625 2037 710 2110 λύπης
726 2037 888 2116 ἀνθρωπίνης

52 2153 58 2167 ·
111 2157 123 2181 ιι
147 2127 188 2188 ἔπ’
205 2127 350 2209 ἀλλοτρίοις
368 2131 474 2203 ἀγαθοῖς
493 2127 632 2206 γενομένης
656 2125 731 2200 ἀκος,
746 2124 777 2184 τδ
791 2124 887 2203 μηκέτι

111 2246 122 2270 ιι
145 2216 202 2286 τοὺς
226 2222 381 2298 φθονοῦντας
407 2217 533 2295 ἀλλότρια
560 2213 594 2273 τδι
629 2217 681 2273 τῶν
708 2214 886 2295 φθονουμένων

110 2336 120 2356 ιι
145 2307 219 2385 ἀγάθ’
247 2310 380 2383 ἡγεῖσθαι.
423 2303 482 2364 Ἵνα
511 2303 544 2376 δὴ
566 2309 642 2363 τοῦτο
666 2302 790 2381 γένηται,
815 2302 886 2362 Ῥω·

110 2425 121 2445 ιι
148 2395 240 2471 μαίους
257 2394 304 2470 μέν
323 2381 397 2469 οἶμαι
413 2393 466 2450 δεῖν
481 2394 516 2457 εἷς
530 2391 560 2449 τὸ
580 2390 666 2449 κοινόν
685 2389 819 2455 Ἀλόανοῑς
837 2391 887 2448 θεῖ-

112 2511 123 2533 ιι
148 2506 191 2540 ναι
215 2481 292 2541 πάνθ’
308 2480 358 2539 ὅσα
382 2503 410 2538 τε
437 2483 481 2536 νῦν
512 2479 603 2559 ἔχουσι
627 2478 673 2537 καῖ
695 2470 769 2544 αὖθις
788 2476 886 2547 ἕξουσιν

48 2598 64 2633 2
113 2599 124 2621 ιι
150 2570 249 2644 ἀγαθά·
271 2566 412 2630 ’λλόανσθς
427 2569 449 2625 δ’
464 2566 655 2643 ἀγαπητῶςτά
676 2566 798 2642 διδόμενα
809 2565 886 2645 δέχε-

114 2685 127 2710 a
149 2661 228 2727 σθαι,
245 2657 290 2714 καὶ
305 2655 423 2733 γενέσθαι
441 2657 556 2730 μάλιστα
571 2654 618 2731 μέν
634 2652 754 2719 ἅπαντας
767 2655 853 2732 ὑμᾶς,
865 2657 888 2714 εί

111 2776 123 2797 ιι
149 2745 176 2802 δὲ
194 2744 232 2822 μή
252 2767 300 2822 γι,
324 2743 383 2810 τοὺς
406 2745 544 2810 πλείστους
567 2766 595 2802 τε
615 2742 658 2803 καῖ
677 2744 796 2823 ἀρίστους
816 2748 889 2821 ὑμῶν

110 2863 122 2882 ιι
146 2836 194 2902 τῆς
209 2830 351 2907 Ῥωμαίων
369 2831 468 2898 πολεως
480 2831 626 2912 οίκήτσρας.
670 2835 711 2893 oi
724 2830 775 2913 γάρ
788 2831 820 2904 δὴ
836 2835 889 2894 Eo-

111 2949 121 2971 ιι
147 2919 229 2985 divor<
248 2920 296 2995 μέν
319 2921 365 2977 καὶ
382 2922 529 2999 Τυρρηνοῖς
548 2922 635 2988 καλῶς
658 2911 728 3000 εἶχεν
753 2923 888 2981 ἐκλιποῦσι
916 2978 918 2983 .

110 3037 122 3061 ιι
146 3007 192 3075 τδις
207 3011 310 3066 έαυτῶν
324 3007 412 3074 πόλεις
426 3009 586 3084 μεταθέσθαι
597 3007 656 3076 τσθς
672 3009 742 3088 βίους
758 3014 793 3076 ὡς
805 3014 885 3085 ἡμᾶς,
916 2995 919 3065 ί

111 3123 122 3147 ι
146 3096 205 3171 θμῖν
221 3097 245 3153 δ’
259 3094 312 3175 άρα
332 3099 385 3163 τοῖς
398 3097 614 3175 συγγενεστάτοις
629 3099 709 3157 ταύτὸ
722 3103 800 3157 τοῦτο
813 3103 887 3177 γινό·
916 3108 919 3159 ί

111 3207 123 3231 ι
146 3203 223 3259 μενον
241 3184 292 3261 οὐχ
305 3180 356 3250 ἕξει
380 3185 477 3249 καλῶς.
521 3185 554 3244 El
574 3182 597 3242 δ’
620 3187 667 3243 οὐκ
682 3183 806 3252 ἀξιώσετε
824 3186 886 3262 μίαν

112 3298 125 3321 ιι
147 3271 226 3330 οἰκεῖν
247 3269 324 3330 πόλιν
340 3269 388 3342 τὴν
413 3271 544 3352 ἡμετέραν
561 3273 678 3350 μεγάλην
692 3276 716 3330 τ’
737 3265 817 3333 σθσαν
834 3273 887 3346 ἤδη

113 3386 124 3411 ι
146 3358 191 3417 καὶ
205 3358 245 3417 έτι
260 3360 360 3434 μᾶλλον
375 3359 519 3437 ἐσομένην,
536 3361 606 3420 itit
622 3362 821 3441 φιλοχωρήσετε
835 3386 888 3431 τοις

56 3466 58 3475 ·
113 3475 125 3499 ι
147 3444 278 3527 πατρῴοις
301 3448 441 3529 ἐφεστίοις,
457 3448 541 3508 ίκεῖνό
556 3450 586 3523 γέ
602 3471 642 3507 τοι
663 3450 804 3521 ποιήσατε·
822 3458 884 3529 βου-

112 3563 125 3586 ιι
146 3537 280 3614 λευτήρισν
305 3534 333 3594 έν
354 3536 522 3609 ἀποδείξατε,
548 3536 562 3596 δ
583 3537 617 3596 τά
641 3537 797 3616 συμφέρονθ’
821 3539 887 3619 ὑπὲρ
915 3540 918 3615 ί

112 3650 125 3674 ιι
150 3623 273 3701 ἑκατέρας
299 3626 436 3702 βουλεύσει
463 3625 577 3696 πολεως,
601 3624 647 3682 καὶ
672 3629 719 3696 τὴν

113 3740 126 3763 ιι
151 3711 262 3771 ἀπόδοτε
277 3722 326 3794 μιᾷ
340 3718 373 3786 τῇ
389 3713 517 3791 κρείττονε
533 3714 608 3770 πιθεε
623 3715 668 3771 καί
683 3714 791 3772 πλείονα
806 3716 887 3774 δυνα-

112 3828 125 3852 ιι
148 3798 214 3880 μόνη
242 3809 326 3861 ποιεῖν
351 3801 437 3878 ἀγαθά
463 3800 511 3873 τὴν
533 3800 640 3872 ἥττονα.
682 3799 754 3878 Ἐγὼ
783 3800 831 3879 μέν
855 3803 886 3876 δέ,

110 3918 123 3942 ιι
146 3891 220 3948 ταῦτ’
248 3889 326 3957 ἀξιῶ·
342 3889 388 3948 καὶ
405 3889 502 3949 τούτων
525 3890 689 3969 γενομένων,
706 3888 760 3948 τόθ’
776 3895 887 3968 ἡγοῦμαι

111 4008 122 4031 ι
146 3976 262 4057 βιόαίως
274 3982 345 4055 ἡμᾶς
359 3977 465 4038 ἔσεσθαι
478 3978 578 4058 φίλους·
592 3977 637 4037 δύο
648 3977 675 4037 δέ
685 3979 773 4045 πσλεις
787 3981 887 4039 οἰκοῦν·
914 3998 917 4071 γ
941 4004 953 4027 ι

109 4097 123 4121 ιι
145 4066 374 4148 ταςγίσσκσρόφους
388 4067 477 4145 ὥσπερ
490 4073 533 4126 νῦν
548 4066 666 4126 οὐδέποθ’
682 4070 842 4143 ὁμονοήσειν.
861 4099 872 4121 ι
914 4076 917 4147 t
941 4095 953 4119 ιι
970 4075 1120 4133 incolamus,
1133 4085 1258 4134 uunquam
1277 4085 1321 4120 nos
1338 4068 1472 4119 concordes
1483 4068 1534 4118 tore
1548 4071 1615 4133 puto.
1634 4091 1645 4112 ιι

746 3628 887 3704 ἡγεμονίαν
915 3618 918 3705 ί
941 3628 953 3652 '¹

1656 341 1714 402 l33

971 486 1027 523 mus
1040 477 1067 524 ut
1081 475 1201 537 inducias,
1213 478 1257 527 sed
1267 482 1295 529 ut
1305 493 1391 543 pacem
1409 482 1535 535 iaciamus.
1569 489 1623 545 Quo
1641 489 1716 541 modo

970 576 1029 614 vero
1047 579 1132 629 pacem
1146 568 1240 618 brmnm
1253 570 1343 633 pacisci
1353 571 1490 634 possimus,
1501 577 1525 623 et
1535 575 1595 639 quid
1605 580 1716 644 utrisque

973 657 1112 709 laciendum
1127 660 1173 720 sit,
1194 664 1223 711 ut
1241 663 1266 710 ct
1283 676 1346 712 nunc
1364 665 1388 712 et
1408 665 1512 728 posthac
1529 668 1553 715 in
1572 673 1716 732 perpetuum

941 767 953 790 ιι
970 749 1041 799 amici
1055 752 1148 813 simus,
1160 756 1196 802 tu.
1210 754 1307 817 Fulleti,
1319 755 1438 815 omisisti,
1458 758 1483 806 nt
1498 770 1543 820 ogo
1557 758 1603 806 hoc
1619 772 1718 822 quoque

942 860 954 884 ιι
971 841 1061 891 rddere
1074 842 1188 892 conabor.
1222 846 1330 908 Nempe,
1343 846 1363 895 si
1374 846 1459 896 Albani
1470 850 1636 898 Romanorum
1647 848 1718 900 bonis

942 949 953 970 ι
972 929 1082 979 invidere
1102 930 1296 995 ursinamque
1315 947 1362 983 non
1380 934 1432 986 sine
1451 937 1546 1000 magnis
1559 938 1675 1002 periculis
1692 941 1719 988 et

942 1040 953 1061 ιι
971 1021 1096 1072 laboribus
1110 1023 1270 1085 quaesivimus
1296 1026 1386 1075 :ncilla
1399 1027 1464 1077 cuim
1484 1033 1526 1078 rut
1543 1030 1654 1093 graviore
1674 1035 1719 1080 out

942 1133 954 1156 ιι
972 1114 1063 1164 leuiore
1079 1115 1190 1165 iniuriae
1210 1117 1407 1182 nobisaccepta,
1420 1124 1548 1184 propterea
1560 1125 1656 1172 tantum
1673 1134 1718 1170 nos

941 1225 954 1248 ιι
972 1206 1029 1256 odio
1039 1211 1230 1274 persequimini,
1245 1211 1303 1274 quia
1316 1214 1414 1263 iudana
1425 1216 1503 1279 magis
1514 1229 1633 1280 prospera
1642 1230 1715 1279 quam

942 1318 955 1340 ι
972 1311 1016 1350 vos
1034 1300 1070 1349 uti
1087 1301 1207 1352 ridemur.
1240 1306 1302 1354 ltem
1323 1306 1344 1356 si
1358 1308 1460 1357 Romani
1483 1309 1595 1358 desinant
1611 1308 1717 1359 Attianos

942 1409 954 1432 ι
968 1394 1096 1455 suspectos
1112 1393 1208 1455 babere,
1223 1395 1294 1458 quasi
1307 1396 1352 1445 sibi
1366 1411 1461 1461 semper
1474 1397 1628 1452 insidientur.
1647 1405 1671 1449 et
1685 1399 1717 1450 oi·

942 1501 953 1523 ιι
972 1483 1020 1533 illis
1044 1488 1161 1547 tanquam
1180 1486 1211 1536 ab
1230 1488 1341 1538 hostibus
1356 1490 1403 1540 sibl
1426 1503 1535 1541 carere:
1554 1492 1636 1542 nullus
1652 1493 1716 1542 onim

942 1593 954 1615 ιι
971 1574 1065 1624 amicus
1078 1575 1164 1627 lirinus
1175 1591 1229 1629 csso
1241 1583 1322 1642 potest
1333 1582 1464 1645 suspicaci.
1498 1584 1629 1641 Quomodo
1643 1583 1717 1646 igitur

942 1690 954 1714 ιι
973 1671 1019 1721 boc
1038 1676 1169 1736 utrumque
1182 1677 1247 1726 effici
1260 1678 1368 1741 poterit?
1380 1682 1433 1730 lton
1445 1681 1467 1731 si
1485 1681 1510 1731 in
1522 1682 1620 1732 toederis
1629 1679 1714 1732 condi-

942 1781 954 1805 ιι
972 1761 1081 1813 tionibus
1094 1762 1149 1815 brec
1164 1767 1348 1830 scripserimus.
1358 1784 1438 1836 usquc
1450 1771 1472 1821 si
1481 1773 1578 1837 utrique
1592 1786 1635 1836 per
1647 1786 1714 1823 sucro

942 1874 955 1898 ιι
972 1854 1137 1906 ῖιιεσνστῖιειυο
1148 1883 1177 1894 -
1190 1871 1264 1921 parva
1276 1859 1376 1912 enimet
1391 1862 1486 1912 intimus
1494 1862 1548 1914 brec
1559 1866 1617 1913 sunt
1629 1865 1717 1927 prasi·

942 1966 954 1990 ι
971 1948 1013 1997 din
1026 1977 1057 1985 -
1071 1950 1115 2000 sed
1126 1951 1147 2000 si
1160 1952 1229 2003 elteri
1246 1954 1378 2004 alterorum
1396 1955 1583 2020 prosperitatem
1603 1971 1722 2008 commu-0

943 2060 955 2083 ιι
972 2056 1030 2093 nem
1051 2042 1203 2094 duxerimus.
1238 2046 1318 2094 Unum
1337 2045 1401 2095 enim
1413 2050 1469 2107 est,
1484 2047 1589 2108 Fullcti,
1610 2048 1716 2108 doloris,

943 2151 955 2176 ιι
972 2145 1047 2195 quem
1059 2134 1172 2184 homiues
1184 2148 1215 2184 ex
1227 2135 1333 2185 aliorum
1349 2136 1421 2186 bonis
1434 2137 1550 2201 cupiunt,
1565 2138 1716 2201 remidium3

943 2247 955 2271 ιι
973 2227 1067 2277 scilicet
1083 2227 1105 2276 sl
1118 2227 1140 2276 ei
1155 2227 1199 2291 qui
1214 2228 1318 2280 aliorum
1336 2231 1406 2280 bonis
1419 2230 1542 2289 invident,
1557 2246 1586 2281 cn
1599 2245 1647 2281 nnn
1663 2247 1716 2282 am·

943 2336 955 2360 ιι
973 2317 1038 2382 plius
1057 2317 1136 2368 aliena
1151 2331 1206 2368 esse
1222 2322 1318 2382 putent.
1352 2322 1385 2369 Ut
1402 2320 1476 2384 igitur
1495 2319 1542 2371 hoc
1558 2320 1613 2381 lint,
1632 2326 1719 2371 ouclor

943 2431 955 2455 ιι
972 2424 1029 2460 suin
1042 2412 1071 2461 ut
1088 2411 1191 2461 Romani
1204 2411 1303 2461 Albanis
1319 2412 1461 2476 impertiant
1475 2413 1558 2464 amnia
1571 2412 1648 2474 bono,
1662 2428 1718 2478 quus

942 2520 955 2543 ιι
972 2500 1021 2552 iarn
1038 2499 1131 2551 babent
1150 2505 1177 2551 et
1197 2501 1222 2551 in
1248 2507 1373 2566 posterum
1397 2502 1506 2554 hubituri
1525 2508 1583 2554 srmt
1605 2525 1611 2553 ι
1631 2504 1718 2555 Alliam

943 2610 955 2633 ιι
970 2604 1030 2641 veru
1045 2591 1160 2642 alacriter
1172 2605 1228 2654 quae
1240 2592 1332 2645 dantur
1344 2593 1465 2658 accipiant
1478 2600 1553 2659 utque
1567 2596 1596 2644 iis
1610 2597 1718 2649 conteuti

943 2705 954 2728 ι
973 2685 1037 2745 sint,
1050 2688 1128 2750 utque
1139 2699 1184 2736 vus
1197 2700 1282 2737 omnes
1293 2687 1332 2737 rel
1346 2687 1435 2737 saltem
1446 2687 1524 2737 maior
1542 2701 1599 2751 pars
1611 2691 1636 2736 et
1648 2700 1715 2750 prm·

943 2797 955 2820 ιι
972 2778 1116 2829 stantissitui
1129 2780 1221 2846 quique
1235 2783 1346 2831 vestrum
1359 2784 1474 2831 Romame
1487 2778 1554 2828 urbis
1569 2778 1656 2828 inculto
1670 2778 1715 2829 lin-

943 2888 954 2911 ιι
974 2868 1014 2921 tis.
1046 2868 1146 2921 Minimo
1158 2871 1223 2920 enim
1234 2870 1330 2920 Sabinis
1341 2870 1440 2935 quidem
1452 2873 1477 2919 et
1489 2868 1600 2919 Etruscis
1618 2869 1716 2919 bonori-

944 2982 956 3004 ιι
974 2962 1048 3012 licum
1062 2962 1108 3012 luit
1126 2963 1250 3013 derelictis
1269 2964 1373 3014 urbibus
1387 2964 1419 3013 ad
1433 2978 1478 3014 nos
1495 2964 1631 3026 ernigrare,
1645 2961 1718 3012 vobis

916 3080 919 3101 ι
944 3074 955 3095 ιι
973 3067 1032 3104 vcro
1046 3068 1135 3118 genere
1147 3055 1369 3114 coniunctissimis,
1388 3055 1409 3105 si
1428 3054 1493 3104 idem
1507 3054 1628 3112 feceritis,
1644 3057 1717 3116 mmo

943 3165 954 3186 ιι
973 3150 1009 3195 est
1019 3148 1138 3199 futurum.
1172 3149 1245 3206 Quod
1257 3149 1278 3197 si
1290 3162 1349 3198 vero
1361 3148 1479 3198 recusetis
1494 3162 1567 3197 unam
1580 3152 1605 3197 et
1615 3145 1716 3196 eandem

943 3255 956 3279 ιι
973 3237 1059 3286 urbem
1071 3239 1198 3287 nobiscum
1210 3239 1328 3298 incolere,
1342 3252 1398 3301 quae
1410 3238 1459 3287 iam
1470 3237 1550 3301 ampla
1564 3241 1601 3287 est
1614 3238 1640 3286 et
1648 3235 1718 3297 louge

863 3364 876 3378 ι
943 3344 955 3370 ιι
973 3327 1077 3393 amplior
1086 3332 1125 3379 cst
1138 3329 1234 3388 lutura,
1246 3327 1290 3378 scd
1305 3327 1439 3390 patriamm
1453 3325 1550 3377 sedium
1560 3337 1643 3376 amore
1655 3322 1717 3372 deti·

974 3421 1079 3479 nemini,
1091 3421 1139 3470 boc
1149 3421 1235 3470 saltem
1255 3420 1345 3470 tacite:
1357 3418 1486 3469 consilium
1497 3431 1576 3467 unum
1589 3415 1715 3480 publicum

973 3515 1106 3576 designate,
1118 3513 1183 3576 quod
1194 3512 1329 3563 commodis
1341 3512 1470 3574 utriusque
1479 3509 1585 3559 civitatis
1597 3508 1717 3570 consulat,

970 3612 996 3658 et
1015 3607 1143 3671 imperium
1162 3605 1253 3655 tradito
1271 3604 1383 3655 alterutri
1398 3603 1509 3664 civitati,
1524 3616 1582 3665 ηοω
1595 3603 1718 3666 potentior

973 3703 1025 3751 risu
1037 3701 1111 3751 luerit
1129 3704 1155 3750 ot
1165 3714 1223 3763 quoe
1234 3699 1346 3763 pluribus
1361 3696 1497 3748 commodis
1510 3695 1651 3746 interiorem
1663 3696 1716 3745 aru·

971 3809 1027 3848 cere
1043 3795 1128 3860 possit.
1163 3797 1243 3858 Atque
1252 3793 1306 3843 haec
1316 3792 1416 3857 quidem
1429 3794 1468 3842 est
1478 3804 1531 3841 rnen
1543 3790 1665 3841 sententia
1675 3808 1681 3838 ι
1693 3792 1718 3839 et

947 3911 953 3934 ι
974 3889 995 3939 si
1011 3887 1066 3938 haec
1080 3887 1149 3950 liant,
1162 3889 1214 3935 om
1227 3884 1327 3935 demum
1341 3898 1386 3934 nos
1402 3886 1542 3933 constantes
1555 3882 1647 3931 amicos
1667 3881 1718 3931 tore

971 3981 1083 4040 coutid03
1096 3980 1141 4031 sed
1156 3980 1179 4029 si
1190 3979 1252 4029 durs
1266 3978 1340 4028 urbes
1350 3991 1422 4040 oeque
1431 3976 1593 4035 excellentes,
1604 3980 1631 4026 ut
1641 3989 1715 4036 nunc,

148 4157 184 4219 X.
200 4157 285 4216 Ταῦτ’
299 4156 437 4224 ἀκυόσαςδ
452 4154 613 4236 Φουφέττιος
627 4157 721 4234 χρόνον
738 4159 774 4223 είς
789 4157 885 4235 βουλὴν
914 4162 917 4229 i
971 4165 1001 4213 X.
1017 4163 1060 4213 llis
1079 4161 1170 4211 auditis
1188 4160 1309 4209 Fuliettus
1320 4161 1417 4221 tempus
1428 4157 1460 4207 ad
1471 4156 1656 4207 deliberandum
1671 4170 1715 4220 pe·

109 4244 243 4325 offatm·
266 4244 312 4303 καὶ
328 4243 461 4320 μεταστὰς
486 4247 515 4302 ἔκ
537 4249 583 4303 τοῦ
600 4242 728 4321 συλλόγου
747 4245 814 4318 μετά
834 4251 885 4305 τῶν
914 4240 916 4313 ί
941 4259 997 4309 ῑῖίῑι
1012 4262 1038 4308 et
1053 4272 1110 4309 cum
1122 4271 1153 4307 er
1167 4255 1268 4307 consilio
1282 4253 1440 4313 recessisset,
1452 4266 1510 4302 cum
1520 4252 1621 4304 Albanis
1633 4267 1662 4302 an
1676 4253 1715 4301 bu.

59 4351 83 4389 ιε
109 4334 248 4414 παρόντων
269 4333 404 4395 Ἀλόανῶν
433 4335 455 4392 εί
481 4331 533 4413 χρὴ
561 4331 683 4413 δίχῑθθαῑ
708 4331 754 4398 rt<
775 4331 885 4411 αἷΡέῦῑις
914 4332 916 4416 ί
939 4353 1092 4404 conditiones
1110 4350 1259 4415 εσοῖμίειιθεσ
1269 4351 1353 4399 essent
1365 4348 1522 4399 consultavit.
1551 4328 1659 4411 Cognitis
1672 4360 1714 4396 au·

110 4422 229 4483 ίσῦόπῑί·
272 4421 319 4489 Ὡς
334 4421 361 4480 δὲ
378 4422 425 4488 τίς
440 4421 563 4480 ἁπάντων
577 4421 685 4500 *ίνώίίαί
702 4419 810 4494 ἔλοιὸενι
824 4422 884 4480 έπῑ·
913 4422 916 4508 ί
939 4453 990 4500 tem
1005 4447 1115 4499 omniurn
1136 4447 1276 4507 sententiis,
1292 4458 1405 4495 reversus
1426 4444 1451 4493 in
1469 4444 1596 4495 consilium
1619 4443 1653 4491 ita
1677 4445 1713 4490 est

109 4511 224 4592 στρέψας
238 4501 311 4577 αὖθις
327 4511 363 4576 είς
376 4511 421 4568 τὀν
437 4510 563 4589 σύλλογον
577 4508 678 4578 έλεξεν·
696 4536 707 4558 ι
725 4507 808 4585 Ἡμῖν
824 4510 883 4586 μὲν,

109 4624 121 4647 ι
143 4586 166 4655 ῶ
191 4597 297 4670 Τύλλε,
319 4598 368 4668 τὴν
383 4597 431 4675 μὲν
451 4598 566 4677 πατρίδα
585 4600 740 4656 καταλιπεῖν
758 4597 787 4656 σθ
802 4596 884 4670 δοκεῖ,

109 4713 122 4736 ιι
142 4686 197 4744 οῦδ
212 4685 354 4767 ίξερημοῦν
370 4685 429 4765 ίερά
444 4688 556 4766 πατρῷα
571 4687 616 4744 καὶ
630 4683 786 4765 προγονικάς
798 4688 885 4753 ἑστίας
912 4706 914 4761 ρ

60 4788 84 4828 ευ
108 4799 122 4828 α
142 4775 188 4834 καῖ
202 4773 295 4847 τόπον,
311 4775 339 4835 δν
360 4775 435 4854 ίγγθε
455 4777 520 4833 έτῶν
536 4773 715 4834 πεντακοσίων
729 4778 754 4834 σῖ
772 4774 880 4882 πατέρες
910 4768 914 4856 ζ
939 4852 951 4875 α
969 4833 1075 4880 mmm
1108 4831 1246 4894 praewfim
1269 4844 1326 4879 cum
1347 4829 1442 4878 nullum
1463 4825 1555 4874 benum
1569 4831 1647 4881 neque
1665 4817 1713 4867 ”fia

108 4889 120 4915 ι
142 4865 219 4940 ἡμῶν
232 4864 376 4944 κατέσχον,
388 4862 435 4922 καί
449 4868 533 4921 ταῦτα
546 4863 584 4939 μὴ
598 4864 713 4940 πολέμου
728 4863 882 4942 κατειληφο·
1081 4866 1089 4892 ’

107 4978 120 5002 ι
141 4973 186 5017 τος
200 4955 273 5025 ἡμᾶς
289 4951 353 5029 μηδ’
370 4952 451 5025 ἀλλης
468 4951 633 5028 θεοπέμπτου
647 4958 782 5030 συμφορᾶς
801 4950 881 5027 μηδε-

108 5065 121 5091 ι
141 5047 217 5113 μιᾶς·
230 5039 257 5098 έν
273 5042 300 5100 δὲ
315 5041 532 5114 καταστήσασθαι
548 5037 742 5119 βουλευτήριον,
756 5037 801 5097 καί
818 5037 882 5114 μίαν

106 5155 119 5179 ι
141 5119 208 5187 εἶναι
231 5127 279 5200 τὴν
296 5128 423 5210 άρξσυσαν
444 5134 490 5202 τῆς
516 5129 606 5207 ίτέρκς
623 5129 699 5188 πολιν
717 5130 763 5186 οὐκ
780 5125 879 5202 ἀπαρέ·
907 5181 911 5190 ,

938 4545 1038 4595 locutus
1051 4562 1057 4593 τ
1071 4543 1183 4605 «Nobis,
1196 4542 1280 4602 Tulle,
1290 4542 1395 4606 patriam
1409 4541 1546 4606 relinquere
1558 4554 1606 4588 non
1617 4539 1713 4601 placet,

939 4661 952 4685 ιι
969 4653 1048 4705 neque
1057 4641 1169 4690 deserere
1181 4652 1251 4689 sacra
1264 4637 1343 4702 patris
1358 4638 1384 4686 rt
1395 4636 1516 4687 maiorum
1527 4635 1591 4685 lares
1600 4637 1625 4682 et
1635 4633 1713 4681 locum

939 4755 951 4779 ιι
968 4748 1043 4800 quem
1062 4734 1138 4785 termo
1152 4745 1195 4796 per
1211 4733 1356 4796 quingentos
1369 4745 1446 4781 annos
1461 4730 1567 4778 maiores
1582 4723 1659 4772 nostri
1676 4729 1711 4771 te·

909 4894 913 4987 ί
938 4949 949 4971 ιι
967 4925 1101 4977 necessitas
1120 4925 1200 4976 letalis
1223 4938 1268 4974 nos
1284 4927 1355 4987 cogat
1378 4941 1384 4970 :
1406 4931 1481 4969 unum
1502 4927 1560 4964 roro
1585 4911 1713 4962 consilium

936 5046 948 5069 ιι
966 5022 1091 5089 publicum
1101 5021 1230 5081 constitui,
1243 5024 1269 5070 et
1282 5031 1356 5069 unum
1366 5026 1420 5065 asse
1432 5010 1568 5066 civitatem,
1577 5007 1712 5070 quuulteri

938 5143 950 5166 ιι
968 5121 1086 5184 imperet,
1100 5131 1148 5167 non
1162 5117 1283 5180 displicet.
1317 5116 1405 5174 ltaque
1419 5108 1467 5158 lior
1480 5105 1556 5157 etiam
1571 5106 1596 5155 in
1610 5104 1715 5158 loedurl·
