3772 5828
614 354 907 431 aurtuutrtutttt
928 354 1076 416 ROMAN.
1098 356 1173 418 LIB.
1197 355 1259 418 vti.

117 492 168 572 κρδι
179 497 229 552 τῶν
243 492 364 550 παλαιῶν
380 490 599 566 ἐπιτηδευμάτων
619 488 771 548 ύπολαθεῖν·
784 490 837 566 ἐγὼ
849 488 888 561 δὲ,

117 579 159 638 ἵνα
175 579 213 656 μή
224 602 262 645 τις
275 580 370 651 εἰσθενῆ
383 576 431 648 τὴν
445 577 534 635 πίστιν
550 567 617 635 εἶναι
638 577 735 649 ταύτην
757 577 889 657 ύπολάύη,

118 668 192 746 [εἴτε]
203 669 262 727 κατ’
273 668 375 739 ἐκείνην
391 667 438 738 τὴν
452 665 578 725 ἀπέθανον
591 666 733 747 ὑπόληψιν,
743 665 784 726 δτι
796 667 891 732 παντὸς

116 762 162 817 τοῦ
176 755 338 828 Ἑλληνικοῦ
355 754 533 836 κρατήσαντες
550 753 670 832 ἀσμένως
688 755 719 813 διν
735 754 768 813 τδι
781 756 891 835 κρείττω

76 871 90 910 ε
119 847 265 923 μετέμαθον
276 843 320 916 ἔθη
336 847 388 901 τῶν
400 842 551 923 ἐπιχωρίων
564 842 744 924 ὑπεριδόντες,
754 844 781 912 ἐξ
791 843 891 904 έκεένου

118 936 265 1008 ποιήσομαι
277 938 321 991 τοῦ
337 931 431 1013 χρόνου
445 931 493 1005 τὴν
517 932 681 1011 τέκμαρσιν,
696 931 735 990 ὅτ’
754 931 829 992 ούπω
842 932 891 1006 τὴν

116 1030 164 1096 τῆς
184 1023 310 1089 Ἑλλάδος
324 1015 394 1103 εἶχον
415 1020 559 1100 ἠγεμονίαν
569 1019 629 1080 odii
644 1021 727 1095 άλλην
743 1022 892 1082 διαπόντιον

117 1113 240 1189 οὐδεμίαν
257 1111 359 1192 ἀρχὴν,
381 1109 484 1192 Κοΐντῳ
499 1110 599 1191 Φαθίῳ
613 1110 745 1193 βεόαιωτῇ
757 1112 892 1193 χρώμενος

118 1202 162 1260 καί
182 1202 302 1278 οὐδεμιᾶς
323 1200 362 1259 ἔτι
382 1201 501 1276 δεόμενος
516 1200 629 1267 πίστεως
647 1199 746 1280 ἐτέρας·
776 1201 892 1260 παλαιό-

66 1317 91 1354 ro
116 1316 193 1360 τατος
203 1292 275 1371 γὰρθ
284 1292 351 1372 ἀνὴρ
362 1295 413 1349 τῶν
425 1290 458 1349 ud
470 1289 612 1365 Ῥωμαϊκά
625 1289 836 1366 συνταξαμένων,
846 1291 892 1350 καλ

116 1382 204 1440 πίστιν
217 1382 263 1440 οὐκ
275 1379 302 1447 ἐξ
315 1370 352 1437 ὧν
366 1376 464 1451 ἤκουσε
480 1380 558 1457 μόνον
566 1422 576 1454 ,
591 1378 660 1437 atta
673 1377 718 1437 καλ
730 1377 757 1444 ἐξ
766 1369 802 1438 ὧν
816 1378 893 1446 αὐτὸς
912 1450 916 1457 μ

114 1468 399 1550 ε’γνιιι,παρεχόμενσς.
777 1482 779 1486 ‘
903 1540 905 1544 v

155 1558 262 1630 Ταύτην
284 1557 317 1628 δὴ
339 1554 387 1626 τὴν
409 1553 502 1636 ἑορτὴν
524 1553 673 1638 ἐψηφίσατο
699 1554 746 1632 μδν
767 1562 785 1630 ὴ
806 1557 890 1638 βουλὴ

115 1653 167 1707 τῶν
189 1647 333 1722 Ῥωμαίων
351 1645 445 1724 ἄγειν,
469 1648 504 1711 ὡς
519 1645 565 1704 καὶ
588 1645 713 1726 πρότερον
729 1645 807 1725 έρην,
823 1646 892 1706 κατδι

64 1757 88 1795 ιε
115 1738 162 1804 τδις
174 1733 316 1815 γενομένας
328 1731 407 1813 εθχδις
418 1734 469 1793 ὑπὸ
483 1740 528 1794 τοῦ
545 1735 695 1816 δικτάτορος
710 1735 798 1798 Αὔλου
815 1741 890 1800 Ποσ-

114 1824 241 1900 τουμίου,
267 1822 307 1882 ὅτ’
334 1822 441 1899 ἔμελλεν
467 1822 638 1900 ἀγωνίζεσθαι
662 1823 726 1903 πρὸς
749 1825 796 1894 τδις
823 1829 891 1887 riuo-

116 1913 216 1978 στάσας
236 1909 356 1972 Λατίνων
372 1909 461 1976 πόλεις
477 1910 601 1990 κατάγειν
618 1913 800 1992 ἐπιχειρούσας
814 1919 891 1995 Ταρ·

117 2001 203 2061 κύνιον
213 2002 256 2059 ἐπὶ
269 2001 317 2073 τὴν
333 1999 428 2081 ἆρχήν·
446 2001 607 2059 ἀναλοῦσθαι
622 1999 650 2058 δέ
667 2001 742 2071 έταξε
756 2004 814 2063 καθ’
828 2004 891 2064 ἔκα-

116 2113 177 2149 στον
200 2089 316 2149 ἐνιαυτόν
331 2088 368 2156 είς
381 2113 409 2149 τε
425 2087 472 2155 τδις
486 2089 576 2156 θυσίας
592 2090 638 2148 καῖ
652 2089 710 2158 τούς
726 2096 828 2168 ἀγῶνας
844 2097 891 2173 dp·

59 2208 89 2248 ω
114 2179 203 2258 γυρέου
219 2178 392 2246 πεντακοσίας
413 2186 488 2255 μνᾶς·
505 2177 551 2236 καί
568 2177 648 2258 μέχρι
662 2185 707 2237 τοῦ
730 2182 889 2242 Φοινικικοῦ

113 2266 230 2342 πολέμου
244 2262 324 2327 τοῦτό
338 2265 477 2326 ἐδαπάνων
492 2268 528 2332 είς
547 2265 596 2339 τὴν
612 2266 712 2346 έορτιίν.
729 2267 776 2328 Ἐν
790 2270 818 2329 δέ
833 2273 891 2343 ταῖς

114 2359 196 2435 ἱεραῖς
212 2354 324 2433 ἡμέραις
342 2352 450 2420 ταύταις
471 2353 559 2412 πολλδι
578 2353 625 2431 μέν
647 2355 693 2412 καὶ
714 2354 774 2414 ἄλλ’
792 2353 892 2432 ἐγένετο

113 2445 203 2520 νόμοις
219 2442 409 2514 Ἑλληνικοῖς,
424 2441 495 2500 κατά
511 2464 540 2499 τε
557 2441 775 2521 πανηγυρισμοὺς
791 2443 836 2501 καί
849 2441 891 2510 ξέ·

114 2555 164 2591 νων
181 2529 312 2610 ὑποδοχάς
325 2530 369 2588 καῖ
384 2530 547 2609 ἐκεχειρίας,
565 2528 583 2587 δι
604 2528 671 2588 πολὺ
688 2529 720 2588 ἂν
731 2531 772 2604 εἴη
794 2530 888 2607 λέγειν.

114 2619 159 2682 Τὰ
171 2619 198 2678 δὲ
212 2622 273 2699 περὶ
295 2617 405 2697 πομπήν
425 2640 454 2674 τε
472 2617 517 2675 καὶ
537 2616 627 2676 θυσίαν
644 2618 689 2677 καὶ
703 2616 736 2677 τδι
748 2619 819 2677 κατὰ
830 2618 891 2685 τούς

114 2708 228 2784 ἀγῶνας·
244 2705 353 2786 ἀπόχρη
367 2704 418 2786 γδιρ
433 2708 464 2766 ἐκ
482 2705 640 2765 τούτωνκαὶ
657 2705 691 2764 τδι
706 2705 744 2784 μὴ
764 2707 891 2786 λεχθέντα

113 2795 252 2865 ἐξετάζειν·
272 2796 369 2856 τοιάδε.

152 2886 268 2946 LXXII.
307 2884 376 2964 Πρὶν
400 2882 531 2963 ἄρξασθαι
562 2886 615 2942 τῶν
647 2879 755 2962 ἀγώνων
779 2883 890 2962 πομπὴν

113 2973 234 3032 ἔστελλον
248 2979 302 3039 τοῖς
316 2976 382 3038 θεοῖς
396 2975 420 3032 οῖ
441 2972 489 3044 τὴν
505 2972 632 3050 μεγίστην
654 2972 758 3052 ἔχοντες
772 2973 890 3043 ἐξουσίαν

114 3063 224 3123 ἀπὸτοῦ
241 3062 410 3122 Καπιτωλίου
421 3085 450 3120 τε
473 3063 519 3122 καὶ
543 3063 576 3121 δι’
607 3064 704 3141 ἀγορᾶς
724 3061 829 3142 άγοντες
847 3063 891 3123 tut

112 3151 156 3210 τὸν
178 3151 262 3231 μέγαν
284 3149 460 3231 ἱππόδρομον.
489 3149 619 3229 Ἡγοῦντο
641 3150 668 3210 δέ
693 3155 740 3224 τῆς
762 3157 870 3231 πομπῆς

111 3245 215 3321 πρῶτον
232 3239 279 3316 μέν
295 3243 319 3299 οῖ
334 3241 426 3307 παῖδες
441 3242 526 3299 αὐτῶν
548 3241 573 3298 οῖ
588 3238 722 3318 πρέσηῦοί
737 3263 767 3300 τι
782 3241 827 3299 καὶ
842 3247 890 3302 τοῦ

111 3330 258 3406 πομπεύειν
278 3328 381 3407 ἔχοντες
397 3329 522 3405 ἠλικίαν,
544 3329 634 3394 ἱππεῖς
648 3327 696 3405 μέν
711 3318 748 3387 ὄν
762 3331 786 3386 οἱ
801 3328 890 3387 πατέ-

113 3442 155 3499 ρες
169 3420 307 3494 τιμήματα
322 3416 426 3477 ἱππέων
439 3407 527 3498 εἶχον,
540 3416 615 3485 πεζοὶ
630 3416 657 3475 δέ
667 3419 691 3476 οἱ
711 3415 849 3495 μέλλοντες
861 3419 887 3475 ἐν

58 3533 86 3571 ae
112 3516 165 3573 τοῖς
175 3510 261 3575 πεζοῖς
271 3503 473 3586 στρατεύεσθαι·
486 3507 510 3564 οἱ
521 3503 570 3582 μέν
583 3504 642 3564 κατ’
654 3503 713 3572 ἴλας
725 3528 752 3563 τε
764 3503 890 3564 καὶκατὰ

113 3594 225 3674 λάχους,
237 3596 261 3652 ci
276 3592 304 3652 δέ
328 3593 396 3652 κατδ
418 3593 567 3672 συμμορίας
578 3616 608 3652 τε
628 3593 673 3652 καῖ
687 3591 785 3668 τάξεις,
804 3595 840 3660 ὡς
854 3597 890 3663 είς

113 3683 297 3742 διδασκαλεῖον
316 3680 496 3759 πορευόμενοι·
521 3680 565 3741 ἵνα
585 3680 685 3762 ρανερδι
708 3682 808 3759 γένοιτο
835 3687 889 3753 τοῖς

112 3769 222 3844 ξίνοιςὴ
235 3770 368 3850 μέλλουσα
384 3771 541 3851 ἀνδροῦσθαι
554 3775 603 3842 τῆς
616 3772 717 3837 πόλεως
727 3768 800 3847 άιιμὴ
815 3773 886 3844 πλῆ-

112 3860 154 3928 θός
178 3885 209 3920 τε
228 3859 274 3920 καί
296 3858 392 3926 κάλλος
406 3857 449 3918 οἵα
461 3883 499 3927 τις
515 3850 560 3931 ἦν.
604 3857 715 3926 Τούτοις
728 3857 888 3932 ἠκολούθουν

57 3970 85 4008 ιο
111 3949 215 4029 ἡνίοχοι
226 3947 355 4030 τέθριππά
369 3973 398 4008 τε
412 3948 457 4007 καὶ
473 3947 615 4029 συνωρίδας
629 3947 675 4006 καῖ
688 3945 784 4016 ἵππους
796 3948 888 4019 ἀζεύκ-

111 4060 171 4102 τους
181 4036 339 4105 ἐλαύνοντες·
352 4039 409 4116 μεθ’
418 4034 462 4103 οῦς
474 4038 498 4097 οῖ
507 4038 559 4096 τῶν
571 4036 732 4114 θθλημάτων
744 4038 887 4118 ἀγωνισταί

110 4130 162 4185 τῶν
182 4150 209 4184 τε
229 4126 333 4209 κούρων
348 4125 393 4186 καῖ
409 4129 461 4187 τῶν
482 4125 600 4209 βαρέων,
614 4125 645 4184 τὸ
664 4125 711 4202 μέν
728 4127 795 4185 ἄλλο
809 4130 887 4205 σῶμα

108 4215 220 4294 γυμνοί,
238 4216 269 4275 τὸ
284 4215 312 4276 δέ
329 4216 389 4298 περὶ
406 4213 454 4288 τὴν
467 4214 533 4274 αἰδῶ
556 4213 758 4293 καλυπτόμενοι.
800 4218 887 4277 Τοῦτο

109 4305 154 4364 καὶ
170 4307 204 4370 εἰς
225 4306 272 4381 ἐμὲ
286 4303 315 4364 τδ
329 4304 385 4372 ἐθος
409 4305 436 4363 έν
450 4302 545 4382 Ῥώμῃ
561 4301 690 4380 διέμενεν,
709 4307 744 4370 ὡς
759 4301 786 4372 ἐξ
802 4306 886 4384 ἀρχῆς

56 4409 82 4447 to
109 4393 208 4472 ἐγένετο
219 4395 284 4473 παρ’
298 4392 442 4465 Ἕλλησιν.
487 4390 535 4453 Ἐν
552 4389 580 4451 δέ
597 4415 632 4471 τη
646 4388 757 4451 Ἑλλάδι
771 4395 886 4452 καταλέ·

107 4483 184 4542 λυται
199 4482 415 4561 Δακεδαιμονίων
430 4482 494 4542 αύτδ
507 4479 723 4540 καταλυσάντων
731 4486 764 4544 '0
774 4477 802 4541 δέ
810 4485 885 4562 πρῶ-

109 4592 151 4635 τος
174 4571 345 4651 ἐπιχειρήσας
370 4571 532 4642 ἀποδυθῆναι
557 4568 588 4628 τδ
614 4572 704 4646 σῶμα,
718 4569 763 4628 καὶ
788 4571 887 4647 γυμνὸς

112 4658 274 4733 Ὀλυμπιάσι
288 4659 395 4740 δραμὼν
411 4659 456 4721 έπῖ
478 4663 525 4730 τῆς
547 4656 784 4731 πεντεκαιδεκάτης
800 4659 885 4737 θλυμ-

110 4747 220 4820 πιάδος,
248 4747 373 4821 Ἄκανθος
403 4755 418 4811 ὁ
454 4748 663 4828 Λακεδαιμόνιος
690 4741 732 4822 ἦν.
791 4749 834 4810 Τθ
856 4751 884 4811 δέ

55 4872 83 4919 50
109 4836 161 4919 πρδ
190 4837 287 4897 τούτοιν
321 4841 357 4899 δι’
382 4841 510 4922 αἰσχύνης
536 4829 607 4920 ε’ίχον
631 4838 747 4908 ἅπαντας
777 4835 883 4912 Ἕλλη·

109 4953 150 4996 νες
175 4925 224 4987 cta
251 4928 340 5005 γυμνά
360 4931 460 5013 ραίνειν
488 4934 515 4992 ἐν
537 4940 595 4999 ταῖς
622 4929 748 5010 ἀγωνίαις
775 4931 810 4990 ct
828 4929 882 4990 σύν-

110 5040 197 5091 ιιατα,
227 5019 263 5084 ὡς
285 5014 408 5099 Ὅμηρος
428 5025 578 5101 τεκμηριοῖ,
607 5019 749 5103 μαρτύρων
779 5019 882 5090 ἀξιοπι-

110 5107 233 5189 στότατός
251 5131 278 5166 τε
294 5106 340 5167 καθ
357 5109 532 5188 δρχαιότατος
557 5110 604 5184 ὢν,
629 5109 806 5189 ζωννυμένους
824 5108 885 5178 τοῦς

109 5194 196 5274 ἥρωας
205 5200 298 5260 ποιῶν.
314 5193 372 5270 Τὴν
382 5200 445 5276 γοῦν
454 5196 565 5268 Αἴαντος
575 5198 620 5260 καὶ
633 5199 782 5267 Ὀδυσσέως
794 5198 883 5273 πάλην

1664 366 1719 422 tit

944 493 1010 545 teria
1024 500 1169 557 argumenta
1188 509 1286 545 sumere
1302 510 1308 540 ι
1331 495 1376 545 sed
1389 508 1448 559 ego,
1470 499 1571 561 nequis
1591 499 1638 549 hoc
1650 516 1723 567 argu-

944 585 1057 634 mentum
1069 582 1205 632 inraiidum
1214 584 1299 646 putet,
1314 581 1422 630 absurda
1440 582 1481 630 iiia
1493 583 1607 647 opinione
1630 592 1721 648 motus,

945 675 1068 723 Romanos
1093 670 1222 730 rideticct,
1243 673 1296 721 tota
1315 669 1410 719 Graecia
1427 670 1540 729 devicta,
1557 671 1671 724 lubenter
1683 691 1725 739 pa·

946 762 1001 813 triis
1019 761 1109 811 ritibus
1123 761 1239 825 neglectis
1259 759 1321 809 aiios
1345 759 1460 809 metiorcs
1483 760 1614 822 didicisse,
1636 776 1668 812 er
1684 764 1726 815 itio

946 851 1058 912 tempore
1088 848 1256 898 coniecturam
1282 846 1383 905 faciam,
1408 859 1459 909 quo
1485 845 1595 897 nondum
1620 852 1725 903 Graecias

945 937 1125 1001 principatum,
1141 949 1221 999 neque
1238 935 1315 985 uitam
1329 935 1403 984 aiiam
1418 937 1607 987 transmarinam
1625 941 1726 1002 provin·

946 1026 1011 1075 ciam
1026 1025 1167 1085 habebant3
1184 1028 1209 1074 et
1222 1028 1253 1083 Q.
1271 1024 1372 1073 Fabium
1394 1029 1524 1074 auctorem
1543 1040 1643 1089 sequar,
1656 1029 1727 1079 cuius

946 1116 1021 1166 unius
1035 1102 1098 1167 sides
1111 1130 1142 1167 uc
1162 1117 1311 1167 auctoritas
1324 1116 1384 1165 mitri
1409 1116 1534 1177 sufficiet,
1555 1132 1600 1168 nec
1615 1118 1664 1168 utta
1678 1118 1727 1168 aiia

947 1209 1066 1269 praetcrea
1088 1220 1151 1271 opus
1163 1205 1225 1255 mibi
1238 1207 1291 1265 cst;
1316 1218 1373 1255 narn
1391 1208 1558 1256 Romanorum
1576 1208 1724 1271 scriptorum

947 1295 1132 1357 antiquissimus
1152 1299 1205 1355 est,
1228 1295 1285 1359 qui,
1307 1298 1337 1344 ut
1349 1309 1402 1345 sna>
1419 1294 1528 1345 historica
1541 1295 1613 1345 fldem
1633 1298 1725 1359 iaciat,

947 1396 996 1432 non
1013 1382 1093 1433 solum
1112 1383 1257 1440 asterites.
1278 1396 1340 1446 quas
1352 1396 1387 1432 ex
1405 1382 1467 1433 ultis
1485 1382 1595 1444 audivit,
1608 1385 1652 1435 sed
1671 1386 1726 1436 ilias

911 1488 916 1523 ι
947 1472 1037 1532 etiam,
1051 1486 1114 1535 quas
1126 1472 1231 1536 ipsemet
1243 1470 1320 1522 uidit.

980 1573 1030 1619 iios
1051 1570 1125 1633 igitur
1144 1568 1215 1620 iudos
1236 1572 1336 1620 senatus
1357 1572 1481 1620 Romanus
1502 1568 1625 1628 decrerit,
1641 1569 1687 1634 (ut
1700 1576 1726 1621 et

948 1662 1004 1709 ante
1016 1658 1082 1718 diri)
1099 1673 1114 1707 a
1130 1658 1249 1708 dictatore
1269 1664 1297 1709 Α.
1314 1660 1440 1710 Postumio
1464 1661 1551 1719 votos,
1566 1673 1643 1723 quum
1663 1663 1727 1711 esset

950 1749 1101 1810 pugnaturus
1129 1760 1187 1796 oum
1209 1747 1303 1797 Latinis
1328 1749 1438 1812 populis,
1465 1748 1508 1811 qui
1532 1748 1655 1812 apopuio
1678 1753 1727 1801 tio·

947 1835 1170 1886 manodetecerant
1182 1837 1208 1885 et
1225 1836 1384 1898 Tarquinium
1400 1838 1424 1887 in
1439 1849 1541 1900 regnum
1552 1837 1670 1887 reducere
1686 1853 1727 1890 cc-

953 1925 1081 1975 nabantur.
1115 1925 1143 1974 ln
1158 1923 1212 1973 brec
1223 1928 1305 1974 autem
1320 1924 1440 1974 sacriticia
1451 1928 1478 1974 et
1496 1925 1568 1975 iudos
1581 1928 1727 1992 quingentas

948 2015 1042 2079 argenti
1056 2014 1135 2065 mines
1147 2013 1278 2078 quotannis
1298 2013 1404 2078 impendi
1417 2013 1516 2071 statuit3
1538 2016 1562 2064 et
1579 2015 1611 2065 ad
1633 2017 1726 2067 betium

947 2118 1027 2168 usque
1042 2103 1162 2154 Punicum
1175 2117 1229 2153 eam
1251 2102 1361 2167 pecuniae
1373 2115 1495 2153 summam
1521 2103 1627 2166 populus
1642 2108 1727 2155 noma·

946 2210 994 2247 nus
1005 2195 1030 2245 in
1048 2195 1094 2245 bos
1121 2194 1195 2245 indos
1214 2193 1339 2258 impendit.
1372 2195 1420 2243 Per
1436 2194 1497 2244 istos
1513 2197 1596 2244 airtcm
1612 2193 1666 2245 dies
1684 2208 1726 2245 sa·

948 2297 1015 2344 cros,
1029 2297 1086 2334 cum
1095 2283 1174 2334 multa
1190 2282 1237 2332 atie
1251 2296 1319 2331 moro
1330 2283 1417 2332 Gracco
1433 2280 1539 2345 fiebant,
1551 2286 1578 2335 et
1590 2283 1616 2333 in
1626 2283 1726 2334 celebri·

947 2372 1052 2429 tatibus,
1084 2374 1111 2423 ct
1131 2372 1156 2423 in
1180 2371 1318 2436 hospitibus
1337 2370 1502 2434 excipiendis,
1521 2375 1546 2423 ct
1570 2372 1595 2422 in
1607 2371 1726 2434 induciis,

946 2473 1002 2525 quaa
1015 2472 1208 2510 commemorare
1222 2458 1292 2507 raldo
1310 2457 1408 2508 difficile
1428 2462 1507 2519 esset,
1521 2464 1574 2509 tum
1594 2474 1654 2511 vero
1665 2473 1726 2523 prro·

945 2545 1017 2608 cipue
1034 2559 1079 2603 ca,
1092 2558 1149 2610 qura
1170 2545 1194 2595 iu
1207 2545 1299 2595 sotenni
1320 2560 1410 2610 pompa
1429 2552 1455 2597 et
1477 2548 1606 2598 sacrificiis
1621 2548 1724 2608 ttebant,

947 2649 1003 2697 quac
1018 2637 1088 2697 (nam
1110 2637 1135 2684 et
1156 2647 1187 2682 ex
1201 2632 1240 2682 his
1252 2634 1283 2683 de
1296 2633 1339 2693 iis,
1355 2648 1411 2698 qiua
1424 2635 1493 2685 dicta
1507 2648 1556 2686 non
1572 2636 1727 2695 sunt,iaci1c

947 2719 1056 2770 iudicare
1068 2718 1216 2784 poterimus)
1229 2718 1372 2770 huiusmodi
1386 2723 1466 2771 erant.

976 2905 1072 2953 Lxxlt.
1093 2906 1229 2965 antequam
1244 2902 1298 2953 ludi
1314 2903 1536 2964 committerentur,
1548 2904 1603 2965 riri,
1616 2919 1725 2969 quorum

946 3006 1052 3056 maxima
1066 3008 1121 3055 crat
1135 3006 1257 3068 potestas,
1270 3019 1386 3071 pompam
1403 3006 1452 3056 diis
1462 3021 1477 3056 a
1489 3007 1610 3071 capitatio
1628 3023 1672 3073 per
1688 3009 1724 3058 to·

947 3127 1002 3165 rum
1015 3113 1153 3165 incircum
1175 3113 1311 3165 maximum
1330 3113 1454 3165 ducebant
1474 3134 1480 3163 ι
1497 3119 1523 3165 et
1539 3115 1563 3164 in
1582 3130 1611 3166 ea
1638 3130 1726 3181 pompa

947 3219 1018 3283 primi
1028 3223 1099 3270 erant
1110 3232 1197 3269 eorum
1210 3218 1253 3268 titii
1268 3218 1381 3283 puberes,
1397 3219 1441 3283 qui
1453 3232 1497 3283 per
1510 3223 1609 3270 aetatem
1629 3234 1726 3284 pompae

946 3329 1063 3380 interesse
1076 3331 1189 3393 poterant
1199 3366 1205 3388 ,
1217 3328 1289 3391 cqrris
1304 3329 1412 3389 insecti,
1433 3344 1539 3394 quorum
1554 3334 1638 3394 patres
1656 3335 1726 3382 crant

946 3429 1038 3481 ordinis
1049 3430 1186 3494 equestris,
1199 3432 1272 3481 ceteri
1287 3430 1405 3495 pedibus,
1424 3433 1467 3496 qui
1480 3433 1505 3482 in
1517 3432 1626 3498 pedestri
1639 3434 1726 3487 militia

944 3540 1014 3588 erant
1029 3537 1174 3595 militaturi,
1189 3535 1225 3587 ilii
1246 3536 1356 3587 distincti
1373 3538 1398 3588 in
1420 3538 1472 3589 alas
1495 3540 1521 3588 et
1537 3541 1641 3601 tunnas,
1658 3540 1683 3591 tri
1700 3541 1725 3591 in

945 3643 1035 3694 ciassss
1044 3646 1069 3693 ct
1084 3642 1181 3693 ordines
1196 3641 1336 3703 distributi,
1347 3644 1420 3708 quasi
1428 3643 1518 3694 ludum
1529 3644 1665 3695 literarium
1678 3657 1723 3708 pe·

945 3753 1039 3813 terent,
1055 3757 1083 3803 ot
1099 3755 1227 3817 appareret
1246 3752 1384 3816 hospitibus
1406 3754 1500 3805 urbana
1521 3755 1653 3813 iuventus,
1667 3766 1724 3818 quae

943 3862 973 3912 ad
989 3860 1085 3913 viritem
1103 3867 1203 3913 aetatem
1225 3865 1280 3913 erat
1306 3866 1467 3928 perrectura,
1496 3878 1572 3927 quam
1593 3875 1725 3914 numerosa

943 3963 1087 4015 etiormosa
1100 3966 1175 4015 esset.
1208 3965 1260 4014 iios
1274 3963 1439 4028 sequebantur
1461 3963 1612 4028 quadrigarii
1644 3968 1671 4015 et
1684 3964 1723 4016 bi·

943 4067 1020 4133 garii,
1035 4069 1061 4119 et
1084 4081 1204 4132 equorum
1224 4069 1384 4134 singuiariurn
1408 4070 1541 4135 agitatores
1564 4090 1570 4119 :
1590 4073 1646 4134 post
1660 4085 1724 4135 quos

942 4175 1011 4226 ibant
1023 4176 1144 4227 teriorurn
1154 4175 1345 4240 graviorumque
1360 4176 1521 4227 certaminum
1536 4174 1650 4235 athletae,
1664 4176 1720 4228 reii-

942 4289 992 4340 quo
1006 4289 1107 4337 corpore
1120 4277 1194 4338 nudi,
1211 4278 1331 4342 pudendis
1349 4282 1446 4330 tantuma
1467 4281 1534 4330 tecti.
1570 4280 1616 4329 iiic
1626 4292 1682 4328 mos
1698 4281 1724 4329 et

941 4394 995 4432 raca
1009 4383 1101 4444 aetate,
1120 4381 1184 4432 sicut
1193 4381 1252 4432 otim
1267 4383 1333 4447 apud
1347 4385 1447 4436 Grecos
1461 4385 1522 4444 tuit,
1547 4383 1660 4433 durabat.
1674 4381 1722 4431 Sed

940 4483 968 4540 in
978 4481 1093 4533 Gracina
1101 4479 1291 4532 Lacedaemoniis
1299 4481 1413 4533 sublatus
1424 4485 1472 4533 est.
1487 4481 1586 4531 Primus
1594 4481 1669 4540 enim,
1678 4479 1722 4542 qui

940 4605 1030 4656 corpus
1039 4590 1133 4642 nudare
1144 4591 1239 4655 coepit,
1258 4594 1284 4642 et
1297 4591 1376 4656 quiin
1392 4591 1528 4654 olympiaco
1547 4590 1627 4640 stadio
1642 4589 1723 4651 olym·

939 4695 1012 4762 piade
1022 4694 1118 4745 decima
1134 4693 1219 4757 quinta
1232 4693 1314 4742 nudus
1334 4692 1456 4750 cucurrit,
1471 4690 1516 4739 tuit
1536 4690 1662 4740 Acanthus
1676 4689 1722 4734 La-

939 4796 1111 4849 cedemonius.
1145 4796 1222 4844 Anba
1242 4793 1307 4844 enim
1328 4792 1393 4856 apud
1421 4802 1506 4840 omnes
1529 4790 1629 4838 Grecos
1650 4789 1722 4852 turpe

938 4896 1085 4952 habebatur,
1098 4898 1179 4946 totum
1193 4907 1283 4959 corpus
1298 4893 1322 4943 in
1335 4890 1509 4944 certaminibus
1523 4887 1619 4936 nudum
1638 4889 1722 4938 osten·

938 5000 1012 5059 dere,
1032 5001 1096 5050 sicut
1109 5003 1246 5060 Homerus,
1266 5000 1374 5050 omnium
1394 4998 1494 5049 testium
1516 4992 1678 5058 gravissimus
1697 5000 1723 5049 et

940 5105 1136 5168 antiquissimus,
1156 5105 1230 5156 tidem
1246 5103 1315 5164 tacit,
1328 5101 1389 5153 dum
1412 5095 1552 5149 succinctos
1567 5095 1663 5151 inducit
1676 5099 1721 5151 be·

938 5223 1004 5262 roas.
1021 5211 1085 5260 Nam
1097 5208 1179 5261 Aiacis
1195 5211 1221 5259 et
1235 5208 1330 5260 luctam
1348 5205 1375 5257 in
1388 5202 1458 5259 indis
1474 5198 1620 5257 bremun
1633 5204 1720 5478 Γ·
