3772 5828
636 349 928 427 auriuulunuunt
951 354 1099 422 abusu.
1123 361 1194 426 LlB.
1220 366 1283 428 Vll.

141 481 177 548 εἷς
190 479 238 552 τὴν
250 482 375 541 ἐπιοῦσαν
391 481 551 542 ἀνεύάλοντο
564 480 658 562 γνώμη
671 506 700 542 τι
714 483 760 543 καί
774 485 914 566 παρακλή·

142 593 182 629 σει
195 573 245 627 τῶν
260 570 368 631 ύπάτων
383 570 507 640 εἴξαντες.

179 661 302 722 XXVII.
326 662 369 739 Τῇ
391 661 415 718 δ’
431 660 490 733 ἑξῆς
505 660 593 743 ήμέρφ
632 665 736 742 πρῶτοι
754 664 916 734 καταόόντες

140 748 175 815 ιίς
196 747 244 819 τὴν
272 747 371 828 άγοράν
392 750 416 807 ol
441 747 578 830 δήμαρχοι
594 751 755 811 συνεκάλουν
770 753 814 811 τάν
833 756 916 832 δῆμον

101 863 113 899 ε
139 837 175 904 είς
186 836 347 915 ἐκκλησίαν,
362 835 408 896 καὶ
418 837 557 917 παριόντες
571 842 600 898 ἐκ
611 840 753 921 διαδοχῆς,
767 841 854 901 πολλά
869 841 917 919 μέν

139 929 193 984 τῶν
208 924 352 1005 πατρικίων
375 925 541 1006 κατηγόρουν
560 931 594 995 ῶς
615 928 782 1008 έύιυσμένων
793 929 841 999 τὰς
855 955 913 990 συν-

141 1014 240 1087 θήκας,
258 1015 303 1073 καὶ
317 1011 549 1093 παραόεύηκότων
564 1013 623 1082 τοὺς
638 1014 746 1097 ὅρκους,
764 1017 807 1086 οθς
823 1020 915 1091 ἐποιή-

141 1126 220 1162 σαντο
241 1101 304 1183 πρθς
317 1100 362 1160 τάν
379 1103 463 1179 δῆμον
486 1104 552 1182 ύπέρ
578 1103 725 1179 ἀμνηστίας
749 1108 800 1165 τῶν
814 1107 915 1186 πάλαι,

139 1190 238 1258 πίστεις
262 1189 456 1271 παραφέροντες
477 1196 524 1249 τοῦ
539 1189 577 1267 μὴ
600 1189 714 1269 βεύαίως
733 1193 826 1261 αὐτούς
838 1195 915 1267 διηλ-

87 1314 113 1353 10
138 1279 234 1360 λάχθαι
253 1277 318 1358 πρδς
330 1279 362 1338 τὸ
385 1279 529 1355 δημοτικὸν
545 1281 592 1350 τήν
603 1302 633 1338 τε
648 1285 694 1339 τοῦ
707 1279 781 1342 σίτου
804 1282 915 1359 σπάνιν,

136 1367 168 1440 ἣν
179 1367 252 1427 edroi
267 1367 485 1439 κατεσκεύασαν,
501 1368 546 1428 καί
559 1366 608 1436 τάς
621 1371 769 1438 ἀποστολὰς
783 1375 835 1432 τῶν
850 1375 916 1445 κλη-

137 1455 241 1538 ρούχων
257 1455 413 1538 ἀμφοτέρων
429 1501 437 1531 ,
452 1457 498 1515 καὶ
510 1458 544 1516 τά
567 1456 635 1516 ἀλλα
649 1457 699 1518 ὅσα
711 1460 914 1539 ἐμηχανήσαντο

138 1546 272 1622 μειώσεως
287 1552 333 1605 τοῦ
354 1546 468 1617 πλήθους
484 1544 573 1607 ένικα.
618 1546 713 1608 liniat
732 1547 759 1608 δέ
775 1555 820 1608 τοῦ
838 1554 915 1631 Μαρ-

135 1631 193 1693 κέου
204 1631 391 1708 καθήπτοντο,
410 1631 468 1701 τοὺς
481 1634 606 1715 ῥηθέντας
622 1636 668 1692 ὑπ’
683 1636 764 1695 αὐτοῦ
784 1636 876 1715 λόγους
887 1640 912 1696 έν

85 1756 109 1796 ,φ
134 1722 265 1799 τῇβουλῇ
281 1718 432 1788 διεξιόντες,
456 1719 503 1779 καί
515 1719 555 1780 ὅτι
576 1719 737 1798 καλούμενος
760 1724 796 1790 είς
814 1724 911 1782 ἀπολο-

135 1806 195 1884 γίαν
213 1808 263 1866 ὑπὸ
283 1812 327 1866 τοῦ
344 1805 444 1884 δήμου,
465 1809 495 1866 ού
511 1807 589 1886 μόνον
610 1810 658 1868 οὐκ
674 1808 787 1881 ἠξίωσεν
810 1810 911 1884 ἐλθεῖν,

137 1894 206 1952 ἀλλά
228 1896 274 1954 καὶ
298 1895 358 1963 τοὺς
380 1896 554 1977 ἀφικομένους
576 1895 617 1956 ἀπ’
634 1898 715 1958 αύτδν
737 1897 914 1980 ἀγορανόμους

136 1981 241 2042 τύπτων
259 1983 406 2056 ἀπήλασεν.
461 1984 593 2046 Ἐκόλουν
609 1985 637 2045 δὲ
648 1987 784 2069 μάρτυρας
794 1992 846 2047 τῶν
862 1988 910 2064 μέν

137 2073 164 2128 ἐν
178 2075 212 2151 τῇ
227 2076 308 2155 βουλῇ
331 2073 476 2153 γενομένων
491 2074 551 2142 τοὺς
576 2075 760 2152 ἐντιμοτάτους
774 2080 826 2135 τῶν
846 2079 912 2153 ἐκεῖ,

81 2192 108 2231 20
134 2163 181 2232 τῇς
199 2161 227 2220 δέ
238 2162 299 2243 περί
322 2163 380 2232 τοὺς
398 2163 577 2242 ἀγορανόμους
594 2162 693 2243 θόρεως
714 2165 833 2232 ἅπαντας
853 2164 913 2233 τούς

133 2249 192 2308 τότε
206 2253 339 2331 παρόντας
352 2252 423 2311 κατά
433 2251 481 2324 τήν
493 2251 591 2331 ἀγοράν
606 2252 772 2329 δημοτικούς.
816 2256 912 2313 Ταῦτα

134 2339 157 2396 δ’
171 2340 286 2405 εἰπόντες
307 2341 427 2400 ἐδίδοσαν
451 2342 474 2399 εἰ
497 2339 663 2420 βουλομένοις
682 2339 722 2411 είη
746 2349 800 2407 τοῖς
814 2364 910 2422 πατρι-

134 2425 199 2493 κίοις
222 2428 383 2505 ἀπολογίαν,
408 2425 565 2507 κατέχοντες
584 2427 628 2485 lul
646 2430 692 2499 τῇς
706 2427 848 2499 ἐκκλησίας
866 2430 912 2489 τθν

135 2514 237 2589 δῆμον,
262 2512 311 2578 ἕως
332 2518 349 2583 ἡ
373 2512 454 2592 βουλὴ
472 2514 593 2591 διαλυθῇ.
638 2509 755 2592 Ἔτυχον
779 2512 831 2593 γάρ
846 2516 914 2598 θπέρ

80 2632 108 2671 25
136 2603 222 2659 αύτῶν
237 2602 336 2659 τούτων
348 2601 545 2681 συνεδρεύοντες
558 2604 582 2659 oi
592 2600 742 2677 πατρίκιοι,
757 2601 912 2684 διαποροῦν-

135 2711 177 2755 τες
189 2687 241 2747 είτε
261 2688 439 2766 ἀπολογητέον
454 2689 541 2755 αὐτοῖς
557 2688 598 2760 εἴη
613 2691 677 2769 πρὸς
691 2688 735 2747 τὀν
748 2692 831 2768 δῆμον
845 2693 912 2774 ὑπέρ

134 2768 172 2836 ῶν
191 2777 387 2852 διεύλήθησαν,
404 2777 455 2837 είτε
474 2775 597 2855 μενετέον
612 2779 651 2858 ἐφ’
668 2778 791 2858 ἡσυχίας,
835 2779 912 2842 Ἐπεὶ

134 2864 162 2923 δέ
175 2867 202 2924 αἱ
215 2863 320 2933 πλείους
341 2868 446 2944 γνῶμαι
461 2867 495 2927 τά
511 2865 743 2947 φιλανθρωπότερα
758 2871 809 2926 τῶν
829 2871 910 2929 αὐθα-

136 2953 265 3032 δεστέρων
297 2953 462 3033 προείλοντο,
489 2953 659 3021 διαλύσαντες
690 2957 714 3014 οἱ
740 2953 837 3015 ύπατοι
864 2960 909 3017 τὸν

78 3053 105 3092 ³0
135 3042 264 3122 σύλλογον
291 3042 421 3122 προῇλθον
440 3045 477 3110 είς
500 3040 549 3114 τὴν
570 3042 684 3121 ἀγοράν,
704 3043 750 3110 τάς
771 3068 800 3104 τε
821 3045 911 3115 κοινάς

134 3130 328 3206 ἀπολυσόμενοι
352 3128 491 3208 διαόολάς,
507 3129 553 3189 καί
574 3130 636 3211 περὶ
650 3135 696 3190 τοῦ
720 3131 841 3210 Μαρκίου
865 3134 909 3193 τὸν

133 3219 215 3296 δῆμον
230 3217 383 3287 ἀξιώσοντες
398 3217 479 3295 μηθέν
491 3221 633 3300 βουλεῦσαι
644 3219 798 3291 ἀνήκεστον.
855 3222 910 3283 Καὶ

131 3306 268 3388 παρελθὼν
303 3313 317 3369 ὁ
351 3308 528 3389 πρεσύύτερος
553 3312 638 3368 αὐτῶν
669 3308 805 3380 Μηνύκιος
840 3310 910 3378 ἔλεξε

132 3417 231 3455 τοιαοε.

79 3502 106 3541 aa
173 3484 304 3544 xxviii.
326 3508 339 3534 s
355 3481 393 3543 Ἦ
408 3483 456 3560 μέν
476 3481 542 3566 ὑπέρ
561 3490 607 3557 τῇς
629 3485 758 3553 σιτοδείας
780 3487 909 3566 ἀπολογία

134 3597 146 3621 u
160 3571 230 3628 πάνυ
246 3568 359 3650 βραχεῖά
379 3572 467 3642 ἐστιν,
487 3562 510 3631 ῶ
530 3574 660 3650 δημόται,
682 3575 728 3634 καὶ
749 3577 797 3634 ούκ
816 3575 909 3645 ἀλλους

135 3683 147 3709 ιι
162 3658 233 3725 τινάς
257 3658 439 3738 παρεξόμεθα,
463 3650 501 3719 ῶν
517 3659 550 3720 ἀν
565 3660 683 3740 λέγωμεν
704 3662 721 3732 'i
743 3667 813 3740 ὑμᾶς
835 3664 907 3744 μάρ-

134 3772 146 3797 u
160 3769 249 3825 τυρας.
277 3745 335 3819 Τήν
353 3771 382 3806 τε
402 3745 453 3828 γάρ
472 3748 581 3830 ἀφορίαν
602 3753 655 3808 τῶν
676 3754 782 3809 σιτικῶν
797 3757 906 3831 καρπῶν

132 3833 300 3894 «ἐπίστασθε
324 3833 406 3906 δήπου
431 3835 477 3895 καὶ
502 3837 576 3897 αὐτοὶ
599 3838 641 3896 sul
668 3838 712 3897 τθν
739 3840 906 3923 ἐκλειφθέντα

77 3929 105 3968 ⁴0
132 3948 144 3974 u
157 3924 255 4003 σπόρον
277 3922 429 4002 γινομένην·
454 3924 503 3998 τήν
517 3923 542 3983 τ’
566 3927 650 3999 ἀλλην
673 3930 840 4009 καταφθοράν
860 3935 908 4002 τῇς

132 4009 251 4092 «χώρας
271 4015 300 4074 ού
322 4012 388 4093 παρ’
408 4012 502 4094 έτέρων
522 4016 591 4091 ὑμᾶς
616 4017 657 4074 δεῖ
686 4022 796 4096 μαθεῖν,
818 4025 862 4105 ἀφ’
878 4014 909 4094 ἧς

132 4099 247 4167 «αἰτίας
271 4099 385 4174 συνέέη,
407 4099 453 4160 καί
476 4106 511 4169 ῶς
535 4106 686 4165 τελευτῶσα
706 4113 723 4179 ἡ
744 4111 855 4185 πλείστη
878 4135 906 4171 τε

130 4214 144 4241 u
158 4189 203 4248 καὶ
225 4188 319 4270 ἀρίστη
344 4190 502 4270 γῇποίντων
528 4193 654 4255 ἐσπάνικε
675 4203 784 4275 καρπῶν
811 4224 840 4260 τι
862 4206 908 4260 καί

130 4278 330 4359 «ἀνδραπόδων
352 4279 397 4338 καλ
425 4283 621 4360 βοσκημάτων,
646 4283 680 4342 τά
709 4285 757 4364 μὲν
782 4290 834 4347 ὑπὸ
856 4294 908 4350 τῶν

75 4380 101 4417 ιε
129 4368 291 4445 «πολεμίων
311 4369 580 4448 διαρπαζομένη,τά
600 4372 628 4431 δὲ
643 4376 704 4450 ύμῖν
722 4376 759 4454 μὴ
781 4381 874 4459 ἐπιχορ
897 4415 908 4427 -

129 4482 142 4507 u
156 4462 239 4535 γοῧσα
261 4459 393 4528 τοσούτοις
421 4450 479 4519 ούσι
504 4462 550 4521 καί
573 4461 706 4540 μηδεμίαν
731 4467 814 4540 ἀλλην
838 4471 906 4527 ἀπυ-

129 4568 143 4595 a
158 4545 271 4626 στροφήν
291 4546 411 4629 ἔχουσιν.
439 4548 528 4610 Ὥστε
542 4552 589 4610 οὐκ
610 4550 635 4619 ἐξ
656 4541 693 4609 ὧν
717 4557 741 4613 οἱ
756 4556 909 4636 δημαγωγοί

131 4655 144 4681 u
158 4631 362 4712 διαόάλλουσιν,
387 4639 447 4697 ἀλλ’
471 4639 498 4708 ἐξ
515 4629 553 4698 ῶν
576 4639 649 4697 αὐτοὶ
674 4637 744 4714 ίστε,
764 4645 809 4702 τὸν
830 4646 908 4723 λιμδν

131 4742 144 4769 a
159 4719 297 4798 ἡγούμενοι
310 4724 465 4804 γεγονέναι,
485 4726 623 4786 παύσασθε
641 4727 836 4807 προσάπτοντες
848 4738 909 4795 inr-

74 4832 102 4867 so
130 4832 142 4859 u
159 4804 254 4878 ὅουλὴν
270 4812 402 4896 ἡμετέραν
419 4818 459 4894 τῷ
477 4815 575 4889 πάθει,
597 4815 643 4875 καλ
659 4817 692 4875 δι’
712 4819 791 4899 ὀργῆς
805 4821 909 4902 ἔχοντες

129 4921 142 4947 n
157 4899 230 4971 ἡμᾶς
254 4896 337 4956 οὐδέν·
356 4904 522 4970 ἀδικοῦντας.
573 4907 610 4964 Al
634 4903 662 4961 δέ
685 4907 831 4967 ἀποστολαὶ
856 4915 908 4970 τῶν

129 5010 141 5037 u
157 4983 314 5064 κληρούχων
335 4988 366 5048 ἐκ
378 4996 423 5050 τοῦ
438 4991 581 5072 ἀναγκαίου
597 4990 728 5072 ἐγένοντο,
743 5003 816 5077 κοινῇ
829 5000 906 5069 δόξαν

130 5100 142 5125 u
155 5074 215 5149 ύμῖν
230 5072 317 5133 ἅπασι
335 5075 379 5134 διά
391 5081 508 5161 φυλακῆς
530 5081 599 5164 ἔχειν
621 5082 708 5165 χωρία
730 5085 767 5150 εἰς
785 5082 901 5158 πολεμον

130 5161 304 5235 «ἐπιτήδεια
326 5162 372 5222 καί
396 5169 500 5251 μεγάλα
520 5166 625 5241 ὤνησαν
648 5171 677 5228 ἐν
696 5172 781 5251 καιρῷ
805 5169 905 5249 σφόδρα

1693 390 1753 451 tui

975 496 1016 548 die
1030 500 1092 551 nibil
1105 505 1211 555 atrocius
1224 507 1419 574 commiserunt,
1435 514 1480 565 sed
1501 517 1588 570 remin
1607 531 1753 583 sequentem

973 585 1039 638 diem
1052 588 1217 652 distulerunt,
1234 597 1354 648 sententia
1369 602 1395 649 et
1410 602 1527 664 precibus
1539 610 1668 663 consulum
1682 616 1749 666 uicti.

1005 678 1104 728 xxvn.
1123 681 1224 733 Postero
1233 683 1273 734 die
1285 685 1415 737 tribuuiin
1426 690 1506 743 iorum
1525 694 1597 756 primi
1616 697 1749 754 descende·

973 773 1045 830 runt,
1062 776 1088 822 et
1098 773 1196 837 plebem
1209 778 1240 826 ad
1261 779 1403 832 concionem
1417 795 1599 851 convocarunt,
1615 798 1641 845 el
1654 786 1698 860 per
1710 800 1749 849 ui-

973 878 1014 915 ces
1026 869 1147 932 progressi
1164 871 1272 934 graviter
1283 875 1399 938 patricios
1413 889 1574 945 accusarunt,
1593 888 1662 949 quod
1677 891 1751 944 fidem

972 965 1101 1025 pactorum
1115 966 1273 1029 fefellissent,
1289 973 1314 1021 et
1327 970 1498 1024 iusiurandum
1520 978 1671 1046 violassent,
1682 988 1750 1050 quod

972 1070 1028 1108 cum
1045 1057 1115 1121 plebe
1129 1059 1251 1120 fecerant,
1265 1067 1294 1113 ut
1304 1065 1384 1114 omnis
1398 1069 1577 1130 praeteritarum
1602 1077 1747 1133 iniuriarum

971 1155 1088 1205 memoria
1100 1155 1285 1221 deponeretur:
1297 1164 1324 1211 et
1335 1170 1479 1224 argumenta
1491 1169 1642 1231 attulerunt,
1659 1178 1749 1238 quibus

971 1261 1014 1298 eos
1025 1242 1082 1299 eum
1096 1249 1167 1313 plebe
1184 1266 1233 1302 uon
1243 1253 1339 1305 sincere
1350 1260 1520 1312 reconciliatos
1531 1276 1585 1314 esse
1595 1267 1731 1328 probarunt
1742 1310 1748 1332 ,

971 1350 1025 1397 tum
1037 1347 1156 1399 immenti
1169 1350 1276 1414 inopiam
1288 1389 1296 1415 ,
1307 1354 1379 1405 culus
1391 1356 1438 1421 ipsi
1453 1362 1568 1412 auctores
1579 1370 1678 1429 esseut,
1695 1371 1749 1419 tum

970 1441 1121 1493 coloniarum
1140 1443 1246 1496 duarum
1266 1448 1467 1503 deducendarum
1487 1455 1659 1511 consiliumet
1672 1463 1747 1526 quid·
1794 1444 1797 1457 Ι

969 1536 1030 1600 quid
1046 1540 1166 1602 practerea
1181 1538 1214 1588 ad
1225 1539 1382 1595 rninueudam
1401 1546 1480 1610 plebis
1492 1550 1676 1604 multitudinem
1692 1571 1748 1608 mo-

970 1632 1007 1682 liti
1020 1632 1124 1683 iueraut.
1159 1637 1190 1684 Et
1209 1634 1234 1684 in
1250 1637 1331 1702 ipsum
1355 1641 1474 1694 Marcium
1491 1645 1561 1710 longa
1579 1649 1692 1703 oratione
1706 1654 1744 1702 iu·

969 1729 1034 1779 vecti
1047 1733 1122 1790 suut,
1141 1730 1244 1792 eiusque
1267 1736 1344 1786 uerba
1362 1737 1387 1788 in
1401 1745 1489 1793 senatu
1506 1744 1570 1795 iacta
1589 1754 1747 1813 enarrarunt,

969 1825 994 1873 et
1005 1820 1154 1873 addiderunt
1175 1838 1232 1875 eum
1249 1827 1280 1876 ad
1296 1842 1410 1882 caussam
1430 1837 1495 1900 apud
1507 1838 1602 1903 plebem
1621 1843 1748 1898 dicendam
1848 1814 1852 1821 ·

968 1913 1071 1963 citatum
1082 1925 1130 1963 uon
1148 1914 1228 1965 solum
1243 1917 1351 1970 noluisse
1366 1924 1464 1987 venire,
1476 1929 1519 1978 sed
1531 1931 1605 1981 eliam
1618 1935 1702 1987 aediles
1716 1938 1747 1988 ed

969 2002 1050 2068 ipsum
1071 2003 1160 2054 missos
1180 2004 1323 2058 verberibus
1345 2011 1464 2075 abegisse.
1498 2021 1528 2067 Et
1542 2021 1649 2071 cituruut
1670 2027 1747 2078 testes

969 2106 1056 2143 eorum
1064 2092 1181 2157 quidem,
1196 2110 1252 2159 quse
1264 2098 1291 2146 iu
1301 2103 1390 2150 senatu
1404 2107 1474 2152 erant
1486 2104 1567 2167 dieta,
1585 2109 1747 2165 honoratissi-

971 2198 1025 2235 mos
1038 2199 1150 2250 quosque
1163 2188 1228 2239 illius
1236 2191 1344 2255 ordinis:
1359 2195 1457 2248 iniuriae
1467 2212 1526 2249 vero
1540 2200 1654 2253 aedilibus
1666 2205 1747 2268 tactus,

969 2289 1053 2327 omues
1076 2276 1196 2341 plebeios,
1212 2282 1256 2345 qui
1275 2286 1332 2334 tuuc
1347 2285 1372 2336 in
1390 2289 1442 2338 toro
1454 2291 1564 2343 aderaut.
1609 2295 1654 2347 llis
1674 2296 1747 2350 dictis

969 2368 1081 2418 lecerunt
1102 2371 1209 2431 patriciis
1228 2374 1269 2438 (si
1287 2376 1395 2440 vellent)
1414 2381 1525 2434 dicendae
1540 2399 1636 2438 caussae
1658 2389 1748 2456 suique

968 2459 1090 2524 purgandi
1104 2465 1214 2527 cupiam,
1228 2469 1325 2531 plebem
1345 2473 1370 2522 in
1382 2474 1484 2524 comitio
1498 2477 1654 2542 detinentes,
1667 2483 1748 2536 donec

972 2556 1074 2604 senatus
1086 2554 1261 2612 dimitleretur.
1306 2566 1367 2614 Nam
1383 2566 1413 2616 de
1426 2567 1465 2618 bis
1477 2568 1537 2633 ipsis
1552 2571 1626 2623 rebus
1636 2573 1662 2623 in
1679 2577 1749 2628 curia

971 2659 1056 2719 patres
1077 2657 1265 2720 consultabant,
1289 2660 1444 2724 dubitantes,
1463 2666 1546 2713 ulrum
1560 2665 1637 2729 ¹apud
1653 2666 1748 2730 plebem

969 2749 1001 2799 ad
1012 2749 1113 2800 crimine
1127 2751 1173 2800 sibi
1182 2751 1278 2802 obiecta
1293 2754 1508 2817 respondendum,
1524 2768 1556 2806 aa
1570 2757 1748 2820 quiescendum

967 2843 1041 2890 esset.
1077 2841 1139 2890 dum
1153 2845 1236 2893 autem
1246 2843 1324 2894 maior
1335 2859 1421 2897 eorum
1430 2860 1487 2911 pars
1500 2847 1526 2896 in
1535 2861 1565 2899 ea
1574 2851 1641 2900 esset
1650 2854 1750 2904 senteu-

968 2928 1021 2989 tia,
1039 2932 1067 2978 ut
1080 2928 1257 2984 humanitatem
1281 2936 1402 2999 superbiae
1417 2937 1603 2991 subterendum
1626 2948 1747 3008 censeret,

969 3025 1083 3075 consules
1101 3025 1204 3078 dimisso
1217 3032 1305 3080 senatu
1330 3030 1356 3080 iu
1374 3029 1502 3080 comitium
1523 3038 1706 3095 processerunt,
1720 3037 1750 3087 ut

969 3115 1068 3178 publica
1089 3120 1191 3170 crimine
1203 3121 1327 3173 diluerent
1341 3128 1368 3175 et
1381 3123 1477 3187 plebem
1493 3127 1628 3187 rogarent,
1643 3141 1674 3177 ue
1689 3127 1748 3191 quid

968 3209 1068 3271 gravius
1091 3211 1117 3262 iu
1144 3213 1265 3264 Marcium
1284 3217 1412 3266 statueret.
1447 3218 1643 3279 Progressusque
1664 3219 1748 3268 eeuior

969 3304 1068 3354 illorum
1078 3305 1203 3356 lllinucius
1215 3309 1290 3358 talem
1308 3308 1396 3359 babuit
1409 3310 1559 3361 concionem.

1000 3489 1114 3537 xxviii.
1134 3508 1145 3530 ν
1164 3487 1237 3544 Quod
1248 3488 1279 3537 ad
1297 3488 1413 3538 frumeuti
1432 3490 1537 3553 inopiam
1553 3492 1654 3551 attinet,
1666 3491 1745 3550 Quiri·

972 3599 984 3622 a
1000 3581 1051 3635 tes,
1073 3589 1116 3640 per
1137 3576 1224 3639 paucis
1238 3576 1318 3627 verbis
1334 3591 1379 3627 uos
1395 3578 1569 3643 purgabimus,
1592 3594 1674 3644 neque
1687 3581 1748 3633 alius

970 3687 983 3711 a
997 3668 1088 3715 nostras
1100 3664 1218 3714 orationis
1233 3668 1317 3726 testes,
1330 3681 1405 3730 quam
1415 3682 1460 3717 sos
1477 3669 1552 3733 ipsos,
1570 3671 1741 3734 producemus.
1767 3698 1780 3733 ·.

970 3777 983 3801 a
997 3758 1060 3806 llum
1072 3757 1099 3805 et
1117 3754 1217 3816 frugum
1227 3754 1382 3808 sterilitatem
1396 3757 1431 3808 ub
1448 3757 1614 3809 intermissam
1627 3760 1748 3811 sadonem

970 3870 982 3895 ε
996 3848 1116 3900 accidisse
1133 3848 1181 3913 ipsi
1203 3847 1286 3910 scitis;
1299 3860 1345 3897 uec
1360 3849 1459 3911 oportet
1472 3861 1517 3895 vos
1530 3860 1560 3897 ex
1573 3847 1628 3898 aliis
1644 3860 1748 3910 coguos-

968 3958 982 3984 ι
997 3952 1070 4000 cere,
1091 3952 1141 4002 qua
1159 3937 1192 3988 de
1206 3949 1283 3987 causa
1305 3938 1386 3986 cetera
1408 3933 1462 3999 agri
1484 3934 1591 3985 vastatio
1612 3934 1747 3995 acciderit,

968 4048 981 4074 ι
996 4032 1161 4095 ptpostremo
1181 4025 1290 4077 maxima
1312 4027 1387 4087 atque
1409 4024 1504 4088 optimu
1527 4024 1581 4088 agri
1593 4037 1652 4089 pars
1677 4023 1747 4075 lubo-

969 4118 1063 4165 sraret
1084 4115 1165 4179 iuopia
1202 4109 1312 4162 omnium
1339 4110 1436 4174 frugum
1469 4112 1494 4160 et
1517 4111 1697 4175 mancipiorum
1723 4111 1749 4159 et

966 4220 979 4245 ν
995 4201 1107 4266 peeoris,
1128 4200 1218 4266 purtim
1239 4197 1271 4248 ab
1294 4197 1408 4248 hostibus
1435 4200 1545 4258 uastam,
1566 4199 1656 4261 partim
1680 4197 1748 4260 quod

968 4311 980 4335 u
994 4291 1049 4356 ipse
1071 4307 1133 4355 ouer
1157 4293 1233 4340 tantm
1253 4291 1343 4337 restrae
1371 4283 1538 4346 multitudini,
1566 4299 1623 4346 quse
1651 4283 1746 4332 nullum

968 4397 981 4422 ε
995 4379 1071 4429 alium
1083 4377 1182 4428 aliunde
1202 4374 1339 4426 remedium
1360 4374 1483 4435 babebat,
1512 4373 1609 4422 uictum
1629 4369 1747 4434 suppedi-

968 4485 981 4510 α
997 4469 1049 4516 tare
1064 4478 1112 4515 nou
1129 4469 1222 4528 posset.
1238 4467 1394 4528 Quapropter
1413 4464 1483 4512 tamis
1495 4474 1597 4512 caussas
1616 4472 1665 4507 nou
1686 4469 1745 4517 eus,

968 4576 980 4598 ι
994 4567 1056 4619 quas
1069 4552 1148 4618 plebis
1161 4557 1320 4617 corruptores
1338 4566 1383 4615 per
1398 4551 1546 4601 calumniam
1562 4548 1683 4606 atterunt,
1701 4544 1746 4595 sed

967 4662 980 4686 ν
991 4656 1055 4705 quae
1065 4641 1113 4708 ipsi
1124 4640 1191 4691 scitis
1207 4641 1282 4690 luisse
1295 4640 1467 4690 existimantes
1481 4637 1585 4689 desinite
1598 4635 1662 4685 lianc
1679 4631 1745 4681 cala·

965 4750 979 4776 «
992 4731 1105 4782 mitatem
1119 4730 1210 4781 nostris
1222 4728 1317 4779 insidiis
1330 4729 1487 4792 adscribere,
1500 4732 1525 4779 et
1543 4726 1613 4776 nobis
1627 4724 1742 4773 innoeen-

965 4821 1059 4872 «tibus
1073 4819 1155 4871 irasci.
1189 4819 1303 4870 Coloniae
1315 4833 1374 4870 vero
1393 4819 1527 4870 necessitas
1546 4811 1649 4869 deduci.
1667 4807 1743 4871 Μθῑῑθ

964 4929 976 4953 ν
991 4907 1023 4958 de
1036 4907 1160 4957 communi
1183 4905 1294 4956 omnium
1320 4909 1431 4956 vestrum
1453 4902 1584 4960 sententia,
1612 4901 1639 4947 ut
1659 4898 1742 4946 esseut

964 5022 976 5046 ι
991 4999 1106 5065 praesidio
1116 4998 1176 5047 locis
1186 4998 1216 5047 ad
1231 4997 1323 5048 bellum
1329 4997 1465 5061 oportunis.
1479 4999 1523 5045 Hau
1534 5005 1592 5042 vero
1601 4989 1741 5041 durissimis

963 5110 976 5135 a
990 5086 1128 5152 reipublicae
1142 5086 1295 5150 temporibus
1310 5085 1431 5144 deductae,
1446 5087 1497 5132 tum
1513 5081 1585 5144 ipsis,
1601 5079 1645 5144 qni
1657 5079 1683 5129 in
1694 5091 1741 5127 co-

961 5198 975 5223 «
991 5175 1068 5228 loutas
1082 5173 1165 5224 embsi
1181 5177 1249 5236 suut,
1263 5175 1315 5224 tum
1332 5172 1410 5233 uubis,
1424 5171 1467 5235 qui
1486 5169 1652 5229 remansistis,
1667 5163 1739 5216 ualde
