3772 5828
177 296 237 356 bill

219 425 299 486 illll.
315 424 376 503 (lt)
387 422 434 490 Ὦς
444 422 471 482 θλ
485 426 569 481 ταῦτα
580 421 697 495 ἤκουσαν
706 420 862 482 Οὐιαντανολ
876 418 952 500 παρά

692 288 861 352 ulonlsll
886 288 1263 352 flnitclnnnssbllsts

1036 430 1094 479 xltl
1103 430 1153 493 (li)
1167 428 1238 488 Quod
1258 430 1301 481 ubi
1317 428 1460 480 Veientesn
1475 428 1582 494 quodam
1597 428 1704 493 captivo
1722 422 1803 484 intel·

178 511 351 594 αἰχμαλώτου
374 512 459 584 τινὸς,
481 510 715 589 ἐπικηρυκεύεσθαι
738 510 802 591 πρὸς
820 507 879 575 τούς
901 531 951 568 πο·
1005 543 1224 608 ,mmmm
1245 557 1289 608 W
1306 543 1402 608 γῳγο,
1423 543 1456 594 ab
1467 542 1643 595 „beidenfibus
1658 547 1804 609 petendam

176 602 341 682 λιορκοῦντας
357 600 449 674 ἤθελον
473 598 534 676 περὶ
557 597 726 666 καταλύσεως
748 601 795 657 τοῦ
820 597 952 673 πολίμου,

177 690 238 769 πρίν
253 690 352 749 ἁλῶναι
366 689 435 748 κατὰ
449 687 544 766 κρότος
558 686 607 759 τὴν
619 687 712 747 πολιν·
726 685 772 746 καί
782 685 952 745 ἀποδείκνυν-

1006 660 1169 721 υεειευειυιιῖ,
1184 659 1318 721 antequam
1328 658 1390 709 urbs
1400 657 1425 708 ri
1437 640 1577 722 caperetur,
1594 658 1682 724 lteqne
1693 663 1805 716 maximi

136 801 150 838 ε
177 801 221 838 ται
236 776 360 858 πρίσύιις
381 780 405 837 οἱ
425 775 613 855 πρεούύταιοι.
659 772 911 855 Ἀπυρηρισαμένης
924 770 952 831 il
1006 775 1065 824 natu
1084 785 1129 836 pru
1146 771 1233 836 legatis
1255 773 1396 825 mittuntur.
1430 775 1540 837 llegmte
1565 786 1628 825 reru
1636 779 1735 828 senatu
1750 782 1803 831 Ro·

177 870 224 938 vi<
250 871 346 947 iuli<
370 870 422 926 τῶν
437 864 580 942 Ῥωμαίων
604 864 650 932 ei<
673 863 832 943 διαλλιιῖιι
856 864 881 922 ιῑ
906 860 953 940 μὲν
1006 900 1081 939 ιιιιι
1092 900 1190 952 pom,
1206 887 1293 951 reliqui
1305 887 1377 953 regau
1394 887 1483 939 ιιιιυι
1499 887 1569 940 ιιιιι
1581 888 1718 955 ιιιιιιιιιιι,
1732 896 1803 959 pm.

177 956 253 1015 ἀλλοι
266 953 388 1037 πρέσύεις
402 953 525 1034 ἀπῄεσαν
540 955 570 1011 ἐκ
583 957 631 1012 τοῦ
645 950 832 1031 βουλευτηρίου
846 953 952 1028 σιωπῇ,

176 1041 231 1102 όδί
245 1044 448 1122 ἐπιφανέστατος
459 1041 486 1110 ἐξ
503 1043 589 1100 αὐτῶν
605 1040 650 1101 καλ
666 1039 736 1100 κατά
756 1041 804 1112 την
820 1038 950 1115 μαντικὴν

177 1134 315 1212 ίμπειρίαν
332 1131 530 1209 δοκιμώτατος,
547 1127 656 1196 ἀπιστάς
667 1133 724 1196 ταῖς
738 1129 827 1210 θύραις
838 1128 883 1186 καὶ
899 1151 950 1186 πε-

125 1247 150 1288 lo
177 1217 303 1302 ριόλίψας
318 1222 353 1287 εἰς
365 1220 484 1285 ἅπαντας
500 1222 560 1283 τούς
574 1216 706 1296 παρόντας
717 1220 744 1277 ἐν
758 1221 797 1295 τῷ
813 1215 949 1295 συνεδρίῳ·

177 1335 190 1361 ιι
206 1312 295 1370 Καλόν
311 1334 353 1388 γι,
367 1310 473 1390 ἔρησαν,
487 1297 649 1383 όιῬυιμαῖοι
657 1351 666 1377 ,
685 1307 771 1385 δόγμα
785 1303 952 1385 ἑξενηνόχατα

177 1424 190 1449 ιι
204 1399 250 1457 καὶ
265 1396 478 1477 μιγαλοιτρεπλς,
487 1396 511 1453 οί
528 1393 575 1466 τὴν
588 1393 728 1473 ἡγεμονίαν
739 1392 869 1462 ἀξιοῦντες
883 1392 953 1474 ἔχειν

177 1513 190 1539 ιι
204 1489 256 1544 τῶν
270 1487 410 1565 παριοίκων
431 1484 465 1543 δι’
480 1484 593 1563 ἀρετὴν,
611 1485 687 1543 πόλιν
701 1481 760 1544 ούτα
783 1482 879 1563 μικράν
893 1481 953 1544 ούεα

177 1602 190 1627 ι
205 1573 308 1650 ἀσημον
334 1573 527 1650 ἀποτιθιμὲνην
546 1571 580 1630 τά
602 1571 672 1631 όπλα
692 1572 737 1631 καλ
756 1573 952 1652 παραδιδοῦσαν

176 1689 189 1714 ιι
204 1665 266 1738 ὑμῖν
290 1662 385 1735 ίαυτλν
406 1665 454 1722 οὐκ
480 1660 608 1730 ἀξιοῦντες
633 1661 747 1732 ὑπήκοον
773 1660 859 1742 ίχειν,
883 1662 952 1723 ἀλλά

175 1774 189 1801 ιι
203 1751 341 1829 πρόρριζον
353 1751 453 1810 ἀνελεῖν
470 1749 640 1829 βουλόμενοι,
653 1750 711 1810 οὐτε
726 1751 771 1810 τὸν
786 1753 816 1811 ίκ
826 1759 871 1812 τοῦ
882 1749 951 1813 θείου

175 1864 188 1890 ιι
204 1839 334 1906 δείσαντες
356 1840 452 1919 χολον,
470 1837 530 1898 οὐτε
551 1836 598 1910 τλν
615 1840 678 1918 παρ’
696 1838 838 1920 ἀνθρώπων
861 1842 951 1919 ἐντρα·

175 1952 187 1979 ιι
201 1927 292 1996 πίνεις
308 1927 425 2004 νέμεσιν.
470 1927 537 1988 ’lvo’
556 1917 592 1987 ῶν
614 1929 676 2003 ὑμῖν
695 1929 756 1999 δίκη
768 1928 880 2008 τιμωρὸς
895 1926 951 1998 ἥξει

174 2038 187 2065 ιι
201 2013 274 2093 παρὰ
285 2019 350 2074 θεῶν
363 2018 398 2081 είς
412 2015 445 2075 τά
464 2014 542 2091 όμοια
553 2018 699 2090 ζημιοῦσα·
718 2013 888 2081 Οὐιεντανούς
897 2014 949 2095 γάρ

120 2134 147 2173 «20
174 2128 187 2154 ι
203 2103 358 2183 ἀραλόμανοι
371 2105 421 2176 elo
437 2102 553 2183 πατρίδα
569 2102 627 2179 μετ’
652 2105 681 2163 οὐ
697 2100 764 2163 πολύ
781 2100 830 2174 τὴν
850 2106 949 2162 ίαυτῶν

174 2218 187 2245 ιι
201 2194 371 2255 ἀποόαλεῖτε.
388 2221 400 2246 υ
415 2195 521 2255 Ambr.

215 2281 270 2361 (lssl
295 2283 371 2342 Μετά
394 2282 480 2364 βραχύ
498 2282 525 2341 il
539 2282 713 2360 ἁλισκομένης
727 2285 773 2354 τῆς
787 2281 903 2356 πολιως,
925 2284 949 2342 ol

174 2369 221 2445 μὲν
244 2369 325 2447 ὁμόσε
350 2378 403 2438 τοῖς
421 2368 555 2448 πολεμίοις
575 2374 722 2452 χωροῦντας
744 2368 834 2449 ἀνδρες
854 2370 946 2446 ἀγαθοί

172 2457 306 2536 γινόμενοι
327 2459 372 2519 καί
389 2460 499 2527 πολλοὺς
520 2460 721 2528 ἀποκτείναντες
739 2461 943 2534 κατεκόπησαν,

120 2573 146 2613 m
173 2547 197 2604 οί
226 2548 250 2607 δ’
277 2548 429 2630 αὐτοχειρία
465 2547 609 2630 σράξαντες
634 2548 727 2614 αὐτούς
754 2547 947 2628 διερθοίρησαν·

172 2632 241 2704 ὅσοις
267 2635 294 2695 tl
308 2635 341 2694 δι’
364 2637 502 2717 ἀνανδρίαν
530 2659 560 2695 τι
585 2636 631 2696 καλ
656 2635 833 2708 ταπεινότητα
858 2639 948 2719 ψυχῆς

172 2723 261 2784 πάντα
283 2724 403 2805 ἐφαίνετο
424 2730 469 2784 τοῦ
485 2725 606 2785 τεθνάναι
625 2724 659 2786 τά
680 2724 751 2784 δεινὰ
770 2723 948 2806 μιτριόντερα,

174 2811 296 2895 ῥίψαντες
326 2813 360 2874 ei
385 2815 455 2875 ὅπλα
484 2813 658 2895 παρεδίδοσαν
681 2823 734 2882 τοῖς
759 2816 948 2895 κεκρατηκόσιν

173 2902 289 2970 ίαυτούς.
304 2903 408 2966 Ambr.

119 3023 146 3064 ηρ
213 2990 289 3052 XIV.
314 2991 378 3071 (iti)
400 2991 434 3052 ‘0
449 2993 476 3051 δὲ
502 2993 633 3071 δικτάτωρ
649 2990 800 3067 Κάμιλλος,
815 2981 844 3049 οὐ
859 3015 942 3073 στρα-

172 3078 284 3160 ιηγίρῆ
303 3080 379 3146 πόλις
400 3080 476 3152 ἥλω,
496 3081 537 3139 ἐπί
556 3079 689 3160 μετεώρου
703 3078 770 3146 τινὸς
789 3079 870 3144 ἑστὼς
890 3077 948 3156 ἅμα

172 3169 223 3234 τοῖς
238 3168 454 3248 ἐπιφανεστάτοις
472 3168 633 3247 Ῥωμαίων,
649 3167 706 3227 ὅθεν
721 3166 812 3226 ἀπασα
833 3171 851 3238 ἢ
873 3168 947 3238 πολις

172 3247 204 3328 ἦν
217 3255 385 3336 καταρανὴς,
409 3257 577 3336 πρῶτονμὲν
604 3254 764 3336 ἀμακάρισεν
786 3255 878 3313 ἑαυτὸν
901 3261 947 3328 τῆς

172 3345 308 3424 παρούσης
336 3345 478 3426 εὐτυχίας,
505 3345 544 3403 ότι
583 3346 700 3403 καθελεῖν
727 3345 798 3424 αὐτῷ
828 3343 945 3423 μεγάλην

119 3453 144 3492 m
172 3434 217 3492 καῖ
233 3433 375 3511 εὐδαίμονα
391 3433 466 3493 πολιν
482 3434 612 3512 ἐξεγένετο
628 3432 690 3512 δίχα
701 3433 793 3504 πόνου,
808 3433 826 3505 ἣ
841 3434 946 3514 Τυρρη-

172 3522 229 3589 νίας
250 3521 298 3598 pta
322 3522 448 3596 ἀνθούσης
469 3522 529 3582 τότε
552 3522 598 3581 καλ
627 3524 749 3580 πλεῖστον
775 3525 826 3580 τῶν
854 3545 946 3581 κατοι-

173 3609 287 3667 κούντων
304 3611 352 3682 ela
368 3608 483 3670 Ἰταλίαν
498 3613 576 3671 ἐθνῶν
595 3613 739 3691 δυναμίνης
754 3619 800 3676 οὐκ
817 3617 944 3696 ἐλαχίστη

174 3707 253 3778 μοῖρα
272 3691 320 3772 ην,
338 3698 482 3776 Ῥωμαίοις
495 3699 522 3758 δὲ
532 3700 593 3778 περὶ
610 3705 656 3771 τῆς
669 3706 810 3782 ἡγεμονίας
826 3707 946 3788 διαρερο-

173 3786 240 3861 μίνη
254 3789 300 3847 καὶ
309 3787 421 3854 πολλοὺς
433 3786 564 3862 πολέμους
575 3790 738 3865 ὑπομείνασα
759 3798 822 3874 ἄχρι
837 3795 948 3866 δεκάτης

119 3893 145 3936 ιο
172 3886 262 3952 γενεᾶς
281 3875 546 3953 διετέλεσεν,ἓξυύδ’
556 3879 655 3953 ἤρξατο
682 3886 806 3958 πολεμεῖν
828 3886 871 3942 καὶ
897 3908 945 3943 πο-

172 3964 330 4043 λιορκεῖσθαι
353 3972 484 4045 συνεχῶς,
501 3969 564 4027 δέκα
589 3968 707 4048 διήνεγκε
730 3974 776 4043 τὴν
794 3973 946 4053 πολιορκίαν

172 4050 217 4121 ἔτη
229 4052 316 4122 πόσοι
329 4058 483 4134 πειραθεῑσα
501 4055 589 4135 τύχηι.
635 4059 696 4136 (iOl
706 4057 821 4120 'linem
835 4065 947 4138 ἐνθυμη-

171 4139 242 4210 θεὶς,
259 4143 294 4204 ὡς
315 4142 357 4199 itti
378 4151 473 4220 μικρᾶς
491 4145 625 4223 αἰωρεῖται
648 4151 729 4228 ῥοπῆς
750 4153 827 4222 Ιλτῶν
842 4150 945 4228 ἀνθρώ-

171 4249 229 4283 πων
248 4227 416 4301 εὐδαιμονία,
440 4230 484 4287 καί
518 4231 623 4309 βέόαιον
653 4239 725 4295 οὐδὲν
757 4239 873 4310 διαμένει
894 4243 946 4299 τῶν

117 4340 143 4377 ιιι
173 4316 291 4392 ἀγαθῶν,
317 4316 445 4382 διατείνας
464 4324 499 4387 εἰς
526 4322 634 4399 οὐρανὸν
650 4324 696 4391 τάς
720 4335 824 4406 χεῖρας,
851 4327 948 4398 ηὔξατο

170 4408 208 4482 τῷ
231 4428 259 4461 τε
279 4405 322 4463 Διὶ
340 4403 385 4462 καί
410 4415 461 4473 τοῖς
478 4408 564 4477 ἀλλοις
588 4415 670 4486 θεοῖς,
691 4396 808 4490 μάλιστα
825 4416 872 4493 μὲν
888 4419 947 4476 ἀνε-

171 4492 294 4573 πίρθονον
311 4497 395 4576 ἑαυτῷ
411 4521 437 4555 τε
454 4500 498 4557 καί
513 4505 546 4580 τῇ
567 4506 674 4585 πατρίδι
694 4507 810 4582 γίνεσθαι
830 4507 877 4576 τὴν
896 4531 948 4565 πα-

172 4586 267 4658 ροῦσαν
283 4584 465 4658 εὐδαιμονίαν·
487 4590 509 4645 εἰ
526 4590 553 4647 δέ
569 4615 606 4659 τις
627 4591 719 4668 με’λλυι
735 4601 808 4671 κοινῇ
825 4593 947 4675 συμρορδι

169 4670 217 4742 τὴν
228 4671 371 4748 Ῥωμαίων
387 4674 461 4733 πολιν
477 4676 547 4748 ipsiu
565 4684 644 4740 αὐτοῦ
662 4683 716 4761 βίον
728 4684 945 4760 καταλαμόάνειν

116 4793 142 4828 ,η
170 4761 310 4828 ἀντίπαλος
329 4766 379 4821 τῶν
394 4766 532 4843 παρόντων
558 4772 680 4849 ἀγαθῶν,
707 4773 849 4852 ἐλαχίστην
873 4773 944 4852 γενέ-

170 4852 228 4906 σθαι
245 4852 342 4921 ταύτην
363 4854 407 4910 καὶ
429 4857 621 4933 μετριωτάτην.

208 4941 271 4998 XV.
296 4944 356 5015 (ill
389 4933 442 5003 Ἦν
473 4944 499 5002 δὲ
524 4951 540 5016 ἡ
571 4949 739 5006 Οὐιεντανῶν
762 4949 837 5016 πόλις
872 4949 944 5008 οὐθὲν

168 5026 341 5104 ὑποδεεστέρα
354 5035 401 5100 τῆς
414 5031 522 5108 Ῥώμης
538 5037 707 5109 ἐνοικεῖσθοιι,
730 5041 779 5113 γῆν
802 5062 829 5095 τε
842 5038 943 5107 πολλὴν

167 5112 211 5170 καί
232 5114 400 5195 πολύκαρπον
422 5121 535 5199 ἔχουσα,
556 5122 604 5195 τλν
629 5124 677 5200 μὲν
700 5126 824 5203 ὀρεινὴν,
852 5126 898 5197 τὴν
915 5126 942 5185 δὲ
969 5182 973 5190 ,

1008 1006 1066 1057 σερε
1088 1007 1148 1044 τετυ
1169 993 1295 1058 legationis
1319 997 1346 1045 el
1364 993 1490 1045 divinandi
1517 998 1585 1046 artes
1610 997 1801 1068 peritissimus,

1008 1100 1144 1152 subsistens
1155 1100 1179 1151 in
1189 1101 1281 1152 loribus
1293 1103 1319 1152 et
1333 1116 1419 1153 omnes
1432 1103 1475 1169 qul
1493 1103 1518 1155 iu
1531 1106 1603 1156 ouria
1617 1105 1727 1160 edemnt
1748 1113 1801 1163 cir·

1008 1211 1173 1277 cumspieiens
1192 1229 1226 1262 ιι
1248 1213 1405 1276 Praeclaram,
1428 1213 1522 1278 lnquit,
1543 1217 1658 1279 Romani,
1675 1223 1802 1276 sanxistis

1010 1321 1191 1383 ..sententiam
1208 1325 1283 1386 atque
1294 1320 1408 1384 dignam,
1423 1321 1466 1386 qui
1483 1322 1614 1388 imperinm
1635 1325 1664 1376 iu
1676 1327 1801 1384 finitimos

1009 1449 1022 1473 ιι
1036 1427 1136 1480 vlrtntis
1147 1443 1207 1493 erqo
1221 1429 1335 1481 obtinere
1346 1429 1487 1496 cupientes,
1495 1433 1586 1484 urbem
1596 1448 1679 1501 neque
1691 1452 1800 1503 porram

1010 1553 1022 1576 ι
1032 1546 1114 1598 neque
1127 1533 1276 1595 obscuram,
1298 1548 1367 1586 arma
1381 1535 1546 1602 deponentem
1564 1542 1592 1593 et
1608 1543 1684 1594 robis
1701 1560 1730 1597 se
1748 1553 1801 1601 tra·

1010 1662 1023 1686 ιι
1035 1642 1146 1704 (lentem,
1157 1656 1207 1693 non
1219 1643 1243 1692 ln
1250 1642 1399 1696 deditionem
1410 1645 1574 1711 aeeipereserl
1586 1649 1702 1702 lundilus
1712 1653 1799 1709 delere

1010 1773 1022 1796 ιι
1036 1751 1126 1813 ruitis,
1140 1751 1201 1802 nihil
1212 1752 1285 1802 veriti
1296 1766 1376 1817 neque
1385 1755 1489 1805 deornm
1503 1754 1655 1821 nemusque
1664 1759 1798 1814 beluinum

1009 1884 1021 1907 ι
1035 1862 1161 1913 ultionem.
1171 1860 1338 1918 Quamobrem
1351 1861 1433 1912 reniet
1442 1861 1513 1914 vobis
1527 1863 1617 1916 vindex
1626 1864 1733 1919 deorum
1744 1871 1798 1932 jus-

1013 1994 1025 2018 ι
1037 1973 1156 2024 titionum
1166 1969 1240 2020 simili
1250 1984 1337 2034 poena:
1352 1972 1469 2022 l‘eientes
1483 1973 1551 2024 enim
1562 1988 1629 2027 nuno
1645 1979 1727 2042 petrin
1741 1982 1799 2044 pri-

1010 2099 1023 2123 ι
1035 2082 1134 2140 ventes,
1146 2077 1230 2143 paullo
1240 2081 1297 2143 post
1313 2083 1422 2129 vestrum
1435 2080 1548 2144 ipsorum
1557 2082 1683 2136 emittetis.
1702 2105 1715 2129 ν

1040 2278 1087 2341 (¹8)
1102 2278 1161 2327 lios
1186 2277 1258 2340 capta
1280 2274 1340 2326 urbe
1352 2280 1476 2340 quotquot
1498 2292 1557 2329 eum
1571 2278 1682 2331 nostibus
1695 2295 1789 2335 manus

1007 2385 1199 2442 oonseruerunt3
1213 2382 1260 2432 viri
1279 2381 1382 2443 strenui,
1396 2384 1482 2434 multis
1495 2384 1590 2450 υυοῖοῖα,
1600 2389 1642 2437 aut
1660 2387 1791 2441 interemti

1007 2495 1073 2554 sunt,
1090 2496 1134 2542 aut
1151 2492 1196 2557 ipsi
1213 2470 1318 2542 moriem
1338 2490 1576 2554 quindecinorum
1592 2495 1793 2559 quotquotvero

1008 2605 1107 2667 propter
1137 2598 1212 2648 aniuri
1236 2597 1427 2648 imbecillitatem
1457 2600 1483 2648 et
1510 2597 1679 2652 humilitatem
1709 2606 1797 2655 omnia

1008 2707 1174 2758 malamorte
1197 2704 1361 2755 tolerabiliore
1385 2708 1519 2769 putarunt,
1543 2706 1567 2757 el
1589 2708 1695 2772 abjectis
1717 2711 1797 2763 armis

1008 2810 1094 2862 uictori
1108 2824 1136 2861 se
1147 2808 1277 2858 dederunt.

1039 3009 1105 3058 xlv.
1120 3008 1167 3069 (ιθ)
1187 3005 1305 3055 Camillus
1322 3005 1438 3068 dictator,
1459 3006 1530 3068 cujus
1552 3005 1630 3058 ductu
1646 3009 1707 3061 urbs
1721 3014 1796 3076 nepta

1008 3122 1055 3179 est,
1066 3121 1135 3167 stans
1154 3130 1211 3166 oum
1229 3116 1373 3166 clarissimis
1394 3117 1509 3166 llomunis
1530 3116 1557 3167 in
1575 3118 1631 3168 loeo
1643 3119 1712 3170 edito
1727 3122 1795 3174 unde

1006 3234 1058 3281 tuta
1070 3227 1130 3278 urbs
1144 3226 1251 3291 conspici
1274 3225 1372 3290 potuit,
1399 3226 1506 3290 primum
1530 3227 1633 3291 quidem
1647 3243 1674 3279 se
1695 3231 1792 3283 felicem

1007 3336 1165 3405 predicabat,
1180 3335 1248 3399 quod
1263 3334 1311 3400 ipsi
1320 3337 1414 3386 tanturn
1432 3341 1459 3386 et
1469 3339 1518 3386 tam
1529 3336 1629 3388 beatam
1639 3340 1725 3391 urbem
1737 3343 1792 3393 sine

1007 3450 1091 3499 labore
1105 3461 1246 3511 expugnare
1258 3446 1414 3512 contigisset,
1427 3460 1483 3509 quae
1505 3448 1610 3499 Etrurine
1624 3453 1675 3500 tum
1688 3453 1792 3515 quidem

1008 3562 1072 3613 inter
1084 3562 1163 3612 ltaliae
1176 3564 1262 3626 pentes
1272 3556 1452 3609 florentissimae
1465 3571 1553 3622 magun
1567 3573 1624 3624 pare
1635 3561 1681 3612 luit
1692 3567 1719 3613 et
1734 3578 1793 3616 rum

1007 3671 1121 3723 Romanis
1134 3671 1166 3720 ‹le
1184 3669 1323 3734 principatu
1336 3669 1432 3717 uertens
1445 3666 1523 3717 multa
1542 3682 1588 3733 per
1605 3668 1689 3720 decern
1705 3676 1794 3725 entes

1006 3779 1069 3829 bellu
1086 3780 1255 3837 sustinuerei;
1270 3790 1302 3827 ex
1319 3790 1369 3839 quo
1388 3778 1470 3826 nutem
1487 3779 1622 3840 oppugnari
1642 3782 1668 3829 et
1680 3779 1793 3831 obsideri

1006 3891 1086 3953 cepit,
1104 3889 1188 3940 decem
1201 3890 1333 3940 continuos
1342 3902 1420 3939 annos
1429 3888 1581 3940 obsidionem
1592 3889 1692 3949 tulerat,
1705 3906 1792 3945 omnes

1005 4003 1109 4052 tortunae
1124 4003 1190 4051 vices
1203 4005 1313 4065 experta.
1331 3999 1380 4062 (20)
1393 3998 1485 4049 Deinde
1496 4003 1614 4063 reputans
1630 4013 1706 4063 quom
1720 4001 1791 4055 brevi

1004 4112 1130 4159 momento
1158 4107 1261 4158 felicitas
1286 4108 1394 4156 humanu
1416 4105 1578 4156 extolleretur
1602 4120 1684 4170 neque
1711 4108 1788 4156 ullum

1004 4217 1152 4270 bonumdiu
1166 4231 1280 4277 manere,
1306 4230 1394 4267 manus
1405 4215 1436 4265 nd
1459 4215 1548 4266 crolum
1573 4215 1684 4275 tendens,
1697 4216 1784 4264 torem

1005 4332 1029 4378 et
1041 4334 1137 4380 ceteros
1149 4328 1209 4379 deos
1224 4333 1339 4393 proculus
1352 4331 1404 4387 est,
1422 4330 1450 4376 ut
1466 4326 1574 4376 unumne
1590 4324 1688 4390 quidem
1702 4323 1786 4374 sibiet

1004 4438 1089 4501 patries
1110 4449 1140 4486 ne
1160 4435 1281 4485 invidiosa
1306 4440 1372 4486 esset
1393 4450 1502 4499 praesens
1528 4434 1638 4485 felicitas.
1672 4432 1786 4490 Quodsi

1003 4557 1052 4607 qua
1066 4542 1104 4592 vel
1116 4541 1211 4605 publice
1228 4543 1311 4593 eludes
1329 4543 1416 4593 urbem
1434 4546 1538 4592 Romam
1551 4541 1587 4592 rel
1600 4540 1694 4605 private
1706 4540 1787 4605 ipsius

1002 4654 1079 4703 vitam
1094 4669 1137 4718 pro
1153 4655 1315 4718 presentibus
1330 4655 1399 4706 bonis
1410 4655 1552 4717 invaderet,
1563 4656 1590 4706 ul
1603 4666 1632 4705 οα
1645 4653 1786 4705 minimest

1001 4763 1126 4816 levissima
1140 4767 1206 4816 esset
1219 4766 1327 4829 rogabat.

1032 4957 1141 5015 >KV-(2¹)
1163 4959 1222 5008 litat
1240 4957 1321 5005 autem
1336 4955 1474 5018 Veientium
1490 4954 1551 5004 urbs
1569 4958 1654 5005 llomm
1676 4956 1720 5019 ipsi
1737 4970 1785 5005 non

998 5041 1100 5092 interior
1115 5043 1146 5091 ad
1165 5041 1343 5098 habitandum.
1361 5057 1437 5106 quum
1450 5043 1513 5092 latos
1526 5043 1697 5105 secundosque
1712 5057 1784 5105 agros

998 5131 1144 5193 possideret,
1158 5130 1250 5195 partlm
1262 5135 1390 5181 moritanos
1408 5131 1497 5194 partim
1511 5129 1537 5180 in
1557 5130 1660 5194 planitie
1675 5131 1749 5192 silos,
1759 5135 1784 5182 el
