3772 5828
185 309 247 368 tto

189 467 201 491 ιι
218 437 338 518 πράξεις,
353 439 429 510 ἡμῶν
439 440 491 496 τῶν
503 436 759 515 καταγεγηρακότων
773 439 799 495 ἐν
814 439 905 503 αιίταῖς
920 438 967 495 καί

190 557 202 581 ιι
221 530 341 608 μεγάλην
354 530 383 586 ἐκ
395 534 491 605 μικρᾶς
501 526 683 597 πεποιηκότων
694 526 743 596 τὴν
756 525 842 584 πόλιν.
852 521 968 586 Ἔπειτα

191 646 204 669 ιι
221 620 244 676 εί
258 617 357 676 πείσειν
374 613 503 674 θπελαόεν
519 617 599 689 ὑμᾶς,
613 618 648 680 ὡς
663 614 715 694 χρὴ
732 611 896 695 παραδοῦναί
910 636 968 671 τινα

191 734 204 760 ιι
222 706 328 765 ἔκδοτον
344 703 387 761 ἐπὶ
402 702 518 783 τιμωρία
537 704 589 769 τοῖς
611 704 728 783 ἐχθροῖς,
751 703 797 761 καὶ
818 706 902 760 ταῦτα
921 725 969 761 πο·

147 808 158 846 a
190 820 203 846 ιι
220 793 295 865 λίιην
322 791 468 869 ὑμέτερον,
489 790 535 848 καί
560 790 618 868 οὐχί
640 793 692 847 τῶν
708 792 815 870 ἀφανῶν
836 813 895 849 τινα
917 813 968 849 πο·

190 906 204 933 ιι
220 880 300 939 λιτῶν
319 879 336 950 ἢ
360 879 485 958 φαύλων,
508 877 567 937 ἀλλ’
591 878 619 936 δν
636 876 711 936 αὐτοὶ
727 877 772 935 καί
793 875 825 935 τθ
851 878 968 954 πολέμια

190 994 203 1021 ιι
223 967 409 1047 λαμπρότατον
427 967 532 1046 δγεῖοθε
546 954 613 1024 εἶναι
627 964 673 1023 καί
687 966 730 1025 τὸν
748 964 803 1044 βίον
818 963 969 1045 σωφρονίσ-

190 1084 203 1111 ιι
221 1080 296 1115 τατον
320 1056 353 1112 τοί
375 1078 403 1113 τε
430 1052 555 1115 πολιτικδι
577 1053 705 1133 πράττειν
729 1052 830 1119 οὐδενὸς
847 1053 966 1133 χείρονα.

189 1171 203 1200 ιι
222 1147 276 1206 itai
298 1151 382 1204 ταῦτα
402 1145 547 1222 ἐτολμησεν
560 1145 652 1214 εἰπεῖν,
670 1141 744 1209 εἰδώς
754 1145 824 1218 ὑμᾶς
838 1141 966 1216 πλείστην

135 1256 159 1295 ιο
189 1262 201 1287 ιι
221 1235 286 1293 αἰδῶ
297 1233 466 1309 ποιουμένους
486 1232 591 1302 ἱκετῶν,
605 1228 651 1288 καί
669 1228 737 1306 μηδὲ
757 1225 892 1305 πολεμίων
909 1229 968 1299 τοθς

189 1352 202 1376 ιι
219 1323 432 1402 καταφεύγοντας
464 1320 554 1378 ἐνθάδε
580 1317 677 1389 ταύτης
705 1318 892 1385 ἀποκλείοντας
920 1324 968 1391 τῆς

189 1438 201 1463 ιι
220 1409 429 1490 φιλανθρωπίας.
472 1409 506 1466 Ei
523 1404 550 1464 di
575 1404 702 1465 τάναντία
723 1409 794 1483 ἡμᾶς
812 1404 967 1485 ἐγίγνωσκες

189 1498 439 1572 «ἐπιτηδεύοντας,
464 1486 486 1554 ‹T›
509 1493 603 1567 Δέκιε,
623 1493 715 1552 ἀνόσια
739 1494 787 1572 μίν
807 1500 966 1575 φρονοῦντας

189 1612 202 1638 ιι
219 1586 280 1665 περὶ
294 1588 383 1658 θεοθς,
400 1583 477 1642 ἀδικα
492 1581 518 1641 δέ
540 1582 703 1662 πράττοντας
717 1585 782 1660 πρὸς
801 1582 962 1662 ἀνθρώπως,

135 1695 160 1733 ιε
190 1701 202 1727 ιι
220 1674 246 1733 τί
268 1674 300 1732 ἀν
314 1679 378 1751 ἡμῖν
407 1670 499 1731 τούτου
530 1670 714 1738 συνεόούλευες
736 1670 812 1751 ἔργον
827 1675 965 1749 ὑπομεῖναι

189 1789 202 1816 ιι
220 1762 379 1842 δεινότερον,
396 1760 441 1841 ἀφ’
460 1751 489 1819 σθ
515 1759 653 1840 πρόρριζοι
668 1760 714 1818 καί
737 1760 868 1827 πανώλεις
885 1784 965 1836 μιση·

189 1877 202 1903 ιι
221 1850 305 1916 θίντες
317 1856 383 1916 θεοῖς
396 1871 426 1907 τε
440 1848 485 1906 καί
501 1848 648 1928 ἀνθρώποις
668 1848 965 1927 διαφθαρησόμεθαςοῦ

189 1964 201 1991 ι
218 1937 330 2014 δεόμεθιί
343 1959 389 1996 σου
404 1935 571 2012 συμθούλου,
586 1935 681 2007 Δίκιε,
694 1933 752 1994 οὔτε
766 1935 826 2013 περί
851 1937 964 1995 πολιτῶν

188 2052 201 2079 ιι
217 2027 340 2091 ἐνδόσεως
350 2024 409 2083 οὔτε
426 2025 487 2102 περὶ
502 2024 583 2082 ἄλλου
597 2022 734 2103 χρήματος
752 2014 788 2081 ὧν
798 2027 863 2098 ἡμῖν
879 2048 964 2104 πρακ-

132 2132 159 2172 w
188 2142 201 2166 ιι
218 2113 276 2173 τέον
290 2114 401 2180 οὐδενός·
415 2113 474 2172 οὐδὲ
487 2111 573 2193 όθνείφ
591 2111 714 2193 φρονήσει
734 2111 798 2170 νέων
811 2112 912 2191 ἀνδρῶν
929 2112 963 2174 τδι

188 2228 200 2253 ιι
217 2203 301 2259 οίκεῐα
324 2200 490 2279 συμφέροντα
514 2200 611 2280 κρίνειν
632 2198 739 2277 οἰόμεθα
760 2199 814 2257 δεῖν
838 2202 862 2259 οἱ
880 2201 962 2283 μέχρι

188 2315 200 2341 ιι
218 2290 292 2359 εῆςδε
311 2292 359 2359 τῆς
369 2287 474 2359 ἡλικίας
488 2289 531 2348 toi
543 2290 643 2359 πολλῆς
657 2287 749 2368 πείρας
763 2291 852 2347 κακῶν
868 2314 896 2349 τε
915 2292 961 2351 καί

187 2403 199 2429 ιι
218 2377 322 2455 ἀγαθῶν
349 2377 512 2448 ἐληλυθότες.
567 2376 691 2455 Πολέμου
715 2375 737 2435 8³
766 2377 890 2452 ἀπειλάς,
920 2371 961 2449 αἶς

185 2490 199 2516 ιι
215 2464 349 2547 χρώμενοι
371 2464 475 2547 φοόεῖτε
489 2470 576 2541 ἡμᾶς,
604 2466 634 2524 οὐ
659 2471 704 2525 νῦν
726 2467 831 2547 πρῶτον
858 2469 958 2546 ἐπαγο-

51 2546 55 2553 ’
131 2570 156 2610 ts
185 2578 197 2605 ιι
216 2552 297 2630 μένας
320 2554 364 2633 ὑφ’
389 2557 479 2629 ὑμῶν,
505 2552 575 2613 ἀλλά
601 2554 727 2621 πολλάκις
752 2552 804 2628 ἤδη
832 2555 878 2614 καί
909 2557 960 2618 ὑπὸ

185 2643 319 2701 «πολλῶν
354 2640 602 2716 ἐπανασεισθείσας,
637 2646 671 2723 τῇ
697 2642 801 2716 συνήθει
828 2652 959 2721 πραότητι

185 2756 197 2781 ιι
215 2729 375 2809 παραδόντες
393 2731 603 2805 ἀκαταπλήκτως
624 2729 746 2807 οἴσομεν,
771 2729 814 2789 καί
837 2730 911 2812 εἴπερ
925 2732 958 2806 δὴ

185 2845 197 2871 ιι
219 2817 328 2896 δράσετε
339 2817 373 2878 τίι
392 2819 470 2896 ὅμοια
484 2811 522 2887 οἷς
536 2822 625 2898 λέγετε
640 2819 819 2897 ἀμυνώμεθα,
835 2822 907 2889 θεούς
929 2845 957 2882 τε

185 2933 197 2960 ιι
215 2909 408 2985 συναγωνιστὰς
428 2908 546 2989 ἔχοντες,
561 2907 597 2997 ,οἳ
618 2912 749 2985 νεμεσῶσι
771 2910 824 2976 τοῖς
846 2910 958 2990 ἄρχουσι

186 3022 198 3049 ιι
216 2995 332 3073 πολέμου
349 2998 454 3070 ἀδίκου,
474 2997 519 3056 καί
541 2995 683 3077 ἀνθρώπων
701 2996 799 3064 ἕξοντες
821 2998 898 3076 χεῖρα
910 3003 957 3059 οθκ

185 3113 197 3138 ιι
218 3085 308 3164 όλίγην
331 3086 485 3164 σύμμαχον.
528 3085 638 3144 Λατῖνοί
658 3108 685 3143 τε
709 3084 760 3163 γάρ
776 3085 907 3163 ἅπαντες,
920 3078 958 3154 οἷς

184 3199 197 3227 ιι
214 3176 307 3233 νεωστί
343 3175 391 3245 τὴν
420 3174 595 3231 ἰσοπολιτείαν
619 3170 789 3249 δεδώκαμεν,
817 3172 864 3230 σὺν
892 3178 956 3251 ἡμῖν

183 3290 196 3317 ιι
213 3263 365 3335 στήσονται,
381 3267 416 3328 ώς
429 3262 489 3343 περὶ
504 3262 628 3341 πατρίδος
640 3261 691 3336 ἤδη
706 3266 752 3333 τῆς
763 3263 863 3329 πόλεως
875 3265 955 3335 τῆσδε

183 3377 196 3405 ιι
215 3352 417 3431 ἀγωνιζόμενοι,
443 3350 472 3410 αἵ
500 3376 529 3410 τε
557 3350 656 3411 ἐνθένθε
685 3351 876 3410 ἀποικισθεῖσαι
906 3352 956 3411 πό·

127 3446 154 3487 ³⁶
183 3466 196 3493 ιι
213 3445 265 3509 λεις
275 3441 371 3499 πολλαί
386 3441 430 3500 καὶ
441 3443 539 3519 ἀγαθαί
553 3440 612 3521 περί
627 3442 723 3508 παντὸς
735 3440 889 3514 ποιούμεναι
903 3441 954 3499 σόν·

183 3554 196 3583 ιι
215 3533 302 3600 ζεσθαι
313 3530 360 3603 τὴν
376 3531 537 3611 μητρόπολιν
556 3533 699 3608 ἀμυνοῦσιν
710 3533 789 3602 αὐτῇ.
833 3532 866 3590 Εἰ
883 3529 905 3589 δ’
922 3532 958 3597 είς

183 3644 195 3672 ιι
215 3622 331 3697 ἀνοίγκην
345 3626 416 3697 ἡμᾶς
430 3619 617 3681 κατακλείσετε
640 3624 686 3693 τῆς
708 3620 873 3699 πανταχόθεν
897 3621 958 3678 ἐπι-

182 3733 195 3761 ιι
212 3713 317 3788 κουρίας
339 3709 525 3789 περιέχεσθαι,
546 3698 781 3785 θπομενοῦμεν,ώ
802 3708 894 3780 Δέκιε,
911 3709 957 3766 καί

183 3822 195 3849 ιι
213 3798 375 3877 θεράποντας
389 3801 425 3865 εἷς
439 3796 585 3873 ἐλευθερίαν
608 3797 816 3876 προκαλούμενοι
835 3797 879 3854 καί
902 3818 958 3853 πο-

184 3910 196 3936 ιι
212 3887 318 3960 λεμίους
341 3893 379 3954 εἰς
398 3885 485 3965 φιλίαν
507 3884 551 3943 καί
566 3884 667 3948 πάντας
683 3882 833 3962 ἀνθρώπους
851 3887 886 3951 είς
902 3908 957 3943 κοι-

183 3995 196 4022 ιι
214 3972 307 4028 νωνίαν
328 3977 380 4031 τῶν
406 3974 436 4030 ἐκ
459 3975 505 4041 τῆς
524 3968 597 4042 νίκης
619 3968 730 4027 ἐλπίδων
754 3967 836 4044 δμόσε
860 3970 956 4048 χωρεῖν

183 4084 196 4110 ιι
214 4060 287 4129 ὑμῖν.
333 4059 452 4130 Μηθενδς
476 4057 503 4115 δέ
526 4057 624 4115 τούτων
640 4055 771 4132 δεήσειεν,
788 4045 810 4114 ὦ
828 4059 880 4116 Ζεῦ
911 4058 956 4116 καί

183 4174 196 4199 ιι
213 4146 265 4204 θεοί
288 4147 384 4212 πάντες
402 4148 425 4202 oi
444 4146 519 4202 πόλιν
542 4148 593 4202 τῶν
619 4143 761 4220 Ῥωμαίων
788 4146 955 4224 κατέχοντες,

183 4261 195 4288 ιι
213 4235 271 4293 ἀλλ’
289 4233 327 4306 εἴη
354 4233 431 4310 μέχρι
452 4231 536 4310 λόγων
563 4231 597 4291 nd
626 4232 724 4314 φοόερά
750 4239 833 4293 ταῦτα
858 4235 955 4309 ἐλθεῖν,

126 4343 152 4382 ts
183 4350 195 4375 ιι
213 4323 286 4402 ἔργον
303 4323 330 4380 δέ
348 4320 429 4397 μηθέν
441 4320 467 4388 ἐξ
490 4323 574 4379 αὐτῶν
590 4321 689 4400 γίνοιτο
705 4322 795 4403 ἀχαρι.
813 4350 825 4375 ιι

219 4413 290 4472 LIV.
313 4415 406 4471 Ταῦτα
424 4410 472 4487 μὲν
487 4405 599 4479 Ἄππιος
619 4401 684 4470 είπε·
696 4415 795 4481 Μαίνιος
812 4415 839 4472 δὲ
852 4414 955 4475 Οὗαλέ·

181 4521 233 4577 ριος
254 4505 268 4557 δ
285 4498 496 4576 δημοτικώτατος
513 4504 565 4558 τῶν
580 4505 609 4560 ἐκ
626 4505 673 4559 τοῦ
689 4502 821 4583 συνεδρίου
835 4504 879 4563 καί
897 4503 956 4583 περί

179 4586 225 4654 τίς
245 4586 387 4666 διαλλαγὰς
411 4587 537 4659 πλείστην
567 4588 767 4667 ἀποδειξόμενος
792 4593 954 4671 προθυμίαν,

179 4680 296 4756 φανερῶς
319 4677 364 4733 καί
379 4677 437 4736 τότε
462 4680 500 4757 τῷ
522 4675 599 4758 δήμῳ
616 4678 796 4756 συνελοίμόανε
821 4679 866 4739 καί
881 4679 956 4758 λόγον

125 4781 151 4823 tu
180 4764 294 4835 διεξῆλθε
311 4765 379 4842 μετὰ
395 4768 493 4837 πολλῆς
515 4766 683 4844 συγκείμενον
699 4770 848 4851 φροντίδος,
869 4769 953 4825 ἐπιτι-

180 4858 236 4921 μῶν
257 4852 303 4930 μέν
318 4859 370 4922 τοῖς
384 4856 431 4913 ούκ
447 4859 508 4915 ἐῶσι
530 4854 593 4931 μίαν
617 4848 749 4928 εἶναιτὴν
773 4861 865 4929 πόλιν,
889 4854 957 4914 ἀλλά

178 4941 305 5020 διαιροῦσι
326 4946 356 5003 τὸ
382 4944 521 5021 δημοτικόν
547 4946 599 5004 ἀπὸ
621 4950 671 5004 τῶν
687 4945 832 5022 πατρικίων
853 4943 898 5001 καί
913 4941 956 5000 διὰ

179 5031 423 5111 μικρδιςπροφαίσεις
440 5033 569 5108 πολέμους
582 5035 796 5109 ἀναζωπυροῦσιν
807 5027 954 5107 ἐμφυλίους·

178 5120 290 5179 ἐπαινῶν
314 5120 341 5177 δέ
356 5119 415 5184 τοὺς
436 5120 463 5177 ἓν
477 5120 506 5179 τὸ
521 5120 654 5200 συμφέρον
675 5120 721 5178 καί
741 5115 825 5176 κοινὸν
841 5116 954 5194 ἡγουμί·

705 302 879 365 btoutsu
902 304 1286 372 HALICARNASSENSIS

1024 469 1037 493 ιι
1051 448 1104 511 bis,
1121 449 1163 514 qui
1174 449 1199 501 in
1213 450 1265 501 aius
1282 450 1490 505 administratione
1503 457 1689 518 musenutmus,
1709 461 1736 511 et
1754 460 1802 524 qni

1024 558 1037 583 ιι
1053 539 1176 591 ciuitatem
1191 552 1222 591 ex
1240 553 1317 604 pam
1331 555 1442 607 magnam
1463 544 1573 596 fecimus.
1607 548 1700 598 Deinde
1719 551 1802 601 miror

1025 652 1039 678 ι
1055 633 1076 684 si
1094 633 1260 696 existimavit,
1285 648 1313 687 se
1336 635 1408 687 vobis
1425 650 1613 702 persuasurum,
1638 642 1667 691 ut
1687 641 1800 704 aliquem

1024 746 1037 772 ι
1050 724 1082 777 ad
1093 726 1238 791 mppiicium
1246 727 1348 779 inimicis
1359 729 1463 791 dedatis,
1475 734 1614 796 pracerum
1633 746 1691 784 vero
1714 735 1797 784 civem

1024 835 1038 861 ιι
1049 820 1175 880 rastrum,
1194 831 1240 869 nec
1251 818 1406 871 obscuroaut
1427 822 1469 873 vili
1480 827 1566 876 natum
1578 824 1648 888 looo,
1661 826 1703 877 sed
1720 840 1796 889 quem

1024 923 1037 948 ιι
1052 918 1097 957 ros
1118 906 1164 972 ipsi
1182 912 1209 959 et
1230 909 1314 961 bodico
1332 909 1424 963 virtute
1446 914 1609 967 clarissimum
1629 919 1653 968 et
1672 916 1798 967 homiuem

1024 1017 1037 1042 ιι
1050 998 1155 1051 manime
1168 1001 1231 1068 uugi
1251 1004 1278 1055 et
1300 1004 1326 1055 in
1342 1005 1481 1070 reipublicae
1506 1009 1716 1062 administratione
1736 1010 1798 1060 nulii

1023 1109 1037 1135 ιι
1053 1089 1190 1142 amandum
1203 1092 1301 1146 ducitis.
1333 1098 1414 1161 atque
1432 1099 1486 1151 istoc
1498 1113 1573 1153 ausus
1584 1106 1624 1152 ast
1635 1102 1730 1163 dicere,
1739 1115 1798 1151 cum

1024 1202 1037 1227 ιι
1055 1188 1138 1236 umen
1152 1185 1223 1249 sciat,
1238 1201 1283 1238 roa
1301 1190 1408 1242 maxime
1430 1197 1534 1246 maerori
1552 1197 1691 1261 supplices,
1714 1200 1739 1247 et
1766 1209 1797 1246 ne

1024 1296 1037 1322 ιι
1051 1278 1162 1329 moutam
1174 1278 1274 1343 mutam
1295 1282 1344 1334 huc
1360 1286 1554 1352 confugientibus
1578 1290 1643 1340 banc
1658 1290 1797 1340 humanita-

1023 1390 1036 1415 ιι
1051 1375 1101 1423 tem
1118 1371 1290 1427 intercludere.
1323 1379 1396 1437 Quod
1416 1382 1540 1444 si,1ieci,
1564 1383 1691 1434 contrariis
1708 1383 1797 1434 studiis

1023 1485 1036 1510 ιι
1050 1478 1096 1515 nos
1117 1478 1217 1531 operam
1241 1469 1302 1520 dare
1324 1475 1492 1537 cognovisses,
1515 1479 1542 1527 et
1562 1491 1606 1528 uos
1633 1490 1686 1528 essa
1709 1477 1795 1541 impios

1022 1577 1036 1604 ι
1049 1560 1074 1608 in
1093 1557 1166 1623 deos,
1193 1565 1217 1611 et
1248 1561 1351 1615 iniustos
1374 1580 1399 1616 ιιι
1427 1569 1555 1633 homines,
1586 1569 1699 1634 quidnam
1726 1570 1793 1619 atiud

1023 1672 1036 1698 ι
1053 1652 1161 1703 amacius
1175 1653 1268 1708 iactum
1290 1658 1359 1709 nobis
1385 1660 1557 1725 perierandum
1578 1663 1727 1726 οεσειιίεεοι,
1742 1676 1792 1726 quo

1022 1766 1036 1792 ιι
1050 1745 1162 1798 funditus
1172 1760 1257 1799 omnes
1272 1754 1371 1804 omuino
1384 1759 1411 1806 et
1419 1756 1467 1808 diis
1480 1760 1506 1809 et
1517 1758 1659 1810 bominibus
1670 1757 1740 1808 innisi
1749 1770 1791 1823 pa·

978 1860 984 1869 ·
1022 1860 1036 1886 ι
1053 1840 1174 1892 dromus?
1189 1844 1243 1893 uon
1258 1858 1321 1910 opus
1334 1850 1372 1898 est
1382 1848 1453 1900 nobis
1466 1853 1492 1902 ta
1504 1855 1654 1916 consultore,
1669 1853 1736 1917 Deci,
1750 1866 1794 1904 na·

1023 1957 1037 1981 ιι
1048 1948 1097 1999 quo
1108 1934 1134 1985 in
1144 1934 1235 1987 cirrum
1246 1937 1384 2006 delitione,
1405 1956 1485 2008 noque
1499 1945 1526 1995 in
1550 1946 1601 1998 utta
1624 1949 1671 2000 atta
1690 1962 1731 2012 ra,
1741 1962 1797 2012 qua

1022 2047 1036 2072 ιι
1048 2026 1119 2077 nobis
1132 2024 1242 2079 iacienda
1253 2030 1302 2093 sit3
1321 2044 1368 2083 nec
1380 2038 1497 2099 putamm
1511 2039 1583 2089 antea
1597 2038 1798 2091 adolescentulo·

1022 2156 1036 2183 ι
1049 2150 1104 2188 rom
1118 2131 1247 2201 pmdeutia
1269 2129 1339 2180 nobis
1354 2129 1386 2181 do
1410 2132 1500 2183 nostris
1517 2132 1666 2183 utilitatibus
1688 2134 1799 2185 iudican-

1021 2253 1034 2278 ιι
1048 2232 1125 2293 dnm,
1141 2230 1182 2297 qui
1194 2227 1225 2280 ad
1235 2228 1299 2278 banc
1310 2229 1411 2278 etatem
1420 2226 1491 2292 ionga
1500 2227 1661 2279 εοιεεεοιυιιι
1671 2231 1697 2277 et
1707 2240 1797 2278 secuu-

1022 2330 1138 2381 ..dorum
1162 2325 1281 2378 beliorum
1306 2324 1456 2389 experientia
1479 2323 1545 2377 cocu
1571 2323 1745 2389 pervenimua3
1771 2330 1797 2380 et

1020 2445 1035 2474 ιι
1049 2425 1106 2477 betti
1120 2424 1215 2488 minas,
1234 2422 1326 2488 quibus
1348 2436 1393 2474 uos
1417 2422 1515 2475 terratis
1557 2425 1644 2488 utpote
1661 2436 1711 2474 non
1728 2437 1797 2475 nnnc

1020 2540 1033 2564 ιι
1046 2519 1182 2586 primumn
1198 2517 1278 2581 robis,
1293 2516 1337 2570 sed
1351 2518 1441 2584 sapius
1456 2518 1505 2570 iam
1519 2520 1547 2571 et
1560 2518 1672 2571 amultis
1686 2519 1741 2570 attis
1762 2520 1799 2570 in·

1020 2632 1033 2657 ι
1048 2616 1170 2673 tentatas,
1188 2614 1305 2663 commu
1326 2612 1426 2664 ienitate
1444 2611 1567 2679 Intrepide
1584 2612 1699 2664 tenemus.
1734 2614 1799 2663 Etsi

1022 2726 1033 2747 ι
1048 2706 1121 2757 dictis
1135 2704 1200 2755 tacta
1211 2704 1299 2756 similia
1315 2704 1467 2769 addideritis,
1480 2705 1530 2757 dtis
1544 2706 1734 2768 adiuvantibus,
1755 2707 1797 2769 qui

1020 2816 1034 2844 ι
1050 2796 1107 2848 balli
1126 2796 1210 2847 iniusti
1235 2797 1375 2848 auctoribus
1396 2797 1484 2849 intonsi
1497 2803 1557 2850 sunt
1568 2803 1593 2850 et
1612 2797 1795 2849 abdominibus

1020 2915 1033 2939 ι
1046 2904 1146 2958 quoque
1165 2904 1215 2943 aon
1226 2904 1328 2957 μεειειιι
1341 2891 1489 2943 auxiliorum
1503 2905 1605 2943 manum
1623 2891 1728 2942 habituri
1746 2902 1792 2939 nos

1021 3008 1033 3027 ιι
1048 2985 1217 3037 defendemus.
1240 2986 1303 3035 Nam
1313 2988 1338 3036 et
1351 2997 1436 3037 omues
1452 2985 1541 3045 Latini,
1557 2998 1620 3049 qnos
1642 2995 1719 3047 nuper
1730 2982 1791 3031 civi·

1019 3099 1032 3124 ιι
1048 3079 1107 3130 tatis
1118 3078 1170 3127 iura
1185 3074 1340 3139 donavimus,
1356 3077 1452 3128 anobis
1470 3077 1580 3138 stabunt,
1593 3080 1619 3128 ot
1634 3090 1678 3140 pro
1694 3076 1740 3124 bac
1752 3074 1792 3125 ci·

1019 3193 1031 3216 ιι
1046 3174 1121 3224 vitate
1136 3170 1187 3220 iam
1208 3171 1238 3220 us
1262 3183 1308 3234 pre
1331 3172 1411 3234 patria
1432 3171 1592 3236 pugnabunt3
1613 3175 1639 3221 et
1658 3172 1743 3220 muita
1763 3184 1792 3219 ac

1019 3288 1031 3311 ιι
1048 3268 1117 3318 boun
1127 3262 1229 3315 οοίοιιία
1248 3263 1307 3315 binc
1320 3263 1432 3317 deducta
1454 3266 1559 3318 salutem
1575 3268 1684 3328 antiquas
1705 3265 1793 3329 patriae

1018 3359 1103 3408 «totis
1123 3356 1216 3408 viritas
1245 3357 1309 3408 tueri
1327 3335 1498 3420 conabamur,
1524 3361 1595 3423 eique
1613 3372 1685 3423 opem
1704 3359 1791 3408 ierant.

1017 3456 1116 3514 «Quod
1141 3457 1220 3509 sinos
1240 3458 1382 3524 rodegarius
1403 3459 1434 3509 ad
1456 3460 1626 3509 necessitatem
1643 3454 1726 3505 auxilii
1745 3467 1792 3503 un-

1016 3567 1028 3591 «
1043 3547 1119 3611 dique
1139 3549 1317 3617 contrahendi,
1332 3552 1516 3612 sustinebimus,
1538 3551 1613 3613 Deci,
1627 3551 1653 3600 et
1667 3548 1745 3599 serris
1763 3547 1796 3597 ad

1016 3659 1028 3682 ι
1043 3641 1180 3692 libertatem
1189 3646 1216 3694 et
1231 3645 1344 3699 trostibus
1352 3647 1385 3697 ad
1396 3645 1531 3698 amicitiam
1544 3645 1641 3695 vocatis
1651 3640 1796 3694 etomnibus

1016 3753 1028 3776 ι
1045 3733 1186 3786 nominibus
1205 3751 1249 3804 spe
1266 3743 1425 3806 premiorum
1444 3755 1476 3793 ax
1487 3740 1590 3791 uictoria
1604 3736 1729 3790 communi
1750 3746 1793 3784 oa·

1016 3844 1028 3868 ι
1045 3826 1191 3889 utendorum
1224 3831 1335 3887 inuitatis
1380 3835 1506 3887 vobiscum
1532 3831 1656 3897 congredi.
1700 3825 1792 3886 Quibiss

1014 3941 1159 4007 «praesidiis
1176 3952 1208 3991 ue
1226 3950 1289 4003 opus
1307 3936 1354 3996 sit,
1381 3933 1459 3997 taxis,
1484 3931 1577 3997 iupiter
1600 3934 1626 3981 et
1652 3923 1724 3977 oeten
1743 3921 1789 3983 dii,

1014 4060 1026 4083 ιι
1042 4040 1085 4101 qui
1103 4039 1176 4089 huius
1187 4035 1255 4087 urbis
1269 4037 1329 4086 estis
1341 4031 1478 4084 custodes:
1501 4029 1545 4081 aed
1562 4028 1618 4088 tiat,
1634 4027 1663 4076 ut
1681 4023 1720 4073 ha
1744 4020 1792 4070 tor·

1012 4157 1025 4182 ιι
1040 4136 1145 4187 midines
1163 4134 1195 4184 ad
1208 4133 1285 4184 verba
1296 4144 1375 4195 usque
1388 4127 1568 4194 processerint,
1582 4138 1646 4176 nere
1658 4124 1794 4189 quidquam

1013 4249 1026 4273 ιι
1041 4228 1136 4279 facinus
1155 4224 1286 4275 molestum
1305 4223 1436 4285 sequatur.
1455 4240 1468 4264 ιι

1043 4427 1105 4475 dlv.
1125 4426 1205 4486 utque
1216 4420 1270 4471 baec
1287 4416 1379 4482 Appius
1392 4409 1463 4463 dixit.
1500 4411 1531 4459 at
1548 4405 1645 4458 Manius
1665 4404 1705 4454 iiie
1718 4401 1790 4452 Vale·

1014 4513 1081 4576 rius,
1094 4513 1136 4576 qui
1148 4511 1257 4562 omnium
1266 4509 1406 4558 senatorum
1424 4497 1531 4550 ιιιειιίιιιο
1542 4495 1633 4562 popuio
1646 4491 1753 4554 favebat,
1766 4493 1794 4542 et

1012 4601 1037 4654 in
1048 4601 1224 4665 compositione
1237 4593 1348 4648 iacienda
1365 4589 1499 4641 marimum
1513 4585 1624 4636 studium
1640 4583 1795 4633 demonstra·

1012 4695 1065 4750 rat,
1081 4692 1142 4739 tnnc
1153 4699 1252 4750 quoque
1266 4686 1350 4748 aperte
1365 4678 1429 4744 plebi
1447 4673 1657 4741 pauooinauatur,
1670 4668 1796 4721 eiuratio

1011 4788 1066 4824 nom
1083 4785 1171 4835 magna
1192 4784 1252 4820 cura
1271 4767 1433 4831 compositam
1456 4761 1561 4812 habuit:
1586 4759 1721 4821 obiurgans
1737 4770 1792 4813 eos,

1011 4863 1053 4926 qui
1068 4874 1143 4910 unam
1157 4871 1210 4909 osse
1230 4857 1355 4908 civitatem
1373 4868 1422 4906 non
1441 4852 1566 4909 sinerent,
1589 4849 1633 4899 sod
1655 4845 1793 4912 plebeiosa

1010 4948 1119 5014 patriciis
1138 4945 1290 5005 dividerent,
1303 4947 1330 4996 et
1348 4943 1445 4995 teribus
1465 4940 1497 4990 de
1517 4939 1613 4990 neumis
1636 4937 1700 4989 belia
1711 4931 1793 4984 civilia

1010 5049 1097 5087 rursus
1107 5031 1281 5090 accenderent,
1295 5029 1448 5092 laudansque
1457 5041 1499 5078 cos
1510 5064 1517 5086 ,
1527 5026 1573 5090 qui
1588 5038 1666 5076 unum
1678 5021 1792 5083 idemque

1010 5121 1126 5174 omnibus
1138 5116 1268 5170 convenire
1291 5119 1419 5180 putarant,
1434 5118 1460 5165 ot
1472 5112 1631 5165 concordiam
1647 5109 1722 5162 rebus
1735 5121 1792 5159 om·
