3772 5828
182 321 221 381 48
702 314 869 374 ulolllsll
895 314 1269 376 HALICARNASSENSiS

181 442 324 503 Μεσεντίου
340 441 402 507 παῖς
420 445 523 506 Λαῦσος
537 439 640 515 ὄνομα,
662 437 763 504 οὐδενὸς
781 437 951 516 προϊδομένου

179 531 228 600 τήν
241 530 348 611 ἔφοδον,
362 530 478 607 αἱροῦσιν
490 529 604 593 εὐπετῶς
617 526 648 583 τὸ
662 526 801 604 ὀχύρωμα.
828 525 873 585 Ἐν
889 515 911 606 ᾧ
925 526 952 583 δέ

180 616 210 676 τδ
219 616 315 696 χωρίον
326 619 395 675 τοῦθ’
408 614 545 688 ἡλίσκετο,
557 618 610 694 φῶς
616 614 639 670 τ’
650 613 756 691 ἀκαιρον
769 616 878 690 δρῶντες
890 616 914 671 οἱ
928 615 954 671 ίν

180 715 234 772 τοῖς
244 703 342 770 πεδίοις
357 703 620 785 ίστρατοπεδευκότες
634 702 679 761 καὶ
695 699 759 779 βοήν
773 704 824 759 τῶν
838 702 955 758 ἀπολλυ·

138 808 153 844 θ
183 793 268 870 μένων
292 792 442 862 ἀκούοντες,
461 789 566 869 ἔφευγον
590 789 740 854 ἐκλιπόντες
759 788 818 854 τοίις
837 787 954 856 πεδινοὺς

180 881 273 946 τόπους
289 881 330 938 ἰπὶ
344 876 377 936 τίι
392 878 452 957 δρη.
496 875 543 936 Ἐν
557 874 585 933 δέ
595 875 680 954 τούτῳ
693 873 778 944 πολλή
793 874 894 951 ίγένετο
905 897 953 932 τα·

95 998 98 1009 ·
183 969 252 1047 ραχή
268 965 313 1026 καί
328 963 450 1041 θόρυόος,
468 954 502 1020 οἷ’
518 965 544 1020 ἐν
561 964 634 1020 νυκτὶ
650 960 802 1035 κινουμένης
818 971 953 1038 στρατιᾶς,

182 1059 217 1122 ὡς
232 1054 323 1113 αὐτίκα
335 1052 443 1129 [μάλα]
456 1055 508 1108 τῶν
519 1050 650 1125 πολεμίων
662 1052 749 1129 σφίσιν
761 1049 953 1125 ἐπιθησομένων

183 1147 212 1202 οὗ
227 1141 273 1200 σὺν
286 1142 377 1218 κόσμῳ
391 1141 449 1198 οὐδὲ
462 1139 532 1197 κατδι
545 1138 608 1209 τέλη
625 1139 728 1196 έλῶσιν.
770 1139 807 1198 Οἱ
821 1138 849 1194 δὲ
837 1143 953 1197 Λατῖ-

130 1242 155 1280 ¹⁰
182 1254 237 1304 νοι,
261 1228 401 1299 έπειδήτό
420 1250 448 1284 τε
464 1228 584 1305 φρούριον
604 1225 630 1292 ἐξ
650 1225 743 1304 ἐφόδου
763 1225 954 1304 κατειλήφεσαν

184 1318 229 1377 καί
242 1341 272 1376 το
260 1317 353 1374 ’ἀλλο
374 1314 516 1392 στράτευμ’
547 1312 644 1416 ἔμαθον
666 1311 873 1391 τεταραγμένον,
889 1312 951 1370 ἕπε’·

182 1406 261 1463 κειντ’
278 1408 364 1469 αὐτοῖς
379 1401 520 1467 κτείνοντες
535 1424 580 1460 και
570 1399 740 1468 διώκοντες.
783 1404 844 1460 Ἰῶν
868 1399 891 1458 δ’
904 1401 955 1479 οὐχ

183 1493 254 1558 ὅπως
277 1515 315 1557 τις
338 1490 403 1568 πρὸς
425 1491 545 1560 ἀλκὴντ
529 1491 646 1567 τραπέσθ
649 1513 676 1545 αι
697 1487 879 1568 ἐπεχείρησεν,
895 1489 954 1545 ἀλλ’

183 1581 241 1639 οὐδὲ
256 1585 347 1655 μαθεῖν
363 1580 390 1636 ἓν
403 1569 473 1645 al<
455 1601 522 1649 ησαν
537 1581 650 1642 κακοῖς
637 1577 764 1648 ηδύντιτο·
776 1580 825 1647 υπο
812 1575 865 1634 δέ
879 1575 956 1653 θορύ-

133 1688 157 1725 rs
184 1667 232 1726 6ου
255 1667 300 1724 καί
315 1667 465 1744 ἀμηχανίας
486 1668 509 1724 οἱ
529 1663 576 1741 μὲν
593 1665 661 1721 κατά
680 1666 804 1742 κρημνῶν
820 1663 956 1743 φερόμενοι

185 1753 372 1835 διεφθείροντο,
393 1757 417 1811 el
432 1753 454 1810 δ’
471 1755 507 1820 είς
522 1753 621 1821 ἐξόδους
636 1753 682 1811 οὐκ
697 1751 807 1830 ἐχούσας
821 1749 956 1830 φάραγγας

185 1845 358 1920 ἐμπίπτοντες
374 1842 529 1914 ἡλίσκοντο,
551 1844 575 1900 ol
598 1842 625 1900 δὲ
642 1843 761 1899 πλεῖστοι
783 1840 956 1917 ἀγνοήσαντες

186 1933 316 2002 ἀλλήλους
331 1930 380 1988 ἀνδι
396 1930 426 1989 τὸ
441 1931 532 1995 σκότος
545 1929 594 1988 ὅσα
610 1927 750 2006 πολεμίους
765 1928 896 2002 διέθεσαν,
911 1928 956 1986 καὶ

185 2027 199 2080 θ
211 2024 330 2086 πλεῖστος
345 2022 430 2077 αὐτῶν
445 2019 536 2098 φθόρος
549 2016 738 2088 ἀλληλοκτόνος
753 2017 859 2095 ίγίνετο.
900 2019 957 2076 Με-

131 2125 158 2163 ao
186 2111 282 2177 σέντιος
299 2111 326 2167 δέ
341 2108 387 2166 σὺν
402 2107 497 2184 ὀλίγοις
513 2106 589 2186 λόφον
604 2105 662 2162 τινὰ
677 2104 849 2176 καταλαόὼν,
865 2103 955 2174 ἐπειδή

185 2201 231 2255 τοῦ
247 2196 341 2260 παιδὀς
359 2194 403 2252 τὀν
419 2194 497 2272 μόρον
513 2193 639 2264 ἐπύθετο,
655 2193 701 2250 καί
715 2192 773 2259 ὅσος
788 2193 859 2270 αὐτῷ
875 2213 956 2269 στρα-

186 2284 229 2350 τὀς
246 2283 399 2360 διέφθαρτο,
412 2284 439 2340 ἐν
454 2278 502 2357 οίῳ
519 2303 547 2338 τε
562 2281 652 2360 χωρίῳ
668 2278 878 2345 κατακεκλεικὼς
892 2283 956 2337 έαυ-

186 2375 231 2431 τὀν
246 2365 294 2443 Aa,
314 2370 409 2438 παντὸς
423 2373 449 2428 έν
467 2370 557 2449 ἀπόρῳ
575 2369 713 2449 χρήματος
725 2368 826 2443 ίπεμπε
840 2367 956 2445 κήρυκας

187 2464 223 2526 εἷς
236 2459 267 2518 τὸ
283 2456 418 2519 Λαουίνιον
432 2458 492 2537 περί
503 2459 589 2538 φιλίας
601 2456 807 2532 διαλεξομένους·
821 2455 955 2514 ’Λσκανίου

132 2570 158 2608 as
187 2547 215 2607 δέ
229 2556 282 2612 τοῖς
297 2547 417 2610 Λατίνοις
430 2544 598 2621 ταμιεύεσθαι
609 2543 657 2615 τήν
671 2543 753 2623 τύχην
765 2540 956 2619 συμόουλεύον-

185 2658 244 2707 τος,
260 2636 385 2692 ἀδειαν’
364 2633 500 2711 ευρόμενος
515 2635 602 2703 ἀπηλθ
589 2637 631 2690 θεν
646 2599 806 2696 ὑπόσπονδος
820 2631 876 2706 μεθ’
892 2629 954 2699 δσης

186 2682 268 2802 εἶχέ
253 2722 399 2797 δυνάμεως,
414 2720 493 2778 καὶ’
470 2743 514 2778 τον
529 2721 581 2779 ἀπὸ
591 2722 665 2778 τοῦδε
677 2721 770 2801 χρόνον
782 2718 909 2777 ἅπαντα
896 2735 954 2774 oeu-

184 2809 368 2884 λυσάμενος
341 2832 388 2878 την
399 2806 494 2887 ἔχθραν
505 2807 569 2886 πρὸς
579 2807 703 2872 Λατίνους
715 2806 819 2885 βέύαιος
807 2795 927 2884 ’φίλος’
910 2828 954 2873 ην.

225 2899 330 2959 Lllvl.
341 2900 381 2974 'lp
384 2898 523 2974 ιακοστῷδ
525 2895 653 2974 ’ὕστερον
666 2866 719 2952 έτειΙ
731 2895 798 2970 μετὰ
813 2894 860 2965 τήν
873 2892 957 2951 κτίσιν

131 3006 231 3045 aoros
214 2985 395 3053 Λαουϊνίου,
405 2982 508 3041 πολινέ
510 2983 585 3060 τέραν
597 2982 686 3051 οἰκίζει
697 2981 800 3039 east*
777 3004 806 3039 τυ
819 2979 957 3058 γενόμενον

187 3073 279 3151 Aineia}
301 3073 427 3148 θέσφατον
451 3067 617 3134 ’Λσκάνιοςδ
643 3066 764 3127 Λίνείου·
787 3067 830 3124 καί
851 3065 957 3178 μετάγει

186 3161 245 3226 τούς
257 3183 272 3216 τ
292 3163 321 3217 ἐκ
336 3155 474 3217 Λαουϊνίου
487 3156 531 3214 καί
542 3180 593 3214 των
608 3157 694 3215 ἀλλων
704 3153 862 3226 Λατίνων,”
846 3174 914 3218 οσοις
925 3158 956 3223 As

187 3246 355 3325 βουλομένοις
365 3243 576 3320 ἄμεινονόικεῑν,
589 3245 625 3308 είς
637 3240 685 3312 τὴν
700 3243 859 3310 νεόκτιστον,
873 3240 956 3313 ὄνομα

185 3339 218 3414 τῇ
240 3336 315 3392 πόλει
334 3330 438 3407 θέμενος
458 3328 567 3390 'Altae
608 3330 731 3390 Ἔστιδ
752 3332 769 3399 A
791 3325 876 3387 ’Λλόα
896 3326 954 3384 καθ’

132 3441 159 3480 ,τε
185 3421 303 3480 Ἑλλάδα
320 3417 563 3497 γλῦισσανΛευκὴ,
585 3420 748 3497 σαφηνισμοῦ
767 3414 823 3473 δ”
808 3437 883 3474 ενεκα
905 3414 957 3472 διο·

188 3512 255 3588 ρίζετ
247 3534 321 3567 ...αι
304 3533 358 3583 παρ
392 3506 483 3586 ἑτέραν
509 3505 585 3563 πόλιν
609 3504 746 3582 ὁμώνυμον
773 3502 950 3575 ἐπικλήσει
927 3525 957 3560 το

187 3602 262 3674 οχῆμ
262 3595 518 3708 ’ἐπικατηγορούση·
534 3618 579 3653 και
569 3591 689 3652 ἔστιν
671 3615 760 3674 ωσπερ
773 3591 892 3652 σύνθετον
906 3590 957 3662 ήδη

186 3682 282 3759 τοῦνομ
283 3684 363 3750 ’EA'
349 3688 489 3796 αμφοῖν,
470 3681 554 3743 'Atta
568 3682 664 3759 λόγγα·
682 3682 790 3740 τοῦτοδ
803 3681 858 3740 εστι
867 3680 956 3749 Λευκὴ

188 3771 288 3849 μακρά.
330 3773 386 3830 Νῦν
401 3762 503 3847 μδνίουν
525 3771 622 3849 ίρημός
640 3772 724 3828 ίστιν·
740 3769 784 3828 ἐπὶ
801 3769 852 3849 γὰρ
866 3766 959 3828 ’-οστι

132 3877 160 3916 ⁴0
186 3857 243 3917 λίου
257 3859 360 3917 Τύλλου
382 3857 523 3933 Ῥωμαίων
542 3859 670 3936 βασιλέως
691 3858 837 3924 στασιάζειν
861 3855 956 3922 δόξασα

186 3947 250 4022 πρὸς
273 3947 320 4015 τήν
346 3946 466 4003 ἀποικίαν
482 3945 542 4023 περὶ
566 3950 613 4015 τῆς
630 3947 715 4024 ἀρχῆς
739 3943 904 4022 ἀνῃρέθη·
881 3966 910 4000 το
934 3946 956 4000 δ’

187 4036 214 4093 ἐν
229 4036 295 4109 αὐτῇ
311 4034 509 4107 πολιτευόμενον
524 4033 622 4101 πλῆθος
642 4036 658 4100 A
680 4033 823 4089 καθελοῦσα
839 4031 885 4099 τήν
902 4055 957 4104 μη-

186 4120 308 4198 τρόπολιν
331 4119 474 4186 ὑπεδέξατο
498 4117 603 4196 Ῥώμη.
647 4117 727 4178 ’Λλλδι
747 4123 832 4176 ταῦτα
857 4117 903 4192 μὲν
930 4118 956 4172 ἐν

186 4216 240 4274 τοῖς
256 4207 415 4281 ἱκνουμένοις
426 4208 527 4284 χρόνοις
541 4206 650 4283 ἐγένετο.
693 4205 824 4265 Ἠνίκαδ
840 4203 956 4284 ᾠκίζετο,

133 4311 159 4349 ιτ
188 4295 252 4372 πρὸς
269 4293 322 4371 ὄρει
337 4317 380 4351 και
371 4293 473 4384 λίμνη
484 4293 715 4364 κατεσκευάσθη’
692 4317 722 4352 το
737 4293 815 4369 μέσον
813 4290 956 4402 ἐπέχουσα

188 4385 300 4462 ἀμφοῖν·
315 4404 358 4438 και
371 4371 401 4450 Ae
415 4379 503 4460 ὥσπερ
517 4380 592 4458 τείχη
606 4387 652 4453 τῆς
667 4383 767 4447 πόλεως
781 4385 864 4440 ταῦτα
878 4383 956 4442 δυσοί·

186 4473 269 4528 λυιτον
283 4467 365 4539 αιἰτήν
377 4475 511 4530 ποιοῦντα.
552 4469 593 4529 Τό
606 4493 635 4527 τε
647 4469 725 4545 γὰρ
684 4491 767 4546 ρορος
782 4469 808 4525 ἐν
820 4477 872 4535 τοῖς
886 4472 955 4530 πάνυ

188 4557 281 4639 όχυρόν
303 4581 331 4615 τε
347 4563 391 4615 καί
406 4557 504 4638 ὑψηλόν
519 4561 606 4635 ἐστιν,
628 4556 645 4627 A
662 4580 689 4615 τε
703 4558 784 4632 λίμνη
799 4561 874 4636 βαθ“
851 4581 893 4617 εια
910 4558 954 4617 καί

188 4646 308 4725 μεγάλη,
323 4647 369 4703 καὶ
385 4647 465 4715 αὐτὴν
486 4645 528 4702 διδι
549 4645 691 4705 κλισιάδων
705 4643 877 4724 ἀνοιγομένων
893 4649 956 4706 ίιπο-

134 4763 161 4802 ω
188 4734 292 4813 δέχεται
316 4732 345 4790 τὸ
362 4733 465 4802 πεδίον,
488 4733 681 4808 ταμιευομένων
703 4731 797 4793 ὁπόσον
818 4733 956 4813 βούλονται

187 4824 239 4878 τῶν
256 4819 397 4900 ἀνθρώπων
420 4842 449 4878 το
475 4817 555 4896 ὕδωρ.
599 4818 724 4879 Ὑπόκειτ
726 4843 754 4877 αι
775 4820 858 4878 δὲ”
825 4846 857 4901 τη
881 4822 957 4881 πόλει

188 4909 266 4967 πεδία
287 4908 428 4985 θαυμαστὰ
447 4906 594 4984 plattein,
609 4908 721 4967 πλούσια
735 4907 763 4967 δί
778 4909 823 4967 καί
842 4908 958 4988 καρποὺς

188 4993 326 5071 θξενεγκεῐν
348 4993 529 5062 παντοδαπούς
553 4993 598 5054 καί
618 4994 690 5053 οὐδὲν
716 4993 944 5074 θνδειστίρους
911 5018 957 5065 της

188 5079 269 5152 ἄλλης
284 5084 412 5162 Ἰταλίας,
427 5085 543 5160 μάλιστα
558 5083 585 5145 δὲ
598 5080 641 5143 τὀν
656 5080 816 5159 καλούμενον
830 5080 956 5141 ’Attalis

1009 446 1122 497 Mezentii
1138 445 1215 504 lilius,
1233 443 1330 494 nomine
1343 442 1453 505 lausus)
1467 443 1599 505 improviso
1609 442 1711 492 incursu
1724 457 1778 493 mu·

1010 534 1147 583 nimentum
1173 533 1243 583 facile
1265 532 1375 595 rapiunt.
1407 533 1503 580 interea
1527 544 1586 579 vero
1607 525 1676 581 dum'
1690 526 1782 581 vallum

1010 623 1077 672 istud
1089 623 1194 685 capitur,
1210 622 1253 686 qul
1274 621 1300 671 in
1312 620 1413 684 planitie
1431 621 1599 671 castrametati
1618 621 1728 682 inerant,
1743 622 1781 672 iu·

1010 725 1066 762 men
1084 709 1287 774 intempestivum
1300 711 1428 759 cernentes
1442 711 1467 757 el
1481 709 1637 758 morientium
1650 709 1782 759 clamorem

1009 798 1152 856 audientes,
1165 799 1217 847 loca
1228 796 1374 860 campestria
1383 795 1525 846 deserentes
1537 796 1563 845 in
1571 799 1666 847 montes
1678 810 1704 847 se
1715 809 1781 846 rece·

1009 890 1106 950 peruut.
1141 884 1201 935 inde
1215 885 1299 948 ingens
1311 883 1456 946 trepidatio,
1471 883 1643 948 tumultusque
1655 889 1693 934 cst
1706 897 1780 934 esor-

1010 979 1066 1033 tus,
1078 977 1108 1024 ut
1122 973 1185 1024 solet
1198 973 1309 1023 accidere
1320 971 1346 1021 in
1362 971 1449 1021 itinere
1460 975 1596 1032 nocturno,
1614 971 1686 1036 quasi
1697 971 1783 1023 hostes

1009 1064 1075 1126 ipsos
1092 1075 1138 1112 uec
1160 1060 1290 1110 militarem
1304 1058 1455 1122 disciplinam
1473 1072 1518 1110 nec
1538 1058 1636 1109 ordines
1656 1064 1782 1111 servantes

1009 1149 1148 1214 aggressuri
1172 1148 1229 1197 sint.
1262 1145 1342 1196 Latini
1365 1160 1437 1205 vero,
1457 1149 1589 1208 postquam
1608 1145 1633 1194 vi
1656 1146 1782 1210 repentina

1010 1237 1153 1301 presidium
1166 1234 1226 1286 iilud
1239 1238 1372 1298 ceperunt,
1386 1238 1411 1284 et
1433 1232 1556 1296 reliquum
1575 1234 1710 1284 exercitum
1724 1248 1781 1298 per-

1009 1326 1135 1376 turbatum
1159 1322 1397 1377 animadverterunt,
1423 1322 1533 1385 ipsomm
1555 1325 1624 1385 tergo
1645 1322 1781 1383 instabant,

1011 1414 1178 1478 lugientesque
1190 1410 1325 1461 cedebant.
1357 1412 1462 1460 Tantum
1473 1413 1556 1459 autern
1566 1410 1652 1461 uberat
1668 1413 1696 1461 ut
1708 1411 1779 1474 quis·

1010 1516 1084 1566 quam
1103 1501 1213 1565 ipsorum
1226 1498 1257 1549 ad
1271 1499 1322 1548 vim
1338 1498 1527 1561 propulsandam
1539 1511 1566 1548 se
1582 1498 1734 1562 accingeret,
1751 1504 1780 1548 ul

1010 1603 1040 1641 uc
1050 1589 1185 1652 intelligere
1196 1587 1295 1651 quidem
1306 1588 1406 1650 possent
1414 1585 1439 1634 in
1454 1585 1554 1648 quantis
1571 1586 1642 1636 malis
1655 1600 1781 1636 versaren-

1010 1682 1051 1726 tur
1072 1695 1078 1725 ι
1099 1677 1142 1726 sed
1162 1689 1214 1740 prm
1234 1675 1341 1725 tumultu
1357 1678 1383 1725 et
1396 1674 1477 1738 inopia
1498 1674 1607 1734 consilii,
1629 1675 1716 1740 partim
1738 1690 1781 1738 per

1009 1767 1143 1830 praecipitia
1165 1765 1213 1814 acti
1242 1765 1366 1826 peribant,
1390 1764 1527 1827 partimin
1558 1762 1680 1813 convalles
1703 1762 1781 1811 invias

1009 1853 1102 1916 delapsi
1114 1854 1139 1902 in
1157 1852 1266 1903 hostium
1278 1854 1426 1916 potestatem
1439 1851 1576 1902 veniebant.
1609 1850 1658 1900 Sed
1673 1849 1780 1914 plerique

1009 1942 1146 2005 ignorantes
1157 1940 1300 1991 seinvicem
1315 1943 1431 2003 tanquam
1442 1939 1526 1990 hostes
1539 1952 1582 2002 per
1594 1937 1706 1988 tenebras
1720 1951 1780 1988 con·

1010 2030 1130 2088 lecerunt,
1143 2031 1217 2093 atquc
1226 2031 1312 2078 mutua
1321 2029 1388 2078 crede
1398 2027 1531 2077 maximam
1543 2040 1646 2076 suarum
1654 2027 1779 2089 copiarum

1010 2121 1116 2182 stragem
1127 2117 1264 2168 ediderunt.
1297 2122 1328 2168 At
1338 2118 1537 2180 Mezentius,qui
1547 2130 1603 2167 cum
1613 2117 1699 2180 paucis
1709 2131 1781 2167 occu-

1009 2211 1111 2270 paverat
1119 2207 1205 2256 collem
1218 2207 1357 2270 quandam,
1368 2211 1496 2270 postquam
1506 2206 1550 2255 lilii
1557 2210 1659 2256 mortem
1669 2206 1778 2265 audivit,

1010 2295 1287 2357 eliolellexitquautus
1300 2295 1345 2344 sibi
1356 2295 1478 2345 exercitus
1486 2295 1625 2354 interiisset,
1637 2296 1743 2356 elquem
1756 2295 1780 2345 ἰιι

1011 2388 1089 2437 Ιοουιυ
1103 2400 1129 2436 se
1146 2387 1196 2449 ipse
1210 2387 1362 2445 inclusisset,
1380 2387 1472 2448 legatos
1487 2389 1515 2435 ut
1526 2385 1551 2435 iu
1567 2398 1594 2435 re
1607 2385 1734 2449 desperata
1748 2384 1780 2435 de

1011 2473 1207 2536 {asceteriolum
1220 2473 1295 2522 misit.
1329 2475 1391 2522 cum
1403 2476 1486 2523 autem
1499 2471 1615 2522 Ascanius
1624 2471 1716 2522 Latinis
1726 2486 1781 2522 soa·

1010 2560 1083 2610 sisset
1098 2565 1127 2611 ut
1144 2562 1242 2612 senuna
1256 2560 1381 2611 moderate
1394 2561 1531 2619 uterentur,
1547 2553 1690 2608 Meseutlr‘ss
1702 2559 1781 2621 impc-

1012 2652 1075 2698 lrata
1100 2649 1148 2699 lrdc
1165 2649 1261 2712 publica
1280 2650 1377 2712 ictuque
1395 2647 1488 2699 ludere
1501 2645 1614 2699 discessit
1631 2659 1688 2697 cum
1706 2647 1781 2712 copiis

1010 2750 1073 2799 quas
1094 2737 1214 2796 habebat,
1232 2743 1257 2787 ct
1276 2737 1363 2787 dehinc
1384 2736 1501 2801 depositis
1521 2733 1703 2795 simultatibus,
1721 2748 1782 2799 qums

1011 2838 1067 2874 cum
1088 2825 1179 2875 Latinis
1194 2824 1311 2888 gerebat,
1325 2825 1350 2873 in
1363 2823 1469 2873 amicitia
1483 2826 1625 2873 constanter
1638 2824 1735 2872 mansit.

1042 2917 1126 2965 iilvl.
1139 2914 1187 2963 Sed
1201 2928 1264 2964 auno
1283 2914 1407 2976 trigesimo
1428 2916 1484 2975 post
1501 2912 1627 2963 conditum
1639 2898 1780 2974 Lrs'vinium,

1011 3006 1131 3056 Ascanius
1142 3008 1224 3055 AEueae
1236 3005 1307 3064 nlius,
1315 3018 1346 3054 ex
1359 3003 1458 3053 oraculo
1468 3005 1551 3054 AEneas
1559 3004 1618 3054 dato
1627 3003 1729 3054 alteram
1738 3017 1781 3052 ur·

1011 3096 1067 3146 bem
1074 3095 1197 3155 condidit3
1207 3098 1232 3145 et
1241 3109 1270 3144 οι
1283 3093 1467 3143 Laviuieosibus
1478 3094 1597 3144 etoeteris
1605 3093 1704 3152 Latinis,
1714 3096 1783 3156 quot·

1010 3191 1071 3248 quot
1081 3187 1193 3236 meliores
1203 3186 1274 3235 sedes
1284 3186 1374 3234 halare
1388 3184 1518 3248 capiebant
1524 3221 1534 3247 ,
1545 3184 1653 3236 traduxit
1662 3185 1687 3234 in
1696 3186 1782 3234 urbem

1011 3291 1096 3328 recens
1118 3280 1284 3337 exstructam,
1299 3276 1339 3324 cui
1355 3289 1442 3326 nomeu
1454 3275 1523 3326 dedit
1531 3274 1599 3325 Albae
1621 3293 1627 3323 ε
1645 3278 1685 3325 est
1699 3279 1783 3324 sutem

1011 3370 1072 3420 Alba
1088 3372 1174 3420 Graeca
1184 3369 1267 3431 lingua
1280 3369 1368 3424 Λευκή.
1404 3365 1586 3431 perspicuitatis
1599 3370 1682 3415 aulem
1695 3380 1783 3416 caussa

1011 3462 1169 3525 distinguitur
1183 3461 1215 3511 ab
1230 3461 1277 3509 alia
1298 3460 1375 3520 urbe,
1389 3473 1445 3522 quae
1461 3457 1546 3508 eodem
1559 3459 1656 3508 neruiue
1670 3457 1779 3522 appellu-

1015 3558 1063 3616 tor,
1078 3553 1179 3604 alterius
1190 3552 1295 3603 nominis
1311 3552 1445 3602 adiectione
1460 3552 1492 3601 ab
1505 3549 1582 3615 ipsius
1596 3550 1675 3600 torma
1689 3551 1759 3614 petiti
1774 3571 1780 3601 :

1011 3651 1049 3696 est
1064 3646 1129 3697 enim
1150 3645 1217 3696 velut
1233 3644 1395 3707 compositum
1413 3643 1462 3691 iam
1492 3653 1581 3690 nomen
1596 3652 1628 3690 ex
1644 3638 1780 3703 ambobus,

1012 3738 1183 3801 Alba-Longa,
1195 3737 1284 3796 idest,
1300 3736 1379 3793 Λευκὴ
1392 3733 1478 3798 μακροί.
1511 3735 1590 3796 Atque
1601 3746 1667 3782 nunc
1680 3731 1781 3795 quidem

1012 3831 1108 3880 deserta
1118 3835 1163 3880 est.
1195 3832 1257 3879 Nam
1268 3841 1324 3877 cum
1337 3827 1423 3877 'rullus
1435 3824 1554 3875 Hostilius
1568 3827 1651 3874 Roma
1661 3826 1780 3887 regnam,

1012 3922 1063 3970 solo
1079 3924 1175 3983 aequata
1190 3924 1239 3979 est,
1254 3919 1318 3982 qood
1333 3921 1417 3968 contra
1428 3915 1547 3966 colonium
1558 3928 1628 3965 suam
1642 3914 1674 3965 de
1690 3913 1781 3979 princi·

1010 4016 1069 4075 palu
1084 4009 1231 4060 contendero
1248 4009 1378 4058 ridebatur
1395 4026 1401 4056 :
1417 4007 1517 4068 eiusque
1535 4004 1625 4055 civium
1640 4004 1781 4055 multitudi-

1010 4115 1067 4151 nem
1081 4103 1156 4150 Roma
1169 4099 1276 4162 recepit,
1287 4113 1344 4162 queo
1357 4100 1482 4162 parentem
1498 4099 1630 4146 everterat.
1664 4095 1712 4145 Sed
1727 4095 1782 4145 hec

1011 4195 1096 4256 postea
1117 4190 1266 4241 acciderunt.
1300 4192 1464 4239 (tumentem
1484 4187 1639 4248 conderetur,
1662 4172 1782 4237 eoiloetai

1010 4289 1048 4335 est
1059 4285 1129 4334 iuxta
1142 4286 1251 4333 montem
1264 4285 1290 4332 et
1304 4281 1398 4342 lacum,
1413 4282 1446 4332 ita
1458 4282 1487 4330 ut
1496 4279 1605 4329 medium
1618 4279 1725 4343 spatium
1742 4291 1783 4327 oc·

1010 4380 1120 4441 cuperet,
1134 4377 1207 4438 atque
1217 4375 1271 4424 haec
1282 4374 1327 4437 ipsi
1340 4373 1394 4422 urbi
1406 4385 1530 4423 taurorum
1541 4370 1595 4422 loco
1607 4375 1705 4432 esseut,
1716 4383 1783 4421 eam·

1010 4480 1058 4530 que
1070 4465 1193 4516 difficilem
1207 4468 1346 4528 expugnatu
1357 4463 1497 4514 redderent.
1528 4464 1592 4511 Nam
1605 4462 1630 4511 ct
1643 4473 1714 4510 mous
1725 4472 1782 4511 cum

1011 4557 1096 4620 primis
1108 4560 1197 4605 natura
1211 4556 1320 4605 monitus
1333 4559 1371 4604 est
1383 4557 1409 4605 et
1419 4555 1545 4616 excelsus,
1560 4556 1585 4603 et
1595 4551 1666 4602 lacus
1677 4551 1781 4613 proluu-

1010 4648 1057 4697 dos
1068 4651 1094 4697 et
1105 4660 1216 4708 magnus,
1230 4660 1303 4709 quem
1313 4646 1426 4710 planities
1436 4645 1527 4710 excipit
1535 4656 1579 4708 per
1591 4642 1713 4704 claustro,
1724 4653 1782 4705 quaa

1011 4738 1153 4800 aperiuntur
1171 4736 1203 4785 ab
1222 4736 1306 4786 incolis
1323 4750 1412 4798 aquam
1424 4737 1606 4789 arbitratusuo
1621 4730 1782 4796 dispensanti·

1012 4824 1069 4874 bus.
1104 4824 1168 4874 Urbi
1179 4829 1261 4874 aulem
1285 4824 1388 4873 subiecti
1404 4828 1462 4874 suut
1480 4824 1558 4887 campi
1571 4820 1721 4872 umoenitutis
1736 4815 1781 4865 ad·

1010 4910 1140 4970 mirandas,
1154 4911 1198 4973 qui
1219 4911 1350 4960 mammam
1364 4911 1443 4960 omnis
1462 4911 1557 4974 generis
1572 4910 1669 4972 frugum
1685 4901 1781 4968 copiam

1010 5005 1108 5064 lerunt,
1130 5016 1187 5066 ηοω
1207 5002 1268 5052 uulli
1288 5003 1329 5053 alii
1352 5003 1428 5052 ilatio
1451 5016 1509 5067 agro
1524 5001 1616 5053 cedunt
1634 5017 1641 5048 :
1660 4993 1782 5062 praecipue

1012 5112 1070 5150 vero
1083 5099 1228 5163 progignunt
1239 5098 1321 5149 riuum
1335 5098 1400 5162 quod
1413 5098 1532 5148 Albanum
1545 5097 1656 5156 uocatur,
1668 5102 1746 5143 suase
1757 5091 1783 5139 et
