3772 5828
608 345 902 421 as'rioutmirutu
924 344 1070 406 llOMilN.
1092 345 1164 408 LlB.
1191 346 1267 407 viti.

107 473 267 554 ξιωσάμενος
278 475 336 554 ἅμα
349 483 404 544 τοῖς
418 475 519 545 τίκνοις
533 466 621 536 ε’ἐτιιν·
641 477 780 557 «Ἀγαθῆς
794 500 884 555 γυναι-

109 590 121 616 ιι
137 562 181 631 κὸς
197 563 271 643 ἔργον
282 564 427 637 ἐποίησας,
443 552 465 623 ῶ
481 564 669 642 Οὐολουμνία,
686 565 800 643 μείνασα
812 564 885 644 παρὰ

109 680 121 705 ιι
136 658 169 730 τῇ
184 651 265 730 μητρί
280 674 349 728 μου,
364 651 410 712 καί
423 654 470 711 οὐκ
482 654 697 732 ἐγκαταλιποῦσα
709 655 757 723 τὴν
772 653 885 734 ἐρημίαν

110 771 122 794 ιι
137 744 229 812 αὐτῆς,
243 740 333 819 ίμοιγε
353 744 447 799 πασῶν
462 741 571 815 ἡδίστην
592 740 734 823 κιχάρισαι
751 741 860 819 δωρεάν.
873 769 885 796 ι

69 850 82 886 s
109 826 187 889 Μιτίι
202 835 287 888 ταῦτα
298 831 351 888 τῶν
364 827 477 887 παιδίων
492 828 616 910 ίκάτερον
629 827 826 910 προσαγόμενος
840 825 885 887 καί

108 916 168 984 τούς
192 916 375 996 προσήκοντας
398 917 556 996 ἀσπασμοὺς
584 917 708 995 ἐποδούς,
725 916 885 998 ἐπίστρεψεν

110 997 184 1071 αὐθις
206 1006 270 1084 πρὸς
284 1004 332 1077 τὴν
350 1004 475 1082 μητίρα,
498 1006 543 1066 καὶ
561 1005 647 1085 λίγειν
672 1007 795 1067 ἐκίλευσε
818 1004 902 1072 τίνος·

110 1093 221 1170 δεομίνη
237 1094 372 1174 πάρεστιν.
415 1093 451 1155 Ἡ
467 1093 495 1154 δέ
509 1095 616 1154 πάντων
630 1095 777 1155 ἀκουόντων
791 1094 885 1176 ἐρησεν

110 1183 194 1263 ἐρεῖν,
208 1182 308 1249 οὐδενὸς
325 1181 376 1261 γὰρ
392 1181 497 1242 ἀνοσίου
520 1180 676 1258 δεήσεσθαι,
697 1184 844 1262 παρεκάλει
856 1204 886 1240 τε

60 1295 84 1331 ιιι
111 1269 188 1330 αὐτδν
201 1261 264 1349 ἐνῷ
287 1270 461 1348 καθεξόμενος
480 1270 567 1330 τέῶθει
588 1271 680 1353 χωρίῳ
694 1271 809 1340 δικάζων
832 1279 886 1338 τοῖς

109 1359 197 1439 ὄχλοις
211 1363 238 1419 ίν
252 1360 337 1439 τούτῳ
352 1359 473 1421 καθίσαι.
518 1361 573 1420 het
588 1364 602 1418 θ
626 1360 748 1441 Μάρκιος
774 1360 886 1436 άσμινος

110 1448 140 1507 τδ
152 1448 227 1530 ρηθέν
239 1448 363 1522 ἐδέξατο,
382 1451 417 1516 ῶς
431 1449 464 1519 δὴ
478 1449 618 1530 περιουσία
632 1471 662 1508 τε
676 1451 764 1528 πολλῇ
779 1451 831 1507 τῶν
847 1449 886 1506 δι-

110 1538 193 1596 καίοιν
208 1537 273 1618 πρδς
296 1537 344 1608 τὴν
360 1537 473 1606 ἔντευξιν
496 1539 576 1610 αὐτῆς
589 1539 774 1618 χρησόμενος,
793 1537 839 1596 καὶ
859 1538 887 1596 ἐν

110 1627 185 1705 καλῷ
199 1625 353 1702 ποιούμενος
361 1632 416 1692 τοῖς
427 1625 516 1707 όχλοις
531 1624 579 1698 τἠν
591 1623 741 1704 ἀπόκρισιν.
784 1619 886 1684 'Bitho

61 1731 84 1769 rs
110 1714 133 1771 δ’
152 1713 196 1773 ἐπὶ
211 1716 241 1772 τὸ
262 1714 436 1794 στρατηγικὸν
461 1718 551 1795 βῆμα,
573 1716 677 1795 πρῶτον
692 1711 741 1790 μέν
764 1713 885 1773 ἐκίλτυστ

111 1806 165 1868 τοῖς
187 1801 331 1881 ὐτηρίταις
352 1804 470 1863 καθιλεῖν
497 1805 543 1862 ἐπ’
564 1807 644 1863 αὐτοῦ
666 1801 710 1862 τύν
735 1802 824 1883 δίφρον
840 1798 886 1860 καί

111 1891 194 1948 θεῖναι
212 1889 319 1970 χαμαί,
334 1891 433 1972 μητρδς
447 1892 608 1974 θθηλύτιρον
622 1893 670 1951 οὐκ
693 1890 809 1969 οἰόμενος
833 1890 886 1948 δεῖν

112 1981 192 2038 τύπον
207 1979 276 2059 ἔχειν
291 1981 345 2038 οὐδ’
361 1979 465 2061 ἐξουσίᾳ
484 1984 603 2062 χρῆσθαι
623 1979 682 2041 κατ’
700 1979 799 2053 ἐκείνης
814 1979 886 2040 οὐδε-

113 2075 171 2149 μιᾷ.
194 2064 309 2129 Ἔπειτα
323 2070 570 2150 παρακαθισάμενος
586 2067 646 2138 τούς
663 2067 886 2149 ἐπιφανεστάτους

60 2169 86 2207 2⁰
112 2159 165 2214 τῶν
179 2158 202 2214 θ’
215 2156 351 2236 ἡγεμόνων
366 2158 411 2217 καί
426 2160 566 2239 λοχαγῶν,
582 2157 627 2218 καί
638 2160 692 2217 τῶν
704 2157 791 2217 άλλων
806 2156 886 2224 ἐάσας

111 2244 235 2325 παριῖναι
258 2244 302 2306 τὸν
327 2245 485 2326 βουλόμενον
510 2247 632 2307 ἐκόλουσε
651 2245 699 2319 τὴν
715 2246 817 2326 μητίρα
841 2244 885 2305 λέ-

109 2355 174 2410 γειν.

150 2424 253 2483 xhvt.
279 2426 363 2495 lieth
382 2423 532 2503 Οὐετουρία
552 2422 781 2502 παραστησαμίνη
796 2421 844 2495 τήν
857 2446 885 2482 τε

109 2519 222 2586 γυναῖκα
237 2519 282 2571 τοῦ
295 2512 418 2592 Μαρκίου
433 2512 480 2571 καί
493 2512 526 2570 τδι
541 2512 620 2573 τίκνα
635 2515 682 2570 καλ
695 2511 741 2578 eie
762 2513 885 2591 ἐπιρανε·

57 2620 83 2657 25
111 2596 211 2664 στάτας
221 2601 273 2655 τῶν
288 2598 315 2655 ἐν
329 2598 424 2678 Ῥώμη
438 2602 584 2678 γυναικῶν,
601 2601 703 2681 πρῶτον
718 2595 765 2675 pls
781 2596 885 2659 ἐκλαιεν

112 2688 148 2752 εἰς
163 2684 210 2755 τὴν
227 2689 276 2762 γῆν
289 2689 378 2765 δρῶσα
394 2688 474 2769 μέχρι
487 2689 587 2748 πολλοῦ
599 2687 646 2747 καί
663 2685 747 2747 πολύν
767 2685 886 2760 ἐκίνησεν

111 2776 141 2833 ἐκ
156 2779 208 2833 τῶν
223 2773 360 2855 παρόντων
372 2775 456 2837 ἐλεον.
474 2771 585 2840 ,Ἔπειά
605 2775 777 2836 ἀναλαύοῦσα
792 2775 885 2852 αὐτὴν,

109 2861 214 2933 ἐλεξεν.
230 2891 243 2915 ι
256 2865 290 2922 at
302 2872 441 2943 γυναῖκες,
453 2851 476 2921 ῶ
494 2864 599 2947 Μάρκιι
612 2863 722 2939 τίκνον,
737 2861 784 2932 τθις
796 2862 884 2944 ὐόρεις

111 2979 124 3003 ιι
139 2950 329 3027 ἐνθυμούμεναι
351 2952 456 3022 καλιάς
470 2951 700 3035 αλλαςσιμριρλς
716 2951 763 3021 τθις
778 2953 885 3031 ουμῦη-

57 3068 85 3107 το
111 3068 123 3092 ιι
141 3039 253 3117 σομένας
269 3044 376 3114 αὐταῖς,
394 3040 438 3101 tir
458 3041 565 3114 ἡπόλις
588 3046 664 3120 ἡμῶν
681 3042 725 3101 ἐπί
739 3049 792 3111 τοῖς
806 3045 885 3104 πολι·

111 3154 123 3179 ιι
138 3127 206 3204 μίοις
221 3129 341 3204 γίνηται,
361 3137 451 3189 πᾶσαν
470 3129 553 3203 άλλην
566 3131 728 3209 ἀπογνοῦσαι
743 3131 883 3208 βοήθειαν,

111 3243 123 3268 ιι
139 3216 233 3287 ἐπειδὴ·
256 3226 309 3286 τοῖς
336 3216 461 3299 ἀνδράσιν
479 3220 565 3279 αὐτῶν
591 3217 691 3287 άξιοῦσι
712 3217 887 3279 διαλύσασθαι

112 3332 123 3357 ιι
139 3305 182 3364 τδν
200 3304 315 3383 πολεμον
331 3307 451 3375 αὐθάδεις
465 3306 512 3367 καί
526 3308 644 3388 σκληρέτς
657 3308 757 3374 ἐδωκας
774 3309 887 3390 ἀποκρί-

112 3421 124 3446 ι
140 3418 210 3470 σεις,
226 3395 337 3473 ἄγουσαι
359 3396 393 3456 τδ
407 3397 486 3456 τίκνα
498 3396 544 3457 καλ
562 3400 616 3463 τοῖς
636 3395 768 3474 πενθίμοις
787 3398 887 3467 τούτοις

113 3508 125 3533 ιι
141 3483 319 3560 ἠμριεσμίναι
338 3487 464 3563 τρύχεσι,
487 3483 632 3566 κατίρυγον
655 3486 697 3544 ἐπ’
714 3485 761 3563 tpt
776 3488 823 3558 τὴν
837 3485 886 3558 σλν

114 3597 126 3621 ιι
142 3569 253 3649 μητίρα,
277 3570 323 3629 καλ
337 3571 518 3648 Οὐολουμνίαν
542 3573 591 3647 τὴν
606 3573 656 3644 σὴν
678 3582 805 3649 γυναῖκα,
826 3575 886 3633 διό·

113 3686 125 3710 ιι
143 3680 219 3734 μεναι
240 3657 277 3733 μὴ
292 3660 418 3739 περιϊδεῖν
435 3661 516 3729 αὐτδις
535 3660 569 3723 τέτ
588 3660 700 3740 μίγιστα
722 3667 774 3722 τῶν
799 3667 825 3722 ἐν
839 3667 887 3722 ἀν·

113 3773 125 3797 ιι
142 3743 252 3824 θρώποις
272 3751 361 3805 κακῶν
376 3749 427 3808 hel
445 3755 493 3810 σοῦ
510 3752 659 3833 παθούσας,
675 3755 749 3816 οὐδὲν
765 3755 812 3834 μίν
825 3755 886 3817 ούτε

113 3862 126 3887 ιι
142 3836 229 3912 μεῖξον
252 3832 304 3895 οὐτ’
324 3834 432 3896 ἔλαττον
447 3841 483 3907 είς
501 3845 572 3916 ἡμᾶς
586 3842 797 3925 ἐξαμαρτοῦσαι,
820 3847 886 3904 πολ·

72 3957 77 3983 ι
113 3953 125 3977 ιι
140 3923 189 3996 λὴν
211 3923 239 3982 δέ
264 3922 309 3983 καί
326 3924 364 3984 ὅτ’
389 3929 548 4010 εὐτυχοῦμεν
562 3931 601 3991 ίτε
623 3932 725 3993 εὐνοιαν
746 3934 886 4015 παρασχό·

113 4041 125 4066 ιι
141 4035 218 4089 μεναι
234 4012 279 4073 καλ
298 4012 337 4072 ὅτ’
360 4016 525 4094 ἐπταίσαμεν
549 4014 723 4097 συμπάθειαν.
767 4025 886 4104 Ἔχομιν

112 4130 125 4155 ιι
140 4101 191 4182 γὰρ
213 4105 302 4168 αὐταῖς
321 4115 480 4184 μαρτυρεῖν,
497 4106 525 4177 ἐξ
547 4100 577 4168 οὐ
602 4109 634 4169 σύ
660 4113 764 4193 άπῆρας
787 4117 816 4173 ἐκ
840 4117 887 4186 τῆς

113 4218 125 4244 ιι
139 4189 278 4271 πατρίδος,
300 4193 377 4268 ἡμεῖς
397 4194 419 4250 δ’
435 4190 530 4276 ίρημοι
545 4194 591 4256 καί
611 4196 642 4256 τθ
659 4199 742 4276 μηδὲν
757 4189 887 4260 ἐπιοῦσαι

112 4305 124 4332 ιι
139 4278 364 4357 κατελειπόμεθα,
386 4286 502 4361 συνεχῶς
516 4306 546 4343 τε
567 4287 789 4365 παραγινομέναις
805 4288 888 4369 [πρδς

68 4397 80 4433 τ
110 4403 121 4424 ι
137 4378 206 4449 ἡμᾶς
229 4368 274 4431 καί
294 4368 556 4451 παραμυθουμέναις]
570 4377 627 4436 ταῖς
646 4380 791 4452 συμροραῖς
810 4379 885 4451 ἡμῶν

111 4489 123 4514 ιι
138 4460 184 4520 καί
199 4460 398 4540 συναλγούσαις.
438 4461 547 4524 Τούτων
569 4463 602 4536 δὴ
617 4464 799 4542 λαμύάνουσαι
818 4467 888 4543 μνή-

111 4577 123 4601 ιι
140 4574 191 4623 μην
205 4549 259 4628 ἐγώ
279 4551 365 4609 τεκαὶ
388 4555 405 4622 ἡ
425 4552 460 4624 σὴ
477 4551 544 4630 γυνὴ
565 4555 582 4624 ἡ
601 4559 804 4635 συνοικουροῦσα
819 4554 887 4630 μττδ

112 4664 124 4688 ιι
140 4640 203 4711 ἐμοῦ
222 4637 268 4704 τέις
288 4640 387 4707 ἱκεσίας
403 4642 489 4701 αὐτῶν
513 4642 561 4701 οὐκ
579 4643 801 4724 ἀπεστράφημεν,
817 4641 888 4704 diii

112 4752 125 4776 ιι
141 4724 315 4799 ὑπεμείναμεν
331 4730 364 4794 ῶς
385 4728 473 4800 ἠξίουν
486 4734 558 4807 ἡμᾶς
572 4730 655 4788 ἐλθεῖν
671 4732 715 4789 ἐπὶ
730 4731 759 4790 σέ
774 4732 820 4792 καλ
840 4732 887 4802 τθς

56 4841 84 4880 ω
112 4840 125 4865 ιι
140 4811 206 4889 ὑπὲρ
219 4816 266 4883 τῆς
280 4816 404 4895 πατρίδος
421 4818 582 4891 ποιήσασθαι
599 4817 711 4890 δεήσεις.
726 4843 741 4879 υ

152 4901 270 4963 XLVii.
304 4899 367 4964 Ἔτι
392 4906 416 4963 δ’
436 4910 517 4980 αὐτῆς
542 4908 670 4988 λεγούσης
698 4909 838 4970 ὐπολαύῶν
872 4915 887 4972 θ

112 4993 230 5070 Μάρκιος
246 4982 317 5048 εἶπεν
332 5014 338 5027 ·
354 4992 529 5055 α’λδυνάτων
552 4998 674 5073 δεομίνη,
701 5003 804 5078 μῆτερ,
821 5000 885 5073 ἐλή-

113 5106 125 5129 ιι
140 5081 218 5146 λυθας
237 5077 344 5146 ἀξιοῦσα
366 5083 506 5160 προδοῦναί
527 5108 561 5160 με
582 5094 637 5152 τοῖς
660 5085 804 5147 ἐκόαλοῦσι
827 5085 885 5156 τούς

113 5193 125 5218 ιι
141 5167 361 5244 ὑποδεξαμένους,
382 5167 428 5227 καί
440 5177 494 5238 τοῖς
505 5174 611 5233 άπαντά
625 5173 654 5252 μ’
670 5175 839 5258 ἀρελομίνοις
850 5176 885 5237 τθι

189 5286 292 5325 υιοιιεειι

1650 349 1707 410 tsi

941 505 954 528 ιι
967 483 1057 540 fecisti.
1067 485 1207 543 Volumnia,
1222 484 1289 549 quod
1299 484 1367 548 apud
1373 487 1478 535 matrum
1486 499 1567 536 meam
1578 487 1700 540 manseris

941 579 992 625 aet
1004 573 1073 639 quod
1086 574 1139 625 eius
1152 573 1312 625 solitudinem
1331 589 1380 625 nou
1397 574 1550 633 deserueris,
1570 575 1631 625 mihi
1646 581 1714 628 certe
1811 634 1816 645 Ι

942 687 953 712 ι
968 666 1062 717 donum
1076 667 1147 730 longe
1159 668 1270 717 omnium
1287 666 1496 718 iucundissimum
1508 681 1536 717 es
1548 667 1643 732 largita.
1657 688 1669 713 ιι
1683 672 1715 719 Et

940 772 997 813 cum
1007 765 1144 826 utrumque
1154 761 1231 812 hlium
1242 764 1399 813 exosculatus
1405 766 1479 822 esset,
1491 761 1646 827 salutemque
1655 777 1715 815 eou-

940 853 1079 905 reuieutem
1092 854 1141 905 illis
1150 853 1309 916 reddidisset,
1324 869 1411 905 rursus
1422 869 1448 906 se
1460 855 1494 906 ad
1507 858 1613 906 matrem
1624 857 1715 917 vertit,

939 948 1061 1014 iussitque
1072 947 1165 1007 dicere,
1184 948 1311 1012 quodnam
1327 949 1436 1013 petitura
1449 949 1587 1001 advenerit.
1600 950 1646 1001 illa
1656 965 1717 1003 nero

938 1040 1054 1091 omuibus
1068 1038 1227 1092 audientibus
1243 1053 1270 1091 se
1283 1040 1309 1091 id
1325 1039 1465 1103 dicturam,
1481 1032 1579 1094 et'nlhil
1592 1043 1662 1109 impii
1672 1057 1717 1109 pe-

939 1133 1044 1184 tituram
1057 1132 1201 1198 respondit;
1221 1146 1328 1198 eumque
1343 1134 1492 1185 hortabatur
1507 1140 1545 1195 ut,
1561 1137 1586 1185 in
1595 1149 1648 1202 quo
1661 1137 1715 1188 loco

939 1225 1027 1278 sedens
1041 1225 1122 1276 turbae
1141 1226 1182 1276 ius
1197 1225 1279 1276 dicere
1293 1225 1399 1287 soleret,
1420 1226 1445 1276 iu
1456 1241 1486 1277 eo
1501 1227 1606 1278 sederet.
1620 1228 1650 1280 ld
1662 1242 1717 1280 res·

939 1332 1044 1385 pouaum
1065 1318 1157 1370 Marcio
1176 1322 1277 1384 malurn
1301 1317 1365 1382 iaia,
1391 1318 1459 1384 quod
1482 1320 1561 1370 iustas
1589 1322 1712 1381 rationes,

939 1414 1032 1480 quibus
1042 1415 1096 1466 eius
1105 1427 1192 1479 preces
1207 1414 1325 1474 vinceret,
1342 1414 1389 1465 sihi
1402 1429 1450 1466 non
1460 1414 1603 1477 defuturas,
1618 1431 1716 1469 coram·

940 1522 989 1574 que
997 1506 1159 1559 multitudine
1172 1521 1199 1558 sc
1209 1507 1339 1559 honestius
1351 1521 1496 1574 responsum
1507 1510 1582 1560 matri
1597 1509 1715 1562 daturum

939 1615 994 1652 esse
1008 1600 1120 1666 putabat.
1154 1602 1218 1665 Ergo
1232 1600 1263 1651 ad
1276 1601 1462 1664 imperatorium
1482 1602 1590 1654 tribuual
1601 1617 1715 1668 progres-

940 1710 996 1756 sus,
1020 1695 1129 1759 primum
1146 1694 1221 1744 iussit
1245 1694 1346 1746 lictores
1369 1697 1455 1747 sellam
1480 1697 1538 1748 iude
1563 1697 1662 1750 auferre
1690 1701 1718 1749 et

939 1786 1010 1839 humi
1037 1799 1139 1851 ponere.
1161 1786 1323 1848 existimans,
1343 1803 1392 1839 nou
1406 1793 1522 1854 oportere
1544 1806 1571 1842 se
1594 1793 1619 1842 in
1635 1792 1716 1844 subli-

940 1882 1011 1934 miori
1026 1882 1080 1932 loco
1093 1894 1169 1946 quem
1183 1886 1264 1933 mater
1282 1882 1382 1941 aedera
1396 1896 1441 1934 nec
1453 1898 1511 1935 curu
1524 1900 1554 1936 ea
1571 1901 1615 1950 pro
1631 1890 1715 1951 potee-

940 1983 991 2032 tate
1004 1981 1054 2032 ullo
1071 1979 1145 2031 modo
1160 1992 1241 2044 agere.
1275 1976 1385 2039 Deinde,
1399 1978 1559 2028 nobilissima
1574 1978 1722 2061 quibusque¹

939 2069 1046 2121 ducibus
1057 2073 1083 2121 et
1099 2067 1284 2120 centurionibus
1303 2066 1352 2118 sibi
1365 2067 1474 2118 assidere
1490 2068 1565 2119 iussis
1582 2071 1608 2118 et
1621 2067 1716 2119 admis-

941 2157 993 2220 sis,
1006 2161 1130 2224 quotquot
1140 2157 1228 2209 adesse
1241 2156 1390 2217 voluerunt,
1410 2157 1486 2207 matri
1501 2158 1597 2224 copiam
1617 2157 1716 2209 dioeudi

940 2246 1008 2298 iecit.

971 2421 1055 2471 XLVI.
1072 2421 1136 2469 Tum
1151 2419 1255 2469 Veiuria
1266 2457 1273 2481 ,
1285 2431 1343 2469 cum
1362 2418 1448 2470 Marcii
1462 2435 1566 2471 uxorem
1587 2425 1613 2472 et
1627 2421 1717 2474 liberos

940 2513 966 2560 ct
982 2508 1148 2560 nobilissimas
1168 2521 1280 2572 quasque
1302 2511 1424 2558 Romanas
1440 2513 1565 2560 matronas
1584 2510 1616 2561 ad
1638 2512 1716 2562 latera

940 2597 1087 2650 adduxisset
1100 2636 1105 2656 ,
1122 2596 1231 2661 primum
1243 2597 1324 2647 oculis
1338 2597 1363 2647 iu
1376 2601 1468 2648 terram
1490 2598 1535 2648 diu
1546 2598 1635 2650 deiiais
1648 2599 1717 2650 tlerlt

941 2689 968 2738 et
976 2685 1035 2746 illis,
1047 2683 1091 2750 qui
1105 2682 1217 2742 aderaut,
1233 2698 1347 2748 magnam
1356 2684 1553 2736 misericordiam
1565 2686 1715 2749 commosit3

940 2774 1044 2833 deinde,
1061 2786 1118 2823 cum
1132 2786 1158 2823 se
1176 2772 1324 2837 collegisset,
1337 2773 1374 2823 sic
1385 2772 1468 2824 locuta
1482 2777 1521 2824 est
1537 2794 1543 2823 ι
1562 2795 1575 2819 ι
1585 2775 1714 2833 Mulieres.

942 2866 1008 2917 «uli
1024 2863 1114 2924 hiarci,
1129 2864 1267 2929 cogitantes
1284 2865 1447 2917 contumelias
1461 2869 1486 2917 et
1504 2866 1566 2917 alias
1586 2866 1714 2919 calamita·

943 2979 956 3004 ιι
969 2961 1026 3018 tes,
1042 2955 1069 3006 in
1082 2969 1145 3019 quas
1156 2954 1280 3016 incident,
1295 2954 1318 3005 si
1330 2954 1391 3005 urbs
1408 2957 1493 3005 nostra
1511 2955 1537 3006 in
1548 2955 1658 3006 hostium
1670 2969 1715 3020 po-

942 3070 954 3095 ιι
969 3048 1086 3099 testatem
1097 3045 1194 3102 veniat,
1205 3043 1274 3094 omui
1285 3043 1381 3094 auxilio
1394 3043 1540 3109 desperato,
1560 3046 1715 3112 quandoqui-

942 3160 954 3184 ι
968 3137 1026 3189 dem
1037 3149 1124 3186 earum
1137 3133 1234 3184 maritis
1243 3146 1330 3198 pacem
1344 3134 1485 3197 petentibus
1498 3135 1602 3198 superba
1616 3139 1643 3186 et
1653 3136 1716 3187 dura

942 3249 955 3273 ι
967 3224 1059 3278 dedisti
1075 3236 1206 3287 responsa,
1224 3220 1340 3273 adductis
1353 3237 1436 3273 secum
1454 3223 1547 3282 liberis,
1560 3227 1636 3288 atque
1648 3224 1716 3275 hisce

942 3312 1115 3379 «lugubribus
1138 3311 1238 3360 amictae
1260 3311 1389 3371 restibus,
1411 3311 1443 3362 ad
1461 3326 1502 3362 me
1519 3316 1624 3362 matrem
1645 3315 1714 3363 tuam

942 3425 955 3450 ιι
968 3407 995 3456 et
1012 3399 1170 3452 Volumniam
1196 3412 1300 3449 uxorem
1314 3403 1383 3449 tuam
1402 3398 1579 3463 confugerunt,
1594 3404 1717 3466 rogaturae

943 3517 955 3541 ι
969 3511 1000 3549 ne
1011 3501 1154 3563 pateremur
1173 3509 1199 3544 se
1214 3487 1368 3556 gravissimis
1392 3488 1576 3540 calamitatibus
1591 3504 1605 3539 a
1628 3493 1653 3542 te
1673 3489 1715 3540 ai·

943 3586 1026 3647 elici,
1047 3599 1104 3652 qua
1117 3584 1212 3634 nullam
1231 3584 1276 3632 aut
1295 3579 1433 3645 graviorem
1455 3581 1500 3628 aut
1518 3578 1635 3629 leviorem
1649 3579 1716 3629 iniu-

942 3695 954 3719 ι
969 3675 1032 3726 riam
1052 3674 1123 3725 nohis
1143 3671 1257 3723 iecissent
1271 3705 1278 3729 ,
1292 3682 1337 3719 uec
1348 3667 1400 3717 ullo
1414 3667 1490 3717 modo
1501 3667 1527 3716 iu
1539 3681 1584 3717 nos
1595 3667 1716 3733 deliquis-

942 3785 954 3809 ι
969 3766 1041 3822 sent,
1068 3763 1112 3814 sed
1141 3773 1256 3826 magnam
1279 3757 1368 3818 etiam,
1393 3768 1452 3806 cum
1486 3755 1595 3807 secunda
1617 3756 1718 3808 fortuna

942 3873 954 3897 ιι
968 3856 1105 3914 uteremur,
1122 3848 1317 3903 benevolentiam
1328 3846 1399 3899 nobis
1409 3846 1594 3911 prosiliissent,
1602 3849 1628 3896 et
1636 3860 1716 3911 quum

942 3963 954 3987 ι
968 3943 995 3993 in
1008 3943 1063 3993 hec
1083 3939 1219 3992 infortunia
1240 3937 1413 3988 incidissemus
1426 3938 1539 3986 nostrum
1557 3933 1718 3985 commisera-

943 4049 955 4079 ιι
969 4032 1036 4083 tione
1048 4033 1178 4083 commota
1195 4031 1287 4081 essem.
1301 4028 1436 4077 Possumus
1449 4024 1515 4074 euim
1538 4023 1587 4073 illis
1597 4023 1645 4074 hoc
1664 4025 1717 4073 tes·

943 4138 956 4163 ιι
971 4118 1104 4170 timonium
1116 4117 1207 4179 dicere,
1221 4129 1272 4178 eas,
1292 4129 1323 4166 er
1341 4127 1393 4178 quo
1404 4117 1432 4164 tu
1446 4127 1477 4163 ex
1489 4110 1715 4176 patriadiscessisti

944 4227 955 4250 ι
970 4213 996 4259 et
1016 4222 1061 4259 nos
1080 4207 1199 4258 desolatas
1210 4209 1236 4256 et
1247 4203 1279 4255 ad
1296 4202 1402 4254 nihilum
1422 4200 1529 4252 redactae
1551 4198 1645 4251 relicte
1664 4197 1715 4249 iul·

943 4316 956 4340 ιι
971 4309 1043 4354 mus.
1065 4297 1218 4345 continenter
1244 4293 1337 4343 nostris
1357 4290 1540 4343 calamitatibus
1562 4289 1673 4341 adfuisse
1693 4293 1719 4341 et

943 4405 956 4428 ιι
969 4383 1098 4434 nobiscum
1118 4383 1236 4434 doluisse.
1270 4385 1364 4434 Horum
1387 4381 1464 4445 igitur
1483 4393 1620 4441 memores,
1636 4383 1661 4429 et
1674 4393 1719 4443 ego

943 4492 956 4518 ιι
972 4475 998 4523 ei
1014 4486 1077 4522 uror
1092 4477 1151 4531 tua,
1165 4485 1224 4536 quur
1242 4485 1342 4522 mecum
1363 4470 1476 4528 habital,
1490 4483 1578 4520 earum
1594 4467 1719 4532 supplices

942 4574 1054 4626 «preces
1075 4563 1195 4611 aversata
1214 4574 1261 4610 uon
1278 4573 1381 4618 sumus,
1397 4557 1441 4608 sed
1463 4571 1530 4608 ausae
1550 4570 1638 4606 sumus
1651 4569 1717 4620 que-

942 4667 955 4692 ιι
971 4647 1132 4699 madmodum
1149 4661 1194 4698 nos
1208 4646 1341 4711 rogabant,
1356 4644 1389 4695 ad
1403 4648 1428 4695 te
1446 4645 1549 4703 venire,
1569 4647 1594 4693 ct
1609 4656 1655 4706 pro
1672 4655 1717 4704 pa-

942 4756 955 4781 ι
970 4736 1020 4787 tria
1032 4735 1168 4802 deprecari.
1185 4755 1197 4779 ιι

971 4916 1068 4967 ΧΙΝΙΙ.
1083 4916 1151 4964 Dum
1163 4916 1248 4964 autem
1262 4912 1345 4964 adhuc
1359 4925 1388 4961 ea
1405 4909 1564 4974 loquebatur.
1588 4900 1712 4960 Marcius,

940 5004 994 5057 eius
1008 5003 1083 5055 rerba
1096 5002 1235 5067 excipiens,
1249 5001 1333 5052 dixit:
1358 5019 1369 5042 ι
1383 5001 1443 5048 ilem
1457 4990 1633 5059 impossibilem
1648 4992 1714 5056 peti-

940 5114 953 5141 ιι
969 5100 1025 5145 tura
1047 5092 1148 5149 venisti,
1174 5094 1276 5142 mater:
1298 5086 1438 5155 postulans,
1464 5088 1492 5133 ut
1512 5081 1621 5144 hospites
1645 5095 1714 5133 meos

941 5205 953 5229 ι
970 5184 1002 5234 iis
1023 5181 1140 5247 prodam,
1169 5181 1213 5246 qui
1235 5194 1275 5231 me
1305 5175 1467 5242 expulerunt,
1496 5175 1520 5223 ei
1546 5170 1577 5222 iis
1607 5173 1651 5236 qui
1674 5183 1714 5221 me

1591 5274 1618 5320 ³1
