3772 5828
200 344 237 401 ίί

199 473 345 545 ἀνέστησαν
362 471 413 530 ύπδ
428 471 582 544 Ῥωμαίων.
627 472 681 532 Καί
698 473 728 531 τὸ
748 471 794 546 μὲν
814 475 839 530 ἐν
851 477 891 552 τῷ
905 475 974 533 Σπι-

197 565 257 632 νῆτι
273 561 443 640 καταλειφθέν
454 563 504 618 τῶν
521 563 669 638 Πελασγῶν
687 561 759 639 γένος
773 561 854 629 οὕτως
865 561 975 642 ίφθάρη.

240 652 319 711 ΧΙΧ.
349 650 384 709 Οἱ
412 648 438 707 ‘Ji
454 649 497 706 διά
517 653 564 720 τῆς
586 650 721 727 μεσογείου
746 650 906 729 τραπόμενοι
924 653 974 724 τὴν

203 738 305 816 ὀρεινὴν
320 740 368 807 τῆς
378 736 493 804 Ἰταλίας
505 737 695 816 ύπερύαλόντες
709 740 744 804 εἰς
755 738 803 810 τὴν
820 738 975 819 Ὀμύρικῶν

157 841 172 881 t
202 829 368 905 ἀφικνοῦνται
380 826 526 906 χώραντῶν
535 827 698 904 ὁμορούντων
709 826 862 906 Ἀύοριγῐσα
906 831 977 889 Πολ·

197 916 235 972 ’λὰ
258 914 285 972 δὲ
311 913 356 973 καὶ
381 914 450 973 ἄλλα
464 920 511 978 τῶς
527 914 643 980 Ἰταλίας
662 914 747 994 χωρία
762 914 846 995 ᾤκουν
860 914 976 995 Ὀμύρι-

201 1002 258 1069 κοί,
272 1001 318 1060 καὶ
339 992 371 1073 ἦν
384 1009 459 1061 τοῦτο
476 1002 506 1061 τδ
520 1008 591 1070 έθνος
605 1004 632 1060 ἓν
646 1004 699 1068 τοῖς
713 1002 781 1062 πάνυ
804 1003 872 1080 μέγα
887 1002 975 1062 τεκαὶ

201 1093 320 1169 ἀρχαῖον.
365 1090 405 1150 Τὸ
420 1089 468 1166 μέν
483 1082 527 1149 ούν
546 1093 605 1149 κατ’
631 1088 714 1170 αἰρχδις
736 1091 859 1170 ἐκράτουν
872 1094 896 1150 οἱ
919 1093 976 1151 Πε-

202 1178 296 1256 λασγοί
318 1183 371 1237 τῶν
394 1178 498 1258 χωρίων
520 1179 579 1237 ἔνθα
597 1179 743 1258 τὸπρῶτον
758 1177 914 1258 ἱδρύσαντο,
929 1179 976 1238 καί

149 1282 174 1320 ιο
201 1266 352 1343 πολίσματα
376 1272 428 1325 τῶν
442 1267 596 1346 Ὀμύρικῶν
622 1267 798 1327 κατελάύοντύ
825 1292 899 1326 τινα·
916 1292 976 1326 συν-

200 1355 317 1422 ελθόντος
333 1355 355 1414 δ’
373 1356 414 1413 ἐπ’
432 1355 525 1423 αὖτοὺς
550 1357 665 1434 μεγάλου
694 1361 824 1434 στρατοῦ,
846 1356 975 1424 δείσαντες

200 1448 251 1502 τῶν
272 1443 406 1519 πολεμίων
420 1445 450 1502 τδ
464 1448 563 1514 πλῆθος
582 1449 617 1510 είς
631 1444 680 1515 την
696 1444 864 1525 Ἀύοριγίνων
879 1445 974 1506 άπιόν-

104 1574 105 1581 ι
200 1554 242 1597 τις
256 1531 406 1610 τρέπονται.
448 1532 500 1591 Καὶ
513 1536 537 1591 οἱ
553 1533 599 1608 μὲν
615 1532 770 1609 ’Λύοριγίνες
785 1532 830 1591 άτε
841 1533 976 1610 πολεμίοις

201 1619 330 1678 ἐδικαίουν
357 1622 443 1686 αὐτοῖς
463 1622 654 1700 προσφέρεσθαι
675 1621 721 1679 καί
736 1620 864 1699 συνῄεσαν
877 1623 907 1679 ta
920 1624 973 1679 τῶν

147 1709 172 1748 ¹⁵
200 1703 309 1785 ἔγγιστα
319 1706 422 1787 χωρίων
437 1706 480 1767 διά
492 1709 586 1787 τάχους
599 1696 633 1774 όις
647 1707 863 1779 ἐξαναστήσοντες
875 1708 974 1776 αὐτούς.

203 1795 239 1852 Oi
255 1794 282 1852 δέ
297 1795 445 1874 Πελασγοί·
461 1798 617 1874 τυγχάνουσι
631 1795 682 1876 γάρ
694 1799 720 1854 ἐν
735 1799 818 1875 τούτῳ
837 1801 875 1875 τῷ
889 1797 975 1876 χρόνῳ

199 1883 270 1941 κατά
285 1884 465 1963 δαίμοναπερὶ
482 1885 611 1944 Κοτυλίαν
622 1889 697 1944 πόλιν
719 1884 884 1964 Ἀύοριγίνων
902 1888 976 1944 αὐλι-

200 1970 310 2047 σάμενοι
331 1971 441 2043 πλησίον
468 1977 515 2045 τῆς
538 1976 608 2053 ἱερᾶς
631 1973 739 2050 λίμνης·
764 1978 799 2041 ὡς
826 1973 856 2045 δὴ
880 1975 930 2043 τήν
945 1998 974 2032 τε

199 2061 294 2129 νησῖδα
318 2059 366 2130 τὴν
381 2063 407 2118 ἐν
427 2061 494 2140 αὐτῇ
508 2062 722 2135 περιδινουμένην
748 2062 914 2138 κατέμαθον,
930 2060 974 2121 καί

146 2166 173 2205 νο
199 2149 272 2226 παρά
290 2149 341 2206 τῶν
363 2147 558 2225 αἰχμαλώτων,
576 2146 619 2215 οὓς
642 2151 738 2206 ἐκτῶν
754 2149 840 2227 ἀγρῶν
864 2146 975 2222 έλαύον,

201 2234 318 2306 ἤκουσαν
334 2235 365 2294 τὸ
378 2239 430 2295 τῶν
452 2236 601 2315 ἐπιχωρίων
614 2235 707 2313 ὄνομα,
722 2236 793 2302 τέλος
806 2235 877 2314 ἔχειν
902 2235 976 2315 σφίσι

198 2322 228 2378 τὸ
244 2322 397 2401 θεοπρόπιον
414 2323 556 2382 ύπελαύον.
599 2322 632 2383 Ὁ
652 2323 702 2403 γάρ
722 2326 748 2382 ἕν
767 2323 882 2403 Δωδώνη
899 2324 971 2400 γενό-
1013 2392 1016 2397 ,

199 2433 276 2486 μενος
288 2413 374 2479 αὐτοῖς
383 2435 402 2490 χ
405 2413 516 2490 ρησμθς,
533 2412 560 2470 ύν
577 2436 641 2490 φησι
653 2414 760 2480 Λεύκιος
778 2413 896 2478 Μάλλιος
910 2411 976 2491 ἀνὴρ

199 2500 247 2556 οὐκ
262 2498 365 2576 ἄσημος
388 2502 463 2568 αὐτὸς
484 2502 546 2559 ἰδεῖν
561 2503 607 2560 ε’πί
621 2525 688 2569 τινος
709 2504 761 2561 τῶν
781 2503 807 2560 ἔν
821 2506 860 2581 τῷ
874 2500 975 2577 τεμένει

145 2605 171 2646 tt
198 2591 244 2646 τοῦ
270 2587 333 2656 Διὸς
360 2589 488 2665 κειμένων
514 2590 644 2670 τριπόδων
675 2591 830 2670 γράμμασιν
855 2591 976 2669 ἀρχαίοις

202 2677 450 2757 ἐγκεχαραγμένον,
465 2679 512 2736 ὡδί
527 2670 593 2759 εἶχε·
688 2755 690 2761 Ι

322 2842 430 2908 στείχετε
445 2844 567 2908 μαιόμενοι
579 2847 683 2894 Σικελῶν
697 2849 841 2910 Σατουρνίαν
854 2849 918 2905 αἶαν,

322 2916 360 2972 ἠδ’
370 2917 534 2981 Ἀύοριγινέων
547 2918 672 2979 Κοτύλην,
685 2919 713 2968 ού
727 2924 799 2973 νᾶσος
813 2920 922 2981 δχείται·

323 2988 358 3043 οίς
371 2988 536 3050 ἀναμιχθέντες
550 2988 650 3047 δεκάτην
666 2989 803 3051 ίνπέμψατε
817 2990 910 3050 Φοίῧῳ,

323 3071 365 3119 καὶ
374 3072 474 3130 κεφαλάς
481 3071 591 3132 Κρονίδη,
602 3070 685 3132 καὶτῷ
694 3071 766 3131 πατρὶ
774 3071 879 3131 πέμπετε
887 3074 962 3129 φῶτε.

238 3207 301 3267 XX.
317 3205 439 3267 Ἐλθούσι
449 3207 479 3277 δη
490 3206 691 3285 τοῖςἈύοριγῖσι
703 3206 749 3264 σύν
765 3207 850 3285 πολλῇ
864 3215 977 3286 στρατιᾷ

199 3294 332 3374 ἱκετηρίας
346 3297 370 3352 oi
399 3294 535 3371 Πελασγοί
548 3293 725 3372 προτείνοντες
748 3293 829 3369 ύμόσι
848 3300 976 3374 χωροῦσιν

200 3382 321 3455 άνοπλοι,
338 3379 476 3461 φράζοντές
488 3404 516 3438 τε
530 3381 578 3450 τδις
588 3384 686 3440 ἑαυτῶν
706 3380 788 3459 τύχας
803 3380 848 3440 καὶ
861 3381 977 3457 δεόμενοι

199 3470 263 3548 πρὸς
272 3471 359 3550 φιλίαν
375 3469 496 3539 δέξασθαι
510 3479 578 3550 σφᾶς
590 3469 722 3535 συνοίκους
731 3471 759 3529 οὐ
769 3468 903 3549 λυπηροὺς
918 3471 977 3528 έσο·

146 3585 173 3626 ,ς
202 3558 305 3635 μένους,
317 3561 373 3617 ἐπεὶ
388 3559 433 3617 καὶ
449 3561 479 3618 τὸ
490 3559 623 3636 δαιμόνιον
643 3557 736 3624 αὐτούς
750 3560 785 3624 εἰς
799 3558 876 3631 τήνδε
892 3558 975 3635 μόνην

201 3647 257 3721 ἄγει
278 3645 325 3716 τὴν
351 3644 456 3727 χώραν,
478 3646 646 3724 ἐξηγούμενοι
672 3645 702 3704 τδ
729 3646 828 3723 λόγιον.
870 3648 933 3712 Τοίς
954 3646 977 3704 δ’

201 3730 342 3809 Ἄύοριγίσι
365 3737 449 3792 ταῦτα
472 3733 626 3809 πυθομένοις
655 3732 740 3791 ίθόκιι
770 3732 905 3793 πείθεσθαι
938 3736 977 3813 τῷ

201 3820 349 3901 θεοπροπίῳ
371 3827 416 3880 καὶ
439 3821 529 3881 λαύεῖν
554 3823 710 3901 συμμαχίαν
732 3820 891 3894 Ἑλληνικὴν
908 3822 977 3879 κατά

201 3910 252 3966 τῶν
270 3908 399 3988 διαφόρων
416 3910 489 3990 σφίσι
504 3911 663 3990 βαρύάρων,
676 3910 846 3984 πονουμένοις
861 3913 898 3989 τῷ
910 3909 976 3991 πρὸς

148 4025 175 4065 40
200 3994 261 4061 τός
284 3996 408 4065 Σικελούς
433 4000 552 4078 πολέμῳ.
597 3998 761 4059 Σπένδονταί
792 4021 821 4055 τε
852 3997 883 4068 δὴ
913 3997 977 4076 πρὸς

201 4082 260 4149 τούς
274 4085 428 4162 Πελασγούς
451 4089 496 4145 καὶ
520 4088 634 4147 διδόασιν
650 4088 737 4152 αὐτοῖς
756 4088 842 4165 χωρία
855 4091 902 4157 τῆς
916 4089 978 4144 ίαν-

202 4176 253 4231 τῶν
269 4175 467 4250 ἀποδασάμενοι
485 4175 516 4234 τδι
541 4178 604 4255 περὶ
618 4176 665 4248 τὴν
685 4175 758 4254 ἱεράν
773 4175 884 4251 λίμνην,
901 4176 926 4231 έν
941 4165 978 4242 οἷς

202 4250 283 4331 ἦντά
302 4262 388 4319 πολλὰ
413 4262 513 4334 ἑλώδη,
538 4264 617 4321 άνῦν
647 4263 715 4323 κατὰ
740 4263 783 4321 τὸν
806 4267 916 4342 άρχαῐον
931 4269 978 4335 τῆς

203 4351 340 4410 διαλέκτου
355 4353 450 4429 τρόπον
466 4353 567 4414 Οὐέλια
591 4355 755 4431 ὀνομάζεται.
799 4354 913 4426 Σύνηθες
927 4352 977 4434 γάρ

148 4467 175 4508 45
204 4430 236 4512 ἦν
250 4443 305 4507 τοῖς
328 4441 447 4519 ἀρχαίοις
460 4439 592 4514 Ἕλλησιν
614 4446 649 4509 ὡς
668 4443 702 4499 τὰ
727 4440 812 4500 πολλὰ
827 4443 977 4522 προτιθέναι

201 4531 254 4588 τῶν
270 4529 423 4606 ὀνομάτων,
438 4530 540 4589 ύπόσων
555 4534 580 4591 αί
595 4531 676 4610 άρχαὶ
691 4528 742 4588 άπδ
757 4530 909 4611 φωνηέντων
923 4531 977 4608 tpi-

202 4638 287 4691 νοντο,
310 4616 357 4688 τὴν
378 4624 407 4676 οῦ
429 4618 565 4691 συλλαύήν
589 4620 626 4679 ἑνὶ
654 4619 775 4700 στοιχείῳ
801 4621 977 4698 γραφομένην.

202 4709 278 4762 τοῦτο
301 4706 323 4763 δ’
347 4696 379 4777 ἧν
397 4705 487 4784 ὥσπερ
507 4708 602 4786 γάμμα
625 4709 723 4773 διτταῖς
746 4707 787 4764 ἐπί
813 4707 876 4783 μίαν
898 4707 977 4786 ὀρθὴν

203 4795 418 4871 ἐπιζευγνύμενον
438 4804 496 4863 ταῖς
519 4796 651 4876 πλαγίοις,
678 4800 713 4862 b<
737 4796 836 4869 Ὲελένη
857 4798 902 4855 καὶ
923 4798 977 4859 Fat-

148 4910 175 4946 ιο
203 4880 249 4949 ναξ
262 4883 307 4940 καί
323 4885 416 4952 θὀἳκος
432 4883 477 4944 καί
490 4885 566 4964 liudp
586 4884 631 4943 καί
656 4884 741 4944 πολλά
762 4888 882 4946 τοιαῦτα.
926 4883 977 4945 'E-

203 4992 280 5027 πειτα
306 4973 385 5051 μοῖρά
399 4998 437 5040 τις
449 4976 533 5033 αὐτῶν
549 4975 596 5032 οὐκ
612 4973 750 5051 ἐλαχίστη,
767 4975 830 5042 ύνςὴ
844 4995 878 5049 γη
897 4980 977 5030 πᾶσιν

205 5059 252 5113 οὐκ
269 5060 380 5140 ἀπέχρη,
408 5062 545 5130 πείσαντες
558 5059 617 5129 τοὺς
632 5061 800 5140 Ἀύοριγῖνας
814 5060 976 5138 συνάρασθαι

205 5145 277 5223 σρίσι
291 5154 338 5220 τῆς
358 5150 444 5218 ἐξόδου
457 5152 643 5232 στρατεύουσιν
666 5152 709 5212 tat
728 5152 785 5218 τοὺς
800 5147 976 5228 Ὀμόρικοὺς,

714 339 884 400 btobrstt
909 340 1292 401 HALICARNASSENSIS

1029 482 1105 533 manis
1125 481 1182 530 iudc
1200 481 1262 544 puisi
1280 486 1351 538 σατις
1365 486 1438 543 atquc
1461 480 1616 542 Pelasgorum
1636 493 1726 542 genus,
1741 480 1809 543 quod

1028 568 1060 619 sd
1084 570 1175 619 ostium
1199 570 1350 633 Spineticum
1377 573 1458 618 tuerat
1494 568 1623 628 reticium,
1648 568 1682 616 ita
1706 568 1806 618 interiit.

1059 659 1125 707 xix.
1144 658 1192 715 Qui
1204 670 1263 708 τετυ
1272 656 1303 706 ad
1318 656 1494 706 mediterranea
1508 669 1535 706 ae
1545 657 1723 716 converterant,
1737 669 1809 720 supe-

1028 754 1088 801 ratis
1099 753 1176 803 natm
1192 753 1252 803 iocis
1272 753 1401 811 montanis.
1424 754 1448 801 in
1462 751 1612 802 Umbrorum
1636 744 1809 814 Aboriginibus

1029 848 1188 900 finitimorum
1200 849 1322 914 συρίττειν
1342 852 1517 913 pervenerunt.
1550 850 1612 898 Nam
1621 850 1648 897 et
1661 846 1739 897 multa
1759 848 1809 897 otia

1028 949 1106 999 ltaliae
1124 948 1179 998 loca
1200 948 1287 998 Umbri
1314 946 1469 1003 incolebant.
1483 948 1558 1010 atque
1574 946 1629 995 broc
1644 958 1703 1009 gens
1718 947 1771 995 erat
1783 944 1810 995 in

1028 1045 1117 1110 primis
1132 1045 1214 1110 ampla
1236 1045 1392 1109 etantiqua.
1427 1043 1501 1094 Initio
1521 1044 1595 1108 igitur
1620 1042 1713 1106 Pelasgi
1736 1037 1810 1108 agros

1028 1145 1195 1207 occuparunt,
1215 1141 1343 1204 inquibus
1358 1141 1463 1204 primum
1479 1141 1551 1190 sedes
1564 1140 1679 1191 fixerant.
1694 1144 1720 1190 et
1736 1155 1807 1204 quae·

1028 1241 1086 1292 dam
1106 1241 1257 1290 Umbromm
1278 1238 1393 1303 oppidula
1421 1241 1545 1302 ceperunt.
1578 1238 1626 1287 Sed
1644 1230 1708 1289 σααί
1723 1238 1810 1301 iugens

1029 1339 1149 1390 exercitus
1172 1343 1257 1388 contra
1279 1351 1322 1386 eos
1343 1337 1506 1396 convenisset,
1529 1335 1637 1384 bostium
1652 1335 1810 1387 multitudiue

1030 1434 1111 1486 territi
1130 1435 1305 1494 discesserunt,
1319 1437 1344 1484 ct
1359 1433 1384 1482 in
1395 1432 1552 1496 Aboriginum
1564 1432 1688 1491 regionem
1708 1445 1735 1481 se
1748 1445 1810 1481 con·

1029 1533 1160 1583 tulerunt:
1183 1537 1259 1596 atque
1281 1532 1424 1595 Aborigines
1446 1545 1490 1582 eos
1510 1535 1539 1580 ut
1558 1531 1644 1581 bostes
1665 1531 1810 1581 traebrndos

1030 1632 1174 1699 censebant,
1197 1635 1222 1681 ct
1238 1630 1351 1681 celeriter
1369 1642 1397 1679 er
1416 1629 1534 1693 proximis
1544 1628 1605 1678 locis
1616 1629 1642 1678 in
1659 1642 1737 1678 unum
1749 1642 1808 1679 con·

1030 1727 1154 1787 tinebant,
1179 1732 1208 1777 ut
1221 1741 1264 1777 eos
1283 1726 1453 1790 reppeiierent.
1487 1727 1519 1775 At
1531 1725 1635 1787 Pelasgi,
1656 1724 1810 1776 diverterant

1030 1825 1093 1873 enim
1106 1826 1170 1874 sorte
1182 1826 1279 1874 fortuna
1293 1823 1323 1873 ad
1337 1822 1445 1883 cotilas,
1461 1822 1620 1885 Aboriginum
1635 1822 1724 1872 urbem
1741 1822 1810 1871 iuxta

1030 1934 1126 1969 sacrum
1141 1921 1235 1979 lacum,
1248 1923 1379 1984 postquam
1389 1916 1614 1968 animadverterunt
1624 1931 1725 1981 parrmn
1741 1918 1810 1968 insu·

1030 2008 1093 2069 lam,
1110 2021 1166 2070 quae
1182 2007 1205 2056 iu
1221 2021 1251 2056 ου
1265 2007 1326 2056 tacu
1336 2006 1485 2069 agitabatur,
1498 2009 1524 2054 ct
1538 2018 1570 2055 cx
1584 2005 1697 2068 captivis,
1710 2018 1775 2069 quos
1785 2004 1810 2054 in

1030 2105 1094 2167 agris
1105 2105 1297 2168 interceperant,
1311 2103 1459 2154 audiverunt
1469 2115 1558 2153 nomen
1568 2102 1706 2162 bominum,
1717 2103 1757 2165 qui
1771 2115 1810 2154 ιο·

1029 2203 1125 2266 gioucm
1140 2201 1207 2251 iliarn
1229 2201 1384 2262 incolebant,
1406 2200 1535 2250 oracutum
1556 2198 1601 2250 sibi
1618 2199 1675 2249 oiim
1685 2198 1810 2250 redditum

1030 2299 1062 2348 ad
1087 2299 1160 2350 smem
1188 2297 1335 2363 perductum
1368 2296 1532 2348 crediderunt.
1577 2298 1639 2346 Num
1662 2295 1809 2356 oracutum,

1029 2397 1095 2459 quod
1107 2397 1167 2460 ipsis
1187 2397 1293 2445 bodonoe
1312 2393 1435 2445 redditum
1450 2394 1530 2443 suerat
1545 2391 1627 2457 (quod
1644 2394 1670 2442 b.
1684 2391 1809 2441 Manlius.

1030 2493 1070 2540 vir
1083 2505 1131 2540 non
1151 2491 1282 2552 obscurus,
1298 2491 1433 2541 sevidisse
1452 2490 1512 2540 dicit
1527 2490 1551 2538 in
1568 2488 1677 2551 quodam
1698 2486 1810 2551 tripode,

1030 2590 1072 2652 qui
1095 2589 1119 2638 in
1138 2589 1204 2639 loris
1220 2587 1313 2652 templo
1335 2587 1513 2650 redimerat,
1532 2584 1621 2637 litteris
1640 2585 1748 2648 antiquis
1773 2585 1810 2633 iu-

1031 2686 1164 2750 scrrtptum)
1184 2685 1221 2735 sic
1235 2698 1262 2734 so
1276 2683 1400 2734 babebat:

1137 2854 1174 2897 ite
1186 2856 1315 2908 procurentur
1328 2850 1462 2894 siculorum
1473 2849 1614 2892 sntrrrmam
1626 2851 1721 2897 terram„

1136 2918 1216 2972 Atque
1226 2913 1387 2968 Aboripiunm
1402 2912 1517 2967 Cotyton,
1529 2909 1571 2954 ubi
1582 2910 1663 2953 ινιιιιία
1675 2911 1744 2952 riutat
1756 2919 1761 2948 ί

1141 2984 1233 3042 (tribue
1245 2980 1361 3037 pernrixti
1372 2980 1473 3024 decimus
1483 2978 1569 3023 mittite
1580 2976 1680 3030 rnaeco,

1137 3054 1168 3099 Et
1177 3051 1257 3105 capita
1269 3051 1320 3095 ittet
1328 3083 1335 3105 ,
1346 3053 1370 3093 et
1382 3048 1445 3097 narrt
1454 3048 1571 3094 nrrttitrrt
1577 3060 1639 3092 τανιι.
1648 3108 1650 3113 Ι

1054 3205 1808 3274 AX.ActrcntnntibusigiturcunrmaguoexercituAborigini-

1031 3299 1812 3366 busoccurreruntPolasgi,suppticesatqueincrrnes,uteroru-

1031 3397 1278 3461 mosprectendentcs
1298 3394 1485 3460 :expositisque
1505 3393 1556 3443 suis
1575 3392 1687 3451 casibus,
1707 3404 1810 3442 orarunt

1030 3492 1058 3536 ut
1074 3500 1101 3537 se
1117 3499 1272 3551 nequaqnam
1289 3486 1350 3550 ipsis
1359 3498 1446 3549 gmrcs
1455 3484 1580 3536 tuturosin
1597 3484 1729 3534 amicitiam
1741 3496 1808 3533 com·

1030 3581 1220 3643 munioncmquc
1239 3578 1334 3629 sodium
1356 3579 1507 3643 reciperunt,
1534 3581 1559 3628 et
1576 3575 1704 3627 oracutum
1735 3575 1812 3625 inter.

1029 3676 1156 3736 pretonico
1174 3686 1201 3723 sc
1212 3672 1238 3722 in
1252 3672 1317 3723 iilum
1328 3673 1405 3723 solam
1426 3673 1548 3736 regionem
1565 3670 1753 3732 sitiretiquuur
1771 3667 1811 3718 dei

1029 3766 1124 3816 monitu
1139 3766 1235 3816 delatos
1254 3765 1376 3815 dixerunt.
1421 3768 1483 3824 Qum
1508 3778 1565 3814 cum
1576 3761 1716 3823 Aborigines
1738 3759 1810 3811 intet-

1030 3857 1158 3919 texissent,
1174 3858 1347 3908 existimarunt
1364 3855 1465 3906 omcuto
1473 3853 1625 3918 parendum,
1646 3854 1672 3900 ct
1694 3853 1812 3901 crucam

1029 3951 1172 4001 sociotatem
1186 3951 1271 4000 contra
1284 3948 1404 3999 barbaros
1422 3947 1468 3996 sibi
1479 3947 1585 3996 intonsos
1606 3943 1809 4007 adsumendum,

1031 4045 1089 4105 quta
1114 4042 1179 4092 bello
1192 4041 1301 4106 graviter
1322 4037 1506 4104 premebantur,
1523 4035 1590 4099 quod
1610 4037 1694 4084 contra
1715 4034 1812 4087 Siculos

1030 4134 1154 4198 gerebant.
1189 4137 1275 4197 ltaque
1287 4146 1344 4182 cum
1357 4131 1465 4192 Pelasgis
1483 4129 1564 4179 runos
1579 4129 1677 4189 incunt,
1692 4132 1717 4179 et
1736 4142 1809 4192 agro·

1029 4245 1086 4282 rum
1098 4244 1152 4282 eam
1164 4234 1259 4295 partem
1269 4229 1327 4294 ipsis
1340 4231 1478 4289 assignant,
1496 4239 1552 4289 quar
1566 4228 1619 4274 erat
1632 4225 1697 4274 cirea
1710 4227 1809 4275 sacruto

1029 4323 1126 4383 Ιαοοτος
1139 4336 1245 4386 quorum
1262 4333 1350 4384 magna
1373 4332 1431 4383 paro
1446 4323 1500 4368 erat
1521 4317 1647 4382 palustris.
1670 4330 1726 4380 qum
1746 4328 1812 4368 nunc

1030 4429 1099 4466 more
1117 4416 1206 4481 priseae
1223 4414 1312 4476 lingum
1324 4413 1392 4462 Votia
1410 4415 1538 4462 vocatur:
1564 4423 1621 4460 nam
1641 4409 1714 4474 prisci
1728 4409 1810 4459 Graeci

1034 4508 1175 4561 nominibus
1201 4507 1313 4558 avocati
1334 4505 1506 4569 incipientibus
1531 4502 1650 4570 sybabam
1675 4520 1722 4564 ου,
1738 4502 1813 4555 unico

1031 4607 1148 4669 scriptam
1158 4603 1310 4662 charactere,
1319 4601 1616 4666 pierumqucproeponere
1626 4597 1738 4650 sciebant
1747 4598 1810 4661 (erat

1030 4701 1113 4747 autem
1129 4700 1155 4746 ut
1166 4708 1273 4758 gamma,
1293 4707 1350 4758 puer
1363 4693 1535 4757 scrutabatur
1547 4691 1646 4741 duabus
1664 4689 1733 4740 tineis
1745 4687 1809 4739 obli·

1030 4790 1086 4852 quis
1098 4787 1130 4838 ad
1146 4801 1221 4838 unam
1242 4791 1335 4836 rectam
1352 4784 1492 4848 adiunctis)
1509 4788 1537 4834 ut
1555 4783 1640 4841 Ἠελίῳ.
1652 4783 1678 4831 et
1693 4780 1771 4835 Εάναξ
1786 4782 1811 4830 et

1030 4883 1113 4938 Ροῖκος
1130 4885 1155 4931 et
1175 4882 1239 4943 b'or'p
1253 4883 1278 4929 ot
1293 4879 1372 4928 inuita
1392 4879 1449 4928 utin
1463 4875 1615 4928 huiusmodi.
1649 4871 1743 4923 Deinde
1758 4871 1810 4920 bo·

1030 4986 1085 5022 rum
1100 4986 1148 5022 non
1169 4972 1268 5022 minima
1281 4984 1348 5035 pars,
1360 4969 1418 5035 quia
1432 4983 1489 5033 ager
1510 4969 1555 5018 rue
1568 4965 1682 5018 omnibus
1695 4976 1744 5013 non
1758 4960 1809 5012 sui·

1030 5063 1136 5123 siciebat,
1148 5062 1319 5129 Aboriginibus
1331 5064 1519 5127 persuaserunt.
1533 5064 1561 5111 ut
1580 5071 1666 5109 secum
1686 5054 1717 5106 ad
1738 5052 1808 5104 belii·

1031 5168 1086 5207 cam
1115 5158 1291 5221 expeditionem
1317 5155 1540 5220 proficiscerentur3
1568 5154 1594 5202 et
1624 5148 1688 5201 betto
1710 5142 1811 5196 Umbris
