3772 5828
166 264 225 324 θίθ

164 396 257 475 ἔτυχον
273 394 324 475 γδιρ
344 395 409 474 ὑπὲρ
432 394 519 453 αὗτύῖν
539 392 639 452 τούτων
664 392 875 475 συνεδρεύοντες·
895 392 942 453 καῖ

163 484 336 566 παρελθόντες
357 484 476 556 ίδίοντο,
497 481 565 560 μήτε
587 481 680 549 αὑτούς
708 482 743 543 τδι
767 482 869 563 ἔσχατα
893 506 941 541 πε-

164 573 289 638 πονθότας
310 574 451 655 περιϊδεῖν,
480 570 549 647 μήτε
572 570 617 630 τὸν
642 572 725 648 δῆμον
767 571 942 652 ἀφαιρεθέντα

162 661 210 733 την
227 661 253 730 ἐξ
265 663 351 720 αὐτῶν
369 658 509 740 βοήθειαν,
526 656 664 725 διεξιόντες
685 658 734 718 όσα
752 650 821 731 ἦσαν
844 682 941 719 πεπον·

124 763 137 800 ιν
163 749 235 817 θότες
257 749 308 807 ὑπὸ
329 755 382 809 τῶν
397 749 503 806 ὑπάτων
521 745 566 806 καλ
582 751 629 819 τῆς
654 749 713 829 περ’·Ι
739 746 832 817 αύτούς
858 771 941 808 συνω-

164 839 280 913 μοσίας,
299 841 329 897 ού
346 837 422 914 μόνον
445 838 481 903 είς
505 832 553 907 τὴν
577 833 695 903 ἐξουσίαν
716 834 783 894 ἀλλά
799 838 844 896 καὶ
859 838 895 904 εἰς
909 837 943 894 εδ

163 926 275 1001 σώματα
292 924 559 1008 προπηλακισθέντες.
590 923 694 992 Ἠξίουν
707 947 735 983 τε
751 925 820 984 δυεῖν
834 924 941 1006 θάτερον

163 1024 246 1075 ποιεῖν
260 1014 319 1082 τούς
342 1015 470 1079 ὑπάτους·
486 1015 508 1070 εί
532 1010 580 1083 μὲν
597 1014 735 1089 ἀρνοῦνται
759 1012 841 1090 μηδὲν
863 1002 900 1071 δον
918 1020 942 1072 οῖ

163 1102 238 1179 νόμοι
250 1103 432 1162 κεκωλύκασιν
447 1101 482 1166 εἰς
495 1099 529 1158 τδι
542 1102 594 1156 τῶν
614 1099 760 1179 δημάρχων
781 1102 943 1178 πλημμελῆ-

164 1214 210 1251 σαι
224 1190 350 1270 σώματα,
366 1188 592 1268 παραγενομένους
610 1191 645 1254 εἰς
658 1185 705 1258 τὴν
721 1189 865 1260 ἐκκλησίαν
880 1193 943 1249 ἀπο·

165 1282 259 1357 μύσαι·
277 1283 299 1340 el
321 1280 348 1339 δὲ
366 1283 416 1359 οὑχ
440 1277 599 1354 ὑπομένουσι
622 1277 665 1337 τόν
692 1276 786 1355 όρκον,
802 1276 876 1349 ἥκειν
899 1277 942 1337 ἐπί

164 1371 223 1438 τοὺς
244 1368 361 1446 δημότας
375 1367 452 1446 λόγον
473 1365 630 1444 ὑφέξοντας·
651 1364 794 1424 ἀναδώσειν
810 1365 862 1446 γάρ
877 1364 943 1448 incip

165 1461 251 1517 αὑτῶν
273 1461 330 1522 ταῖς
347 1457 441 1535 φυλαῖς
463 1452 510 1524 τὴν
534 1457 633 1534 ψῆφον.
658 1455 693 1513 Οἱ
713 1455 741 1512 δδ
764 1453 860 1514 ύπατοι
879 1453 943 1534 πρδς

163 1548 237 1604 ταῦτ’
268 1548 460 1620 ἀπελογοῦντο,
503 1542 668 1607 διδάσκοντες
700 1541 740 1600 ότι
763 1546 810 1614 τῆς
845 1541 944 1623 ἀθρεως

164 1636 188 1692 oi
204 1632 337 1712 δήμαρχοι
359 1631 477 1710 ἄρξειαν,
502 1630 629 1710 αὗθαδιίφ
643 1629 809 1710 χρησόμενοι
822 1631 868 1690 καί
883 1632 942 1690 τολ-

165 1721 296 1800 μήσαντες
318 1723 355 1786 είς
376 1719 484 1780 ὑπάτων
504 1719 619 1797 σώματα
640 1730 825 1798 παρανομεῖν,
845 1720 876 1780 τό
895 1719 943 1799 μὲν

164 1814 267 1888 πρῶτον
291 1808 433 1887 ὑπηρέταις
456 1831 482 1867 τε
500 1808 546 1866 καλ
568 1807 743 1888 ἀγορανόμοις
762 1808 944 1877 ἐπιτάττοντες

164 1899 237 1978 ἀγειν
254 1901 289 1966 εἰς
305 1899 336 1958 τὸ
354 1896 535 1976 δεσμωτήριον
559 1896 704 1976 ἄρχοντας,
724 1885 761 1962 οἷς
783 1896 814 1955 τδ
834 1896 943 1955 πάντων

165 1987 322 2048 ἀποδέδοται
338 1988 449 2065 κράτος,
471 1985 553 2044 ἔπειτ’
569 1985 644 2042 αὖτολ
660 1985 840 2060 τολμήσαντες
861 1984 942 2062 ὑμόσε

110 2086 138 2124 20
164 2086 259 2156 χωρεῖν
277 2077 322 2136 σὺν
335 2080 389 2141 τοῖς
406 2075 583 2150 ἰταμωτάτοις
598 2076 649 2131 τῶν
665 2073 831 2147 δημοτικῶν·
852 2073 900 2142 τάς
914 2098 942 2134 τε

163 2165 248 2245 ἀρχδς
262 2165 428 2231 διδάσκοντες
438 2161 498 2221 ὅσον
518 2160 642 2233 ἀλλήλων
658 2160 843 2241 διαφέρουσιν,
860 2166 877 2233 ἠ
895 2161 942 2240 μέν

164 2252 280 2324 ὑπατικὴ
296 2253 325 2310 τὸ
338 2256 390 2310 τῶν
408 2250 539 2328 βασιλέων
553 2249 652 2328 έχουσα
675 2250 790 2329 κράτος,
815 2254 830 2322 ἡ
854 2249 881 2309 δέ
897 2252 943 2324 δη-

164 2340 284 2421 μαρχικὴ
298 2344 346 2411 τῆς
364 2338 484 2419 βοηθείας
507 2344 583 2398 ἔνεκα
604 2340 802 2418 παρεληλυθυῖα
824 2342 877 2398 τῶν
895 2364 944 2398 κα-

164 2419 390 2511 τισχυομένων,ᾗ
409 2427 533 2487 τοσούτου
555 2426 608 2483 δεῖν
621 2424 716 2493 ἀξεῖναι
730 2424 800 2485 κατά
811 2429 864 2485 τῶν
879 2429 943 2487 ὑπαί·

110 2525 138 2565 as
164 2516 296 2584 τεοντινδς
311 2519 397 2599 ψῆφον
418 2515 569 2574 ἀναδιδόναι
593 2521 647 2581 τοῖς
667 2514 770 2594 όχλοις,
791 2513 861 2575 ὥστε
876 2516 943 2593 μηδὲ

164 2606 234 2669 κατά
252 2610 305 2665 τῶν
320 2606 408 2665 ἀλλων
427 2606 574 2683 πατρικίων
595 2609 641 2662 τοὺ
657 2605 823 2684 φαυλοτάτου
843 2605 942 2678 ταύτην

164 2695 337 2756 ἀποδεδόσθαι
351 2696 399 2765 τὴν
422 2692 560 2763 ἐξουσίαν,
581 2691 612 2750 διν
627 2691 664 2771 μὴ
685 2696 702 2763 ἡ
721 2691 802 2770 βουλὴ
825 2691 943 2773 ψηφίση-

164 2809 220 2845 ται.
264 2783 404 2844 Ἠπείλουν
419 2805 462 2855 τε,
481 2779 544 2841 όταν
557 2782 650 2840 ἐκεῖνοι
660 2783 746 2861 ψῆφον
761 2780 876 2839 ἀναδῶσι
892 2782 944 2848 τοῖς

164 2873 307 2951 δημόταις,
323 2873 398 2932 αύτοῖ
412 2871 447 2930 τολ
459 2870 529 2928 δπλα
544 2868 697 2948 περιθήσειν
709 2877 763 2935 τοῖς
786 2870 941 2949 πατρικίοις.

164 2962 298 3024 Τοιούτων
310 2962 343 3033 διλ,
359 2960 489 3041 ῥηθέντων
504 2958 589 3035 λόγοιν
608 2959 641 3016 δι’
656 2955 718 3028 ὅλης
736 2956 853 3034 ἡμέρας,
870 2959 943 3016 οὐδὲν

164 3051 329 3130 ἕξιίνεγκενη
346 3048 427 3126 βουλὴ
448 3045 536 3117 τέλος,
555 3043 597 3102 ίνα
615 3043 682 3119 μήτε
702 3043 750 3114 τὴν
771 3047 823 3103 τῶν
836 3045 942 3104 ὑπάτων

164 3139 249 3220 ἀρχὴν
265 3137 400 3215 μειύισειε,
423 3133 491 3210 μήτε
504 3137 552 3203 τὴν
567 3137 619 3190 τῶν
636 3132 800 3211 δημάρχων,
818 3133 942 3213 ἑκάτερον

164 3233 252 3309 δρῶσα
269 3225 391 3303 μεγάλων
406 3219 531 3282 κινδύνων
550 3220 633 3280 αἴτιον
649 3218 781 3296 έσόμενον.

204 3318 322 3379 XXXV.
346 3313 423 3374 Ἐπεί
450 3312 477 3371 δὲ
502 3313 621 3370 κάκεῖθεν
647 3309 824 3382 ἀπηλάθησαν
851 3315 875 3372 οῖ
897 3313 943 3383 δή·

126 3412 137 3448 ⁵
165 3431 264 3487 μαρχοι
287 3403 407 3484 βοήθειαν
434 3400 557 3477 οὐδεμίαν
577 3399 725 3478 εὑρόμενοι,
744 3401 872 3461 ἐσκόπουν
893 3394 943 3461 αύ-

165 3502 203 3561 θις
216 3495 266 3552 ότι
278 3492 332 3573 χρὴ
343 3493 427 3551 ποιεῖν
441 3494 476 3558 εἷς
490 3491 534 3549 τὸν
547 3490 630 3565 δῆμον
649 3488 814 3568 ἀφικόμενοι.
846 3489 944 3559 Ἐνίοις

165 3584 213 3653 μὲν
228 3574 271 3641 οὑν
289 3582 390 3655 ἐδόκει,
411 3579 456 3639 καὶ
473 3578 589 3655 μάλιστα
612 3585 664 3642 τοῖς
680 3579 943 3658 ταραχωδεστάτοις,

166 3670 271 3730 ἀπιέναι
283 3674 363 3730 πάλιν
376 3672 405 3729 έκ
416 3673 463 3741 τῆς
473 3669 574 3734 πολεως
582 3665 640 3735 τοὺς
650 3668 806 3745 δημοτικοὺς
830 3667 862 3726 τά
874 3671 943 3728 όπλα

166 3759 400 3835 ἀναλαμόάνοντας
413 3762 448 3824 εἷς
462 3758 491 3815 τό
504 3759 572 3835 ἱερὸν
586 3756 652 3836 όρος,
663 3758 723 3815 ἔνθα
735 3756 780 3814 καὶ
795 3756 826 3814 τδ
840 3760 943 3837 πρῶτον

166 3846 453 3927 ἐστρατοπεδεύσαντο,
481 3846 527 3904 καλ
542 3846 586 3903 τὸν
607 3846 722 3921 πόλεμον
744 3850 840 3906 ἐκεῖθεν
856 3850 944 3925 ὁρμω-

168 3936 259 4009 μένους
279 3946 362 3994 ποιεῖν
377 3935 440 4014 πρδς
453 3933 512 3999 τοὺς
533 3933 701 4011 πατρικίους,
718 3935 808 4006 ἐπειδὴ
823 3936 871 4003 τδις
888 3961 944 3996 συν·

167 4022 248 4093 θήκας
267 4022 363 4081 ἔλυσαν
380 4025 473 4080 ἐκεῖνοι
493 4020 540 4087 τὰς
552 4022 691 4097 γενομένας
711 4024 796 4089 αὐτοῖς
818 4024 882 4104 πρὸς
900 4026 944 4086 τὸν

167 4112 266 4186 δῆμον,
285 4112 459 4176 καταλύοντες
472 4110 520 4181 τὴν
535 4107 704 4188 δημαρχικὴν
723 4109 840 4178 ἐξουσίαν
859 4116 943 4173 turoi]

166 4205 288 4276 ρανεραῖ.
311 4200 374 4263 Τοῖς
386 4199 413 4255 δὲ
427 4197 544 4257 πλείοσιν
561 4197 643 4257 ἐδόκει
657 4198 697 4275 μὴ’
713 4209 883 4280 παραχωρεῖν
897 4208 944 4276 τῆς

127 4329 137 4363 1.,
166 4287 279 4356 πόλεως,
298 4285 364 4360 μηδὲ
380 4287 453 4346 κοινδι
469 4287 574 4345 πάντων
593 4289 750 4364 ἐγκλήματα
772 4300 856 4349 ποιεῖν
878 4294 944 4374 ὑπὲρ

166 4368 202 4433 ὧν
217 4374 269 4454 ίδίφι
292 4373 408 4441 τινὲςείς
422 4374 481 4441 τοὺς
501 4376 653 4454 δημάρχους
675 4378 881 4456 παρηνόμησαν,
898 4382 944 4440 ε’διν

166 4464 198 4522 τά
213 4464 438 4543 συγκεχωρημένα
450 4474 502 4530 τοῖς
518 4466 605 4540 νόμοις
620 4466 802 4542 λαμόάνωσιν,
816 4469 841 4528 οἳ
855 4471 944 4529 κελεύ-

166 4578 223 4613 ουσι
237 4553 340 4624 νηποινί
360 4558 480 4613 τεθνάναι
505 4553 564 4620 τούς
585 4554 743 4635 ὑόρίσαντας
766 4557 824 4635 [εἰς]
838 4560 870 4615 τὰ
892 4563 943 4616 τῶν

165 4643 311 4720 δημάρχων
328 4639 453 4715 σώματα.
479 4645 542 4708 Τοῖς
561 4641 587 4700 δὲ
608 4647 789 4724 χαριεστέρως
810 4647 943 4725 οὐδέτερον

164 4733 263 4791 τούτοιν
277 4731 396 4810 ἐφαίνετο
409 4732 496 4795 καλῶς
511 4731 596 4809 ἔχειν,
608 4732 666 4791 οὔτε
679 4733 726 4805 τὴν
740 4735 815 4793 πόλιν
829 4736 943 4794 ἐκλιπεῖν

164 4822 222 4880 ούτε
245 4822 320 4903 φόνον
346 4820 451 4899 ἄκριτον
473 4822 617 4895 ἐπιτελεῖν,
643 4823 687 4879 καὶ
709 4829 793 4880 ταῦτα
815 4824 941 4894 ὑπάτων,

163 4902 228 4981 cici,
246 4912 357 4990 μεγίστη
373 4909 494 4968 ὑπέκειτο
511 4911 600 4989 ἀρχὴ,
622 4912 680 4971 ἀλλ’
696 4915 732 4976 εἷς
747 4912 805 4978 τοὺς
820 4936 942 4991 συναγω-

163 4999 309 5073 νιζομένους
324 4999 412 5064 αὐτοῖς
427 4999 585 5078 μεταφέρειν
610 4998 657 5070 τὴν
674 4998 769 5077 ὀργὴν,
785 4998 830 5057 καὶ
850 4999 896 5066 τὰς
912 5002 943 5057 ἐκ

161 5085 214 5150 τῶν
240 5086 324 5170 νόμων
342 5086 472 5167 τιμωρίας
493 5087 558 5167 παρ’
577 5088 682 5146 ἐκείνων
707 5085 861 5161 λαμύάνειν,
908 5090 942 5147 Εἰ

654 257 823 321 utortlstt
844 256 1224 322 uatrcnttttrtssuttsts

998 401 1073 453 rebus
1095 403 1120 453 in
1142 404 1211 454 curia
1234 403 1421 466 consultabant)
1434 405 1459 455 et
1483 402 1509 452 in
1529 403 1644 453 medinm
1662 406 1798 469 progressi

998 493 1129 554 rogarunt,
1145 505 1213 542 nese
1225 490 1373 543 fedissimas
1389 491 1492 553 iniurias
1510 504 1599 554 passos
1618 491 1796 557 negligerent.

997 592 1059 630 nere
1072 577 1137 643 plebi
1160 594 1233 630 snum
1260 580 1378 631 auxilium
1405 579 1465 644 eripi
1486 582 1657 643 paterentur:
1687 581 1796 645 (omues

998 667 1099 730 injurias
1121 668 1168 719 sibi
1188 669 1359 721 aoonsulibus
1373 671 1401 719 et
1418 669 1548 733 conjurata
1564 682 1655 719 eorum
1680 670 1796 721 factione

998 755 1079 807 illatm
1094 761 1266 818 recensentes;
1288 762 1376 822 utpote
1393 757 1437 823 qui
1452 757 1610 809 contumetiis
1631 772 1684 809 non
1708 762 1794 811 sotum

998 846 1114 909 potestati
1134 860 1202 907 suae,
1226 847 1327 909 (rerum
1354 848 1427 898 ettam
1443 846 1606 912 corporibus)
1627 847 1713 898 illatis
1732 848 1793 898 alli·

998 937 1128 992 cerentur;
1160 935 1384 999 postulabantque,
1430 938 1459 985 ut
1491 935 1605 985 consules
1633 934 1792 987 atterutrum

998 1022 1107 1072 tacerent
1123 1026 1174 1081 aut,
1199 1022 1221 1072 si
1234 1026 1352 1085 negarent
1376 1036 1403 1072 se
1424 1021 1473 1072 ullo
1491 1022 1565 1072 motlo
1579 1022 1605 1072 in
1622 1022 1791 1074 tribunorum

997 1122 1103 1173 corpora
1128 1114 1212 1162 eontra
1232 1112 1297 1176 leges
1310 1111 1458 1174 deliquisse,
1479 1125 1524 1176 pro
1541 1111 1664 1162 muclone
1684 1114 1789 1178 dejera-

999 1202 1067 1259 rent;
1091 1203 1143 1260 aut,
1168 1201 1189 1251 si
1213 1201 1297 1266 religio
1316 1214 1359 1252 eos
1375 1203 1470 1252 vetaret
1488 1199 1588 1264 iurare,
1611 1204 1644 1253 ad
1662 1205 1788 1268 populum

999 1287 1121 1346 venirent,
1145 1291 1171 1339 et
1198 1291 1263 1354 apud
1282 1305 1340 1342 cum
1365 1303 1479 1342 caussam
1506 1289 1642 1341 dicerent:
1662 1306 1693 1341 se
1720 1294 1787 1343 enirn

1000 1374 1079 1426 tribus
1091 1376 1116 1426 in
1131 1377 1248 1442 suttragta
1266 1379 1393 1429 missuros.
1426 1378 1546 1429 consules
1560 1378 1594 1429 att
1607 1378 1664 1429 baec
1679 1393 1709 1429 se
1723 1394 1786 1444 pur·

1001 1469 1086 1531 gentes
1099 1465 1290 1531 responderunt,
1307 1468 1332 1517 et
1340 1468 1540 1517 demonstrarunt
1555 1465 1657 1517 initium
1676 1467 1786 1530 injuria·

1000 1568 1056 1605 rum
1075 1568 1091 1604 a
1107 1554 1210 1604 tribunis
1222 1555 1326 1616 laetum,
1340 1555 1384 1618 qui
1401 1554 1536 1606 insolenter
1550 1569 1577 1606 se
1591 1556 1746 1618 gessissent.
1760 1560 1786 1609 et

1000 1644 1120 1693 violentas
1134 1656 1223 1694 manus
1242 1646 1327 1694 contra
1342 1645 1378 1694 tas
1390 1644 1520 1694 consulum
1533 1644 1681 1709 comunibus
1694 1646 1786 1696 inferre

1002 1731 1057 1781 ausi
1073 1731 1189 1793 luisseut3
1204 1732 1311 1796 primum
1327 1733 1440 1798 quidem,
1460 1732 1561 1796 quando
1571 1746 1617 1797 per
1628 1735 1785 1798 apparitores

1002 1824 1027 1870 et
1041 1821 1126 1872 auitas
1141 1822 1167 1871 ln
1183 1834 1309 1872 carcerem
1327 1833 1440 1870 summos
1455 1819 1618 1883 magistratus
1627 1819 1687 1871 duci
1704 1823 1786 1885 jusse-

1000 1911 1072 1965 ruut;
1094 1906 1182 1958 delum
1202 1922 1269 1969 vero,
1285 1907 1384 1971 quando
1400 1906 1510 1971 ipsimet,
1526 1908 1702 1959 audacissimis
1726 1910 1783 1973 qui·

1000 1994 1096 2059 busque
1110 1995 1210 2060 plebeiis
1223 1996 1322 2061 stipati,
1336 2010 1424 2046 manus
1433 1997 1458 2045 in
1469 2009 1513 2046 eos
1526 1996 1626 2061 injicere
1641 2003 1700 2048 sunt
1715 1999 1781 2049 ausi.

1002 2086 1210 2135 Demonstrarunt
1234 2085 1323 2141 etiam.
1344 2088 1465 2148 quantum
1483 2084 1612 2136 δῖεστῖωσα
1633 2087 1698 2134 inter
1716 2087 1782 2136 istos

1001 2170 1160 2234 magistratus
1168 2174 1251 2222 esset:
1268 2172 1423 2222 consularem
1432 2170 1495 2221 euim
1505 2174 1650 2235 potestatem
1662 2171 1778 2222 obtinere

1002 2259 1094 2324 regium
1110 2259 1239 2323 imperium
1254 2257 1394 2317 oleatum·
1404 2255 1551 2308 tribunitium
1568 2269 1628 2306 vero
1642 2257 1666 2307 in
1682 2256 1778 2307 cirita·

999 2349 1050 2397 tem
1060 2350 1186 2411 receptam
1197 2346 1286 2407 tuisse,
1299 2349 1328 2396 ut
1336 2345 1433 2396 civibus
1442 2344 1524 2397 rtmet
1533 2342 1644 2406 iniuriam
1659 2343 1778 2409 patieuti-

1000 2436 1364 2502 busopttulureturzettantum
1371 2432 1778 2509 ubesso‚utlicerettribuaisdiem

999 2526 1140 2578 oonsulibus
1156 2523 1252 2583 dicere,
1277 2522 1421 2587 plebemque
1442 2521 1468 2572 in
1491 2521 1606 2586 suffugia
1629 2526 1717 2573 eontra
1735 2536 1781 2574 eos

999 2615 1113 2673 mittere,
1130 2614 1158 2661 ut
1168 2623 1199 2661 ne
1211 2610 1237 2660 ln
1250 2608 1379 2660 mlnimum
1391 2607 1492 2672 quidem
1507 2609 1600 2661 ordinis
1612 2609 1711 2674 patricii
1726 2610 1782 2661 baec

1002 2704 1112 2767 potestas
1129 2700 1190 2760 illis,
1208 2699 1256 2749 nisi
1282 2711 1312 2748 ex
1331 2697 1563 2761 senatusconsulto,
1580 2697 1613 2748 sit
1635 2696 1703 2749 data.
1733 2699 1780 2750 lti-

1002 2791 1186 2853 nabanturque.
1207 2787 1229 2836 si
1247 2786 1281 2837 illi
1296 2784 1393 2851 plebem
1407 2783 1440 2834 ad
1451 2785 1572 2851 suttmgia
1587 2789 1721 2848 vocarent,
1733 2800 1779 2850 pa·

1002 2878 1087 2927 tricios
1101 2891 1116 2927 a
1131 2890 1158 2927 se
1172 2878 1296 2926 armatum
1315 2872 1355 2923 iri.
1387 2875 1415 2923 ln
1437 2873 1477 2923 his
1499 2873 1703 2925 altercationibus
1719 2888 1779 2925 con-

1003 2967 1085 3013 sumta
1097 2961 1146 3024 die,
1163 2963 1265 3010 serimus
1274 2958 1334 3009 nibil
1346 2959 1407 3010 certi
1418 2957 1538 3019 decrerit,
1547 2973 1580 3009 ne
1589 2960 1629 3010 vel
1641 2959 1779 3019 consulum,

1000 3051 1039 3101 rel
1049 3050 1220 3109 tribunorum,
1235 3049 1407 3110 magistratum
1418 3049 1557 3110 minneret;
1569 3047 1639 3113 quod
1648 3052 1782 3114 utrumque

1000 3155 1087 3206 magna
1100 3139 1209 3205 pericula
1224 3138 1356 3189 allaturum
1367 3139 1470 3190 videret.

1031 3336 1131 3384 xxxv.
1158 3335 1240 3390 Quum
1267 3331 1342 3395 igitur
1361 3331 1452 3381 tribuni
1475 3330 1548 3381 etiam
1569 3331 1627 3382 inde
1648 3336 1674 3382 r'e
1690 3331 1781 3383 irrtectu

1002 3423 1188 3478 discessissent.
1215 3410 1309 3471 reuersi
1337 3419 1369 3470 ad
1392 3420 1509 3484 populum
1532 3419 1625 3470 iterum
1644 3421 1782 3472 consultare

1001 3517 1143 3578 ceperunt.
1164 3512 1224 3575 quid
1241 3509 1379 3560 laciendum
1394 3511 1469 3560 esset.
1502 3511 1618 3561 tlounulli
1636 3511 1783 3576 suadebant,

1001 3605 1134 3671 (praecipue
1149 3618 1222 3660 vero,
1245 3603 1289 3666 qui
1310 3601 1517 3653 turbulentissimi
1537 3603 1624 3663 erant)
1645 3607 1673 3653 ut
1694 3604 1780 3668 plebs,

1000 3698 1120 3762 correptis
1132 3697 1217 3757 armis,
1238 3694 1329 3745 iterum
1350 3695 1512 3745 secessionem
1528 3694 1620 3744 laceret
1643 3696 1668 3746 iu
1682 3711 1784 3748 sacmm

1000 3796 1123 3851 montem,
1141 3789 1184 3838 ubi
1197 3792 1222 3838 et
1235 3788 1293 3838 olim
1307 3790 1390 3839 castra
1399 3790 1529 3851 posuerat;
1547 3801 1626 3850 eaque
1636 3787 1694 3838 belli
1711 3791 1783 3841 sedes

1000 3890 1065 3937 essct
1096 3889 1181 3935 contra
1202 3884 1318 3948 patricios
1340 3881 1438 3946 ‹prrarnlo
1464 3881 1498 3930 illi
1524 3882 1607 3932 loedus
1629 3897 1687 3933 cum
1711 3885 1784 3949 plebe

1001 3980 1094 4029 lactum
1117 3977 1259 4035 violassent,
1274 3974 1402 4024 tribunitia
1418 3976 1539 4039 potestate
1563 3980 1650 4039 aperte
1673 3978 1783 4030 sublata.

1001 4073 1031 4120 λι
1043 4068 1120 4130 major
1143 4081 1229 4117 eorum
1252 4080 1309 4130 pars
1329 4065 1439 4124 censuit,
1465 4066 1496 4116 de
1512 4065 1574 4116 urbe
1591 4081 1641 4116 uon
1655 4067 1783 4120 decerten-

1000 4162 1069 4217 dum
1083 4174 1128 4211 nec
1140 4160 1239 4223 culpam
1252 4159 1404 4224 privatorum
1414 4156 1593 4220 quorumdam,
1604 4159 1649 4222 qui
1665 4159 1783 4212 tribunos

1001 4251 1129 4312 uiolarunt,
1152 4252 1175 4299 in
1204 4264 1289 4299 omnes
1313 4247 1501 4303 conterendam.
1521 4245 1656 4297 dummodo
1682 4247 1780 4310 legibus

1001 4365 1115 4401 concessa
1132 4349 1257 4399 obtineant
1278 4362 1334 4411 quae
1356 4361 1412 4404 eos,
1434 4346 1477 4410 qui
1500 4346 1654 4397 tribunorum
1673 4360 1780 4411 corpora

1001 4450 1135 4507 uiolarunt,
1155 4450 1197 4496 aut
1219 4445 1306 4495 exsilio
1317 4450 1360 4494 aut
1373 4450 1452 4495 morte
1475 4446 1604 4495 mule-tant.
1619 4449 1650 4495 at
1667 4445 1783 4496 homines

1000 4543 1096 4607 ingenio
1117 4540 1207 4590 mitiori
1233 4539 1330 4603 praediti
1361 4542 1477 4589 rrerttrunr
1510 4538 1600 4589 borram
1622 4538 1781 4603 probabant,

1000 4651 1079 4701 neque
1093 4635 1180 4685 urbem
1192 4633 1366 4693 deserendam,
1388 4646 1466 4694 neque
1487 4632 1578 4682 indicte
1591 4647 1678 4684 caussa
1691 4648 1782 4698 qnem-

1000 4742 1073 4792 quanr
1083 4726 1256 4785 occidendum,
1276 4726 1412 4789 prasertim
1431 4738 1489 4774 uero
1501 4725 1624 4784 consules,
1633 4726 1677 4788 qui
1689 4729 1783 4791 magis·

999 4825 1080 4870 tretus
1101 4823 1167 4868 esset
1193 4820 1332 4876 rrraximu53
1356 4818 1400 4867 sed
1434 4819 1494 4867 iram
1517 4818 1540 4866 in
1561 4832 1648 4868 eorum
1671 4819 1784 4869 fautores

1001 4907 1206 4967 transferendam,
1227 4913 1250 4959 et
1263 4924 1346 4974 pronus
1360 4909 1463 4969 deltis,
1480 4925 1536 4974 oure
1551 4911 1645 4973 legibus
1659 4913 1717 4960 sunt
1728 4914 1781 4960 ste·

1000 5007 1068 5057 tuta».
1086 5002 1220 5052 sumendus
1242 5003 1383 5053 censebant.
1427 5004 1452 5053 si
1469 5003 1545 5065 igitur
1557 5004 1599 5054 illo
1611 5004 1653 5054 (lie
1669 5003 1781 5060 tribuni,

1000 5099 1094 5159 impetu
1119 5095 1230 5157 impulsi,
1252 5109 1282 5145 eo
1301 5096 1425 5160 progressi
1450 5097 1562 5157 luissent,
1586 5103 1614 5148 ut
1637 5097 1731 5160 aliquid
1757 5098 1783 5147 in
