3772 5828
169 372 229 431 ndi
695 364 863 425 intorsisti
886 364 1264 429 Hsttcnnnnsstsntsts

168 505 321 583 προσθεῖναι
337 503 371 578 ’ἢ
393 499 488 571 πολει,
508 499 585 577 λόγον
604 498 706 564 οὐδενός
724 500 809 557 αὐτῶν
830 497 945 567 ποιησά·

168 611 245 667 μενος
259 586 375 664 ἀκύρωσε
391 584 440 657 τήν
456 586 574 646 κόλασιν.
619 587 672 645 Καὶ
689 584 757 659 μετά
770 590 848 644 τοῦτο
862 588 886 644 οἱ
901 587 944 644 λο·

167 676 248 758 χαγοί
270 699 298 734 τι
317 666 354 735 ιὺν
375 679 398 733 οἱ
419 675 492 755 λόχοι
508 676 618 755 έραγον,
635 674 720 732 καλοί
737 674 873 754 πρόμαχοι
894 677 948 733 τῶν

168 764 307 837 σημείων,
326 765 382 823 ὅσοι
401 762 435 820 τδι
445 766 543 838 σημεῖα
558 761 782 833 ἀπολωλέκεσαν,
795 766 819 821 σί
834 760 881 839 μέν
897 784 947 821 πε·

128 865 143 904 ⁸
169 855 241 915 λίκει
255 854 314 920 τούς
328 853 440 933 αὐχένας
456 852 645 925 ἀπεκόπησαν,
666 854 690 909 oi
710 852 738 910 it
760 850 845 920 ξύλοις
865 852 945 912 παιό-
977 933 978 942 γ

170 966 242 1019 μενοι
265 943 458 1023 διερθάρησαν·
482 944 511 1000 lx
534 940 562 1000 δὲ
586 946 630 999 τοῦ
656 940 737 999 ἄλλου
758 939 874 1011 πλήθους
894 938 948 1000 ἀπὸ
977 945 978 975 ³

169 1032 277 1097 δεκάδος
296 1030 410 1103 έκάστης
432 1020 468 1097 εἷς
485 1029 580 1108 ἀνήρὸ
601 1028 693 1107 λαχὼν
708 1028 800 1109 κλήρῳ
822 1028 875 1110 πρύ
895 1033 948 1089 τῶν
977 1039 978 1065 ¹

168 1120 256 1178 ἀλλων
279 1118 454 1191 ἀπέθνησκεν.
503 1116 578 1188 nim
602 1116 747 1193 Ῥωμαίοις
765 1115 876 1196 πάτριός
892 1119 948 1176 tort
977 1134 978 1177 t

168 1207 238 1267 κατά
254 1212 305 1267 τῶν
320 1208 450 1266 λιπόντων
467 1205 514 1271 τάς
528 1204 613 1272 τάξεις
632 1205 649 1275 ἢ
664 1202 816 1283 προεμένων
836 1204 884 1273 τάς
897 1227 948 1275 ση·

117 1314 142 1353 te
168 1294 245 1371 μαίας
255 1300 272 1366 i,
282 1294 399 1360 κόλασις.
413 1294 466 1353 Καὶ
481 1293 549 1368 μετὰ
563 1298 646 1349 ταῦτα
660 1292 737 1358 αὐτός
749 1314 777 1350 τε
791 1292 948 1370 μισούμενος

168 1386 359 1461 ὑστρατηγός,
379 1381 425 1440 καὶ
445 1386 491 1451 τῆς
511 1390 637 1458 στρατιᾶς
658 1382 718 1440 ὅσον
739 1380 779 1439 ἔτι
792 1385 886 1459 περιῆν
899 1405 948 1440 κα-

168 1469 248 1549 τηρίς
283 1471 328 1527 καί
362 1470 455 1542 άτιμον
479 1467 654 1543 ἐπαγόμενος,
690 1472 741 1526 τῶν
770 1469 946 1549 ἀρχαιρεσίων

169 1556 353 1626 καθηκόντων,
377 1555 533 1635 ἀνέστρεψεν
550 1558 586 1624 εἰς
599 1554 647 1628 τήν
663 1557 789 1637 πατρίδα.

211 1647 258 1706 Li.
282 1645 501 1723 ’ἀποδειχθέντων
515 1642 542 1703 δὲ
557 1648 616 1720 μετ’
631 1645 744 1713 ἐκείνους
757 1647 866 1705 ὑπάτων
880 1650 948 1707 Λευ·

117 1754 141 1795 tn
169 1735 227 1794 κίου
249 1733 397 1812 Οὐαλερίου
412 1734 442 1793 τό
463 1734 581 1814 δεύτερον
598 1735 643 1793 καί
659 1736 784 1815 Ἰλίερίου
801 1736 945 1810 Αἰμιλίου,

170 1822 274 1903 βραχύν
290 1846 348 1881 τινα
361 1822 456 1902 χρόνον
471 1823 625 1903 ἐπισχόντες
638 1827 662 1882 oi
676 1824 809 1903 δήμαρχοι
824 1824 867 1883 τὸν
881 1823 947 1902 ὑπέρ

169 1911 330 1991 κληρουχίας
344 1912 424 1971 πάλιν
437 1914 542 1989 είσῆγον
556 1912 651 1989 λόγον·
668 1912 713 1969 καὶ
728 1911 879 1989 προσιόντες
893 1912 946 1978 τοῖς

169 2001 279 2068 ὑπάτοις
299 2000 386 2072 ἠξίουν
403 2001 551 2079 βεθαιῶσαι
573 2004 611 2081 τῷ
622 2000 699 2080 δήμῳ
713 1997 760 2065 cde
771 2001 945 2078 ὑποσχέσεις,

168 2086 200 2154 ἀς
210 2088 354 2159 ἐποιήσατο
367 2092 384 2159 ἡ
400 2087 483 2167 βουλή
496 2087 613 2167 Σπορίου
625 2086 745 2147 Κασσίου
760 2085 805 2143 καί
822 2085 945 2163 Πρόκλου

114 2207 142 2248 20
168 2176 323 2254 Οὐεργινίου
334 2177 526 2247 ὑπατευόντων,
536 2174 654 2251 δεόμενοί
664 2197 692 2232 τε
704 2173 751 2233 καί
764 2175 945 2253 λιπαροῦντες.

170 2265 225 2323 Καὶ
239 2266 264 2321 οἱ
283 2263 379 2322 ὑπατοι
395 2265 484 2332 αὐτοῖς
504 2262 701 2341 συνελάμόανον
716 2263 876 2344 ἀμφότεροι,
893 2265 947 2323 'ti-

169 2349 255 2430 ίέριος
274 2352 321 2427 μέν
338 2352 460 2429 Αἰμίλιος
478 2354 554 2414 κότον
567 2352 625 2412 τινά
642 2351 756 2412 παλαιὸν
770 2356 807 2420 εἰς
819 2352 867 2424 τήν
885 2354 946 2430 βου·

168 2436 219 2508 λὴν
247 2440 294 2497 οὐκ
323 2439 416 2519 ἀλογον
441 2443 598 2523 ἀναρέρων,
628 2440 668 2499 dre
692 2444 731 2519 τῷ
758 2441 841 2520 πατρὶ
868 2443 947 2500 αὐτοῦ

170 2525 298 2605 θρίαμόον
320 2530 467 2611 αἰτουμένῳ
486 2532 611 2608 κατάγειν
635 2531 682 2589 οὐκ
706 2527 866 2611 ἐπέτρεψεν·
891 2527 948 2588 ὁδί

171 2616 316 2694 Οὐαλέριος
337 2619 552 2698 ἀποθεραπεῦσαι
567 2624 613 2676 τοὺ
629 2618 714 2694 δήμου
731 2616 780 2689 τήν
794 2618 873 2698 ὀργὴν
887 2622 948 2696 βου·
977 2700 978 2719 γ
1003 2658 1056 2704 310,
1075 2654 1174 2720 capitali
1195 2654 1316 2719 supplicio
1339 2653 1476 2717 mmm,
1505 2656 1591 2709 mm
1616 2658 1650 2709 ob
1670 2660 1780 2724 pamm

170 2703 295 2778 λόμενος,
310 2705 343 2776 ἢν
355 2700 410 2786 εἶχε
421 2707 485 2787 πρὸς
501 2706 577 2766 αὐτὸν
590 2707 634 2766 ἐπὶ
646 2711 683 2787 τῷ
698 2707 814 2787 Σπορίου
829 2705 947 2766 Κασσίου

170 2790 288 2873 θανάτῳ,
312 2792 340 2852 ὃν
368 2794 519 2855 ἀπέκτεινεν
543 2800 579 2864 ὡς
614 2798 797 2875 ἐπιχειροῦντα
824 2797 947 2878 βασιλεία

168 2879 266 2958 ταμίας
283 2883 337 2943 τότ’
353 2880 389 2942 ών
403 2888 564 2964 Οὐαλέριος,
586 2886 668 2962 ἄνδρα
684 2888 736 2942 τῶν
751 2882 820 2941 κατὰ
840 2886 887 2953 τήν
902 2886 948 2942 αύ-

169 2968 217 3040 τήν
230 2972 335 3041 ἡλικίαν
352 2974 498 3050 γενομένων
521 2972 727 3053 έπιρανέστατον
749 2974 776 3029 ἐν
795 2972 947 3047 ἡγεμονίαις

169 3081 197 3116 τε
210 3058 334 3136 πολέμων
349 3060 393 3117 καί
411 3062 558 3126 πολιτικαῖς
576 3058 718 3138 πράξεσιν,
735 3058 763 3125 ὃς
782 3057 828 3117 καὶ
841 3059 872 3117 τὸ
885 3062 945 3139 περὶ

165 3155 211 3221 τῆς
237 3145 397 3224 κληρουχίας
425 3144 571 3221 πολίτευμα
603 3151 704 3225 πρῶτος
741 3149 878 3228 εἰσήγαγεν
909 3156 943 3218 εἰς

166 3238 211 3309 τήν
235 3235 322 3311 πολιν,
345 3232 390 3291 καὶ
412 3236 445 3292 δι’
464 3234 528 3292 αὑτό
548 3238 666 3312 μάλιστα
694 3238 745 3296 ὑπὸ
769 3242 820 3296 τῶν
845 3264 941 3317 πατρι-

167 3318 231 3376 κίων
246 3325 280 3384 dir
296 3322 379 3395 δῆμον
391 3319 544 3400 αἱρούμενος
559 3320 610 3401 πρὸ
632 3321 717 3377 αὐτῶν
733 3319 859 3395 ἐμισήθη.
877 3320 946 3379 Τότε

168 3407 192 3463 δ’
213 3402 257 3465 οὑν
280 3409 468 3488 ὑποσχομένων
488 3412 540 3466 τῶν
563 3409 670 3468 ὑπάτων
690 3411 777 3475 αὐτοῖς
805 3407 944 3488 προθήσειν

128 3526 136 3543 v
168 3498 239 3565 ἐντῆ
255 3500 336 3574 βουλῇ
357 3500 400 3556 τόν
424 3500 489 3576 ὑπὲρ
516 3502 562 3570 τῆς
583 3499 710 3576 διανομῆς
733 3501 784 3557 τῶν
812 3498 946 3576 δημοσίων

167 3585 274 3664 κλήρων
297 3588 390 3665 λόγον,
409 3586 455 3646 καί
475 3591 520 3659 τῆς
536 3588 718 3669 ἐπικυρώσεως
737 3595 782 3648 τοῦ
801 3587 882 3664 νόμου
897 3613 944 3648 συ-

167 3681 319 3753 ναρεῖσθαι,
346 3676 533 3745 πιστεύσαντες
561 3682 648 3744 αὐτοῖς
681 3681 704 3738 οἱ
733 3678 866 3757 δήμαρχοι
893 3701 945 3737 πα-

168 3766 250 3840 ρῆσαν
267 3764 309 3821 ist
319 3765 367 3835 τὴν
384 3764 480 3843 βουλὴν
496 3765 541 3823 καί
556 3766 647 3843 λόγους
662 3765 793 3836 διεξῆλθον
809 3768 942 3832 ἐπιεικεῖς.

170 3841 218 3916 Οἷς
232 3853 305 3911 οὐδὲν
325 3854 503 3921 ἀντιλέξαντες
515 3857 538 3913 οἱ
556 3854 667 3925 ύπατοι,
681 3858 716 3919 ὡς
731 3854 768 3928 μὴ
790 3855 946 3931 φιλονεικίας

168 3936 243 4005 δόξαν
269 3942 471 4019 ἀπενέγκαιντο,
511 3942 620 4018 γνώμην
655 3941 858 3999 ἀποδείκνυσθαι
888 3941 946 4008 τούς

166 4026 361 4101 πρεσόυτάτους
376 4030 473 4100 ἠξίουν.
527 4020 580 4088 Ἦν
601 4029 623 4086 δ’
644 4031 657 4087 ὑ
674 4032 775 4107 πρῶτος
796 4027 842 4084 ὑπ’
857 4031 944 4087 αὐτῶν

166 4112 270 4182 κληθείς
290 4117 399 4183 Λεύκιος
425 4119 546 4195 Αἰμίλιος
570 4117 679 4197 θατέρου
700 4119 752 4174 τῶν
769 4116 875 4174 ὑπάτων
891 4141 943 4175 πα·

166 4205 231 4278 τήρ,
252 4201 278 4268 ὃς
299 4201 348 4280 ἔρη
368 4206 452 4263 δοκεῖν
474 4211 544 4286 αὑτῷ
565 4206 610 4264 καὶ
632 4205 731 4265 δίκαιον
750 4200 796 4262 καί
811 4203 943 4284 συμφέρον

166 4287 272 4347 ἔσεσθαι
287 4294 319 4364 τῇ
336 4291 410 4350 πόλει
431 4294 536 4353 πάντων
550 4286 616 4353 εἶναι
632 4293 665 4351 τά
684 4306 757 4352 κοινὰ
773 4292 816 4351 καί
837 4294 875 4370 μὴ
888 4296 942 4353 θλί-

125 4398 133 4417 f
167 4400 234 4451 γων·
255 4381 292 4457 τῷ
311 4403 340 4437 τε
356 4380 432 4460 δήμῳ
447 4384 561 4442 πείθοντι
582 4388 721 4463 ὑπουργεῖν
742 4383 942 4458 συνεόούλευεν,

165 4465 207 4520 ἵνα
221 4465 299 4544 χάρις
313 4472 329 4537 ἦ
343 4470 536 4549 παραχώρησις
555 4474 639 4529 αὐτῶν
652 4471 775 4549 γένηται·
793 4470 879 4528 πολλὰ
893 4470 943 4550 γάρ

165 4553 210 4612 καί
228 4555 293 4612 ἀλλα
310 4556 347 4631 μὴ
364 4557 455 4622 δόντας
471 4560 542 4638 αὐτῷ
558 4560 625 4616 κατά
644 4559 796 4639 προαίρεσιν
808 4559 851 4616 ὑπ’
863 4559 943 4635 ἀνοίγ-

166 4666 213 4715 κης
225 4644 466 4723 συγκεχωρηκέναι·
479 4647 538 4711 τούς
552 4670 580 4705 τε
591 4648 752 4726 κατέχοντας
766 4647 813 4712 τὰς
826 4646 942 4717 κτήσεις,

165 4723 201 4789 οἷον
214 4735 404 4814 ἐκαρπώσαντο
416 4733 518 4811 χρόνων
527 4736 648 4802 λαθόντες
661 4736 733 4805 ἠξίου
745 4738 822 4813 χάριν
838 4734 942 4805 εἰδέναι,

165 4824 345 4899 κωλυομένους
370 4822 396 4880 δὲ
423 4821 459 4898 μή
483 4825 652 4904 ριλοχωρεῖν.
696 4821 769 4901 Ἥρη
794 4845 822 4880 τε
838 4822 884 4881 οὐν
905 4826 943 4901 τῷ

165 4907 274 4988 δικαίῳ,
290 4911 304 4969 θ
319 4910 416 4976 πάντες
434 4912 624 4986 ὁμολογήσειαν
640 4912 746 4992 ἰσχυρὸν
765 4902 880 4980 εἶναι,τά
895 4910 942 4985 μὲν

164 4994 278 5067 δημόσια
294 4999 369 5056 κοινά
384 5000 489 5058 πάντων
510 4989 592 5072 εἶναι,
610 4999 643 5057 τά
660 5002 682 5057 δ’
697 5001 750 5056 ίδια
767 5001 878 5058 ἑκάστου
890 4999 941 5054 τῶν

163 5080 236 5159 νόμῳ
260 5086 454 5164 κτησαμένων,
480 5088 525 5146 καί
544 5088 686 5164 ἀναγκαῖον
707 5086 758 5157 ἤδη
775 5085 805 5143 τὸ
829 5093 941 5165 πρᾶγμα

164 5169 214 5228 ὑπὸ
229 5172 274 5240 τῆς
294 5173 389 5247 βουλῆς
404 5177 537 5251 γεγονέναι
548 5178 599 5255 πρὸ
612 5176 677 5233 ἰτῶν
693 5174 873 5232 ἑπτακαίδεκα
888 5172 937 5244 τήν

1000 506 1110 559 mitatem
1123 507 1234 567 adderet,
1246 506 1288 558 iile
1299 511 1383 573 spreta
1392 506 1613 559 mundatione
1624 522 1726 573 pcmnrn
1738 524 1798 560 san·

998 604 1067 655 civit.
1100 609 1136 656 Ac
1148 619 1206 656 rnox
1217 608 1243 657 et
1258 605 1434 666 centuriones,
1449 618 1564 669 quornm
1584 606 1707 658 cohortes
1721 608 1794 673 tuge-

1000 704 1065 764 rent,
1078 702 1271 768 etentesignani,
1283 703 1328 767 qui
1345 702 1417 767 signa
1428 702 1586 763 amiserant,
1599 704 1691 769 partin
1705 709 1793 757 securi

1000 800 1113 864 percussi
1131 804 1199 864 sunt,
1213 798 1304 865 partim
1325 798 1386 850 cest
1409 797 1524 851 tusunm
1543 802 1631 852 neoeti
1651 807 1711 853 sunt
1730 825 1739 855 ι
1761 820 1791 855 er

1001 892 1098 960 relique
1122 907 1183 945 vero
1202 892 1364 944 multitudine
1388 906 1435 958 pro
1464 892 1521 945 aliis
1539 893 1660 947 decimus
1682 897 1792 963 quisque

1000 986 1074 1038 miles
1096 992 1163 1039 sorte
1186 987 1219 1039 nd
1241 986 1391 1053 supplicium
1415 985 1545 1039 abductus
1558 991 1622 1051 σοις
1645 1004 1708 1057 que
1722 1005 1790 1057 ροαιε

1001 1082 1068 1147 apud
1080 1085 1203 1134 liumnnos
1215 1081 1323 1133 solennis
1334 1080 1411 1133 estin
1425 1095 1481 1143 cos,
1491 1082 1538 1146 qni
1547 1084 1655 1136 ordines
1668 1084 1787 1137 deserue-

1001 1178 1067 1232 runt,
1085 1171 1125 1225 rel
1136 1175 1206 1239 signe
1221 1175 1387 1239 projecerunt.
1420 1175 1482 1225 Post
1500 1174 1557 1226 hac
1577 1174 1636 1241 ipre
1650 1177 1787 1229 duranni·

1001 1264 1049 1315 itus
1073 1264 1193 1329 odiosus,
1213 1280 1272 1316 cum
1297 1279 1403 1316 rnoerorc
1423 1269 1451 1316 ct
1475 1265 1615 1331 ignominia
1635 1271 1784 1331 exercitum,

1000 1358 1044 1423 qni
1056 1357 1140 1409 adhuc
1150 1362 1204 1409 erat
1214 1357 1335 1424 reliquus,
1344 1357 1498 1410 instantibus
1509 1360 1622 1412 comitiis
1634 1399 1641 1421 ,
1651 1362 1678 1413 in
1686 1364 1785 1428 patriam

1002 1452 1111 1505 reduxit.

1034 1634 1073 1684 Li.
1089 1635 1160 1683 Anno
1175 1631 1299 1697 sequenti,
1314 1645 1394 1697 quum
1407 1632 1486 1683 creati
1507 1638 1597 1685 essent
1613 1635 1739 1688 consules.
1759 1642 1782 1690 t..

1002 1727 1119 1780 Valerius
1128 1728 1219 1779 iterum
1231 1732 1258 1779 et
1270 1727 1324 1778 Tib.
1336 1726 1463 1786 AEmilius,
1478 1728 1576 1779 tribuni
1590 1728 1723 1797 aliquanto
1733 1738 1784 1797 post

1003 1817 1064 1885 legis
1081 1819 1186 1883 agrario
1205 1819 1353 1870 mentionem
1366 1818 1461 1869 iterum
1478 1820 1609 1880 ῐεοετειιιις
1631 1826 1658 1873 et
1676 1823 1782 1874 adierunt

1003 1912 1136 1969 consules,
1160 1926 1253 1978 cosque
1275 1912 1381 1964 surnrnis
1394 1912 1515 1979 precibus
1531 1919 1651 1975 orarunt,
1669 1921 1783 1969 utratum

1002 2004 1119 2062 iacerent.
1132 2006 1200 2070 quod
1214 2010 1325 2065 senatus,
1341 2008 1384 2071 Sp.
1403 2006 1532 2059 cassioet
1548 2008 1657 2060 Procrin
1679 2012 1784 2075 virginio

1001 2098 1159 2159 consulibus,
1176 2100 1334 2163 promiserat.
1374 2102 1408 2150 lit
1425 2105 1535 2167 uterque
1543 2102 1631 2153 consui
1639 2104 1703 2168 ipsis
1715 2103 1784 2157 iare·

1001 2189 1057 2252 bat,
1073 2189 1126 2240 Tib.
1147 2189 1262 2240 AEnnitius
1288 2194 1390 2255 propter
1408 2192 1535 2256 quoddnnr
1553 2196 1627 2243 retus
1648 2194 1734 2245 odium
1751 2198 1780 2247 in

1001 2288 1124 2343 senatum,
1136 2283 1204 2349 quod
1213 2299 1262 2335 non
1271 2290 1325 2335 erat
1337 2285 1470 2351 injustum,
1479 2284 1599 2353 qrheiuc
1610 2288 1676 2351 patri
1686 2288 1777 2339 triurn-

1002 2377 1079 2441 phum
1088 2376 1182 2441 petenti
1192 2383 1311 2441 negarat:
1325 2376 1444 2427 Velerins
1456 2376 1593 2443 κτώμεθα
1603 2378 1717 2445 cupiebat
1724 2380 1778 2445 pie·

1002 2470 1059 2521 bern
1076 2469 1180 2520 delinire
1201 2469 1248 2521 sibi
1264 2467 1386 2520 infensam
1398 2475 1503 2536 propter
1515 2472 1559 2537 Sp.
1578 2472 1661 2523 crusii
1677 2477 1781 2524 mortem

1002 2576 1086 2627 quern,
1107 2562 1246 2627 tyrannidis
1266 2560 1391 2613 diiectatoe
1407 2564 1563 2628 convictum,
1577 2565 1631 2631 ipse
1641 2570 1700 2617 tunc
1713 2581 1781 2632 que·

1003 2747 1157 2797 exercituum
1176 2746 1359 2798 ductaudorum
1386 2761 1524 2813 rerumque
1544 2748 1660 2802 civilium
1675 2755 1778 2802 unctan·

1002 2837 1090 2888 derum
1098 2837 1168 2902 longe
1179 2838 1289 2889 omniurn
1304 2842 1380 2889 nitate
1388 2852 1435 2889 sue
1447 2838 1629 2903 durissimum,
1638 2842 1680 2906 γαί
1688 2843 1777 2907 primus

1002 2931 1081 2995 legero
1093 2930 1213 2995 agrarium
1226 2930 1251 2981 in
1266 2931 1353 2982 urbem
1360 2930 1481 2984 intulerat
1494 2946 1578 3000 eoque
1593 2935 1690 2987 nomine
1700 2936 1774 3000 potis-

1005 3033 1107 3087 simum,
1136 3036 1163 3083 ut
1188 3033 1267 3096 piebis
1295 3032 1403 3085 inrorern
1430 3034 1476 3085 sibi
1506 3038 1652 3101 preferret,
1676 3036 1777 3101 patriciis

1002 3127 1093 3163 exosus
1105 3118 1166 3167 erat.
1199 3118 1281 3171 errnn
1297 3116 1374 3179 igitur
1392 3114 1511 3166 consules
1526 3116 1577 3168 iilis
1589 3122 1650 3169 tuuc
1660 3120 1779 3184 promisis-

1002 3212 1063 3265 sent,
1081 3207 1152 3257 sede
1166 3207 1255 3270 publici
1265 3209 1442 3273 euridicisione
1457 3208 1626 3263 adsenseum
1639 3212 1779 3271 relaturos,

1004 3301 1119 3365 ipsosque
1130 3301 1155 3349 in
1167 3300 1219 3363 lege
1234 3300 1381 3364 perferenda
1396 3302 1543 3368 adjuturoS,
1557 3304 1654 3357 tribuni
1677 3307 1717 3358 his
1728 3307 1779 3359 [τεεί

1003 3394 1028 3443 in
1038 3398 1151 3445 εοιιειιυιιι
1163 3401 1297 3456 venerunt,
1311 3399 1387 3461 atque
1405 3395 1487 3447 serbis
1503 3397 1543 3447 usi
1556 3403 1618 3449 sunt
1636 3404 1779 3453 mansuetis.

1002 3492 1095 3538 contra
1104 3502 1161 3553 quo}
1172 3503 1250 3554 quuur
1260 3487 1373 3539 consules
1386 3488 1447 3540 nihii
1457 3488 1589 3551 dixissent,
1601 3493 1782 3545 neriderentur

1001 3587 1184 3637 contentionem
1206 3599 1334 3652 quaerere,
1355 3586 1466 3637 seniores
1491 3589 1644 3640 sententiam
1658 3596 1780 3658 rogarunt.

1002 3680 1100 3730 Primus
1112 3686 1197 3730 autern
1206 3683 1232 3731 L.
1245 3679 1359 3730 AErniiins
1368 3678 1590 3733 alteriusmnsulis
1600 3688 1675 3748 pater
1688 3691 1782 3750 rogatus

1003 3771 1063 3830 iuit;
1084 3773 1127 3835 qui
1142 3772 1214 3825 dixit.
1237 3793 1248 3814 a
1261 3771 1307 3821 sitsi
1329 3771 1435 3823 viderie
1457 3772 1595 3837 republica,
1605 3776 1673 3836 iore,
1689 3778 1783 3829 sibene

1004 3880 1015 3901 «ι
1030 3860 1129 3923 publico
1142 3858 1174 3908 ab
1190 3860 1305 3908 omnibus
1322 3860 1520 3924 possiderentur,
1534 3876 1585 3914 non
1599 3870 1688 3918 nutem
1699 3882 1714 3918 ε
1724 3882 1781 3933 pau·

1003 3966 1015 3993 «
1030 3948 1081 4007 cis3
1096 3950 1120 3997 et
1132 3946 1197 4009 plebi
1215 3946 1264 3997 Ιιοο
1278 3949 1374 4012 roganti
1386 3949 1563 4015 indulgendum
1584 3966 1642 4004 esso
1658 3956 1781 4016 censebat,

1002 4056 1014 4079 a
1030 4040 1058 4086 nt
1075 4050 1104 4085 ea
1113 4035 1238 4085 concessio
1248 4050 1292 4100 pro
1307 4037 1425 4089 beneficio
1435 4053 1449 4089 n
1461 4045 1549 4090 senatu
1559 4040 1620 4092 dato
1631 4044 1779 4097 inniteretur:

1002 4144 1013 4165 a
1029 4137 1095 4187 scelte
1106 4123 1171 4173 enirn
1181 4128 1280 4174 coactos
1292 4140 1335 4176 eris
1347 4127 1427 4177 rnuitn
1437 4128 1486 4178 alia
1496 4128 1518 4178 ei
1535 4132 1693 4183 concessisse
1713 4135 1778 4185 dice·

1001 4236 1014 4262 «
1031 4216 1087 4277 int,
1099 4230 1156 4280 quse
1173 4220 1260 4279 sponte
1276 4216 1358 4280 largiri
1379 4219 1527 4270 noluerent:
1545 4234 1652 4287 cosque,
1664 4226 1709 4288 qui
1721 4240 1781 4289 pos·

1002 4326 1013 4347 «
1026 4306 1148 4355 sessiones
1162 4306 1285 4368 paenitens
1304 4306 1443 4359 detinerent
1456 4323 1500 4372 pro
1513 4307 1597 4360 fructu
1609 4352 1615 4370 ‚
1629 4326 1702 4377 quern
1713 4318 1781 4363 tanr-

1002 4412 1012 4431 ο
1031 4391 1073 4440 din
1093 4391 1157 4442 clam
1173 4392 1265 4440 exiliis
1285 4396 1463 4458 percepissent,
1476 4401 1582 4448 senuisti
1599 4401 1691 4463 gratias
1710 4415 1783 4464 agere

1000 4499 1012 4524 ο
1026 4481 1115 4530 debere
1127 4495 1227 4544 trnpuurn
1242 4482 1373 4542 censebat;
1394 4490 1419 4534 et
1435 4486 1456 4535 si
1475 4491 1503 4535 in
1521 4492 1659 4551 posternam
1673 4493 1728 4542 iilis
1743 4496 1782 4543 nti

1001 4565 1223 4630 «prohiberentur,
1251 4571 1389 4631 pertinaces
1412 4587 1467 4622 esse
1495 4588 1542 4624 non
1570 4574 1663 4628 debere
1683 4580 1708 4629 in
1730 4578 1781 4628 illis

1000 4653 1168 4704 «retinendis.
1202 4656 1321 4718 Addebat,
1339 4664 1428 4721 praeter
1440 4661 1493 4723 μιν.
1505 4661 1572 4724 quod
1592 4665 1708 4717 omnium
1722 4682 1780 4717 con·

999 4739 1135 4792 «sessione
1151 4743 1300 4805 firrrnurctur,
1321 4749 1347 4794 et
1361 4745 1447 4806 iubere
1463 4745 1575 4810 publicas
1593 4751 1702 4815 quidem
1723 4768 1781 4819 pos-

1000 4843 1012 4866 a
1030 4823 1149 4873 sessiones
1158 4828 1272 4877 orrrnibus
1280 4844 1334 4880 esse
1343 4846 1495 4898 communes,
1506 4837 1619 4901 privatas
1626 4855 1689 4895 vero
1699 4845 1780 4894 innius·

999 4936 1010 4956 «
1029 4916 1150 4979 cujusque
1165 4931 1227 4971 esse.
1241 4922 1282 4981 qui
1299 4923 1413 4983 legitimis
1428 4926 1524 4977 artibus
1537 4929 1584 4980 sibi
1599 4946 1643 4983 ens
1656 4937 1775 4997 parasset.

999 5026 1010 5047 ο
1025 5006 1200 5056 necessitatem
1218 5005 1294 5057 etiarn
1309 5007 1384 5071 hujus
1397 5008 1432 5058 rei
1444 5008 1590 5073 peragendos
1610 5015 1712 5066 senatui
1731 5016 1782 5080 inm

999 5114 1011 5136 ι
1024 5094 1176 5155 incumbere,
1192 5095 1260 5157 quiid
1274 5095 1304 5144 de
1325 5112 1382 5156 agro
1403 5097 1536 5148 dividendo
1560 5104 1619 5152 ante
1638 5118 1694 5155 xrn
1707 5119 1783 5155 annos

1000 5202 1011 5224 e
1026 5184 1271 5235 senatusconsultum
1289 5184 1395 5236 iecisset.
1415 5187 1636 5254 Ostendebatque,
1653 5193 1680 5245 id
1695 5194 1781 5246 decre·
