3772 5828
573 378 867 454 ANTIQUITATUM

88 542 102 568 ιι
123 513 184 574 ὅταν
194 513 221 573 di
236 512 281 573 τόν
295 513 415 596 παρόντα
426 511 545 574 κίνδυνον
559 509 673 578 άπαντες
685 511 788 587 ὁμοίαις
798 534 863 591 προ·

86 631 100 658 ι
117 603 220 682 θνμίαις
232 603 400 683 χρησάμενοι
409 600 629 682 παραλύσωνται,
639 601 698 660 τότε
708 600 740 673 δὴ
754 605 862 659 σκοπεῖν

86 692 172 751 τιιίνα
185 693 279 772 τρόπον
293 695 352 765 λσην
365 689 411 750 καί
425 687 567 761 κοινὴν
525 713 570 748 και
582 712 671 770 σωτηρ
673 712 710 747 ιον
721 688 841 749 άπαοι
814 714 861 762 την

87 780 249 842 ιπολιτείαν
263 778 491 852 καταστήσονται,
512 778 630 856 μήτε
594 802 646 836 των
662 778 782 890 πεγήτων
799 782 861 838 ἐπι-

37 882 52 919 ⁶
87 869 294 931 ιόουλευόντων
324 877 381 935 ταῖς
412 871 464 927 τῶν
488 867 622 927 πλουσίων
653 867 768 975 οὖρίαις,
793 867 862 941 μήτε

87 959 173 1019 ι.ίκ·’
154 983 225 1017 ινων
239 954 545 1038 προπηλακιζόντων
506 980 565 1024 τους
579 964 637 1022 ταῖς
658 954 752 1036 τύχαις
765 980 860 1016 ταπει-

87 1070 177 1107 ιιενοτ
170 1048 251 1128 ’·ρους
284 1046 382 1119 ἥκιστα
417 1045 468 1125 γάρ
505 1033 572 1105 εἶναι
606 1049 691 1103 ταῦτα
724 1048 860 1118 πολιτικδι,

87 1136 190 1197 «elit
216 1159 260 1195 και
286 1143 340 1203 τοῖς
362 1135 416 1192 άπό
418 1157 470 1213 ροις
490 1131 626 1212 ἐπικουρία
640 1154 678 1200 τις
692 1132 765 1192 ἔσται
781 1136 852 1193 πολι

87 1165 193 1298 Istud,
212 1224 287 1283 καί·
272 1233 326 1291 τοῖς
345 1225 514 1297 συμόαλοῖῖσι
538 1220 572 1281 τόι
595 1220 663 1330 χρία
688 1222 795 1300 βοήθεια
815 1245 864 1300 με·

27 1330 54 1368 tu
86 1340 102 1370 ιι
118 1313 177 1394 τρία
196 1322 249 1381 τοῖς
262 1319 323 1391 γοῦν
340 1311 534 1387 ἀδικουμένοις,
547 1310 632 1369 καί
609 1334 639 1370 το
658 1309 799 1389 κράτιστον
810 1314 873 1370 τῶν

88 1405 144 1462 ιίν
160 1402 305 1480 ἀνθρώποις
319 1404 424 1511 άγαθῶγ
440 1400 485 1459 καλ
505 1399 593 1468 πάσας
607 1400 737 1480 ρολάττον
754 1402 781 1459 ίν
799 1403 863 1477 θμο·

87 1521 99 1544 ιι
117 1492 175 1552 νοία
198 1492 245 1558 τὰς
269 1492 368 1562 πόλεις,
394 1489 481 1598 πίστις
513 1487 557 1548 ἐπὶ
591 1488 784 1567 συναλλαγαῖς,
813 1490 864 1569 οὐχ

88 1604 102 1639 ε
121 1581 213 1641 άπασα
228 1603 273 1641 και
263 1578 333 1637 διὰ
349 1577 446 1643 παντὸς
461 1579 490 1636 ἐκ
506 1576 572 1654 μόνα
541 1600 587 1649 νης
601 1575 849 1657 άναιριθεῑσεταε”
816 1602 862 1650 της

89 1669 263 1748 «Ῥωμαίων
279 1666 390 1734 πόλεως.
404 1667 482 1725 Tene
467 1690 501 1726 ἀ
514 1664 561 1724 καὶ
573 1665 623 1725 ὅσα
639 1664 700 1723 ἄλλ’
714 1667 740 1723 ἰν
752 1665 863 1748 τοιούτῳ

28 1781 54 1818 is
87 1784 103 1815 ιι
120 1782 205 1839 καιρω
185 1757 345 1834 ’λεχθῆναι
359 1757 477 1834 προσῆκε
491 1750 642 1826 διεξελθὼν,
655 1753 785 1812 τελευτῶν
795 1751 932 1835 θπίρι

88 1843 213 1918 ιιτηςίδ’
205 1869 245 1911 ιας
260 1842 397 1956 εὗνρίας,
380 1842 413 1902 όν
424 1842 544 1923 ίχων·
507 1842 544 1900 διε
546 1841 615 1900 τίλει
632 1839 734 1922 πρδς
709 1865 754 1901 τον
768 1843 862 1920 δῆμον,

88 1934 253 2013 ιδιελίγετο
263 1956 308 1993 και
299 1932 393 2005 ἠξίου
405 1932 611 2013 συνάρασθαι
578 1955 625 2002 της
640 1930 777 2009 στρατείας
792 1933 863 2010 αὗτῶ

87 2023 215 2095 «ταύτης
237 2012 332 2081 ἄνθ’
312 2046 348 2081 ων
369 2022 502 2103 πρόθυμος
517 2022 552 2088 είς
574 2018 666 2087 αύτοθς
683 2010 781 2094 λη’
748 2044 795 2092 της
815 2018 863 2097 μὲν

88 2134 188 2170 ικατα
175 2109 274 2170 ’πόλιν
288 2110 484 2190 ῖπεμελείαςτῷ
495 2108 652 2187 συνάρχοντι
663 2108 868 2188 προσηκούσης,

27 2227 57 2263 so
89 2227 101 2251 ι
120 2201 207 2280 ἑαυτῷ
222 2199 311 2270 δίτῆς
323 2198 523 2276 ἡγεμονίας
488 2222 540 2257 των
555 2196 680 2273 πολίμων
699 2197 864 2275 άποδεδομί-

89 2316 100 2338 ιι
117 2311 178 2361 νης·
200 2286 297 2357 ταύτας
313 2286 364 2368 γάρ
383 2286 430 2354 τδις
448 2286 531 2364 τύχας
550 2286 639 2352 αύτοῖς
654 2285 800 2365 βραύεῖσαι
819 2285 863 2344 τόν
890 2308 893 2315 ·

89 2379 225 2455 «κλῆρον.
250 2375 436 2456 Ὑπεσχῆσθαι
460 2373 488 2432 δὲ
515 2376 588 2453 αύτῷ
619 2371 669 2454 ἔρη
690 2371 739 2444 τὴν
767 2373 865 2452 βουλὴν

89 2491 101 2517 ι
121 2464 300 2541 ἐμπεδώσειν,
320 2464 373 2522 ότι
393 2459 424 2518 δν
446 2460 670 2539 διομολογήσηται
692 2463 731 2542 τῷ
752 2462 866 2532 πλήθει·

89 2580 102 2606 ι
122 2552 197 2619 αὐτὸς
219 2553 241 2610 δ’
264 2551 370 2617 ἐκείνοις
392 2550 492 2610 πείσειν
514 2548 574 2618 τοὺς
598 2549 714 2628 δημότας
741 2548 779 2629 μὴ
803 2573 866 2632 προ·

27 2665 56 2703 νε
91 2668 103 2693 ι
121 2638 214 2698 δώσειν
234 2640 286 2704 τοῖς
304 2639 438 2715 πολεμίοις
455 2648 504 2710 την
523 2640 651 2719 πατρίδα.
668 2663 683 2694 κ

128 2731 237 2791 ΧΧΙΧ.
253 2727 340 2788 ’δεῦτ’
361 2730 443 2787 εἰπὼν
461 2726 582 2788 ἐκέλευσε
610 2729 655 2788 τὀν
672 2725 776 2809 κήρυκα
794 2730 866 2788 άνει-

85 2829 163 2895 πεῖν,
175 2822 231 2879 ὅσοι
246 2815 277 2878 ἂν
293 2816 436 2895 Ῥωμαίων
455 2816 499 2877 ἐπὶ
514 2816 558 2877 τὀν
572 2819 632 2875 κατ’
647 2819 731 2877 αὐτῶν
747 2818 865 2879 Οὐολού-

86 2934 156 2969 σκων
168 2909 284 2986 πόλεμον
299 2904 524 2986 ἔκστρατεύσωσι,
541 2904 587 2973 cd<
597 2904 697 2965 τούτων
712 2906 795 2976 οἰκίας
815 2932 866 2985 μη·

86 2999 146 3058 δίνα
160 2996 255 3066 ἐξεῖναι
266 2996 335 3074 μήτε
349 2994 471 3075 κατέχειν
488 2994 555 3072 μήτε
576 2997 675 3055 πωλεῖν
688 2994 753 3073 μήτ’
767 2999 864 3077 ἐνεχυ-

31 3104 60 3142 ao
87 3087 172 3164 ράζειν
182 3085 249 3165 μήτε
265 3086 337 3164 γένος
352 3086 437 3143 αὐτῶν
452 3085 565 3162 άπάγειν
584 3084 648 3165 πρός
668 3084 750 3161 μηδίν
764 3086 866 3165 συμθό·

86 3178 168 3247 λαιον,
184 3173 252 3251 μήτε
267 3173 379 3233 κωλύειν
401 3172 445 3232 τδν
471 3171 629 3252 βουλόμενον
654 3178 700 3246 τῆς
725 3174 866 3253 στρατείας

86 3271 225 3323 κοινωνεῖν.
265 3257 348 3322 Ὀσοι
361 3261 383 3320 δ’
395 3260 427 3319 ἂν
446 3261 626 3343 άπολειρθῶσι
649 3267 696 3335 τῆς
711 3264 863 3344 στρατείας,

85 3352 133 3419 τάς
157 3352 225 3411 κατὰ
249 3351 347 3412 τούτων
366 3350 474 3427 πράξεις
494 3352 623 3430 ὑπάρχειν
642 3361 697 3420 τοῖς
719 3352 866 3422 δανεισταῖς

87 3431 173 3519 ίρόίς
189 3439 308 3506 ἑκάστοις
331 3437 486 3500 συνίόαλον.
529 3437 577 3508 Ὦς
598 3439 626 3498 dd
648 3445 732 3499 ταῦτα
748 3440 865 3512 ἥκουσαν

32 3547 59 3586 3⁶
87 3531 241 3601 οῖπὲνητες,
257 3527 350 3588 αὐτίκα
362 3528 527 3604 συνέγνωσάν
551 3527 640 3587 τεκαὶ
659 3531 746 3608 πολλῇ
769 3535 865 3608 προθυ·

88 3619 139 3700 μίογ
155 3619 249 3685 πάντες
261 3618 297 3684 et<
309 3616 353 3677 τδν
369 3616 486 3694 πόλεμον
500 3617 643 3696 ὥρμηντο,
657 3620 681 3676 οἱ
696 3617 745 3693 μίν
760 3617 865 3677 ἐλπίσιν

87 3709 221 3787 ὠφελειῶν
241 3705 410 3786 θπαχθίντες,
421 3709 445 3766 οἱ
458 3705 485 3766 δὲ
500 3711 545 3766 τοῦ
560 3708 742 3786 στρατηλάτου
755 3707 864 3788 χάριτι,

86 3802 110 3858 οἱ
122 3796 149 3855 δὲ
164 3797 283 3854 πλεῖστοι
292 3792 337 3854 τδν
346 3792 459 3856 Ἄππιον
474 3796 521 3856 καὶ
537 3793 596 3863 τοὺς
607 3799 633 3855 ἐν
649 3793 771 3874 τῇπόλει
793 3794 865 3856 κατὰ

86 3890 138 3946 τῶν
152 3883 347 3962 ὑπομεινάντων
363 3883 600 3963 προπηλακισμοὺς
613 3882 760 3967 φεύγοντες.
804 3889 865 3948 Πα-

33 3991 59 4029 ιυ
88 3973 211 4055 ραλαύόιν
230 3972 258 4033 δί
273 3976 287 4033 θ
302 3971 451 4054 Σερουίλιος
472 3973 501 4033 τὸ
528 3973 680 4053 στράτευμα
707 3971 754 4032 σὺν
777 3978 865 4057 πολλῇ

87 4065 187 4141 σπουδῇ
200 4060 302 4122 tlatniz
317 4062 446 4123 διαλιπὼν
461 4063 553 4122 οὖδίνα
565 4062 677 4142 χρόνον,
690 4060 735 4121 ίνα
747 4064 864 4145 συμμίξῃ

86 4157 138 4220 τοῖς
150 4149 302 4228 πολεμίοις,
317 4151 377 4226 πρὶν
390 4154 425 4219 είς
438 4150 586 4229 Ῥωμαίων
595 4151 685 4230 χώραν
702 4151 796 4220 αὐτοὺς
810 4157 865 4214 εἰσ·

88 4240 177 4300 ύαλεῖν
190 4263 197 4278 ·
211 4240 257 4299 καὶ
276 4237 436 4299 καταλαύὼν
449 4239 509 4319 περὶ
522 4238 553 4298 τδ
572 4239 744 4316 Πωμεντῖνον
763 4241 862 4323 χωρίον

87 4327 358 4412 ίατρατοπεδευκότας
377 4327 423 4386 καλ
442 4327 490 4400 τὴν
508 4328 630 4388 Λατίνων
647 4325 740 4408 χύτραν
766 4352 862 4410 προνο-

32 4427 58 4464 ⁴⁵
89 4417 226 4496 μεύοντας,
242 4414 283 4476 ότι
296 4419 496 4496 παρακαλοῦσιν
510 4418 599 4484 αὖτοῖς
613 4419 643 4477 οὗ
656 4418 805 4497 συνήραντο
819 4428 864 4482 τοῦ

87 4507 214 4582 πολέμου,
236 4505 297 4586 περί
326 4505 415 4577 δείλην
439 4505 517 4587 ὀψίαν
541 4507 615 4589 παρδι
640 4507 720 4586 λόρον
747 4509 806 4567 τινὰ
829 4513 865 4579 ὡς

88 4593 171 4653 είκοοι
198 4592 292 4652 στάδια
315 4597 362 4666 τῆς
382 4595 587 4674 στρατοπεδείας
613 4596 698 4653 αὐτῶν
723 4597 864 4674 ἀφεστῶτα

86 4680 187 4739 τίθεται
203 4681 246 4741 τὀν
260 4680 381 4761 χάρακα·
406 4681 452 4742 καί
478 4684 565 4751 αὐτοῖς
586 4683 676 4751 νυκτός
704 4684 863 4746 ἐπιτίθενται

87 4770 263 4841 Οὐολοῦσκοι,
273 4770 374 4848 ὀλίγους
386 4794 415 4830 τε
429 4770 548 4840 δόξαντες
562 4761 630 4830 εἶναι
644 4770 690 4830 καλ
708 4774 742 4838 ὡς
762 4771 788 4840 ἐξ
803 4777 864 4833 ὁδοῦ

33 4875 58 4909 ιιι
88 4865 194 4938 μακρᾶς
215 4857 378 4926 κατακόπους
413 4859 604 4939 προθυμίαςτ’
624 4860 716 4926 ἐνδεῶς
741 4858 863 4942 ἔχοντας,

88 4947 131 5005 ert
150 4968 210 5011 τους
223 4946 299 5002 ἐκ
263 4967 315 5002 των
329 4947 448 5019 πενήτων
460 4971 494 5007 πε
496 4949 522 5030 pt
541 4947 575 5008 sd
586 4947 654 5030 χρία
675 4971 742 5008 νεωτ
731 4949 864 5029 ,ερισμοδς

87 5035 114 5092 da
129 5036 202 5112 ἀκμῇ
219 5029 337 5109 μα’λιστα
351 5034 490 5146 δοκομντας
496 4971 577 5097 εἶναι.
620 5033 655 5096 ‘0
673 5036 700 5096 δὲ
715 5034 864 5117 Σερουίλιος

88 5121 127 5180 ἔτι
142 5144 233 5190 νυκτος
245 5120 299 5180 άπο
318 5125 363 5181 τοῦ
383 5123 502 5238 χάρακος
515 5124 732 5205 ἀγωνισάμενος,
756 5125 814 5186 ἐπεὶ
835 5124 862 5186 δί

85 5232 142 5290 ιρως
155 5233 170 5267 τ
171 5207 251 5282 ’ἤδη
266 5209 367 5287 ἐγένετο
389 5211 434 5271 καὶ
446 5209 505 5282 τους
519 5212 660 5292 πολεμίους
678 5215 773 5295 ίμαθεν
795 5215 862 5274 ἀτά-

184 5347 294 5391 niontstt.

889 377 1038 439 ROMAN.
1061 379 1133 440 tto.
1158 381 1209 442 Vi.
1638 391 1697 449 337

888 513 892 635 γ
920 522 1073 570 «ratenus.
1113 521 1139 570 Si
1161 535 1222 573 reru
1242 536 1353 585 presens
1373 524 1511 588 periculum
1535 540 1622 577 ornnes
1644 530 1696 593 part

919 607 1022 656 «animi
1044 609 1200 659 contentione
1220 610 1257 659 usi
1277 611 1478 675 propulsassent,
1504 615 1562 662 tunc
1586 613 1698 666 riderent

918 709 1055 759 «monam
1070 697 1144 747 modo
1164 712 1261 762 aquam
1284 703 1310 749 et
1328 713 1484 750 communem
1508 714 1538 750 ac
1564 683 1698 754 salutarem

888 790 930 832 Ιιι
950 788 1067 839 omuibus
1090 790 1233 854 reipublice
1261 791 1366 843 tonnam
1395 792 1594 855 constituerent
1616 793 1652 844 ita
1671 797 1700 846 ut

918 894 1028 946 «neque
1046 881 1130 944 inopes
1153 883 1258 933 divitum
1282 884 1386 936 fortunis
1402 885 1596 948 insidiarentur,
1618 900 1698 951 neque

887 988 931 1050 γι
918 969 984 1019 «titt
998 971 1175 1022 contumeliose
1193 970 1354 1024 humiliorum
1376 974 1506 1026 hominurn
1533 976 1664 1026 tonante
1657 989 1698 1027 ru-

919 1058 1090 1108 ιιιεοΙθιεειιι
1084 1059 1179 1122 ·(haec
1192 1059 1257 1110 enim
1272 1074 1320 1111 nou
1339 1075 1393 1112 esse
1410 1063 1511 1126 civilia)
1526 1063 1569 1115 sad
1583 1067 1611 1114 ut
1632 1078 1697 1129 pau·

918 1168 930 1192 ι
945 1162 1018 1214 peres
1029 1151 1170 1201 fruerentur
1180 1151 1246 1202 civili
1260 1152 1352 1202 auxilio
1370 1158 1397 1204 et
1415 1154 1588 1218 creditoribus,
1603 1158 1624 1206 si
1641 1157 1696 1220 qul-

918 1258 930 1282 ι
946 1237 1050 1288 busdam
1070 1239 1158 1289 iniuria
1173 1239 1240 1290 iacta
1256 1244 1323 1291 esset
1335 1277 1343 1303 ,
1357 1243 1524 1306 porrigeretur
1541 1245 1697 1297 moderatum

918 1346 931 1371 ι
948 1325 1097 1383 subsidium.
1111 1332 1185 1392 atque
1198 1328 1368 1380 ttnmuimum
1386 1330 1512 1381 hominum
1523 1332 1617 1385 bonurn
1631 1334 1695 1398 quod

918 1434 932 1459 ι
948 1415 973 1465 in
990 1415 1105 1466 omnibus
1123 1417 1267 1468 civitatibus
1288 1419 1444 1470 ocricordiam
1464 1423 1566 1480 servat,
1582 1426 1695 1473 murrae·

919 1519 931 1545 ι
946 1505 1017 1552 tuum
1029 1502 1150 1554 ctdattcet
1162 1504 1232 1562 sides,
1248 1517 1297 1553 non
1309 1505 1415 1565 omnino,
1427 1519 1507 1570 neque
1516 1507 1541 1555 iu
1553 1512 1698 1571 perpetuum

918 1609 931 1633 ι
946 1590 1036 1641 excola
1049 1591 1173 1656 republica
1181 1594 1290 1643 lloruana
1301 1593 1440 1644 tolleretur.
1454 1614 1466 1637 ι
1479 1595 1542 1645 curn
1555 1594 1631 1657 igitur
1644 1596 1699 1647 hac

917 1681 943 1728 et
957 1678 1014 1739 ada,
1025 1693 1081 1741 quie
1094 1683 1191 1744 ternpus
1204 1681 1355 1746 postulabat,
1369 1681 1482 1741 dixisset,
1496 1688 1623 1747 postremo
1641 1703 1654 1728 ιι
1668 1685 1700 1736 de
1797 1672 1803 1697 ⁸

919 1779 995 1816 «sua
1014 1781 1073 1828 erpa
1096 1768 1192 1831 plebem
1216 1770 1340 1820 constanti
1360 1770 1533 1822 benevolentia
1555 1773 1605 1835 egit
1623 1777 1649 1822 et
1672 1785 1700 1826 se

919 1855 1073 1919 «purgavit,
1087 1869 1117 1905 ac
1132 1856 1213 1920 petiit,
1229 1861 1259 1908 ut
1271 1871 1357 1909 smum
1376 1857 1409 1908 ad
1432 1858 1496 1909 lianc
1515 1859 1699 1924 expeditionem

920 1964 932 1988 ι
948 1943 1159 2007 proficisceretur,
1179 1949 1205 1995 et
1223 1945 1288 1997 hanc
1308 1947 1413 2010 gratiam
1436 1948 1485 1998 sibi
1510 1962 1555 2012 pro
1579 1963 1624 2000 suo
1642 1963 1700 2014 erga

919 2053 931 2077 ι
946 2032 1024 2097 ipsam
1044 2033 1127 2084 studio
1146 2035 1262 2097 referret,
1275 2037 1344 2086 urbis
1356 2038 1421 2088 enim
1434 2051 1518 2089 curam
1539 2039 1639 2104 collegas
1653 2041 1698 2092 ob·

918 2142 930 2165 ι
947 2121 1042 2186 tipisse,
1056 2125 1082 2172 et
1094 2122 1127 2172 ad
1141 2137 1167 2173 se
1188 2122 1247 2175 belli
1267 2125 1397 2190 imperium
1418 2127 1530 2179 delatum
1544 2141 1601 2180 esse
1614 2147 1621 2179 ε
1636 2130 1700 2183 hanc

890 2232 893 2301 γ
918 2230 930 2253 ι
947 2210 1012 2260 enim
1034 2212 1157 2261 torinnam
1178 2212 1226 2262 sibi
1245 2213 1277 2264 ab
1303 2214 1357 2278 ipsa
1377 2218 1444 2266 sorte
1467 2217 1559 2268 datam
1595 2219 1700 2272 Dicebat

920 2317 932 2340 ιι
948 2301 1050 2355 autern,
1067 2302 1150 2363 patres
1170 2301 1218 2350 sibi
1240 2301 1363 2365 pollicitos
1378 2318 1432 2354 esse
1453 2319 1480 2355 se
1492 2311 1576 2359 ratum
1590 2309 1700 2361 tacturus

920 2405 933 2430 ι
948 2386 1064 2452 quiaputu
1080 2388 1147 2447 plebi
1164 2389 1318 2453 promisisset
1331 2408 1338 2450 ;
1352 2405 1428 2458 seque
1450 2394 1500 2444 illis
1516 2396 1627 2449 vicissim
1644 2414 1700 2465 pro·

920 2494 933 2519 ι
948 2474 1059 2537 mtsisse,
1086 2480 1136 2528 tora
1165 2481 1194 2527 ut
1216 2480 1379 2542 persuaderet
1406 2481 1508 2546 plebeiis
1530 2499 1561 2535 ne
1591 2490 1698 2552 patriam

919 2583 933 2607 ι
948 2562 1063 2614 hostibus
1079 2564 1226 2628 proderent.
1246 2587 1259 2612 ι

950 2738 1034 2789 ltltllt.
1050 2739 1104 2787 llac
1119 2737 1233 2788 oratione
1253 2739 1348 2802 habita,
1372 2754 1416 2805 per
1437 2755 1577 2805 prasonem
1601 2745 1698 2805 edixit,

919 2824 1011 2876 nemini
1028 2825 1101 2877 licere
1123 2840 1273 2890 quemquam
1289 2828 1382 2878 cirium
1400 2831 1581 2894 Romanorum,
1605 2832 1650 2896 qut
1667 2834 1700 2885 ad

919 2912 1010 2964 bellum
1027 2917 1113 2966 contra
1129 2916 1233 2966 Volscos
1251 2929 1337 2967 secum
1350 2918 1416 2968 ultro
1432 2919 1700 2984 proticiscentem

918 3002 994 3053 domo
1024 3004 1140 3069 privare,
1161 3007 1206 3055 aut
1227 3005 1354 3068 vendere,
1380 3009 1424 3058 aut
1446 3008 1625 3074 oppignerare,
1655 3016 1699 3062 aul

919 3105 1005 3142 eorum
1023 3093 1141 3144 familiam
1164 3093 1240 3144 ullius
1253 3097 1400 3146 contractus
1422 3110 1514 3146 caussa
1537 3112 1629 3149 uerum
1651 3101 1697 3152 ab·

919 3180 1021 3241 ducere,
1036 3186 1080 3232 aut
1095 3183 1171 3232 etiarn
1182 3183 1316 3247 impedire,
1331 3198 1381 3247 quo
1400 3184 1483 3236 minus
1492 3186 1595 3249 quilibet
1611 3202 1698 3239 nomen

919 3268 950 3318 ad
962 3263 1078 3320 militiam
1093 3270 1164 3320 daret
1178 3291 1184 3320 ι
1198 3275 1223 3320 at
1232 3273 1276 3334 qui
1294 3271 1410 3323 militiam
1420 3273 1595 3335 detrectarent,
1612 3279 1698 3327 contra

919 3372 963 3408 eos
984 3359 1151 3410 creditoribus
1171 3360 1210 3409 lus
1224 3373 1279 3410 esse
1293 3360 1408 3424 eugenni
1423 3365 1568 3424 pecuniam,
1588 3364 1697 3427 qulbus·

919 3460 1017 3510 cunque
1024 3446 1205 3497 conditionibus
1216 3461 1272 3497 carn
1283 3448 1343 3512 ipsis
1355 3452 1442 3501 mutuo
1459 3450 1596 3502 dedissent.
1629 3453 1697 3503 Pau·

920 3549 990 3599 peres
1021 3535 1061 3585 his
1085 3534 1176 3585 audilis
1200 3535 1330 3586 confestim
1352 3542 1538 3600 consenserunt,
1562 3544 1588 3590 et
1608 3554 1699 3604 magna

920 3624 997 3674 anunt
1018 3623 1146 3674 alacritate
1169 3637 1255 3674 omnes
1282 3625 1314 3674 ad
1343 3625 1436 3676 bellurn
1465 3629 1621 3688 terebantur;
1655 3631 1698 3683 alil

919 3711 1023 3774 quidem
1036 3711 1100 3761 lueri
1115 3725 1159 3776 spe
1173 3710 1265 3773 exciti,
1284 3712 1328 3763 alii
1347 3726 1409 3764 vero
1430 3716 1588 3778 imperatoris
1605 3720 1696 3782 gratia,

920 3798 1019 3863 plurimi
1032 3813 1092 3853 rero
1104 3803 1133 3850 ut
1147 3798 1287 3862 effugerent
1314 3801 1421 3866 Appium
1442 3809 1468 3854 et
1487 3806 1651 3856 contumelias
1672 3808 1698 3860 in

920 3896 971 3945 eos,
984 3883 1029 3948 qui
1042 3884 1067 3934 iu
1080 3885 1140 3935 urbe
1153 3885 1335 3937 remansissent.
1349 3888 1471 3939 Servilius
1485 3891 1569 3954 igitur,
1585 3897 1698 3944 assumto

919 3973 1040 4035 exercitu,
1049 3987 1136 4036 magna
1149 3973 1276 4025 celeritate
1289 3979 1413 4040 properat,
1427 3977 1493 4028 nulla
1504 3993 1573 4029 mora
1588 3980 1697 4045 interpo-

919 4063 975 4125 sita,
986 4069 1015 4115 ut
1029 4065 1098 4129 prius
1109 4079 1167 4116 cum
1178 4064 1292 4115 nostibus
1305 4067 1508 4130 congrederetur,
1523 4083 1599 4133 quam
1610 4072 1659 4135 ipsi
1670 4073 1695 4123 iu

919 4152 1059 4203 Romanum
1080 4168 1167 4218 apum
1188 4154 1361 4217 irrumperent.
1395 4154 1562 4207 comantem
1590 4173 1633 4210 cos
1655 4162 1695 4211 ot-

919 4238 1036 4291 icudisset
1053 4247 1241 4292 castrametatos
1254 4243 1279 4291 in
1289 4257 1349 4306 agro
1367 4245 1522 4308 Pomentiuo,
1543 4251 1569 4298 et
1581 4251 1696 4300 Latinum

919 4341 1005 4391 agrum
1016 4331 1173 4395 populantes,
1195 4332 1293 4395 quoda
1318 4346 1345 4383 sc
1363 4333 1462 4383 inritati
1478 4334 1537 4386 belli
1558 4338 1618 4388 socii
1643 4350 1697 4388 esse

918 4414 1068 4479 noluissent,
1093 4420 1160 4469 circa
1189 4420 1358 4483 vespertinum
1382 4424 1558 4486 crepusculum
1589 4425 1612 4473 in
1635 4424 1697 4477 colle

918 4503 1038 4567 quodam,
1065 4507 1153 4571 viginti
1173 4509 1250 4558 terme
1266 4509 1353 4560 stadiis
1366 4512 1399 4561 ab
1422 4525 1508 4562 eorum
1534 4514 1622 4564 castris
1643 4514 1697 4566 dis·

918 4599 995 4659 tante,
1008 4601 1089 4648 costra
1100 4601 1192 4663 posuit.
1225 4605 1304 4652 Noctu
1317 4604 1468 4655 verovolsci
1481 4619 1523 4656 cos
1531 4606 1614 4656 adorti
1626 4612 1694 4666 sunt,

918 4685 1087 4737 existimantes
1097 4701 1260 4752 paucosesse,
1279 4694 1305 4743 et
1317 4691 1348 4742 ob
1360 4693 1408 4744 iter
1422 4693 1522 4757 longum
1534 4694 1657 4756 fatigatos,
1672 4697 1698 4744 et

919 4773 1007 4824 anunis
1022 4774 1104 4825 minus
1116 4779 1218 4840 paratis,
1233 4779 1266 4828 ob
1286 4779 1388 4845 inopum
1412 4787 1512 4845 propter
1537 4796 1572 4831 res
1588 4782 1696 4832 alienum

918 4862 1143 4928 seditionesque
1155 4869 1208 4915 tum
1229 4868 1336 4918 inarime
1354 4871 1435 4932 vigere
1455 4867 1629 4918 credebantur.
1664 4875 1696 4922 nt

917 4952 1055 5013 Servilius,
1081 4954 1202 5017 quamdiu
1223 4969 1272 5005 non
1304 4956 1404 5006 durarit
1430 4969 1461 5005 ει
1483 4955 1536 5018 ipso
1557 4956 1622 5007 vallo
1646 4973 1696 5023 pu-

916 5053 1003 5104 gnans,
1017 5038 1178 5104 ubiprimum
1192 5041 1247 5093 dies
1260 5042 1357 5103 illuxit,
1373 5046 1398 5092 et
1419 5040 1593 5094 animadvertit
1610 5044 1696 5099 hostes

916 5131 991 5182 nullis
998 5131 1239 5184 serratrsordanibus
1246 5134 1367 5199 palantes,
1375 5132 1448 5183 iussit
1457 5133 1549 5184 mulus
1556 5138 1695 5188 castrorum

916 5223 1002 5286 portas
1017 5220 1080 5272 ctum
1094 5222 1197 5287 aperiri,
1216 5227 1241 5274 et
1260 5222 1333 5275 simul
1353 5237 1402 5274 uno
1416 5223 1485 5288 siguo
1502 5227 1654 5276 excercitum
1669 5227 1696 5276 in

1590 5355 1619 5399 2¹2
