3772 5828
170 326 231 387 536

171 484 233 527 κους
248 459 325 521 αύτδν
339 458 501 540 ίψηρίσαντο
520 456 569 529 τήν
583 455 694 537 δύναμιν
710 458 818 537 ίπάγειν
839 460 946 519 trunon-

171 550 227 632 ρίας
249 553 295 607 τοῦ
317 546 491 627 συνάρχοντος
505 546 597 619 ίνεκα,
612 549 635 604 εί
649 546 756 606 δύναιτο
778 547 948 627 κατορθώσας

170 639 215 696 τδν
229 636 284 695 ἐκεῖ
302 636 432 711 πόλεμον·
447 627 479 705 ἦν
494 636 546 714 γδρ
565 638 591 693 ἐν
607 636 680 716 αὐτῷ
694 635 805 693 πολύτὸ
820 637 949 715 ἀνδρεῖον,

170 722 296 803 ἀρανίααι
310 719 356 788 τάς
371 721 413 780 ἐπὶ
425 726 480 789 τοῖς
493 722 628 801 προτέροις
647 723 840 802 ἁμαρτήμασιν
855 724 947 803 ὀργάς.

129 831 143 869 ο
170 810 203 871 ‘0
218 812 244 870 δὲ
260 810 326 889 ἀνὴρ
341 812 497 883 ἀγανακτῶν
513 808 603 889 ίπιτῇ
622 811 715 890 ἀτιμία
731 810 832 882 πολλὴν
851 811 944 882 ίποιή·

170 922 236 961 σατο
251 903 299 969 τῆς
319 898 415 977 βουλῆς
431 900 459 957 έν
474 902 513 978 τῷ
529 897 607 978 δήμῳ
621 898 800 979 κατηγορίαν,
814 901 849 965 ῶς
869 900 948 978 ἀχθο-

170 988 251 1066 μένης
265 988 310 1049 ίπί
322 991 361 1067 τῷ
379 988 504 1046 λελῧσθαι
517 987 562 1045 τδν
580 986 645 1067 πρθς
661 986 720 1055 τούς
733 986 885 1070 Τυρρηνούς
901 987 949 1046 πύ·

170 1086 260 1155 λιμον.
302 1076 376 1158 Ἤρη
394 1076 423 1134 δι
434 1080 512 1136 τοῦτο
523 1075 616 1143 αὐτοὺς
627 1078 654 1144 ti
668 1076 810 1147 ἐπιάουλῆς
828 1076 873 1135 καί
889 1080 950 1135 irrr-

171 1168 264 1250 puple<
277 1171 329 1226 τῶν
347 1164 469 1231 πενήτων
493 1173 593 1242 ποιεῖν,
612 1162 655 1223 ίνα
680 1165 718 1243 μδ,
732 1169 785 1224 τῶν
807 1164 951 1247 ὑπερορίων

119 1266 146 1307 ¹⁰
171 1259 367 1338 ἀπαλλαγέντες
383 1256 508 1332 πολέμων
533 1258 667 1314 ἀπαιτῶσι
681 1255 728 1323 τὰς
747 1255 808 1334 περὶ
821 1261 870 1328 τῆς
883 1258 950 1326 κλη-

171 1348 277 1428 ρουχίοις
293 1344 467 1421 ὑποσχέσεις,
494 1342 640 1403 πολλοστὸν
665 1342 721 1409 ἔτος
744 1343 795 1414 ἤδη
814 1343 951 1423 φενακιζό-

170 1459 244 1513 μενοι
258 1435 323 1515 πρὸς
338 1435 435 1491 αὐτῶν.
480 1432 575 1490 Ταῦτα
590 1432 636 1489 καὶ
650 1430 736 1488 πολλὰ
748 1430 849 1498 τούτοις
870 1432 949 1509 δμοια

170 1523 251 1602 [καὶ]
267 1522 301 1580 δι’
316 1523 394 1599 ὀργῆς
412 1518 528 1600 ἀκράτου
551 1522 603 1577 τῶν
627 1519 774 1597 πατρικίων
796 1520 883 1590 ὀνείδη
904 1543 950 1579 κα·

168 1611 348 1680 τασκιδάσας,
363 1606 412 1678 τήν
427 1631 457 1667 τε
469 1606 736 1688 συστρατευσαμένην
753 1609 825 1687 αὐτῷ
838 1607 947 1684 δύναμιν

120 1726 142 1767 15
169 1698 286 1758 ἀπέλυσε
299 1702 352 1756 τῶν
376 1695 512 1772 σημείων,
537 1694 583 1753 καί
597 1692 645 1767 τήν
670 1694 737 1771 μετὰ
760 1694 881 1775 Φουρίου
904 1704 949 1758 τοῦ

170 1784 318 1844 ἀνθυπάτου
332 1783 519 1863 διατρίύουσαν
529 1785 555 1841 έν
567 1785 691 1850 Αἰκανοῖς
707 1784 950 1865 μεταπεμψάμενος

169 1876 269 1955 ἀρῆκεν
285 1873 328 1931 ἐπὶ
342 1872 376 1932 τίι
396 1871 525 1953 σρέτερα·
541 1872 568 1942 ἐξ
583 1864 620 1931 ῶν
642 1873 743 1943 πολλὴν
756 1874 836 1933 πάλιν
851 1874 949 1946 ε’ποίη-

169 1986 212 2022 σεν
229 1963 347 2032 ἐξουσίαν
365 1971 419 2030 τοῖς
440 1963 587 2041 δημάρχοις
602 1970 759 2041 κατηγορεῖν
774 1966 825 2020 τῶν
840 1966 946 2042 βουλευ·

167 2057 219 2112 τῶν
236 2055 262 2111 ἀν
274 2053 332 2119 ταῖς
356 2052 524 2123 ἐκκλησίαις,
539 2050 585 2108 καί
599 2050 731 2109 διιστάναι
747 2047 806 2116 τοὺς
832 2049 948 2121 πένητας

116 2165 142 2205 ιιι
168 2142 222 2201 ἀπὸ
237 2146 289 2201 τῶν
304 2140 434 2218 εὐπόρων.

209 2232 315 2290 ΧλῚΙΙ.
340 2228 417 2287 Μετὰ
444 2226 472 2286 δὲ
495 2227 601 2294 τούτους
625 2226 866 2305 παραλαμίάνουσι
895 2228 943 2300 τήν

169 2319 295 2377 ὑπατείαν
323 2316 401 2383 Γάιος
428 2314 551 2396 Ὁράτιος
576 2316 621 2374 καὶ
645 2319 726 2383 ’ίῗτος
752 2317 881 2389 Μενήνιος
903 2318 947 2379 ἐπί

167 2411 214 2481 τῆς
226 2407 425 2483 ίθδομηκοστῆς
440 2406 486 2464 καί
509 2404 587 2477 έκτης
608 2406 791 2482 ὀλυμπιάδος,
813 2408 845 2465 δν
870 2408 944 2467 ίνίκα

167 2495 273 2556 στάδιον
288 2495 462 2574 Σκάμανδρος
478 2496 669 2569 Μιτυληναῖος,
685 2495 811 2574 ἄρχοντος
823 2494 947 2569 Ἀθήνησι

114 2603 141 2641 no
168 2587 317 2651 Φαίδωνος.
360 2588 386 2644 Τ
388 2583 472 2649 ούτοις
491 2586 549 2641 κατ’
563 2583 649 2662 ἀρχὰς
665 2584 738 2657 μίνδ
751 2584 886 2645 πολιτικὸς
901 2585 947 2644 θύ-

167 2675 242 2754 ρυύος
258 2674 382 2749 ἐμποδὼν
400 2672 503 2751 ἐγένετο
521 2672 646 2752 πράττειν
658 2672 691 2732 zi
703 2676 791 2746 κοινά,
801 2673 944 2753 ἠρεθισμέ-

167 2782 211 2819 νου
227 2766 272 2818 rob
289 2761 373 2838 δήμου
385 2760 431 2818 καὶ
451 2760 524 2820 οὐδέν
545 2763 639 2828 ἐῶντος
654 2760 741 2840 ἕτερον
768 2764 944 2823 ἐπιτελεῖσθαι

167 2854 218 2907 τῶν
229 2852 335 2920 κοινῶν,
360 2849 407 2916 ἕως
437 2848 468 2908 ἀν
485 2848 626 2927 μερίσηται
650 2850 698 2920 τὴν
717 2851 846 2925 δημοσίαν
874 2856 947 2926 γῆν·

290 2938 300 2972 ι

168 2940 255 3019 χρόνῳ
274 2940 301 2996 δε
316 2938 422 3017 ὕστερον
436 2929 486 3005 εἶξε
500 2936 533 2995 cd
547 2942 743 3016 παρακινοῦντα
758 2939 804 2995 καὶ
818 2939 945 3018 ταραττό-

112 3046 140 3085 Ιιιι
168 3048 234 3103 μενοι
251 3032 283 3105 τῇ
303 3027 405 3103 ἀνάγκη
423 3024 649 3103 συγχωρήσαντα,
663 3025 708 3083 καί
729 3026 772 3083 ἰπὶ
789 3026 836 3092 τδις
859 3050 943 3106 στρα-

167 3118 237 3182 τείας
252 3116 360 3174 ἑκούσια
370 3105 444 3185 ἦλθε.
488 3116 634 3192 Τυρρηνῶν
644 3114 694 3193 γάρ
707 3117 734 3172 αἱ
745 3115 782 3190 μδ,
792 3126 941 3195 μετασχοῦ-

167 3229 212 3264 σαι
231 3210 278 3276 τῆς
302 3203 406 3282 εἰρήνης
430 3203 520 3261 ἕνδεκα
539 3201 627 3268 πόλεις
650 3202 748 3282 ἀγοράν
766 3205 944 3280 ποιησάμεναι

166 3294 255 3366 κοινήν
271 3293 433 3371 κατηγόρουν
452 3298 496 3350 τοῦ
523 3295 691 3351 Οὐιεντανῶν
715 3290 815 3366 ἔθνους,
839 3293 878 3352 ὅτι
899 3295 943 3353 τὸν

165 3388 227 3463 πρὸς
238 3383 388 3460 Ῥωμαίους
400 3382 516 3459 πόλεμον
530 3384 559 3439 ού
573 3382 640 3457 μετὰ
650 3383 851 3461 κοινῆςγνύιμης
862 3410 942 3446 κατε-

111 3501 138 3540 35
164 3474 294 3545 λύσαντο,
310 3472 355 3529 καὶ
371 3472 439 3529 δυεῖν
454 3472 562 3549 θάτερον
577 3469 671 3538 αὐτούς
692 3471 780 3543 ἠξίουν
796 3475 941 3557 πράττειν,

164 3561 266 3633 ἢλύειν
282 3562 314 3619 τά
335 3562 398 3638 πρὸς
415 3559 566 3636 Ῥωμαίους
588 3562 804 3639 ὁμολογηθέντα,
830 3563 943 3634 ἣπολε-

165 3652 223 3726 μεῖν
239 3674 312 3730 σρισι
331 3652 389 3726 μετ’
407 3650 521 3708 ἐκείνων.
565 3651 601 3710 Oi
616 3651 643 3710 δέ
657 3653 810 3712 Οὐιεντανοὶ
826 3658 873 3725 τῆς
894 3657 942 3732 μέν

164 3740 267 3818 εἰρήνης
292 3738 339 3809 τὴν
358 3738 476 3815 ἀνάγκην
502 3743 632 3818 ᾐτιῶντο,
649 3739 720 3807 ὅπως
745 3740 773 3798 δέ
802 3741 834 3799 ἀν
861 3744 942 3815 αὐτήν

164 3826 360 3886 καταλύσαιντο
374 3829 511 3906 εὐπρεπῶς
527 3831 562 3894 εἰς
576 3827 661 3885 κοινὸν
678 3827 797 3887 ἐτίθεσαν
821 3833 939 3891 σκοπεῖν.

110 3940 138 3976 ευ
164 3913 278 3973 Ἔπειτα
294 3915 444 3974 ὑποτίθεταί
462 3938 501 3981 τις
514 3918 601 3981 αὐτοῖς
618 3916 740 3992 ἔγκλημα
753 3919 942 3992 ποιησαμένοις

164 4000 207 4058 τδν
218 4001 393 4081 ίπιτειχισμδν
412 4008 458 4074 τῆς
475 4003 614 4083 Κρεμέρας
628 4002 673 4062 καί
688 4003 717 4061 ro
734 4004 771 4078 μὴ
787 4005 940 4064 ἀπανίστα-

164 4091 225 4143 σθαι
248 4089 308 4155 rob:
330 4092 455 4169 φρουρούς
481 4093 528 4149 ἀπ’
544 4092 641 4160 αὐτῆς,
665 4092 735 4168 λύγῳ
764 4090 813 4167 μέν
835 4096 940 4171 πρῶτον

164 4174 250 4243 ἀξιοῦν
268 4177 360 4243 αύτούς
381 4181 496 4239 ἐκλιπεῖν
525 4181 554 4239 τὸ
578 4178 691 4260 χωρίον,
713 4180 758 4239 tio
774 4181 801 4239 δὲ
818 4181 855 4257 μὴ
881 4184 940 4242 πεί-

163 4269 245 4335 θωσι,
262 4269 409 4344 πολιορκεῖν
436 4270 466 4327 τὸ
492 4269 630 4350 φρούριον,
657 4269 702 4327 καὶ
724 4270 823 4342 ταύτην
854 4273 940 4355 ἀρχὴν

109 4375 134 4413 ln
163 4352 324 4422 ποιήσασθαι
339 4360 384 4411 τού
400 4357 527 4433 πολέμου.
572 4362 666 4417 Ταῦτα
683 4360 834 4434 συνθέμενοι
851 4364 938 4433 ἀπηλ-

163 4442 287 4500 λάττοντο
304 4445 333 4500 ἐκ
352 4449 395 4501 τοῦ
410 4447 554 4524 συλλόγου·
576 4446 618 4505 καὶ
636 4449 694 4523 μετ’
712 4449 741 4505 οὗ
757 4447 823 4506 πολὺ
846 4454 940 4510 Οὐιεν-

162 4532 234 4588 τανοὶ
250 4531 298 4607 μέν
315 4533 519 4601 ἀποστείλαντες
534 4534 677 4615 πρεσίείαν
690 4538 725 4602 ὡς
741 4534 800 4603 τούς
817 4538 938 4605 (θιαύίους

163 4621 278 4696 ἀπήτουν
290 4624 354 4699 παρ’
370 4624 455 4679 αὐτῶν
470 4624 499 4681 τὸ
514 4625 649 4704 φρούριον,
666 4626 800 4703 Τυρρηνία
819 4624 845 4682 δὲ
861 4635 936 4683 πᾶσα

164 4704 196 4786 ἦν
222 4716 248 4771 έν
271 4718 324 4780 τοῖς
349 4715 447 4781 ὅπλοις.
494 4718 587 4774 Ταῦτα
618 4717 750 4794 Ῥωμαῖοι
778 4719 945 4796 αἰσθόμενοι,

109 4822 137 4859 sn
164 4804 276 4862 «iratior
300 4807 388 4870 αὐτοῖς
412 4802 629 4876 ἐπιστειλάντων,
647 4806 763 4881 ἔγνωσαν
784 4807 948 4886 ἀμφοτέρους

163 4888 348 4965 ἐκπορεύεσθαι
370 4886 428 4952 τούς
452 4885 566 4950 ὑπάτους
583 4888 626 4943 ἐπὶ
649 4892 693 4944 τὸν
709 4890 884 4963 πύλεμον.το’ν
910 4914 937 4947 τε

162 4974 215 5031 ἀπὸ
228 4979 377 5055 Τυρρηνίας
392 4975 556 5051 ἐπαγόμενύν
582 5000 655 5052 curor
679 4978 786 5036 καὶτὸν
811 4979 850 5035 ε’τι
873 4979 938 5057 πρδς

161 5062 342 5131 Οὐολούσκους
364 5070 527 5127 συνεστῶτα.
582 5063 704 5142 Ὁράτιος
730 5070 777 5143 μὲν
796 5057 841 5124 ούν
866 5066 937 5146 ἀγων

160 5149 207 5211 δύο
225 5151 351 5229 τάγματα
367 5156 413 5214 καλ
439 5153 492 5212 ἀπὸ
513 5154 564 5210 τῶν
590 5153 678 5209 ἄλλων
703 5155 855 5234 συμμάχων
879 5154 936 5221 τοὺς

701 324 867 387 ΒΙΟΝΥΒΙΙ
890 324 1267 389 nnlicnnnnsslsn'sls

1003 467 1064 518 lium
1080 468 1174 529 terret,
1187 470 1209 520 si
1222 472 1314 535 posset.
1330 469 1373 521 illo
1383 470 1449 523 bello
1463 471 1573 523 feliciter
1591 474 1717 527 conlecto
1732 478 1799 539 (erni

1003 579 1069 631 enlm
1077 580 1116 631 νιν
1123 578 1260 631 admodum
1276 580 1362 647 tortis)
1376 582 1570 645 indignationem
1583 586 1621 637 ob
1636 589 1726 652 priora
1738 605 1796 657 ρος.

1005 700 1060 747 coto
1079 697 1192 748 nreritnm
1205 697 1311 751 oboleno.
1346 702 1380 749 At
1396 700 1447 758 ille,
1459 698 1525 751 lncnc
1539 701 1711 765 ignominium
1730 722 1798 773 egre

1006 812 1099 872 terens,
1113 810 1180 875 opud
1200 811 1318 876 populum
1331 811 1491 865 rehemcnter
1505 814 1532 865 in
1543 818 1634 879 potres
1648 822 1693 871 est
1711 821 1797 875 inrec-

1006 930 1062 989 tus‚
1073 941 1123 992 qm
1132 926 1197 978 bello
1206 929 1311 978 Etrusco
1320 928 1394 980 linem
1405 929 1549 995 impositum
1562 934 1676 987 moleste
1693 940 1793 993 l'errent.

1005 1044 1059 1091 lloc
1077 1044 1161 1092 cutem
1176 1046 1260 1107 putrcs
1275 1040 1391 1094 ιασιιιιυεε
1406 1045 1433 1095 ει
1445 1045 1470 1095 ιιι
1482 1049 1682 1102 contemtionem
1698 1067 1793 1121 ponpe-

1005 1168 1062 1205 rom
1073 1155 1152 1205 lucere
1168 1154 1277 1217 dicebat,
1288 1169 1320 1208 uc
1332 1155 1404 1209 bellis
1415 1159 1522 1211 externis
1534 1160 1639 1217 liberati
1648 1180 1726 1231 ugron
1735 1184 1795 1234 pro-

1004 1270 1094 1320 missos
1109 1274 1282 1335 reposuerant,
1301 1275 1340 1323 tol
1357 1288 1436 1325 nnnos
1448 1274 1498 1327 ιεεο
1517 1290 1610 1331 eorum
1629 1283 1740 1336 tullnciis
1750 1288 1793 1339 de·

1004 1386 1077 1450 oepli.
1111 1389 1195 1445 Quum
1208 1390 1293 1441 uulern
1304 1389 1342 1440 ιεε
1357 1389 1490 1456 impotenti
1506 1399 1590 1458 octus,
1603 1398 1646 1449 ιιιε
1667 1406 1697 1453 ct
1710 1406 1792 1457 inultis

1004 1501 1147 1554 huiusmodi
1172 1504 1267 1569 probris
1293 1508 1408 1574 patricios
1435 1510 1619 1577 εθερστειεεει,
1645 1518 1746 1571 dimisit
1767 1527 1792 1575 et

1004 1618 1157 1677 exercitum,
1181 1618 1225 1684 qui
1242 1634 1328 1674 secum
1343 1624 1376 1674 ud
1396 1624 1509 1677 militium
1533 1636 1652 1693 venerut,
1674 1638 1703 1685 et
1727 1638 1790 1689 Furii

1004 1733 1158 1796 proconsulis
1166 1734 1265 1798 copies,
1282 1750 1340 1800 quur
1355 1737 1381 1787 in
1394 1739 1482 1804 AEquis
1494 1746 1582 1803 εεειει,
1592 1748 1732 1798 accersitos
1743 1751 1788 1801 do-

1005 1860 1073 1896 nnnn
1089 1847 1183 1898 dimisit
1202 1861 1272 1911 :qno
1292 1849 1358 1899 lucto
1378 1850 1486 1903 tribunis
1506 1868 1624 1920 memoro
1639 1866 1746 1913 sennim
1765 1866 1789 1915 in

1004 1960 1163 2012 concionibus
1184 1965 1333 2021 nccnsundi.
1354 1968 1380 2016 et
1402 1964 1507 2019 dissidio
1526 1970 1591 2022 inter
1613 1988 1737 2040 pauperes
1763 1985 1787 2031 et

1004 2074 1095 2126 diriter
1108 2076 1183 2127 libere
1197 2077 1290 2128 terendi
1302 2078 1431 2129 molerinrn
1446 2080 1561 2143 prebuit.

1035 2248 1125 2297 xviii.
1143 2248 1211 2296 inno
1221 2247 1333 2310 sequenti
1349 2249 1467 2299 consules
1480 2250 1554 2301 crusti
1571 2254 1631 2303 sunt
1651 2254 1679 2305 G.
1694 2259 1776 2309 llore-

1004 2344 1054 2394 lius
1066 2348 1094 2394 ct
1103 2346 1132 2395 T.
1145 2343 1281 2403 lienenius,
1296 2346 1480 2409 septuagesimo
1489 2348 1714 2417 sexlnolpmpiudc.
1728 2370 1780 2419 quo

1004 2442 1065 2492 vicit
1077 2442 1103 2492 in
1115 2440 1197 2492 stadio
1211 2440 1361 2492 scnmnnder
1379 2443 1534 2506 llilyleoaem
1546 2446 1665 2499 umbontc
1679 2450 1783 2504 libonis

1003 2532 1135 2582 Plraedone.
1180 2532 1212 2581 lli
1227 2531 1345 2596 principio
1365 2532 1433 2583 civili
1447 2534 1558 2587 tumultu
1579 2537 1693 2602 impediti
1712 2546 1783 2601 sunt,

1005 2639 1056 2688 qno
1069 2626 1150 2675 minus
1172 2624 1348 2688 rempublicam
1367 2630 1495 2690 gererent,
1518 2628 1579 2693 quin
1600 2629 1674 2694 plebe
1690 2632 1784 2684 irritato

1003 2720 1073 2777 erut,
1086 2731 1132 2768 occ
1146 2716 1280 2781 quidquam
1294 2717 1376 2780 uliud,
1390 2718 1458 2781 quod
1472 2719 1504 2769 ud
1514 2722 1697 2787 rempublicam
1711 2728 1782 2790 perti·

1003 2816 1081 2873 neret,
1096 2811 1149 2861 fieri
1164 2811 1258 2862 sinebat
1268 2848 1275 2872 ‚
1287 2812 1432 2875 prinsquam
1447 2826 1507 2877 ager
1526 2815 1643 2879 publicus
1654 2817 1778 2871 diridcre-

1003 2905 1044 2953 tur
1057 2919 1064 2951 ι
1077 2903 1121 2954 sed
1140 2903 1299 2960 laudemini,
1323 2904 1368 2968 qui
1387 2910 1469 2955 molus
1487 2905 1587 2958 ciebant
1611 2912 1640 2961 et
1659 2912 1781 2963 turnultus

1002 2996 1153 3055 excitabunt,
1177 2997 1317 3047 necessitati
1328 3002 1456 3047 cessurum
1474 3001 1501 3049 et
1518 3004 1607 3064 sponte
1620 3000 1652 3053 ud
1671 3004 1781 3056 militium

1001 3087 1162 3138 devonerunt.
1195 3092 1257 3137 Nam
1278 3091 1441 3141 Etruscorum
1461 3090 1578 3141 undecim
1597 3094 1693 3159 populi,
1715 3097 1781 3161 pacis

1000 3184 1129 3246 exportes,
1150 3181 1235 3231 bobilo
1248 3182 1372 3233 communi
1384 3183 1460 3232 lolius
1471 3183 1553 3246 gonlis
1564 3187 1680 3247 concilio,
1693 3189 1780 3239 l'eicn-

1002 3281 1040 3327 tes
1051 3274 1199 3325 nccusobunl
1210 3311 1217 3333 ,
1230 3274 1298 3336 qnml
1313 3290 1361 3324 non
1375 3274 1406 3325 dc
1421 3277 1546 3326 communi
1561 3281 1684 3330 sententio
1697 3295 1781 3345 ρετινετ

1000 3384 1058 3419 unni
1070 3368 1162 3434 pupulo
1174 3370 1284 3416 llornono
1296 3367 1428 3423 iecissent.
1444 3372 1471 3418 el
1480 3368 1631 3421 alterutrum
1646 3386 1690 3423 cos
1702 3374 1779 3424 locere

1000 3466 1171 3530 postulabunt,
1194 3464 1232 3514 rol
1254 3462 1333 3511 indiis
1345 3475 1401 3510 curn
1421 3462 1538 3511 llomunio
1555 3463 1635 3515 ictum
1651 3467 1777 3531 inungere,

1001 3560 1041 3608 vul
1056 3573 1114 3607 curn
1130 3558 1179 3608 illis
1191 3560 1276 3605 cunlrn
1288 3568 1314 3604 se
1330 3552 1423 3603 bellum
1436 3566 1530 3617 gerere.
1565 3558 1597 3605 nt
1608 3558 1726 3609 l'eientes
1738 3573 1779 3622 ps·

998 3653 1033 3700 cis
1054 3650 1224 3700 necessitatum
1239 3645 1406 3706 excusabant,
1421 3647 1446 3695 et
1457 3645 1563 3695 concilio
1572 3647 1674 3709 publico
1691 3664 1781 3714 propo-

998 3745 1104 3795 ncbonl.
1117 3745 1143 3792 ut
1157 3742 1287 3804 dispiceret
1297 3751 1404 3801 quonam
1416 3736 1490 3787 modo
1501 3751 1589 3801 puocrn
1607 3739 1712 3791 honeste
1724 3757 1778 3805 pos·

998 3840 1052 3886 scot
1067 3838 1185 3895 lrangcrc.
1219 3836 1286 3880 Tunc
1300 3829 1401 3891 quidum
1415 3828 1557 3891 subjiciens,
1581 3834 1687 3889 monuit,
1704 3848 1780 3897 posse

997 3944 1039 3979 eos
1049 3928 1096 3977 boc
1105 3926 1202 3990 fucere,
1212 3927 1232 3974 si
1248 3926 1279 3974 dc
1292 3926 1407 3975 Cremera
1418 3923 1520 3974 costcllo
1531 3928 1619 3975 contro
1628 3942 1657 3977 sc
1671 3942 1778 3978 comnin-

997 4022 1062 4080 nitu,
1079 4025 1104 4072 ct
1115 4020 1147 4071 dc.
1160 4017 1275 4083 praesidio
1294 4033 1325 4067 os
1345 4031 1375 4067 oo
1388 4031 1437 4067 non
1449 4016 1557 4067 obducto
1569 4027 1743 4082 quererentur.
1753 4026 1777 4072 nt

997 4113 1107 4162 omninnr
1122 4112 1222 4175 quidem
1238 4110 1320 4159 verbis
1332 4115 1448 4170 orarent,
1466 4112 1495 4157 ut
1508 4109 1640 4159 coslellum
1656 4112 1779 4175 relinque·

997 4209 1066 4265 rcnt,
1088 4205 1154 4268 quod
1178 4203 1224 4252 nisi
1246 4203 1436 4265 persuasissent,
1465 4202 1594 4251 castellnm
1615 4202 1773 4267 obsiderent,

997 4303 1070 4362 ntqno
1084 4297 1141 4346 indo¹
1152 4297 1244 4346 bellurn
1263 4296 1456 4357 rrrrspicnrcntur.
1491 4297 1574 4352 Quum
1594 4300 1674 4345 autern
1686 4309 1776 4347 omncs

996 4391 1027 4437 do
1047 4390 1170 4438 comnnrni
1192 4390 1312 4437 sonlcnlin
1345 4388 1392 4435 boc
1415 4388 1598 4445 clccrerisscnt.
1619 4402 1645 4435 cr
1668 4389 1774 4440 concilio

996 4481 1177 4538 discusserunt,
1196 4495 1240 4528 noc
1251 4480 1330 4529 rnnlln
1345 4484 1399 4541 posi
1416 4480 1543 4537 veientes,
1564 4480 1635 4531 missu
1651 4479 1776 4543 legolione

995 4579 1025 4627 ει]
1043 4579 1141 4635 inuidos,
1155 4578 1283 4626 cnslcllnrn
1300 4578 1330 4626 nb
1343 4579 1390 4626 illis
1404 4577 1578 4640 reposcebant,
1594 4582 1618 4628 cl
1631 4579 1683 4626 tuln
1696 4579 1773 4626 Eiro-

995 4678 1031 4724 rin
1044 4675 1067 4724 in
1083 4675 1158 4723 nrnns
1171 4678 1232 4725 erut.
1268 4679 1325 4724 llrec
1338 4675 1379 4723 nbi
1393 4690 1422 4725 en
1438 4676 1568 4725 Fabiorum
1583 4676 1662 4726 literis
1672 4677 1776 4726 Romani

994 4776 1171 4835 cognorerunt,
1191 4772 1355 4821 ‹leun-rurnnl
1373 4778 1397 4821 ul
1415 4774 1487 4823 umbo
1507 4776 1620 4824 consules
1633 4774 1664 4823 ad
1681 4774 1773 4825 bellurn

993 4869 1207 4934 proficiscerentur·
1228 4884 1233 4914 ε
1252 4873 1305 4917 turn
1322 4869 1354 4918 nd
1369 4869 1414 4919 lroc
1429 4884 1524 4920 nocturn
1539 4874 1684 4931 Etruscum,
1707 4873 1773 4937 quoi

993 4967 1040 5016 sibi
1055 4964 1213 5015 inicrcbulnr.
1232 4970 1284 5013 lnrn
1307 4966 1338 5014 ud
1359 4966 1434 5021 illud.
1457 4968 1522 5030 qnod
1539 4969 1587 5018 iuni
1601 4983 1659 5018 curn
1677 4969 1775 5018 Volscis

992 5065 1137 5128 gorelrnlnr.
1175 5062 1292 5112 llurnlins
1305 5064 1381 5125 igitur·
1392 5079 1449 5114 cnrn
1463 5065 1559 5115 dnobus
1575 5067 1733 5130 legionibus,
1748 5069 1773 5116 et

993 5161 1055 5211 sutis
1071 5160 1149 5210 firmis
1168 5160 1272 5210 oliorum
1290 5163 1412 5213 sociorum
1436 5162 1547 5225 auxiliis,
1566 5167 1653 5215 contra
1669 5164 1777 5215 Volscos
