3772 5828
192 324 252 386 llo

196 486 208 512 ιι
226 453 486 534 paraeneticum,
504 450 536 524 ἣν
553 448 733 531 obstreperetur,
754 453 971 527 μειονεκτοῦντας

197 576 209 602 ιι
228 551 255 608 ἰν
277 553 333 612 ταῖς
361 543 445 610 δίκαις
469 542 527 609 τούς
556 538 713 619 δημοτικοὺς
735 543 860 618 δρῶντες,
891 537 970 596 δπότε

197 661 210 687 ιι
227 631 346 710 συμύαίη
364 655 390 690 τι
405 630 526 710 διάφορον
542 629 631 694 αὐτοῖς
646 627 710 709 πρὸς
730 623 789 691 τοὺς
808 623 970 704 πατρικίους·

198 750 210 777 ιι
227 722 313 782 πολλὰ
336 720 364 780 δὲ
387 711 419 791 ἦν
441 725 535 777 ταῦτα·
562 716 641 792 νόμον
672 713 821 795 ἐκυρώσατε
849 714 971 776 Ποπλίου

155 833 168 870 ε
198 818 211 865 ιι
226 813 374 891 Οὐαλερίου
388 808 497 887 θατέρου
505 809 558 865 τῶν
568 806 676 864 ὑπάτων
691 805 784 887 γνώμη
794 803 969 887 χρησάμενοι,

198 927 211 954 ι
228 900 323 968 ἐξεῖναι
349 906 402 963 τοῖς
428 895 644 974 κατισχυομένοις
675 897 726 953 ὑπὸ
745 900 799 955 τῶν
822 892 969 973 πατρικίων

198 1017 211 1043 ιι
229 990 356 1064 δημόταις
378 986 569 1063 προκαλεῖσθαι
581 983 628 1051 τάς
642 982 741 1064 κρίσεις
754 985 797 1044 ἐπὶ
818 981 861 1042 τόν
878 983 970 1057 δῆμον·

197 1105 211 1132 ιι
227 1078 273 1137 καὶ
287 1076 352 1154 παρ’
370 1072 444 1132 οὐδὲν
466 1072 549 1140 οὓτως
564 1072 651 1152 ἕτερον
676 1077 711 1139 ὡς
726 1072 771 1132 τὸν
793 1072 873 1151 νόμον
897 1068 970 1129 τόνδε

197 1193 211 1220 ιι
227 1166 275 1237 τήν
296 1186 325 1222 τι
349 1165 426 1223 πόλιν
446 1164 472 1220 ἰν
497 1163 605 1242 όμονοίφ
629 1162 817 1243 διεφυλάξατε,
841 1160 887 1220 καὶ
912 1157 972 1225 τούς

143 1265 169 1306 ro
198 1281 211 1307 ιι
230 1256 346 1334 βασιλεῖς
361 1253 481 1317 ἐπιόντας
496 1250 658 1312 ἀπεώσασθε.
700 1255 726 1312 Τ
726 1257 799 1311 οῦτον
822 1251 854 1320 δὴ
869 1271 969 1329 προφε-

197 1369 211 1396 ι
230 1342 334 1424 ρόμενοι
356 1339 399 1399 τὀν
422 1339 501 1416 νόμον
509 1384 517 1414 ,
533 1338 599 1419 ὑπὲρ
624 1330 660 1398 ῶν
683 1339 797 1405 ἅπαντες
825 1336 972 1396 ἀδικεῖσθαί

197 1459 210 1484 ιι
226 1453 256 1489 τε
272 1430 318 1489 καί
331 1429 520 1508 κατισχύεσθαι
537 1428 648 1506 λίχομεν
677 1427 729 1487 erl
749 1431 771 1489 Γ
772 1423 831 1486 αίου
849 1425 972 1506 Μαρκίου

197 1546 210 1573 ιι
227 1519 308 1590 τουδί,
321 1517 453 1593 καλοῦμεν
466 1516 545 1574 αὐτὸν
557 1515 600 1574 ίπί
615 1516 659 1574 τὸν
672 1516 768 1592 δῆμον,
783 1517 828 1573 καί
842 1513 972 1574 τάδίκαια

197 1635 210 1662 ιι
227 1607 446 1688 παραγγελλομεν
463 1606 517 1664 ἐκεῖ
530 1603 626 1682 λέγειν.
672 1605 727 1664 Καὶ
741 1602 972 1682 προόουλεύματος

144 1707 168 1746 ta
198 1724 211 1751 ιι
229 1698 341 1755 ἐνταῦθα
364 1695 412 1753 οὐκ
430 1693 492 1752 ἔδει.
537 1692 606 1772 Περὶ
629 1684 666 1761 ῶν
687 1691 739 1773 γάρ
757 1694 805 1752 ούκ
819 1691 870 1751 stoi
884 1693 970 1768 νόμοι,

198 1811 211 1838 ι
229 1781 400 1862 περὶτούτων
416 1783 492 1855 ὑμεῖς
513 1784 560 1838 τοῦ
582 1777 781 1860 προόουλεῦσαι
797 1778 901 1858 κύριοι,
927 1778 972 1836 καί

198 1900 211 1926 ιι
228 1875 243 1931 ό
260 1874 344 1949 δῆμος
360 1869 532 1951 ἐπιψηφίσαι.
575 1869 667 1943 Νόμου
692 1868 721 1928 δί
742 1868 814 1936 ὄντος
832 1865 971 1939 ἀκινήτου,

198 1988 211 2014 ι
228 1961 278 2021 κάν
303 1959 385 2038 μηδὲν
415 1962 490 2035 ὑμεῖς
517 1956 747 2038 προθουλεύσητε,
779 1955 863 2036 τούτῳ
887 1955 971 2026 δήπου

198 2077 211 2102 ιι
228 2048 367 2130 χρηστέον.
409 2049 451 2107 Οὐ
473 2046 524 2125 γάρ
540 2047 572 2118 δὴ
587 2045 664 2105 τοῦτό
677 2045 702 2123 γ’
716 2046 747 2104 ἀν
764 2043 832 2105 είποι
857 2066 906 2115 τις,
930 2042 971 2102 ὅτι

143 2151 172 2193 to
199 2164 212 2191 ιι
229 2142 280 2196 τῶν
304 2137 351 2212 μὲν
379 2137 508 2208 ἰδιωτῶν,
529 2125 566 2202 οίς
595 2135 626 2194 τ“ο
650 2141 806 2211 μειονεκτεῖν
833 2131 971 2210 συμύαίνει

199 2252 212 2279 ιι
229 2222 289 2300 περί
305 2224 351 2290 τάς
361 2222 459 2301 κρίσεις
469 2222 560 2304 κυρίαν
575 2213 641 2283 εἰναι
655 2224 695 2283 δεῖ
703 2221 752 2294 τὴν
769 2222 813 2281 ἰπί
827 2221 871 2280 τὀν
887 2221 971 2297 δῆμον

199 2339 212 2366 ιι
233 2313 394 2389 πρόκλησιν,
408 2314 473 2387 ἡμῖν
488 2312 516 2371 δὲ
527 2320 582 2379 τοῖς
595 2313 742 2393 δημάρχοις
757 2310 862 2390 ἀκυρον.
879 2310 971 2385 Νόμου

199 2426 212 2453 ι
229 2400 278 2477 μίν
293 2399 325 2470 δὴ
344 2397 536 2480 συγχωρήματι
557 2399 625 2480 τῷδε
649 2398 854 2480 ἰσχυριζόμενοι,
868 2396 913 2456 καὶ
928 2395 971 2454 διά

196 2510 210 2537 ι
225 2490 302 2546 τοῦτο
317 2492 607 2569 παρακινδυνεύσαντες
622 2491 661 2569 ἐφ’
682 2493 744 2564 ύμῖν
758 2487 880 2565 profetas
900 2485 973 2543 δικε·

142 2587 168 2627 ²⁶
197 2578 425 2654 ισταῖς,ἥκομεν.
471 2573 976 2660 Ἀγράφῳδὲκαίάνομοθετήτῳφύσεως

196 2689 209 2718 ι
224 2666 317 2749 δικαίῳ
331 2671 390 2729 τόδε
408 2669 539 2745 ἀξιοῦμεν,
555 2658 577 2728 ῶ
596 2667 689 2748 βουλὴ,
706 2664 774 2745 μήτε
796 2668 886 2724 πλεῖον
906 2662 975 2740 ἔχειν

196 2780 208 2805 ι
224 2757 298 2832 ὑμῶν
310 2757 354 2815 τδν
371 2761 455 2834 δῆμον
467 2758 540 2834 μήτε
556 2766 638 2835 μεῖον,
650 2758 677 2815 ἐν
689 2762 749 2833 γοῦν
760 2757 798 2835 τῷ
813 2751 918 2831 δικαίῳ,
928 2751 974 2830 [οἰ]

199 2864 212 2890 ιι
228 2836 341 2905 πολλοὺς
358 2839 403 2897 καὶ
426 2837 555 2914 μεγάλους
576 2838 798 2918 συνδιενεγκόντες
818 2841 880 2914 ὑμῖν
894 2837 973 2897 πολί-

199 2951 213 2978 ιι
231 2948 309 3002 μους,
325 2926 371 2985 καί
384 2925 445 3006 περί
457 2924 505 2996 τὴν
520 2928 678 3005 ἀπαλλαγὴν
694 2930 747 2984 τῶν
758 2925 891 3007 τυράννων
903 2924 974 2985 πλιί·

144 3038 172 3082 ao
200 3039 213 3066 ιι
231 3036 296 3085 στην
319 3012 507 3088 ἐπιδειξάμενοι
527 3013 692 3090 προθυμίαν,
706 3013 751 3071 καί
772 3017 817 3070 τοῦ
838 3012 930 3088 μηδενί
942 3013 973 3071 τδ

200 3127 213 3154 ιι
230 3100 398 3177 κελευόμενον
414 3101 497 3156 ποιεῖν
515 3099 562 3170 τὴν
584 3098 678 3171 πόλιν,
702 3096 761 3157 ἀλλ’
775 3097 856 3166 αὐτὴν
877 3099 973 3176 ἑτέροις

200 3216 212 3242 ιι
230 3191 376 3248 ἐπιτάττειν
392 3186 422 3244 τά
439 3186 547 3255 δίκαια,
561 3187 607 3245 οὒκ
618 3185 760 3266 ἐλαχίστην
775 3193 868 3265 μοῖραν
881 3209 972 3265 παρα-

199 3303 213 3330 ιι
232 3277 368 3357 σχόμενοι.
395 3272 476 3335 odeo
487 3263 517 3332 δ’
534 3273 567 3332 ἀν
581 3278 645 3350 ἡμῖν
656 3273 687 3332 τδ
700 3275 737 3350 μὴ
750 3282 822 3350 μεῖον
837 3272 907 3353 ἔχειν
924 3277 974 3334 τῶν

200 3394 213 3421 ιι
231 3366 338 3426 δικαίων
361 3363 520 3440 ἀποδοίητε,
544 3353 567 3421 ‹i›
587 3365 711 3443 πατέρες,
742 3364 765 3421 εἰ
791 3363 850 3429 τοὺς
875 3365 974 3444 ἰπιχει-

145 3481 172 3523 ης
200 3482 214 3510 ιι
232 3460 338 3537 ροῶντας
353 3457 390 3521 εἰς
408 3453 441 3512 τδι
461 3451 573 3529 στύματα
589 3455 665 3528 ἡμῶν
688 3450 734 3510 καί
757 3449 806 3522 τὴν
826 3452 972 3531 ίλευθερίαν

200 3569 213 3597 ιι
230 3551 392 3625 παρανομεῖν
410 3541 554 3617 κωλύοιτε,
566 3539 610 3600 τὸν
625 3543 655 3600 ἰκ
668 3545 715 3613 τῆς
729 3539 803 3611 δίκης
825 3542 975 3621 ἐφιστάντες

200 3659 213 3686 ιι
230 3635 318 3700 αὐτοῖς
339 3632 428 3713 φόύον.
472 3629 566 3711 Ἀρχάς
591 3630 638 3707 μίν
654 3630 685 3704 δὴ
709 3631 753 3690 καί
776 3631 913 3712 προεδρίας
927 3631 973 3691 καί

200 3746 213 3775 ιι
229 3722 309 3799 τιμάς
331 3729 385 3788 τοῖς
401 3723 480 3800 ἀρετῇ
498 3718 544 3779 καί
563 3718 632 3799 τύχη
656 3718 816 3799 προύχουσιν
831 3723 906 3796 ἡμῶν
921 3721 973 3780 οἰό·

201 3834 214 3862 ιι
231 3816 298 3887 μεθοι
313 3812 365 3868 δεῖν
382 3807 531 3885 ἀπονέμειν·
542 3807 571 3866 τδ
586 3807 613 3866 δὲ
633 3807 715 3883 μηδὲν
728 3807 871 3866 ἀδικεῖσθαι
886 3807 931 3865 καὶ
943 3808 973 3868 πθ

141 3920 169 3960 ao
200 3923 213 3949 ιι
233 3898 306 3964 δίκας
332 3890 369 3957 ῶν
387 3899 418 3956 ἀν
442 3921 481 3962 τις
501 3896 573 3975 πάθη
601 3893 783 3975 προσηκούσας
807 3895 971 3971 λαμύάνειν,

199 4009 212 4037 ιι
228 3985 274 4044 ἰσα
293 3987 337 4044 καί
358 3986 432 4046 κοινά
459 3990 513 4054 τοῖς
532 3985 590 4060 άμα
614 3982 821 4054 πολιτευομένοις
842 3974 910 4042 εἰναι
929 3985 969 4041 δι-

197 4099 211 4125 ιι
228 4078 365 4150 καιοῶμεν.
402 4073 514 4156 Ὥσπερ
525 4066 569 4133 ούν
581 4077 633 4132 τῶν
644 4074 774 4151 λαμπρῶν
789 4070 834 4129 καί
849 4071 971 4148 μεγάλων

197 4186 210 4213 ιι
228 4161 394 4240 ἀφιστάμεθα
415 4168 491 4239 ύμῖν,
505 4161 574 4222 οὕτω
593 4164 645 4220 τῶν
665 4161 728 4219 ἰσων
749 4159 794 4219 καί
824 4163 916 4219 κοινῶν
942 4161 971 4218 οὗ

196 4277 210 4301 ιι
229 4244 379 4326 μεθιέμεθα.
405 4250 497 4311 Ἱκανὰ
507 4256 592 4310 ταῦτα
608 4248 720 4329 εἰρήσθω
733 4247 848 4328 περὶτοῦ
861 4246 970 4321 δικαίου,

141 4357 168 4397 ιο
197 4364 209 4390 ιι
227 4339 332 4396 πολλῶν
346 4339 455 4398 ἐνόντων
471 4339 516 4398 καί
528 4340 615 4398 ἀλλων
627 4337 757 4415 λέγεσθαι.

233 4429 318 4488 XLII.
345 4454 357 4477 ι
370 4425 416 4493 Ὡς
436 4427 463 4485 δὲ
478 4427 523 4485 καί
540 4427 652 4487 συνοίσει
667 4432 705 4508 τῷ
719 4431 798 4508 κοινῷ
814 4430 899 4484 ταῦτα
912 4428 971 4492 ῶςθ

196 4541 210 4567 ιι
228 4517 309 4589 δῆμος
325 4515 390 4584 ἀξιοῖ
408 4515 548 4592 γινόμενα,
571 4516 653 4598 μικρά
672 4515 815 4584 διεξιόντων
832 4514 967 4594 ἀνέχεσθε.

197 4630 209 4656 ιι
227 4603 300 4682 Φέρε
315 4601 383 4681 γάρ,
400 4605 423 4661 εί
438 4628 475 4666 τις
492 4608 558 4678 ὑμᾶς
575 4606 676 4685 ἔροιτο,
700 4605 724 4663 τί
743 4603 866 4682 μέγιστον
886 4603 970 4662 οἴεσθε

197 4718 209 4742 ιι
227 4680 357 4751 εἶναιτῶν
371 4692 630 4769 καταλαμύανόντων
647 4697 734 4752 κακῶν
747 4691 795 4759 τάς
811 4693 908 4761 πόλεις,
924 4689 970 4749 καί

130 4796 157 4831 su
197 4804 209 4829 ιι
226 4783 271 4839 τοῦ
282 4779 407 4858 ταχίστου
422 4782 474 4836 τῶν
495 4777 609 4855 ὀλέθριον
624 4778 724 4853 αἰτιον;
738 4770 780 4858 ἀρ’
791 4780 851 4859 ούχί
866 4776 912 4849 τὴν
933 4780 971 4836 δι·

199 4892 211 4915 ιι
227 4870 370 4943 χοστασίαν
384 4866 475 4925 εἴποιτ’
492 4867 536 4938 άν;
558 4865 661 4945 'Epope
682 4859 726 4927 σύν
749 4869 829 4928 δοκεῖ.
873 4866 921 4932 Τίς
943 4865 970 4923 δὲ

197 4977 210 5000 ιι
228 4957 299 5025 ὑμῶν
313 4956 394 5023 ούτως
408 4955 506 5030 ἠλίθιός
522 4958 592 5016 ἐστιν
610 4956 756 5028 ἢσκαιδςῆ
775 4954 843 5036 πέρα
863 4960 908 5014 τοῦ
924 4977 968 5029 με·

197 5063 210 5088 ιι
226 5040 297 5115 τρίου
313 5048 395 5115 μισῶν
415 5045 462 5114 τὴν
485 5047 638 5124 ἰσηγορίαν,
656 5045 684 5110 ύς
701 5047 749 5102 οὐκ
768 5035 852 5115 citro,
869 5044 908 5102 ότι
929 5044 969 5102 δυ-

195 5150 208 5177 o
225 5123 441 5196 trimetaria<
460 5137 497 5211 τῷ
521 5131 597 5209 δήμῳ
612 5130 708 5208 κρίνειν
734 5129 763 5194 ἀς
781 5128 878 5196 ἔξεστιν
896 5130 968 5209 αύτῷ

712 313 881 376 DlONYSll
902 311 1281 377 HALlCARNASSENSlS

1026 472 1039 505 c
1054 458 1231 519 constituistis,
1247 470 1323 521 quam
1335 468 1385 506 non
1395 455 1614 520 reprehendimus,
1628 470 1688 510 cam
1703 461 1808 513 videre-

1026 549 1098 610 rtis,
1123 549 1231 613 plebeios
1253 548 1374 600 deteriore
1392 548 1533 601 conditione
1555 564 1611 602 esso
1633 551 1659 603 ln
1685 553 1808 615 iudiciis,

1026 656 1039 688 ιι
1053 642 1151 704 quoties
1166 642 1257 706 aliquid
1275 642 1502 693 controversiarum
1516 646 1635 696 intereos
1649 649 1674 698 et
1684 648 1808 710 patricios

1025 737 1136 783 ιιοιιιιιιι
1150 733 1237 783 inisset
1254 732 1292 794 (id
1312 732 1379 796 quod
1395 746 1444 783 non
1455 747 1513 784 raro
1527 733 1633 801 debat),
1649 737 1728 803 legem
1742 754 1806 791 san-

1026 842 1039 872 ι
1051 826 1133 888 xistis,
1148 830 1248 876 auctore
1266 825 1343 877 altero
1355 827 1484 877 consulum
1495 830 1524 878 Ρ.
1537 831 1650 894 valerio,
1663 833 1736 885 licere
1748 836 1804 900 ple-

1027 936 1039 960 ι
1057 918 1131 979 beiis,
1152 921 1194 984 qui
1214 920 1266 970 rim
1289 934 1303 969 a
1327 920 1436 984 patriciis
1458 924 1617 987 paterentur,
1635 926 1667 977 ad
1685 929 1806 993 populum

1027 1029 1039 1058 ιι
1055 1024 1190 1077 ριονοοιιτε
1205 1032 1211 1062 :
1227 1015 1252 1063 et
1262 1012 1328 1062 nulla
1342 1013 1390 1063 alia
1403 1029 1431 1065 re
1444 1016 1523 1079 adeo,
1536 1021 1565 1069 ιιι
1577 1018 1625 1070 bac
1641 1021 1707 1086 lege,
1721 1022 1808 1074 cirita·

1027 1104 1090 1155 ctis
1111 1105 1268 1155 concordiam
1295 1109 1480 1169 conservastis,
1503 1115 1529 1162 et
1556 1125 1627 1178 reges
1647 1116 1755 1168 rchtum
1781 1119 1808 1168 ri

1028 1214 1041 1244 ιι
1055 1199 1177 1248 tentantes
1191 1199 1326 1263 repulistis.
1337 1203 1391 1252 Hac
1405 1201 1481 1267 igitur
1491 1203 1545 1268 lege
1557 1206 1630 1267 treti,
1643 1208 1677 1258 ob
1690 1209 1806 1261 iniuriam

1027 1296 1079 1342 ret
1097 1291 1161 1354 rim,
1181 1307 1230 1357 qua
1244 1295 1314 1345 nobis
1336 1297 1368 1346 ab
1389 1296 1437 1346 boo
1450 1299 1481 1346 (ι.
1505 1299 1597 1348 alardo
1611 1299 1703 1351 iactam
1720 1316 1807 1353 omnes

1028 1404 1041 1434 ιι
1057 1385 1216 1446 affirmamus,
1237 1390 1339 1440 eumad
1359 1389 1476 1455 populum
1497 1391 1619 1454 cimbrus,
1633 1394 1717 1458 ibique
1732 1411 1805 1447 caus·

1029 1491 1109 1530 osam
1132 1477 1215 1529 dicere
1228 1480 1355 1542 iubemus,
1380 1495 1427 1533 nec
1445 1486 1660 1538 senatusconsulto
1681 1488 1722 1538 laic
1743 1504 1807 1553 opus

1031 1570 1116 1621 cluit.
1151 1573 1187 1622 De
1207 1573 1298 1636 quibus
1324 1574 1399 1625 nullas
1421 1579 1518 1627 exstant
1539 1577 1604 1643 leges
1621 1579 1694 1641 latas,
1717 1582 1743 1631 in
1756 1583 1805 1633 illis

1029 1683 1041 1713 ι
1053 1664 1124 1714 locus
1136 1670 1175 1715 est
1191 1667 1281 1717 vestris
1295 1668 1517 1720 senatusconsultis
1535 1675 1561 1722 et
1571 1672 1655 1736 populi
1668 1674 1800 1739 suliragiis.

1028 1758 1151 1816 «Quibus
1174 1773 1233 1810 vero
1253 1761 1279 1810 in
1310 1761 1385 1813 rebus
1408 1765 1500 1826 presto
1521 1768 1560 1816 est
1580 1765 1619 1816 lex
1639 1767 1801 1831 inviolabilis,

1029 1872 1041 1902 ι
1056 1854 1154 1905 etiamsi
1173 1868 1218 1905 ros
1241 1855 1337 1906 nubum
1352 1857 1596 1910 senatusconsultum
1617 1858 1739 1923 teceritis,
1757 1863 1806 1915 bac

1030 1948 1109 2013 «lege
1123 1953 1161 1998 est
1174 1947 1303 1999 utendum.
1337 1951 1422 2014 Neque
1435 1963 1495 2002 vero
1507 1950 1595 2003 dixerit
1606 1952 1655 2004 hoc
1670 1957 1803 2020 qrrlspiam,

1027 2041 1158 2107 «privatis
1181 2042 1281 2105 quidem
1308 2043 1467 2106 hominibus,
1495 2045 1585 2109 quibus
1606 2048 1752 2110 contigerit,
1777 2053 1806 2101 ut

1029 2154 1041 2184 ι
1058 2134 1180 2188 tradantur
1196 2139 1222 2188 in
1236 2137 1349 2201 iudiciis,
1365 2139 1560 2203 provocationem
1578 2140 1609 2190 ad
1623 2142 1742 2205 populum
1758 2143 1802 2191 rlr-

1029 2248 1041 2278 ι
1058 2243 1124 2280 mam
1143 2243 1210 2291 esse,
1230 2230 1302 2282 nobis
1315 2245 1376 2283 vero
1395 2229 1498 2282 tribunis
1509 2230 1576 2282 idern
1596 2231 1658 2282 iuris
1669 2246 1718 2283 non
1734 2248 1799 2286 esse.

1030 2335 1042 2365 ι
1056 2317 1137 2368 liniue
1150 2316 1225 2380 igitur
1240 2318 1301 2383 legis
1318 2319 1473 2372 concessione
1492 2318 1549 2369 iretl
1565 2318 1676 2370 venimus
1690 2322 1716 2370 et
1728 2334 1801 2386 prop-

1031 2417 1126 2464 eterea
1147 2425 1196 2463 non
1219 2413 1272 2465 sine
1300 2417 1386 2465 nostro
1408 2413 1517 2480 periculo
1543 2416 1653 2465 rastrum
1682 2415 1802 2469 iudicium

1031 2519 1044 2548 ιι
1058 2500 1143 2552 subire
1158 2501 1286 2552 audemus.
1322 2505 1358 2551 Ex
1370 2502 1425 2553 iure
1437 2505 1519 2553 autem
1531 2503 1625 2552 nature
1639 2515 1688 2552 non
1703 2505 1804 2569 scripto,

1031 2605 1043 2637 ιι
1053 2587 1176 2652 nullisque
1184 2587 1280 2652 legibus
1287 2588 1392 2650 sancito,
1400 2601 1709 2656 mqunmesseccusemus,
1720 2594 1806 2644 Patres

1029 2694 1043 2722 ιι
1057 2675 1199 2740 conscripti,
1219 2678 1247 2725 ut
1267 2675 1292 2725 in
1316 2676 1370 2726 iure
1398 2675 1487 2727 saltem
1506 2675 1656 2741 plebeiorum
1682 2678 1803 2740 conditio,

1031 2775 1135 2824 cneque
1147 2761 1243 2822 metior,
1253 2774 1333 2824 neque
1346 2760 1420 2811 etiam
1435 2761 1544 2813 deterior
1559 2763 1607 2824 eit,
1622 2775 1697 2826 quarn
1711 2769 1803 2823 restra,

1032 2864 1043 2895 ιι
1057 2849 1115 2912 quia
1127 2849 1205 2899 mnlta
1218 2850 1292 2912 atque
1305 2861 1394 2911 magna
1405 2849 1470 2901 bella
1486 2849 1615 2901 vobiscum
1626 2851 1760 2916 gessimus,
1780 2859 1805 2904 et

1032 2937 1163 2988 «maxima
1178 2936 1254 2986 animi
1274 2937 1399 2988 alacritate
1418 2937 1444 2988 in
1464 2937 1513 2988 illis
1529 2935 1687 2989 conficiendis
1705 2953 1805 3005 operam

1032 3040 1044 3071 ι
1059 3022 1131 3073 robis
1148 3022 1306 3085 narravimus,
1330 3026 1355 3074 et
1381 3022 1498 3088 praecipui
1514 3026 1629 3075 auctores
1646 3023 1752 3089 luimus,
1776 3043 1807 3079 ne

1033 3107 1165 3173 «populus
1179 3111 1302 3160 Romanus
1322 3109 1425 3160 aliorum
1438 3109 1544 3174 imperio
1565 3102 1676 3175 pareret,
1694 3111 1739 3163 sed
1756 3115 1807 3179 ipso

1032 3217 1044 3239 ιι
1062 3194 1116 3244 aliis
1128 3195 1268 3258 imperaret.
1303 3197 1343 3246 Sic
1354 3199 1437 3246 autern
1448 3209 1497 3246 non
1514 3196 1636 3248 deteriore
1645 3197 1706 3247 iuris
1719 3199 1803 3250 condi-

1032 3303 1044 3332 ι
1059 3285 1125 3335 tione
1138 3281 1243 3341 erimus,
1259 3284 1346 3334 Patres
1358 3283 1504 3347 conscripti,
1520 3283 1541 3335 si
1553 3285 1650 3350 eosqui
1664 3276 1805 3351 corporibus

1032 3390 1045 3420 ιι
1061 3369 1186 3420 nostriset
1200 3369 1308 3420 libertati
1319 3370 1432 3420 iniuriam
1448 3370 1528 3421 tacere
1542 3375 1663 3423 conantur
1675 3373 1803 3435 cohibetis,

1033 3480 1045 3509 ι
1057 3459 1141 3510 iudicii
1155 3460 1275 3509 terrorem
1287 3456 1323 3509 eis
1339 3457 1496 3508 intentantes.
1517 3458 1675 3523 Magistratus
1693 3473 1751 3512 sana
1762 3501 1768 3522 ,
1781 3465 1807 3512 et

1032 3567 1044 3596 ι
1061 3547 1194 3613 principem
1214 3545 1294 3595 locum
1309 3545 1334 3593 in
1355 3544 1470 3601 sedendo,
1486 3547 1512 3596 et
1531 3543 1639 3597 bonores
1661 3547 1706 3607 iis',
1721 3549 1765 3612 qui
1783 3553 1809 3601 et

1033 3657 1044 3687 ιι
1059 3639 1153 3688 virtute
1165 3637 1190 3685 et
1200 3634 1296 3684 torinna
1310 3633 1373 3682 inter
1386 3647 1430 3683 ros
1444 3633 1581 3695 excellunt,
1600 3634 1746 3687 tribuendos
1759 3651 1807 3702 pu·

1032 3744 1045 3775 ι
1061 3730 1156 3780 tamns3
1179 3735 1265 3772 rerum
1280 3720 1382 3770 iniurias
1396 3734 1444 3770 non
1455 3721 1521 3784 patl;
1535 3722 1569 3781 et,
1582 3720 1603 3770 si
1613 3721 1670 3782 quis
1679 3721 1807 3786 intulerit,

1031 3832 1044 3863 ιι
1058 3813 1089 3865 de
1098 3829 1128 3865 eo
1140 3825 1224 3878 poenas
1236 3824 1280 3874 pro
1300 3811 1394 3861 meritis
1408 3824 1523 3874 sumere,
1538 3811 1591 3860 brec
1605 3809 1720 3859 omnibus
1733 3826 1808 3876 reque

1029 3928 1043 3956 ιι
1059 3905 1197 3958 communia
1211 3917 1265 3954 esse
1278 3902 1368 3953 debere
1378 3916 1514 3955 censemus.
1550 3901 1619 3953 Sicut
1632 3901 1708 3964 igitur
1720 3906 1806 3968 splen-

1031 4018 1043 4047 ι
1059 3998 1117 4048 dida
1142 3995 1183 4046 illa
1203 3999 1229 4045 et
1252 3994 1382 4058 magnifica
1399 3994 1471 4045 robis
1486 3992 1659 4056 concedimus,
1674 3996 1712 4046 sic
1732 3997 1807 4050 istam

1030 4106 1210 4143 «communem
1232 4090 1293 4141 iuris
1317 4088 1508 4152 aequabilitatem
1540 4087 1655 4137 nolumus
1680 4089 1804 4145 amittere.

1029 4205 1042 4236 ι
1056 4192 1136 4253 Atque
1150 4188 1181 4239 de
1196 4187 1249 4237 iure
1270 4186 1324 4235 brec
1342 4183 1479 4244 sufficiant,
1495 4183 1552 4234 licet
1565 4184 1591 4234 et
1606 4182 1653 4234 alia
1668 4183 1745 4234 multa
1766 4187 1805 4236 at-

1029 4296 1041 4327 «
1056 4280 1113 4331 terri
1127 4278 1230 4343 possint.

1057 4433 1130 4480 llbll.
1150 4451 1161 4473 ιι
1179 4429 1251 4487 Quod
1281 4430 1363 4478 autern
1389 4430 1415 4477 et
1439 4423 1579 4489 reipublicae
1601 4424 1650 4474 sint
1680 4425 1808 4490 protutura

1029 4536 1041 4567 ιι
1056 4519 1133 4583 plebis
1147 4517 1285 4581 postulata,
1302 4530 1316 4564 a
1330 4527 1370 4563 me
1381 4514 1465 4576 paucis
1479 4512 1616 4562 disserente
1631 4511 1740 4575 accipite.
1758 4516 1808 4577 Age

1028 4626 1039 4654 ι
1057 4608 1139 4669 igitur,
1161 4606 1182 4656 si
1199 4605 1256 4668 quis
1270 4618 1301 4654 ex
1319 4603 1391 4652 vobis
1407 4604 1543 4665 quareret,
1562 4611 1678 4661 quanam
1700 4601 1809 4651 mauirna

1029 4718 1041 4741 ιι
1058 4694 1186 4746 calamitas
1210 4691 1352 4741 civitatibus
1371 4689 1449 4754 possit
1473 4687 1627 4749 contingere,
1648 4689 1674 4736 et
1693 4701 1807 4750 quanam

1029 4780 1175 4833 «celerrimi
1203 4779 1274 4830 exitii
1298 4791 1385 4827 caussa
1410 4776 1480 4825 robis
1508 4774 1608 4824 ridetur
1637 4786 1704 4836 esse,
1727 4787 1806 4824 nonne

1028 4890 1039 4920 ιι
1057 4867 1249 4934 responderetis,
1265 4863 1404 4915 discordia?
1420 4866 1469 4926 ligo
1481 4865 1548 4913 certe
1564 4862 1600 4912 ita
1620 4862 1709 4912 sentio.
1744 4862 1806 4919 Quis

1027 4980 1039 5010 ιι
1057 4973 1115 5011 raro
1130 4960 1240 5008 rastrum
1257 4955 1318 5005 adeo
1335 4954 1373 5002 est
1394 4953 1486 5012 tainus,
1505 4956 1549 5002 aut
1561 4952 1669 5016 ineptus,
1682 4952 1724 5002 aut
1740 4950 1805 5000 ultra

1027 5069 1038 5099 ιι
1054 5049 1155 5101 modum
1172 5045 1233 5097 iuris
1246 5038 1421 5106 aequabilitatis
1434 5038 1556 5101 inimicus,
1567 5039 1626 5102 quin
1644 5039 1734 5099 videat,
1746 5036 1806 5089 data

1028 5156 1039 5185 ιι
1053 5137 1142 5203 populo
1169 5134 1291 5201 potestate
1319 5125 1443 5179 iudicandi
1466 5137 1496 5173 eu
1516 5127 1612 5191 legibus
1627 5142 1670 5181 eas
1688 5142 1805 5189 caussas,
