3772 5828
200 298 260 361 598

201 434 253 492 τῶν
284 427 414 506 συιμάτων
445 419 669 493 ίξαδυνατούντων
697 421 773 502 τρίτῃ
807 419 840 478 τδι
867 419 978 500 φρούρια

203 517 421 593 ἐξεπολιόρκησαν
434 512 534 592 ἡμέρη.
578 509 626 571 Ἔν
637 507 721 589 ταύτῃ
732 514 765 589 τῇ
777 508 852 589 μάχη
867 506 980 576 πολλοὺς

203 607 336 682 Ῥωμαῖοι
359 603 405 663 καί
424 599 537 678 ἀγαθούς
556 597 653 675 ἄνδρας
676 596 824 669 ἀπίόαλον,
837 595 977 675 κράτιστον

203 687 244 760 δέ,
264 687 354 767 ὥσπερ
374 688 440 770 πρὸς
459 687 582 746 ἀπάντων
605 685 774 760 ὡμολόγητο,
798 685 841 744 τὸν
866 682 982 744 ύπατον·

167 798 179 836 5
204 777 231 845 θς
247 781 293 836 οὐκ
310 779 386 857 όλίγα
399 776 540 858 τραύματα
557 775 648 835 λαθὼν
663 776 721 835 οὐδὲ
735 775 769 843 ῶς
786 775 914 855 ἀφίστατο
928 778 981 835 τῶν

205 867 312 941 δεινῶν,
328 866 375 933 ἕως
396 868 616 945 έπικατσιρραγεὶς
637 865 708 943 αύτῷ
722 862 815 944 πέτρος
831 862 980 943 ύπερμσγέ·

204 959 250 1027 θης
267 956 426 1014 ἀπιόαίνοντι
435 959 480 1012 τοῦ
489 958 722 1032 περιτειχίσματος
734 951 790 1029 ἅμα
804 950 851 1024 τήν
863 975 891 1010 τε
903 958 979 1025 νίκην

203 1048 280 1106 αὐτὸν
296 1046 414 1126 ἀφείλετο
426 1045 471 1102 καί
488 1044 536 1114 την
555 1042 654 1122 ψυχήν.
671 1040 866 1117 Ἁλισκομίνων
881 1043 910 1101 tl
924 1048 977 1101 τῶν

203 1136 346 1214 ρρουρίων,
363 1133 437 1210 ὁμὲν
452 1130 608 1212 Ἑρδώνιος·
632 1127 663 1202 ἦν
685 1131 735 1209 γὰρ
762 1129 807 1190 καί
825 1129 901 1211 ῥώμῃ
925 1131 977 1189 σώ·

151 1241 177 1279 ru
203 1245 285 1297 ματος
298 1224 418 1302 διάφορος
437 1220 482 1278 καὶ
503 1219 572 1278 κατά
591 1228 667 1299 χεῖρα
683 1227 810 1296 γενναῖος·
827 1219 935 1281 ἀπιστόν
951 1245 978 1280 τι

202 1315 294 1389 χρῆμα
318 1309 377 1388 περὶ
394 1309 471 1366 αὑτὸν
485 1308 597 1379 ποιήσας
619 1312 718 1388 νεκρῶν
734 1310 785 1368 tol
799 1309 916 1381 πλήθους
933 1313 978 1388 βε-

202 1402 255 1459 λῶν
269 1397 444 1473 ἀποθνήσκει,
458 1398 509 1454 τῶν
525 1397 552 1455 δὲ
569 1394 615 1454 σύν
630 1399 701 1476 αὐτῷ
716 1396 749 1455 τά
768 1398 876 1478 φρούρια
894 1421 975 1457 κατα-

201 1487 357 1564 λαόομένων
373 1485 456 1562 ὀλίγοι
471 1485 517 1558 μέν
536 1508 604 1552 τινες
628 1488 721 1554 ζῶντες
741 1486 880 1559 ἑάλωσαν,
903 1489 928 1545 οί
949 1484 976 1544 di

201 1577 307 1643 πλείους
322 1575 478 1655 πράττοντες
502 1572 638 1643 έαυτούςθ,
655 1574 724 1632 κατθι
739 1578 863 1653 κρημνῶν
879 1576 977 1634 ὠθοῦν-

149 1685 173 1722 ιυ
201 1686 254 1731 τες,
270 1662 456 1745 διεφθάρησαν.

243 1753 333 1813 XVH.
358 1756 384 1813 Τ
385 1756 444 1812 οῦτο
466 1750 495 1810 τό
520 1749 592 1819 τέλος
612 1750 739 1820 λαόόντος
763 1759 809 1812 τοῦ
831 1755 976 1834 λῃστρικοῦ

201 1839 337 1920 πολέμου,
362 1840 409 1912 τὴν
431 1839 570 1911 πολιτικὴν
594 1841 675 1901 πάλιν
696 1842 858 1921 ἀνερρίπιζον
888 1846 911 1902 ol
932 1843 977 1915 δή·

202 1954 301 2012 μαρχοι
314 1929 419 2002 στάσιν,
432 1929 561 1998 ἀξιοῦντες
573 1928 718 1988 ἀπολαύειν
728 1930 801 2009 παρὰ
816 1935 862 1989 τοῦ
872 1932 977 2009 περιόν·

200 2043 245 2086 τος
257 2020 357 2077 ὑπάτου
368 2016 414 2085 τὰς
425 2014 597 2094 ὑποσχέσεις,
609 2014 639 2081 ἀς
650 2016 792 2084 ἐποιήσατο
806 2017 870 2096 πρὸς
886 2019 977 2085 αὐτούς

145 2130 173 2170 νο
201 2105 360 2178 ότεθνηκὼς
382 2109 407 2165 ἐν
423 2108 455 2182 τῇ
474 2105 550 2184 μάχη
569 2102 713 2180 Οὐαλέριος
747 2101 811 2181 ὑπὲρ
826 2109 873 2175 τῆς
891 2107 978 2187 εἰσρυ-

203 2206 248 2274 ράς
261 2200 306 2254 τοῦ
319 2193 411 2270 νόμον.
455 2191 490 2253 ‘0
503 2193 530 2250 δὲ
544 2192 673 2258 Κλαύδιος
690 2191 768 2271 μέχρι
781 2192 829 2268 μέν
843 2216 911 2262 τινος
923 2218 978 2253 πει-

202 2287 287 2360 ρεὶλκε
300 2282 345 2341 τδν
366 2282 469 2361 χρόνον,
494 2280 552 2340 ποτέ
573 2280 621 2357 μέν
636 2279 786 2359 καθαρμούς
809 2285 855 2353 τῆς
876 2283 977 2351 πόλεως

202 2372 347 2444 ἐπιτελῶν,
370 2371 427 2429 τοτὲ
451 2371 477 2429 δὲ
501 2368 593 2436 θυσίας
615 2377 668 2435 τοῖς
693 2369 760 2435 θεοῖς
790 2373 976 2450 χαριστηρίους

201 2461 356 2530 ἀποδιδοὺς,
369 2457 429 2518 τοτὲ
446 2458 473 2517 δὲ
490 2460 573 2536 ἀγῶσι
587 2456 633 2515 καλ
649 2455 718 2523 θέαις
734 2457 932 2533 ἀναλαμόάνων
947 2462 978 2521 τὸ

200 2552 297 2622 πλῆθος
313 2551 349 2616 είς
361 2547 507 2613 εὐπαθείας.
524 2547 574 2611 Ὦς
588 2544 615 2604 δέ
631 2550 658 2604 αἱ
681 2546 789 2626 σκήψεις
804 2549 875 2628 αύτῷ
891 2556 977 2608 πᾶσαι

200 2640 401 2712 κατηνάλωντο,
424 2638 552 2694 τελευτῶν
574 2634 623 2714 ἔρη
640 2636 693 2693 δεῖν
709 2636 744 2701 εἰς
759 2635 804 2694 τὸν
822 2641 867 2694 τοῦ
882 2643 975 2709 τεθνη-

200 2727 274 2792 κότος
288 2724 389 2784 ὑπάτου
413 2724 491 2782 τόπον
516 2722 603 2804 έτερον
626 2725 824 2805 ἀποδειχθῆναι.
867 2727 911 2787 Τά
928 2726 976 2804 μὲν

200 2814 252 2892 γὰρ
266 2816 309 2895 ὑφ’
323 2817 414 2874 ἑαυτοῦ
439 2813 518 2886 μόνου
533 2813 687 2893 πραχθέντα
707 2811 767 2871 ούτε
792 2813 893 2892 νόμιμα
918 2815 977 2877 οὔτε

203 2905 299 2985 βέόαια
321 2902 490 2975 ἔσεσθαι,τά
513 2903 541 2961 δὲ
566 2904 612 2960 ὑπ’
628 2904 725 2982 ἀμροῖν
752 2899 849 2979 ἔννομά
877 2926 906 2963 τε
931 2905 977 2965 καί

201 2992 289 3072 κύρια.
306 2992 398 3067 Ταύτῃ
423 2989 646 3067 διακρουσάμενος
669 2989 762 3057 αύτούς
783 2994 816 3070 τῇ
843 2992 976 3072 προράσει

200 3080 323 3156 προεῖπεν
346 3076 521 3155 ἀρχαιρεσίων
545 3077 662 3155 ἡμέραν,
679 3080 704 3135 ἐν
720 3069 738 3154 ᾖ
752 3077 794 3136 τόν
813 3080 976 3159 συνάρχοντα

188 3167 308 3241 ,ἔμελλεν
326 3164 481 3233 ἀποδείξειν.
526 3164 574 3225 Ἐν
601 3165 627 3223 δὲ
650 3168 688 3245 τῷ
711 3164 808 3241 μεταξύ
824 3168 910 3250 χρόνῳ
932 3170 974 3229 δεδι

201 3257 356 3337 ἀπορρήτων
384 3255 570 3335 βουλευμάτων
584 3259 608 3314 οί
626 3255 818 3336 προεστηκότες
833 3263 877 3315 τοῦ
899 3283 975 3319 συνε-

200 3345 270 3424 δρίου
287 3345 421 3404 συνέθεντο
436 3342 506 3403 κατὰ
520 3352 587 3424 opii:
602 3343 708 3417 αὐτούς,
723 3342 776 3424 ότῳ
786 3346 974 3426 παραδώσουσι

199 3434 249 3513 τὴρ
264 3433 360 3515 ἀρχήν.
408 3432 461 3492 Καί
482 3432 572 3502 ἔπειδάΙ
592 3435 605 3489 ό
621 3436 673 3490 τῶν
689 3434 865 3514 ἀρχαιρεσίων
883 3436 974 3510 ἐνέστη

199 3522 304 3601 χρόνος,
317 3522 362 3580 καί
378 3524 391 3578 θ
405 3520 486 3600 κῆρυξ
502 3521 549 3590 την
563 3520 670 3600 πρώτην
683 3520 754 3590 τάξιν
768 3523 901 3595 ἐκάλεσεν,
918 3527 973 3583 εἷσ-

199 3610 314 3676 ελθόντες
335 3612 371 3677 εἷς
387 3609 430 3668 τδν
453 3608 643 3688 ἀποδειχθέντα
663 3610 742 3669 τόπον
761 3608 788 3669 οί
804 3609 826 3668 τ’
845 3612 973 3670 όκτωκαί·

199 3700 261 3756 δέκα
274 3698 348 3777 λόχοι
361 3701 411 3756 τῶν
425 3696 527 3757 ἱππέων
546 3696 591 3755 καί
611 3700 635 3757 ol
649 3702 701 3756 τῶν
715 3703 799 3768 πεζῶν
815 3702 975 3776 ὀγδοήκοντα

198 3791 249 3844 τῶν
263 3787 292 3845 τὸ
312 3786 435 3864 μέγιστον
450 3785 555 3862 τίμημα
577 3788 708 3865 ἐχόντων,
722 3786 832 3848 Λεύκιον
854 3784 972 3848 Κοίντιον

201 3876 356 3935 Κικιννάτον
373 3875 586 3934 ἀποδεικνύουσιν
608 3876 719 3949 ὕπατον,
736 3869 765 3935 ού
780 3877 822 3933 τὸν
836 3875 891 3933 υίδν
907 3878 973 3936 Καί·

199 3984 270 4019 σωνα
287 3959 406 4023 Κοίντιον
420 3967 456 4029 εἷς
478 3965 568 4042 ἀγῶνα
591 3961 703 4021 θανάτου
725 3964 936 4034 καταστήσαντες
950 3969 974 4025 οί

199 4050 342 4127 δήμαρχοι,
364 4049 411 4121 τὴν
426 4050 501 4109 πολιν
523 4048 676 4128 ἠνάγκασαν
693 4052 821 4108 ἐκλιπεῖν·
842 4051 886 4109 καί
902 4054 975 4112 ούδε·

199 4146 259 4212 μιᾶς
272 4138 310 4195 ἔτι
325 4138 465 4210 κληθείσης
479 4139 521 4198 ἐπὶ
535 4139 582 4213 τὴν
595 4140 760 4221 ψηφοφορίαν
773 4139 886 4209 τάξεως·
904 4144 973 4223 τρισί

198 4229 250 4304 γὰρ
274 4218 340 4297 ἦσαν
357 4228 443 4305 λόχοις
458 4228 562 4295 πλείους
577 4229 601 4287 οἱ
626 4227 801 4305 διενέγκαντες
823 4229 870 4300 τὴν
887 4234 972 4311 δῆμον

198 4319 272 4396 λόχοι
287 4320 338 4373 τῶν
360 4319 588 4385 ὑπολειπομένων·
604 4322 618 4377 θ
637 4320 683 4392 μέν
706 4321 787 4393 δῆμος
803 4321 883 4396 ἀπῄει
907 4346 973 4398 συμ-

198 4406 279 4487 ρορδιν
300 4407 407 4483 βαρεῖαν
433 4408 591 4482 ἡγούμενος,
617 4408 657 4467 ότι
678 4411 761 4484 μισῶν
786 4411 878 4476 αὐτούς
908 4412 973 4492 ἀνὴρ

198 4495 313 4562 ἐξουσίας
330 4498 457 4564 ὑπατικῆς
469 4496 542 4554 ἔσται
557 4496 661 4575 κύριος,
674 4502 690 4565 i,
706 4498 785 4572 βουλάΙ
801 4499 901 4558 ἔπεμπε
917 4501 973 4567 τούς

200 4577 436 4652 παραληψομένους
452 4581 495 4634 τὀυ
512 4579 611 4637 ύπατον
627 4582 672 4637 καί
688 4581 795 4648 ἄξοντας
811 4584 854 4640 ἐπὶ
867 4581 913 4651 τὴν
928 4585 977 4661 ἀρ-

198 4662 259 4740 χήν.
302 4661 400 4743 Ἰῧτυχε
418 4667 444 4723 δὲ
461 4675 604 4734 τηνικαῦτα
622 4674 634 4726 θ
652 4669 770 4735 Κοίντιος
788 4670 901 4749 ἄρουράν
919 4695 976 4729 τινα

148 4767 159 4800 τι
200 4754 406 4830 ύπεργαζόμενος
423 4756 457 4818 εἷς
470 4758 582 4835 σπορδιν,
599 4760 674 4825 αὐτὸς
692 4764 841 4819 ἀκολουθῶν
853 4769 904 4824 τοῖς
919 4760 976 4838 σχί·

200 4842 270 4905 ζουσι
292 4843 338 4911 τὴν
357 4843 423 4900 νειὸν
447 4845 551 4919 βοιδίοις
566 4845 674 4921 ἀχίτων,
692 4848 883 4926 περιζωμάτιον
907 4846 975 4925 ἔχων

199 4928 243 4984 καὶ
262 4933 305 4987 ἐπὶ
327 4957 358 5009 τη
375 4934 476 5011 κεφαλῇ
494 4938 580 4989 πῖλον.
626 4935 698 4994 Ἰδών
715 4937 741 4994 δέ
758 4939 855 5007 πλῆθος
876 4935 972 5014 ἀνθρώ·

199 5033 255 5068 πων
268 5020 302 5082 είς
314 5021 343 5075 τὸ
356 5021 453 5099 χοιρίον
467 5019 647 5091 εἰσιόντων,τό
662 5048 691 5080 τε
702 5025 811 5101 ἄροτρον
823 5027 918 5104 ἐπέσχε
929 5025 973 5081 καί

722 290 888 352 uloulsll
911 290 1290 353 utulcaauassua‘sls

1032 429 1099 481 mine
1121 431 1222 482 domani
1248 431 1314 481 siros
1331 431 1425 483 multos
1441 434 1476 483 'et
1492 430 1571 483 forto
1598 433 1759 496 amiserunt,
1786 433 1830 486 scd

1032 525 1142 578 οεαειίυιιι
1154 528 1309 580 consessione
1333 528 1498 581 fortissimum
1514 529 1598 594 ipsum
1617 530 1756 581 consulem
1766 553 1775 591 3
1787 532 1831 597 qni

1031 623 1090 675 licet
1105 625 1184 677 multa
1204 627 1308 678 uulnera
1321 627 1473 691 accepisset,
1493 629 1576 679 tamen
1591 642 1624 678 nc
1637 629 1797 694 sicquidem
1814 646 1829 683 a

1033 720 1148 785 maculis
1163 722 1274 783 recessit,
1291 727 1321 773 ot
1344 726 1373 773 lo
1390 724 1446 775 illis
1455 726 1584 789 perstitit,
1602 727 1723 778 dooecei
1743 730 1826 781 muni·

1033 816 1125 868 tionem
1139 821 1266 871 scandenti
1279 836 1368 872 mrum
1390 822 1485 885 lugens,
1500 837 1558 874 cum
1577 826 1680 890 impetu
1694 827 1824 888 delatum,

1033 916 1148 969 simulet
1173 919 1304 970 victoriam
1329 924 1357 970 et
1383 921 1460 970 ultam
1483 922 1582 986 eripuit.
1619 924 1711 989 caplis
1738 930 1823 977 autem

1033 1012 1149 1072 arcibus,
1175 1017 1314 1066 Herdonius
1346 1018 1411 1079 (crat
1430 1017 1496 1068 onim
1514 1018 1553 1069 vir
1570 1019 1664 1084 insigni
1690 1021 1784 1074 robore
1799 1028 1824 1075 et

1033 1123 1122 1161 manus
1140 1114 1287 1165 strenuitate
1303 1113 1436 1178 praeditus)
1455 1118 1537 1179 strage
1551 1115 1695 1167 incredibili
1706 1119 1775 1168 circa
1796 1133 1822 1170 sc

1032 1208 1108 1270 edila,
1125 1210 1230 1261 telorum
1242 1211 1403 1264 multitudine
1415 1211 1523 1264 obrutus
1535 1213 1636 1265 cecidit.
1674 1219 1711 1266 Ex
1723 1218 1822 1269 ceteris

1032 1317 1100 1365 vcro,
1111 1305 1220 1368 quicum
1230 1320 1260 1356 co
1270 1321 1340 1357 arces
1351 1311 1508 1373 occuparant,
1520 1308 1598 1372 pauci
1604 1308 1660 1360 riri
1671 1313 1740 1376 capti
1751 1316 1819 1375 sunl,

1032 1402 1110 1467 major
1122 1416 1274 1467 eorumpars
1288 1408 1332 1455 ant
1346 1419 1373 1455 se
1390 1404 1525 1469 iugularit,
1539 1408 1585 1457 aut
1595 1420 1641 1471 per
1655 1421 1734 1474 rupes
1755 1424 1818 1474 pra·

1032 1498 1132 1564 cipitem
1146 1499 1226 1565 dedit,
1237 1506 1312 1565 alque
1322 1501 1358 1552 ita
1369 1501 1472 1554 interiit.

1065 1792 1225 1844 latitudis
1242 1792 1364 1843 labonum
1375 1792 1410 1842 ila
1428 1791 1551 1859 coniecto,
1567 1797 1656 1848 statim
1670 1798 1760 1848 tribuni
1773 1814 1814 1851 se-

1032 1889 1150 1942 ditionem
1172 1888 1291 1939 urbanam
1304 1892 1464 1951 renovarunt,
1481 1893 1597 1954 petentes
1614 1906 1630 1942 a
1648 1896 1751 1945 conante
1772 1911 1815 1946 su-

1031 1986 1141 2050 perstite,
1155 1990 1184 2035 ul
1196 2000 1253 2050 quae
1268 1985 1391 2051 Valerius,
1407 1986 1431 2036 in
1445 1986 1531 2049 proto
1545 2001 1634 2049 σιοειεα,
1651 1990 1700 2040 sibi
1715 1992 1816 2055 detegis

1031 2081 1156 2144 rogatione
1170 2081 1326 2145 promiserat,
1338 2083 1477 2144 prostaret.
1511 2085 1544 2133 nt
1558 2082 1677 2134 claudius
1688 2085 1814 2147 aliquam·
1844 2148 1847 2155 Ι

1032 2177 1077 2227 diu
1088 2176 1189 2240 quidem
1202 2180 1302 2241 tempus
1323 2176 1408 2237 traxit,
1430 2176 1507 2228 modo
1525 2178 1710 2230 lustrationibus
1724 2181 1809 2246 urbis,

1031 2271 1106 2322 modo
1137 2272 1358 2336 supplicationibus
1380 2287 1483 2335 vacans,
1507 2271 1673 2325 modoetiam
1698 2274 1765 2325 ludis
1783 2282 1812 2327 et

1032 2363 1178 2427 spectaculis
1203 2366 1334 2428 populum·
1351 2379 1467 2416 recreans
1493 2379 1524 2417 ae
1547 2364 1678 2417 cuminas.
1696 2368 1812 2420 Tandem

1032 2464 1170 2515 consumtis
1195 2465 1310 2516 omnibus
1338 2466 1583 2529 tergiversationibus
1599 2466 1676 2527 distr,
1703 2468 1813 2520 aiterum

1033 2556 1159 2607 consulem
1173 2557 1318 2607 iudelnncti
1334 2556 1418 2608 locum
1437 2572 1492 2609 esse
1514 2557 1709 2623 subrogandum.
1742 2562 1815 2620 Quod

1033 2645 1099 2696 enim
1112 2660 1127 2696 a
1138 2659 1165 2697 se
1176 2648 1231 2697 solo
1250 2650 1335 2697 actum
1358 2648 1428 2707 toret,
1450 2647 1478 2697 id
1496 2660 1579 2714 neque
1600 2649 1708 2714 legitime
1723 2651 1814 2705 iactum

1032 2740 1072 2801 iri,
1089 2755 1135 2792 nec
1148 2741 1224 2791 ullam
1241 2740 1291 2791 rim
1306 2740 1467 2800 babituram,
1482 2742 1548 2805 quod
1568 2756 1630 2794 vero
1649 2744 1682 2794 ab
1694 2750 1812 2810 utroque,

1032 2836 1059 2887 id
1072 2839 1098 2887 et
1112 2836 1247 2901 legitimum
1264 2841 1289 2886 et
1300 2840 1381 2886 ratum
1396 2835 1449 2887 lore
1461 2837 1572 2889 dicebat.
1591 2841 1680 2904 ltaque
1698 2841 1744 2891 bac
1758 2856 1813 2906 spe·

1033 2929 1100 2980 ciosa
1119 2944 1207 2981 caussa
1231 2931 1337 2994 repulsis
1359 2930 1421 2990 illis,
1442 2929 1510 2981 diem
1531 2932 1691 2983 comitiorum
1713 2932 1810 2995 muttit,

1033 3035 1085 3083 qno
1095 3019 1213 3084 collegam
1229 3020 1276 3071 sibi
1286 3022 1464 3082 subrogaturns
1474 3022 1548 3071 esset.
1583 3024 1681 3073 interea
1694 3021 1821 3089 principes

1033 3116 1149 3171 senalus,
1176 3113 1240 3163 clam
1253 3113 1319 3163 inter
1335 3128 1361 3163 se
1385 3111 1448 3163 lacta
1468 3113 1659 3172 consultatione,
1678 3117 1816 3164 statuerunt

1032 3202 1072 3253 cui
1082 3203 1239 3253 consulatum
1264 3205 1406 3254 mairdaturi
1424 3207 1517 3254 essent.
1554 3207 1638 3261 Quum
1665 3206 1815 3254 autemdics

1032 3297 1188 3347 comitiorum
1212 3297 1329 3358 reuisset,
1342 3311 1422 3361 piaco
1441 3296 1546 3360 primam
1563 3298 1671 3345 classem
1687 3300 1814 3353 uocasset,

1032 3386 1170 3436 octodecim
1191 3387 1301 3450 equitium
1337 3385 1464 3442 centuriae,
1489 3387 1514 3434 ct
1541 3383 1655 3447 peditum
1676 3385 1816 3447 octoginta,

1033 3493 1142 3543 quorum
1160 3479 1283 3528 suasimus
1298 3481 1352 3526 crat
1376 3490 1475 3538 census,
1504 3477 1529 3526 in
1556 3476 1638 3524 lucum
1661 3476 1816 3539 designatum

1032 3571 1158 3633 ingressae,
1178 3573 1205 3619 L.
1223 3570 1364 3630 Quintium,
1385 3571 1493 3633 patrem
1517 3571 1646 3628 Cosanis,
1673 3583 1748 3633 qinom
1771 3569 1818 3619 tri-

1032 3666 1090 3715 buni
1116 3666 1141 3714 in
1166 3663 1254 3728 capitis
1272 3664 1404 3713 discrimen
1427 3662 1565 3712 adductum
1592 3661 1682 3711 urbere
1703 3662 1818 3711 decerem

1033 3758 1173 3819 coegerant,
1187 3754 1311 3803 consulem
1334 3755 1417 3802 creant
1433 3773 1439 3801 ι
1454 3754 1529 3815 atque
1542 3750 1608 3800 nulla
1626 3751 1707 3800 classe
1720 3750 1752 3800 ad
1762 3752 1817 3799 sul·

1033 3846 1108 3909 l'ragia
1131 3844 1232 3895 terenda
1256 3844 1362 3909 amplius
1384 3847 1472 3892 uocata
1488 3846 1553 3902 (nam
1564 3842 1606 3906 qui
1617 3842 1763 3906 suffragium
1775 3847 1816 3892 lu·

1030 3940 1117 3996 lerant,
1132 3936 1239 4000 reliquos
1253 3937 1334 3987 trilms
1354 3936 1470 3986 centuriis
1485 3935 1656 3999 superabant),
1669 3937 1742 4000 plebs
1758 3941 1815 4001 qui·

1030 4028 1087 4079 dem
1103 4029 1171 4088 abiit,
1186 4030 1354 4080 calamitatem
1366 4043 1438 4078 suain
1454 4028 1593 4093 deplorans,
1606 4029 1674 4092 quod
1688 4032 1816 4081 consulem

1033 4122 1079 4172 sibi
1094 4118 1217 4170 infensum
1230 4120 1345 4170 habitura
1358 4124 1432 4170 essct.
1448 4121 1591 4169 sisennius
1606 4120 1673 4169 misit
1687 4120 1720 4169 ad
1733 4121 1815 4176 Quiu-

1033 4212 1103 4272 lium,
1118 4212 1160 4275 qui
1177 4225 1234 4261 eum
1251 4211 1282 4261 ad
1298 4211 1467 4275 trragistralum
1484 4209 1631 4274 capiendum
1653 4208 1816 4267 adducerent,

1030 4308 1098 4354 Tunc
1109 4309 1192 4355 alitem
1205 4306 1265 4353 torte
1276 4303 1394 4361 Quintius
1403 4316 1491 4352 aruum
1500 4301 1626 4364 quiddam
1635 4301 1666 4352 ad
1676 4303 1813 4351 sementem

1032 4396 1170 4446 sariendam
1180 4395 1275 4457 araliat,
1286 4396 1338 4459 ipse
1350 4408 1457 4458 sequens
1467 4393 1543 4442 bores
1558 4394 1646 4443 novale
1655 4391 1814 4458 proscinden-

1031 4491 1076 4545 tes,
1094 4490 1148 4539 siue
1168 4491 1259 4548 tunica,
1276 4490 1328 4538 solo
1343 4488 1461 4550 subligari
1477 4487 1631 4540 succinctus.
1653 4491 1676 4537 et
1692 4485 1718 4536 in
1730 4488 1817 4551 capite

1029 4577 1119 4639 pileum
1137 4579 1236 4628 babens.
1272 4578 1319 4628 Ubi
1333 4591 1391 4627 vcro
1403 4577 1464 4626 vidit
1474 4582 1600 4627 catervam
1614 4579 1753 4639 bominum,
1772 4583 1817 4646 qui

1028 4670 1053 4718 in
1062 4684 1133 4720 suum
1148 4671 1253 4720 fritillum
1268 4672 1370 4735 ingressi
1382 4674 1461 4731 arant,
1474 4676 1582 4721 aratrum
1593 4675 1655 4721 tunc
1666 4673 1779 4733 retinnit,
1791 4680 1815 4724 cl

1028 4760 1071 4809 diu
1085 4760 1217 4821 dubitarit,
1232 4762 1332 4824 quinam
1352 4762 1387 4812 illi
1404 4766 1496 4819 csscol,
1512 4766 1537 4812 et
1549 4775 1600 4826 qua
1619 4761 1652 4813 de
1674 4777 1766 4815 caussa
1783 4766 1815 4814 ad

1028 4868 1054 4902 se
1069 4854 1181 4903 venirent
1201 4857 1318 4915 :deinde
1337 4873 1412 4920 εμιιιιιι
1434 4858 1536 4920 quidam
1554 4857 1728 4922 praecurrisset
1746 4872 1817 4907 cum·

1027 4960 1076 5008 qrnc
1091 4949 1235 5005 motmisset,
1249 4953 1275 4998 ut
1293 4964 1319 4999 sc
1337 4951 1423 5001 melius
1436 4955 1549 5010 ornaret;
1564 4949 1607 5001 ille
1622 4951 1646 5002 in
1660 4952 1815 5016 tuguriolum

1027 5039 1160 5101 ingressae,
1178 5044 1281 5090 eti-esre
1301 5043 1395 5101 induta,
1414 5044 1512 5107 prodiit.
1546 5046 1595 5103 Qui
1615 5045 1743 5095 aulemad
1756 5058 1816 5095 cum

200 5100 280 5156 πολὺ·
300 5106 394 5180 ἠπόρῑῑ
419 5106 521 5183 χρόνων
542 5107 633 5177 circ-aig
651 5114 673 5167 τ’
695 5116 745 5168 εἷεν
770 5115 815 5171 καὶ
831 5113 899 5182 τίνος
915 5114 973 5172 ὄῑό·
998 5097 1001 5184 ί
1025 5133 1051 5182 in
1065 5136 1151 5186 urlrcm
1172 5135 1346 5186 deducendum
1361 5139 1428 5187 missi
1449 5139 1553 5201 lucrant,
1572 5152 1658 5189 ornnes
1688 5153 1748 5189 eram
1767 5154 1817 5190 uon
