3772 5828
204 304 263 364 6ῖο
443 342 446 347 -
719 305 888 367 btoxistl
913 305 1299 367 bantcannassssn'sls

199 433 245 493 καὶ
256 434 358 493 παίδων
370 434 511 515 ἐλευθέρων
526 438 771 514 προπηλακισμοὺς,
784 435 885 506 καίτδις
896 439 982 506 ἄλλας
1037 468 1049 491 ι
1064 446 1163 510 inquit,
1181 445 1338 496 coutumeliis
1358 459 1403 495 nos
1427 444 1538 495 adiciunt
1551 442 1586 506 ii,
1606 442 1653 507 qui
1676 455 1729 493 nec
1746 454 1782 491 ex
1800 442 1833 491 le

200 526 287 583 αὐτῶν
300 523 468 602 παρανομίας
484 548 513 584 τι
527 525 573 583 καί
593 524 734 600 ὠμότητας
749 527 977 605 ἐπιλογιζόμενος·
1036 555 1048 579 ιι
1060 536 1133 599 gibus
1158 535 1223 585 bano
1240 537 1391 599 potestatem
1409 534 1516 593 babent,
1537 545 1618 594 neque
1640 544 1673 582 ex
1706 534 1830 581 senatus-

199 636 212 663 ι
230 610 284 670 Καὶ
305 618 406 683 ταῦτα,
428 613 498 693 ἔρη,
518 614 760 691 προπηλακίζουσιν
774 618 847 691 ἡμᾶς
870 618 893 674 οῖ
910 615 978 692 μήτε
1036 624 1183 684 uounsulto,
1196 629 1239 675 aut
1251 624 1336 689 pupuli
1355 636 1484 685 concessu,
1496 637 1553 674 eum
1568 624 1738 685 aeceperunt.
1761 623 1829 685 (nam

199 728 212 753 ι
227 699 300 781 νόμῳ
312 698 359 771 τὴν
371 699 488 769 ἐξουσίαν
498 698 620 780 ἔχοντας,
633 701 700 778 μήτι
715 701 866 783 ψηφίσματι
883 704 980 781 βουλῆς
1036 713 1220 778 «magistratus
1239 725 1328 763 eorum
1349 715 1449 776 tempus
1474 725 1576 770 οιιιιοιο,
1595 724 1649 773 quo
1670 714 1768 762 emto
1785 724 1828 762 ωε

159 810 172 845 ιι
201 788 246 858 ιθ,
272 788 357 863 δήμου
373 786 570 868 συγγωριίματι
591 787 730 855 λαθόντες·
745 795 760 848 b
778 791 829 868 γὰρ
851 789 980 856 ἐνιαύσιος
1035 823 1047 845 ιι
1062 802 1116 853 aliis
1128 802 1269 867 reipublioae
1292 801 1457 865 gubernacula
1478 799 1577 852 tradere
1598 799 1755 864 oportebat,
1774 800 1825 865 jam

149 1245 176 1286 Ιθ

150 1692 174 1730 lt

200 994 212 1017 ιι
228 967 325 1047 ἑτέροις
339 968 502 1047 παραδοῦναι
516 965 550 1024 τδι
560 964 653 1038 κοινθ,
668 969 865 1046 παρελήλυθεν·
878 969 937 1028 ἀλλ’
949 970 980 1028 itt

200 1080 212 1104 ι
228 1062 272 1113 τοῦ
295 1054 447 1134 βιαιοτότυυ
469 1058 521 1114 τῶν
543 1054 649 1135 τρόπων
679 1055 780 1127 πολλὴν
812 1056 911 1116 δειλίαν
932 1053 979 1115 καί

201 1171 213 1193 ιι
228 1145 363 1219 μαλακίαν
373 1144 548 1223 καταγνύντις
561 1146 638 1220 ἡμῶν
649 1141 739 1223 ὥσπερ
753 1147 894 1221 γυναικῶν.
911 1145 978 1205 Ele-

200 1260 212 1283 ι
228 1232 324 1291 ελθίτω
338 1232 370 1305 δὴ
388 1231 513 1311 λογισμὸς
524 1231 636 1291 ἕκαστον
649 1235 722 1309 ὑμῶν
739 1224 776 1293 ὧν
791 1257 819 1293 τε
838 1234 914 1301 αὐτὸς
926 1229 980 1292 πί-

201 1346 214 1371 ιι
228 1325 305 1379 πονθε
326 1319 373 1379 καλ
395 1310 432 1378 ὧν
445 1310 512 1378 σίδαν
535 1320 635 1400 ἑτέρους
658 1319 805 1388 παθόντας·
831 1321 877 1381 καλ
898 1319 922 1381 εί
940 1344 980 1386 τις

201 1435 214 1461 ιι
231 1412 320 1485 ὑμῶν,
338 1407 522 1485 δελεαζόμενος
537 1408 583 1466 ὑπ’
599 1410 682 1466 αὐτῶν
696 1410 801 1480 ἡδοναῖς
815 1432 882 1469 τισιν
897 1408 915 1481 ἢ
929 1408 979 1489 γαί·

202 1523 215 1548 ι
233 1520 311 1576 ρισιν,
324 1499 353 1557 ού
365 1497 514 1578 περόύηται
523 1497 570 1568 τὴν
581 1498 748 1578 ὀλιγαρχίαν,
760 1501 819 1558 ούδὲ
830 1498 929 1558 δέδοικε
940 1496 979 1574 μὴ

202 1611 214 1637 ι
229 1586 274 1644 καί
288 1585 329 1644 ἐπ’
340 1586 417 1645 αθτδν
434 1586 503 1644 ἔλθοι
519 1585 583 1644 ποτέ
605 1585 652 1644 σὺν
672 1588 759 1666 χρόνῳ
773 1587 808 1645 τθι
825 1587 907 1661 δεινδι,
926 1611 978 1665 μα·

202 1672 280 1733 «θὼν
304 1675 344 1733 δτι
364 1675 500 1755 τυράννοις
524 1675 597 1733 οὐδέν
622 1678 679 1735 ἐστι
698 1674 809 1748 πιστὸν,
838 1675 897 1734 οὐδὲ
928 1673 979 1733 ἀπὸ

202 1790 214 1812 ιι
232 1763 332 1831 εθνοίας
347 1766 375 1821 αἱ
389 1769 442 1823 τῶν
456 1764 620 1845 κρατούντων
640 1764 754 1823 δίδυνταί
779 1788 833 1824 τισι
855 1766 973 1845 χάριτες,

202 1876 215 1900 ιι
229 1848 275 1907 καὶ
292 1850 380 1910 πόντα
397 1851 430 1910 τδ
444 1851 523 1928 ὅμοια
538 1852 650 1924 τούτοις,
674 1851 836 1932 μεταγνώτω
850 1871 857 1885 ·
872 1853 917 1911 καὶ
929 1860 978 1929 μιᾷ

202 1966 214 1989 ιι
229 1938 331 2017 διανοίη
345 1939 512 2021 χρησόμενοι
525 1940 622 2007 πάντες
632 1942 797 2019 ίλευθιρούτε
808 1941 861 1999 ἀπὸ
872 1945 924 1999 τῶν
933 1963 978 1998 τυ·

202 2054 213 2079 ιι
230 2026 328 2107 ραίυνων
341 2030 389 2102 τὴν
405 2029 540 2108 πατρίδα,
557 2032 583 2087 a
598 2022 616 2108 ᾖ
629 2031 693 2088 θεῶν
708 2053 735 2089 τε
753 2034 812 2106 ύμῖν
833 2029 890 2110 ίερθ
901 2029 975 2108 ἵδρυ-

202 2143 215 2165 ιι
229 2139 273 2173 ται
296 2117 340 2174 καὶ
356 2121 436 2188 θῆκαι
460 2116 596 2196 προγόνων
613 2118 698 2190 εἰσὶν,
719 2115 762 2183 οὓς
787 2121 861 2192 ύμιῖς
881 2125 976 2195 τιμᾶτε

202 2232 214 2255 ιι
231 2204 299 2281 μετθι
314 2204 404 2277 θεούς,
424 2203 471 2263 καί
491 2203 596 2285 γηραιοί
619 2204 731 2284 πατέρις
759 2210 867 2287 τρορεῖα
890 2204 977 2264 πολλδι

201 2318 213 2342 ιι
229 2293 274 2350 καί
288 2292 347 2360 ἀξια
359 2296 411 2351 τῶν
422 2292 509 2353 πόνων
524 2297 715 2366 ἀπαιτοῦντες,
732 2294 852 2373 γυναῖκές
865 2317 894 2354 τι
908 2294 978 2354 κατά

201 2406 214 2431 ιι
229 2378 323 2455 νόμους
337 2384 520 2460 ίγγυηθεῖσαι,
535 2381 581 2441 καί
596 2382 735 2464 θυγατέρες
758 2385 883 2463 ἐπίγαμοι
898 2407 975 2464 ρρον-

201 2496 214 2522 ιι
228 2471 297 2537 τίδος
318 2475 348 2530 ού
375 2481 472 2552 μικρᾶς
491 2473 613 2549 διόμεναι
633 2473 687 2541 τοῖς
712 2473 821 2552 έχουσι,
841 2474 887 2534 καὶ
900 2474 977 2552 γοναί

201 2587 214 2612 ιι
229 2561 332 2619 παίδων
348 2562 481 2644 ἀρρένων,
502 2552 539 2629 οἷς
561 2562 693 2641 ἀρείλεται
711 2563 801 2623 δίκαια
815 2564 918 2646 φύσεως
931 2564 977 2622 καὶ

201 2675 214 2700 ιι
227 2648 370 2727 προγόνων.
413 2649 508 2716 Οἰκίας
522 2650 573 2732 γὰρ
593 2647 626 2721 δὴ
649 2650 694 2709 καὶ
712 2651 824 2733 κλήρους
845 2651 891 2711 καί
909 2651 977 2732 χρή·

201 2764 213 2788 ιι
229 2761 301 2813 ματα
315 2738 362 2797 σὺν
377 2740 482 2806 πολλοῖς
495 2737 626 2810 κτηθέντα
639 2741 728 2808 πόνοις
738 2742 790 2800 ὑπὸ
799 2740 920 2820 πατέρων
931 2741 975 2800 καί

201 2853 212 2876 ιι
229 2828 303 2901 ὑμῶν
315 2830 422 2886 σιωπῶ·
438 2817 475 2886 ὧν
497 2826 569 2887 ούδίν
590 2832 651 2904 ύμῖν
667 2826 750 2896 ἔξεστι
767 2829 880 2908 βιθαίως
892 2829 976 2909 ἔχειν,

201 2943 212 2965 ιι
229 2913 277 2982 ἕως
291 2914 324 2975 ἀν
337 2915 389 2975 ὑπὸ
400 2919 453 2975 τῶν
463 2915 528 2975 δέκα
542 2920 714 2995 τυραννῆσθε.

241 3005 318 3065 XLI.
341 3032 355 3056 ιι
369 3002 440 3063 Ούτε
456 3003 596 3083 σωφρόνων
611 3004 670 3064 ούτι
693 3005 818 3082 γενναίων
837 3007 907 3066 ἐστίν
928 3009 976 3065 ἀν-

201 3120 213 3143 ιι
230 3088 339 3169 θρώπων
355 3091 449 3168 τὰμὲν
466 3091 591 3171 ἀλλότρια
606 3099 717 3151 κτᾶσθαι
732 3093 765 3150 δι’
787 3097 972 3173 ἀνδραγαθίαν,

201 3207 213 3231 ιι
228 3182 261 3237 τὰ
283 3183 305 3238 δ’
321 3181 405 3239 οἰκεῖα
424 3189 548 3258 περιορᾶν
570 3180 741 3256 ἀπολλύμενα
760 3183 802 3239 διὰ
825 3184 972 3261 μαλακίαν,

201 3295 213 3319 ιι
230 3270 288 3329 οὐδὲ
308 3269 370 3348 πρὸς
390 3268 437 3345 μὲν
454 3268 582 3336 Αἰκανούς
602 3269 645 3328 καὶ
663 3271 846 3339 Οὐολούσκους
861 3273 905 3331 καὶ
921 3276 975 3335 Σα-

201 3384 213 3407 ιι
229 3357 314 3424 ύίνους
331 3357 376 3416 καί
396 3357 455 3425 τοὺς
479 3357 573 3423 ἀλλους
588 3357 735 3438 περιοίκους
754 3359 871 3427 ἅπαντας
893 3365 973 3421 πολε-

200 3474 213 3498 ιι
228 3455 286 3525 μεῖν
301 3447 419 3527 μακρούς
431 3448 476 3507 καὶ
496 3446 678 3513 ἀδιαλείπτους
698 3450 828 3525 πολέμους
841 3450 908 3530 ὑπὲρ
927 3455 974 3534 ἀρ·

200 3563 212 3586 ιι
227 3541 278 3615 γῆς
305 3536 350 3594 καὶ
377 3536 550 3608 δυναστείας,
571 3536 636 3617 πρὸς
662 3537 689 3596 δί
716 3536 776 3606 τούς
797 3540 871 3620 παρὰ
892 3541 971 3616 νόμον

200 3624 356 3703 «ἄρχοντας
375 3629 449 3701 ὑμῶν
470 3626 507 3702 μὴ
530 3626 611 3684 θέλειν
633 3626 745 3705 ἅρασθαι
762 3628 794 3686 τόι
818 3628 888 3690 ὅπλα
910 3627 975 3709 ὑπὲρ

200 3740 212 3764 ιι
228 3713 372 3792 ἀσφαλείας
398 3738 426 3772 τε
449 3714 493 3774 καλ
508 3714 666 3794 ἐλευθερίας.
686 3717 745 3777 Oia
761 3718 926 3798 ἀναλήψεσθε
944 3718 974 3777 τὸ

200 3826 212 3852 ιι
227 3804 347 3880 φρόνημα
364 3807 411 3874 τῆς
423 3804 566 3882 πατρίδος;
587 3806 616 3862 ού
631 3806 833 3882 παραστήσεται
850 3807 975 3885 λογισμὸς

199 3915 212 3940 ιι
227 3894 289 3964 ὑμῖν
301 3896 348 3964 τῆς
361 3895 456 3972 ἀρετῆς
470 3895 520 3950 τιῗιν
533 3891 630 3968 γονέων
650 3892 731 3964 ἄξιος,
752 3893 777 3953 οἳ
790 3894 833 3954 διὰ
852 3905 914 3972 μιᾶς
929 3922 976 3974 γυ-

200 4005 211 4028 ιι
228 3984 315 4046 ναικὸς
334 3980 408 4061 ύύριν
423 3981 467 4059 ὑφ’
483 3980 538 4048 ἑνὸς
552 3985 604 4039 τῶν
618 3982 768 4058 Ταρκυνίου
781 3984 881 4042 παίδοιν
902 3988 975 4064 ύύρι-

200 4092 212 4116 ιι
228 4066 342 4138 σθείσης,
359 4068 404 4126 καὶ
419 4070 461 4127 διὰ
474 4069 523 4140 τήν
537 4067 673 4149 ουμιρορδιν
686 4069 784 4142 ταύτην
806 4071 899 4142 ἑαυτὴν
916 4074 974 4131 δια-

199 4180 211 4204 ιι
226 4153 411 4233 χρησαμένης,
426 4156 507 4225 οὕτως
522 4157 710 4232 ἠγανάκτησαν
725 4158 768 4216 ἐπί
783 4162 820 4238 τῷ
833 4160 910 4220 πάθει
928 4161 974 4221 καί

199 4269 210 4293 ιι
227 4244 434 4320 παρωξύνθησαν
451 4246 494 4303 καί
516 4247 604 4317 κοινλν
631 4246 755 4304 ἁπάντων
770 4249 905 4323 ἡγήσαντο
925 4252 973 4323 τὴν

158 4376 161 4385 .
198 4359 209 4380 ιι
225 4331 315 4409 tipo,
331 4331 399 4389 ὥστε
418 4338 446 4390 οὐ
470 4334 547 4408 μόνον
571 4335 718 4413 Ταρκύνιον
737 4334 857 4403 ἐξέύαλον
882 4340 911 4396 ἐκ
928 4345 974 4412 τῆς

198 4448 208 4471 ιι
226 4423 340 4490 πόλεως,
356 4422 423 4479 ἀλλὰ
435 4422 479 4479 καί
495 4423 524 4481 τὸ
547 4423 683 4501 βασιλικὸν
697 4423 845 4501 πολίτευμα
862 4427 974 4487 κατέλυ-

198 4537 208 4558 ιι
224 4533 284 4580 σαν,
301 4510 347 4568 καὶ
363 4511 393 4568 τὸ
406 4511 496 4569 λοιπὸν
513 4515 629 4574 ἀπεῖπαν
643 4513 743 4590 μηδένα
764 4512 907 4592 Ῥωμαίων
924 4521 972 4595 ἄρ-

197 4627 207 4647 ι
224 4623 280 4677 χειν
308 4600 350 4656 δεδι
377 4600 432 4679 βίου
460 4598 508 4669 τὴν
533 4603 706 4661 ἀνυπεύθυνον
728 4601 829 4683 ἀρχὴν,
850 4605 924 4662 αὐτοί
947 4629 975 4663 τε

197 4689 281 4754 ιτούς
305 4688 442 4766 μεγίστους
469 4691 612 4766 ὀμόσαντες
637 4692 744 4772 ὅρκους,
769 4696 814 4752 καί
831 4694 898 4752 κατδι
923 4700 974 4752 τῶν

197 4801 207 4821 ι
225 4779 337 4853 ἐγγόνων
351 4780 424 4858 ἀρδς,
434 4781 479 4838 ίοίν
492 4804 517 4837 τι
528 4780 601 4859 παρὰ
613 4785 695 4840 ταῦτα
706 4787 809 4857 ποιῶσι,
822 4783 975 4861 καταρασό·

197 4891 208 4912 ι
224 4889 310 4940 μενοι,
325 4867 441 4928 Ἔπειτα
454 4873 548 4929 ἐκεῖνοι
564 4869 611 4945 μέν
625 4871 678 4936 ἐνὸς
693 4874 740 4930 οὐκ
752 4872 864 4948 ἤνεγκαν
880 4873 975 4931 ἀκολά-

196 4977 208 5000 ιι
225 4974 285 5010 στου
300 4959 449 5034 μειρακίου,
464 4958 620 5037 τυραννικὴν
633 4958 708 5036 ύύριν
722 4963 757 5025 εἰς
772 4961 798 5016 ἓν
811 4965 889 5036 σῶμα
902 4959 974 5019 tiet-

197 5064 208 5083 ιι
226 5044 297 5115 θερον
313 5046 472 5119 γενομένην,
488 5050 561 5121 ὑμεῖς
577 5045 603 5103 δὲ
623 5045 804 5126 πολυκέφαλον
819 5049 973 5126 τυραννίδα,

195 5151 207 5176 ι
223 5126 297 5205 πόση
319 5132 471 5211 παρανομίᾳ
487 5157 515 5191 τι
541 5133 586 5190 καί
606 5133 730 5212 ἀσελγείᾳ
752 5134 892 5213 χρωμένην
901 5185 910 5211 ,
926 5137 971 5196 καὶ

1036 887 1204 953 ιρτωῑεείἰί)
1225 888 1270 939 sed
1294 902 1340 953 per
1364 889 1496 939 maximam
1517 887 1665 938 violentiam
1687 887 1826 952 imperinm

1034 996 1046 1019 ι
1064 976 1112 1026 sibi
1147 981 1265 1042 usurpant
1286 976 1369 1037 nobis,
1399 980 1517 1039 tanquam
1543 973 1694 1025 mulieribus
1727 988 1824 1040 magna

1036 1085 1048 1109 ιι
1063 1064 1167 1128 ignaviae
1178 1068 1203 1114 et
1223 1064 1334 1115 mollitiei
1356 1063 1486 1115 damnatis.
1520 1064 1585 1127 Ergo
1602 1063 1745 1127 unicuique
1766 1079 1824 1114 res·

1036 1170 1049 1199 ιι
1065 1156 1132 1203 trum
1144 1154 1244 1204 veniam
1260 1154 1286 1204 in
1302 1156 1411 1205 mentem
1428 1167 1471 1210 ea,
1487 1164 1544 1216 que
1555 1155 1581 1202 et
1599 1152 1654 1216 ipse
1668 1156 1710 1203 est
1723 1167 1823 1216 passus,

1036 1257 1048 1287 ι
1062 1245 1087 1292 et
1098 1241 1212 1305 quescit
1230 1241 1293 1291 alios
1311 1255 1365 1293 esse
1377 1255 1522 1307 perpessos,
1541 1254 1570 1292 ae
1585 1241 1676 1303 siquis
1692 1246 1822 1293 uestrum.

1035 1340 1049 1365 ιι
1065 1321 1188 1384 aliquibus
1203 1322 1381 1386 uoluptatibus,
1405 1327 1450 1373 aut
1465 1321 1602 1380 benefieiis,
1617 1322 1652 1372 ab
1672 1323 1705 1374 lis
1723 1327 1822 1388 eaptus,

1036 1418 1048 1447 ιι
1063 1415 1112 1451 nou
1134 1401 1250 1452 tormidet
1264 1401 1471 1464 deoemriratum,
1489 1415 1536 1453 nee
1547 1405 1651 1453 veretur
1666 1418 1698 1455 ne
1713 1404 1766 1455 ullo
1779 1417 1824 1454 na·

1036 1502 1048 1525 ιι
1064 1495 1141 1547 quam
1159 1483 1276 1547 temporis
1291 1496 1422 1547 pmgressn
1437 1483 1593 1534 calamitates
1609 1496 1637 1535 se
1663 1498 1768 1550 quoque
1783 1485 1821 1534 in·

1036 1564 1172 1625 «raduni,
1193 1565 1241 1622 ille,
1261 1564 1302 1616 unt
1321 1566 1431 1630 cognorit
1450 1565 1476 1616 in
1502 1566 1615 1630 tyrannis
1636 1568 1731 1618 nullam
1765 1582 1821 1618 esse

1036 1666 1048 1694 ιι
1061 1647 1143 1707 tidem,
1165 1662 1278 1713 nequea
1303 1650 1445 1713 putentibus
1466 1649 1647 1700 benevolentias
1678 1664 1768 1701 caussa
1795 1651 1820 1700 in

1035 1751 1046 1771 ιι
1064 1730 1161 1793 aliquos
1181 1729 1299 1781 beneficia
1324 1734 1348 1782 et
1374 1736 1464 1782 caetera
1487 1730 1571 1781 omnia
1589 1730 1733 1793 huiusmodi
1763 1746 1822 1781 ιοιι-

1037 1829 1048 1850 ι
1067 1808 1133 1869 terri,
1151 1808 1299 1858 sententiam
1327 1811 1429 1859 mutet:
1453 1812 1529 1872 atque
1554 1821 1644 1859 omnes
1664 1823 1715 1859 uun
1736 1823 1780 1859 ore
1796 1815 1821 1860 et

1036 1913 1048 1935 ι
1063 1893 1187 1945 οοιιιιιιυιιί
1200 1907 1320 1944 consensu
1330 1893 1436 1957 patrium
1448 1905 1464 1942 a
1474 1893 1588 1955 tyrannis
1602 1893 1716 1954 liberate,
1736 1896 1762 1944 in
1771 1908 1821 1960 qua

1039 1995 1052 2020 ι
1068 1979 1093 2026 et
1109 1976 1211 2027 deorum
1225 1978 1317 2041 templa
1329 1980 1387 2027 sunt
1400 1978 1538 2037 exstructa,
1547 1981 1574 2027 et
1591 1983 1755 2027 monumenta
1764 1992 1820 2029 ma-

1036 2076 1048 2101 ιι
1060 2058 1151 2122 jorum,
1161 2059 1204 2122 qui
1212 2059 1321 2109 seeundo
1331 2060 1385 2110 loeo
1401 2062 1459 2123 post
1467 2057 1528 2111 deos
1539 2073 1555 2111 a
1568 2060 1641 2113 uobis
1652 2060 1819 2121 honorantur,

1036 2158 1049 2183 ιι
1063 2143 1092 2190 ut
1103 2143 1132 2190 ta
1142 2154 1194 2204 qua
1212 2145 1273 2193 sunt
1287 2144 1369 2205 patres
1386 2154 1473 2203 senes,
1483 2141 1527 2206 qnl
1542 2142 1697 2195 edumduun
1713 2144 1817 2208 proemia

1036 2241 1049 2265 ι
1062 2222 1140 2272 multa
1149 2226 1223 2287 atque
1234 2222 1286 2272 suis
1298 2222 1425 2274 laboribus
1445 2223 1517 2287 digua
1530 2229 1677 2289 reposcunt,
1690 2228 1716 2275 et
1728 2224 1814 2284 muju-

1036 2324 1048 2348 ιι
1064 2319 1107 2368 ges
1118 2304 1225 2367 legitime
1236 2305 1308 2356 robis
1315 2308 1480 2377 desponsatas,
1487 2309 1512 2357 et
1521 2306 1577 2359 tiliae
1584 2308 1808 2369 nubiles,quarum

1036 2408 1048 2433 ιι
1064 2403 1113 2439 non
1132 2404 1208 2454 parva
1223 2404 1284 2440 eura
1296 2390 1337 2450 iis,
1349 2404 1424 2455 penes
1438 2404 1502 2456 qnos
1521 2395 1589 2453 sunt,
1603 2393 1706 2456 gerenda
1714 2393 1765 2450 est,
1781 2392 1809 2439 et

1037 2493 1049 2517 ι
1063 2473 1158 2524 soboles
1175 2474 1282 2523 liliorum
1303 2475 1418 2535 marium,
1442 2476 1532 2538 quibus
1544 2475 1597 2536 jara
1617 2476 1712 2523 uatum
1727 2471 1809 2535 maio·

1036 2576 1049 2600 ι
1066 2569 1121 2605 rum
1139 2555 1269 2607 debentur.
1303 2559 1364 2607 Nam
1379 2556 1468 2608 domos
1493 2559 1520 2609 et
1535 2554 1689 2607 nmalltuta
1713 2551 1814 2619 praedia

1035 2668 1047 2692 ι
1062 2652 1088 2699 et
1101 2647 1234 2712 ρεοοοῖαε,
1258 2649 1344 2699 multis
1370 2646 1498 2699 laboribus
1515 2661 1531 2698 a
1546 2646 1680 2712 maioribus
1697 2638 1726 2696 et
1743 2643 1818 2695 robis

1035 2751 1047 2774 ι
1062 2730 1122 2795 ipsis
1140 2732 1268 2794 quesitas,
1287 2731 1384 2782 silentiu
1394 2733 1517 2794 praetereo
1533 2747 1540 2780 :
1559 2741 1667 2795 qnorum
1681 2728 1744 2779 nibil
1760 2742 1819 2779 rou·

1035 2836 1047 2859 ι
1061 2817 1156 2866 stanter
1168 2815 1293 2880 possidere
1312 2814 1382 2865 vobis
1393 2813 1485 2875 licebit,
1499 2814 1619 2878 quamdin
1628 2812 1678 2864 snb
1691 2812 1821 2877 tyrannico

1035 2918 1048 2940 ιι
1060 2895 1257 2947 decemviromm
1267 2895 1395 2945 dominatu
1408 2894 1486 2946 eritis.

1069 3007 1130 3056 xLl.
1143 3025 1155 3051 ι
1170 3007 1224 3055 lton
1239 3007 1276 3054 est
1286 3004 1461 3068 pmdentinm,
1477 3017 1558 3068 neque
1569 3016 1748 3069 generosorum
1770 3003 1819 3054 bo·

1035 3113 1046 3136 ιι
1063 3094 1168 3155 minum,
1184 3107 1223 3143 res
1236 3093 1328 3144 alienas
1344 3092 1489 3144 tortitudine
1499 3105 1627 3157 quarere,
1642 3096 1669 3144 et
1687 3093 1739 3156 pati
1761 3105 1821 3143 snas

1035 3205 1046 3226 ι
1064 3196 1106 3246 per
1125 3184 1248 3246 ignavium
1261 3182 1360 3232 amitti:
1382 3186 1457 3246 atque
1472 3196 1529 3231 unm
1542 3182 1637 3245 AEquis,
1648 3183 1758 3242 t'utseis,
1774 3185 1819 3231 Sa·

1034 3290 1046 3313 ιι
1063 3270 1136 3331 binis,
1144 3271 1287 3321 etomnibus
1297 3270 1408 3320 finitimis
1419 3270 1533 3334 gentibus
1540 3282 1585 3332 pro
1596 3269 1739 3333 prineipatu
1747 3269 1820 3319 etdo·

1037 3383 1049 3406 ιι
1064 3364 1158 3413 minatn
1172 3363 1236 3413 bella
1246 3362 1362 3412 diutnmu
1375 3362 1526 3425 assiduaque
1538 3375 1632 3427 gerere,
1644 3363 1687 3413 sed
1698 3362 1819 3412 adversus

1035 3475 1046 3495 ιι
1064 3470 1115 3513 eos,
1127 3454 1170 3516 qni
1183 3453 1253 3503 vobis
1270 3457 1360 3516 praeter
1372 3452 1438 3516 leges
1448 3452 1581 3516 imperant,
1595 3465 1664 3501 arma
1676 3464 1723 3515 pro
1736 3451 1818 3501 salute

1036 3561 1047 3584 ιι
1064 3545 1090 3592 et
1099 3541 1212 3591 libertate
1230 3543 1313 3590 vestra
1330 3554 1419 3604 capere
1435 3540 1508 3591 nolle.
1542 3539 1607 3599 Quin
1620 3540 1716 3603 patrios
1724 3539 1821 3588 animnos

1034 3650 1046 3672 «
1064 3630 1202 3680 resumitis?
1219 3629 1278 3692 quin
1293 3628 1363 3679 vobis
1376 3629 1400 3676 in
1416 3631 1524 3678 mentem
1534 3627 1602 3677 uenit
1618 3628 1699 3676 virtus
1715 3627 1818 3692 majori·

1040 3739 1047 3763 ι
1061 3721 1108 3770 bns
1121 3721 1201 3784 dignu,
1217 3717 1262 3783 qui
1276 3716 1308 3767 ob
1325 3717 1439 3780 injuriam
1457 3718 1488 3766 ab
1503 3730 1551 3766 nno
1568 3714 1700 3780 Tarquinii
1712 3714 1820 3766 tilionni

1035 3829 1046 3850 ιι
1062 3808 1159 3857 mulieri
1175 3808 1278 3865 illatam,
1302 3810 1328 3855 et
1343 3818 1399 3867 ηοω
1418 3805 1450 3855 ob
1461 3804 1528 3855 illam
1540 3803 1708 3854 calamitatem
1726 3817 1821 3855 manus

1035 3919 1046 3938 ιι
1062 3896 1106 3946 sibi
1130 3896 1175 3958 ipsi
1196 3896 1322 3956 attulerat,
1340 3894 1401 3944 ade)
1415 3893 1447 3943 ob
1459 3892 1553 3943 cladem
1575 3891 1643 3941 illam
1662 3892 1785 3958 indignati
1794 3897 1821 3946 et

1035 4007 1046 4027 ιι
1061 3986 1199 4048 exasperati
1219 3987 1291 4042 sunt,
1305 3997 1408 4046 eamque
1419 3981 1592 4032 contumeliam
1604 3980 1723 4031 omnibus
1744 3997 1821 4033 eom-

1036 4086 1164 4122 «munem
1195 4071 1335 4131 duxerunt,
1367 4074 1396 4121 ut
1419 4083 1467 4119 non
1490 4069 1570 4118 solnm
1596 4070 1762 4132 Tarquinium
1790 4086 1822 4123 ex

1033 4183 1045 4207 ι
1063 4163 1124 4213 urbe
1137 4163 1286 4228 expulerint,
1301 4162 1344 4213 sed
1359 4162 1432 4213 etiam
1446 4160 1540 4225 regium
1555 4160 1712 4211 dominatum
1728 4168 1818 4213 sustu-

1032 4279 1044 4303 ιι
1060 4259 1140 4319 lerini,
1155 4263 1180 4308 et
1201 4258 1364 4322 inposterum
1386 4256 1520 4316 vetuerint,
1538 4269 1568 4305 ne
1585 4255 1641 4317 uuis
1662 4260 1818 4318 perpetuum

1033 4367 1044 4388 ιι
1063 4349 1192 4410 imperium
1206 4351 1231 4395 et
1247 4347 1321 4396 mallis
1344 4345 1473 4395 reddendis
1489 4344 1625 4394 rationibus
1642 4342 1783 4394 obnoxium
1795 4346 1819 4394 in

1032 4458 1043 4479 ιι
1060 4442 1181 4487 Rornnuus
1200 4440 1309 4498 gereret;
1331 4436 1424 4498 ipsique
1444 4434 1616 4495 gravissimum
1636 4434 1819 4495 jusjurandum

1032 4548 1042 4565 ιι
1060 4526 1143 4583 jurati,
1156 4525 1310 4587 posterisque
1321 4523 1388 4571 (liras
1402 4522 1602 4584 irnprecetioues,
1614 4519 1635 4568 si
1648 4520 1712 4581 qnid
1727 4526 1820 4571 contra

1032 4635 1041 4655 ιι
1061 4613 1115 4661 hmo
1137 4613 1265 4674 iecissent,
1284 4613 1427 4676 imprecati?
1443 4613 1472 4658 Et
1486 4611 1519 4659 illi
1532 4610 1605 4658 unius
1623 4609 1819 4672 intemperantis

1032 4722 1043 4744 ι
1060 4700 1222 4751 adolescentis
1246 4702 1397 4765 tyrannicam
1423 4700 1537 4761 injuriam
1563 4699 1676 4759 ingenuae
1700 4713 1818 4761 persuum

1030 4817 1041 4838 ιι
1057 4796 1149 4844 illatam
1177 4810 1224 4844 non
1253 4796 1379 4856 tulerunt,
1408 4810 1453 4844 vos
1486 4808 1543 4843 reru
1567 4793 1650 4843 teretis
1675 4795 1816 4845 multorum

1030 4904 1041 4926 ιι
1057 4883 1164 4946 οορίίοιιι
1177 4884 1343 4945 tyrannidem,
1357 4884 1421 4933 omni
1436 4881 1564 4947 iniquitate
1581 4885 1606 4931 et
1623 4880 1724 4933 libidine
1738 4886 1813 4935 uten-

1030 4993 1041 5013 ιι
1059 4975 1122 5030 lem,
1146 4975 1171 5021 et
1189 4972 1212 5021 in
1227 4978 1352 5035 posterum
1361 4975 1438 5022 mutto
1450 4971 1542 5031 majore
1557 4984 1672 5026 usurum,
1698 4971 1719 5020 si
1745 4987 1815 5023 nunc

1031 5082 1041 5101 ιι
1056 5062 1133 5124 ipsam
1153 5061 1294 5125 patiamini?
1307 5064 1360 5112 iton
1374 5061 1435 5113 mibi
1452 5061 1495 5111 soli
1515 5060 1561 5110 tuit
1576 5059 1632 5119 iulia,
1649 5073 1706 5122 ηοω
1731 5061 1814 5111 torma

1000 5186 1002 5194 .
1030 5170 1042 5191 «
1057 5155 1160 5200 etetems
1183 5154 1326 5213 superaret,
1347 5164 1421 5213 quom
1444 5150 1537 5213 appius
1565 5150 1648 5211 aperte
1667 5148 1763 5200 violare
1788 5154 1815 5201 et
