3772 5828
210 323 268 381 iss

209 453 359 602 κινοίμενογ
383 452 426 511 ἐπὶ
441 455 495 521 τοῖς
511 450 698 531 λεγομενοις
673 476 704 511 το
726 452 871 534 συνέδριον,
894 456 924 513 ἔκ
942 459 988 514 τοῦ

208 567 236 600 τι
238 543 398 647 θαρρηκότος
423 541 523 614 666
500 564 530 599 το
557 540 647 600 λοιπὸν
673 540 855 623 ἐξύραινε”
819 566 872 601 των
894 543 990 621 λόγων·

209 632 314 692 «fl
286 656 313 691 οε
327 656 394 699 τινες
409 618 533 707 ύιιων
514 653 536 686 ω
560 629 712 708 βουλευταὶ,
727 628 832 737 λέγων,
848 633 991 710 ταράττον·

212 749 224 774 ιι
241 745 286 778 ται
296 721 452 794 ,δοκοῦντες
466 717 522 785 ἔθος
543 718 657 798 εἰσάγειν
675 718 788 799 πονηρὸν
807 723 845 787 είς
866 719 915 792 τὴν
938 720 989 780 πά-

213 834 225 858 ιι
242 808 299 879 λιν,
315 807 360 865 ἐάν
383 831 420 886 τῳ
400 806 514 887 δήμῳ
536 804 727 886 συγχωρήσητε
748 811 834 887 ψῆφον
857 807 989 889 ίιτιρίριιν

213 923 224 947 ιι
242 896 312 954 κατὰ
332 900 384 955 τῶν
404 893 571 973 πατρικίων,
592 896 638 953 καὶ
654 894 696 954 ἐπ’
709 896 790 954 οὐδενί
808 897 898 977 ἀγαθῷ
913 898 988 974 νομί·

212 1012 225 1037 ιι
246 990 317 1055 ζουσι
340 985 387 1057 τὴν
413 988 465 1044 τῶν
482 985 628 1065 δημάρχων
652 983 769 1054 δξουσίαν
788 986 889 1059 πολλὴν
912 985 988 1067 lepte

212 1100 224 1124 ιι
241 1072 374 1132 λαθοῦσαν
399 1071 573 1150 γινήσισθαι,
601 1070 806 1149 μαθίτωσαν(
792 1073 988 1152 αμαρτάνοντις

213 1180 225 1203 ι
243 1159 289 1224 τῆς
305 1154 390 1226 δόξης,
407 1158 452 1216 καὶ
471 1159 627 1232 τάναντίαῆ
645 1161 702 1246 [τά]
714 1164 992 1244 προσήκονταύπειλη·

160 1261 185 1300 to
212 1267 225 1293 ιι
242 1242 326 1321 ρύτες.
351 1245 372 1302 F
375 1244 435 1301 l
401 1267 452 1324 γαρ
468 1270 492 1304 τι
509 1249 554 1307 καλ
574 1248 639 1309 ἀλλο
662 1254 794 1331 σωτηρίας
813 1255 896 1315 αίτιον
917 1256 992 1319 ἔσται

210 1362 273 1416 ιτη
255 1339 416 1396 Nerola
383 1340 446 1417 τηδι
470 1338 515 1397 καλ
537 1343 583 1398 τοῦ
608 1339 779 1416 μηδίιτοτιτ
763 1341 812 1413 ἡτν
837 1342 985 1424 ίλευθερίαν

210 1454 224 1481 ι
239 1427 307 1503 μήτε
322 1427 370 1498 τὴν
391 1426 468 1505 ἰσχὺν
491 1431 682 1508 ἀφαιρεθῆναι,
711 1434 872 1507 ὁμονοοῦσαν
895 1432 922 1490 66
946 1432 986 1492 iri

209 1542 222 1567 ιι
241 1517 286 1576 καλ
301 1524 351 1596 μιᾷ
365 1515 457 1594 γνώμη
473 1517 533 1596 περί
548 1517 654 1576 πάντων
677 1520 818 1599 χρωμένην
839 1523 982 1600 διατελεῖν,

209 1630 222 1657 ιι
239 1607 348 1680 θδῆμος
368 1605 522 1671 αἰτιώτατος
536 1604 611 1665 ίσται
631 1610 866 1691 συμπαραληφθεὶς
893 1610 937 1670 ἀτί
951 1611 984 1671 ei

157 1716 179 1756 le
209 1721 222 1747 ιι
238 1693 393 1773 πράγματα·
412 1695 457 1752 καὶ
480 1693 509 1752 τὸ
529 1694 567 1769 μὴ
586 1696 649 1772 μίαν
674 1687 805 1768 εἶναιτὴν
836 1700 983 1760 διοικοῦσαν

209 1809 222 1834 ιι
240 1779 274 1840 rt
292 1781 366 1842 κοινδι
380 1784 515 1843 πολιτιίαν
529 1783 644 1865 άκριιτον
663 1786 731 1864 μήτε
746 1789 893 1869 μοναρχίαν
915 1788 982 1867 μήτε

209 1898 222 1922 ιι
238 1873 394 1952 ὀλιγαρχίαν
410 1872 478 1949 μήτε
501 1874 700 1952 δημοκρατίαν,
720 1877 788 1936 ἀλλά
806 1877 854 1949 τήν
887 1878 983 1954 μικτὴν

208 1986 221 2013 ιι
238 1959 265 2029 ίξ
280 1961 389 2020 ἀπασῶν
405 1961 503 2020 τούτων
520 1962 702 2038 κατάστασιν,
720 1971 797 2024 τοῦτο
814 1966 879 2045 ὑπὲρ
895 1967 983 2026 πάντα

208 2075 220 2101 ι
238 2055 309 2124 ἡμᾶς
324 2049 465 2129 ἀμελήσει.
511 2048 615 2131 Ῥᾷστα
629 2052 679 2131 γάρ
693 2055 727 2119 είς
739 2052 826 2132 θύραις
839 2054 981 2127 ἀτοσκήπ·

153 2154 179 2195 20
208 2163 221 2188 ιι
241 2159 281 2195 τει
302 2137 347 2195 καὶ
360 2138 526 2247 παρανομίας
548 2139 648 2198 τούτων
662 2139 771 2199 ἕκαστον
786 2145 838 2200 τῶν
854 2145 983 2203 πολιτευ-

208 2225 330 2302 ιιμάτων
355 2226 418 2283 αὐτὸ
443 2230 504 2285 καθ’
529 2229 608 2286 ίαυτδ
633 2227 781 2334 γινόμινον.
836 2230 924 2292 Ὅταν
954 2218 1052 2294 δί’ί

209 2315 403 2392 ιάινακιρασθῇ
428 2314 514 2374 πάντα
531 2316 659 2396 μετρίως,
682 2317 712 2377 et
726 2326 888 2399 παρακινοῦν
904 2321 981 2403 μίρσς

208 2428 221 2455 ι
238 2401 289 2461 alet
312 2401 356 2461 καὶ
386 2401 508 2463 ἐκδαῐνον
535 2408 565 2463 lx
590 2411 637 2465 τοῦ
661 2405 785 2478 συνήθους
805 2411 906 2487 κόσμου
930 2413 981 2473 tet

207 2517 220 2543 ιι
238 2496 283 2549 τοῦ
297 2497 492 2573 σωφρονοῦντος
510 2494 555 2553 καὶ
576 2492 698 2572 μίνοντος
711 2499 737 2556 ἀν
750 2507 804 2566 τοῖς
819 2501 891 2569 ίοιοις
904 2501 938 2575 6
941 2524 980 2561 ror

152 2595 177 2635 ab
207 2607 219 2632 ιι
239 2583 415 2661 κατείργεται.
429 2584 571 2664 Μοναρχία
586 2584 635 2660 μὲν
658 2585 720 2662 ὠμὴ
737 2588 783 2646 καλ
805 2590 919 2664 αὐθάδης
937 2614 980 2668 γι·

206 2695 220 2722 ιι
237 2675 344 2740 νηθιῑσα
360 2670 406 2729 κοιλ
418 2672 560 2751 τυραννικά
574 2671 676 2732 διιίικιιν
692 2674 828 2754 ἀρξαμίνη
850 2679 978 2758 micips-

206 2784 218 2807 ιι
237 2781 286 2829 τοι,
301 2758 345 2815 ὑπ’
366 2761 468 2870 ἀνδρῖρν
492 2760 587 2839 ὀλίγων
612 2760 658 2820 καλ
681 2764 786 2841 ἀγαθῶν
811 2767 978 2829 καταλύεται.

207 2873 218 2896 ιι
238 2843 379 2925 ’ολιγαρ’
337 2870 397 2927 ρχια
425 2848 452 2907 66
477 2850 558 2907 lx
523 2873 576 2908 των
596 2849 711 2931 ἀρίστων
736 2857 837 2935 ἀνδρῶν
855 2880 980 2932 συνιστη-

207 2942 296 2992 ιικυῑοι
302 2924 337 3008 ,6
358 2942 459 3015 χρῆσθα
480 2939 526 2997 καί
550 2941 708 3016 ύμιῑςνυνλ,
724 2941 786 3001 ὅταν
805 2945 910 3026 πλούτῳ
934 2947 980 3006 καὶ

150 3040 219 3080 ³0«
213 3022 361 3103 ιίταιρίαις
376 3026 546 3104 ἐπαρθεῖσα
531 3028 697 3102 δικαιοσύνης
710 3031 800 3089 καθ’
767 3055 814 3103 της
827 3033 966 3105 άλληςἐ
921 3059 966 3116 αρε
969 3069 981 3082 ·

212 3115 281 3183 ιτῆς
294 3113 394 3190 μηθένα
407 3118 487 3184 ποιῆτ
490 3117 639 3192 οιιλύγον,
629 3117 680 3176 ιτδ
693 3119 823 3201 δήμουγρ
810 3122 916 3199 ρσνίμου
931 3147 979 3182 κα-

205 3201 369 3259 ιι.ταλύεται
404 3206 493 3279 Δῆμος
514 3203 541 3262 δὲ
568 3211 726 3319 σωρρρνιῖιν
732 3209 778 3267 καί
791 3212 860 3269 κατα
884 3210 980 3288 νόμους

204 3290 433 3367 «πολιτευόμενος
443 3336 451 3363 ,
463 3290 551 3349 δταν
537 3301 664 3372 ακοσμεῖν
680 3296 726 3404 άρς
728 3322 791 3370 ηται
801 3300 847 3358 καλ
862 3326 979 3380 παρανο

203 3387 292 3488 ιιμιῐν
308 3379 359 3438 ὑπὸ
386 3385 432 3440 τοῦ
451 3382 590 3459 κρατίστου
613 3388 705 3493 ἀνδρὸς
732 3388 777 3470 βία
802 3393 979 3471 καταληφθεὶς

148 3497 174 3536 ην,
204 3469 391 3528 ιιδικαιοῦται.
436 3468 593 3546 (λμῖνδὲ,
618 3499 640 3531 ω
664 3476 764 3587 βουλὴ,
780 3479 848 3554 μονά
851 3481 976 3559 ρχουμίν

203 3558 257 3613 ιε’
248 3555 349 3623 ζουσίας
362 3555 405 3614 ἵνα
420 3557 456 3632 μὴ
472 3559 592 3637 τυραννὶς
606 3560 771 3639 γένηται,τά
787 3567 883 3625 δυνατά
899 3568 977 3647 εὕρη-

203 3667 277 3701 ιιτιιι
295 3645 460 3721 βοηθηματα.
505 3648 558 3707 Δύο
578 3648 668 3731 τεγάρ
683 3653 767 3708 ἀνθ’
756 3653 977 3726 ινδςάιτοδείξαν-

203 3756 275 3799 ιτες
288 3757 334 3803 της
349 3733 449 3800 πόλεως
469 3737 590 3816 κυρίους,
607 3740 651 3796 καλ
673 3739 773 3808 τούτοις
787 3745 834 3801 οὐκ
856 3745 975 3823 ἀόριστον

203 3849 215 3873 ιι
232 3821 551 3903 γρόνονέπιτρέψαντεςέ
552 3826 707 3905 peros6rr’
693 3852 732 3908 οιρ·
727 3828 796 3905 μὴν,
811 3832 870 3888 ἀλλ’
889 3833 974 3892 taei-

203 3936 216 3959 ιι
234 3931 305 3983 σιον,
330 3909 401 3969 οὐδὲν
425 3903 502 3982 ἦττον
539 3913 708 3974 ἀποδείκνυτε
713 3854 854 4029 ρρύλοικρις
888 3923 973 3981 αὐτῶν

203 4021 216 4044 ιι
233 4000 395 4070 τριακοσίους
409 3999 502 4078 ἀνδρας
518 4002 597 4058 ἐκ
562 4025 614 4059 των
628 4005 773 4079 πατρικίων
790 4005 849 4072 τοὺς
864 4010 971 4086 κρατίσ·

204 4109 216 4132 ιι
233 4105 291 4148 τους
312 4109 339 4143 τε
360 4087 455 4146 καὶπ
458 4084 731 4166 ρεσθυτάτοιις,ἐξΤ
713 4117 748 4151 ων
773 4092 820 4163 ἥδε
848 4100 864 4166 6
891 4100 972 4175 βουλὴ

203 4199 215 4222 ιι
233 4171 399 4244 συνέστηκεν
420 4178 533 4252 ὑμῶνδε
547 4202 643 4251 αυτων,
658 4177 746 4237 ίνα
713 4205 809 4258 ιιενητι
823 4187 896 4241 ἔν
863 4209 899 4244 τω
912 4211 975 4299 πρρ-

202 4288 214 4311 ιι
235 4284 342 4329 σηκοντι
363 4262 468 4343 κόσμω,
503 4268 622 4347 φυλακὴν
656 4271 778 4343 οὐδεμίαν
804 4274 866 4352 άχρι
899 4280 972 4338 τοῦδε

162 4378 172 4412 a
203 4377 214 4399 ιι
233 4349 353 4458 μαίνεσθε
368 4353 549 4427 πεποιημένοι.
593 4358 647 4417 Καί
670 4382 730 4437 περι
720 4359 822 4435 μίν
813 4386 885 4438 υυιιιιν
901 4389 975 4425 ουτω

203 4465 214 4488 ιι
234 4437 330 4509 ἔδεισα,
344 4442 379 4511 μή
396 4441 507 4520 διαρθαρ
508 4448 556 4514 6rs
566 4446 613 4511 τὰς
626 4383 761 4514 διανοίας
752 4449 804 4508 υτό
814 4476 841 4509 τε
854 4455 976 4533 μεγέθους

202 4554 214 4577 ιι
234 4528 278 4583 καὶ
293 4527 404 4598 πλήθους
421 4467 539 4637 ἀγριθίιν,
553 4535 578 4592 οἳ
595 4538 743 4613 τυραννίδος
757 4563 785 4598 τε
801 4546 973 4623 πολυχρονίου

202 4643 213 4665 ιι
231 4614 357 4685 λλιοθεά
312 4638 426 4691 ιριικατε
437 4615 484 4686 τὴν
501 4620 602 4678 πόλιν
589 4645 714 4737 εναγγος,
727 4627 772 4685 καὶ
789 4628 862 4687 οὕτω
878 4632 976 4741 σχολὴγ

202 4731 214 4754 ιι
233 4702 364 4813 ἐσχήκριτε
353 4703 413 4760 o6⁰
400 4728 440 4781 p
433 4704 493 4772 ίζειν
504 4708 550 4763 καὶ
565 4734 595 4788 τρ
582 4722 664 4792 ρυρᾶν
677 4714 720 4772 διδι
732 4715 788 4782 τοὺς
804 4730 919 4798 συνεχεῖς
931 4722 976 4779 καί

145 4825 154 4857 5
202 4820 214 4841 ιι
233 4789 500 4871 μακροὺςπολέμους·
516 4818 548 4853 πε
539 4798 674 4874 ιρὶδδ
639 4825 691 4858 τιιιν
716 4810 762 4878 μεθ
765 4808 892 4882 ὑμᾶς’
881 4809 975 4884 εσομέ-

203 4905 214 4925 ιι
235 4902 301 4949 νων,
330 4878 519 4955 ἐνθυμούμενος
550 4883 657 4990 δραςδ
685 4891 784 4968 μακρὸς
809 4895 920 4952 αἰὼν
906 4870 936 4975 μί
939 4919 976 4972 ρει

203 4989 214 5008 ιι
234 4965 344 5037 μεταίολ
344 4964 431 5031 ιὛάς
404 4968 469 5025 οεδο·
465 4992 507 5026 κα
516 4972 576 5046 ,μή
591 4998 617 5031 τι
636 4999 863 5054 παρακινησαντις
887 4985 946 5040 οί
933 5000 976 5040 ου·

203 5078 214 5099 ιι
232 5074 278 5105 να
271 5053 302 5108 οὶ
319 5057 367 5108 οἱ
357 5077 386 5109 εκ
402 5061 447 5112 τοῦ
463 5059 610 5137 συνεδρίου,
632 5063 790 5121 λάθωσιν
768 5089 803 5131 εις
826 5071 972 5150 μοναρχίαν

229 5138 360 5198 τὸπολίτι·
362 5162 416 5212 υμα
432 5148 636 5222 περιστήσαντες
646 5171 811 5222 τυραννικην.

734 317 904 381 DlONYSll
930 319 1307 387 aatlcnatlnsststlsts

1045 464 1155 515 oratione
1171 471 1336 529 commotum,
1353 472 1411 519 tuae
1422 469 1514 520 maiore
1528 484 1584 520 curu
1597 474 1750 526 confidentia
1762 476 1830 540 loqui

1045 552 1146 617 eoepit:
1162 573 1174 596 ιι
1188 553 1260 610 Quod
1274 554 1296 604 sl
1310 555 1354 618 qui
1364 558 1489 616 restrum,
1509 558 1596 608 Patres
1614 562 1754 625 conscripti
1771 565 1829 626 (iu-

1045 658 1058 683 ι
1074 639 1147 706 quit)
1168 642 1352 706 perturbantur,
1373 643 1543 696 existimantes
1569 659 1669 705 pravam
1686 658 1830 703 consuetu·

1046 746 1058 771 ι
1073 727 1156 780 dinem
1171 727 1197 778 in
1217 730 1393 793 rempublicam
1410 730 1511 791 induci,
1528 731 1550 781 si
1564 732 1628 794 plebi
1649 737 1830 798 permiseritis,

1046 832 1058 856 ι
1072 815 1101 863 ut
1111 810 1232 875 sutfragia
1245 815 1330 863 ooutra
1343 813 1459 877 patricios
1477 815 1556 873 terat;
1571 821 1597 867 et
1616 817 1772 869 tribunitiam
1786 835 1831 886 po

1044 919 1057 944 ι
1074 902 1203 960 testatem,
1219 898 1240 948 si
1253 899 1292 950 ris
1301 899 1353 950 cius
1366 914 1454 965 magua
1468 903 1501 953 sit
1514 941 1521 962 ,
1534 903 1594 954 nihil
1611 905 1667 955 boni
1683 907 1829 970 reipublicae

1045 987 1200 1039 allaturam
1214 986 1380 1049 arbitrantur;
1404 990 1483 1040 sciant
1506 990 1552 1049 illi,
1573 1005 1599 1040 se
1620 993 1734 1056 opinione
1759 995 1825 1055 lallr,

1044 1097 1057 1122 ι
1070 1090 1147 1141 seque
1174 1078 1272 1135 eontra,
1297 1087 1371 1139 quam
1393 1076 1522 1138 ooureuit,
1548 1079 1675 1143 suspicari.
1720 1084 1784 1134 itam
1807 1085 1827 1134 si

1043 1177 1056 1202 ιι
1072 1155 1208 1221 quidquam
1225 1153 1292 1205 aliud
1310 1155 1420 1204 conterre
1441 1158 1533 1220 poterit
1549 1157 1581 1208 ad
1597 1157 1671 1209 butus
1684 1163 1827 1226 reipublicae

1043 1264 1056 1290 ι
1073 1245 1187 1307 odotem,
1203 1248 1278 1310 atque
1290 1242 1322 1293 ad
1336 1243 1474 1295 libertatern
1491 1258 1521 1295 ac
1533 1249 1667 1311 potentiam
1682 1250 1736 1300 eius
1752 1254 1824 1302 tuen·

1042 1351 1055 1376 ι
1068 1332 1140 1394 dam,
1150 1334 1176 1382 el
1188 1331 1220 1382 ad
1231 1344 1388 1383 communem
1400 1331 1510 1383 omnium
1525 1335 1681 1385 concordiam
1693 1341 1719 1387 et
1728 1339 1824 1390 animo·

1041 1432 1124 1469 «rum
1139 1417 1336 1470 coniunctionem
1359 1419 1386 1468 in
1400 1418 1469 1470 hisce
1491 1419 1564 1468 rebus
1578 1426 1696 1486 perpetuo
1721 1438 1822 1476 conscr-

1041 1526 1054 1551 ι
1069 1506 1191 1568 eandam,
1212 1509 1278 1557 certe
1291 1505 1345 1571 ipsa
1359 1504 1428 1571 plebs
1440 1505 1489 1556 boc
1503 1506 1657 1571 potissimum
1676 1512 1822 1576 praestabit,

1040 1597 1089 1648 asi
1107 1597 1139 1648 ad
1160 1596 1303 1661 reipublice
1329 1594 1569 1647 administrationem
1588 1603 1699 1649 assumta
1723 1601 1820 1651 tuerit:

1041 1705 1054 1729 ιι
1068 1689 1094 1736 et
1119 1686 1141 1737 si
1169 1700 1252 1736 rerum
1284 1683 1522 1737 administrationem
1558 1685 1594 1737 ila
1616 1687 1818 1752 temperavimus,

1039 1799 1051 1821 ι
1066 1781 1096 1830 ut
1113 1793 1159 1830 aec
1174 1792 1249 1844 penes
1272 1792 1349 1828 unum
1371 1789 1417 1827 nea
1440 1787 1516 1839 penes
1537 1774 1604 1825 solos
1625 1774 1754 1839 optimates
1773 1788 1819 1825 nec

1041 1890 1054 1912 ι
1069 1883 1143 1934 penes
1157 1869 1265 1934 plebeios
1276 1868 1319 1928 slt;
1338 1865 1383 1916 sed
1398 1864 1420 1916 si
1434 1867 1514 1915 status
1532 1877 1565 1914 ex
1577 1863 1690 1914 omuibus
1705 1862 1737 1912 sit
1754 1862 1816 1913 mir·

1041 1974 1054 1998 ι
1068 1957 1124 2016 tus,
1145 1954 1213 2020 quod
1233 1954 1303 2005 uobis
1328 1951 1434 2003 maxime
1459 1951 1578 2017 proderit.
1607 1950 1733 2001 Facillime
1755 1954 1821 2001 enim

1038 2062 1050 2085 ι
1068 2056 1223 2106 unaquaque
1237 2043 1326 2092 harum
1352 2041 1494 2106 reipublice
1510 2041 1660 2101 termarum,
1683 2042 1705 2089 si
1731 2054 1775 2106 per
1795 2055 1822 2092 se

1039 2121 1174 2181 «salusti,
1188 2121 1221 2173 ad
1236 2121 1392 2173 insolentiam
1403 2125 1430 2173 et
1447 2120 1551 2172 iniurias
1571 2120 1714 2185 prolabitur.
1738 2119 1789 2169 sed
1801 2123 1823 2171 si

1040 2209 1150 2260 romula
1169 2210 1326 2262 mediocriter
1349 2210 1508 2272 miseeantur,
1524 2223 1554 2261 ea
1568 2221 1633 2273 pars,
1648 2222 1705 2272 qum
1720 2222 1820 2272 semper

1039 2319 1053 2345 ιι
1067 2313 1132 2350 nora
1145 2302 1255 2352 sectatur
1272 2303 1299 2352 et
1317 2315 1334 2352 a
1353 2305 1471 2352 consueto
1489 2297 1622 2364 discipline
1638 2297 1718 2347 civilis
1729 2309 1819 2360 genere

1038 2408 1052 2434 ι
1069 2387 1173 2451 recedit,
1191 2389 1325 2450 etaltera,
1342 2403 1399 2454 quas
1415 2387 1481 2454 sapit
1494 2391 1521 2440 et
1541 2389 1681 2440 constanter
1699 2385 1819 2450 pristinas

1040 2474 1256 2527 «eonsuetudines
1275 2477 1372 2536 serrat,
1399 2476 1537 2527 cosmetur.
1582 2476 1645 2525 liam
1671 2474 1744 2524 unius
1769 2472 1819 2523 viri

1038 2563 1220 2625 «dominatus,
1238 2563 1260 2615 si
1281 2561 1355 2614 tuerit
1374 2560 1481 2613 crudelis
1503 2561 1660 2624 stimulent,
1686 2565 1712 2612 et
1732 2564 1822 2625 tyran·

1038 2670 1051 2695 ιι
1066 2652 1121 2702 nica
1143 2652 1225 2703 studia
1247 2651 1334 2703 sectari
1365 2651 1483 2716 coemrlt,
1508 2664 1523 2700 a
1544 2651 1630 2715 paucis
1653 2650 1734 2714 iisque
1750 2649 1821 2699 bonis

1038 2761 1050 2785 ι
1066 2741 1125 2791 viris
1137 2741 1265 2791 evertitur.
1300 2742 1333 2791 at
1357 2752 1493 2804 paucorum
1511 2752 1645 2802 eorumque
1668 2737 1818 2800 optimorum

1038 2849 1050 2872 ι
1067 2829 1178 2879 virorum
1205 2833 1268 2892 (qua
1292 2826 1431 2892 reipublice
1456 2827 1534 2878 tomas
1560 2840 1604 2877 vos
1625 2839 1725 2889 quoque
1753 2840 1818 2874 nune

1039 2938 1051 2961 ιι
1068 2917 1177 2981 utimini)
1201 2930 1259 2967 cum
1281 2914 1373 2966 divitiis
1396 2918 1421 2965 et
1443 2913 1564 2964 sodalitiis
1588 2912 1668 2962 elatus
1694 2912 1816 2962 iustitiam

1038 3024 1051 3046 ι
1065 3008 1208 3068 ceterasque
1223 3003 1327 3053 virtutes
1341 3000 1493 3062 contemnit,
1507 2999 1647 3064 aprudenti
1660 3001 1752 3065 pupulo
1768 3004 1814 3052 tol·

1038 3110 1050 3134 ι
1065 3090 1131 3142 litur.
1153 3089 1260 3155 Populus
1277 3101 1347 3147 rero,
1369 3086 1411 3150 qui
1431 3086 1582 3151 aliquamdiu
1603 3088 1714 3140 modeste
1736 3096 1762 3141 et
1781 3093 1815 3142 le-

1039 3198 1051 3222 ι
1066 3180 1150 3242 gitime
1160 3179 1184 3228 ln
1195 3174 1318 3240 republica
1333 3186 1360 3224 se
1374 3172 1451 3238 gerit,
1465 3187 1525 3226 cum
1539 3191 1554 3226 a
1566 3175 1687 3226 modestia
1700 3178 1814 3228 recedere

1038 3286 1050 3309 ι
1064 3271 1089 3317 ct
1103 3267 1134 3315 arl
1152 3262 1265 3315 muriam
1288 3261 1391 3313 transire
1404 3261 1505 3328 incipit,
1528 3263 1560 3314 ab
1575 3266 1746 3329 potentissima
1762 3270 1816 3318 viro

1038 3376 1050 3400 ι
1066 3357 1096 3406 ad
1115 3370 1187 3406 suam
1204 3354 1314 3406 oltielum
1327 3354 1354 3406 ri
1367 3353 1514 3407 retrahitur.
1548 3354 1600 3403 Vos
1614 3356 1712 3416 autern,
1725 3358 1814 3405 Patres

1038 3464 1050 3487 ι
1063 3446 1194 3508 conscripti
1206 3481 1212 3504 ,
1227 3457 1258 3493 ne
1279 3443 1361 3509 regius
1372 3443 1512 3493 dominatus
1526 3441 1552 3493 iu
1566 3441 1720 3505 tyrannidem
1735 3449 1819 3495 rerte·

1038 3551 1050 3574 ιι
1064 3533 1139 3590 retur,
1154 3544 1197 3595 pro
1206 3529 1301 3581 uiribus
1311 3530 1419 3582 remedia
1431 3529 1493 3580 satia
1505 3529 1569 3579 bona
1578 3528 1714 3579 invenistis.
1728 3534 1820 3588 Quam-

1038 3618 1101 3666 ·ris
1112 3619 1176 3667 enim
1198 3632 1242 3681 pro
1253 3634 1303 3669 uno
1321 3619 1384 3669 duos
1404 3616 1532 3678 steatitis,
1544 3628 1618 3679 pestes
1639 3629 1703 3679 quos
1723 3632 1820 3667 summa

1037 3727 1049 3750 ιι
1065 3722 1148 3757 rerum
1167 3708 1213 3767 sit,
1235 3721 1371 3771 carumque
1395 3705 1567 3770 magistratum
1586 3716 1635 3752 non
1655 3711 1819 3769 perpetuum,

1038 3816 1049 3838 ιι
1065 3795 1109 3846 sed
1121 3810 1230 3845 annuum
1251 3811 1305 3847 esse
1321 3793 1457 3854 volueritis,
1475 3790 1634 3842 nihilominus
1654 3796 1736 3844 tamen
1761 3794 1820 3857 ipsis

1037 3882 1194 3932 «addidistis
1216 3886 1341 3934 trecentos
1365 3880 1488 3943 custodes,
1520 3891 1583 3942 quos
1605 3878 1728 3943 elegistis,
1753 3880 1819 3932 riros

1037 3994 1048 4015 ιι
1064 3972 1156 4021 ordinis
1172 3974 1268 4036 patricii
1283 3974 1389 4037 optimos
1404 3973 1431 4022 et
1452 3973 1512 4020 natu
1532 3967 1667 4029 maximos,
1685 3968 1818 4031 exquibus

1037 4079 1048 4101 ι
1064 4059 1116 4122 ipse
1133 4058 1174 4108 irie
1195 4064 1296 4109 senatus
1314 4059 1417 4108 'constat
1434 4073 1440 4103 ι
1458 4053 1529 4104 vobis
1543 4067 1603 4104 vero
1619 4053 1692 4119 ipsis,
1709 4060 1737 4105 ut
1757 4071 1818 4106 coa·

1038 4146 1201 4195 «venientem
1224 4160 1253 4195 ac
1271 4146 1401 4195 honestam
1426 4139 1581 4205 disciplinam
1597 4141 1747 4204 servaretis,
1761 4143 1818 4194 liac-

1037 4256 1048 4279 ι
1064 4238 1136 4285 tenus
1154 4234 1244 4283 nullam
1256 4248 1300 4282 ros
1317 4231 1459 4281 adhibuisse
1477 4229 1633 4288 custodiam,
1648 4235 1757 4294 apparel.
1771 4236 1819 4282 At·

1038 4340 1112 4388 aque
1134 4323 1200 4387 quod
1222 4323 1252 4370 arl
1275 4337 1318 4372 nos
1338 4323 1439 4379 attinet,
1466 4319 1575 4369 nondam
1604 4319 1689 4379 timui,
1716 4334 1746 4371 ne
1767 4336 1819 4385 pree

1036 4430 1047 4452 ιι
1063 4410 1138 4462 nimia
1172 4413 1285 4462 felicitate
1315 4412 1402 4461 animis
1430 4409 1647 4474 perverteremini,
1672 4409 1713 4472 qui
1741 4422 1819 4471 nuper

1035 4515 1047 4538 ι
1063 4499 1239 4562 rempublicam
1270 4513 1299 4548 cr
1329 4499 1444 4548 diuturna
1470 4497 1595 4560 iprannide
1628 4497 1651 4545 ln
1677 4496 1817 4546 libertatern

1035 4605 1046 4627 ιι
1064 4586 1222 4644 τίιιιίἰιιιίίι,
1240 4586 1367 4648 atquibus
1383 4583 1491 4633 nondum
1509 4598 1552 4646 per
1569 4583 1647 4631 otium
1668 4582 1735 4631 licuit
1749 4583 1816 4632 iaso·

1034 4694 1045 4716 ι
1061 4674 1138 4725 lenter
1158 4680 1182 4725 et
1204 4676 1342 4739 petulanter
1360 4674 1459 4727 rivere,
1477 4673 1509 4721 ab
1537 4672 1651 4721 continue
1664 4676 1690 4722 et
1703 4673 1818 4722 diuturna

1034 4778 1045 4801 ιι
1060 4758 1122 4808 bella
1150 4780 1155 4808 :
1178 4760 1222 4810 sed
1245 4761 1303 4809 dum
1326 4758 1495 4821 posteritatem
1532 4761 1639 4807 vestram
1672 4758 1816 4820 cogitatione

1034 4867 1046 4889 ιι
1061 4846 1188 4911 praecipio.
1205 4851 1230 4896 et
1244 4850 1348 4908 quantas
1362 4846 1460 4908 longum
1477 4859 1557 4893 aerum
1582 4844 1730 4893 mutationes
1753 4843 1816 4891 atter-

1034 4954 1045 4976 ιι
1064 4939 1117 4995 rat,
1135 4948 1240 4992 vereor,
1256 4946 1287 4981 ac
1308 4930 1406 4980 tandem
1427 4932 1576 4993 potentiores
1592 4935 1718 4981 senatores
1741 4929 1815 4978 rebus

1034 5043 1045 5064 ι
1061 5023 1182 5071 innovatis
1195 5019 1335 5084 reipublicae
1349 5018 1451 5065 torruoar
1465 5015 1490 5065 ia
1503 5019 1575 5066 unius
1590 5019 1635 5068 viri
1659 5015 1814 5079 tyrannicum

1034 5108 1212 5160 «dominatum
1229 5104 1322 5155 artibus
1338 5101 1495 5152 clandestinis
1510 5108 1660 5154 convertant.
