3772 5828
195 311 251 368 ³92

197 439 325 516 Κυμαίων
337 441 455 515 λιμένας.
472 440 508 500 01
521 437 548 498 δί
561 443 613 499 τῶν
627 440 841 519 στρατευομένων
855 441 966 523 πατίρες

195 551 224 587 τε
235 528 281 586 καί
292 528 416 607 μητίρες,
433 528 478 586 καὶ
495 537 569 587 πᾶσα
583 531 600 597 ἡ
615 529 683 597 άλλη
699 527 856 606 ουγγίνεια,
872 528 966 589 παιδία

195 640 223 674 τι
248 616 293 674 καί
305 613 419 693 γαμεταὶ
439 624 571 692 γυναῖκες,
593 615 716 686 ὑπήντων
729 614 838 684 ἐξιοῦσιν
861 619 965 690 αὐτοῖς,

196 708 265 785 μετὰ
288 706 406 785 δακρύων
429 704 646 786 περιπλεκόμενοι
679 708 724 764 καί
747 709 968 786 καταφιλοῦντες,

154 832 167 870 ς
195 796 241 857 καὶ
263 795 319 862 ταῖς
334 795 452 867 ἡδίσταις
476 794 585 852 ἕκαστον
600 792 808 869 ἀνακαλούμενοι
831 817 967 874 προσηγο-

197 884 275 963 ρίαις.
319 883 374 944 Καὶ
395 883 497 953 ἠοίλλη
519 881 545 940 δί
570 879 668 951 πληθὺς
689 885 707 952 ή
730 881 799 941 κατά
822 881 869 955 τὴν
891 882 966 941 πολιν

195 974 304 1044 άπασα,
321 980 393 1051 χαρᾷ
414 969 460 1029 καί
483 994 499 1030 κ
523 970 568 1051 ’τῳ
592 969 742 1046 δεξιουμένη
763 971 808 1029 τὸν
832 971 966 1049 ἡγεμόνα,

195 1061 367 1142 προύπεμπεν
382 1065 417 1127 εἰς
432 1059 476 1118 τδν
491 992 562 1120 οἰίιον
578 1060 699 1120 ἀπιόντα.
725 1062 786 1140 Ἐφ’
797 1052 834 1128 οἷς
848 1063 872 1120 οἰ
887 1084 967 1139 προε-

195 1148 321 1220 στηκότες
334 1152 381 1219 τῆς
394 1149 495 1216 πολεως
510 1147 667 1225 ἀνιώμενοι,
694 1148 812 1223 μάλιστα
835 1147 861 1208 δί
877 1153 900 1209 οἰ
919 1149 967 1219 τὴν

142 1279 166 1318 10
194 1243 356 1321 στρατηγίαν
377 1243 448 1322 αὐτῷ
473 1242 648 1320 παραδόντες,
670 1239 716 1300 καί
736 1242 822 1300 τάλλα
846 1243 879 1300 τά
904 1243 968 1321 πρὸς

194 1331 239 1391 τάν
267 1330 372 1409 δλεθρον
408 1331 646 1408 μηχανησάμενοι,
676 1327 802 1407 πονηροὺς
829 1331 895 1406 ὑπὲρ
920 1335 967 1388 τοῦ

194 1418 333 1497 μίλλοντος
348 1408 417 1498 εἰχον
434 1418 627 1495 διαλογισμούς.
643 1416 676 1477 ‘0
688 1416 715 1475 δέ
730 1416 858 1476 διαλιπὼν
875 1417 966 1495 ὀλίγας

193 1508 264 1572 τινδς
278 1505 399 1583 ἠμίρας,
422 1507 449 1564 ἐν
465 1496 505 1570 αἷς
526 1505 571 1572 τδς
586 1505 664 1584 εύχάς
681 1506 804 1565 ἀπεδίδου
828 1507 881 1574 τοῖς
901 1507 966 1572 θεοῖς

192 1594 237 1656 καί
261 1593 308 1660 τάς
335 1592 519 1672 ὑστεριζούσας
550 1595 663 1660 ὁλκάδας
688 1594 844 1674 ἀνεδέχετο,
875 1595 965 1667 ἐπειδὴ

140 1715 164 1754 ῃ,
192 1683 281 1764 καιρὸς
304 1673 351 1754 ἰν,
366 1680 417 1761 ἔφη
444 1682 582 1760 βούλεσθαι
600 1681 633 1739 ri
659 1683 812 1762 πραχθέντα
832 1683 902 1742 κατὰ
921 1682 966 1743 τδν

192 1771 283 1848 ἀγῶνα
303 1769 366 1848 πρὸς
380 1768 428 1840 τὴν
452 1769 548 1849 βουλὴν
570 1774 743 1846 ἀπαγγεῖλαι,
762 1772 807 1830 καλ
822 1771 855 1829 τδι
870 1774 900 1831 ἐκ
920 1777 966 1832 τοῦ

192 1858 310 1936 πολίμοιι
321 1857 428 1936 λάφυρα
443 1858 586 1926 ἀποδεῖξαι.
633 1859 813 1918 Συνελθόντων
829 1859 857 1918 δέ
872 1863 923 1919 τῶν
939 1861 965 1917 ἐν

191 1943 260 2003 τελει
281 1942 349 2002 κατά
364 1946 462 2013 πλῆθος
483 1945 519 2008 εἰς
533 1942 562 2000 τὸ
579 1944 776 2022 βουλευτήριον,
803 1949 817 2003 δ
840 1943 887 2020 μὲν
902 1945 964 2014 ἐδη-

191 2032 301 2110 μηγόρει
328 2031 483 2112 παρελθὼν,
509 2032 554 2089 καὶ
578 2031 665 2090 πάντα
690 2031 722 2088 τὰ
746 2031 873 2110 γενόμενα
897 2032 965 2090 κατά

136 2153 162 2193 20
188 2118 238 2191 τὴν
266 2121 356 2199 μάχην
393 2119 502 2198 διεξῄει·
529 2122 553 2176 οἱ
582 2119 609 2177 δέ
637 2121 896 2198 παρασκευασθίντες
921 2120 965 2179 ὑπ’

189 2208 270 2265 αὑτοῦ
295 2206 416 2287 συνεργοὶ
444 2211 491 2276 τῆς
518 2205 678 2277 ίπιθίσεως,
704 2207 808 2286 ἔχοντες
834 2207 886 2267 ὑπὸ
912 2209 965 2276 τοῖς

188 2294 302 2370 ἱματίοις
339 2294 417 2374 ξίφη,
441 2295 510 2354 κατά
539 2299 637 2366 πλῆθος
662 2297 845 2374 εἰσδραμόντες
874 2299 909 2364 είς
934 2298 965 2357 τὸ

189 2383 388 2462 βουλευτήριον,
412 2384 622 2463 ἀποσφάττουσιν
645 2383 763 2452 ἅπαντας
776 2383 835 2453 τοὺς
858 2409 965 2467 αριστο-

188 2470 338 2551 κρατικούς.
368 2471 448 2550 Φυγλ
465 2472 492 2530 δί
507 2473 576 2550 μετὰ
590 2479 666 2531 τοῦτο
680 2476 732 2530 τῶν
747 2473 816 2531 κατά
833 2471 881 2545 τὴν
896 2476 964 2550 ἀγο-

41 2568 45 2575 ’
134 2601 160 2640 25
188 2562 235 2642 ρὺν
264 2561 310 2620 καί
329 2559 440 2639 δρόμος,
463 2565 515 2619 τῶν
542 2563 589 2636 μὲν
608 2562 653 2621 ἐπὶ
675 2561 721 2627 τάς
743 2561 839 2634 οἰκίας,
864 2565 916 2620 τῶν
936 2560 964 2622 δί

187 2650 236 2718 ἰξω
251 2654 296 2720 τῆς
312 2651 427 2722 πόλεως,
446 2649 515 2721 πλὴν
532 2653 583 2707 τῶν
599 2650 752 2710 συνειδότων
769 2651 816 2722 την
831 2650 963 2711 ἐπίθεσιν·

187 2731 256 2798 οὑτοι
272 2739 299 2796 δί
322 2739 369 2810 τὴν
393 2737 476 2819 άκραν
496 2740 540 2797 καί
565 2739 598 2797 τά
618 2742 728 2818 νεώρια,
750 2739 795 2798 καί
818 2738 877 2806 τοὺς
902 2740 963 2817 ἐρυ-

187 2829 265 2905 μνοὺς
280 2828 373 2895 τόπους
388 2832 434 2898 τῆς
448 2828 550 2894 πόλεως
565 2827 781 2905 κατελάμόανον.
808 2830 851 2889 Γ
865 2829 888 2886 δ’
903 2832 962 2888 ἀπι-

186 2917 251 2995 οόση
276 2917 364 2988 νυκτί,
389 2919 471 2983 λύσας
498 2920 527 2975 ἐκ
550 2920 601 2976 τῶν
627 2915 815 2994 δεσμωτηρίων
835 2914 895 2983 τοὺς
918 2914 963 2975 ἐπὶ

132 3036 160 3076 30
187 3005 292 3089 θοινάτιμ
315 3004 426 3071 πολλοὺς
449 3004 540 3074 ὄντας,
567 3002 613 3061 καί
640 3005 802 3069 καθοπλίσας
826 3001 884 3078 ἀμα
911 3011 964 3070 τοῖς

188 3095 274 3162 ἄλλοις
289 3095 386 3174 φίλοις,
413 3096 439 3152 ἐν
463 3084 500 3158 οἷς
524 3085 591 3164 ἦσαν
617 3092 661 3149 καὶ
687 3097 710 3150 οἱ
741 3095 791 3149 τῶν
818 3093 963 3173 Τυρρηνῶν

187 3184 371 3262 αἰχμάλωτοι,
385 3181 503 3262 φυλακὴν
518 3185 547 3239 ἐκ
568 3178 666 3238 τούτοιν
685 3178 844 3238 καθίσταται
857 3178 918 3257 περί
934 3181 963 3239 τὸ

185 3275 274 3351 σῶμα.
288 3272 407 3350 Ἡμέρας
428 3269 456 3328 δέ
470 3269 627 3347 γενομένης,
643 3265 808 3346 συγκαλέσας
819 3267 863 3326 τὸν
894 3292 962 3346 ημον

184 3363 220 3428 εἰς
246 3362 404 3435 ἐκκλησίαν,
431 3360 477 3419 καί
500 3357 599 3430 πολλὴν
626 3357 786 3436 κατηγορίαν
814 3357 963 3435 διαθίμενος

130 3476 154 3514 35
183 3451 236 3506 τῶν
256 3448 430 3530 φονευθέντων
455 3451 500 3505 ὑπ’
518 3449 597 3506 αὑτοῦ
619 3447 751 3533 πολιτιῖιν,
779 3446 891 3514 ἐκείνους
915 3447 962 3523 μέν

183 3536 232 3618 ἐφη
256 3541 452 3613 τετιμωρῆσθαι
474 3534 521 3593 σὺν
546 3535 622 3613 δίκη,
648 3535 773 3602 πολλάκις
803 3536 963 3595 ἐπιόουλευ-

182 3626 233 3689 θείς
256 3626 300 3683 ὑπ’
315 3628 417 3697 αὐτῶν,
444 3631 497 3691 τοῖς
522 3626 544 3682 δ’
560 3624 648 3690 ἀλλοις
669 3623 788 3690 πολίταις
812 3624 960 3703 ἐλευθερίαν

183 3714 266 3793 φέρων
292 3715 431 3795 παρεῖναι,
455 3711 501 3772 καί
527 3713 679 3790 ἰσηγορίαν,
707 3713 753 3771 καὶ
777 3712 845 3771 ἀλλα
874 3713 961 3772 πολλὰ

184 3804 282 3878 ἀγαθά.

130 3924 154 3960 to
223 3892 302 3949 Vlli.
333 3893 427 3950 Ταῦτα
449 3887 546 3960 εἰπὼν,
569 3888 613 3946 καὶ
637 3891 796 3966 θαυμαστῶν
820 3887 960 3965 ἐμπλήσας

183 3976 295 4032 ἐλπίδων
310 3977 368 4043 τοὺς
387 3976 544 4052 δημοτικούς
562 3976 699 4052 ἅπαντας,
723 3977 766 4035 δύο
789 3975 822 4032 τὰ
847 3975 960 4035 κάκιστα

183 4062 340 4120 καθίσταται
367 4068 418 4121 τῶν
446 4066 471 4121 ἐν
500 4063 645 4144 ἀνθρώποις
674 4062 888 4139 πολιτευμάτων,
922 4055 959 4132 οἷς

183 4158 257 4208 πάσα
279 4155 375 4227 χρῆται
405 4151 552 4232 προοιμίοις
574 4152 714 4231 τυραννίς,
737 4156 785 4229 γῆς
806 4153 957 4231 ἀναδασμὸν

183 4236 227 4294 καί
243 4241 328 4316 χρεῶν
346 4240 445 4318 ἄφεσιν·
471 4240 568 4298 τούτων
593 4240 620 4299 δέ
645 4239 691 4310 τὴν
716 4241 867 4314 ἐπιμέλειαν
883 4240 959 4308 αὐτὸς

128 4368 153 4406 ,,
183 4325 336 4406 ἀμφοτέρων
352 4330 501 4406 ὑπισχνεῖτο
525 4329 697 4404 ποιήσεσθαι,
722 4328 867 4407 στρατηγὸς
888 4329 959 4388 ἀπο-

183 4415 290 4494 δειχθείς
306 4415 490 4496 αὐτοκράτωρ,
517 4415 565 4482 ἕως
580 4419 605 4474 ἐν
631 4419 744 4497 ἀσφαλεῖ
765 4418 797 4474 τδι
822 4418 896 4477 κοινδι
911 4420 957 4500 γε’·

181 4526 275 4574 νηται,
292 4504 336 4560 καί
352 4503 549 4582 δημοκρατικὴν
572 4505 791 4574 καταστήσωνται
809 4508 953 4570 πολιτείαν.

182 4589 312 4668 ’ἀσμένως
339 4591 365 4647 δὲ
402 4598 446 4650 τοῦ
471 4594 614 4665 δημοτικοῦ
638 4593 682 4650 καί
716 4601 829 4673 πονηροῦ
845 4594 957 4659 πλήθους

690 319 857 384 DIONYSil
879 324 1261 393 HALIGARNASSENSIS

1019 459 1107 525 reliqui
1121 476 1206 516 omncs
1220 465 1316 527 cognati
1333 468 1359 517 at
1371 465 1443 519 liberi
1463 472 1489 521 et
1509 485 1609 536 uxores.
1627 473 1726 528 obviam
1744 479 1793 532 iliis

1018 562 1222 617 descendentibus
1229 568 1336 630 iverunt,
1347 582 1404 621 eum
1413 570 1520 623 lacrimis
1529 588 1573 626 eos
1582 577 1758 643 amplectentes
1767 588 1794 635 et

1019 667 1166 720 osculantes,
1179 672 1205 721 et
1216 673 1370 724 suavissimis
1379 690 1581 745 unumquemque
1588 686 1793 749 appellationibus

1020 778 1165 832 salutantes.
1198 786 1338 842 Quinetiam
1361 791 1414 839 tola
1431 791 1526 856 reliqua
1548 795 1680 850 multitudo
1698 803 1793 854 urbana
1846 816 1853 887 γ

1019 897 1077 935 cum
1090 889 1254 951 gratulatione
1264 895 1289 941 ct
1301 893 1388 956 plausu
1398 895 1487 948 ducem
1505 900 1633 964 salutans.
1651 906 1793 962 redeuutem
1851 906 1854 910 ⁴

1020 989 1124 1043 domum
1139 1002 1268 1059 prosecuta
1287 1000 1334 1049 est.
1367 1002 1447 1058 Quam
1458 1017 1510 1055 rem
1523 1008 1628 1061 moleste
1640 1013 1747 1068 terentes
1758 1019 1793 1069 ci·

1020 1096 1105 1148 vitatis
1116 1100 1243 1163 primores,
1260 1104 1384 1170 precipue
1396 1120 1456 1158 nero
1476 1108 1522 1172 1111,
1537 1115 1584 1177 qui
1599 1119 1724 1171 exereitus
1744 1123 1793 1174 in-

1020 1199 1116 1262 perium
1128 1202 1151 1252 ei
1163 1204 1289 1267 dederant,
1305 1212 1331 1258 et
1343 1209 1392 1260 alia
1406 1211 1432 1260 iu
1446 1212 1501 1264 etus
1514 1218 1647 1277 perniciem
1661 1226 1794 1284 machinati

1020 1309 1098 1367 eraut,
1109 1307 1172 1359 male
1186 1308 1218 1359 de
1231 1309 1320 1362 lutaris
1331 1326 1432 1378 sperare
1444 1325 1578 1382 empemnt.
1611 1325 1656 1377 ille
1671 1342 1743 1394 vcro,
1753 1332 1794 1384 iu·

1020 1412 1142 1464 termissis
1165 1416 1252 1479 paucis
1272 1417 1374 1480 diebus,
1394 1423 1485 1485 quibus
1504 1426 1588 1478 norim
1609 1434 1729 1485 sacrificia
1747 1437 1795 1488 diis

1020 1514 1137 1578 persolvit
1148 1521 1173 1568 et
1185 1520 1308 1570 onerarias
1317 1536 1400 1584 nares,
1409 1538 1466 1588 quae
1475 1528 1683 1598 tardioreserant,
1695 1549 1793 1602 exspso

1019 1620 1090 1682 terit,
1101 1624 1232 1685 postqum
1254 1628 1351 1689 tempus
1371 1631 1536 1692 opportunum
1550 1632 1599 1682 iam
1611 1638 1709 1690 reabse
1725 1641 1791 1691 eris-

1019 1724 1126 1784 ttmarit‚
1140 1724 1203 1798 diali
1220 1739 1246 1777 se
1263 1727 1325 1777 uelle
1334 1727 1358 1778 ln
1372 1733 1458 1780 senatu
1474 1745 1515 1784 res
1525 1746 1542 1783 a
1554 1747 1582 1786 se
1599 1735 1624 1786 in
1636 1739 1720 1802 proelio
1733 1756 1788 1805 ges·

1020 1831 1059 1878 tas
1075 1841 1192 1888 narrare,
1207 1831 1233 1878 et
1246 1829 1356 1893 predam
1368 1831 1433 1882 bello
1446 1838 1544 1898 partam
1561 1840 1697 1892 ostendere.
1730 1845 1791 1894 cnm

1019 1932 1102 1979 autem
1120 1930 1235 1994 frequens
1253 1936 1353 1983 senatus
1373 1938 1398 1984 et
1414 1937 1576 1998 magistratus
1591 1940 1617 1992 in
1630 1945 1725 1995 curbat
1733 1959 1791 1997 cou-

1019 2035 1157 2097 venisscut,
1178 2035 1231 2099 ipse
1244 2036 1269 2086 in
1277 2037 1387 2089 medium
1399 2052 1545 2105 progressus
1554 2047 1787 2117 capitecensoru,

1019 2141 1044 2190 et
1067 2139 1153 2190 ordine
1168 2153 1280 2202 narrare,
1298 2156 1455 2207 quacunque
1477 2149 1503 2197 ln
1524 2150 1609 2215 proelio
1624 2127 1693 2215 gesta
1710 2162 1790 2211 nant.

1018 2244 1119 2294 Interim
1133 2258 1191 2294 vero
1206 2247 1391 2309 conspirationis
1408 2251 1469 2301 socii
1480 2252 1513 2304 ab
1523 2266 1554 2305 eo
1572 2259 1710 2321 preparati,
1731 2274 1788 2311 οιιαι

1017 2348 1075 2398 siris
1082 2347 1128 2398 sub
1135 2349 1288 2400 uestimentis
1298 2364 1386 2415 magun
1396 2365 1471 2404 manu
1481 2355 1609 2408 incuriam
1615 2361 1786 2424 irrumpentes,

1017 2463 1101 2500 omues
1122 2452 1252 2516 optimates
1274 2428 1424 2516 inquierunt.
1459 2460 1494 2507 ltc
1516 2473 1572 2509 mcx
1597 2474 1713 2514 omncsc
1736 2465 1787 2514 loro

1016 2553 1137 2620 diliugere
1148 2559 1175 2607 ct
1190 2569 1297 2618 currere,
1310 2557 1351 2606 aiii
1363 2557 1480 2622 domum,
1492 2561 1536 2612 alii
1548 2567 1621 2614 extra
1632 2567 1728 2630 urbem,
1741 2581 1784 2619 cx·

1016 2656 1094 2721 ceptis
1104 2657 1144 2719 iis,
1155 2658 1200 2721 qui
1213 2659 1398 2722 conspirationis
1412 2663 1506 2713 conscii
1519 2669 1597 2716 erant.
1630 2669 1662 2717 lii
1686 2669 1750 2720 euim
1763 2679 1788 2726 et

1017 2775 1101 2812 arcem
1121 2765 1148 2813 et
1167 2762 1265 2812 navalia
1282 2767 1307 2813 et
1330 2765 1480 2817 munitiones
1498 2766 1607 2820 civitatis
1627 2781 1781 2836 occuparunt

1017 2866 1156 2929 insequenti
1170 2879 1229 2916 vero
1239 2871 1320 2930 nocte,
1334 2868 1423 2919 solutis
1434 2883 1467 2920 ex
1483 2871 1587 2921 vinculis
1602 2874 1646 2935 qui
1656 2877 1742 2938 capitis
1752 2881 1788 2928 rei

1016 2976 1094 3032 erant,
1110 2986 1216 3036 quorum
1236 2987 1339 3038 magnus
1356 2978 1410 3025 erat
1432 2989 1567 3038 numeros,
1582 2982 1608 3028 et
1621 2973 1723 3031 armatis
1734 2983 1786 3037 illis

1017 3097 1063 3133 una
1082 3098 1139 3133 cum
1152 3085 1203 3133 suis
1213 3085 1307 3148 amicis,
1321 3087 1385 3137 inter
1393 3100 1455 3151 quos
1464 3093 1533 3139 arant
1546 3093 1571 3139 et
1581 3091 1673 3154 captiui
1681 3096 1788 3160 Etrusci,

1017 3203 1048 3240 ex
1065 3188 1104 3237 bis
1117 3190 1260 3239 satellitium
1272 3193 1304 3241 ad
1315 3191 1424 3257 corporis
1436 3191 1477 3242 sui
1491 3195 1630 3247 custodiam
1647 3200 1786 3252 coustituit.

1017 3302 1080 3352 dum
1100 3304 1182 3349 nutem
1203 3298 1255 3348 dies
1279 3301 1417 3364 illuxisset,
1433 3308 1570 3355 convocato
1592 3305 1624 3355 ad
1646 3309 1789 3364 concionem

1016 3405 1113 3468 populo,
1133 3408 1158 3455 et
1170 3406 1240 3466 longa
1253 3404 1362 3453 oratioue
1381 3405 1492 3456 inuectus
1503 3406 1529 3456 iu
1549 3407 1618 3459 cives
1632 3423 1684 3460 ese
1698 3425 1790 3472 caesos,

1015 3507 1070 3557 illos
1083 3508 1181 3572 quidem
1200 3521 1226 3557 se
1238 3506 1312 3556 toties
1332 3506 1427 3557 insidiis
1446 3508 1477 3558 ab
1500 3509 1560 3574 ipsis
1579 3513 1683 3574 petitum
1700 3516 1788 3565 merito

1012 3611 1094 3661 tultum
1115 3624 1169 3661 esse
1187 3613 1212 3660 et
1238 3610 1327 3660 ceteris
1354 3609 1450 3661 ciuibus
1477 3612 1527 3662 iam
1543 3612 1682 3666 libertatem
1706 3620 1731 3668 el
1749 3593 1789 3669 ius

1014 3726 1111 3780 aequum
1126 3719 1151 3766 et
1164 3715 1242 3766 muita
1254 3715 1300 3765 alia
1317 3715 1382 3766 bona
1397 3718 1486 3768 aliems
1509 3718 1581 3770 dixit.

1046 3891 1114 3937 vili.
1133 3888 1310 3950 manicantes,
1329 3891 1356 3939 ct
1370 3889 1484 3940 omuibus
1497 3891 1596 3955 plebeiis
1611 3881 1672 3944 mira
1686 3908 1729 3958 spe
1750 3910 1785 3948 re·

1015 3973 1099 4037 pletis,
1116 3975 1239 4023 adnobus
1250 3975 1321 4039 louge
1336 3975 1447 4026 omnium
1466 3978 1579 4040 pessimis
1592 3981 1713 4032 institutis
1737 3984 1781 4034 rei·

1013 4060 1116 4124 publicae
1130 4062 1367 4113 administrationem
1380 4077 1452 4114 orsus
1480 4069 1518 4114 est
1527 4102 1534 4127 ‚
1557 4081 1614 4130 equae
1636 4070 1717 4119 solent
1734 4083 1787 4122 esse

1014 4147 1147 4196 utriuslibet
1160 4148 1296 4210 tyrannidis
1314 4151 1454 4212 primordia,
1471 4166 1560 4215 nempe
1574 4153 1606 4202 ab
1621 4168 1736 4218 agrorum
1752 4155 1790 4205 dr-

1012 4237 1105 4286 visioue
1115 4239 1140 4286 et
1153 4238 1209 4285 reris
1223 4239 1297 4288 alieni
1307 4239 1458 4300 remissione.
1492 4240 1619 4292 Pollicitus
1634 4247 1718 4294 autem
1737 4250 1783 4303 est,

1012 4337 1038 4371 se
1051 4322 1178 4386 utriusque
1197 4323 1270 4372 buius
1285 4325 1320 4373 roi
1332 4339 1417 4374 curam
1433 4328 1457 4374 iu
1472 4340 1499 4375 sc
1518 4331 1682 4392 recepturum,
1699 4329 1721 4378 ai
1735 4328 1779 4379 im-

1011 4421 1108 4482 perator
1120 4431 1176 4465 cnm
1192 4418 1304 4467 absoluto
1316 4419 1419 4481 imperio
1431 4423 1527 4468 creatus
1539 4425 1615 4480 esset,
1633 4422 1712 4473 doucc
1732 4437 1779 4473 res·

1011 4506 1108 4570 publica
1128 4506 1151 4554 in
1168 4511 1222 4555 luto
1235 4512 1301 4557 esset
1319 4513 1345 4557 et
1359 4509 1502 4572 popularem
1521 4510 1663 4572 reipublicae
1682 4511 1785 4562 somnam

1010 4595 1202 4644 constituissent.
1236 4598 1298 4644 Cum
1311 4601 1393 4646 autem
1407 4596 1476 4660 plebs
1486 4602 1512 4647 ct
1529 4597 1641 4660 improba
1653 4601 1784 4652 multitudo

180 4680 228 4751 τὴν
244 4678 365 4758 ἇρπαγ-λν
383 4683 435 4736 τῶν
460 4681 603 4758 ἀλλοτρίων
621 4680 780 4758 δεξαμένου,
802 4680 891 4740 λαὸὼν
908 4684 956 4755 τὴν
1009 4685 1111 4733 libenter
1123 4684 1255 4733 alienorum
1268 4685 1388 4735 bonorum
1402 4686 1512 4750 rapinam
1522 4688 1669 4749 accepisset.
1683 4689 1736 4751 ipsc
1747 4705 1775 4738 ac

126 4811 152 4849 ,0
182 4767 362 4848 αὐτοκράτορα
378 4766 462 4846 ἀρχὴν
478 4767 555 4833 αὐτὸς
578 4769 642 4848 παρ’
666 4773 774 4841 ἑαυτοῦ,
797 4769 884 4848 ἕτερον
899 4770 956 4827 ἐπι·
980 4764 983 4829 ἰ
1008 4778 1185 4838 copiosummo
1197 4776 1312 4838 imperio.
1329 4776 1421 4825 alinde
1438 4790 1465 4826 se
1476 4777 1642 4838 excogitatum
1655 4778 1784 4827 consilium

182 4858 252 4934 φέρει
277 4856 430 4936 βούλευμα,
456 4856 489 4913 δι’
516 4848 544 4914 οὑ
570 4859 819 4938 παρακρουσάμενος
846 4855 954 4932 αὑτοὺς,
980 4896 982 4935 Ι

1007 4866 1098 4927 intulit,
1114 4880 1164 4928 quo
1185 4879 1228 4914 eos
1246 4866 1353 4929 decepit,
1375 4871 1400 4916 et
1420 4881 1505 4917 omnes
1522 4867 1636 4919 libertate
1658 4867 1780 4932 spoliauit.

182 4942 305 5001 dudasela
321 4946 442 5026 ἀφείλετο
461 4944 508 5015 τὴν
528 4945 686 5024 ἐλευθερίαν.
714 4948 888 5027 Σκηψάμενος
904 4945 953 5026 γάρ
979 4964 982 5044 ρ
1007 4955 1243 5006 Simulanseuimso
1266 4957 1355 5016 vereri,
1371 4970 1402 5006 ne
1416 4955 1506 5007 divites
1516 4958 1651 5009 tumultum
1675 4955 1782 5017 aliquem

180 5031 333 5091 ὑποπτεύειν
356 5036 474 5114 ταραχὰς
494 5034 540 5092 καί
563 5035 753 5099 ἐπαναστάσεις
769 5041 858 5094 ἐκτῶν
873 5038 953 5094 πλου·
979 5051 982 5108 j
1007 5045 1141 5096 excitarent
1159 5049 1184 5093 ct
1197 5045 1221 5093 iu
1239 5044 1335 5106 plebem
1357 5044 1478 5108 impetum
1499 5044 1650 5097 lucerentob
1671 5047 1723 5105 agri
1744 5044 1782 5096 di·

179 5116 241 5178 σίων
266 5121 301 5184 εἷς
324 5121 382 5188 τούς
404 5122 558 5199 δημοτικοὺς
597 5123 640 5180 διδι
661 5123 705 5180 τὸν
732 5124 883 5200 ἀναδασμὸν
905 5130 952 5197 τῆς
980 5116 982 5175 ί
1006 5133 1125 5184 visionem
1141 5133 1236 5183 cleeris
1256 5132 1328 5182 alieni
1345 5124 1522 5194 remissionem,
1545 5148 1606 5184 nere
1621 5133 1687 5197 quod
1710 5130 1782 5183 civile
