3772 5828
243 303 262 361 2
754 302 920 363 ulontstt
942 302 1322 369 ttaLtctuNxssENsts

243 441 298 498 κοῖς
312 421 377 489 εἶναι
392 432 437 489 καῖ
452 433 552 501 πολλὴν
563 433 739 508 ποιησάμενος
753 436 904 512 ἀμροτέρων
919 436 1010 509 ἐπιμέ-

242 518 328 591 λειαν,
339 519 398 579 οὔτε
408 520 543 596 παρελθεῖν
553 520 597 579 τόν
608 519 673 598 ὑπὲρ
685 521 770 581 αὐτῶν
780 522 855 599 λόγον
867 522 1010 593 {inoliter

243 605 296 666 οὔτ’
304 609 330 663 ἰν
339 608 411 686 ἄλλῳ
420 608 470 664 τινὶ
476 606 548 684 τόπῳ
557 610 740 687 καταχωρίσαι
748 612 846 686 μᾶλλον
857 611 918 690 desp
924 632 1012 687 προσε-

243 695 295 773 μίῳ
311 699 358 765 τῆς
371 698 561 774 πραγματείας.

201 806 215 844 n
281 782 322 844 ll.
345 786 401 852 Τὴν
424 784 471 858 μὲν
493 775 536 842 σόν
553 788 671 843 ὑπόθεσιν
692 786 731 841 ὅτι
747 784 830 855 καλὴν
851 783 945 864 είληρα
967 788 1012 845 καὶ

242 876 431 952 μεγαλοπρεπῆ
461 874 505 930 καί
534 874 638 936 πολλοῖς
668 873 815 950 ὠφέλιμον,
845 878 874 932 οὐ
904 880 1012 954 μακρῶν

240 954 313 1037 οἶμαι
339 962 439 1033 δεήσειν
464 963 546 1038 λόγων
573 970 625 1026 τοῖς
657 984 685 1037 γε
713 961 744 1032 δὴ
774 963 811 1039 μὴ
843 965 1010 1023 παντάπασιν

239 1055 350 1130 ἀπείρως
374 1053 462 1132 έχουσι
479 1057 524 1121 τῆς
551 1052 636 1120 κοινῆς
660 1052 784 1129 ἱστορίας.
840 1054 873 1112 El
898 1050 948 1132 γάρ
975 1077 1012 1119 τις

165 1174 168 1179 ·
239 1143 382 1213 ἐπιστήσαι
404 1141 451 1211 τὴν
477 1140 591 1199 διάνοιαν
619 1138 661 1196 ἐπὶ
677 1138 722 1205 τὰς
745 1141 956 1216 παραδεδομένας
983 1144 1013 1201 ἐκ

186 1255 211 1292 re
241 1238 284 1291 τοῦ
308 1230 516 1309 παρεληλυθότος
529 1229 623 1305 χρόνον
638 1228 738 1285 πόλεών
755 1229 839 1285 τεκαὶ
853 1231 930 1286 ἐθνῶν
946 1233 1010 1307 ἡγε-

241 1320 347 1392 μονίας,
364 1318 453 1377 ἔπειτα
466 1339 545 1395 χωρες
559 1316 673 1385 ἑκάστην
688 1319 792 1373 σκοπῶν
802 1315 846 1374 καὶ
859 1319 921 1394 παρ’
931 1318 1011 1389 άλλη-

238 1411 285 1475 λας
307 1407 431 1475 ἐξετάζειν
447 1407 587 1481 διαγνῶναι
602 1403 753 1481 βουληθείη,
768 1404 807 1470 τίς
823 1405 906 1461 αὐτῶν
924 1404 1009 1483 ἀρχήν

239 1520 266 1555 τε
289 1497 415 1574 μεγίστην
430 1492 560 1562 ἐκτήσατο
582 1492 627 1548 καὶ
643 1489 748 1568 πράξεις
766 1490 919 1558 ἀπεδείξαίο
941 1494 1009 1569 λαμ-

238 1583 369 1662 προτάτας
390 1584 416 1639 ἰν
438 1580 526 1659 εἰρήνη
549 1603 576 1637 τε
602 1577 647 1636 καὶ
665 1580 732 1636 κατὰ
749 1579 891 1654 πολέμους,
916 1585 1008 1660 μακρῷ

184 1708 209 1747 ts
237 1675 269 1745 δή
282 1697 333 1730 τινι
345 1671 392 1741 τὴν
405 1669 546 1744 Ῥωμαίων
569 1669 709 1744 ἡγεμονίαν
725 1668 831 1731 ἁπάσας
844 1668 1009 1746 ὓπερῶεθλη-

238 1761 319 1838 μένην
343 1762 434 1839 ὄψεται
457 1755 503 1820 τάς
531 1753 583 1833 πρὸ
610 1757 690 1824 αὐτῆς
712 1757 957 1832 μνημονευομένας,
979 1761 1008 1816 οὗ

238 1852 315 1924 μόνον
331 1847 399 1906 κατά
413 1844 443 1903 τδ
459 1843 564 1920 μέγεθος
578 1845 625 1912 τῆς
640 1844 723 1922 ἀρχῆς
735 1845 779 1899 καὶ
791 1841 858 1901 κατὰ
871 1844 900 1902 τὸ
914 1846 1008 1912 κάλλος

236 1941 287 1994 τῶν
299 1934 432 2013 πράξεων,
445 1933 475 1998 ἃς
489 1930 563 1991 οόπω
578 1932 726 2004 κεκόσμηκε
740 1931 815 2008 λόγος
825 1933 906 2001 οὐδεὶς
921 1932 1007 2008 ἀξίως,

237 2024 305 2084 ἀλλά
326 2020 459 2081 καὶκατὰ
481 2020 510 2079 τὸ
536 2025 618 2096 μῆκος
643 2025 687 2078 τοῦ
713 2020 908 2100 περιειληφότος
926 2022 1007 2094 αὐτὴν

181 2143 208 2184 20
236 2113 328 2191 χρόνου
343 2112 422 2189 μέχρι
444 2112 490 2179 τῆς
507 2109 566 2167 καθ’
582 2113 652 2184 ἡμᾶς
668 2108 782 2178 ἡλικίας.
826 2107 860 2168 ‘ll
884 2109 930 2183 μὲν
956 2113 1006 2190 γὰρ

235 2201 383 2280 Ἀσσυρίων
405 2197 475 2276 ἀρχὴ
495 2195 597 2254 παλαιά
613 2218 652 2262 τις
679 2187 744 2253 οθσα
760 2193 805 2253 καί
823 2197 859 2264 είς
877 2196 935 2263 τοὺς
957 2223 1006 2276 μυ·

235 2289 320 2353 θικοθς
348 2285 496 2364 ἀναγομένη
530 2282 638 2362 χρόνους
669 2283 756 2359 ὀλίγου
783 2285 850 2350 τινὸς
879 2286 1006 2364 ἐκράτησε

234 2384 280 2448 τῆς
308 2376 395 2441 Ἀσίας
416 2374 521 2452 μέρους.
564 2372 598 2432 Ἡ
615 2370 642 2430 δὲ
664 2373 771 2444 Μηδικὴ
787 2376 931 2434 καθελοῦσα
959 2376 1005 2446 τὴν

234 2464 376 2541 Ἀσσυρίων
388 2462 433 2519 καὶ
448 2461 552 2537 μείζονα
567 2460 719 2517 δυναστείαν
732 2461 925 2540 περεόαλομένη
940 2466 1005 2543 χρό·

180 2578 207 2617 ες
237 2575 278 2609 νον
294 2555 323 2609 οὐ
337 2548 419 2608 πολὺν
434 2549 572 2628 ἀντέσχεν,
587 2547 646 2605 ἀλλ’
660 2547 704 2605 έπί
721 2554 767 2622 τῆς
786 2552 911 2630 τετάρτης
926 2577 1004 2613 κατε-

234 2641 297 2712 λύθη
321 2647 420 2718 γενεᾶς.
467 2638 572 2713 Πέρσαι
594 2636 621 2695 δὲ
642 2633 687 2717 [ol]
707 2640 1006 2715 Μήδουςκεταγωνεσά·

233 2751 305 2805 μενοι
331 2730 378 2798 τῆς
393 2725 439 2802 μδν
453 2724 540 2793 Ἀσίας
554 2725 641 2801 ὀλίγου
669 2727 720 2782 δεῖν
735 2727 821 2798 πάσης
836 2730 1005 2797 τελευτῶντες

233 2816 396 2896 ἐκράτησαν·
413 2812 629 2893 ἐπιχειρήσαντες
652 2812 679 2870 δὲ
704 2813 750 2872 καὶ
773 2823 824 2881 τοῖς
841 2818 1005 2896 Εὐρωπαίοις

231 2894 331 2961 ἔθνεσιν
345 2904 374 2960 σθ
390 2900 476 2961 πολλὰ
491 2899 675 2978 ὑπηγάγοντο,
696 2901 787 2978 χρόνον
811 2902 835 2959 τ’
860 2908 888 2963 οὗ
915 2907 1004 2988 πολλῷ

177 3012 205 3051 σο
232 2991 339 3048 πλείονα
363 2988 503 3047 διακοσίων
520 2990 584 3045 ίτῶν
608 2987 713 3060 ἔμειναν
737 2988 780 3046 ἐπὶ
800 2994 845 3060 τ’ἧς
870 2994 962 3071 ἀρχῆς.

232 3077 266 3137 Ἦ
279 3078 307 3136 δὲ
320 3073 489 3143 Μακεδονικὴ
504 3075 646 3130 δυναστεία
658 3072 705 3143 τὴν
721 3076 832 3152 Περσῶν
858 3081 1004 3138 καθελοῦσα

233 3165 308 3244 ἰσχὺν
324 3164 427 3240 μεγέθει
453 3164 501 3236 μίν
527 3165 609 3239 ἀρχῆς
628 3161 732 3228 θπάσας
757 3163 933 3243 ὓπερεόάλετο
957 3169 1004 3236 τὰς

231 3256 281 3332 πρό
295 3255 376 3324 αὐτῆς
386 3274 393 3287 ·
405 3252 497 3330 χρόνον
512 3248 536 3307 δ’
551 3248 602 3307 οὐδ’
618 3247 685 3319 αὕτη
699 3248 779 3308 roilo
791 3250 917 3325 ἤνθησεν,
936 3258 1004 3316 ἀλλά

232 3341 298 3417 μετδι
310 3339 358 3414 τὴν
373 3337 540 3416 Ἀλεξάνδρου
559 3335 683 3407 τελευτὴν
699 3339 741 3395 ἐπί
755 3339 785 3397 τὸ
803 3340 890 3418 χεῖρον
906 3340 1004 3417 ἤρξατο

176 3449 203 3487 as
231 3431 361 3508 φέρεσθαι.
403 3429 604 3486 Διασπασθεῖσα
627 3425 676 3503 γδρ
692 3428 727 3492 εἷς
747 3428 857 3493 πολλοὺς
871 3430 1003 3506 ἡγεμόνας

231 3514 371 3581 etulerint
387 3520 437 3574 τῶν
454 3513 600 3594 διαδόχων,
617 3513 663 3573 καὶ
677 3519 734 3589 μετ’
756 3517 866 3584 έκείνους
879 3519 942 3598 ἄχρι
955 3526 1002 3592 τῆς

232 3604 353 3680 δευτέρας
372 3602 389 3673 ἦ
410 3603 499 3682 τρίτης
514 3603 646 3682 ἰσχύσασα
660 3607 793 3681 προελθεῖν
808 3616 909 3682 γενεᾶς,
924 3611 1002 3668 ἀσθε-

230 3690 275 3761 νὴς
290 3690 356 3761 αὐτὴ
374 3694 406 3749 δι’
421 3695 515 3762 ῖαυτῆς
529 3691 630 3768 ἐγένετο
647 3693 692 3749 καὶ
706 3694 851 3752 τελευτῶσα
867 3696 917 3753 ὑπὸ
931 3695 1000 3757 Ῥω-

231 3781 316 3853 μαίων
330 3780 470 3858 ἠφανίσθη.
515 3780 567 3838 Καὶ
580 3780 633 3837 οὐδ’
649 3779 715 3851 αὕτη
730 3780 819 3854 μέντοι
833 3791 920 3841 πᾶσαν
932 3787 1002 3843 ε’πσι-

175 3882 203 3922 εο
230 3866 311 3935 ησατο
321 3872 369 3945 γῆν
381 3890 409 3927 τε
430 3869 473 3928 καλ
483 3869 616 3927 θάλασσαν
627 3867 755 3937 ὑπήκοον·
769 3868 828 3926 οὔτε
841 3868 891 3947 γδρ
903 3871 1002 3944 nette:

229 3952 268 4012 ὅτι
281 3955 318 4029 μὴ
331 3960 378 4026 τῆς
401 3957 464 4035 πρὸς
476 3955 600 4033 Αἰγύπτῳ
615 3958 714 4027 πολλῆς
735 3959 781 4014 οὐκ
797 3957 874 4027 οὔσης
892 3960 1002 4036 ἐκράτη-

229 4066 282 4112 σεν,
292 4041 349 4102 οὔτε
365 4044 411 4116 τὴν
427 4045 555 4124 Εὐρώπην
567 4046 629 4116 όλην
644 4046 802 4123 ὑπηγάγετο,
815 4048 882 4105 ἀλλὰ
891 4052 941 4105 τῶν
953 4051 1000 4124 μὲν

229 4131 336 4210 βορείων
355 4135 433 4204 αὐτῆς
451 4137 535 4214 μερῶν
550 4133 629 4213 μέχρι
643 4134 751 4214 Θρᾴκης
764 4138 888 4213 προῆλθε,
911 4143 963 4196 τῶν
979 4141 1001 4197 δ’

230 4219 375 4297 Ἐσπερίων
390 4222 468 4300 μέχρι
488 4227 532 4293 τῆς
555 4221 688 4299 Ἀδριανῆς
712 4224 811 4294 κατθόη
838 4225 979 4298 θαλάσσης.

173 4328 200 4367 ts
269 4309 320 4369 lll-
339 4311 373 4369 Αἱ
386 4309 433 4386 μὲν
445 4299 488 4368 οθν
500 4310 702 4391 ἐπιφανέσταται
712 4315 763 4369 τῶν
776 4312 886 4389 πρόσθεν
900 4317 999 4392 ἡγεμο·

229 4401 310 4463 νεῶν,
328 4397 358 4464 da
383 4399 581 4478 παρειλήφαμεν
602 4401 631 4457 ἐκ
656 4403 702 4470 τῆς
724 4400 853 4478 ἱστορίας,
869 4402 999 4475 τοσαότην

230 4484 317 4558 ἀκμήν
350 4484 447 4543 τεκαὶ
480 4484 554 4562 ῖσγιδν
579 4486 708 4542 λαθοῦσαι
744 4488 937 4557 κατελύθησαν·
953 4491 998 4555 τὰς

229 4571 280 4648 γάρ
298 4570 454 4641 Ἑλληνικὰς
468 4573 588 4646 δυνάμεις
613 4576 659 4631 οὐκ
677 4571 746 4639 ἀξιον
772 4577 861 4640 αὐταῖς
883 4579 999 4634 ἀντιπα-

228 4660 369 4741 ρεξετάζειν
395 4658 453 4719 οὔτε
478 4661 583 4737 μέγεθος
599 4663 682 4739 ἀρχῆς
705 4660 762 4720 οὔτε
777 4661 869 4741 χρόνον
896 4668 990 4744 ἕτερα·

171 4779 199 4821 ω
228 4751 298 4818 νείας
325 4754 447 4809 τοσοῦτον
474 4748 533 4807 ὅσον
560 4752 656 4807 ἐκεῖναι
681 4749 823 4828 λαβούσας.
867 4751 996 4821 Ἀθηναῖοι

229 4838 276 4912 μέν
291 4839 316 4916 γ’
332 4842 411 4906 αὐτῆς
425 4839 502 4913 μόνον
521 4829 600 4912 ἧρξαν
615 4842 660 4907 τῆς
675 4838 803 4917 παραλίου
821 4842 889 4898 δυεῖν
906 4840 996 4899 δέοντα

228 4925 397 4999 δόδομηκονά
423 4926 484 5000 έτη,
507 4925 553 4983 καί
579 4923 635 4983 οὐδὲ
661 4925 757 4997 ταύτης
782 4928 905 5003 ἁπάσης,
928 4929 997 4987 ἀλλά

227 5015 273 5079 τῆς
294 5014 363 5077 tato<
379 5014 500 5081 Εὐξείνου
517 5036 545 5071 τε
559 5013 653 5071 πόντου
667 5012 765 5071 καὶτοῦ
780 5014 938 5094 Παμφυλίου
950 5037 998 5074 πε·

225 5099 335 5176 λάγους,
359 5100 401 5158 ὅτε
429 5102 532 5178 μάλιστ’
560 5102 811 5179 ἐθαλασσοκράτουν.
864 5104 997 5161 Λακεδαι-

1065 436 1139 485 tanda
1152 437 1330 499 existimarem,
1345 452 1481 504 magnaque
1494 442 1617 506 diligentia
1628 445 1652 494 in
1665 450 1772 511 utroquo
1788 462 1839 501 ne·

1064 522 1130 584 gotio
1139 524 1295 587 exsequendo
1304 538 1363 573 usus
1374 539 1463 589 essem,
1474 542 1558 579 aarum
1568 545 1649 581 rerum
1657 534 1840 596 expositionem

1064 623 1143 672 neque
1154 611 1250 661 silentio
1260 614 1386 675 praeterire
1395 628 1473 679 neque
1482 617 1507 665 in
1516 618 1564 666 ertio
1570 621 1684 682 quopiam
1692 622 1746 672 loco
1754 624 1840 685 potius

1064 711 1140 760 quam
1151 699 1177 748 in
1190 702 1244 763 ipso
1255 702 1336 764 operis
1345 703 1463 764 proremio
1474 705 1591 755 collocare
1601 708 1674 759 solui.

1096 797 1127 844 ll.
1148 800 1322 859 Argumentum
1331 797 1406 861 igitur
1416 802 1560 863 praeclarum
1574 808 1598 852 et
1608 806 1764 868 magnificum
1772 809 1840 859 mul-

1064 891 1144 953 tisque
1156 893 1216 942 utile
1227 907 1266 942 me
1280 894 1381 958 elegisse
1389 895 1453 945 haud
1464 897 1535 960 longa
1544 898 1661 961 oratione,
1671 902 1766 964 opinor,
1778 916 1841 966 pro·

1064 989 1171 1039 bandum
1180 991 1235 1051 erit,
1250 990 1281 1041 iis
1292 992 1378 1041 saltem
1392 993 1433 1054 qui
1449 992 1558 1044 historia
1569 998 1705 1047 eommunis
1715 1013 1763 1048 non
1776 1004 1841 1053 suut

1064 1084 1162 1146 penitus
1173 1085 1288 1148 imperiti.
1322 1087 1402 1151 Siquis
1411 1088 1477 1137 enim
1486 1091 1595 1139 animum
1607 1091 1736 1143 aur-erton
1750 1095 1781 1145 ud
1798 1110 1841 1147 ur·

1063 1179 1130 1229 lium
1148 1180 1306 1244 gentiumque
1332 1182 1452 1245 imperia,
1466 1197 1523 1247 quoe
1537 1198 1552 1233 a
1568 1186 1736 1248 superioribus
1754 1202 1840 1252 usque

1062 1279 1160 1329 aaecnlis
1170 1281 1293 1330 memoriae
1307 1286 1366 1331 sunt
1378 1284 1490 1346 prodita,
1502 1290 1525 1332 et
1536 1286 1667 1347 separatim
1681 1289 1839 1350 unumquod·

1062 1388 1110 1436 que
1129 1376 1282 1427 considerans
1305 1382 1328 1428 et
1350 1379 1412 1428 inter
1430 1392 1457 1428 se
1479 1380 1569 1431 mltata
1589 1382 1747 1444 examinans,
1774 1385 1839 1436 velit

1061 1470 1204 1535 dignoscere
1223 1475 1348 1537 quodnam
1364 1490 1394 1526 ex
1408 1477 1438 1526 iis
1456 1478 1588 1527 mariniani
1599 1480 1735 1542 potentiam
1751 1481 1834 1546 adep·

1061 1571 1115 1617 turn
1136 1569 1180 1628 sit,
1200 1574 1225 1618 et
1237 1583 1295 1632 poce
1313 1568 1425 1632 belloque
1446 1584 1486 1620 res
1509 1571 1654 1621 (clementias
1669 1574 1790 1635 gesserit,
1812 1575 1836 1626 is

1061 1666 1196 1728 comperiet
1221 1664 1350 1727 aripertum
1384 1643 1521 1715 decumum
1553 1669 1635 1716 coiere
1667 1667 1749 1716 omnia
1775 1682 1837 1731 quta

1060 1768 1117 1813 ante
1125 1764 1205 1826 ipsum
1217 1768 1384 1812 memorantur
1399 1763 1469 1827 longe
1485 1776 1622 1827 superasse,
1635 1778 1681 1813 non
1696 1764 1775 1814 solum
1791 1780 1838 1817 xm·

1061 1860 1123 1923 perii
1141 1859 1308 1922 magnitudine
1321 1863 1346 1910 et
1367 1864 1587 1922 rerumgestarum
1609 1860 1748 1924 splendore,
1768 1876 1836 1925 quas

1059 1957 1126 2006 nulla
1151 1957 1211 2007 dum
1228 1956 1308 2006 oratio
1331 1970 1374 2019 pro
1398 1969 1482 2005 earum
1506 1956 1624 2018 dignitate
1648 1956 1752 2027 ornarit,
1790 1958 1837 2009 sed

1058 2054 1132 2103 etiam
1155 2054 1305 2117 longitudine
1326 2053 1457 2116 temporis,
1480 2052 1580 2114 quoad
1611 2057 1720 2103 nostram
1753 2068 1837 2118 usque

1059 2153 1158 2204 εείοίειο
1196 2155 1356 2214 propagatum
1387 2153 1433 2200 est.
1482 2152 1543 2199 itam
1576 2155 1745 2213 pervetustum
1770 2152 1836 2205 illud

1059 2247 1214 2310 Assyriorum
1232 2246 1377 2311 imperium,
1392 2246 1459 2309 quod
1469 2246 1501 2295 ad
1511 2246 1622 2297 sabulosa
1634 2260 1713 2312 usque
1722 2250 1837 2312 tempora

1060 2347 1197 2405 revocatur,
1219 2344 1329 2407 exiguam
1354 2342 1477 2405 quaudarn
1501 2342 1572 2392 Asiae
1594 2346 1689 2406 partem
1715 2344 1836 2399 obtinuit.

1060 2441 1187 2489 Medorum
1209 2454 1267 2490 vero
1279 2439 1422 2503 imperium,
1437 2452 1524 2488 everso
1537 2439 1651 2502 Assyrio,
1670 2445 1765 2502 partam
1780 2455 1833 2493 ma·

1060 2536 1135 2588 iorem
1152 2539 1287 2601 potentiam
1316 2535 1359 2585 din
1378 2549 1426 2585 non
1447 2535 1560 2595 retinuit,
1585 2535 1630 2585 sed
1653 2540 1741 2598 quarta
1759 2541 1836 2589 aetate

1057 2647 1170 2683 eversum
1182 2636 1229 2683 est.
1262 2639 1297 2682 Ac
1312 2636 1392 2682 Persae
1402 2631 1500 2694 quidem
1510 2630 1588 2681 Medis
1599 2631 1703 2681 devietis
1715 2636 1769 2681 tota
1779 2634 1833 2685 tere

1057 2731 1115 2780 Asia
1137 2730 1235 2780 tandem
1252 2732 1312 2779 sunt
1325 2729 1396 2793 potiti
1413 2748 1420 2778 ε
1437 2729 1481 2781 sed
1500 2731 1632 2792 Europaeos
1650 2727 1725 2779 etiam
1746 2735 1835 2792 gentes

1057 2829 1180 2892 aggressi,
1198 2841 1289 2891 paucas
1305 2827 1471 2889 subegerunt,
1493 2826 1673 2889 imperiumque
1685 2839 1733 2875 non
1748 2828 1833 2879 multo

1057 2927 1162 2991 amplius
1173 2939 1249 2989 quam
1257 2925 1376 2975 ducentos
1389 2936 1465 2973 annos
1474 2923 1634 2973 retinuerunt.
1667 2922 1835 2975 Macedonum

1057 3037 1116 3073 vero
1135 3021 1243 3086 potentia
1255 3021 1340 3070 tractis
1351 3022 1482 3069 Persarum
1499 3019 1586 3082 opibus
1603 3019 1698 3083 imperii
1711 3019 1833 3082 amplitu-

1056 3120 1112 3168 dine
1121 3130 1205 3167 omnes
1215 3118 1336 3180 quotquot
1347 3117 1402 3164 ante
1416 3114 1514 3164 inerant
1524 3115 1650 3177 superarit
1660 3131 1670 3168 ε
1681 3114 1724 3165 sed
1737 3126 1769 3166 na
1778 3116 1836 3167 haec

1056 3216 1157 3279 quidem
1171 3213 1214 3263 diu
1239 3212 1334 3272 tioruit,
1350 3225 1379 3261 ae
1400 3216 1457 3274 post
1473 3211 1605 3262 Alexandri
1618 3211 1714 3261 obitum
1726 3212 1835 3276 inpetus

1055 3327 1126 3363 ruere
1146 3311 1232 3374 erepit.
1266 3310 1355 3359 statim
1370 3308 1435 3358 erun
1456 3308 1502 3358 sub
1522 3309 1574 3358 eius
1594 3308 1781 3359 successorihus
1806 3310 1833 3361 iu

1054 3411 1145 3460 multos
1156 3407 1278 3474 principes
1285 3404 1402 3455 distracta
1412 3408 1437 3453 et
1447 3406 1503 3466 post
1513 3403 1568 3452 illos
1578 3404 1833 3469 adsecundamusquo

1055 3509 1186 3559 tertiamve
1204 3507 1304 3554 satutem
1325 3514 1466 3566 progressa,
1480 3502 1533 3565 ipsa
1546 3514 1589 3563 per
1604 3513 1631 3550 se
1645 3499 1773 3550 debilitata
1791 3504 1834 3553 σεε
1863 3504 1871 3517 “·

1053 3606 1202 3668 tandemque
1219 3616 1234 3652 a
1247 3600 1362 3652 Romanis
1376 3598 1467 3649 deleta.
1501 3603 1595 3648 t'erum
1609 3611 1640 3647 ne
1655 3597 1710 3646 lraac
1730 3596 1833 3658 quidem

1055 3715 1140 3751 omnes
1151 3705 1230 3751 terras
1242 3698 1373 3760 omniaque
1382 3695 1458 3745 maria
1469 3694 1494 3743 in
1507 3703 1580 3744 suern
1590 3693 1706 3743 ditionem
1718 3690 1830 3757 redegi13

1054 3798 1209 3860 nequeenim
1222 3795 1324 3854 Atticas,
1336 3792 1383 3842 nisi
1400 3792 1477 3854 partis
1497 3793 1600 3854 AEgypto
1619 3789 1744 3853 proximae
1760 3788 1833 3841 eiua·

1053 3892 1158 3955 demque
1168 3891 1271 3954 exiguae
1286 3889 1364 3953 potita
1377 3891 1430 3937 eat:
1443 3901 1522 3949 neque
1536 3890 1615 3936 totam
1629 3887 1751 3949 Europam
1767 3885 1831 3937 sult-

1054 3990 1116 4054 egit,
1140 3988 1185 4038 aed
1202 3986 1302 4036 abelus
1327 3983 1556 4048 septentrionalibus
1575 3982 1685 4046 partibus
1699 3981 1731 4033 ad
1749 3983 1834 4034 Tlrra·

1055 4088 1119 4136 ciam
1133 4097 1212 4146 usqne
1231 4082 1359 4146 processit.
1376 4080 1408 4130 ab
1426 4079 1621 4130 occidentalibus
1632 4091 1692 4128 rero
1707 4091 1787 4141 usque
1798 4078 1834 4129 ad

1055 4188 1206 4240 Adriaticum
1221 4199 1289 4236 maro
1304 4183 1439 4235 descendit.

1083 4288 1128 4337 tlt.
1145 4285 1275 4348 Superiora
1291 4284 1365 4346 igitur
1376 4280 1491 4344 imperia,
1506 4292 1563 4341 quae
1577 4277 1710 4327 clarissima
1718 4275 1831 4343 luerunt,

1051 4382 1080 4428 ut
1091 4391 1122 4427 ex
1140 4375 1242 4426 historia
1257 4373 1410 4436 accepimns,
1425 4373 1520 4421 tautum
1540 4369 1661 4432 lastigium
1680 4370 1834 4433 tantumque

1051 4472 1128 4523 robur
1142 4470 1244 4532 adepta,
1266 4481 1352 4518 eversa
1373 4469 1439 4515 sunt.
1473 4467 1534 4514 itum
1548 4466 1695 4511 Graecorum
1713 4474 1774 4525 opes
1787 4475 1833 4515 ns.

1051 4573 1177 4624 quaquam
1188 4572 1244 4607 cum
1254 4558 1291 4605 tris
1300 4556 1411 4605 conterre
1420 4554 1491 4610 licet,
1505 4551 1524 4600 si
1535 4548 1636 4613 quidem
1643 4561 1723 4612 neque
1732 4551 1834 4603 tantam

1051 4653 1147 4717 imperii
1166 4649 1360 4714 amplitudinem,
1383 4660 1462 4710 neque
1480 4649 1531 4695 tam
1549 4643 1694 4692 diuturnum
1711 4638 1832 4703 splendo-

1050 4755 1184 4804 remquam
1200 4739 1240 4790 illa
1255 4742 1373 4788 assecutae
1388 4740 1454 4786 sunt.
1487 4736 1646 4786 Athenienses
1666 4732 1732 4783 enim
1748 4746 1832 4787 annos

1051 4837 1285 4902 duodeseptuaginla
1319 4836 1362 4885 soli
1385 4849 1435 4884 orae
1459 4834 1603 4893 maritimae,
1625 4833 1699 4894 atque
1719 4842 1750 4879 ne
1766 4828 1834 4883 holo

1050 4933 1150 4995 quidem
1171 4929 1231 4988 toti,
1250 4928 1292 4978 sed
1317 4928 1339 4977 ei
1360 4941 1416 4991 quea
1436 4932 1472 4978 est
1490 4927 1554 4977 intra
1568 4925 1691 4975 Euxinum
1709 4934 1780 4972 mare
1802 4924 1834 4975 et

1052 5018 1222 5082 Pamphylium
1247 5017 1361 5079 pelagus,
1389 5030 1438 5079 quo
1456 5020 1565 5078 tempora
1592 5024 1717 5062 summum
1746 5008 1831 5063 maria

1050 5110 1180 5174 imperium
1201 5106 1352 5169 habuerunt,
1372 5107 1531 5168 imperarunt.
1564 5098 1741 5152 Lacedaemonii
1756 5110 1832 5159 raro,
