3772 5828
107 830 116 843 -
131 805 144 840 ⁵
175 797 252 855 παντί
267 797 352 875 τούτῳ
370 800 407 876 τῷ
420 799 506 876 χρόνῳ
519 799 553 856 sd
572 801 735 856 συντείνοντα
746 798 810 878 πρός
822 801 870 871 τὴν
884 799 949 857 ύπό·

120 1257 145 1300 κ,

172 312 195 373 6
306 327 312 337 ’
693 311 858 376 btoat‘stt
883 314 1261 381 unbauranasslin'srs

175 441 286 514 σούσης,
304 442 349 500 καὶ
369 443 413 501 τόν
429 443 456 510 ἐξ
476 443 572 502 ἐκείνω
593 446 686 522 χρόνον
708 447 774 505 ἐτῶν
793 444 838 506 δύο
852 446 897 505 καὶ
909 445 944 504 εί-

174 553 233 590 κσσι
248 530 328 610 μέχρι
340 536 385 590 τοῦ
400 529 528 612 παρόντος
542 532 680 611 γενόμενον
699 537 725 592 ἐν
740 533 834 615 Ῥώμη
851 535 948 615 διατρί-

175 624 251 697 ψας,
275 621 408 680 διάλεκτόν
439 644 467 679 τε
493 621 540 693 τὴν
569 620 725 698 Ῥωμαϊκὴν
754 621 875 699 ἐκμαθὼν
903 621 947 682 καί

175 709 338 785 γραμμάτων
366 713 418 768 τῶν
440 708 589 788 ἐπιχωρίων
615 709 706 768 tribu
726 711 890 787 ἐπιστήμην,
920 713 947 768 ἐν

175 890 243 942 θεσιν
258 883 355 956 ταύτην
384 884 512 944 διετέλουν
538 888 795 964 πραγματευόμενος.
843 889 896 946 Καὶ
910 885 943 946 τδι

175 972 221 1045 μὲν
246 972 317 1049 παρὰ
341 977 392 1030 τῶν
409 973 577 1050 λογιωτάτων
601 978 717 1052 ἀνδρῶν,
736 967 773 1041 οἷς
789 978 825 1043 είς
841 975 946 1050 ὁμιλίαν

174 1054 266 1132 ἦλθον,
281 1062 376 1140 διδαχῇ
402 1061 582 1137 παραλαόών·
604 1063 637 1120 τὰ
662 1063 684 1120 δ’
705 1067 804 1122 ἐκτῶν
825 1066 945 1141 ἱστοριῶν

174 1149 382 1222 ἀναλεξάμενος,
396 1149 426 1215 ἃς
440 1152 464 1206 οἱ
488 1149 553 1228 πρός
568 1151 654 1209 αὐτῶν
674 1152 857 1227 ἐπαινούμενοι
874 1150 945 1211 Ῥω-

172 1236 256 1313 μαίων
278 1238 459 1317 συνέγραψαν,
482 1239 593 1316 Πόρκιός
611 1261 640 1297 τε
668 1240 764 1298 Κάτων
779 1239 824 1296 καί
842 1238 946 1305 «bitror

173 1325 292 1402 Μάξιμος
306 1326 351 1383 καὶ
372 1326 514 1401 Οὐαλέριος
534 1330 548 1383 ὁ
563 1327 686 1396 Ἀντιεύς,
698 1332 742 1384 καὶ
758 1328 869 1392 Λικίνιος
884 1327 944 1386 Μά-

171 1437 233 1490 κερ,
246 1411 331 1471 abui
349 1436 378 1470 τε
393 1416 437 1470 καὶ
453 1412 557 1473 Γέλλιοι
572 1415 617 1471 καὶ
632 1415 810 1493 Καλπούρνιοι
825 1415 868 1472 καὶ
888 1414 944 1472 ἔτει

173 1524 211 1576 por
226 1502 315 1579 συχνοὶ
330 1501 394 1581 πρὸς
405 1501 504 1567 τούτοις
519 1504 608 1581 ἄνδρες
621 1506 668 1560 οῦκ
681 1505 796 1582 άρανεῐς,
814 1503 861 1559 ἀπ’
879 1503 945 1561 ἐκεί-

172 1613 222 1646 νοιν
239 1588 389 1668 ὁρμώμενος
403 1593 454 1647 τῶν
468 1596 668 1668 πραγματειῶν·
692 1591 741 1648 εἶσὶ
765 1592 792 1649 δὲ
811 1595 866 1658 ταῖς
881 1591 944 1650 Ἑλ-

129 1707 137 1740 :
172 1680 290 1746 ληνικαῖς
302 1679 505 1757 χρονογραφίαις
525 1680 648 1736 ἐοικυῖαι·
664 1679 718 1739 τότ’
738 1680 897 1758 ἐπεχείρησα
911 1684 944 1758 τῇ

172 1769 270 1843 γραρῇ.
315 1769 409 1824 Ταῦτα
429 1766 476 1842 μὲν
493 1756 536 1825 σύν
565 1766 630 1845 ὑπὲρ
655 1769 769 1844 ἐμαυτοῦ
789 1769 943 1846 διείλεγμαι.

171 1852 269 1912 Λοιπόν
282 1857 338 1913 ἔστι
350 1853 377 1910 δέ
391 1877 434 1930 μοι
448 1854 492 1912 καὶ
506 1853 624 1931 περὶτῆς
639 1857 752 1934 ἱστορίας
764 1857 845 1926 αὐτῆς
856 1878 943 1935 προει-

171 1945 244 2014 πεῖν,
269 1944 321 2000 τίσι
344 1941 367 1999 τ’
383 1943 466 2011 αὐτὴν
485 1942 674 2023 περιλαμόιίνω
697 1944 798 2024 χρόνοις
824 1943 944 2023 καὶπερὶ

169 2031 245 2087 τίνων
263 2035 389 2106 ποιοῦμαι
404 2033 568 2108 πραγμάτων
589 2030 634 2103 τὴν
653 2031 773 2108 διήγησιν
795 2032 841 2089 καλ
861 2054 943 2090 ποτα·

169 2118 217 2175 τὸν
234 2119 383 2194 ἀποδίδωμι
400 2117 430 2176 τό
446 2123 539 2195 σχῆμα
553 2122 586 2197 τῇ
602 2120 781 2199 πραγματεία.

207 2207 287 2268 titt.
307 2203 438 2286 Ἄρχομαι
449 2208 497 2281 μὲν
510 2198 553 2264 οῦν
567 2211 612 2276 τῆς
627 2208 742 2285 ἱστορίας
754 2208 807 2264 άπὸ
818 2210 870 2264 τῶν
887 2231 941 2264 ποι-

166 2293 313 2353 λαιοτάτων
322 2296 419 2371 μύθων,
432 2294 474 2360 οῦς
485 2294 629 2372 παρέλιπον
640 2300 663 2354 οἱ
675 2295 725 2375 πρό
734 2297 796 2373 ἐμοῦ
810 2295 943 2373 γενόμενοι

168 2391 325 2460 συγγραφεῖς
354 2382 485 2460 χαλεποὺς
510 2382 590 2449 ὄντας
610 2385 670 2442 ἄνευ
691 2384 874 2461 πραγματείας
894 2408 942 2460 με·

167 2469 249 2547 γάλης
267 2470 444 2550 ἐξευρεθῆναι·
467 2471 640 2540 resaisistis»
656 2472 682 2530 δὲ
698 2471 746 2540 την
759 2471 878 2546 ’διήγησιν
896 2473 941 2530 ἐπί

127 2585 134 2593 ·
167 2559 215 2628 τὴν
229 2558 314 2637 ἀρχὴν
328 2563 373 2617 τοῦ
391 2559 495 2635 πρώτου
508 2563 661 2619 Φοινικικοῦ
677 2562 792 2636 πολέμου
806 2560 853 2630 τὴν
869 2583 941 2635 γενο-

168 2645 249 2716 μένην
260 2649 370 2727 ἐνιαυτῷ
384 2648 464 2728 τρίτῳ
475 2653 522 2718 τῆς
535 2649 626 2722 ὀγδόης
638 2649 683 2706 καί
695 2649 813 2717 εἰκοστῆς
831 2649 874 2706 ἐπὶ
885 2649 942 2714 ταῖς

165 2738 257 2814 §sarda
273 2735 442 2812 ὀλυμπιάσιν.
486 2737 650 2818 ’Λρηγοῦμαι
672 2738 699 2795 δὲ
719 2737 776 2802 τούς
784 2737 814 2793 τ’
832 2737 943 2802 ὀθνείους

165 2825 294 2900 πολέμους
308 2831 355 2897 τῆς
380 2826 480 2890 πόλεως
494 2825 633 2896 ἅπαντας,
655 2825 699 2891 οῦς
718 2826 744 2882 ἐν
759 2825 866 2890 ἐκείνοις
889 2832 943 2889 τοῖς

165 2915 268 2992 χρόνοις
280 2915 441 2990 ἐπολέμησε,
458 2914 504 2971 καὶ
519 2914 564 2978 τὰς
579 2912 719 2989 ἐμφυλίους
731 2911 834 2976 στάσεις
845 2911 943 2976 ὁπόσας

124 3032 133 3062 ι
166 3000 330 3072 ἐστασίασεν,
341 3000 367 3068 ἐξ
382 3000 442 3057 οἵων
456 3003 547 3057 αἰτιῶν
563 3001 682 3076 ἐγένοντο
699 2999 743 3058 καὶ
760 2999 791 3055 δι’
808 2996 869 3055 οἴων
882 2997 941 3077 τρό-

166 3113 223 3147 πων
239 3088 326 3144 τεκαὶ
348 3086 432 3165 λόγοιν
454 3085 649 3158 κατελύθησαν·
671 3090 808 3144 πολιτειῶν
824 3088 848 3141 τ’
870 3085 941 3152 ἰδέας

166 3174 274 3250 διέξειμι
289 3174 388 3250 πάσας,
404 3173 476 3239 όσαις
487 3174 619 3252 ἐχρήσατο
633 3177 823 3251 βασιλευομένη
843 3196 872 3231 τε
896 3174 942 3230 καί

166 3264 234 3343 μετὰ
249 3263 298 3335 τὴν
313 3265 457 3323 κατάλυσιν
480 3267 531 3321 τῶν
549 3263 704 3344 μονάρχων,
730 3264 775 3321 καί
788 3264 826 3330 τίς
841 3255 872 3334 ἦν
895 3264 942 3320 αὖ·

165 3360 216 3414 τῶν
232 3353 345 3425 ἑκάστης
359 3357 373 3411 ό
385 3352 499 3424 κόσμος·
514 3350 560 3424 ἔθη
576 3375 603 3409 τε
627 3352 661 3410 cd
684 3353 812 3430 κράτιστα
833 3349 878 3409 καὶ
899 3351 942 3408 νύ-

126 3468 134 3478 ·
166 3466 228 3514 μους
242 3443 300 3510 τοὺς
313 3440 532 3523 ἐπιφανεστάτους
546 3442 706 3518 διηγοῦμαι,
722 3441 767 3498 καὶ
792 3438 942 3512 συλλήόδην

110 3900 138 3941 40

110 4343 136 4382 θ’)

111 4794 137 4831 bil

165 3534 223 3590 ὅλον
256 3530 419 3606 ἐπιδείκνυμι
460 3529 504 3588 τόν
530 3531 639 3610 ἀρχαῖον
668 3527 724 3608 βίον
755 3533 801 3600 τῆς
831 3528 940 3593 πόλεως.

165 3623 265 3697 Σχῆμα
280 3618 302 3677 δ’
316 3618 465 3695 ἀποδίδωμι
485 3623 518 3698 τῇ
537 3615 780 3698 πραγματείᾳ,,ούθ’
805 3617 894 3676 ὁποῖον
917 3619 941 3677 σί

165 3712 224 3773 τοὺς
235 3710 363 3773 πολέμους
377 3708 577 3788 ἀναγράψαντες
591 3706 774 3766 ἀποδεδώκασι
793 3709 850 3772 ταῖς
869 3707 941 3764 ἱστο-

168 3794 244 3872 ρίαις,
261 3793 314 3852 οὔθ’
329 3798 417 3854 ὁποῖον
444 3799 467 3853 οἱ
488 3794 534 3862 τδις
558 3797 691 3861 πολιτείας
713 3794 793 3859 αὐτάς
818 3795 858 3873 ἐρ’
877 3796 941 3852 ἑαυ-

164 3885 216 3940 τῶν
229 3881 429 3958 διηγησάμενοι,
445 3880 504 3939 οὗτε
519 3886 576 3948 ταῖς
589 3882 724 3961 χρονικαῖς
742 3880 941 3959 παραπλήσιον,

167 3969 196 4036 ἃς
217 3969 345 4035 ἐξέδωκαν
360 3972 383 4029 οἱ
398 3971 443 4036 τὰς
460 3970 575 4036 Ἀτθίδας
587 3970 869 4049 πραγματευσάμενοι·
886 3992 940 4046 μο-

166 4058 270 4123 νοειδεῖς
290 4058 341 4136 γὰρ
352 4059 449 4117 ἐκεῖναί
463 4082 491 4116 τε
507 4059 552 4116 καὶ
574 4059 642 4137 ταχὺ
658 4057 869 4137 προσιστάμεναι
885 4066 938 4124 τοῖς

168 4144 323 4207 ἀκούουσιν·
349 4147 406 4203 ἀλλ’
423 4145 448 4213 ἐξ
473 4146 578 4217 ἁπάσης
593 4146 662 4214 ἰδέας
678 4147 780 4221 μικτὸν,
799 4145 939 4224 ἐναγωνίου

167 4256 195 4290 τε
211 4234 255 4290 καί
272 4237 443 4312 θεωρητικῆς,
459 4232 502 4291 ίνα
517 4235 562 4292 καὶ
578 4235 705 4314 τοῖςπερὶ
721 4233 781 4300 τοὺς
794 4231 940 4300 πολιτικούς

166 4321 325 4398 διατρίόουσι
336 4320 428 4398 λύγους
442 4322 487 4379 καὶ
497 4324 616 4404 τοῖςπερὶ
631 4322 678 4394 τὴν
692 4322 831 4403 ριλόαορον
845 4326 939 4382 ἐσπου-

166 4419 259 4475 δακόσι
278 4416 387 4497 θεωρίαν
412 4416 456 4474 καλ
481 4419 506 4475 εἴ
528 4440 595 4476 τισιν
624 4418 755 4498 ἀοχλήτου
777 4419 864 4490 δεήσει
880 4420 937 4476 δια·

165 4509 253 4581 γωγῆς
281 4505 306 4561 ἐν
335 4507 474 4584 ἱστορικοῖς
507 4504 727 4584 ἀναγνώσμασιν,
764 4504 940 4585 ἀποχρώντως

166 4593 263 4672 ἔχουσα
279 4592 416 4673 φαίνηται.
459 4590 496 4651 Ἡ
512 4592 559 4670 μὲν
572 4585 615 4651 σύν
629 4595 729 4673 ίοτορίοι
742 4594 802 4669 περὶ
815 4592 936 4652 τοιούτων

166 4706 193 4739 τε
206 4683 344 4759 γενήσεται
359 4679 524 4761 πραγμάτοιν
539 4683 584 4740 καὶ
597 4681 715 4741 τοιούτου
738 4681 855 4751 τεύξεται
869 4680 936 4760 σχή-

166 4793 256 4844 ματος·
274 4774 288 4829 ό
310 4770 338 4830 δὲ
358 4769 485 4837 συντάξας
500 4769 583 4841 αὐτήν
596 4773 651 4845 ιίμι
674 4769 808 4838 Διονύσιος
821 4770 938 4839 Ἀλεξάν·

166 4859 226 4937 δρου
244 4856 459 4937 Ἁλικαρνασεύς·
478 4857 594 4936 ἄρχομαι
608 4860 631 4916 δ’
648 4859 757 4921 ἐνθένδε.

205 4948 259 5009 ΙΧ.
275 4947 334 5018 Τὴν
347 4946 464 5024 ἡγεμόνα
479 4946 579 5021 γῆςκαί
593 4946 725 5018 θαλάσσης
736 4947 842 5019 ἁπάσης
848 4946 936 5018 πόλιν,

167 5032 199 5103 ἣν
215 5039 260 5093 νῦν
280 5040 433 5095 κατοικοῦσι
449 5033 597 5112 Ῥωμαῖοι,
613 5035 784 5095 παλαιότατοι
798 5039 851 5094 τῶν
872 5056 938 5112 μνη·

166 5123 346 5199 μονιυομίνων
364 5124 485 5201 λέγονται
503 5130 647 5204 κατασχεῖν
668 5122 798 5204 βάράαροι
815 5123 938 5191 Σικελοί,

1005 457 1048 506 itlo
1062 458 1170 520 tempme
1184 458 1215 507 ad
1230 458 1293 507 bano
1306 472 1385 520 usque
1395 459 1462 511 diem
1476 474 1553 511 annos
1569 462 1656 525 viginti
1673 463 1699 513 et
1717 464 1780 515 duos

1003 566 1087 613 Romae
1100 563 1260 625 mansissem,
1271 566 1297 614 et
1311 578 1448 616 sermonem
1459 570 1597 618 Romanum
1609 568 1777 635 edidicissern,

1003 667 1178 731 literarumque
1187 669 1254 718 illius
1264 670 1368 733 regionis
1376 672 1536 735 cognitionem
1548 673 1652 737 adeptus
1664 676 1776 740 labsum,

1003 776 1055 823 toto
1072 773 1119 823 boc
1133 778 1242 838 tempore
1257 776 1282 825 in
1297 790 1382 826 curam
1394 791 1496 837 corum,
1512 794 1568 842 quar
1587 782 1618 831 ad
1641 783 1716 833 buius
1728 786 1777 836 mei

1001 880 1082 942 operis
1101 885 1273 943 argumentum
1286 882 1429 945 spectabant
1460 890 1581 948 perpetuo
1602 887 1712 939 incubui.
1746 894 1776 941 ut

1002 995 1061 1033 eum
1087 985 1135 1034 alia
1152 999 1167 1034 a
1185 985 1334 1036 doctissimis
1353 987 1429 1047 siris,
1450 988 1592 1051 inquorum
1610 993 1772 1043 consuetudi-

1001 1101 1057 1137 nem
1069 1102 1109 1139 me
1121 1090 1282 1151 insinuaram,
1298 1090 1403 1142 edoctus
1414 1093 1577 1156 accepissem,
1598 1094 1645 1145 alia
1656 1109 1688 1144 ex
1701 1096 1777 1146 tristo

1001 1196 1043 1245 riis
1061 1195 1252 1259 decerpsissem,
1264 1210 1325 1259 quas
1340 1198 1443 1247 Romani
1452 1201 1591 1262 scriptores
1604 1199 1636 1250 ab
1648 1200 1709 1266 ipsis
1719 1201 1775 1254 lau·

1000 1301 1052 1350 dati
1072 1305 1277 1365 composuerunt,
1304 1303 1404 1353 Porcius
1429 1305 1506 1363 Cato,
1531 1305 1620 1354 Fabius
1636 1307 1775 1372 Maximus,

1002 1405 1114 1455 Valerius
1127 1407 1227 1466 Antias,
1245 1407 1351 1456 Licinius
1367 1412 1457 1469 blacer,
1479 1411 1549 1471 retii,
1564 1411 1649 1473 Gellii,
1670 1413 1774 1476 Calpur·

1000 1511 1049 1571 nii,
1072 1515 1096 1562 et
1120 1518 1210 1577 praeter
1228 1513 1289 1563 istos
1306 1515 1375 1564 roulti
1396 1516 1435 1565 alii
1457 1517 1502 1566 riri
1516 1532 1563 1567 non
1577 1518 1707 1581 ignobiles,
1727 1519 1773 1568 bo·

999 1630 1054 1665 rum
1068 1618 1249 1668 commentariis
1261 1632 1322 1669 usus
1337 1621 1409 1684 (sunt
1422 1626 1504 1671 nutem
1527 1624 1621 1673 Graecis
1643 1622 1774 1674 enodibus

999 1721 1121 1784 similes),
1135 1727 1194 1772 tunc
1211 1723 1311 1773 demum
1331 1724 1394 1774 bane
1415 1726 1540 1775 historiam
1555 1727 1777 1779 seribendamsnm

999 1835 1136 1886 aggressus.
1157 1829 1237 1887 Atque
1250 1823 1412 1888 trusoquirlem
1424 1827 1454 1874 cle
1469 1839 1510 1876 rna
1517 1827 1569 1889 ipso
1578 1827 1691 1878 disserui.
1725 1832 1775 1880 lte·

999 1923 1093 1989 liqurun
1107 1929 1145 1975 est
1160 1930 1187 1975 ut
1201 1930 1226 1976 et
1242 1927 1273 1977 de
1285 1927 1338 1991 ipsa
1356 1927 1457 1978 historia
1473 1942 1651 1992 praemoneam,
1670 1929 1772 1993 quibus·
1795 1932 1800 1943 '

998 2047 1053 2083 narn
1065 2045 1120 2083 eam
1132 2034 1331 2084 circumscribam
1345 2036 1505 2098 torporibus,
1516 2041 1540 2085 et
1555 2036 1688 2099 quibusda
1700 2036 1776 2086 rebus

998 2136 1160 2186 narrationem
1175 2137 1309 2193 conticium,
1323 2142 1348 2186 et
1362 2151 1435 2199 quam
1453 2138 1555 2187 sormam
1572 2140 1639 2201 oport
1652 2138 1771 2188 tribuam.

1030 2236 1099 2285 VlIl.
1119 2236 1251 2285 Historiam
1262 2241 1345 2285 nartem
1357 2237 1478 2286 orcliorab
1489 2238 1664 2300 antiquissimis
1675 2237 1776 2300 tabulis,

997 2346 1059 2395 quas
1068 2333 1208 2396 superiores
1221 2333 1352 2398 scriptores
1364 2335 1580 2398 praetenuiserunt‚
1593 2335 1659 2399 quod
1667 2335 1777 2385 nonsine

997 2437 1140 2488 ditlleultate
1154 2442 1180 2489 et
1196 2452 1284 2503 magno
1298 2439 1394 2500 negotio
1416 2437 1516 2502 reperiri
1531 2442 1638 2502 possent.
1673 2437 1776 2488 betlnco

997 2548 1080 2594 autem
1094 2545 1259 2595 narrationem
1277 2558 1356 2609 υεηυο
1367 2545 1398 2594 ad
1412 2544 1509 2594 initium
1522 2542 1593 2607 primi
1608 2543 1663 2592 belli
1676 2542 1773 2603 Punici,

996 2649 1063 2711 quod
1078 2649 1123 2700 snit
1142 2663 1206 2699 anno
1226 2651 1300 2700 tertio
1325 2649 1469 2713 olympiadis
1491 2649 1630 2699 centesimas
1645 2648 1776 2707 vigesimo
1813 2666 1816 2671 ·

996 2756 1098 2803 octavae.
1132 2757 1209 2803 lt'arro
1228 2759 1310 2804 nutem
1320 2758 1345 2804 ei
1356 2754 1437 2803 omnia
1455 2753 1518 2802 bella
1530 2756 1642 2810 externa,
1656 2765 1713 2812 qum
1726 2765 1773 2814 pu·

996 2856 1071 2921 paulus
1090 2862 1213 2909 Romanus
1236 2859 1282 2909 iilis
1308 2859 1460 2922 temporibus
1482 2859 1569 2921 gessit,
1594 2861 1619 2907 et
1643 2856 1775 2907 intestinas

997 2963 1129 3013 seditiones
1149 2963 1241 3025 quibus
1257 2962 1390 3023 laborarit,
1404 2963 1493 3025 quibus
1507 2977 1537 3013 ex
1552 2961 1633 3011 causis
1643 2964 1705 3009 ortae
1717 2960 1773 3011 lue-

998 3069 1062 3127 rint,
1075 3068 1195 3130 quibnsre
1215 3067 1295 3117 modis
1309 3073 1334 3118 et
1350 3069 1485 3118 rationibus
1498 3066 1650 3130 eourpositae.
1682 3070 1775 3118 Perse·

996 3188 1059 3237 ‹luor
1081 3173 1155 3225 etiarn
1171 3175 1310 3238 reipublicae
1330 3176 1429 3236 tonnas,
1448 3175 1538 3236 utribus
1557 3188 1617 3223 usus
1633 3177 1671 3222 est
1685 3176 1711 3222 et
1724 3175 1773 3226 sub

997 3280 1093 3344 regibus
1110 3283 1205 3343 etpost
1223 3283 1322 3329 exactos
1338 3294 1423 3343 roges,
1448 3283 1472 3329 et
1491 3280 1534 3343 qni
1552 3279 1618 3343 ordo
1640 3292 1669 3327 ae
1690 3278 1769 3328 disei-

996 3381 1062 3446 plina
1083 3382 1274 3443 uniuscuiusque
1286 3380 1359 3431 tuerit
1376 3395 1477 3431 :artures
1498 3380 1572 3430 etiam
1584 3379 1720 3442 praecipuos
1744 3382 1772 3431 et

997 3481 1061 3547 loges
1076 3481 1224 3531 clarissimas
1240 3493 1369 3540 recenseo,
1391 3483 1416 3529 et
1435 3481 1460 3530 in
1480 3493 1576 3529 suintila
1594 3481 1670 3528 totam
1685 3478 1771 3541 populi

996 3583 1099 3635 Romani
1121 3585 1227 3649 priscam
1248 3583 1346 3633 risendi
1371 3583 1490 3632 rationem
1513 3580 1662 3630 demonstro.
1695 3579 1771 3641 Operi

996 3704 1054 3740 veru
1064 3691 1165 3740 tonnam
1183 3689 1225 3744 do,
1242 3702 1286 3739 nee
1294 3688 1391 3752 qualem
1402 3688 1435 3737 illi
1449 3687 1568 3736 bellorum
1579 3685 1709 3748 scriptores
1719 3686 1771 3734 suis

997 3797 1105 3846 historiis
1128 3795 1265 3854 dederunt,
1281 3807 1327 3843 nec
1345 3794 1443 3855 qualem
1468 3791 1510 3854 qui
1534 3788 1770 3851 rerumpublicarum

995 3907 1086 3955 torrrras
1098 3903 1230 3965 separatim
1245 3903 1404 3958 enarrarunt,
1418 3910 1497 3961 neque
1512 3894 1640 3944 annalibus
1654 3893 1768 3953 similem,

995 4021 1058 4070 quos
1071 4007 1202 4057 ediderunt
1217 4005 1260 4068 qni
1288 4018 1327 4054 res
1351 4004 1445 4053 Atticas
1465 4000 1617 4063 scripserunt
1632 3998 1683 4061 (ilii
1704 4000 1770 4049 enim

995 4115 1125 4178 simplices,
1136 4116 1161 4163 et
1172 4111 1326 4162 auditoribus
1338 4123 1392 4159 mur
1402 4107 1500 4158 fastidio
1513 4109 1571 4156 suut
1580 4105 1597 4168 ),
1607 4105 1650 4156 sed
1666 4107 1768 4156 rrrtrraru

995 4232 1027 4269 ex
1042 4216 1150 4281 quolibet
1163 4229 1251 4279 genere
1270 4212 1397 4272 orationis,
1412 4216 1437 4261 et
1452 4210 1541 4260 lorensi
1554 4213 1578 4260 et
1591 4208 1767 4273 philosophico,

995 4323 1024 4370 ut
1036 4317 1140 4369 satisfiat
1155 4320 1182 4367 et
1193 4317 1223 4366 iis
1241 4314 1283 4378 qui
1297 4313 1410 4363 civilibus
1422 4312 1525 4374 negotiis
1536 4316 1625 4360 carnut
1637 4315 1661 4360 et
1685 4310 1714 4358 iis
1726 4310 1769 4373 qui

995 4417 1169 4483 plailosopbicro
1186 4414 1386 4478 contemplationi
1402 4415 1463 4464 alant
1474 4426 1574 4477 operam
1585 4449 1592 4473 ,
1605 4415 1629 4462 et
1641 4412 1661 4460 si
1679 4411 1769 4473 quibus

994 4519 1076 4582 quieta
1088 4516 1249 4568 oblectatione
1268 4516 1292 4564 in
1313 4514 1471 4564 historiarum
1491 4511 1595 4562 lectione
1621 4522 1684 4574 opus
1708 4507 1764 4557 erit.

996 4622 1051 4671 idea
1071 4618 1145 4684 igitur
1166 4619 1269 4668 historia
1282 4617 1313 4668 de
1327 4617 1395 4667 bisce
1414 4617 1488 4667 rebus
1502 4618 1556 4677 aget
1572 4617 1598 4662 et
1619 4612 1693 4662 talem
1716 4610 1768 4659 tor-

994 4745 1058 4784 mam
1071 4730 1195 4780 sortietur.
1229 4732 1321 4779 Auctor
1336 4741 1396 4778 rero
1410 4727 1464 4776 eins
1485 4738 1541 4775 sum
1556 4736 1614 4785 ego,
1635 4718 1768 4781 Dionysius

994 4836 1125 4887 Alexandri
1138 4838 1166 4885 F.
1183 4834 1412 4885 Halicarnassensis.
1446 4835 1527 4895 Atque
1540 4830 1599 4879 irinc
1610 4826 1734 4878 exordior.

1025 4932 1066 4980 lli.
1082 4929 1172 4979 Urbem
1184 4930 1255 4978 ano
1263 4927 1385 4989 marisque
1394 4927 1469 4977 totius
1478 4924 1693 4983 nonnumquam
1704 4931 1769 4968 nunc

993 5026 1096 5078 Romani
1106 5026 1228 5081 incolunt,
1242 5025 1314 5088 primi
1329 5025 1438 5074 omnium
1462 5024 1506 5086 qui
1529 5021 1654 5072 memoriae
1676 5015 1767 5081 proditi

993 5134 1052 5180 sunt
1074 5129 1188 5179 seruntur
1202 5127 1310 5178 tenuisse
1327 5124 1426 5175 barbari
1451 5124 1540 5186 Siculi,
1557 5135 1616 5186 gens
1641 5118 1762 5180 indigena.
