3772 5828
202 350 264 411 662

203 509 216 536 ε
231 487 296 559 γεῖν.
311 505 324 533 ν
340 478 456 539 Πλιίονα
467 478 494 537 δὲ
509 478 595 538 αὐτῶν
609 478 702 560 χρόνον
717 481 890 558 αἰτουμένων,
906 483 979 543 οὐδὲν

203 571 243 630 έτι
258 569 467 650 ἀποκρινάμενος
489 565 586 640 ἀνίστη
609 567 655 627 καί
673 569 718 628 τὸν
734 568 823 651 δίρρον
845 572 979 631 ίκέλευσιν

204 667 275 719 ἀοι.

224 686 377 810 pXXXIII.
400 743 451 812 Ὣς
465 744 493 804 δέ
509 747 625 816 ἀπῆλθεν
640 746 729 817 ἀκτῆς
744 747 858 824 ἀγορᾶς,
878 749 981 824 ἀδημο-

162 851 175 890 ο
204 842 254 897 νῶν
276 837 321 896 καὶ
347 833 502 912 μαινόμενος
523 832 575 891 iol
597 839 643 892 τοῦ
658 833 776 909 πάθους,
794 834 861 912 έγνω
885 836 980 913 μηκέτι

203 925 327 1002 μεθέσθαι
349 926 396 994 τῆς
420 919 550 1001 παρθένου
573 920 627 987 τοῖς
655 922 818 998 συγγενέσιν,
837 925 896 981 ἀλλ’
919 921 980 980 ὅταν

202 1013 247 1074 ἐπὶ
261 1013 308 1084 τήν
321 1010 416 1091 ἐγγύην
433 1012 574 1089 προαχθῇ,
596 1009 663 1086 μετθ
682 1008 741 1087 βίας
758 1009 839 1082 αὐτὴν
855 1010 978 1087 ἀπάγειν,

202 1105 288 1183 έαυτῷ
299 1124 327 1159 τε
341 1099 451 1159 πλείονα
463 1099 582 1180 φυλακὴν
596 1098 837 1174 περιστησάμενος,
849 1101 884 1164 ὡς
898 1097 979 1174 μηδὲν

202 1192 253 1250 ύπύ
269 1195 320 1250 τῶν
335 1190 422 1270 ὄχλων
446 1187 583 1268 βιασθείη,
597 1187 643 1246 καὶ
658 1186 692 1245 τά
707 1186 782 1267 πέριξ
798 1193 845 1247 τοῦ
861 1189 980 1267 βήματος

150 1305 175 1343 m
202 1282 312 1358 έταίρων
326 1303 354 1338 τε
370 1279 415 1338 καὶ
429 1279 550 1336 πελατῶν
566 1275 639 1357 ἀχλῳ
653 1275 874 1356 προκαταλαόών.
919 1275 978 1336 Ἵνα

151 1354 159 1367 ⁴
202 1371 230 1429 δὲ
244 1370 290 1430 σύν
312 1368 458 1448 εὐσχήμονι
474 1366 539 1445 δοκῇ
554 1369 630 1425 τοῦτο
642 1364 767 1445 πράττειν
782 1363 924 1444 προφάσει,
940 1363 979 1440 μή

200 1458 425 1536 παραγενηθέντος
437 1455 481 1514 ἐπὶ
494 1452 542 1526 τήν
561 1452 656 1532 ἐγγύην
679 1458 724 1513 τοῦ
739 1452 853 1532 πατρὸς,
871 1455 977 1512 έπιστο·

200 1543 248 1610 λάς
263 1543 320 1609 δούς
334 1544 386 1609 τοῖς
402 1540 569 1607 πιστοτάτοις
585 1544 723 1615 ἱππεῦσιν,
739 1540 855 1620 ἔπεμψεν
876 1541 919 1600 ἐπὶ
933 1541 978 1599 τὀν

200 1633 308 1712 χάρακα
331 1631 376 1690 καί
390 1631 454 1710 πρὸς
465 1629 600 1689 ’λντύννιον
620 1628 664 1688 τύν
681 1629 799 1707 ήγιμόνα
813 1635 858 1689 τοῦ
872 1629 976 1708 τάγμα·

147 1739 173 1779 ιο
199 1744 259 1792 τος,
274 1719 317 1801 θρ’
335 1712 364 1779 οὐ
374 1710 405 1792 ήν
421 1718 587 1798 Οὐεργίνιος,
600 1717 679 1786 ἀξιῶν
695 1717 773 1777 αὐτὸν
789 1723 912 1799 κατέχειν
933 1720 976 1779 τὸν

200 1811 282 1889 ἀνδρα
302 1810 328 1868 έν
346 1809 465 1884 ἐπιμελεῖ
490 1809 609 1886 φυλακῇ,
624 1804 661 1882 μὴ
683 1806 751 1886 λάθῃ
777 1808 921 1886 πυθόμενος
944 1808 977 1868 τά

199 1898 260 1978 περί
272 1897 320 1968 τήν
340 1897 469 1975 θυγατέρα
483 1895 590 1973 διαδράς
605 1896 634 1952 έν.
648 1899 694 1952 τοῦ
719 1893 847 1972 χάρακος.
869 1893 974 1977 Ἕρθη·

199 2010 248 2045 σοιν
264 1987 290 2045 δὲ
313 1985 391 2044 αὐτὸν
415 1987 439 2043 οἱ
460 1987 494 2062 τῇ
510 1984 574 2063 κόρη
598 1982 790 2063 προσήκοντες,
806 1985 973 2063 Νομιτωρέου

198 2097 227 2133 τε
245 2074 298 2140 υἱὸς
320 2071 365 2130 καί
386 2071 496 2152 ἀύελρὸς
517 2070 642 2144 ’ίκιλίου,
667 2075 907 2151 προαποσταλέντες
921 2073 973 2132 ὑπὸ

145 2179 172 2218 ευ
198 2165 250 2221 τῶν
266 2163 368 2232 ἀλλων,
380 2157 529 2239 ἀρχομένης
542 2160 581 2219 έτι
592 2164 639 2231 τῆς
656 2160 857 2238 καταστάσεως,
874 2162 973 2223 νεανίαι

199 2252 314 2327 λήματος
334 2249 442 2329 πλήρεις
473 2251 527 2309 ἀπὸ
552 2254 661 2331 ῥυτῆρος
683 2250 728 2310 καὶ
753 2251 819 2327 μιτά
847 2254 973 2330 μάστιγος

198 2342 312 2400 έλαθεῖσι
325 2346 379 2405 τοῖς
399 2335 505 2409 ἵπποις,
519 2339 644 2419 πρότερον
659 2338 826 2406 διανύσαντες
840 2341 888 2411 τήν
911 2342 968 2401 ἀδὸν

197 2425 295 2505 καὶτῷ
310 2426 457 2506 Οὐεργινίῳ
473 2426 506 2484 τά
528 2425 702 2506 πεπραγμένα
725 2429 969 2508 διασαρηνίσανεες.

198 2512 233 2577 ‘0
248 2515 275 2575 δὲ
291 2516 338 2587 τήν
359 2514 407 2591 μέν
422 2517 507 2587 ἀληθῆ
523 2514 586 2596 πρὸς
603 2514 736 2576 ’Λντώνιον
757 2514 842 2574 αἰτίαν
858 2517 974 2595 ἀποκρυ·

144 2625 171 2665 25
198 2606 329 2687 ψάμενος,
345 2605 490 2682 ἀναγκαίου
513 2603 541 2662 δέ
561 2626 628 2671 τινος
652 2610 789 2683 συγγενοῦς
804 2606 972 2686 σκηψάμενος

197 2695 330 2753 πεπύσθαι
354 2692 482 2763 θάνατον,
505 2681 534 2750 σθ
550 2698 599 2763 τήν
614 2692 756 2771 ἀκκομιδήν
778 2694 867 2752 τεκαὶ
886 2693 972 2775 ταρήν

198 2782 276 2840 αὐτὸν
296 2784 348 2840 ἔδει
368 2780 529 2852 ποιήσασθαι
549 2781 619 2840 κατά
638 2782 683 2840 τὸν
700 2782 793 2859 νόμον,
809 2783 913 2862 ἀφίεται
928 2783 973 2841 καὶ

196 2869 258 2950 περὶ
285 2871 388 2948 λύχνων
419 2868 488 2950 ἀράς
518 2868 616 2941 ήλαυνι
643 2870 711 2946 μιτά
744 2872 796 2928 τῶν
829 2869 972 2951 μειρακίοιν

197 2960 255 3016 κατ’
272 2959 353 3023 ἀλλοις
369 2959 456 3029 ὁδοὺς,
484 2958 598 3032 διωγμὸν
624 2957 653 3016 έκ
671 2981 700 3016 τε
723 2962 769 3016 τοῦ
793 2956 969 3036 στρατοπέδου

143 3065 170 3104 ³0
196 3044 242 3104 καὶ
257 3045 309 3103 ἀπὸ
324 3049 370 3115 τῆς
384 3042 484 3109 πόλεως
499 3041 633 3109 δεδοικώς·
648 3042 713 3121 ὅπερ
726 3044 772 3101 καὶ
786 3042 896 3115 συνέόη.
933 3040 973 3106 Ὅ

197 3157 224 3192 τε
247 3134 298 3213 γάρ
322 3131 468 3203 Ἀντώνιος,
500 3131 546 3198 τάς
569 3130 707 3197 ἐπιστολάς
734 3130 884 3207 δεξάμενος,
910 3132 971 3213 περὶ

196 3222 302 3299 πρώτην
327 3222 443 3298 μάλιστα
457 3222 578 3302 ρυλακήν
590 3264 599 3295 ,
612 3218 671 3291 ἴλην
692 3219 845 3279 ἀπέστειλεν
867 3220 970 3279 ίππέων

197 3312 238 3369 ἐπ’
254 3311 348 3381 αὐτὸν,
374 3308 404 3367 ἔκ
425 3332 453 3367 τι
468 3312 515 3379 τῆς
539 3308 639 3373 πολεως
657 3306 740 3386 έτεροι
756 3307 914 3390 πεμρθέντες
928 3311 972 3367 ίπ·

197 3403 253 3464 πεῖς
273 3401 306 3456 δι’
322 3402 384 3470 ὅλης
402 3397 493 3465 νυκτύς
515 3397 654 3476 ἐφρούρουν
676 3394 723 3469 τήν
746 3398 801 3457 ἀπὸ
826 3399 972 3476 στρατοπέ-

197 3487 241 3547 δου
257 3487 385 3565 φέρουσαν
410 3486 476 3546 θδόν.
522 3483 571 3550 Ὡς
591 3483 618 3542 δέ
632 3483 789 3565 ἀπήγγειλεν
807 3485 909 3566 Ἀππίῳ
932 3511 971 3554 τις

196 3577 239 3636 τύν
254 3576 404 3653 Οὐεργίνιον
427 3574 570 3648 ἐληλυθότα
595 3574 669 3656 παρά
683 3573 729 3647 τήν
754 3574 900 3657 ὑπόληψιν,
921 3576 970 3644 ἔξω

196 3668 247 3723 τῶν
267 3670 366 3743 φρενῶν
394 3665 529 3742 γενόμενος
551 3659 638 3741 παρῆν
664 3662 730 3738 μετὰ
755 3665 852 3724 πολλοῦ
868 3665 973 3746 στίρους

197 3754 239 3810 ἐπὶ
252 3753 282 3811 τύ
300 3758 394 3832 βῆμα,
411 3755 455 3812 καί
467 3753 608 3833 προσάγειν
625 3752 746 3811 ἐκέλευσε
760 3753 818 3821 τούς
828 3757 876 3824 τῆς
895 3753 973 3833 κόρης

197 3846 338 3920 συγγενεῖς.
382 3844 586 3920 Προσελθύντων
597 3840 624 3900 δὲ
640 3842 738 3913 αὐτῶν,
752 3844 765 3898 ὁ
778 3841 825 3917 μέν
843 3842 973 3910 Κλαύδιος
1012 3891 1015 3897 .

197 3929 255 3994 τούς
266 3931 358 3997 αὐτοὺς
373 3932 452 3988 πάλιν
466 3932 601 3999 διεξελθὼν
614 3930 706 4007 λόγους
720 3928 793 4001 ἠξίου
808 3930 851 3988 τὸν
861 3929 974 3990 Ἄππιον

197 4017 316 4093 γενέσθαι
332 4019 458 4090 δικαστήν
477 4025 522 4078 τοῦ
539 4019 705 4100 πράγματος,
728 4019 859 4096 μηδεμίαν
876 4020 975 4080 ἀναθο-

197 4102 245 4172 λῆν
259 4106 451 4181 ποιησάμενον,
464 4107 507 4166 τόν
529 4132 558 4166 τε
580 4107 699 4184 μηνυτὴν
719 4116 842 4186 παρεῖναι
866 4109 970 4186 λέγων,

198 4189 243 4249 καί
257 4190 315 4258 τούς
332 4195 465 4273 μάρτυρας
482 4197 527 4255 καὶ
548 4195 594 4269 τήν
611 4197 772 4278 θεράπαιναν
786 4196 867 4270 αὐτὴν
888 4222 973 4279 παρα-

198 4279 271 4345 δούς·
296 4283 334 4360 ἐρ’
352 4274 388 4348 οἶς
405 4283 488 4342 ἅπασι
507 4285 586 4354 πολύς
611 4290 624 4343 θ
648 4286 822 4366 προσποιητὸς
852 4290 974 4367 σχετλια·

158 4411 169 4448 5
198 4370 263 4447 σμὸς
286 4361 332 4443 ῆν,
358 4373 379 4430 εἰ
405 4372 443 4448 μή
459 4373 574 4443 τεύξεται
596 4379 647 4434 τῶν
669 4374 733 4434 ἴσων
754 4384 807 4440 τοῖς
823 4377 976 4448 άλλοις,ἀ>ς

196 4460 337 4540 πρότερον,
354 4460 391 4518 lo
421 4464 537 4536 πελάτης
558 4457 590 4537 ῆν
614 4468 708 4523 αὐτοῦ·
734 4464 779 4522 καὶ
796 4465 961 4545 παράκλησις

199 4547 264 4630 [ἵνα]
280 4551 316 4626 μὴ
332 4560 386 4617 τοῖς
402 4552 561 4633 ἐλεεινότεροι
578 4554 716 4631 λέγουσιν,
730 4552 798 4611 ἀλλά
811 4563 862 4621 τοῖς
878 4556 976 4613 δικαιό-

196 4664 259 4719 τερα
281 4641 379 4710 ἀξιοῦσι
397 4646 509 4719 βοηθεῖν.

237 4733 358 4792 XXXIV
362 4775 369 4788 .
395 4730 427 4791 Ὁ
443 4731 469 4789 δὲ
484 4737 529 4803 τῆς
554 4732 633 4810 κόρής
659 4731 747 4808 πατὴρ
777 4733 821 4791 καὶ
844 4735 867 4791 σί
889 4732 974 4790 λοιποὶ

197 4831 326 4897 συγγενεῖς
357 4823 531 4897 ἀπελογοῦντο
553 4821 613 4899 περὶ
635 4824 681 4889 τῆς
715 4820 859 4891 ὐποὸολῆς,
889 4818 973 4877 πολλὰ

196 4908 240 4962 καὶ
263 4909 349 4966 δίκαιοι
372 4909 417 4965 καῖ
435 4911 518 4977 ἀληθῆ
542 4907 676 4982 λέγοντες,
701 4911 735 4971 ὡς
751 4907 810 4964 οὐτε
831 4909 917 4964 αἰτίαν
933 4908 974 4964 οὐ·

196 4992 289 5065 ὀεμίαν
312 4986 380 5072 εῖχεν
406 4996 552 5072 θπερόολῆς
577 4992 682 5068 εὐλογον
698 4999 714 5064 ἡ
732 4995 899 5073 Νομιτωρίου
925 4993 973 5069 μὲν

196 5078 312 5159 ἀδελφή,
338 5084 493 5160 Οὐεργινίου
518 5081 545 5140 δὲ
570 5079 654 5160 γυνή,
682 5082 807 5156 παρθένος
822 5087 972 5158 γαμηθεῖσα

196 5166 245 5247 νέῳ
261 5167 332 5244 ἀνδρὶ
344 5211 352 5239 ,
366 5170 409 5225 καὶ
424 5172 453 5225 οὐ
473 5170 541 5245 μετά
564 5167 676 5232 πολλούς
696 5172 742 5224 τοῦ
758 5170 843 5244 γάμου
858 5175 969 5228 τεκοῦσα

688 379 692 388 1
727 348 896 412 DIONYSll
920 352 1294 414 Hsucsuusssullsls

1036 494 1156 558 lemporis
1175 495 1324 559 pelenlibus,
1342 495 1409 545 nullo
1423 494 1529 560 amplius
1545 495 1603 548 elale
1617 503 1762 565 responso,
1775 517 1836 556 sur.

1036 581 1109 641 rexit,
1122 580 1257 646 sellamque
1271 582 1323 632 lolli
1330 582 1416 646 jussit.

1066 779 1176 828 xllxlll.
1191 782 1274 837 Quum
1296 783 1382 831 sulem
1400 783 1504 831 moeslus
1524 784 1549 832 el
1562 796 1615 847 prae
1631 798 1724 839 umore
1747 790 1834 844 furens

1036 888 1106 926 seer
1123 875 1176 925 loro
1185 876 1324 942 recepisset,
1341 876 1429 926 stuluil
1449 875 1568 942 virginem
1583 881 1702 944 cognalis
1718 885 1834 950 amplius

1035 985 1084 1022 nou
1105 970 1255 1034 ponuillere,
1271 970 1329 1030 sed,
1344 972 1492 1036 simulatque
1508 975 1687 1029 vadimonium
1712 981 1831 1049 obiisset,

1035 1072 1062 1119 el
1074 1068 1196 1133 produela
1219 1067 1318 1131 luisset,
1341 1083 1397 1119 eam
1418 1084 1461 1136 per
1483 1066 1544 1121 rim
1557 1072 1699 1137 abducere,
1728 1081 1756 1129 el
1777 1082 1832 1131 lum

1036 1166 1143 1230 seipsum
1159 1165 1252 1227 iuajore
1270 1167 1386 1230 presidio
1399 1172 1475 1232 prlos
1494 1172 1599 1234 munire,
1612 1187 1737 1239 nequem
1753 1179 1832 1230 vim

1040 1263 1113 1315 lurbe
1127 1268 1263 1328 polemius,
1278 1268 1381 1328 tumque
1396 1265 1450 1317 loeo
1463 1268 1546 1319 omnia
1555 1268 1620 1320 eirca
1633 1273 1753 1326 lribuual
1762 1278 1829 1327 eml-

1036 1374 1123 1411 eorum
1139 1364 1166 1411 el
1190 1361 1316 1413 clientium
1336 1362 1495 1415 mullitudine
1517 1379 1651 1433 occupare.
1687 1374 1722 1423 ut
1741 1378 1828 1426 aulem

1034 1461 1203 1522 lionesiojure
1218 1460 1266 1512 hoe
1279 1462 1359 1513 lasere
1376 1462 1504 1515 rideretur
1517 1478 1561 1530 per
1585 1467 1731 1532 speciosam
1752 1488 1828 1524 esus·

1035 1574 1088 1610 sem
1100 1558 1233 1610 vadimonii
1246 1573 1261 1609 e
1275 1562 1344 1622 pauo
1368 1559 1469 1622 deserti,
1495 1560 1627 1615 fidissimos
1652 1569 1755 1633 equites
1768 1586 1829 1623 eum

1037 1658 1115 1710 lilerls
1125 1658 1148 1708 in
1160 1661 1240 1708 σανίσιν
1257 1657 1324 1708 misil
1335 1657 1367 1707 ad
1382 1659 1532 1720 Antonium,
1545 1660 1651 1726 legionis
1661 1665 1766 1730 ducem,
1779 1673 1826 1723 sul)

1037 1771 1088 1820 quo
1099 1758 1152 1806 erat
1161 1756 1295 1820 Virginius,
1311 1770 1398 1820 rogans
1408 1770 1474 1818 eum,
1487 1761 1517 1809 ul
1528 1758 1655 1813 hominem
1671 1766 1826 1822 inaccurati

1038 1856 1149 1906 cuslorlia
1165 1856 1296 1914 relinerel,
1314 1869 1344 1906 ne
1362 1856 1425 1905 elam
1442 1856 1499 1906 lilio
1522 1871 1609 1910 casum
1629 1863 1729 1917 audiret
1747 1873 1774 1920 el
1793 1884 1824 1921 ex

1038 1957 1125 2008 cestris
1137 1955 1275 2016 aufugeret.
1309 1952 1357 2003 Sed
1372 1952 1461 2017 puellae
1480 1957 1614 2008 necessarii
1628 1971 1688 2010 eum
1702 1966 1827 2017 antever-

1038 2057 1134 2112 leruul‚
1145 2050 1176 2102 ab
1189 2049 1242 2101 aliis
1252 2049 1373 2112 premissi
1389 2049 1436 2101 sub
1449 2050 1531 2115 ipsum
1543 2051 1609 2104 illius
1616 2061 1700 2107 molus
1708 2059 1819 2125 milium,

1036 2149 1166 2204 llumllorii
1192 2148 1259 2199 lilius
1273 2151 1300 2199 et
1321 2149 1383 2198 leilli
1405 2150 1489 2213 irater,
1511 2152 1611 2218 juvenes
1630 2155 1719 2209 animis
1737 2162 1815 2226 elati,

1036 2250 1107 2315 equis
1118 2245 1205 2298 ellusis
1215 2245 1318 2296 habenis
1332 2249 1358 2296 el
1372 2246 1449 2309 llagro
1459 2247 1548 2307 eilalis,
1562 2247 1608 2299 iler
1616 2249 1722 2302 celerius
1735 2255 1817 2304 ceuli-

1037 2347 1138 2401 eienles,
1151 2344 1176 2391 el
1190 2340 1221 2391 ele
1235 2338 1308 2391 rebus
1323 2341 1399 2404 gestis
1417 2342 1553 2407 Virginium
1573 2343 1699 2395 eeslierem
1721 2347 1812 2400 lacien-

1038 2447 1083 2492 los.
1127 2438 1169 2488 llle
1192 2451 1258 2498 vero,
1269 2451 1346 2500 quum
1360 2451 1443 2488 veram
1460 2451 1575 2490 eaussm
1591 2442 1722 2493 euronium
1737 2447 1816 2499 selas

1037 2541 1083 2598 sel,
1099 2541 1125 2588 el
1139 2551 1166 2588 se
1178 2535 1307 2600 eujusdam
1324 2535 1421 2600 eognsli
1445 2535 1578 2587 necessarii
1595 2541 1702 2589 mmm
1718 2542 1819 2596 audisse

1036 2634 1172 2693 simulare,
1190 2633 1261 2698 eujus
1277 2633 1350 2682 lunus
1365 2636 1391 2684 el
1412 2634 1540 2698 sepullum
1559 2634 1607 2686 sibi
1625 2650 1658 2687 ex
1680 2637 1734 2704 lege
1754 2646 1822 2694 esset

1035 2730 1153 2790 curando,
1164 2729 1283 2779 dimissus
1294 2731 1332 2778 est
1351 2747 1357 2777 ι
1377 2733 1402 2779 el
1412 2728 1479 2779 eirea
1492 2732 1668 2795 crepusculum
1682 2738 1821 2790 seroliuum

1036 2824 1083 2875 aliu
1103 2824 1143 2874 νίι
1162 2836 1219 2874 eum
1237 2822 1432 2874 adolescentibus
1453 2826 1492 2876 est
1513 2828 1655 2891 profectus,
1674 2831 1820 2888 veritusne

1036 2931 1136 2980 inimici
1150 2941 1177 2978 se
1189 2929 1243 2978 urm
1259 2941 1289 2978 ex
1300 2927 1397 2991 easlris,
1412 2931 1467 2981 tum
1479 2942 1511 2980 ex
1527 2928 1588 2980 urbe
1598 2941 1821 2997 persequerenmn

1036 3027 1103 3091 quod
1116 3027 1190 3077 eliam
1203 3025 1301 3076 eoeldll.
1337 3026 1458 3077 Aulouius
1471 3025 1554 3089 euim,
1568 3027 1646 3079 literis
1660 3030 1738 3084 ferme
1755 3036 1820 3087 eires

1037 3124 1140 3187 primam
1151 3122 1259 3184 vigiliam
1283 3122 1398 3186 eereplis,
1415 3123 1526 3187 equilum
1547 3125 1609 3175 elam
1621 3126 1645 3174 lo
1659 3142 1718 3179 eum
1734 3134 1822 3192 misit5

1039 3223 1104 3270 eles
1129 3218 1240 3269 urbealll
1253 3220 1351 3282 equiles
1368 3220 1446 3280 missi,
1463 3234 1507 3284 per
1520 3225 1596 3273 lolam
1612 3229 1711 3275 uoolem
1732 3229 1817 3288 riam,

1036 3335 1092 3385 quae
1107 3335 1137 3372 ex
1167 3321 1255 3370 casiris
1280 3321 1387 3381 lerebel,
1427 3322 1622 3374 custodiremur.
1654 3326 1702 3377 Sed
1734 3342 1815 3392 quum

1035 3419 1135 3482 quidam
1155 3419 1232 3483 Appio
1257 3419 1396 3468 uum-lessel
1425 3419 1562 3483 virginium
1584 3426 1819 3490 preterempecls-

1037 3518 1127 3567 lionem
1139 3517 1246 3576 venisse,
1255 3515 1307 3581 ipse
1320 3515 1408 3565 merlis
1419 3530 1472 3566 suae
1491 3532 1539 3568 uon
1551 3533 1651 3586 compos
1663 3537 1824 3591 cummagno

1035 3615 1134 3660 caterve
1159 3608 1190 3659 ad
1212 3608 1318 3660 tribunal
1348 3609 1423 3665 veuit.
1450 3614 1474 3660 el
1494 3613 1581 3677 puelle
1602 3621 1719 3681 cognatos
1743 3621 1777 3670 ad
1793 3636 1821 3672 se

1035 3709 1242 3772 accederejussil.
1268 3708 1318 3766 Qui
1336 3723 1413 3772 quum
1427 3709 1460 3759 ad
1479 3724 1537 3761 eum
1555 3715 1726 3777 aceessisseoq
1740 3720 1822 3770 clau-

1033 3806 1097 3864 dius,
1111 3805 1196 3855 eadem
1212 3805 1322 3854 oralione
1343 3804 1433 3856 ilerum
1458 3805 1558 3868 liubila,
1584 3809 1687 3873 rogabal
1699 3814 1820 3877 Appium.

1033 3909 1062 3954 ul
1075 3904 1110 3954 rei
1130 3902 1208 3967 judex
1219 3907 1294 3962 ossei,
1315 3901 1382 3951 nulle
1409 3916 1478 3953 more
1494 3904 1648 3969 inlerposile,
1673 3911 1699 3958 et
1710 3910 1822 3964 iudicem

1034 4005 1059 4050 el
1073 4004 1150 4051 tesles
1165 4000 1251 4050 adesse
1263 3999 1358 4060 dicens,
1377 4001 1402 4050 et
1420 4000 1498 4065 ipsam
1511 4002 1628 4053 ancillam
1638 4005 1676 4054 ad
1693 4013 1820 4071 questio-

1030 4111 1088 4148 ιιευι
1101 4098 1208 4149 leaders.
1234 4100 1261 4147 ln
1282 4096 1371 4161 quihus
1396 4097 1512 4148 omuibus
1529 4098 1616 4163 ingens
1633 4107 1688 4151 erat
1704 4103 1818 4166 indigua·

1032 4198 1104 4248 tionis
1120 4197 1244 4249 simulalio
1261 4196 1316 4257 nisi,
1335 4198 1363 4245 ul
1377 4199 1442 4256 aule,
1452 4195 1516 4246 idem
1528 4196 1583 4258 jus,
1605 4197 1672 4259 quod
1685 4197 1735 4257 alii,
1747 4199 1816 4251 obli·

1031 4308 1088 4344 nere
1095 4298 1186 4357 pessel,
1198 4293 1264 4359 quod
1275 4291 1411 4356 ejuselieus
1419 4297 1501 4342 esset:
1515 4293 1643 4358 mullsqu'e
1650 4293 1818 4347 adhibebatur

1031 4395 1145 4452 horlolio.
1161 4395 1241 4454 neiis,
1261 4393 1305 4457 qui
1318 4393 1493 4443 miserabiliora
1510 4392 1629 4453 dicerent,
1642 4392 1683 4443 sed
1694 4391 1731 4452 iis,
1750 4407 1818 4458 quo-

967 4512 974 4537 ι
1030 4506 1083 4540 rum
1094 4490 1205 4553 aequiora
1214 4493 1296 4540 essent
1309 4490 1442 4554 poslulala,
1455 4503 1528 4553 opem
1542 4491 1625 4540 lerrel.

1060 4741 1168 4791 XXXIV.
1185 4745 1258 4794 Poler
1271 4749 1355 4794 aulem
1374 4744 1463 4808 puellm
1475 4749 1498 4795 el
1516 4745 1602 4807 reliqui
1619 4746 1715 4808 eognali
1727 4751 1821 4810 parius

1028 4829 1220 4893 suppositionem
1240 4832 1385 4894 purgabant,
1406 4832 1485 4881 mulla
1500 4837 1525 4882 el
1535 4846 1606 4895 seque
1620 4836 1646 4882 et
1660 4848 1717 4883 vera
1727 4835 1817 4885 ‹licen-

1027 4920 1084 4965 les:
1101 4917 1192 4967 nullam
1219 4920 1316 4968 scilice!
1332 4919 1483 4981 probabilem
1503 4935 1615 4970 caussam
1637 4921 1818 4985 supposilionis

1027 5005 1141 5056 habuisse
1163 5007 1295 5056 Numitorii
1320 5021 1444 5064 sororem.
1471 5009 1574 5071 virginii
1597 5024 1713 5068 uxorem,
1735 5025 1817 5074 quum

1028 5092 1095 5153 virgo
1108 5093 1191 5154 juveni
1211 5092 1348 5156 nupsisset,
1363 5108 1408 5143 nec
1418 5099 1473 5158 posl
1493 5096 1611 5145 mullose
1629 5097 1722 5160 uupllis
1736 5112 1817 5148 anuos

1028 5182 1163 5245 peperisset
1180 5195 1286 5244 :oeque
1311 5182 1331 5233 sl
1347 5182 1453 5234 unamme
1472 5183 1590 5233 voluissel
1608 5197 1685 5247 genus
1702 5185 1816 5238 alienum
