3772 5828
651 378 948 454 ANTIQUITATUM
970 392 1122 458 bollan.
1147 402 1222 464 LIB.
1249 406 1272 466 ἱ.
1757 422 1775 484 3

171 498 258 569 μέντοι
274 496 301 555 δέ
321 500 524 570 Πελοποννήσου
544 504 590 562 καῖ
614 513 662 580 τῆς
690 510 773 586 ἄλλης
796 523 951 592 κρατοῦντες

169 582 318 662 Ἑλλάδος,
334 586 382 653 ἕως
395 590 563 656 Μακεδονίας
582 595 630 664 τήν
648 599 732 677 ἀρχὴν
750 603 948 681 προύδίδοσαν,

170 672 326 743 θπσύθησαν
339 675 363 732 δ’
378 676 428 735 aab
442 677 589 758 Θηδαίων,
606 685 660 741 οὐδ’
681 683 731 743 δλα
749 693 888 768 τριάκοντα
903 696 948 768 ἔτη

167 760 218 830 την
244 759 333 838 ἀρχὴν
358 766 545 842 κατασχόντες.
587 767 621 830 ‘ll
654 772 680 831 δὲ
706 772 848 850 Ῥωμαίων
876 781 949 849 πόλις

122 868 137 909 ι
170 848 283 918 ἁπάσης
302 849 349 925 μέν
375 850 453 930 ἄρχει
480 859 545 932 γῆς,
565 856 614 930 ὅση
638 858 674 934 μὴ
702 864 846 941 ἀνέμύατός
864 870 948 945 ἐστιν,

167 937 230 995 ἀλλ’
255 936 303 994 ὑπ’
320 939 464 1018 ἀνθρώπων
483 955 659 1006 κατοικεῖται·
688 951 776 1022 πάσης
804 955 831 1012 δέ
857 960 949 1036 κρατεῖ

168 1024 323 1097 θαλάσσης,
340 1028 369 1085 οὗ
392 1028 470 1103 μόνον
488 1035 534 1102 τῆς
552 1035 621 1100 ἐντὸς
641 1034 808 1115 Ἡρακλείων
827 1048 946 1120 στηλῶν,

167 1112 238 1170 ἀλλά
249 1114 296 1172 καῖ
307 1118 354 1184 τῆς
366 1114 558 1196 Ὠκεανίτιδος,
573 1120 621 1193 δση
632 1126 753 1183 πλεῖσθαι
768 1127 805 1203 μὴ
821 1133 946 1200 ἀδύνατός

166 1204 246 1279 έστι,
261 1202 355 1282 πρώτη
378 1206 423 1264 καῖ
451 1208 518 1283 μόνη
541 1213 594 1268 τῶν
613 1215 642 1270 ἐκ
666 1220 711 1273 τοῦ
733 1222 829 1284 παντὸς
854 1224 946 1290 αἰῶνος

108 1316 136 1354 10
164 1290 402 1366 μνημονευομένων
426 1293 553 1362 ἀνατολάς
566 1296 611 1356 καῖ
639 1299 723 1368 δύσεις
736 1306 809 1382 δρσυς
831 1331 944 1380 ποιησα·

164 1378 235 1453 μάνη
252 1382 299 1449 τῆς
319 1380 485 1446 δυναστείας·
499 1384 591 1462 χρόνος
605 1390 628 1444 τ’
644 1391 711 1465 αὐτῇ
728 1397 773 1449 τοῦΙ
791 1396 902 1472 κράτους
915 1400 943 1456 οὐ

166 1465 289 1545 βραχύς,
308 1467 366 1526 ἀλλ’
381 1468 439 1534 δσος
461 1472 570 1553 οὐδεμιᾷ
589 1478 640 1533 τῶν
659 1477 746 1537 ἄλλων
764 1480 822 1540 οὔτε
843 1488 944 1544 πόλεων

164 1553 228 1612 ούτε
245 1558 397 1629 βασιλειῶν.
442 1556 525 1624 lietb<
540 1561 587 1635 μὲν
602 1561 653 1641 γὰρ
675 1563 701 1632 ἐξ
716 1568 800 1645 ἀρχῆς
819 1572 886 1646 μετά
899 1573 942 1632 τὸν

164 1644 289 1720 οἰκισμὸν
313 1644 347 1703 τίι
369 1648 480 1717 πλησίον
501 1649 560 1720 ἔθνη
579 1653 666 1712 πολλὰ
688 1655 733 1714 καί
753 1659 860 1737 μάχιμα
879 1661 941 1722 ὄντα

105 1748 132 1788 ευ
162 1733 368 1809 προσηγάγετο,
392 1734 437 1791 καί
460 1735 617 1811 προύθαινεν
640 1742 680 1798 ἀεῖ
703 1752 756 1800 πᾶν
780 1747 940 1822 δουλουμένη

160 1820 194 1877 τ“ο
217 1820 371 1881 ἀντίπαλον.
424 1823 516 1881 Ταῦτα
539 1825 566 1883 δὲ
592 1829 669 1887 πέντε
691 1831 736 1889 καῖ
756 1834 940 1911 τετταράκοντ’

161 1906 218 1977 ἤδη
230 1906 295 1987 πρθς
307 1909 474 1975 ἑπτακοσίοις
485 1911 569 1971 ἔτεσίν
584 1917 654 1974 ἐστιν
669 1920 704 1983 εἰς
718 1920 834 1986 ὑπάτους
848 1924 940 1981 tilet-
972 1974 980 1990 ,

159 1995 219 2052 δεον
231 1994 340 2072 Νέρωνα
348 1994 376 2052 τὸ
387 1996 505 2077 δεύτερον
513 2002 675 2061 ὑπατεύοντα
688 2006 731 2062 καῖ
745 2006 855 2065 Πίσωνα
864 2011 939 2067 Keir-

162 2078 300 2161 πούρνισν,
314 2081 420 2143 οἱκατὰ
434 2085 482 2156 την
497 2087 585 2165 τρίτην
597 2091 639 2149 tul
652 2098 710 2158 ταῖς
725 2094 878 2166 ἐνενήκοντα
891 2097 937 2155 καῖ

103 2186 130 2227 εν
159 2169 255 2229 tantbs
279 2172 438 2246 ὀλυμπιάσιν
464 2176 665 2256 ἀπεδείχθησαν.
707 2179 752 2249 Ἐξ
774 2175 804 2241 ού
829 2183 853 2241 δ’
875 2184 938 2258 δλης

156 2258 304 2336 ίκράτησεν
319 2258 431 2327 Ἰταλίας
456 2263 501 2320 καὶ
522 2266 564 2322 ἐπὶ
589 2265 637 2336 τήν
658 2268 781 2327 ἁπάντων
798 2272 937 2351 ἐθάρρησεν

157 2344 249 2426 ἀρχὴν
273 2349 430 2423 παρελθεῖν,
452 2349 602 2412 ἐκθαλοῖισα
625 2354 673 2426 μέν
695 2359 725 2413 ἐκ
745 2362 791 2427 τῆς
806 2362 937 2433 θαλάττης

156 2436 378 2512 Καρχηδονίους,
394 2434 419 2493 οἱ
433 2438 557 2509 πλείστην
572 2439 650 2518 ἔσχον
667 2448 791 2514 ναυτικὴν
809 2445 936 2526 δύναμιν,

152 2523 312 2600 ὑποχείριον
329 2522 357 2580 δὲ
380 2522 500 2581 λαθοῦσα
515 2528 697 2605 Μακεδονίαν,
719 2532 736 2602 ἢ
763 2532 828 2601 τέως
855 2534 936 2595 ἐδόκει

103 2634 125 2675 ι
149 2611 287 2687 μέγιστον
314 2610 414 2687 ίσγύειν
442 2612 511 2670 κατὰ
535 2619 600 2692 γῆν,
625 2618 696 2676 οὐδὲν
721 2619 759 2676 ἔτ’
790 2621 931 2685 ἀντίπαλον

149 2702 263 2779 ἔχουσα
279 2698 337 2757 οὔτε
353 2701 486 2782 βάράαρον
501 2708 580 2785 φῦλον
593 2706 653 2767 οὔτε
664 2709 829 2785 Ἑλληνικὸν,
845 2717 934 2794 γενεέιν

151 2787 277 2864 έὸδόμην
297 2788 348 2861 ἤδη
362 2789 410 2860 τήν
426 2791 466 2850 ἐπ’
480 2794 544 2870 ε’μοῢ
558 2796 674 2874 διαμένει
697 2801 793 2868 παντὸς
815 2803 933 2884 ἄρχουσα

150 2877 254 2938 τόπου·
266 2876 336 2942 ἔθνος
346 2880 369 2936 δ’
381 2879 453 2938 οὐδὲν
463 2883 498 2949 ὣς
513 2885 594 2947 εἰπεῖν
603 2885 682 2960 έστῖν,
697 2887 834 2970 θπερῖτῆς
844 2901 932 2967 κοινῆς

150 2963 298 3041 ἡγεμονίας
313 2964 330 3035 ἢ
347 2972 393 3023 τοῦ
408 2967 444 3043 μί,
457 2970 583 3050 ἄρχεσθαι
594 2976 657 3052 πρὸς
673 2979 754 3050 αὐτὴν
769 2980 929 3060 διαρέρε-ται.

103 3062 127 3105 1
150 3050 238 3111 Ἀλλὰ
254 3050 305 3130 γὰρ
320 3051 360 3110 δτι
373 3052 420 3127 μέν
433 3054 491 3114 ούτε
506 3058 553 3128 την
568 3061 710 3137 ἐλαχίστην
719 3068 770 3122 τῶν
786 3068 932 3127 ὑποθέσεων

149 3139 320 3218 προῄρημαι,
331 3142 449 3222 καθάπερ
464 3143 538 3222 ἔρην,
552 3146 609 3206 οὔτε
621 3151 681 3228 περὶ
693 3153 793 3230 φαύλας
805 3157 850 3213 καῖ
863 3155 930 3226 ἀπή·

151 3250 218 3303 μους
229 3226 334 3305 πράξεις
343 3228 446 3306 ἔγνωκα
461 3232 611 3313 διατρίδειν,
626 3237 695 3296 ἀλλά
708 3241 769 3316 περί
784 3265 812 3300 τε
827 3243 926 3310 πόλευις

149 3314 247 3393 γράφω
257 3318 303 3383 τῆς
316 3321 552 3396 περιφανεστάτης,
563 3324 606 3381 καὶ
619 3325 679 3404 περὶ
694 3327 813 3404 πράξεσιν
829 3320 866 3387 ὧν
881 3333 928 3390 οὐκ

151 3403 188 3459 ἂν
209 3400 267 3481 έγοι
289 3427 328 3470 τις
351 3407 440 3482 ἐτέρας
463 3409 640 3478 ἐπιδείξασθαι
663 3413 864 3495 λαμπροτέρας,
879 3422 926 3477 ούκ

103 3492 122 3534 Β
149 3482 201 3549 οἷδ’
218 3489 244 3564 δ,
254 3513 278 3547 τε
292 3492 331 3549 δεῖ
343 3493 426 3551 πλείω
438 3494 531 3574 λέγειν.

193 3577 242 3638 lV.
263 3577 326 3637 Ὅτι
337 3581 360 3637 δ’
374 3584 421 3641 οὔκ
434 3583 495 3643 ἀνευ
504 3586 631 3662 λογισμοῦ
641 3588 686 3646 καῖ
692 3589 813 3668 προνοίας
829 3593 927 3674 ἔμφρο-

146 3689 196 3730 νος
211 3665 255 3724 έπί
267 3667 299 3727 τλ
310 3669 394 3728 πιίλαι
409 3675 461 3729 τῶν
477 3676 666 3753 ἱστορουμένων
683 3679 741 3756 περί
757 3682 835 3752 αὐτῆς
849 3684 925 3761 έτρα·

147 3754 250 3828 κόμην,
264 3756 320 3813 ἀλλ’
331 3755 400 3835 ἔχων
415 3761 578 3836 εὐλογίστους
592 3764 733 3822 ἀποδοῦναι
746 3769 792 3836 τῆς
801 3769 926 3848 προαιρέ-

147 3863 217 3906 σεως
231 3841 329 3917 αἰτίας,
341 3846 417 3923 ὀλίγα
431 3848 558 3924 βούλομαι
573 3859 722 3928 προειπεῖν,
739 3851 780 3911 ίνα
800 3854 838 3929 μή
859 3881 925 3924 τινες

103 3936 122 3977 t·
148 3927 327 4005 ἰπιτιμήσωσί
347 3956 392 4008 μοι
410 3938 461 3992 τῶν
477 3938 539 4013 πρὸς
560 3938 664 3997 ἅπαντα
684 3943 829 4021 φιλαιτίων,
850 3944 923 4004 οὐδέν

151 4016 228 4075 ούπω
250 4022 301 4077 τῶν
325 4021 472 4094 μελλόντων
495 4026 635 4096 δηλοῦσθαι
655 4031 859 4107 προακηκοότες,
884 4031 923 4092 ὅτι

145 4110 193 4176 τῆς
207 4106 327 4180 ἀοιδίμου
339 4109 476 4185 γενομένης
488 4113 544 4170 καθ’
561 4118 631 4187 ἡμᾶς
641 4117 741 4183 πόλεως
757 4119 861 4187 ἀδόξους
875 4119 922 4180 καί

145 4193 217 4251 πάνυ
231 4195 355 4260 ταπεινάς
365 4195 412 4261 τάς
424 4198 529 4276 πρώτας
541 4202 659 4280 ἀρορμδς
672 4203 803 4276 λαθούσης
814 4206 860 4265 καί
872 4210 919 4267 οὒκ

144 4280 219 4348 ἀξίας
240 4286 371 4362 ἱστορικῆς
395 4288 561 4368 ἀναγραφῆς,
590 4293 617 4348 ού
644 4294 754 4359 πολλαῖς
775 4294 802 4352 δέ
821 4305 921 4372 γενεαῖς

103 4380 120 4419 θ
144 4371 271 4449 πρότερον
282 4376 319 4439 εἱς
329 4375 480 4454 ἐπιράνειαν
491 4376 536 4434 καὶ
550 4377 624 4446 δόξαν
639 4381 792 4459 ἀφιγμένης,
801 4382 826 4451 ίξ
838 4375 921 4454 ούτάς

143 4480 174 4517 τε
188 4459 372 4526 Μακεδονικὰς
390 4463 492 4521 καθεῖλε
505 4464 654 4532 δυναστείας
669 4466 716 4526 καί
730 4468 788 4535 τούς
800 4474 919 4531 Φοινικι-

143 4545 206 4611 κοῖς
221 4548 380 4629 κατώρθωσε
401 4550 551 4626 πολέμους,
568 4552 623 4621 ἐξόν
636 4578 680 4631 μοι
695 4560 747 4615 τῶν
760 4558 866 4627 ἐνδόξων
878 4584 918 4618 τι·

144 4634 178 4691 νδ
193 4634 285 4694 λαθεῖν
301 4638 384 4706 αὐτῆς
404 4639 566 4714 ὑποθέσεσιν,
584 4643 627 4701 ἐπὶ
653 4644 702 4713 τὴν
719 4646 791 4704 οὐδὲν
807 4645 917 4726 ἔχουσαν

141 4721 460 4802 ἀπερανέςάρχαιολογίαν
471 4729 610 4788 ἀπέκλινα.
653 4727 773 4811 Ἔτιγδιρ
786 4739 916 4814 ἀγνοεῖται

103 4820 117 4858 ⁸
139 4809 216 4890 παρὰ
236 4819 289 4877 τοῖς
302 4810 433 4885 Ἕλλησιν
454 4815 541 4891 ὀλίγου
557 4819 608 4875 δεῖν
621 4827 702 4876 πᾶσιν
721 4821 851 4890 ἡπαλαιὰ
872 4827 919 4894 τῆς

139 4898 287 4971 Ῥωμαίων
305 4901 406 4968 πολευνς
421 4905 533 4983 ἱστορία,
550 4908 594 4964 καῖ
611 4906 682 4974 δόξαι
700 4907 767 4975 τινές
789 4911 836 4968 οὗκ
852 4911 917 4981 ἀλη-

137 4989 208 5065 θεῖς,
224 4990 283 5047 ἀλλ’
294 4991 324 5047 ἐκ
332 4993 385 5047 τῶν
397 4992 572 5072 ἐπιτυχόντων
586 4997 760 5074 ἀκουσμάτων
774 4996 821 5067 τὴν
832 4998 916 5078 ἀρχὴν

136 5076 272 5136 λαθοῦσαι
293 5076 353 5145 τοὺς
377 5081 489 5148 πολλοὺς
504 5083 699 5154 έξηπατηκασιν
713 5129 721 5157 ,
736 5088 771 5153 ὡς
784 5086 916 5154 ἀνεστίους

135 5167 187 5241 μέν
202 5187 276 5234 τινας
290 5165 336 5223 καί
350 5169 486 5239 πλάνητας
500 5171 545 5229 καί
557 5172 704 5253 βαράάρους
717 5174 763 5234 καί
784 5173 842 5234 οὐδέ
856 5175 916 5235 τού·

1006 549 1062 585 eom
1083 541 1242 605 Peloponnesi
1270 549 1297 596 et
1326 549 1426 613 retiquae
1446 555 1548 605 Gnosia*
1566 566 1647 609 esseut
1669 560 1777 615 domini.

1004 628 1036 676 ad
1062 633 1230 685 Macedoniam
1254 652 1332 701 usque
1352 641 1483 705 imperium
1507 657 1690 712 propagarunt:
1710 654 1752 705 sed
1765 672 1780 705 a

1004 721 1125 774 Thebanis
1151 740 1180 776 eo
1205 728 1294 790 privati
1317 737 1389 794 suut,
1417 750 1473 786 eum
1502 752 1532 788 na
1557 741 1654 805 trigiula
1680 746 1779 807 quidem

1004 813 1111 874 integros
1127 831 1205 867 annos
1223 820 1249 869 id
1263 823 1432 876 retinuissent.
1466 831 1498 879 at
1513 832 1650 894 respublica
1670 838 1779 887 llomnna

1002 906 1078 955 totius
1091 911 1171 969 terrae,
1182 926 1239 975 qum
1252 914 1350 975 quidem
1362 930 1410 965 non
1419 918 1515 969 deserla
1525 926 1564 971 est
1575 923 1617 971 sed
1630 924 1660 973 ab
1673 925 1777 977 bomini·

1001 994 1047 1045 bus
1058 997 1181 1058 incolitur.
1193 1002 1321 1065 inrpmriuru
1338 1005 1412 1057 babet
1428 1029 1434 1056 :
1451 1014 1477 1059 et
1497 1012 1573 1061 totius
1589 1016 1664 1065 maris
1683 1021 1721 1065 est
1733 1018 1778 1069 do-

1000 1087 1135 1145 romanon
1149 1093 1228 1142 solum
1241 1095 1294 1144 eius
1303 1097 1368 1158 quod
1385 1103 1424 1149 est
1441 1100 1505 1150 intra
1516 1103 1642 1154 columnas
1657 1109 1777 1162 llere-ulis.

1000 1181 1042 1230 sed
1061 1185 1086 1231 el
1108 1186 1197 1235 Oceani
1210 1202 1356 1252 quacunque
1376 1193 1487 1254 navigari
1498 1201 1591 1259 polest,
1613 1200 1739 1265 primaque
1752 1207 1777 1253 et

999 1271 1052 1320 sola
1065 1286 1096 1323 ex
1119 1274 1148 1324 iis
1160 1290 1215 1339 quae
1233 1279 1359 1329 bominum
1374 1285 1492 1333 memoria
1506 1287 1660 1339 celebrantur
1680 1296 1736 1341 ortu
1750 1300 1776 1346 et

998 1376 1085 1413 occasu
1094 1365 1153 1415 srrres
1167 1367 1263 1432 imperii
1276 1371 1313 1420 sui
1324 1374 1464 1425 terminavit
1477 1395 1484 1426 z
1497 1378 1598 1444 eiusque
1612 1386 1718 1443 potentia
1727 1400 1775 1435 non

997 1451 1028 1499 ad
1041 1453 1158 1515 exiguum
1169 1458 1266 1520 tempus
1276 1458 1383 1522 durarit,
1396 1462 1437 1510 sed
1445 1467 1563 1526 quautam
1572 1467 1631 1516 nulli
1639 1469 1679 1518 alii
1691 1484 1771 1535 neque

997 1541 1092 1591 civitati
1101 1557 1261 1608 nequeregno
1275 1550 1382 1612 eontigil.
1417 1554 1505 1602 Slatim
1518 1555 1582 1604 enirn
1591 1557 1623 1605 ab
1636 1558 1704 1609 iuilio
1717 1567 1773 1625 post

997 1634 1085 1683 urbem
1092 1636 1215 1694 conditam
1227 1638 1441 1706 linitirnasgcutes,
1453 1658 1510 1707 quse
1523 1648 1640 1700 rnultmet
1650 1651 1772 1704 bellicosae

995 1728 1078 1787 eraut,
1093 1726 1140 1776 sibi
1155 1728 1272 1791 adjunxit,
1285 1747 1416 1797 omnesque
1429 1738 1583 1789 ariversarios
1597 1755 1693 1805 semper
1706 1746 1773 1795 subi-

994 1816 1072 1875 gendo
1093 1832 1237 1881 progressus
1257 1824 1324 1876 l'eeil.
1356 1827 1393 1874 ab
1408 1826 1447 1877 his
1458 1833 1541 1881 autern
1558 1832 1632 1883 rebus
1643 1849 1722 1898 usque
1740 1837 1772 1887 ad

993 1908 1123 1959 Claudiurn
1148 1913 1266 1961 Neronem
1303 1914 1391 1966 iteruin
1423 1924 1449 1968 et
1477 1922 1635 1984 Calpurnium
1659 1927 1772 1978 Pisonem

993 2000 1114 2060 eonsules,
1128 2001 1170 2064 qui
1189 2016 1264 2052 crcur
1280 2007 1424 2069 Olrnrpiude
1449 2012 1525 2061 creati
1544 2019 1616 2073 sunt,
1638 2015 1688 2065 iarn
1713 2023 1770 2068 sunt

992 2092 1136 2155 septingenti
1158 2095 1317 2158 quadraginta
1336 2100 1444 2164 quinque
1462 2105 1526 2153 armi.
1560 2111 1593 2155 Ex
1615 2122 1664 2170 quo
1686 2114 1770 2161 autem

992 2191 1070 2238 totam
1082 2190 1174 2239 ltaliam
1186 2192 1295 2256 subegit,
1311 2199 1333 2243 et
1346 2195 1421 2246 totius
1429 2197 1497 2248 urbis
1506 2203 1627 2251 terrarum
1638 2204 1767 2268 imperium

991 2280 1105 2329 attentare
1121 2295 1180 2330 ausa
1196 2286 1249 2339 est,
1265 2286 1401 2336 exturbatis
1417 2290 1504 2339 emari
1517 2293 1767 2353 Carthaginiensibus.

990 2370 1034 2432 qrri
1056 2372 1143 2433 opibus
1160 2375 1289 2423 navalibus
1305 2376 1440 2440 plurimum
1459 2381 1597 2443 prodebant,
1608 2387 1634 2434 et
1647 2386 1764 2437 llacedo·

990 2465 1030 2512 nia
1062 2466 1086 2514 in
1111 2470 1257 2528 potestatem
1287 2469 1402 2532 redacta,
1430 2486 1493 2536 (puae
1517 2488 1546 2525 eo
1578 2479 1688 2540 tenrpore
1718 2484 1767 2529 ler-

989 2557 1109 2607 restribus
1128 2561 1206 2622 copiis
1227 2562 1358 2623 pturiruurn
1376 2565 1457 2613 valere
1480 2566 1679 2629 existimabatur,
1699 2571 1766 2620 nurla

989 2648 1092 2710 amplius
1102 2651 1246 2700 adversante
1261 2667 1304 2700 nec
1318 2653 1419 2704 barbara
1429 2660 1499 2715 aenne
1514 2671 1593 2719 neque
1609 2673 1696 2721 graeca
1705 2673 1763 2724 sep·

988 2740 1074 2790 limam
1090 2741 1137 2790 iarn
1156 2748 1255 2792 etatem
1279 2744 1309 2792 ad
1330 2759 1408 2795 meam
1430 2762 1507 2810 usque
1526 2763 1635 2798 onunum
1654 2750 1763 2802 locorum

988 2830 1086 2882 dornina
1109 2838 1243 2897 permanet.
1277 2838 1328 2885 ltee
1354 2837 1403 2885 ulla
1428 2852 1486 2899 gens
1507 2844 1559 2897 est,
1583 2843 1760 2904 propemodum

986 2921 1104 2984 dixerim,
1120 2938 1175 2987 ques
1189 2925 1220 2974 de
1237 2926 1343 2975 universi
1364 2928 1432 2977 orbis
1443 2929 1579 2993 principatu
1595 2945 1650 2980 euru
1663 2945 1690 2981 ea
1701 2946 1759 2982 con·

986 3012 1069 3063 tendat
1079 3015 1184 3063 auleius
1192 3017 1320 3080 imperium
1333 3018 1462 3069 detrectet¹
1495 3021 1542 3071 Sed
1555 3021 1629 3077 enirn.
1642 3036 1682 3071 me
1696 3023 1760 3074 baud

984 3103 1017 3153 ita
1034 3105 1085 3155 leve
1105 3112 1329 3169 argumentorum
1349 3109 1444 3161 «lictum
1461 3110 1513 3173 est)
1529 3110 1660 3176 delegisse,
1681 3127 1761 3178 neque

985 3197 1008 3246 in
1022 3198 1095 3247 rebus
1108 3200 1218 3250 talilibus
1228 3206 1254 3251 et
1265 3201 1378 3252 obscuris·
1395 3203 1520 3252 immorari
1532 3205 1658 3264 statuisse,
1670 3220 1758 3257 rerum

983 3288 1013 3339 de
1025 3291 1125 3341 civitate
1149 3291 1313 3343 illustrissima
1331 3308 1385 3344 esse
1402 3298 1565 3361 scripturum,
1589 3302 1614 3347 et
1632 3299 1663 3345 de
1686 3299 1760 3350 rebus

982 3382 1071 3443 gestis,
1084 3384 1174 3445 quibus
1193 3385 1370 3447 splendidiores
1385 3387 1473 3435 anullo
1487 3388 1582 3437 ostendi
1591 3390 1696 3451 possint,
1711 3403 1757 3438 non

982 3481 1054 3530 video
1066 3496 1110 3531 eur
1118 3483 1247 3545 prolixiore
1258 3484 1368 3533 oratione
1383 3485 1484 3547 probare
1501 3485 1611 3535 debeam.

1014 3573 1057 3620 lv.
1075 3571 1147 3628 Quod
1173 3575 1254 3621 autern
1275 3587 1322 3621 non
1346 3574 1482 3622 inconsulto
1503 3588 1547 3624 nec
1567 3575 1703 3638 improvide
1725 3578 1757 3627 ad

980 3658 1127 3707 enarrandas
1140 3660 1231 3722 priscas
1247 3661 1278 3709 de
1294 3674 1322 3710 ea
1332 3663 1392 3711 urbe
1403 3653 1517 3711 historias
1533 3663 1640 3713 animaru
1651 3665 1755 3729 adrerti,

980 3746 1022 3795 sed
1038 3746 1086 3795 ruei
1102 3747 1195 3796 consilii
1220 3747 1355 3808 probabiles
1382 3751 1488 3799 rationes
1511 3751 1615 3802 reddere
1637 3767 1751 3815 possum,

979 3834 1174 3897 paucisprmtari
1194 3835 1248 3882 rolo
1273 3854 1280 3882 ·.
1306 3849 1335 3885 ue
1361 3837 1403 3898 qui
1420 3851 1519 3898 eoruru,
1540 3839 1622 3901 quiin
1640 3840 1754 3889 omnibus

979 3925 1053 3973 rebus
1071 3926 1099 3974 ad
1122 3925 1300 3974 criminandum
1313 3930 1371 3976 sunt
1387 3927 1517 3990 propensi,
1538 3927 1647 3976 nondum
1662 3929 1754 3978 aurlitis

978 4014 1008 4062 iis
1018 4027 1074 4076 quaa
1084 4014 1252 4063 declaraturus
1263 4028 1332 4073 sum,
1344 4015 1404 4064 mihi
1419 4019 1592 4074 succenseant,
1612 4016 1677 4078 quod
1690 4016 1752 4065 ciri-

977 4105 1035 4154 latis
1063 4110 1146 4155 nostra
1165 4109 1238 4155 aetate
1256 4106 1434 4162 celeberrima.
1456 4120 1513 4169 quac
1525 4107 1556 4157 ab
1579 4107 1656 4157 initiis
1678 4107 1751 4158 valde

976 4194 1089 4244 obscuris
1112 4197 1137 4244 et
1168 4194 1299 4244 lrnrnilibus
1321 4198 1396 4257 atque
1429 4194 1532 4259 indiguis
1564 4210 1619 4260 qum
1644 4196 1751 4244 biston'ae

975 4283 1123 4333 mandentur
1138 4283 1246 4346 prolecta
1252 4321 1261 4345 ,
1275 4282 1341 4331 baud
1352 4282 1436 4332 multis
1452 4287 1508 4334 unte
1522 4285 1618 4334 saeculis
1635 4283 1750 4347 splendo-

976 4389 1027 4424 rem
1039 4379 1065 4425 et
1084 4375 1186 4438 gloriam
1202 4374 1353 4437 adoptarit,
1367 4388 1396 4424 ex
1413 4389 1463 4437 quo
1473 4374 1656 4425 Macedonicum
1676 4375 1750 4438 impe·

975 4463 1039 4513 rium
1058 4463 1148 4513 evertit
1168 4466 1193 4513 et
1206 4463 1270 4512 bella
1287 4461 1379 4512 Punica
1396 4463 1500 4513 feliciter
1512 4465 1629 4523 coniecit,
1645 4478 1702 4512 eum
1716 4463 1744 4512 il-

975 4551 1050 4600 lustre
1061 4542 1162 4615 aliqu'od
1169 4555 1340 4615 argumentum
1352 4565 1383 4600 er
1395 4551 1450 4600 eius
1463 4551 1565 4601 historia
1582 4549 1643 4600 mibi
1659 4551 1747 4614 eligere

973 4640 1081 4699 licuerit,
1110 4640 1140 4689 ad
1164 4640 1324 4703 antiquitates
1352 4653 1438 4703 parurn
1464 4639 1572 4690 illustres
1595 4640 1744 4689 enarrandas

973 4730 1127 4782 declinarim.
1143 4731 1229 4780 bdbue
1241 4731 1305 4781 enirn
1317 4731 1429 4781 omnibus
1449 4732 1497 4780 tere
1510 4731 1608 4781 Graecis
1621 4734 1692 4779 velus
1701 4732 1745 4776 llo·

971 4834 1051 4871 mame
1064 4821 1204 4884 reipublicae
1216 4822 1318 4871 historia
1336 4821 1415 4884 ignota
1427 4826 1473 4878 esl,
1491 4824 1516 4868 et
1536 4819 1660 4883 opiniones
1680 4829 1747 4879 qum·

970 4913 1028 4962 darn
1045 4927 1093 4961 non
1114 4926 1194 4972 serae,
1215 4913 1256 4962 sod
1277 4926 1305 4961 ex
1321 4912 1469 4977 quibuslibet
1481 4923 1509 4958 ac
1521 4909 1590 4957 ranis
1604 4908 1744 4959 rumoribus

970 5004 1338 5067 nata.plurimosdecepernnt‚
1359 5002 1430 5066 quasi
1439 4999 1560 5062 quosdam
1579 4998 1630 5047 sine
1650 4999 1743 5050 laribus

969 5096 995 5143 et
1012 5105 1111 5141 errones
1130 5104 1159 5140 ac
1180 5091 1295 5141 barbaros
1315 5104 1406 5152 eosque
1428 5087 1528 5137 minime
1546 5087 1636 5136 libems
1662 5088 1744 5139 condi-

969 5186 1035 5232 tores
1049 5180 1182 5244 invenerit,
1197 5183 1250 5246 ipsa
1267 5195 1325 5233 rere
1347 5193 1393 5229 non
1413 5179 1503 5242 pietate
1519 5182 1544 5228 et
1567 5177 1663 5228 iustitia
1681 5186 1743 5231 cete·

1619 5278 1640 5323 t.
