3772 5828
169 330 228 391 704

170 488 182 512 ιι
197 461 265 540 δρῶν
279 458 438 539 ἀθυμότερος
453 457 517 538 πρδς
531 457 576 517 τδν
590 458 679 536 ἀγῶνα
695 456 782 530 ίστω,
793 457 853 517 ἀλλ’
866 456 943 514 ἀνθυ-

170 575 184 599 ιι
199 546 315 625 μιίσθω,
338 550 443 625 πρῶτον
464 545 514 621 μίν
538 546 579 607 δτι
598 546 717 627 κρεῖττόν
742 548 813 605 ίστιν
838 544 947 605 ἔλαττον

170 664 183 689 ι
197 637 349 718 στράτευμα
361 635 537 712 ἐπιστάμενον
547 635 565 694 ἀ
575 638 614 695 δεῖ
621 635 758 715 πράττειν,
768 633 787 707 ἢ
797 632 865 694 πολὺ
876 634 947 709 ἀμα-

170 751 183 778 ιι
198 725 254 794 tie·
268 727 361 785 ίπιιτιι
377 722 418 784 ότι
432 728 486 792 τοῖς
502 723 549 802 μὲν
564 725 632 801 ὑπὲρ
651 726 705 783 τῶν
726 723 797 783 ίδίων
820 724 947 803 ἀγωνιζο·

128 845 142 883 ι
171 842 183 867 ιι
198 814 314 893 μίνοιςή
329 813 404 897 ρόσις
416 813 484 886 σιίτιλ
499 813 595 895 θάρσος
608 814 638 875 τί
655 836 682 873 τι
703 812 767 893 πρὸς
784 810 843 879 τοῦς
856 810 946 871 κινδύ-

170 927 256 974 ινους
280 903 444 985 παρίστησι,
468 904 515 963 καί
532 907 639 980 πνεῦμα
666 903 833 969 ἐνθουσιῶδες
856 897 947 981 ῶσπερ

170 1020 183 1046 ιι
196 1001 251 1062 τοῖς
264 993 429 1075 θεοφορήτως
442 990 570 1073 ταρίχει·
584 999 638 1059 τοῖς
649 991 677 1052 δλ
688 991 809 1072 ἁρπάσαι
822 989 856 1049 τά
868 988 947 1049 ἀλλό·

170 1110 183 1136 ιι
196 1105 258 1164 τρια
272 1081 496 1164 προθυμουμίνοις
521 1077 711 1162 μαλακώτιραι
729 1080 793 1158 πρὸς
816 1079 850 1138 τδι
875 1076 947 1136 δτινά

170 1199 183 1225 ι
199 1174 228 1231 αἱ
241 1171 338 1249 τόλμαι
352 1173 457 1253 φιλοῦσι
469 1169 599 1248 γίνεσθαι.
645 1168 707 1246 (15)
723 1167 803 1226 ’nili
819 1165 872 1240 μήν
887 1162 946 1224 otti

116 1285 142 1324 ιο
169 1285 183 1313 ιι
198 1251 235 1328 οἷς
257 1261 416 1320 δεδίττονται
432 1257 492 1325 τοῦς
512 1255 654 1334 πολεμίους
664 1255 710 1315 καλ
723 1256 785 1333 πρὶν
805 1257 841 1321 εἷς
854 1257 945 1335 χεῖρας

170 1376 183 1402 ι
198 1351 281 1410 ἀλθεῑν
298 1349 497 1421 ίκδειματοῦσιν
510 1344 661 1426 ἀρρωδητία
676 1346 742 1420 ἡμῖν
754 1346 839 1417 ἔστιν,
853 1340 946 1425 ῶσπερ

170 1465 182 1489 ιι
197 1437 315 1517 ἀπείροις
324 1436 452 1511 πολίμου.
494 1435 529 1496 Τί
547 1435 597 1514 γάρ
610 1431 681 1515 [ἀν]
696 1432 850 1502 δυνήσονται
864 1430 947 1490 διινδν

169 1552 182 1577 ιι
196 1526 359 1605 ἐργάσασθαι
371 1521 429 1591 τοῦς
442 1521 524 1600 ὁμόσε
536 1528 686 1603 χωροῦντας
703 1524 731 1579 αἱ
745 1524 848 1599 βαθεῖαι
863 1521 946 1598 κόμαι

170 1640 182 1665 ιι
197 1613 283 1672 καὶτὸ
295 1614 322 1670 ἐν
334 1612 388 1679 τοῖς
401 1610 517 1690 όμμασιν
530 1612 617 1670 αὐτῶν
631 1609 724 1690 πικρδν
739 1608 784 1668 καλ
796 1612 810 1667 θ
821 1609 945 1688 βλοσυρὸς

170 1727 184 1753 ιι
197 1705 245 1772 τῆς
258 1700 341 1782 ὄψεως
356 1698 513 1780 χαρακτήρ,
538 1697 569 1758 αἵ
587 1723 616 1759 τε
631 1700 664 1770 δὴ
687 1699 853 1774 πλημμελεῖς
868 1689 946 1757 αὗται

169 1813 183 1839 ιι
199 1789 348 1869 σκιρτήσεις
359 1788 403 1847 καί
413 1786 447 1846 sd
458 1786 503 1847 διά
512 1791 589 1859 κενῆς
597 1785 781 1865 ἀνσσείσματα
791 1787 843 1843 τῶν
855 1782 945 1844 ὅπλων

169 1904 182 1930 ιι
197 1878 243 1938 καὶ
256 1879 281 1936 οἱ
292 1876 386 1937 πολλοὶ
397 1880 450 1936 τῶν
462 1879 560 1957 θυρεῶν
571 1875 683 1950 κτύποι,
696 1875 741 1934 καί
752 1874 802 1936 ὅσα
815 1874 883 1932 ἄλλα
894 1873 946 1933 tui

170 1994 183 2020 ι
198 1965 334 2048 βαρόάρου
351 1965 397 2026 καλ
419 1963 529 2044 ἀφρονος
547 1965 699 2034 ἀλαζονείας
711 1963 782 2023 κατά
795 1985 824 2021 τε
844 1962 945 2043 μορφάς

168 2082 182 2108 ιι
196 2056 242 2115 καί
267 2055 356 2138 parad<
375 2056 401 2112 lu
417 2055 538 2121 ἀπειλαῖς
561 2053 694 2124 πολεμίων
717 2056 870 2126 σπαθθται,
885 2053 944 2111 τίνα

114 2162 141 2201 ειν
168 2171 182 2198 ι
196 2144 322 2224 παρίχειν
342 2141 444 2223 πίρυκι
458 2150 512 2208 τοῖς
527 2143 645 2215 ἀνοήτως
663 2145 768 2201 ἀπιοῦσι
783 2137 944 2214 πλιονεξίαν,

168 2232 213 2306 «ἢ
235 2242 289 2299 τοῖς
309 2231 377 2310 μιτδι
397 2233 527 2309 λογισμοῦ
546 2230 621 2310 παρὰ
635 2229 670 2290 rii
689 2229 760 2289 δεινά
780 2231 876 2289 ἑστῶσι
894 2228 946 2309 φό-

169 2349 182 2373 ιι
197 2320 258 2395 dou
281 2320 344 2401 (lli)
363 2323 457 2382 Ταῦτα
474 2317 506 2391 δὴ
528 2319 720 2396 διανοηθίντις,
741 2318 799 2380 icor
819 2342 848 2378 τε
871 2321 944 2395 ὑμῶν

168 2436 182 2462 ιι
195 2410 222 2469 ίν
237 2412 275 2490 τῷ
289 2407 359 2469 κατδι
380 2409 490 2469 Κελτῶν
504 2408 624 2488 προτίριμ
640 2408 749 2487 πολίμιμ
771 2406 945 2485 παρεγένεσθε

168 2526 181 2552 ι
195 2499 241 2559 καλ
261 2497 318 2559 όσοι
336 2497 379 2558 διδ
398 2497 510 2570 νεότητα
534 2497 709 2578 ἀπελείφθητε
732 2497 828 2568 αὐτοῦ,
851 2497 875 2554 oi
896 2495 944 2571 μίν

113 2606 140 2644 as
168 2616 181 2642 ιι
194 2585 238 2647 ἵνα
256 2587 305 2661 τὴν
325 2586 385 2649 τότε
398 2585 496 2667 ἀρετήν
511 2584 549 2664 μὴ
567 2584 762 2666 καταισχόνητε
779 2589 873 2663 τῇνῦν
889 2586 944 2645 δει·

168 2704 181 2730 ι
194 2675 255 2756 λίη,
270 2679 294 2737 οἱ
311 2676 339 2736 δί
352 2678 397 2734 ἵνα
414 2674 496 2753 μηδὲν
508 2674 667 2754 ἐνδεέστεροι
684 2675 793 2754 γένησθε
808 2677 861 2733 τῶν
876 2698 942 2753 πρε-

168 2793 181 2817 ιι
196 2763 330 2846 σόυτίρων
346 2765 374 2823 fs
387 2761 510 2832 ἀπιδείξιι
521 2763 611 2822 καλῶν
624 2762 725 2842 ἔργων,
735 2763 784 2834 ἶτι,
798 2750 944 2840 ῶγινναῖοι

168 2880 182 2906 ιι
195 2854 289 2920 παῖδας
310 2855 417 2931 ἀγαθῶν
432 2852 550 2924 ζηλωταί
572 2852 713 2930 πατέρων,
728 2850 767 2909 its
789 2851 943 2922 ἀκαταπλή-

168 2969 181 2994 ι
195 2965 263 3009 κτως
278 2943 319 3000 ἀπ’
331 2942 440 3006 αὐτοὺς,
455 2941 528 3007 θεοός
543 2963 572 2999 τε
588 2939 705 3020 ἀρωγοὺς
720 2938 838 3020 ἔχοντες,
857 2939 882 2998 οἳ
894 2964 944 2999 πα·

168 3057 181 3083 ιι
197 3030 311 3111 ρίξουσιν
334 3033 395 3105 ὑμῖν
412 3029 550 3103 ἐξουσίαν,
567 3027 623 3095 οίσς
639 3028 777 3087 ίόούλισθε
795 3027 869 3106 παρὰ
890 3033 942 3088 τῶν

167 3146 180 3171 ιι
196 3121 323 3200 ἐχθίστων
339 3116 539 3197 ἀναπράξασθαι
554 3117 645 3192 δίκας,
661 3121 707 3175 καὶ
723 3117 869 3195 στρατηγὸν
887 3118 943 3191 ἐμὲ,

167 3237 179 3262 ιι
195 3201 216 3288 ᾧ
234 3207 335 3278 πολλήν
359 3205 407 3284 μὲν
429 3204 566 3264 εῦόουλίαν
594 3206 766 3288 μαρτυρεῖτε,
791 3205 890 3277 πολλὴν
914 3208 942 3267 δὲ

167 3326 179 3349 ιι
195 3296 348 3368 εὐποτμίαν·
360 3294 488 3373 μακάριον
499 3293 545 3366 μίν
560 3293 659 3362 ἕξοντες
669 3294 713 3352 τὸν
727 3295 779 3353 ἀπὸ
789 3296 865 3354 τοῦδε
878 3320 898 3375 χ
900 3297 944 3375 ρό-

167 3415 179 3439 ιι
194 3410 252 3460 νον,
268 3375 305 3451 οἷς
329 3383 360 3442 ἀν
377 3385 515 3463 ίγγίνηται
533 3384 576 3442 τδν
601 3383 809 3464 ἐπιφανέστατον
832 3388 864 3464 τῇ
891 3410 944 3444 πα·

167 3501 179 3527 ιι
193 3474 261 3552 τρίδι
276 3471 402 3552 στέφανον
419 3476 597 3549 καταγαγεῖν,
613 3469 696 3542 καλήν
712 3469 800 3530 δὲκαὶ
816 3473 942 3537 ἀθάνατον

167 3590 179 3615 ιι
194 3556 312 3621 εὐκλείαν
329 3560 531 3640 καταλείψαντας
557 3560 617 3617 ἀντὶ
635 3565 680 3617 τοῦ
705 3562 798 3630 θνητοῦ
820 3560 942 3636 σώματος

167 3680 180 3704 ιι
195 3651 295 3723 νηπίοις
322 3647 400 3707 παισί
423 3648 467 3706 καί
492 3656 608 3728 γηραιοῖς
630 3651 765 3725 γονεῦσιν,
801 3649 825 3706 οἱ
844 3649 941 3725 ταύτην

167 3769 179 3793 ιι
194 3739 407 3818 ἐκπληρώσοντες
420 3738 468 3810 τήν
491 3746 536 3797 τοῦΙ
552 3741 609 3816 βίου
624 3742 758 3815 τελευτήν.
784 3744 841 3804 Οὐκ
857 3736 944 3804 sliat

167 3856 178 3881 ιι
193 3853 218 3888 τι
234 3830 272 3887 δεῖ
286 3827 369 3886 πλείω
387 3827 486 3904 λέγειν·
501 3837 611 3889 κινεῖται
631 3830 682 3909 γάρ
696 3831 747 3903 ἤδη
763 3832 793 3891 τὸ
808 3832 941 3915 βάρόαρον

114 3942 139 3979 ιιι
167 3945 179 3969 ιι
195 3917 346 3996 στράτευμα
363 3921 465 3995 χωροῦν
481 3915 519 3995 ἐρ’
533 3923 615 3989 ἡμᾶς.
641 3919 720 3978 Ἀλλά
736 3920 813 3979 άπιτε
830 3922 875 3979 καλ
890 3945 942 3980 κα-

166 4035 179 4060 ιι
194 4007 316 4064 θίστασθε
330 4009 366 4072 εἷς
380 4004 460 4072 τάξιν.
478 4033 490 4057 ιι
509 4007 609 4068 Ambr.

206 4096 243 4156 X.
266 4095 326 4169 (li)
343 4092 377 4152 ‘ll
394 4092 440 4168 μίν
457 4085 501 4153 οὖν
518 4099 569 4152 τῶν
582 4094 723 4175 βαρόάρων
742 4097 817 4177 μάχη
833 4095 901 4154 πολὺ
912 4098 942 4157 τὸ

165 4184 289 4264 θηριῶδες
303 4182 346 4240 καί
362 4181 471 4257 μανικδν
492 4182 589 4264 ἔχουσα
606 4187 766 4260 πλημμελής
788 4211 828 4252 τις
845 4177 877 4258 ήν
893 4189 939 4245 καὶ

165 4272 256 4352 πυρίας
271 4276 316 4342 τῆς
330 4272 355 4328 ἐν
371 4270 459 4336 ὅπλοις
471 4272 589 4353 ἄμοιρος.
604 4274 674 4333 'lost
702 4275 750 4351 μὲν
775 4275 826 4355 γάρ
842 4275 941 4334 ἀνατεί-

112 4389 138 4425 ιε
167 4387 251 4428 νοντες
264 4360 317 4418 ἄνω
332 4358 377 4423 τίς
393 4361 527 4441 μαχαίρας
560 4365 604 4424 τὸν
620 4364 710 4442 ἄγριον
734 4365 829 4442 τρόπον
852 4365 941 4424 ἔπαιον

166 4451 233 4517 ὅλοις
248 4449 470 4524 συνεμπίπτοντες
495 4454 547 4518 τοῖς
572 4457 671 4511 ἑαυτῶν
695 4452 833 4528 σώμασιν,
852 4452 942 4533 ὥσπερ

166 4538 287 4613 ὑλοτόμοι
304 4537 371 4601 τινὲς
387 4538 404 4609 ἣ
421 4551 577 4613 σκαπανεῖς,
595 4542 652 4601 τοτὲ
673 4542 696 4598 δ’
713 4545 807 4599 ἐκτῶν
823 4543 941 4617 πλαγίων

166 4629 343 4710 ἀστοχάστους
359 4630 464 4708 πληγάς
480 4631 611 4710 ἐξέφερον,
630 4637 664 4697 ὡς
688 4633 774 4697 αὐτοῖς
792 4655 942 4702 σκεπαστη-

166 4720 227 4796 ρίοις
244 4718 292 4776 ilo
308 4719 476 4800 διακόψοντες
491 4720 524 4778 od
540 4720 652 4794 σιίιματα
674 4724 725 4777 τῶν
748 4718 940 4791 ἀντιπολέμων·

110 4818 137 4857 ⁶0
164 4807 254 4865 ἔπειτα
270 4807 316 4873 τάς
331 4809 419 4885 ἀκμάς
434 4812 487 4867 τῶν
504 4808 618 4885 σιδήριον
635 4809 809 4887 ἀπέστρερον.
825 4807 889 4885 (18)
904 4805 940 4866 Ἡ

165 4895 192 4951 δὲ
206 4899 258 4952 τῶν
268 4895 410 4971 Ῥωμαίων
426 4896 493 4967 ἀλκή
510 4895 555 4954 καί
569 4893 634 4970 πρδς
654 4897 685 4955 τδ
699 4895 832 4975 βάρόαρον
853 4897 939 4953 αὐτῶν

164 4982 344 5060 ἀντιτέχνησις
359 4985 525 5051 εὖπαίδευτός
535 5009 563 5043 τε
577 4975 609 5056 ήν
625 4984 670 5040 καί
688 4986 755 5041 πολὺ
777 4987 807 5044 τὸ
821 4983 922 5060 ἀσφαλὲ

164 5067 270 5146 ἔχουσα.
300 5068 361 5129 ΙἸίτι
376 5073 426 5151 γάρ
442 5077 527 5132 αὐτῶν
544 5072 723 5149 ἀναιρομένων
740 5073 786 5136 ri<
802 5072 939 5150 μαχαίρας

163 5153 332 5224 ὕποδύνοντες
353 5161 404 5216 ὑπὸ
424 5160 482 5225 τοὺς
509 5161 649 5240 βραχίονας
676 5158 721 5216 καὶ
746 5158 805 5225 τοὺς
832 5157 936 5236 θυρεοὺς

681 325 854 388 DlONYSil
876 323 1259 390 naticannasssslisis

1003 480 1016 511 ι
1032 477 1107 527 qusm
1127 465 1184 517 lraec
1197 470 1314 531 spectans
1326 466 1417 531 quiam
1430 467 1501 520 nobis
1520 466 1667 533 superiores
1685 473 1796 526 suntad

1003 580 1015 609 ι
1031 565 1189 630 pugnandum
1207 567 1334 619 remissior
1350 568 1401 632 sit,
1421 568 1466 620 sed
1481 570 1564 635 potius
1585 583 1676 622 securo
1691 578 1796 638 reputet

1003 686 1015 717 ι
1031 669 1140 734 primum
1151 683 1255 735 parrum
1266 673 1404 725 cumdium
1421 673 1465 724 sed
1479 672 1619 739 uolnus
1639 677 1795 741 prudentem

1002 786 1015 815 ι
1030 769 1101 833 looqe
1112 773 1231 834 prostme
1241 785 1330 837 magno
1341 774 1385 825 sod
1401 773 1474 836 rudi;
1489 777 1615 826 tumrero
1628 776 1663 827 als
1674 778 1732 844 ipsa
1747 794 1794 832 oa-

1003 888 1015 912 ι
1031 873 1088 920 tura
1100 870 1130 921 ils
1141 871 1184 935 qui
1200 884 1245 937 pro
1261 872 1313 924 suls
1332 874 1461 926 doeermot
1474 872 1605 927 andedam
1625 877 1662 928 ad
1681 881 1794 944 pericula

1004 972 1144 1036 ιριειοῖατί
1164 976 1191 1025 at
1203 973 1312 1025 εαίιιιιιιιι
1325 975 1455 1027 incitam
1473 976 1552 1029 veluti
1573 977 1605 1029 iis
1626 981 1676 1048 qui
1689 984 1793 1037 nomine

1004 1090 1017 1116 ιι
1033 1069 1161 1134 amantum
1172 1076 1261 1124 contra
1272 1072 1312 1135 lis,
1329 1074 1373 1139 qui
1385 1075 1464 1127 aliem
1481 1091 1568 1145 mpero
1582 1081 1698 1147 copiunt.
1713 1085 1793 1137 animi

1004 1170 1155 1222 «molliores
1171 1170 1203 1222 sd
1217 1171 1295 1223 ardun
1314 1187 1368 1225 esse
1390 1177 1477 1231 solent.
1517 1180 1569 1245 (ts)
1586 1183 1676 1248 Neque
1688 1199 1793 1239 verosa

1004 1291 1016 1321 ι
1030 1270 1122 1336 quibus
1132 1271 1245 1323 inimicos
1260 1274 1375 1325 terdtant
1388 1291 1418 1327 ac
1431 1278 1578 1344 priusquam
1589 1296 1682 1335 manus
1697 1300 1790 1339 couse-

1004 1390 1016 1421 ι
1033 1376 1119 1422 rantur
1130 1384 1222 1436 puvme
1234 1376 1401 1438 consternant,
1415 1378 1486 1429 uobis
1498 1382 1570 1444 quasi
1582 1382 1642 1434 balii
1651 1384 1791 1451 inexpertis

1004 1473 1212 1526 «extimescenda
1231 1477 1298 1526 sunt.
1342 1478 1409 1537 Quid
1429 1480 1495 1531 enlm
1518 1486 1675 1548 aggressuris
1700 1503 1790 1543 nocere

1003 1599 1016 1623 «
1032 1583 1149 1644 poterunt
1163 1580 1234 1646 longa
1247 1581 1360 1632 somnies
1375 1585 1401 1632 et
1415 1584 1500 1634 truces
1508 1584 1576 1634 oculi
1595 1589 1622 1637 ef
1634 1588 1722 1640 rullus
1735 1596 1787 1642 tor·

1004 1697 1016 1728 ι
1032 1680 1177 1743 rituleam
1195 1680 1347 1732 inconcinna
1367 1683 1422 1732 ista
1440 1682 1582 1737 saltationes
1598 1699 1629 1736 ac
1644 1689 1731 1742 inanes
1744 1706 1788 1743 ar-

1004 1800 1016 1830 ι
1033 1795 1131 1832 morum
1143 1783 1327 1843 concussiones,
1339 1783 1483 1848 multusque
1497 1785 1635 1851 ciipcomm
1650 1793 1752 1844 sonitus
1762 1798 1789 1847 et

1004 1882 1155 1947 «quidquid
1178 1884 1263 1946 figura
1282 1883 1382 1936 vocisve
1408 1885 1513 1937 barbara
1529 1886 1651 1951 iactantis
1666 1893 1692 1943 in
1713 1896 1789 1947 minis

1005 1988 1118 2036 econfra
1136 1983 1220 2034 hostes
1247 1985 1367 2045 effundit,
1391 2000 1483 2049 quum,
1506 1985 1622 2052 inquam,
1650 1991 1788 2046 utilitatem

1005 2106 1017 2135 ι
1031 2085 1185 2150 praestabunt
1198 2085 1310 2150 imperite
1323 2087 1491 2149 aggressuris,
1505 2101 1608 2152 quemve
1622 2090 1739 2144 timorem
1751 2096 1786 2147 iis

1005 2207 1017 2235 ιι
1032 2186 1075 2251 qui
1089 2185 1224 2251 prudenter
1238 2185 1347 2251 pericula
1359 2186 1486 2238 subeunt?
1516 2188 1563 2251 (ta)
1573 2190 1633 2239 flac
1648 2189 1726 2253 igitur
1735 2208 1779 2245 re·

1003 2311 1016 2342 ι
1032 2295 1148 2357 putantes
1160 2293 1283 2354 quotquot
1299 2293 1410 2341 restrum
1421 2290 1542 2357 superiori
1552 2304 1606 2342 cum
1620 2292 1697 2345 Gallis
1709 2295 1778 2349 bello

1003 2414 1016 2442 ι
1032 2392 1177 2445 interfuistis
1191 2394 1217 2442 et
1230 2394 1352 2456 quotquot
1371 2395 1473 2456 propter
1495 2390 1679 2444 εθολεεοεπῑίιιιι
1690 2395 1724 2446 ah
1748 2411 1781 2449 eo

1005 2514 1018 2545 ι
1032 2492 1159 2553 ιιθῖυίσιῖις
1178 2492 1271 2556 priores
1284 2490 1384 2556 quidem
1396 2505 1427 2543 ne
1440 2494 1568 2557 antiquam
1584 2493 1701 2546 νίιῖιιῖοιιι
1713 2511 1782 2561 prse-

1005 2616 1016 2645 n
1031 2596 1095 2646 senti
1107 2595 1197 2645 timore
1210 2591 1346 2653 maculetis,
1362 2592 1448 2657 reliqui
1467 2608 1498 2644 ac
1514 2593 1650 2661 maioribus
1660 2602 1723 2649 natu
1738 2601 1783 2652 de·

1003 2718 1015 2742 ι
1029 2695 1134 2748 teriores
1143 2691 1274 2757 splendore
1291 2691 1427 2742 facinorum
1442 2693 1507 2754 sitis,
1521 2693 1566 2754 ite,
1579 2699 1719 2761 ogeusrosi
1731 2699 1785 2764 lilii,

1003 2818 1015 2848 ι
1029 2799 1153 2849 clarorum
1160 2797 1243 2846 umuli
1255 2798 1363 2861 patrum,
1377 2795 1411 2847 ite
1423 2794 1542 2860 impavidi
1554 2795 1676 2850 adversus
1690 2798 1785 2865 hostes,

1004 2917 1017 2947 ι
1031 2911 1088 2948 com
1101 2895 1194 2946 auxilio
1208 2893 1320 2958 deorum,
1334 2895 1378 2960 qui
1393 2896 1463 2946 robis
1475 2909 1547 2962 opero
1564 2900 1653 2962 terem,
1663 2914 1716 2964 quo
1728 2916 1786 2955 eam

1003 3013 1106 3065 nquam
1129 2996 1205 3047 vultis
1229 2995 1261 3047 de
1278 2995 1455 3048 inimicissimis
1479 2997 1598 3053 ultionem
1619 3003 1737 3068 capiatis,
1757 3010 1786 3057 et

1002 3127 1015 3151 ι
1030 3121 1072 3160 me
1082 3111 1162 3172 duce,
1177 3109 1217 3161 cui
1234 3107 1338 3159 multam
1354 3103 1508 3172 prudentiam
1522 3103 1717 3171 felicitatemque
1732 3110 1783 3158 tes·

1004 3227 1016 3257 ιι
1032 3211 1134 3261 timonio
1143 3214 1225 3262 nestro
1235 3208 1356 3268 tribuitis3
1366 3206 1432 3258 beati
1446 3205 1469 3254 in
1478 3219 1550 3255 omne
1557 3204 1674 3270 deinceps
1685 3212 1784 3272 tempus

1004 3329 1016 3359 ι
1031 3311 1122 3373 futuri,
1136 3311 1156 3360 si
1168 3310 1237 3360 robis
1248 3307 1376 3371 contigerit
1388 3305 1550 3356 clarissimam
1565 3308 1653 3369 patrias
1666 3321 1781 3358 coronam

1003 3432 1016 3459 ι
1031 3414 1136 3474 referre,
1152 3416 1177 3463 et
1189 3413 1272 3462 laetam
1288 3409 1501 3470 immortalemque
1515 3407 1617 3471 gloriam
1629 3423 1674 3472 pro
1683 3411 1782 3462 mortali

1004 3535 1016 3565 ιι
1030 3531 1132 3581 corporo
1148 3514 1257 3566 relicturi
1274 3511 1382 3578 paruulis
1399 3511 1464 3561 natis
1482 3510 1632 3572 senibusque
1654 3513 1782 3576 putribus,

1003 3638 1016 3667 ι
1032 3621 1054 3669 si
1071 3619 1137 3669 inuno
1155 3618 1261 3668 nobilem
1277 3615 1336 3664 vitm
1351 3613 1447 3663 exitum
1459 3612 1540 3663 sortiti
1557 3613 1662 3663 fueritis.
1696 3619 1784 3683 Neque

1003 3734 1015 3764 ι
1032 3715 1154 3781 estquod
1172 3715 1242 3778 plura
1255 3713 1353 3777 iuquam
1369 3712 1422 3775 iam
1433 3714 1500 3764 enim
1520 3713 1682 3767 harbarorum
1695 3731 1783 3781 omnen

1003 3833 1016 3858 ιι
1033 3813 1060 3864 in
1074 3829 1118 3863 nos
1134 3814 1229 3863 irruens
1244 3814 1414 3861 commovetur
1457 3814 1507 3874 Age
1525 3810 1612 3874 igitur,
1630 3813 1655 3864 in
1671 3816 1725 3868 acie
1738 3832 1784 3869 vos

1002 3930 1014 3959 ιι
1028 3913 1120 3962 sistite!
1135 3928 1146 3957 ν

1032 4119 1060 4166 Χ.
1082 4115 1129 4179 (17)
1147 4112 1312 4164 Barbarorum
1333 4110 1433 4174 quidem
1451 4123 1543 4175 pugna,
1558 4111 1634 4161 ferina
1646 4114 1673 4162 ef
1687 4111 1778 4163 furiosa

998 4217 1092 4281 specie,
1114 4215 1276 4279 incomposita
1291 4216 1345 4264 crat
1361 4217 1387 4264 et
1403 4212 1502 4262 militari
1520 4211 1648 4278 disciplina
1665 4213 1774 4265 carebat.

997 4325 1071 4373 Modo
1092 4324 1156 4373 onim
1177 4324 1225 4372 ulio
1239 4322 1344 4372 sublatis
1362 4319 1448 4383 gladiis
1464 4320 1614 4370 horrendum
1631 4320 1654 4368 iu
1672 4319 1775 4372 modurn

998 4430 1125 4489 feriebant,
1141 4431 1198 4480 totis
1218 4428 1365 4492 corporibus
1396 4428 1561 4487 connitentes,
1582 4432 1703 4489 tamquam
1731 4443 1776 4477 ar·

997 4535 1083 4584 borum
1107 4551 1210 4586 rasores
1223 4536 1261 4586 rei
1272 4538 1393 4589 fossores,
1407 4534 1482 4584 modu
1495 4535 1551 4584 hinc
1566 4537 1589 4583 ct
1601 4533 1665 4582 illinc
1675 4538 1772 4589 tenuere

996 4642 1080 4706 plagas
1092 4642 1308 4698 circumferebant,
1326 4642 1397 4703 quasi
1412 4653 1469 4689 cum
1487 4639 1546 4703 ipsis
1563 4639 1711 4699 tegumentis
1724 4644 1777 4691 tola

997 4747 1103 4797 hostiurn
1119 4762 1221 4812 corporo
1237 4747 1376 4810 dissocluri‚
1396 4749 1461 4797 unde
1482 4748 1538 4798 ferri
1553 4746 1631 4796 aciem
1654 4746 1776 4797 contude-

996 4857 1119 4913 nuntiis)
1135 4855 1223 4904 Contra
1238 4858 1402 4904 Romanorum
1421 4855 1459 4904 ris
1474 4858 1498 4904 cl
1514 4852 1636 4903 ads'ersus
1658 4851 1777 4901 barbaros

995 4958 1105 5008 defensio
1127 4960 1224 5008 erudito
1239 4963 1291 5007 erut
1306 4964 1332 5008 et
1354 4959 1377 5007 in
1397 4959 1482 5020 primis
1498 4958 1626 5008 securitati
1650 4957 1774 5007 studebat.

994 5067 1058 5113 Dum
1073 5065 1137 5114 enirn
1149 5065 1183 5114 illi
1195 5063 1287 5128 gladios
1298 5064 1444 5115 offerebant.
1458 5067 1559 5116 Romani
1574 5078 1660 5115 uorum
1675 5063 1775 5112 brachio

996 5168 1129 5220 subcuntes
1152 5168 1225 5221 elutis
1252 5169 1346 5228 scutis,
1369 5171 1458 5220 deinde
1488 5172 1623 5222 curualiet
1653 5168 1775 5220 contracti

1523 5254 1532 5278 ι
