3772 5828
155 2128 183 2170 σθ

155 2573 182 2612 25

152 3468 178 3507 do

148 3904 175 3943 lo

214 286 274 349 680
746 286 911 349 DlONYSll
933 288 1309 354 Helicaonassssnsts

215 455 229 481 ιι
243 447 284 483 σιν
296 424 376 499 ἡμῖν,
390 419 434 480 ile
446 418 627 501 ἐπιτρέψωμεν
639 420 677 500 τῷ
689 419 767 501 δήμῳ
777 421 895 501 περὶτοῦ
909 420 990 498 νόμου

214 518 327 596 ιιψῆρον
350 510 457 570 lateii·
472 510 519 570 οὐκ
541 508 609 588 έχων
624 507 652 567 δέ
668 507 684 568 δ
703 533 729 567 τι
743 508 796 590 χρὴ
812 516 914 583 ποιεῖν,
932 510 990 570 aiil

215 632 227 655 ιι
243 600 384 675 δυνάμενος
395 595 526 663 τοσούτοις
535 588 692 675 οάσινμάνος
701 596 926 676 ἀντιλέγειν,είκυν
938 602 991 666 τοῖς

215 718 227 742 ιι
243 686 393 767 βουλήμασι
413 692 465 753 τοῖς
479 686 623 766 ὑμετέροις,
653 687 761 747 Δίκαιον
780 683 831 766 γάρ
846 685 991 765 ἀποραίνε-

214 805 227 828 ιι
241 781 302 836 σθαι
316 775 365 852 μῖν
385 772 494 834 ἕκαστον
511 774 529 832 θ
544 775 615 833 δοκεῖ
630 777 668 855 τῷ
682 777 760 855 κοινῷ
775 772 920 847 συνοίσειν,
932 775 990 834 πεί·

214 893 227 917 ιι
241 868 330 925 θεσθαι
344 864 371 923 δὲ
386 871 439 930 τοῖς
454 862 505 922 tri
517 865 570 921 τῶν
583 864 711 923 πλειόνων
729 870 865 944 κριθεῖσιν.
887 863 991 924 Ἐκεῖνο

214 1071 227 1096 ιι
241 1042 395 1122 πράγμασιν
408 1040 480 1122 ἔχω,
499 1044 545 1108 τῆς
570 1040 618 1119 μὲν
633 1042 761 1108 ὑπατείας
776 1041 844 1119 μήτε
863 1048 908 1102 νῦν
922 1041 989 1118 μήτε

213 1159 226 1184 ιι
242 1131 349 1211 ὕστερον
364 1133 535 1212 παραχωρεῖν
551 1130 657 1202 μηδενί,
676 1129 746 1202 πλὴν
762 1133 813 1189 τῶν
831 1130 990 1210 πατρικίων,

214 1247 227 1273 ιι
240 1212 278 1289 οἷς
288 1219 376 1298 μάνοιι
389 1219 460 1278 ἀσιάν
473 1242 501 1277 τε
514 1218 559 1276 καῖ
571 1217 677 1294 θεμιτόν
694 1221 750 1278 ἐστι
761 1218 915 1298 τυγχάνειν·
926 1217 989 1277 θταν

212 1337 224 1363 ι
240 1312 264 1370 δ’
278 1311 315 1377 είς
328 1308 445 1385 ἀνάγκην
459 1307 680 1378 κατακλεισθῆτι,
695 1305 784 1382 ὥσπερ
798 1311 858 1379 νῦν,
874 1309 987 1382 μεταδι-

212 1426 225 1450 ιι
240 1396 313 1457 δάναι
322 1395 368 1455 καί
380 1402 431 1458 τοῖς
444 1392 532 1459 σίλλοις
543 1394 662 1461 πολίταις
674 1396 721 1464 τῆς
736 1392 861 1471 μεγίστης
873 1393 989 1464 tiresiae

213 1514 225 1536 ιι
239 1508 266 1544 τε
283 1482 327 1543 καί
342 1484 440 1562 ἀρχῆς,
456 1481 610 1561 χιλιάρχους
618 1503 647 1540 τε
660 1481 716 1540 ἀντὶ
731 1485 783 1540 τῶν
798 1483 906 1542 ὑπάτων
922 1486 989 1544 ἀπο·

211 1572 370 1646 «δείκνυτε,
389 1571 496 1651 ἀριθμὸν
516 1571 601 1629 αὐτῶν
626 1570 758 1650 ὁρίσαντες
772 1571 832 1632 ὅσον
863 1572 894 1645 δή
917 1597 988 1633 τινα·

212 1689 224 1713 ιι
239 1660 298 1738 ίμοῖ
313 1657 360 1735 μέν
375 1658 426 1736 γάρ
443 1657 512 1717 θκτδν
525 1657 542 1730 ἢ
557 1658 584 1726 ἓξ
601 1664 720 1741 ἀποχρῆν
736 1662 806 1720 δοκεῖ
819 1680 827 1695 ·
841 1660 869 1720 ἔν
881 1684 910 1720 τε
925 1662 987 1722 τοί-

211 1773 291 1817 «τοις
308 1756 361 1816 τοῖς
375 1749 484 1829 ἀνδράσι
498 1747 535 1825 μὴ
551 1748 686 1816 ἐλάττονες
701 1750 810 1829 ἀριθμὸν
827 1748 946 1810 ἔστωσαν
962 1755 986 1812 οῖ

211 1867 224 1891 ιι
238 1837 372 1919 πατρίκιοι
381 1840 434 1897 τῶν
442 1837 600 1913 δημοτικῶν.
612 1840 706 1899 Ταῦτα
715 1838 766 1917 γάρ
778 1843 921 1909 ποιοῦντες,
929 1841 987 1901 οὔτε

211 1956 223 1980 ⁸
238 1927 353 2001 τὴντῶν
375 1924 482 1987 θπάτων
504 1926 590 2006 ἀρχὴν
607 1929 643 1994 ιῖς
654 1926 791 1997 ταπεινοὺς
806 1928 851 1986 καῖ
866 1928 984 1997 ἀναξίους

211 2046 224 2071 ιι
237 2017 427 2094 καταὸαλεῖτε,
437 2015 496 2076 οὔτε
508 2015 660 2082 δυναστείας
672 2016 775 2083 ἀδίκους
788 2019 889 2082 ίαυτοῖς
903 2041 987 2077 κατα-

210 2134 224 2159 ιι
240 2105 412 2175 σκευάζεσθαι
432 2102 534 2175 δοἙετι,
554 2105 684 2181 μηδεμιᾶς
708 2107 791 2183 ἀρχῆς
807 2104 988 2180 μεταδιδόντες

211 2197 291 2262 «τοῖς
306 2193 469 2270 δημοτικοῖς.
489 2221 501 2245 ι
516 2192 729 2252 Ἐπαινεσάντων
746 2192 772 2250 δῖ
789 2190 914 2252 ἁπάντων
938 2194 985 2265 τὴν

208 2285 329 2364 γνώμην,
343 2282 387 2340 καῖ
403 2281 504 2348 οθδινδς
518 2281 645 2340 τάναντία
659 2280 789 2360 λέγοντος·
802 2309 815 2333 ι
828 2279 982 2355 Ἄκοθσατε,

210 2403 222 2426 ι
238 2375 288 2455 ἔφη
299 2419 307 2448 ,
320 2371 338 2429 θ
351 2371 462 2435 καὶτοῖς
475 2369 584 2437 θπάτοις
597 2373 659 2447 ὑμῖν
671 2369 726 2449 ἔχω
737 2376 887 2448 παραινεῖν.
903 2368 988 2447 Ἡμέ-

210 2485 223 2512 ιι
238 2482 286 2538 ραν
301 2459 486 2538 προειπόντες,
498 2448 556 2536 ἀνῇ
570 2457 600 2517 τδ
612 2457 798 2538 προδοθλευμα
810 2455 986 2538 θπικυρώσετε

210 2573 222 2602 ι
238 2547 283 2608 καί
296 2547 330 2607 τά
341 2548 461 2628 κριθέντα
472 2547 580 2618 ὑπὸτῆς
592 2550 702 2626 βουλῆς,
717 2547 794 2624 λόγον
810 2543 922 2607 ἀπόδοτε
934 2556 987 2616 τοῖς

209 2664 221 2688 ι
237 2635 457 2716 ἀπολογουμένοις
479 2635 546 2715 θπῖρ
565 2640 610 2694 τοῦ
635 2634 716 2713 νόμου
734 2636 780 2695 καῖ
799 2643 853 2702 τοῖς
872 2659 986 2715 κατηγο·

208 2752 221 2777 ιι
238 2730 326 2804 ροῦσι·
351 2724 480 2807 ῥηθέντων
502 2721 530 2782 δὲ
544 2726 596 2784 τῶν
611 2723 711 2803 λόγων,
738 2723 801 2783 ὅταν
819 2724 923 2804 καθήκῃ
938 2724 986 2793 τάς

208 2842 220 2865 ι
237 2813 343 2892 γνώμας
356 2816 473 2894 ίρωτάν,
485 2812 554 2889 μήτε
567 2813 614 2871 ἀπ’
628 2815 692 2890 ἐμοῦ
703 2812 831 2892 άρξασθε,
847 2812 913 2887 μήτε
933 2814 985 2872 άπδ

209 2929 221 2953 ι
237 2903 361 2963 Κοῖντίου
376 2902 464 2974 τουδί,
481 2901 548 2977 μήτε
563 2900 610 2959 ἀπ’
626 2902 706 2961 ἀλλον
724 2906 777 2960 τῶν
798 2899 983 2981 πρεσθυτέρων

211 3016 224 3042 ιι
239 2988 366 3066 μηδενὸς,
385 2990 446 3047 ἀλλ’
459 2987 512 3045 ἀπὸ
526 2993 571 3047 τοῦ
586 2989 859 3068 ριλοδημοτάτουτῶν
878 2991 984 3069 βουλευ·

208 3106 220 3132 ι
237 3082 306 3149 τῶν,
323 3075 434 3136 Λευκίου
450 3076 615 3154 Οὐαλερίου,
630 3078 675 3134 καί
690 3076 758 3153 μετδι
773 3081 865 3135 τοῦτον
881 3077 983 3146 ἀξιοῦτε

207 3165 376 3245 ιὉράτισν,
402 3163 426 3222 εί
449 3188 474 3223 τι
501 3161 624 3242 βούλεται
643 3163 738 3242 λέγειν.
781 3162 869 3224 Ὅταν
888 3166 916 3223 δέ
937 3168 983 3236 τάς

206 3283 218 3309 ιι
233 3257 295 3334 παρ’
306 3254 411 3313 ἐκείνων
426 3251 533 3333 γνώμας
549 3251 704 3327 ἐξετάσητε,
722 3253 780 3312 τότε
792 3253 852 3318 τοὺς
864 3254 981 3366 πρεσθυ-

207 3371 218 3396 ι
234 3343 322 3424 τέρους
344 3346 416 3417 ἡμᾶς
437 3341 556 3400 κελεύετε
579 3342 676 3418 λέγειν.
720 3340 795 3420 Ἐγὼ
809 3341 856 3414 μὲν
875 3364 919 3401 ουν
934 3342 981 3416 τὴν

206 3458 217 3484 ι
233 3430 430 3502 ἐναντιουμένην
444 3427 553 3508 γνώμην
565 3429 619 3495 τοῖς
631 3427 779 3509 δημάρχοις
792 3429 979 3506 ἀποδείξομαι,

205 3547 217 3574 ι
232 3519 305 3596 πάσῃ
320 3524 353 3598 τῇ
368 3518 504 3598 παρρησίη
525 3515 671 3598 χρώμενος·
687 3519 759 3576 τουτὶ
777 3517 828 3596 γάρ
845 3522 883 3597 τῷ
904 3523 982 3598 κοινῷ

204 3637 216 3660 ι
232 3607 373 3687 συμρέρει·
389 3608 419 3666 τὸ
433 3607 459 3664 δέ
472 3606 532 3684 περὶ
549 3608 604 3664 τῶν
619 3607 767 3685 χιλιάρχων
782 3607 944 3681 πολίτευμα,
960 3610 982 3666 εί

203 3723 215 3751 ιι
234 3695 399 3775 βουλομένοις
411 3694 494 3772 ἐστὶν,
509 3694 663 3772 είσηγείσθω
675 3697 754 3761 Τίτος
765 3696 885 3762 Γενύκιος
900 3688 981 3764 οὗτος·

204 3811 215 3835 ι
232 3782 440 3862 πρεπιιιδεστάτη
456 3784 507 3861 γὰρ
527 3787 544 3855 ἠ
559 3782 667 3859 γνώμη,
686 3783 731 3840 καῖ
746 3785 860 3864 ὑποψίαν
884 3784 982 3856 ἥκιστα

203 3897 214 3924 ιι
231 3870 379 3950 παρέξουσα
392 3871 491 3947 γένοιτο
505 3869 553 3947 ἀν,
567 3870 612 3928 tir
627 3862 700 3934 οὗτος
716 3873 823 3941 αθτὴνδ
846 3870 889 3938 σθς
908 3872 982 3929 ἀδελ·

1046 451 1058 473 ι
1073 430 1138 493 plebi
1149 432 1322 495 permittamus
1335 435 1364 483 ut
1375 433 1407 484 de
1415 432 1461 486 lrac
1473 435 1560 501 legein
1572 438 1706 505 sutfragia
1712 441 1843 498 mittatur.

1046 546 1059 573 ιι
1071 529 1203 592 sedquum
1217 545 1265 581 non
1279 531 1382 582 iubeam
1389 533 1450 598 quid
1458 548 1538 599 agaim
1548 549 1595 586 uec
1611 537 1653 588 tot
1670 538 1740 589 viris
1755 541 1845 594 adrer-

1046 642 1059 667 ι
1076 624 1123 673 sari
1131 625 1231 688 possim,
1246 629 1337 677 reslrls
1345 627 1453 680 consitiis
1465 629 1652 697 cedoAEquum
1663 634 1740 685 enim
1750 641 1803 700 est,
1817 645 1844 691 ut

1045 743 1058 767 ι
1071 723 1242 788 unusquisque
1256 724 1373 787 declaret,
1385 740 1441 791 quae
1450 741 1464 778 e
1473 727 1600 792 republica
1618 733 1674 783 lore
1698 735 1842 800 existimat,

1046 840 1058 864 ιι
1076 821 1119 871 sod
1136 825 1222 885 pareat
1239 822 1489 889 iis,quaeapluribus
1507 828 1599 879 luerint
1621 830 1742 885 decreta.
1778 835 1843 886 lllud

1046 940 1058 964 ι
1072 925 1156 971 umen
1165 920 1252 982 babeo,
1265 923 1297 973 de
1307 937 1409 986 quoros
1422 938 1545 987 ιοοινοειιν,
1557 927 1621 978 utin
1634 931 1719 983 rebus
1728 933 1841 987 difficili·

1048 1036 1059 1060 ιι
1071 1016 1118 1067 bus
1131 1021 1157 1067 et
1166 1015 1287 1081 adrensis,
1297 1022 1325 1069 ut
1336 1021 1465 1072 consulatu
1479 1037 1559 1087 neque
1571 1039 1737 1093 nuucneque
1747 1031 1773 1082 in
1781 1047 1840 1098 pos·

1047 1134 1059 1157 ι
1074 1118 1165 1174 terum,
1173 1115 1291 1179 cuiquam
1300 1116 1404 1179 cedatis,
1420 1124 1586 1185 praeterquam
1599 1126 1736 1189 patriciis,
1748 1129 1842 1193 quitus

1048 1231 1059 1254 ι
1072 1210 1131 1261 ands
1146 1211 1214 1276 pium
1224 1211 1297 1263 etlas
1307 1218 1353 1268 ssi.
1365 1215 1412 1267 Ubi
1429 1230 1490 1267 vero
1500 1217 1725 1275 adueccasitatcm
1744 1225 1840 1279 redae

1047 1324 1059 1355 ι
1072 1306 1151 1370 eritis,
1163 1310 1269 1371 utnuuc,
1277 1310 1443 1378 aliosquoque
1453 1314 1520 1365 cives
1528 1317 1648 1369 masimae
1662 1324 1801 1384 potestatis
1813 1328 1839 1375 et

1046 1424 1060 1449 ιι
1072 1405 1166 1468 imperii
1177 1407 1309 1472 participes
1319 1409 1424 1474 faciatis,
1434 1415 1459 1461 et
1471 1410 1585 1464 tribunos
1599 1416 1713 1469 rnilitum
1724 1435 1773 1485 pro
1783 1436 1839 1473 nan·

1047 1525 1059 1549 ιι
1075 1504 1170 1556 sutilius
1182 1507 1286 1566 creetis,
1300 1523 1428 1560 numerum
1447 1525 1543 1575 eorum,
1555 1520 1838 1585 quantumcunquero

1047 1622 1059 1645 ιι
1073 1602 1177 1664 lueritis,
1198 1604 1369 1667 presumentes.
1389 1612 1468 1674 atque
1487 1623 1534 1676 ego
1546 1613 1652 1677 quidem
1664 1621 1726 1669 octo
1741 1622 1781 1673 rel
1793 1636 1837 1673 sex

1047 1730 1059 1753 ι
1074 1710 1187 1762 sullicare
1196 1713 1264 1775 puto.
1276 1713 1304 1761 lu
1321 1711 1369 1761 hoc
1382 1713 1464 1760 tamer
1479 1710 1585 1762 istorum
1600 1712 1717 1768 virorum
1733 1732 1836 1773 numero

1046 1827 1059 1852 ι
1075 1822 1105 1858 ne
1119 1808 1246 1873 pauciores
1255 1808 1304 1858 sint
1317 1809 1425 1874 patricii,
1436 1822 1510 1873 quiam
1521 1808 1620 1873 plebeii.
1628 1813 1656 1864 Si
1671 1816 1742 1867 euim
1753 1818 1789 1869 ita
1797 1821 1832 1870 ie·

1046 1928 1058 1952 ι
1073 1908 1165 1966 ceritis,
1176 1921 1220 1958 uec
1228 1908 1385 1958 consulatum
1395 1908 1419 1958 in
1430 1908 1539 1970 abjectos
1552 1913 1579 1962 et
1588 1911 1708 1980 indiguos
1718 1917 1834 1971 homines

1044 2029 1056 2051 ι
1070 2008 1209 2068 conteretis,
1226 2020 1272 2058 nec
1286 2006 1428 2058 dominatus
1453 2009 1560 2073 injustos
1575 2011 1651 2064 robis
1663 2014 1725 2080 ipsis
1734 2020 1832 2070 consti·

1047 2122 1059 2145 ιι
1071 2104 1141 2152 tuere
1155 2099 1307 2160 videbimini,
1319 2100 1360 2163 qui
1372 2100 1482 2165 plebeios
1491 2102 1523 2152 ad
1542 2105 1639 2157 nullum
1652 2110 1828 2173 magistratum

1046 2212 1058 2235 ι
1072 2189 1227 2241 admiseritis.
1239 2210 1251 2233 ν
1271 2190 1381 2241 laudata
1398 2189 1431 2241 ab
1442 2192 1560 2243 omnibus
1581 2195 1633 2260 ejus
1651 2200 1789 2261 aeutmtia,
1799 2207 1826 2252 et

1044 2289 1111 2341 nullo
1128 2287 1310 2340 contradicente
1328 2303 1335 2336 :
1353 2305 1366 2329 ιι
1378 2284 1476 2340 Audite,
1495 2285 1732 2352 requiemnoctis
1743 2291 1821 2343 eliam

1045 2402 1057 2425 ι
1072 2380 1212 2432 consulibus
1225 2380 1329 2429 suadere
1341 2377 1408 2428 τοῖο.
1446 2376 1542 2429 indicta
1557 2379 1613 2440 die,
1622 2379 1655 2431 ad
1664 2394 1738 2447 qum
1749 2397 1823 2436 seua-

1044 2494 1056 2517 ιι
1069 2469 1251 2525 luseonsultum
1263 2468 1351 2520 iacturi
1368 2472 1393 2518 et
1404 2468 1523 2519 sancituri
1539 2471 1619 2531 estis,
1633 2471 1732 2523 ‹ltceadi
1738 2478 1825 2537 poles·

1045 2588 1057 2611 «
1072 2570 1149 2618 tatem
1162 2565 1235 2615 tacite
1248 2562 1309 2625 legis
1321 2561 1466 2612 suasoribus
1475 2565 1501 2612 et
1517 2562 1717 2617 dissuasoribus.
1736 2570 1827 2621 vernis

1043 2663 1154 2709 «aurem
1179 2658 1239 2710 itera
1258 2652 1415 2714 succinctis,
1435 2667 1513 2717 quum
1530 2654 1563 2704 ad
1577 2658 1716 2710 ιεσίεοῑῖεε
1735 2675 1826 2727 rogan-

1043 2771 1056 2795 ι
1070 2750 1116 2802 das
1126 2754 1230 2800 rentum
1243 2748 1304 2810 erit,
1318 2759 1364 2797 nec
1378 2759 1393 2796 a
1407 2759 1447 2796 me
1465 2759 1512 2796 neo
1525 2748 1556 2798 ab
1572 2747 1622 2800 isto
1643 2752 1761 2814 Quintio,
1780 2771 1827 2808 nea

1043 2865 1056 2889 ι
1071 2856 1222 2909 aquoquam
1232 2841 1335 2892 alionum
1355 2839 1495 2899 seniorum,
1510 2839 1555 2891 sed
1564 2842 1598 2893 ab
1608 2824 1661 2895 isto
1675 2847 1703 2897 L.
1715 2849 1838 2912 valerio„

1043 2957 1056 2980 ι
1071 2937 1114 3000 qui
1124 2934 1232 2985 omnium
1249 2937 1391 2983 senatorum
1404 2935 1443 2982 est
1455 2931 1562 2982 mariue
1573 2936 1710 3000 popularis,
1726 2939 1826 2995 initium

1043 3051 1054 3074 ι
1072 3031 1156 3080 ducite
1178 3030 1295 3091 :etpost
1312 3041 1370 3078 aum
1388 3032 1474 3090 rogale
1489 3028 1633 3092 Horatium,
1650 3033 1672 3082 si
1687 3034 1751 3099 qnid
1766 3036 1827 3090 velit

1043 3149 1054 3171 ιι
1068 3128 1149 3178 dicere
1163 3144 1169 3173 ι
1184 3128 1210 3174 et
1223 3123 1265 3173 ubi
1278 3123 1376 3174 illorum
1395 3126 1530 3176 sententias
1548 3127 1752 3191 exquisiveritis,
1765 3135 1826 3184 tunc

1042 3242 1054 3265 ιι
1068 3235 1113 3270 nos
1132 3217 1240 3268 seniores
1257 3214 1338 3265 dicere
1361 3215 1488 3280 jubebitis.
1515 3220 1565 3282 Ego
1593 3234 1668 3283 quani
1696 3221 1826 3276 liberrime

1041 3337 1054 3361 ι
1070 3313 1247 3366 sententiarum
1276 3309 1380 3359 tribunis
1404 3311 1553 3361 contrariam
1576 3312 1673 3364 dicam:
1695 3315 1746 3367 iroe
1757 3319 1823 3368 eninr

1041 3430 1053 3452 ι
1069 3404 1207 3469 reipublicae
1229 3400 1354 3453 conducit.
1390 3404 1552 3465 Rogationem
1565 3409 1649 3456 autem
1662 3408 1694 3458 de
1715 3409 1824 3460 tribunis

1042 3522 1053 3543 ιι
1069 3499 1174 3549 militum
1204 3494 1331 3556 creandis,
1346 3494 1367 3545 si
1388 3509 1433 3544 ros
1447 3495 1481 3546 ila
1498 3496 1639 3553 volueritis.
1661 3503 1690 3550 Τ.
1705 3500 1754 3552 isle
1771 3505 1823 3554 Ge·

1045 3615 1057 3638 ιι
1072 3594 1159 3643 nucius
1178 3593 1247 3643 ierat.
1280 3593 1342 3640 liam
1372 3588 1421 3639 erit
1446 3589 1568 3640 sententia
1583 3590 1776 3653 decentissima,
1800 3599 1826 3645 et

1044 3705 1055 3727 ιι
1072 3682 1235 3746 suspicionem
1250 3680 1350 3729 minime
1367 3678 1497 3744 prebebit,
1512 3682 1533 3730 si
1561 3684 1622 3731 tuus
1640 3682 1689 3733 isle
1707 3684 1796 3748 irater,
1809 3703 1826 3737 o

1042 3797 1053 3820 ι
1070 3777 1102 3824 Μ,
1117 3772 1220 3823 Gonnoi.
1235 3785 1289 3822 eam
1305 3772 1380 3821 (licat.
1396 3792 1407 3816 ν
1422 3771 1498 3822 Visus
1512 3776 1551 3823 est
1567 3774 1599 3824 de
1612 3773 1651 3823 iris
1667 3776 1743 3827 etiam
1754 3785 1824 3829 recle

1039 3876 1137 3914 monere
1162 3867 1259 3924 :utque
1289 3861 1323 3911 illi
1349 3877 1378 3912 ex
1401 3868 1524 3913 conventu
1548 3863 1724 3917 discessenmt.
1766 3870 1824 3920 Tri-

205 3958 292 4029 ,035
308 3949 330 4016 ὦ
347 3960 441 4038 Μάρκε
455 3959 578 4026 stuppa,
592 3958 667 4038 λέγῃ,
690 3957 820 4018 ,Ἐδόκει
836 3960 882 4018 καὶ
896 3965 980 4019 ταῦτα
1039 3957 1118 4006 bunos
1133 3957 1216 4003 autem
1228 3953 1301 4003 timor
1318 3954 1407 4004 invasit
1418 3953 1450 4006 ob
1466 3968 1569 4006 arcanos
1584 3955 1683 4009 illorum
1702 3972 1822 4025 congres-

201 4022 282 4123 ὀρθῶς
294 4048 476 4122 ὑποτίθεσθαι,
493 4046 538 4104 καί
556 4047 579 4103 ol
597 4046 644 4122 μὲν
665 4047 786 4124 ἀπῄεσαν
801 4048 832 4106 ἐκ
846 4053 892 4108 τοῦ
913 4051 979 4107 συλ-
1036 4061 1126 4117 sus,ul
1147 4057 1171 4106 in
1184 4068 1300 4119 magnum
1322 4048 1421 4113 aliquod
1443 4047 1523 4113 plebis
1535 4047 1629 4098 malum
1644 4048 1732 4107 lacios,
1752 4053 1821 4115 quod

200 4134 291 4208 λόγον·
315 4141 368 4198 τοῖς
393 4133 419 4190 δέ
443 4134 590 4213 δημάρχοις
615 4134 670 4202 δέος
694 4132 816 4194 ἐνέπιπτε
837 4135 900 4216 πρδς
928 4137 976 4207 τὴν
1035 4153 1114 4213 domi,
1129 4166 1177 4203 non
1199 4153 1224 4202 in
1249 4152 1303 4203 loco
1321 4151 1407 4212 operto
1425 4149 1449 4197 et
1461 4145 1584 4209 publico,
1601 4145 1771 4196 consedissent
1791 4152 1819 4199 et

200 4221 347 4298 cindppnroa
363 4224 415 4278 τῶν
431 4223 531 4302 ἀνδρῶν
547 4221 685 4281 σννσνσίσν
699 4269 707 4297 ι
722 4227 757 4290 ὡς
772 4224 815 4282 liii
830 4229 906 4306 κακῷ
928 4249 977 4284 σννν
1035 4248 1174 4297 consitium
1192 4243 1353 4304 habuissent,
1371 4253 1416 4289 nec
1431 4238 1508 4289 ullum
1526 4252 1541 4288 e
1562 4237 1668 4287 tribunis
1684 4237 1762 4302 plebis
1782 4239 1816 4288 ad

146 4350 171 4388 ις
199 4308 749 4389 105&dimi’tstffliqlttwei'lttsillidii
773 4314 977 4372 κατ’σῖκίσντῑ
1035 4335 1095 4384 illud
1111 4335 1240 4385 consilium
1259 4331 1425 4382 admisissent.
1462 4331 1550 4377 Postea
1569 4327 1615 4391 ipsi
1629 4337 1737 4389 quoque,
1755 4340 1819 4376 eon·

199 4394 391 4474 σσννίδρῑνσσνι
414 4397 472 4455 ἀλλ’
493 4399 540 4456 σῦνῑ
565 4403 590 4457 ἕν
616 4402 652 4478 τῷ
669 4403 791 4478 σσνσρῷι
815 4399 860 4459 καί
885 4402 975 4460 σῦδίνσ
1034 4427 1088 4477 cillo
1103 4428 1190 4478 iterum
1202 4441 1233 4477 ex
1246 4425 1343 4475 civibus
1362 4422 1470 4472 maxime
1484 4419 1643 4485 popularibus
1660 4423 1815 4482 convocato,

198 4490 249 4543 τῶν
266 4484 465 4561 προεστηκότων
482 4491 529 4544 σσῧ
546 4488 630 4563 6²ii²⁰¹²
656 4489 777 4546 θννννννίνν
797 4493 848 4548 σῶν
868 4495 974 4570 imm·
1033 4521 1139 4570 remedin
1157 4523 1182 4569 et
1203 4518 1317 4583 praesidia
1339 4515 1447 4568 vicissim
1473 4514 1592 4564 adversus
1613 4509 1727 4572 insidias,
1749 4526 1817 4576 qrras

197 4572 471 4652 μάτωνπαίὼὸονν
495 4575 540 4632 καὶ
559 4577 716 4650 μετὰτῶν
735 4579 971 4659 συνέδθίνναίῗνίι
1031 4610 1076 4660 sibi
1100 4612 1237 4676 epatriciis
1258 4612 1379 4662 structum
1407 4608 1437 4658 iri
1463 4606 1659 4671 suspicabantur,
1683 4606 1816 4669 excogita-

197 4664 275 4721 πάλιν
292 4663 320 4719 ἐκ
339 4665 390 4719 τῶν
414 4663 630 4741 ριλοδημοτάτιινν
651 4667 857 4742 συναγαγόντες,
882 4668 975 4737 distr}
1029 4702 1095 4751 bam·

143 4766 169 4804 so
197 4773 268 4823 ματα
284 4750 329 4808 καί
348 4750 465 4831 ρυλσικδις
483 4755 705 4833 ἀντεμηχανῶντο
722 4758 784 4835 πρὸς
804 4756 850 4823 τάς
869 4756 974 4815 ίπιὸου·

195 4836 255 4905 lle,
271 4838 300 4902 ἃς
314 4841 342 4896 ἐκ
355 4846 406 4900 τῶν
420 4841 564 4920 πατρικίων
582 4843 687 4902 ἔσεσθαί
704 4869 790 4926 σρισιν
806 4845 969 4905 ὑπώπτευον.

235 4927 325 4986 Lvll.
349 4929 398 4996 Ὡς
419 4931 445 4988 δὲ
470 4936 584 5002 καθῆκεν
605 4933 741 5011 ὁχρόνος,
769 4937 795 4990 ἐν
819 4924 841 5013 ᾧ
862 4935 891 4993 τδ
908 4957 972 5013 προ·
1059 4944 1134 4991 Ll'll.
1149 4945 1231 4999 Quum
1255 4945 1337 4991 cutem
1362 4948 1461 5006 tempus
1486 4941 1607 5002 venissel,
1625 4954 1676 5002 quo
1698 4942 1812 4989 senatus·

196 5011 329 5087 ἀοθλευμα
353 5018 405 5077 ἔδει
429 5019 563 5096 γενέσθαι,
588 5023 795 5098 συγκαλέσαντες
819 5026 843 5082 oi
874 5022 969 5080 ὕπατοι
1026 5031 1166 5081 consultum
1179 5030 1318 5081 laciendum
1333 5035 1396 5090 erat,
1411 5029 1541 5088 consules,
1559 5032 1698 5079 convocato
1711 5031 1813 5087 senatu,

195 5096 242 5169 τὴν
261 5103 373 5179 βουλὴν,
389 5109 432 5163 καὶ
447 5108 546 5176 πολλάς
561 5109 626 5189 ὑπὲρ
638 5111 759 5186 ὁμονοίας
772 5111 816 5169 καὶ
829 5112 969 5188 εὐκοσμίας
1024 5125 1080 5183 posi
1103 5120 1194 5170 mullas
1212 5119 1243 5169 de
1264 5118 1395 5170 concordia
1415 5123 1440 5170 et
1462 5117 1584 5169 modestia
1609 5117 1811 5177 adhortationes,
