3772 5828
178 369 240 429 220

182 527 195 552 ·
207 511 312 577 κτῆσιν,
332 505 362 563 οὗ
376 503 425 575 τήν
440 502 585 584 ὑμετέραν·
601 503 691 583 ὥσπερ
711 528 742 581 γε
765 506 811 565 καί
829 506 874 566 τθν
889 507 961 568 πάπ-

96 648 102 661 ,
181 617 193 639 ιι
207 614 256 648 πον
271 595 345 667 ὑμῶν
360 594 515 672 παρήγαγον
529 593 573 651 ἐπί
587 591 620 650 τά
636 593 794 672 πράγματα,
810 594 880 665 ξένον
897 597 959 656 ὄντα

180 706 192 727 ·
207 681 251 738 καὶ
266 681 339 739 οὐδὲν
355 682 521 759 προσήκοντα
539 685 578 759 τῷ
590 681 710 762 προτέρῳ
726 687 845 761 βασιλεῖ·
871 686 958 744 καίτοι

179 769 302 835 ιπαῖδάς
325 791 355 847 γε
380 770 521 848 [ἄρρενας]
536 764 629 847 Ἄγκος
643 772 763 850 Μάρκιος
793 776 807 829 θ
836 773 959 852 βασιλεὺς

137 876 151 914 ι
180 858 346 916 ικατέλιπεν
367 860 547 931 ἀκμάζοντας,
575 859 625 937 οὐχ
648 858 754 925 υἱωνοὺς
783 859 829 918 καί
851 861 959 935 νηπίους

178 973 191 998 ιι
205 943 294 1022 ὥσπερ
310 950 378 1023 ὑμᾶς
390 945 544 1025 Ταρκύνιος.
590 949 624 1008 Ei
637 947 664 1006 δέ
679 950 762 1014 κοινὸς
778 949 902 1009 ἁπάντων
914 953 960 1010 νό-

179 1058 252 1110 ιμος
265 1027 309 1107 ἦν,
331 1034 390 1101 τοὺς
405 1034 605 1114 διαδεχομένους
630 1037 679 1107 τήν
699 1061 728 1096 τι
741 1037 831 1098 οδσίαν
857 1039 903 1099 καὶ
924 1040 959 1099 τδι

178 1149 190 1171 ι
204 1122 333 1202 χρήματα
346 1127 398 1181 τῶν
411 1124 570 1183 ἐκλιπόντων
586 1125 727 1203 βασιλέων,
740 1124 788 1185 σθν
801 1126 901 1194 τούτοις
913 1127 959 1187 καλ

178 1237 191 1270 ν
205 1212 252 1280 τθς
268 1214 404 1291 βασιλιίας
419 1216 504 1273 αὐτῶν
518 1213 755 1293 παραλαμόάνειν,
775 1219 823 1276 οὐκ
837 1219 868 1275 δν
882 1219 957 1296 Ταρ-

123 1321 149 1360 10
176 1329 189 1353 ι
205 1301 289 1368 κόνιος
313 1300 451 1369 δπάππος
476 1305 549 1377 ὑμῶν
571 1302 619 1373 τήν
643 1305 786 1381 ἡγιμονίαν
807 1305 956 1379 παρέλαθεν

177 1385 300 1465 ιἰθγκου
321 1393 541 1461 τελευτήσαντος,
572 1390 663 1450 άλλ’δ
697 1401 874 1472 πρεσὸὺτερος
905 1396 958 1451 τῶν

176 1504 189 1529 ιι
204 1477 304 1536 ἐκείνου
321 1476 433 1535 παίδων.
477 1476 547 1536 Ἀλλ’
561 1481 576 1535 θ
590 1479 671 1554 δῆμος
684 1484 698 1538 δ
712 1477 857 1556 Ῥωμαίων
868 1481 898 1539 οὗ
913 1480 957 1538 τὸν

176 1593 189 1618 ιι
204 1565 325 1643 διάδοχον
337 1572 384 1624 τοῦ
395 1564 505 1645 πατρὸς,
517 1567 586 1625 diii
605 1566 650 1625 τὸν
667 1567 737 1637 άξιον
748 1572 795 1640 τῆς
806 1571 891 1649 ἀρχῆς
910 1569 955 1626 ἐπί

179 1681 193 1708 ιι
208 1655 241 1713 τδι
254 1655 401 1734 πράγματα
415 1656 519 1714 ἐκάλει·
536 1659 627 1735 ἡγεῖτο
648 1655 699 1736 γδιρ
718 1656 752 1715 τδι
767 1657 815 1734 μίν
830 1657 958 1738 χρήματα

122 1768 148 1807 15
178 1771 192 1797 ιι
207 1746 259 1803 τῶν
273 1743 447 1820 κτησαμένων
462 1734 540 1820 εἶναι,
555 1745 603 1814 τήν
617 1742 644 1803 δί
660 1745 797 1820 βασιλείαν
810 1751 862 1805 τῶν
877 1747 956 1805 δεδω·

175 1858 188 1883 ιι
203 1830 302 1890 κάτων·
314 1832 359 1889 καί
373 1829 407 1889 τά
424 1829 483 1904 μέν,
501 1830 562 1890 ὅταν
578 1854 603 1888 τι
621 1830 738 1890 πάθωσιν
753 1835 777 1891 οἱ
791 1833 885 1913 κύριοι,
899 1833 957 1902 τοὺς

83 1912 86 1917 ’
175 1947 189 1973 ιι
202 1918 271 1978 κατά
292 1917 402 1997 γένοςέ,
424 1920 493 1979 κατὰ
517 1918 643 1990 διαθήκας
658 1920 795 1999 διαδόχους
814 1920 955 2000 προσήκειν

176 2035 188 2060 ιι
202 2007 442 2089 παραλαμόάνειν,
456 2005 504 2080 τήν
517 2008 545 2066 δέ
560 2008 621 2068 όταν
642 2008 782 2068 ἐκλίπωσιν
797 2013 821 2068 οῖ
834 2008 957 2075 λαθόντες

176 2095 257 2165 «τοὺς
275 2097 420 2164 δεδωκότας
441 2097 525 2177 ἐχειν·
547 2100 570 2156 εἰ
586 2095 623 2172 μή
648 2121 675 2155 τι
690 2103 804 2157 τοιοῦτον
812 2096 888 2185 ,ἔχεις
916 2099 955 2156 δι·

175 2212 188 2237 ιι
202 2185 310 2262 καίωμα
325 2186 423 2264 ιρέρειν,
444 2184 484 2243 ότι
507 2182 555 2256 τήν
568 2185 704 2264 βασιλείαν
719 2189 733 2243 δ
747 2187 856 2255 πάππος
880 2188 954 2262 ὑμῶν

176 2302 189 2325 ιι
206 2274 249 2331 ἐπὶ
264 2276 351 2353 ῥητοῖς
376 2298 429 2334 τισι
452 2271 621 2354 παρέλαόεν,
636 2272 705 2333 ὥστε
724 2275 770 2333 καῖ
786 2275 863 2342 αὐτὸς
883 2273 954 2355 ἔχειν

175 2385 188 2411 ιι
204 2360 377 2440 άναραίρετον
403 2361 448 2419 καὶ
469 2365 530 2437 ὑμῖν
558 2368 612 2428 τοῖς
635 2361 747 2440 ἐγγόνοις
780 2365 953 2437 καταλιπεῖν,

174 2472 187 2497 ι
203 2446 249 2504 καί
270 2448 380 2522 δδῆμος
403 2449 432 2506 οὗ
454 2448 541 2528 κύριος
560 2440 592 2521 ἦν
612 2449 770 2530 άρελόμενος
786 2448 866 2521 αὐτήν
881 2454 955 2528 ὑμῶν

174 2560 187 2587 ι
200 2535 259 2611 ἐμοὶ
281 2535 381 2598 δοῦναι.
424 2537 460 2597 Εἰ
486 2537 538 2617 γάρ
569 2560 595 2596 τι
623 2543 738 2598 τοιοῦτον
766 2539 849 2598 εἰπεῖν
868 2539 953 2620 ἐχεις,

81 2658 84 2664 ·
118 2652 145 2693 ις
174 2624 227 2684 «τί
249 2627 278 2684 οὐ
293 2626 378 2707 ρέριις
401 2627 449 2694 τδις
467 2628 597 2700 συνθήκας
617 2630 653 2696 είς
674 2627 772 2705 μίσους
788 2630 847 2687 ἀλλ’
862 2631 909 2689 οὐκ
923 2631 954 2688 διν

174 2712 282 2793 εέχοις.
328 2716 361 2774 Ei
379 2717 402 2772 d'
423 2717 452 2774 οὗ
471 2718 541 2775 κατὰ
554 2718 599 2776 τὸν
617 2718 751 2797 βέλτιστον
764 2719 844 2790 αδτῆς
858 2717 951 2798 ἐτυχον

79 2854 83 2861 .
176 2824 190 2858 α
205 2801 257 2880 ἐγὼ
269 2803 377 2879 τρόπον,
392 2806 427 2869 ὡς
440 2805 536 2882 λέγεις,
548 2804 617 2881 μήτε
631 2805 681 2864 bri
694 2806 953 2880 τῶνμισοόασιλίων

172 2917 185 2943 ιι
197 2893 317 2969 αἱρεθεὶς,
335 2892 402 2967 μήτε
416 2895 462 2963 τῆς
474 2898 570 2971 βουλῆς
580 2918 625 2970 μοι
639 2894 808 2973 παραδούσης
821 2894 854 2954 τδι
869 2896 952 2973 πράγ-

172 3004 186 3031 e
201 3001 287 3055 ματα,
305 2978 373 3053 μήτε
391 2983 443 3038 τῶν
461 2982 549 3039 ἄλλων
565 2982 711 3060 γενομένων
724 2985 777 3040 τῶν
791 2983 861 3042 κατὰ
877 2984 949 3055 [τὸν]

116 3090 145 3133 ap
174 3093 187 3119 ιι
204 3067 293 3143 νόμον,
306 3069 413 3134 τούτους
430 3070 514 3128 ἀδικῶ
532 3069 617 3141 δήπου
632 3071 677 3128 καὶ
699 3071 758 3148 οὐχὶ
773 3069 821 3146 σέ,
837 3069 883 3128 καί
902 3073 952 3130 ὑπὸ

170 3155 298 3214 «τούτων
317 3162 451 3228 παυθῆναι
465 3157 564 3225 δίκαιός
584 3161 639 3234 ιῖμι
659 3161 705 3228 τῆς
727 3161 821 3238 ἀρχῆς,
838 3160 887 3236 οὐχ
902 3159 952 3218 bri

171 3273 184 3296 ι
200 3248 257 3306 σοῦ.
300 3244 371 3304 Ἀλλ’
387 3246 445 3304 οὔτε
463 3246 568 3312 τούτους
580 3245 639 3305 οὔτε
652 3247 731 3304 ἄλλον
744 3248 835 3306 οὐδένα
857 3249 948 3307 α’δικῶ.

171 3336 310 3418 «Μάρτυς
333 3337 359 3394 δὲ
385 3340 431 3407 τῆς
457 3338 488 3394 ἐκ
502 3324 605 3394 bristou
625 3359 670 3412 μοι
694 3336 739 3395 καὶ
756 3335 816 3394 τότε
835 3337 952 3408 δοθείσης

171 3452 183 3478 ι
198 3424 244 3482 καί
258 3430 302 3481 νῦν
317 3421 487 3502 ὑπαρχούσης
502 3423 619 3491 ἐξουσίας
635 3426 764 3504 ὁχρόνος,
780 3427 807 3483 ἐν
821 3417 843 3506 ᾧ
858 3450 951 3484 τεττα·

115 3530 141 3571 ss
171 3540 182 3563 ι
200 3520 366 3591 ρακονταετεῖ
384 3511 500 3589 γεγονότι
525 3511 668 3589 Ῥωμαίων
684 3513 767 3580 οὐδεὶς
782 3513 903 3591 ἡγήσατό
918 3538 951 3592 με

171 3628 183 3649 ιι
197 3598 300 3657 πώποτ’
317 3600 433 3672 ἀδικεῖν,
455 3599 511 3658 οὐδ’
525 3597 647 3658 ἐκόαλεῖν
662 3623 694 3677 με
708 3604 755 3672 τῆς
779 3604 864 3680 ἀρχῆς
888 3603 951 3660 ἐπε-

170 3717 181 3740 ι
197 3689 321 3768 χείρησιν
337 3688 420 3748 οὔτεδ
438 3691 520 3764 δῆμος
534 3688 593 3749 οὔτε
609 3695 625 3761 ἡ
646 3691 737 3769 βουλή.

208 3781 329 3840 XXXV.
354 3807 365 3830 ιι
382 3778 450 3839 Ἀλλ’
464 3777 507 3837 ἵνα
529 3779 614 3837 πάντα
637 3778 713 3837 ταῦτ’
726 3781 785 3859 άρῶ
805 3782 850 3838 καλ
870 3781 950 3857 ὁμόσε

168 3866 312 3945 ιιχωρήσω
338 3868 390 3933 τοῖς
410 3876 464 3933 σοῖς
488 3868 589 3945 λόγοις,
620 3867 646 3925 εἴ
667 3891 697 3926 σε
722 3869 950 3947 παρακαταθήκην

114 3979 141 4018 an
169 3981 180 4003 ιι
198 3951 335 4030 παππῴαν
351 3955 524 4034 άπεστίρουν,
551 3956 596 4015 καὶ
616 3955 689 4034 παρὰ
706 3954 793 4015 πάντα
809 3956 842 4013 τδι
859 3957 886 4014 ἐν
905 3960 948 4015 άν-

168 4064 181 4092 a
198 4040 310 4118 θρώποις
326 4042 415 4100 δίκαια
436 4044 484 4113 τήν
508 4044 556 4115 σήν
574 4043 709 4122 βασιλείαν
722 4047 855 4121 κατεῖχον,
869 4048 948 4123 ἐχρῆν

172 4156 184 4180 ιι
203 4150 232 4186 σε
244 4131 456 4208 παραγενόμενον
468 4134 510 4189 ἐπὶ
525 4131 584 4198 τοὺς
599 4132 744 4198 δεδοικότας
759 4155 803 4199 μοι
818 4132 866 4201 τήν
880 4132 950 4200 ἐξου·

168 4217 257 4277 ισίαν
283 4220 440 4294 ἀγανακτεῖν
467 4221 512 4279 καῖ
535 4224 691 4300 κατηγορεῖν
710 4224 774 4297 ἐμοῦ
793 4244 834 4297 τε,
851 4220 890 4278 ὅτι
915 4219 948 4279 τδι

168 4333 181 4357 ι
196 4305 234 4382 μὴ
254 4304 422 4386 προσήκοντα
435 4307 555 4386 κατέχοι,
581 4306 625 4366 καί
650 4312 700 4365 τῶν
724 4310 887 4381 δεδωκότων,
909 4310 948 4369 δτι

112 4428 139 4469 is
168 4420 179 4443 ι
194 4394 336 4472 τάλλότρια
351 4394 509 4472 ἐχαρίσαντό
524 4418 582 4470 μοι·
607 4395 701 4475 ῥαδίως
715 4399 766 4475 γδιρ
786 4397 818 4455 ἂν
839 4397 946 4465 ἔπεισας

168 4484 300 4556 «αὐτοὺς,
324 4481 348 4542 εί
369 4506 394 4540 τι
409 4483 507 4542 δίκαιον
524 4475 593 4565 είχες
615 4484 712 4563 λέγειν.
758 4489 790 4546 Et
814 4487 841 4544 δὲ
863 4486 948 4566 τούτῳ

167 4599 180 4623 ι
195 4574 242 4649 μέν
266 4577 313 4632 οὐκ
340 4571 473 4638 ἐπίστευες
502 4577 539 4651 τῷ
563 4574 647 4654 λόγῳ,
672 4577 702 4632 οὐ
723 4574 832 4642 δικαίως
852 4575 879 4634 δὲ
901 4578 948 4654 άρ·

167 4688 180 4713 ιι
193 4669 287 4742 χεσθαι
312 4660 360 4733 τήν
386 4663 461 4719 πόλιν
488 4661 603 4731 ἐνόμιζες
622 4665 666 4722 ὑπ’
681 4666 757 4740 ἐμοῦ,
775 4663 821 4722 καί
837 4665 946 4724 σεαυτὸν

169 4752 404 4832 «ἐπιτηδειότερον
437 4740 503 4808 εἶναι
526 4751 573 4821 τήν
598 4750 751 4829 ἐπιμέλειαν
773 4756 824 4811 τῶν
853 4756 946 4811 κοινῶν

112 4867 140 4905 ςη
168 4842 372 4921 ιιπαραλαόεῖν,
392 4842 478 4899 ἐκεῖνα
500 4849 584 4900 ποιεῖν
605 4866 645 4900 σοι
667 4846 814 4920 προσῆκεν·
831 4839 945 4909 ἐξέτασιν

167 4950 179 4975 ι
194 4931 244 4984 τῶν
261 4933 330 5004 ἐμῶν
352 4928 530 5007 ποιησάμενον
552 4928 751 5008 ἁμαρτημάτων
763 4928 809 4987 καῖ
821 4928 868 4996 τδις
879 4954 947 4988 σαυ-

167 5037 180 5064 ι
194 5018 238 5069 τοῦ
251 5016 356 5094 πράξεις
368 5018 611 5097 ἐξαριθμησάμενον
627 5019 717 5076 καλεῖν
733 5039 766 5094 με
780 5019 816 5082 εἰς
827 5017 947 5076 διαδικα-

168 5101 268 5159 ισίαν·
285 5093 321 5157 θῖν
336 5106 469 5183 οὐδέτερον
485 5108 628 5179 ἐποίησας,
644 5106 712 5165 ἀλλά
726 5104 858 5172 τοσούτοις
876 5105 946 5184 χρό-

167 5218 180 5244 ι
193 5186 369 5266 νοιςύστερον,
382 5189 473 5269 ὥσπερ
487 5196 517 5251 ἐκ
528 5202 632 5271 μακράς
644 5193 780 5273 ἀνανήψας
795 5192 886 5268 μέθης,
901 5195 946 5252 ν’ῦν

709 371 876 434 dionisii
898 373 1278 437 Haucnnuasssusrs

1015 536 1028 591 ιγ
1047 519 1121 577 trum,
1135 516 1177 581 qui
1187 518 1330 583 peregrinus
1350 524 1376 570 et
1391 519 1458 570 uuila
1475 519 1658 575 necessitudine
1674 526 1797 590 superiori

1016 627 1027 649 ιι
1040 607 1090 671 regi
1106 607 1252 657 coniunctus
1268 613 1335 669 erat,
1350 607 1383 658 ad
1397 608 1538 674 reipublicse
1555 611 1719 675 gubernacula
1737 627 1795 678 pro·

1015 715 1027 739 ι
1045 699 1180 756 venerant,
1201 697 1315 759 quamuis
1335 700 1418 748 Ancus
1438 700 1544 750 Marcius
1568 713 1611 751 rex
1632 700 1694 751 diios
1719 706 1796 754 state

1015 802 1028 827 ι
1043 782 1159 834 florentes
1167 782 1315 847 reliquisset,
1326 799 1374 834 non
1381 789 1483 850 nepotes
1492 790 1517 837 et
1525 786 1639 849 infantes,
1650 792 1676 837 ui
1687 789 1794 853 Tarqui·

1015 892 1026 914 ιι
1044 871 1099 921 nius
1118 885 1164 922 ros
1181 873 1297 937 reliquit.
1331 873 1403 941 Quod
1423 874 1446 924 si
1468 875 1607 926 communis
1624 877 1733 927 omnium
1752 877 1795 929 lex

1014 977 1026 1000 ι
1044 960 1125 1019 esset,
1142 961 1171 1008 ut
1186 959 1227 1022 qut
1244 958 1269 1008 in
1283 958 1456 1010 deiunciomm
1465 975 1551 1024 regum
1567 976 1608 1014 res
1619 966 1645 1014 et
1658 963 1723 1013 bona
1736 976 1792 1014 sac·

1014 1064 1027 1088 ι
1044 1046 1150 1107 cedunt,
1164 1060 1221 1096 cum
1232 1047 1271 1097 bis
1285 1047 1361 1098 etiam
1372 1063 1459 1100 aarum
1473 1063 1575 1115 regnum
1585 1050 1717 1116 accipiant,
1728 1055 1797 1102 certe

1014 1134 1188 1198 «Tarquinius
1206 1148 1269 1185 arus
1286 1140 1368 1186 vester
1390 1138 1552 1204 principatum
1573 1153 1623 1190 non
1645 1139 1796 1191 obtinuisset

1013 1242 1026 1266 ι
1042 1227 1096 1288 post
1112 1223 1174 1273 Anci
1186 1223 1297 1285 obitum,
1319 1225 1363 1276 sed
1382 1227 1446 1277 atter
1466 1227 1531 1278 iilius
1545 1227 1610 1279 idias
1624 1232 1682 1280 natu
1702 1228 1792 1280 maior.

1013 1327 1025 1352 ιι
1040 1310 1134 1359 vemm
1146 1309 1251 1370 popuius
1266 1312 1390 1360 Romanus
1407 1325 1456 1362 non
1468 1313 1545 1376 patris
1558 1326 1736 1375 successorem,
1749 1313 1795 1365 sed

1013 1416 1026 1440 ι
1040 1410 1099 1461 oum
1111 1397 1155 1460 qui
1168 1411 1243 1461 regno
1263 1398 1351 1463 dimus
1364 1404 1429 1451 esset
1449 1401 1481 1451 ad
1498 1415 1581 1453 rarum
1599 1402 1794 1453 administratio·

1011 1505 1025 1528 ιι
1040 1500 1096 1536 nem
1113 1486 1219 1538 vocarit.
1251 1488 1413 1540 Existirnsbat
1427 1489 1494 1541 enim
1515 1490 1580 1542 bona
1592 1491 1695 1556 quidem
1714 1491 1794 1556 perti·

1012 1595 1024 1618 ι
1042 1588 1100 1626 uere
1112 1574 1144 1624 ad
1157 1589 1208 1635 eos,
1221 1576 1264 1639 qui
1274 1589 1305 1627 ea
1316 1580 1535 1642 comparavissent,
1548 1582 1574 1630 at
1591 1593 1693 1645 regnum
1706 1579 1739 1630 sd
1750 1593 1794 1631 eos

1013 1663 1082 1727 «qni
1098 1662 1158 1713 iilud
1182 1663 1340 1715 tradidissent
1359 1685 1366 1715 ι
1389 1669 1415 1717 et
1435 1666 1549 1731 putabat
1570 1681 1669 1732 equum
1685 1681 1751 1727 esse,
1765 1671 1794 1718 ut

1012 1749 1217 1814 «bsequium,
1234 1752 1256 1802 si
1274 1752 1334 1817 quid
1350 1751 1494 1806 humanitus
1505 1769 1592 1806 eorum
1605 1755 1711 1806 dominis
1727 1755 1793 1807 acci·

1012 1861 1024 1886 «ι
1040 1835 1122 1902 derit,
1139 1843 1252 1906 proximi
1271 1843 1353 1908 agnati
1366 1844 1407 1894 nei
1426 1842 1530 1896 heredes
1543 1859 1574 1896 ex
1592 1849 1739 1897 testamento
1754 1846 1791 1896 in·

1012 1945 1024 1968 ι
1038 1927 1121 1977 stituti
1130 1928 1244 1988 babeant,
1262 1943 1364 1993 reguum
1377 1935 1422 1981 aut
1437 1936 1570 1997 postquam
1583 1934 1698 1986 obierunt
1709 1934 1736 1996 ii,
1749 1935 1793 1999 qui

1011 2033 1023 2057 ι
1037 2015 1063 2065 id
1075 2022 1232 2082 accepemnt,
1250 2017 1334 2069 redeat
1345 2017 1375 2068 ad
1392 2033 1436 2070 eos
1449 2021 1492 2084 qui
1505 2021 1529 2071 id
1552 2021 1707 2073 tradidemnt
1723 2043 1730 2072 ι
1744 2023 1793 2072 nisi

1012 2120 1025 2144 ιι
1041 2101 1103 2153 torte
1124 2103 1231 2167 aliquam
1254 2103 1372 2154 rationem
1394 2104 1481 2154 atierre
1497 2104 1577 2168 possis
1594 2119 1643 2168 qua
1657 2108 1729 2155 tuum
1751 2106 1791 2155 ius

1011 2189 1143 2251 «tuearis,
1165 2189 1259 2241 scilicet
1277 2194 1387 2241 nastrum
1409 2204 1482 2241 arura
1506 2193 1582 2242 certis
1608 2191 1790 2242 conditionibus

1011 2293 1023 2317 ιι
1037 2288 1138 2340 regnum
1159 2276 1292 2342 accepisse,
1308 2278 1341 2328 ita
1360 2281 1390 2329 ut
1402 2279 1428 2328 et
1440 2276 1493 2342 ipse
1510 2291 1541 2329 eo
1555 2292 1683 2343 uunquam
1704 2281 1789 2343 posset

1010 2384 1022 2406 ι
1039 2364 1138 2427 privari,
1150 2368 1175 2415 ei
1184 2364 1208 2415 ei
1220 2366 1306 2416 liceret
1318 2366 1388 2416 uobis
1400 2365 1591 2431 suisnepoiibus
1601 2367 1625 2417 id
1634 2369 1787 2432 relinquere,

1011 2474 1023 2496 ιι
1037 2467 1082 2504 nec
1091 2455 1180 2520 populo
1192 2454 1295 2506 liberum
1309 2456 1385 2507 inisse
1405 2455 1430 2505 id
1444 2455 1514 2506 robis
1526 2455 1635 2507 ablatum
1651 2455 1713 2506 mibi
1737 2460 1788 2507 tra·

1010 2542 1104 2592 «dere.
1144 2543 1168 2592 Si
1188 2543 1249 2608 quid
1267 2545 1331 2595 enim
1358 2543 1498 2594 huiusmodi
1517 2548 1587 2609 potes
1607 2544 1706 2606 dicere,
1728 2545 1791 2610 quia

1009 2650 1021 2672 ιι
1037 2632 1133 2693 profers
1155 2633 1180 2681 in
1200 2633 1307 2683 medium
1321 2633 1382 2683 istas
1401 2632 1544 2698 pactiones?
1573 2632 1619 2683 sed
1641 2647 1691 2683 non
1709 2637 1788 2698 potes.

1010 2737 1021 2760 ι
1039 2719 1110 2776 Quod
1126 2721 1148 2770 si
1162 2735 1222 2771 vero
1235 2735 1280 2785 ego
1299 2734 1346 2770 nou
1366 2721 1476 2786 legitima
1490 2722 1584 2774 ratione
1599 2720 1627 2772 id
1643 2736 1699 2773 sum
1711 2722 1788 2788 adep-

1009 2826 1020 2848 ιι
1036 2809 1087 2867 tus,
1099 2809 1306 2870 quemadmodum
1320 2810 1390 2872 dicis,
1408 2824 1488 2874 neque
1500 2808 1533 2860 ab
1550 2811 1711 2874 interregibus
1722 2824 1788 2862 crea·

1008 2914 1020 2937 ιι
1038 2898 1179 2959 tusaeque
1193 2901 1307 2947 asenatu
1328 2896 1387 2947 mihi
1403 2897 1499 2948 traditis
1509 2911 1593 2949 rerum
1606 2897 1785 2961 gubernaculis,

1008 3001 1019 3023 ι
1038 2995 1117 3044 nepae
1128 2985 1217 3033 ceteris
1230 2982 1304 3034 rebus
1312 2983 1420 3048 legitime
1431 2984 1546 3049 peractis,
1563 2986 1630 3035 cerie
1641 2984 1680 3033 bis
1691 2985 1786 3034 tantum

1008 3088 1019 3109 ιι
1033 3069 1147 3119 iniuriam
1159 3071 1230 3133 tucio,
1241 3087 1288 3122 non
1300 3074 1345 3123 tibi
1361 3093 1368 3122 ε
1381 3078 1406 3123 ei
1415 3087 1514 3136 aequum
1523 3077 1563 3123 est
1574 3077 1602 3123 ut
1610 3072 1642 3122 ab
1652 3072 1706 3123 istis
1714 3086 1787 3138 regno

1008 3180 1019 3201 ιι
1035 3160 1123 3224 priver,
1134 3175 1182 3211 non
1192 3162 1236 3212 abs
1246 3168 1278 3213 ie.
1300 3163 1347 3212 Sed
1357 3176 1438 3227 neque
1450 3164 1510 3213 istos
1520 3177 1601 3227 neque
1611 3163 1686 3214 abum
1698 3177 1787 3227 quem·

1007 3266 1019 3288 «
1036 3249 1101 3310 piam
1116 3249 1206 3300 iniuria
1221 3251 1311 3301 afficio.
1326 3253 1394 3300 Tunc
1410 3250 1474 3300 enim
1488 3249 1551 3300 hauc
1562 3254 1711 3315 potestatem
1726 3251 1788 3303 mibi

1007 3352 1019 3374 ιι
1037 3333 1101 3386 iuste
1116 3337 1199 3390 daiam
1213 3353 1267 3390 esse
1277 3343 1303 3389 et
1314 3352 1378 3388 nunc
1391 3353 1490 3403 quoque
1501 3343 1568 3390 iuste
1579 3353 1620 3391 me
1631 3332 1787 3391 eam'habere

1007 3452 1017 3471 ιι
1034 3432 1086 3495 ipsa
1106 3428 1223 3491 temporis
1241 3427 1364 3491 iongitudo
1386 3426 1460 3477 fidem
1480 3429 1539 3479 iacit
1557 3449 1564 3478 :
1584 3442 1642 3479 oum
1658 3429 1722 3479 enim
1736 3428 1786 3479 iam

1007 3540 1018 3561 ιι
1035 3533 1079 3582 per
1098 3531 1173 3567 annos
1201 3531 1234 3567 κε
1261 3517 1398 3581 munaum,
1411 3515 1494 3566 nultus
1517 3517 1577 3567 cinis
1599 3520 1723 3567 Romanus
1740 3531 1787 3568 uu·
1832 3564 1835 3569 .

1007 3629 1019 3652 ι
1034 3623 1108 3673 quam
1131 3622 1171 3659 me
1190 3609 1303 3658 iniuriam
1316 3608 1396 3656 iacere
1409 3605 1570 3666 existimarit,
1591 3620 1672 3670 neque
1684 3610 1787 3658 senatus

1008 3719 1019 3741 ιι
1038 3711 1119 3760 neque
1132 3697 1237 3762 populus
1249 3709 1288 3746 me
1301 3708 1375 3759 regno
1383 3694 1474 3758 petiere
1485 3707 1616 3757 aggressus
1624 3698 1671 3745 est.

1038 3792 1152 3839 xxxma
1163 3789 1220 3849 sed,
1235 3792 1262 3837 ut
1270 3787 1324 3837 banc
1336 3786 1457 3846 omittam,
1471 3788 1496 3836 et
1505 3784 1537 3835 ad
1544 3788 1586 3835 tua
1597 3785 1670 3836 verba
1679 3799 1782 3850 respon·

1006 3899 1018 3921 ιι
1032 3878 1113 3937 deam,
1122 3878 1175 3926 site
1184 3876 1251 3926 avito
1260 3875 1371 3938 deposito
1384 3874 1505 3936 fraudavi,
1515 3879 1541 3925 et
1549 3877 1635 3925 contra
1643 3875 1727 3925 omnia
1739 3874 1786 3924 bu·

1005 3987 1017 4009 ι
1035 3979 1105 4016 mana
1120 3966 1175 4014 iura
1195 3977 1296 4027 regnum
1305 3968 1375 4012 tuum
1389 3963 1522 4026 occupari,
1536 3962 1665 4026 oportebat
1680 3965 1705 4012 te
1715 3962 1784 4013 adire

1005 4076 1017 4098 ιι
1032 4069 1083 4114 eos,
1098 4054 1140 4117 qui
1157 4052 1218 4102 mibi
1234 4065 1288 4102 eam
1308 4054 1453 4116 potestatem
1474 4050 1641 4107 tradiderant,
1662 4053 1737 4111 atque
1750 4047 1785 4097 ibi

1005 4164 1016 4186 ιι
1030 4143 1100 4207 queri
1114 4146 1138 4192 et
1150 4155 1265 4192 accusare
1276 4145 1301 4191 ei
1312 4155 1367 4200 me,
1378 4140 1444 4203 qurod
1464 4155 1493 4191 ea
1506 4153 1564 4203 quae
1583 4139 1681 4189 minimo
1693 4139 1725 4189 ad
1743 4152 1785 4189 me

1005 4231 1152 4296 «pertinent
1166 4230 1294 4280 retinerem
1314 4233 1339 4279 et
1354 4243 1413 4289 eos,
1434 4228 1477 4292 qui
1496 4226 1557 4277 mibi
1570 4227 1699 4286 dederant,
1717 4226 1785 4290 quod

1005 4341 1016 4363 ι
1037 4334 1075 4370 res
1094 4319 1185 4369 alienas
1205 4319 1263 4367 mibi
1278 4322 1360 4368 esseni
1379 4316 1471 4379 largiti.
1495 4315 1565 4366 tacite
1582 4317 1647 4366 enim
1666 4314 1715 4364 iiiis
1730 4328 1784 4364 rem

1004 4431 1016 4453 ιι
1034 4409 1209 4473 persuasisses.
1230 4408 1250 4457 si
1272 4407 1333 4471 quid
1355 4407 1415 4457 iuris
1432 4422 1475 4471 pro
1492 4410 1518 4456 ie
1537 4406 1625 4456 afferre
1646 4405 1781 4469 potuisses.

1003 4518 1014 4539 ιι
1030 4497 1102 4556 Quod
1112 4498 1132 4545 si
1142 4496 1199 4547 buic
1214 4496 1308 4546 ratione
1320 4509 1367 4545 non
1383 4495 1540 4554 confidebas,
1559 4499 1584 4544 et
1605 4493 1784 4558 rempublicam

1003 4606 1013 4627 ι
1032 4586 1121 4636 iniuste
1138 4601 1153 4634 a
1167 4599 1208 4635 me
1226 4585 1285 4647 regi,
1297 4588 1323 4635 et
1334 4588 1359 4635 te
1373 4584 1451 4648 magis
1467 4584 1583 4635 idoneum
1596 4597 1660 4643 esse,
1673 4581 1718 4645 qui
1735 4582 1781 4632 rei·

1003 4694 1014 4716 ιι
1029 4673 1132 4738 pubtieae
1146 4687 1230 4723 curam
1242 4687 1348 4737 gereres,
1367 4673 1534 4734 existimabas,
1554 4671 1661 4722 debebas
1673 4669 1728 4720 haee
1748 4670 1784 4719 ia·

1002 4784 1013 4806 «
1030 4776 1103 4814 cere:
1122 4763 1246 4825 inquirere
1261 4762 1390 4825 diligenter
1408 4763 1432 4812 in
1446 4776 1499 4812 mea
1510 4762 1615 4820 delicia,
1634 4762 1659 4810 et
1674 4772 1714 4809 res
1728 4771 1744 4808 a
1757 4761 1783 4809 te

1002 4873 1013 4896 ιι
1030 4856 1113 4916 gestas
1124 4864 1261 4908 recensere.
1275 4854 1348 4912 atque
1367 4850 1402 4900 ita
1417 4863 1457 4900 me
1477 4862 1573 4909 nocere,
1593 4852 1622 4898 ut
1632 4850 1715 4898 tecum
1727 4846 1781 4897 iure

1002 4941 1199 5004 «disceptarem.
1233 4944 1265 4990 nt
1280 4943 1395 4989 neutrum
1411 4938 1500 4988 horum
1518 4938 1600 4989 iecisti
1625 4956 1632 4987 :
1652 4935 1696 4986 sed
1711 4937 1779 4984 tanto

1001 5051 1013 5074 ιι
1026 5033 1083 5095 post
1101 5033 1219 5092 tempore,
1235 5029 1306 5092 quasi
1325 5042 1356 5077 cn
1367 5026 1481 5078 diuturna
1498 5029 1599 5091 crapula
1613 5027 1779 5091 experrectus,

1002 5140 1014 5164 ιι
1029 5135 1069 5172 me
1088 5122 1250 5171 accusaturus
1275 5120 1328 5169 huc
1344 5118 1448 5179 uenisti,
1467 5121 1491 5167 et
1504 5132 1534 5169 ne
1544 5131 1608 5167 nnnc
1624 5115 1725 5181 quidem
1737 5114 1780 5164 ubi

1003 5208 1147 5273 «oportuit.
1179 5208 1233 5258 Nou
1250 5206 1314 5257 enim
1335 5204 1375 5256 bic
1389 5208 1416 5257 te
1429 5205 1477 5256 ista
1493 5206 1574 5256 dicere
1593 5203 1665 5255 decet
1684 5206 1780 5268 (nequa
