3772 5828
169 338 210 397 ου
688 331 855 391 orosrsrr
876 312 1249 388 nnucrcnesussn'usrs

181 463 298 542 πατρίοις
317 462 405 538 ύμνοιε
422 463 473 521 ύπθ
498 460 640 538 Ῥωμαίων
660 461 697 520 ἔτι
717 463 762 519 καὶ
782 467 825 519 νῶν
845 461 947 540 ᾄδεται.

181 551 242 615 Βίας
264 551 286 607 δ’
305 549 390 614 αὐτοῖς
412 539 444 619 ήν
471 547 620 627 βουκολικὸς
650 548 695 606 καί
718 548 794 606 δίαιτ’
813 546 951 625 αὐτουργὸς

181 641 208 696 ἐν
222 636 293 715 ὄρεσι
309 634 342 694 τδι
363 636 449 694 πολλὰ
469 635 629 710 πηξαμένοις
652 637 694 695 διδι
710 635 791 704 ξύλων
805 635 850 693 καί
864 634 952 692 καλά-

181 748 238 799 μων
258 721 354 793 ακηνδις
373 723 551 802 αύτορόρους,
571 713 607 779 ῶν
628 721 666 780 ἔτι
685 721 730 780 καί
748 724 784 787 είς
805 720 850 798 ἐμὲ
870 713 901 793 ἦν
914 744 951 787 τις

141 826 154 862 ⁶
182 810 224 870 ἐπί
238 815 283 867 τοῦ
300 810 466 869 Παλλαντίου
476 814 522 880 τῆς
534 809 597 886 πρὸς
607 810 650 867 τὸν
656 810 818 888 ἱππόδρομον
831 811 951 885 ἐπιστρε-

181 898 278 975 ρούσης
311 897 435 973 λαγόνος,
457 896 595 973 Ῥωμύλου
622 896 769 973 λεγομένη,
796 897 828 967 ήν
853 896 951 976 ρυλσίτ-

180 1006 266 1043 τοοσιν
282 983 354 1064 ίερδιν
377 975 414 1050 οἷς
429 985 524 1042 τούτων
551 984 690 1060 ἐπιμελὲς,
709 984 781 1042 οὐδὲν
796 984 839 1042 ἐπί
854 986 882 1042 τδ
904 1007 949 1041 σε·

182 1071 304 1150 μνότερον
327 1071 474 1150 ἐξάγοντες,
498 1074 520 1129 εἰ
546 1072 573 1128 δέ
593 1095 618 1130 τι
638 1071 774 1140 πονήσειεν
789 1072 838 1130 ὑπὸ
852 1073 951 1150 χειμῶ-

181 1182 223 1226 νος
240 1159 257 1229 ἢ
270 1158 384 1239 χρόνου,
399 1158 429 1217 τδ
447 1160 535 1217 λεῖπον
550 1159 714 1233 ἐξακούμενοι
734 1159 779 1216 καί
791 1163 828 1238 τῷ
842 1161 950 1235 πρόσθεν

129 1255 153 1295 ¹⁰
185 1245 360 1324 ίξσμοιοῦντες
376 1248 412 1312 είς
429 1245 547 1322 δύναμιν.
598 1245 674 1306 Ἐπεί
697 1248 719 1304 δ’
737 1247 806 1325 cippi
819 1247 852 1305 τδι
866 1249 948 1305 daro-

180 1333 281 1391 καίδεκ’
303 1332 349 1403 ἔτη
370 1334 501 1410 γεγονότες
520 1325 601 1408 ήσαν,
625 1333 770 1412 ἀμφίλογόν
784 1357 810 1390 τι
833 1334 953 1409 περὶτῆς

180 1425 260 1496 νομής
275 1422 361 1486 αύτοῖς
381 1419 479 1497 γίνεται
498 1419 561 1498 πρός
570 1419 628 1485 τοὺς
641 1421 788 1499 Νεμέτορος
804 1420 952 1498 βουκόλους,

181 1508 206 1566 ot
227 1507 288 1586 περὶ
305 1507 335 1566 τδ
351 1509 489 1567 Αὐεντῖνον
509 1507 565 1586 ὄρος
585 1506 693 1585 σἰντικρθ
720 1513 765 1565 τοῦ
785 1506 952 1565 Παλλαντίου

181 1593 298 1671 κείμενον
314 1585 384 1673 εἶχον
399 1592 446 1660 τδις
458 1595 619 1672 βουστάσεις.
637 1593 775 1654 Ἠιτιῶντο
787 1595 809 1651 δ’
826 1592 953 1663 ἀλλήλους

38 1698 40 1703 ’
131 1703 155 1741 ts
182 1680 298 1762 ἑκάτεροι
314 1681 412 1758 θαμινὰ
430 1683 447 1751 ἢ
464 1680 511 1751 πλν
533 1679 571 1755 μή
587 1682 772 1759 προσήκουσαν
785 1681 884 1760 ὀργάδα
900 1704 952 1740 κα-

181 1767 301 1842 τανέμειν
325 1767 342 1839 ἢ
365 1767 412 1837 τήν
439 1766 527 1838 κοινήν
557 1767 649 1843 μόνους
676 1770 824 1845 διακρατεῖν
847 1768 865 1839 ἢ
894 1768 953 1827 ὅτι

181 1857 277 1926 δήποτε
291 1854 375 1935 τύχοι.
396 1853 448 1916 Ἐκ
459 1855 487 1914 δὲ
499 1860 546 1927 τῆς
561 1856 710 1936 ἇψιμαχίας
722 1857 818 1927 ταύτης
835 1857 953 1934 ἐγένοντό

180 1966 245 2002 ποτε
255 1943 296 2001 διδ
308 1946 404 2023 χειρῶν
421 1943 533 2021 πληγαί,
549 1934 609 2002 εἶτα
623 1945 656 2000 δι’
669 1946 769 2004 όπλων.
803 1944 952 2024 Τρτιύματα

182 2032 209 2091 δὲ
227 2031 311 2091 πολλὰ
325 2031 388 2109 πρδς
402 2033 454 2088 τῶν
469 2031 609 2110 μειρακίων
625 2031 751 2091 λαθόντες
764 2035 787 2090 οί
802 2038 846 2089 τοῦ
864 2032 953 2108 Νεμέ-

128 2142 155 2180 ao
181 2142 272 2200 τορος,
286 2121 331 2177 καί
341 2142 412 2185 τινας
426 2117 601 2186 ἀπολέσαντες
613 2125 665 2177 τῶν
678 2119 826 2198 σφετέρων,
842 2119 886 2178 καί
901 2124 952 2178 τῶν

179 2208 284 2288 χωρίων
304 2207 355 2278 ήδη
378 2205 447 2264 κατδι
464 2207 557 2283 κράτος
582 2205 767 2285 ἐξειργόμενοι,
791 2207 953 2284 παρεσκευά-

183 2300 253 2364 ζοντο
280 2295 353 2351 δόλον
373 2291 431 2350 τινδι
450 2293 492 2349 ἐπ’
517 2295 619 2358 αύτούς.
688 2293 898 2373 Προλοχίσαντες
920 2293 951 2366 δὴ

181 2385 226 2450 τῆς
248 2381 379 2461 φάραγγος
400 2381 430 2439 τὸ
453 2381 568 2458 άρανὲς,
592 2380 638 2438 καί
666 2379 816 2457 συνθίμενοι
837 2383 888 2447 τοῖς
909 2384 953 2441 λο-

180 2473 250 2546 χῶσι
284 2469 317 2526 τδι
343 2469 466 2546 μειράκια
491 2469 534 2526 τόν
558 2472 604 2539 τῆς
629 2469 769 2535 ίπιθέσεως
796 2471 906 2550 καιρὸν,
928 2475 952 2530 οἱ

128 2580 154 2619 τε
180 2557 266 2616 λοιποί
280 2556 346 2614 κατδι
361 2559 458 2626 πλῆθος
474 2556 516 2614 ἐπὶ
539 2555 572 2613 τὰ
597 2557 773 2637 μανδρεύματ’
788 2559 872 2616 αὐτῶν
889 2559 952 2635 [νύ-

181 2645 268 2723 κτωρ]
283 2642 420 2703 ἕπε’όαλον.
435 2642 572 2718 Ῥωμύλος
593 2643 640 2720 μὲν
662 2635 706 2704 ούν
725 2644 767 2703 τόν
781 2647 874 2725 χρόνον
887 2652 952 2704 τοῦ·

181 2756 223 2790 τον
239 2732 378 2812 ἐτύγχανεν
392 2730 449 2808 ἅμα
466 2735 517 2797 τοῖς
534 2733 746 2810 ἐπιρανεστάτοις
756 2739 809 2792 τῶν
822 2737 952 2809 κωμητῶν

182 2819 353 2900 πορευόμενος
372 2818 407 2887 είς
430 2842 456 2876 τι
470 2818 567 2897 χωρίον
591 2819 718 2877 Καινίναν
740 2821 949 2897 ὀνομαζόμενον,

181 2908 238 2987 ίερδι
253 2909 368 2976 ποιήσων
384 2907 449 2986 ὑπὲρ
462 2912 506 2965 τοῦ
520 2914 605 2965 κοινοῦ
621 2909 729 2986 πάτρια·
744 2907 848 2985 Ῥῶμος
863 2909 890 2967 δὲ
903 2909 951 2980 τήν

128 3012 156 3050 ;υ
183 2997 272 3072 ἔροδον
290 2995 374 3050 αὐτῶν
395 2993 545 3067 αἰσθόμενος
567 2991 696 3062 ἐξεόοήθει
720 2994 809 3052 λαθὼν
829 2995 862 3051 τδι
881 2994 951 3053 ὅπλα

183 3079 338 3156 διαταχέων,
351 3078 451 3153 ὀλίγους
461 3082 512 3135 τῶν
526 3082 607 3149 ἐκτής
623 3082 713 3154 κώμης
728 3081 877 3159 φθάσαντας
891 3088 950 3141 καθ’

181 3166 208 3224 ἓν
233 3165 353 3243 γενέσθαι
384 3165 560 3244 παραλαόών.
628 3170 750 3226 decenn
773 3169 803 3225 ού
826 3167 950 3248 δέχονται

183 3253 275 3325 αὐτὸν,
301 3251 369 3311 άλλδι
395 3252 530 3332 φεύγουσιν
554 3256 712 3333 ύπαγόμενοι
730 3255 781 3314 ἔνθ’
800 3254 910 3332 ἔμελλον
924 3261 950 3316 έν

181 3346 253 3423 καλῷ
277 3342 483 3422 ὑποστρέψαντες
509 3343 686 3414 ἐπιθήσεσθαι.
752 3342 787 3403 Ὁ
805 3344 832 3403 δὲ
847 3345 950 3421 Ῥῶμος

128 3459 154 3495 τι,
181 3434 240 3488 κατ’
261 3431 366 3508 ἄγνοιαν
398 3436 443 3487 τοῦ
470 3430 659 3508 μηχανήματος
680 3429 744 3510 άχρι
765 3434 864 3492 πολλοῦ
888 3434 950 3492 διῶ-

181 3541 233 3574 κων
253 3518 345 3587 atrab,
369 3519 548 3596 παραλλάττει
574 3519 604 3576 τὸ
624 3519 810 3598 λελοχισμένον
835 3522 947 3601 χωρίον,

182 3607 230 3661 κάν
252 3603 335 3684 τούτῳ
364 3603 421 3663 ὅτε
448 3603 524 3683 λόχος
540 3605 677 3663 ἀνίσταται
701 3606 746 3665 καί
768 3611 792 3665 οἱ
817 3610 949 3688 φεύγοντες

182 3693 392 3772 ὑποστρέφουσι,
408 3693 608 3769 κυκλωσάμενοι
630 3695 653 3752 δ’
673 3682 827 3764 αὐτοὺςκαλ
846 3700 950 3765 πολλοῖς

182 3782 334 3854 ἀράττοντες
350 3780 429 3845 λίθοις
446 3782 628 3856 λαμύάνουσιν
650 3785 829 3864 ὑποχειρίους·
854 3772 952 3860 ταύτην

127 3895 154 3935 ιο
181 3868 232 3947 γδιρ
244 3860 314 3948 εἶχον
326 3870 355 3926 ἐκ
369 3873 420 3927 τῶν
436 3872 568 3929 δεσποτῶν
579 3870 627 3941 τήν
638 3873 840 3952 παρακελευαιν,
854 3879 950 3943 ζῶντας

183 3957 267 4022 αὐτοῖς
283 3955 341 4023 rob<
361 3958 510 4024 νεανίσκους
531 3959 648 4034 κομίσαι.

221 4045 335 4105 LXXX.
364 4043 444 4103 Οὕτω
459 4045 505 4120 μέν
521 4047 552 4116 δὴ
579 4046 711 4126 χειρωθείς
733 4045 865 4123 θῬῶμος
878 4051 949 4121 άπή-

180 4152 251 4205 γετσ,
271 4134 305 4196 ὡς
316 4130 343 4188 δέ
361 4131 502 4211 Τουύέρων
524 4134 625 4204 Αἴλιος,
643 4134 723 4201 δεινός
742 4136 807 4215 ἀνήρ
826 4138 948 4218 καὶπερὶ

179 4216 227 4287 τήν
242 4218 394 4296 συναγωγήν
403 4223 450 4288 τῆς
461 4222 577 4300 ίστορίας
588 4221 723 4295 ἐπιμελής,
735 4222 844 4303 γράφει,
861 4247 948 4302 προει-

126 4333 152 4372 ir,
181 4304 250 4368 δότες
265 4306 288 4362 οἱ
299 4312 343 4364 τοῦ
358 4308 503 4384 Νεμέτορος
515 4308 641 4375 θύσοντας
652 4308 685 4366 τδι
694 4308 797 4367 Λύκαια
810 4310 869 4377 τοὺς
888 4335 947 4371 νεα·

179 4392 280 4458 νίσκους
300 4397 338 4472 τῷ
353 4393 422 4451 Πανί
437 4396 484 4463 τήν
500 4394 669 4471 Ἀρκαδικὴν,
685 4399 720 4462 ῶς
737 4395 868 4475 Εὔανδρος
879 4423 949 4458 κατ-

181 4483 326 4552 εστήσατο,
342 4480 442 4553 θυσίαν,
457 4482 612 4561 ἐνήδρευσαν
636 4484 679 4542 τὸν
691 4484 781 4566 καιρὸν
794 4487 889 4545 ἐκεῖνον
903 4496 949 4560 τῆς

179 4570 338 4645 ἱερουργίας,
354 4567 422 4638 ἡνίκ’
440 4571 519 4647 ἐχρῆν
533 4569 592 4636 τοὺς
606 4571 666 4651 περὶ
679 4574 710 4630 τὸ
730 4572 895 4634 Παλλάντιον
913 4580 949 4635 οἰ·

179 4662 288 4720 κοῶυτας
303 4660 353 4713 τῶν
369 4655 433 4712 νέων
448 4660 478 4714 ἐκ
494 4663 538 4714 τοῦ
555 4660 670 4718 Λυκαίου
688 4661 827 4728 τεθυκότας
844 4665 946 4742 περιιλ·

127 4768 154 4809 ω
180 4748 231 4799 θεῖν
248 4742 338 4822 δρόμῳ
363 4743 410 4812 τήν
425 4742 519 4818 κώμην
538 4743 666 4821 γυμνοὺς,
689 4748 884 4823 ὑπεζωσμένους
898 4748 947 4819 τήν

179 4832 249 4888 αἰδῶ
266 4840 324 4898 ταῖς
338 4833 425 4908 δοραῖς
439 4836 490 4890 τῶν
507 4831 646 4891 νεοθύτων.
703 4837 789 4894 Τοῦτο
805 4836 831 4895 δὲ
848 4841 947 4915 καθαρ·

179 4919 226 4989 μόν
240 4943 296 4978 τινα
309 4924 359 4979 τῶν
378 4923 510 4996 κωμητῶν
527 4920 637 4997 πάτριον
652 4923 778 4996 ἐδύνατο,
794 4928 829 4991 ὡς
843 4925 888 4983 καί
902 4931 946 4985 νῦν

180 5006 217 5060 ἔτι
232 5007 337 5084 δρᾶται.
382 5007 427 5066 Ἐν
441 5007 473 5079 δὴ
490 5009 575 5088 τούτῳ
587 5014 625 5090 τῷ
636 5012 722 5091 χρόνῳ
732 5011 791 5076 τοὺς
806 5010 946 5090 ἱεροποιοὺς

179 5089 326 5157 νεανίσκους
347 5096 370 5152 οἱ
395 5097 514 5172 βουκόλοι
536 5096 697 5176 λοχήσαντες
719 5101 787 5158 κατὰ
811 5097 840 5156 τό
858 5099 944 5159 στενό·

1004 467 1089 531 patriis
1096 463 1561 516 Rornanorumcarminibusctiamnunc
1568 462 1670 511 cenitrrr.
1689 461 1772 510 Vitam

1004 557 1087 603 autem
1098 552 1216 614 degebant
1232 549 1393 613 pastoricium,
1404 551 1428 598 et
1441 549 1535 597 rictum
1549 545 1596 596 sibi
1606 546 1632 596 in
1647 547 1774 596 montibus

1006 641 1148 704 plerumque
1165 639 1277 688 manibus
1291 636 1416 701 parabant,
1429 636 1525 685 casulas
1540 649 1568 685 er
1581 634 1645 697 ligno
1659 637 1683 684 et
1696 647 1772 683 arun-

1005 728 1127 779 dicresim
1149 728 1197 776 utta
1220 724 1398 788 contignatione
1421 724 1609 788 compingentes.
1662 727 1773 782 Quarum

1006 833 1053 870 uua
1071 819 1103 869 ad
1117 833 1171 870 mea
1183 831 1260 881 usque
1278 820 1388 882 tempora
1403 815 1528 876 exstabat,
1553 816 1579 865 in
1595 814 1678 866 Palatii
1698 814 1773 864 latere

1004 910 1070 973 quod
1080 909 1113 960 ad
1121 911 1219 958 Circum
1226 910 1390 970 spectatque
1396 906 1494 956 Romuli
1503 910 1677 966 casarocatur,
1687 917 1773 966 quum-

1004 1014 1053 1063 que
1062 1013 1156 1050 saoram
1168 1003 1267 1048 serrant
1280 999 1297 1048 ii
1314 998 1405 1061 quibus
1417 1010 1446 1046 ea
1462 1010 1523 1045 cura
1534 1001 1573 1047 est
1586 996 1716 1055 mandata,
1734 995 1773 1042 ni-

1005 1090 1039 1140 hil
1049 1090 1184 1141 ornamenti
1194 1089 1272 1154 gratia
1285 1089 1415 1148 addentes,
1428 1088 1472 1138 sed
1490 1088 1573 1151 siqua
1592 1087 1645 1137 eius
1666 1100 1723 1150 pars
1736 1088 1773 1135 τοι

1004 1181 1158 1246 tempestatis
1170 1182 1209 1231 rel
1221 1182 1339 1246 temporis
1352 1179 1438 1231 iniuria
1455 1179 1586 1242 laborarit,
1601 1178 1725 1229 delectum
1735 1193 1773 1228 re·

968 1314 972 1322 .
1005 1274 1123 1335 sarciunt,
1134 1278 1282 1339 etquantum
1305 1275 1357 1325 lieri
1376 1277 1458 1338 potest
1470 1272 1503 1323 ed
1519 1273 1647 1338 pristinam
1671 1272 1774 1322 formam

1005 1367 1149 1417 instaurant.
1184 1369 1246 1418 curn
1262 1370 1344 1418 autern
1363 1379 1454 1417 annum
1473 1365 1570 1416 circiter
1585 1379 1646 1415 xrrrr
1659 1369 1773 1429 egerent,

1007 1461 1197 1519 controversiam
1209 1459 1330 1524 quandam
1339 1458 1370 1508 de
1382 1458 1479 1523 pascuis
1493 1457 1633 1508 habuerunt
1652 1471 1709 1506 cum
1722 1460 1774 1506 ttu-

1006 1551 1100 1599 mitoris
1131 1550 1285 1615 pastoribus,
1309 1551 1350 1612 qui
1372 1551 1395 1598 in
1417 1550 1536 1599 Aventino
1560 1548 1621 1598 colle
1641 1561 1656 1597 e
1679 1549 1776 1611 regione

1006 1643 1093 1692 Palatii
1121 1644 1169 1692 sito
1200 1642 1296 1693 stabula
1327 1642 1459 1691 babebant.
1511 1643 1659 1704 Frequenter
1694 1645 1776 1690 autern

1005 1732 1038 1783 de
1057 1747 1084 1783 se
1104 1738 1191 1783 mutuo
1220 1732 1442 1797 conquerebantur,
1466 1734 1505 1783 rel
1527 1731 1593 1795 quod
1612 1735 1682 1794 prata
1698 1731 1776 1780 aliena

1005 1823 1077 1873 atteri
1114 1821 1319 1886 depascerentur,
1348 1825 1395 1883 ret,¹
1433 1825 1498 1887 quod
1527 1824 1667 1873 communia
1703 1823 1774 1874 alteri

1006 1914 1052 1963 soli
1072 1919 1203 1965 tenerent:
1221 1916 1260 1964 rcl
1276 1928 1421 1979 quacunque
1432 1915 1479 1965 alia
1496 1915 1528 1965 do
1553 1930 1636 1966 causa.
1679 1919 1712 1966 Ετ
1733 1914 1777 1964 tali

1006 2021 1066 2057 vero
1087 2009 1241 2058 altercatione
1256 2008 1375 2058 interdum
1389 2008 1421 2058 ud
1439 2023 1527 2058 manus
1547 2013 1572 2059 et
1587 2009 1619 2059 ad
1630 2025 1698 2060 arma
1714 2025 1775 2059 ren·

1009 2103 1062 2148 tum
1089 2102 1136 2149 est.
1162 2101 1273 2163 Cumque
1291 2099 1424 2149 Numitoris
1447 2103 1558 2164 pastores
1581 2102 1659 2150 multa
1672 2101 1778 2151 vulnera

1007 2191 1038 2239 ab
1061 2190 1254 2241 adolescentibus
1274 2192 1438 2254 accepissent,
1463 2196 1490 2241 et
1516 2192 1645 2241 nonnullos
1666 2192 1697 2241 de
1723 2193 1777 2242 suis

1005 2281 1144 2341 misissent,
1165 2285 1191 2332 et
1204 2283 1235 2332 ab
1254 2282 1308 2331 istis
1319 2280 1380 2331 locis
1391 2295 1432 2344 per
1448 2283 1496 2330 rim
1514 2285 1673 2341 arcerentur,
1688 2281 1774 2331 dotum

1005 2374 1127 2436 quenulam
1138 2372 1184 2424 iliis
1195 2377 1344 2423 struxerunt.
1377 2373 1473 2423 insidiis
1485 2373 1548 2423 enim
1561 2373 1585 2421 in
1599 2375 1695 2423 occulta
1707 2374 1778 2427 ratiis

1006 2470 1075 2528 parte
1096 2466 1249 2530 praeparatis,
1273 2469 1299 2515 ct
1318 2462 1445 2514 adoriendi
1465 2468 1575 2528 ternpore
1592 2478 1650 2513 cum
1667 2464 1714 2515 iliis
1734 2471 1775 2528 qui

1005 2555 1200 2606 adolescentibus
1222 2555 1399 2605 insidiabuntur
1423 2555 1572 2616 constituto,
1599 2557 1687 2618 reliqui
1718 2570 1777 2606 corr·

1005 2645 1071 2695 fecto
1086 2647 1181 2709 agmine
1193 2660 1278 2697 eorum
1297 2646 1392 2697 stabula
1401 2644 1500 2712 [noctu]
1514 2647 1664 2698 invaserunt.
1709 2650 1777 2698 Tunc

1005 2741 1088 2787 antem
1115 2738 1175 2788 torte
1200 2738 1320 2788 Romulus
1341 2751 1398 2787 cum
1430 2751 1579 2802 paganorum
1605 2738 1736 2804 precipuis
1752 2738 1777 2786 in

1007 2827 1094 2877 urbem
1114 2827 1236 2890 quandam
1256 2829 1353 2878 nomine
1366 2829 1491 2878 caeninam
1512 2843 1556 2892 pro
1574 2829 1673 2893 publica
1697 2830 1778 2878 salute

1005 2919 1163 2981 sacrapatria
1177 2919 1285 2968 facturus
1299 2919 1384 2969 iverat.
1418 2922 1507 2969 tlemus
1524 2933 1675 2970 veroeorum
1692 2919 1774 2969 iocur·

1005 3009 1073 3058 sione
1086 3009 1181 3072 cognita
1198 3009 1229 3057 ad
1245 3022 1316 3072 opem
1337 3010 1459 3060 terendam
1482 3013 1596 3071 accurrit,
1616 3012 1690 3062 armis
1711 3013 1774 3063 celc-

1006 3100 1064 3149 riter
1084 3099 1215 3162 correptis,
1235 3104 1260 3149 ct
1281 3100 1363 3163 paucis
1376 3100 1525 3163 quibusdam
1543 3104 1655 3167 paganis,
1668 3105 1709 3168 qui
1727 3117 1777 3154 rnu-

1005 3196 1060 3242 ture
1074 3195 1236 3242 convenerant
1248 3230 1254 3252 ,
1268 3205 1353 3242 secum
1364 3190 1453 3242 ductis.
1487 3198 1519 3244 itt
1535 3196 1571 3246 illi
1590 3209 1647 3245 eum
1667 3210 1716 3247 non
1733 3211 1776 3247 cx-

1005 3288 1160 3352 spectarunt,
1174 3286 1216 3337 sed
1230 3288 1287 3349 luga
1307 3300 1334 3337 se
1350 3294 1496 3351 receperunt
1509 3291 1532 3338 in
1551 3303 1608 3339 euro
1626 3292 1719 3351 locum,
1733 3293 1776 3342 ubi

1005 3377 1116 3429 conversi
1138 3379 1265 3429 commode
1279 3392 1321 3429 eos
1341 3382 1474 3442 aggressuri
1496 3385 1575 3431 erant.
1608 3358 1778 3433 connivero

1006 3471 1056 3520 doti
1069 3471 1178 3535 ignarus,
1193 3470 1285 3535 lougius
1304 3483 1345 3520 eos
1358 3476 1517 3535 persecutus,
1534 3472 1617 3522 locum
1637 3472 1722 3535 inquo
1739 3476 1775 3522 iu·

1004 3562 1074 3612 sidia
1093 3563 1180 3627 positae
1207 3567 1278 3614 erant
1298 3563 1423 3626 preteriit,
1480 3567 1543 3613 Tum
1562 3568 1586 3615 et
1604 3564 1777 3617 insidiatorum

1003 3668 1091 3705 manua
1108 3657 1230 3716 surrexit,
1245 3655 1325 3718 etqui
1342 3656 1454 3717 ingerant
1473 3671 1499 3706 se
1512 3662 1703 3721 converterunt,
1718 3673 1774 3711 eos·

1003 3763 1051 3813 que
1062 3751 1243 3801 circumventos
1257 3750 1391 3814 multisque
1403 3751 1524 3813 lapidibus
1538 3758 1655 3804 contusos
1668 3755 1692 3812 in
1705 3769 1776 3806 suam

1003 3855 1149 3914 potestatem
1167 3851 1319 3914 redegerunt.
1337 3852 1389 3901 lloc
1402 3849 1467 3900 enim
1482 3852 1575 3904 domini
1589 3855 1626 3906 eis
1639 3857 1776 3908 mandare·

1003 3929 1068 4008 rant,
1075 3954 1103 3998 ut
1113 3948 1279 3998 adolescentes
1290 3948 1359 3997 viros
1371 3947 1402 3997 ud
1414 3962 1440 3998 se
1452 3950 1609 4002 adducerent.

1033 4046 1125 4095 Lxltlt.
1136 4046 1228 4093 Remus
1242 4043 1316 4105 igitur
1329 4043 1376 4092 boc
1394 4044 1467 4095 modo
1479 4051 1567 4110 captus
1582 4048 1704 4100 abductus
1718 4057 1776 4101 est:

1003 4141 1044 4192 sed
1069 4144 1097 4190 ui
1112 4141 1196 4191 scribit
1205 4140 1283 4191 AEttus
1295 4140 1399 4202 Tubero,
1414 4143 1495 4206 gravis
1507 4147 1533 4194 ct
1548 4144 1650 4209 diligens
1668 4148 1692 4197 iu
1707 4150 1775 4203 colti-¹

1002 4237 1080 4302 gendo
1089 4237 1191 4287 baronta
1203 4239 1297 4296 auctor,
1306 4237 1439 4288 Numitoris
1457 4244 1579 4302 pastores,
1591 4255 1649 4293 cum
1662 4256 1772 4306 presen-

1003 4333 1091 4384 slsscnt
1106 4333 1269 4383 adolescentes
1279 4335 1419 4396 Lupercalia
1428 4336 1592 4387 celebraturos
1602 4342 1628 4388 ct
1637 4338 1694 4388 Pani
1706 4351 1774 4387 more

1004 4433 1131 4493 arcarum,
1140 4437 1165 4483 ut
1172 4431 1284 4482 Erandcr
1290 4431 1437 4494 instituerat,
1451 4435 1597 4485 sacrificium
1610 4437 1724 4493 tacturos,
1733 4435 1775 4484 ilto

1002 4542 1127 4580 sacrorum
1143 4532 1249 4590 tempore
1269 4527 1368 4578 insidias
1386 4530 1421 4579 eis
1441 4535 1595 4588 struxerunt,
1610 4544 1660 4591 quo
1675 4534 1771 4593 oporte·

1001 4624 1045 4674 bat
1056 4625 1156 4674 iuvenes
1168 4623 1209 4685 qui
1219 4624 1304 4673 collem
1320 4625 1458 4676 Palatinum
1470 4626 1605 4680 incolebant
1625 4630 1681 4690 post
1693 4640 1765 4690 para-

1002 4724 1069 4770 ctum
1090 4718 1237 4769 sacritlcium
1255 4733 1286 4770 ex
1303 4721 1430 4784 Lupercali
1448 4722 1569 4786 proiectos
1588 4736 1677 4785 pagum
1692 4724 1773 4779 nudos

1001 4837 1074 4875 cursu
1083 4823 1220 4882 circumire,
1230 4824 1335 4887 pellibus
1344 4825 1499 4876 victimarum
1508 4838 1593 4876 recens
1604 4832 1766 4879 ructatorum

1000 4917 1114 4984 pudenda
1127 4918 1265 4967 succinctos
1315 4919 1343 4968 ld
1357 4922 1439 4969 autem
1460 4920 1512 4969 erat
1531 4920 1655 4982 quoddam
1680 4923 1770 4970 instra·

1003 5013 1074 5064 tionis
1085 5025 1162 5076 genus
1173 5011 1237 5077 apud
1249 5026 1354 5076 paganos
1366 5026 1434 5064 more
1445 5015 1524 5077 patrio
1540 5020 1667 5080 receptum
1684 5032 1690 5062 r
1703 5016 1768 5078 quod

999 5121 1064 5159 nuuc
1080 5121 1177 5174 quoque
1196 5107 1246 5159 deri
1258 5109 1329 5160 solet.
1352 5113 1386 5159 Eo
1400 5109 1473 5172 igitur
1482 5112 1590 5176 ternpore
1603 5111 1711 5174 bubulci,
1725 5111 1769 5174 qui
