3772 5828
206 315 245 373 :ta
727 316 894 379 bionl'sit
916 320 1296 383 flnbicnednssssn'sis

205 447 240 511 είς
268 443 403 503 Σικελίαν.
446 447 481 503 Oi
509 444 535 503 δέ
568 446 780 526 καταλειφθέντες
810 450 855 505 ὑπ’
895 451 974 509 αὐτοῦ

204 531 309 611 φρουροί
333 530 378 590 καί
397 530 529 610 οἰκήτορες
545 531 673 605 Ἰταλίας,
691 535 785 613 οἱπερὶ
800 534 842 593 τὀν
857 537 974 617 Σατοόρ·

204 642 256 677 νιον
277 619 353 699 ὄχθον
376 619 523 697 ἱδρυμένοι,
551 621 614 685 τέως
640 620 687 695 μὲν
713 622 891 685 ἐπολιτεύοντο
915 629 973 682 καθ’

205 705 325 772 ἑαυτούς·
341 705 427 786 χρόνῳ
444 708 466 765 δ’
482 705 588 785 ὕστερον
612 713 641 765 οὐ
663 711 757 788 μακρῷ
773 710 872 768 δίαιτάν
887 734 915 769 τε
930 712 975 770 καί

163 815 176 851 ο
207 793 300 871 νόμους
313 795 357 852 καί
373 797 437 853 θεῶν
450 794 506 873 ίερθ
518 796 731 872 συνενεγκάμενοι
751 797 782 857 τίι
797 801 908 879 σρὲτερα
923 808 975 866 τοῖς

205 882 390 960 ἰλθοριγίνων,
407 881 496 962 ὥσπερ
516 884 645 961 Ἀρκάδες
661 884 705 941 καὶ
726 883 764 942 ἔτι
782 889 906 966 πρότερον
923 889 974 946 Πε·

204 972 316 1045 λασγοί,
346 969 444 1034 πόλεώς
465 992 493 1027 τι
517 975 564 1042 τῆς
586 973 666 1044 αὐτῆς
688 981 739 1039 τοῖς
762 972 902 1053 Ἀόοριγῖσι
920 997 975 1034 κοι-

202 1057 376 1130 νωνήσαντες,
391 1058 538 1129 συνέόησαν
551 1065 680 1137 ὁμοεθνεῖς
692 1062 850 1136 νομίζεσθαι.
892 1063 976 1144 Ἡρα-

203 1146 292 1213 κλέους
312 1147 359 1223 μέν
384 1141 420 1209 δι’,
431 1147 568 1225 στρατείας
595 1149 669 1223 πέρι,
693 1151 737 1207 καὶ
757 1153 974 1225 Πελοποννησίων

150 1247 175 1324 ¹⁰.
204 1238 335 1307 ὑπομονῆς
355 1236 381 1292 ίν
403 1235 507 1315 Ἰταλία
524 1236 629 1294 τοσαῦτ’
654 1238 777 1316 εἰρήσθω.
820 1243 937 1322 Διυτέρα
952 1245 974 1301 δ’

201 1320 321 1400 θστερονς
333 1332 411 1408 usgagg:
432 1323 501 1404 μετὰ
520 1321 568 1397 την
585 1323 746 1404 Ἡρακλέους
768 1327 896 1407 ἄπαρσιν,
922 1332 974 1390 ίτει

201 1413 231 1474 δέ
243 1417 357 1495 πέμπτῳ
379 1416 423 1473 καί
439 1415 608 1492 πεντηκοστῷ
623 1414 752 1492 μάλιστα,
767 1417 800 1481 ὡς
813 1417 885 1474 αὐτοὶ
904 1416 973 1478 Ῥω·

201 1511 276 1577 μαῑοι
299 1501 421 1580 λέγουσι,
446 1500 567 1582 βασιλεὺς
593 1503 639 1579 μέν
660 1502 826 1583 Ἀόοριγίνων
841 1494 873 1577 ἦν
892 1506 973 1565 Λατῖ-

203 1612 247 1652 νος
260 1591 273 1646 ό
287 1589 406 1662 Φαύνου,
424 1593 495 1667 γόνος
515 1587 542 1647 δὲ
554 1587 725 1669 Ἡρακλέους,
741 1596 859 1670 πέμπτον
882 1591 909 1654 δέ
927 1596 972 1655 καὶ

147 1695 171 1734 ιιι
200 1675 354 1754 τριακοστὸν
366 1676 421 1743 ἔτος
433 1678 501 1756 ἔχων
516 1676 562 1748 τὴν
575 1679 671 1757 ἀρχήν.

239 1765 328 1826 XLV.
347 1764 423 1824 Κατθ
434 1765 460 1823 δέ
475 1765 518 1824 τὸν
531 1763 623 1843 χρόνον
637 1772 726 1825 τοῦτον
735 1771 761 1828 Τ
763 1773 826 1847 ρῷες
839 1774 863 1830 οἱ
873 1771 973 1832 sirudi-

198 1851 253 1931 νεία
262 1851 427 1931 διαφυγόντες
438 1853 464 1921 έξ
472 1852 550 1914 Ἰλίου
557 1854 604 1920 τῆς
615 1856 713 1920 πολεως
723 1856 835 1928 ἁλούσης
845 1860 973 1940 κατέσχον

198 1942 233 2005 είς
247 1939 394 2018 Λωρεντὸν,
408 1941 523 2019 αἰγιαλὸν
536 1943 707 2021 Ἀόοριγίνων
717 1944 760 2001 ἐπὶ
769 1951 806 2025 τῷ
817 1930 972 2026 ’Τυρρηνικῷ

198 2027 304 2101 πελάγει
316 2025 444 2102 κείμενον,
455 2032 483 2089 οὗ
494 2031 585 2110 πρόσω
594 2034 645 2089 τῶν
655 2030 770 2089 ίκόολῷν
781 2037 825 2090 τοῦ
837 2033 972 2112 ’λἐόέριος·

144 2129 171 2168 2⁰
197 2112 319 2181 λαθόντες
331 2116 358 2174 δέ
373 2117 445 2195 παρίι
456 2121 507 2176 τῶν
526 2118 696 2197 Ἀόοριγίνων
709 2122 804 2198 χοιρίον
822 2123 857 2186 είς
871 2121 971 2193 οἴκησιν

198 2202 243 2259 καί
265 2201 304 2261 όσ’
326 2202 425 2276 ἠξίουν,
448 2205 595 2275 πολίζονται
617 2205 709 2287 μικρὸν
738 2210 894 2286 ἀποσχόντες
920 2211 973 2269 ἀπὸ

198 2288 329 2360 θαλάττης
345 2292 388 2349 έπί
405 2292 477 2372 λάρῳ
500 2296 565 2364 τινί,
581 2289 719 2354 Λαουίνιον
740 2296 822 2371 ὄνομα
843 2302 875 2376 τῇ
897 2299 972 2355 πόλει

198 2377 309 2452 θέμενοι.
351 2377 456 2459 Ὀλίγῳ
475 2384 497 2442 δ’
512 2381 618 2461 θστερον
635 2383 723 2462 χρόνῳ
737 2381 784 2452 τὴν
799 2386 911 2462 ἀρχαίαν
927 2387 972 2443 άλ-

198 2462 322 2530 λάξαντις
332 2466 475 2543 ὀνομασίαν
488 2467 545 2543 lips
559 2476 611 2535 τοῖς
625 2468 783 2550 Ἀόοριγῑσιν
800 2469 911 2530 ἀπὸτοῦ
925 2476 972 2551 βα-

199 2551 289 2618 σιλέως
303 2557 350 2624 τῆς
366 2553 455 2633 χώρας
474 2563 582 2617 Λατῖνοι
596 2558 808 2633 ὠνομάσθησαν·
827 2559 873 2617 καὶ
888 2583 970 2635 μετα-

198 2640 340 2707 ναστάντες
352 2645 381 2700 ἐκ
395 2648 441 2703 τοῦ
459 2648 599 2704 Λαουϊνίου
624 2650 697 2726 κοινῷΙ
713 2646 780 2721 μετὰ
802 2650 854 2704 τῶν
870 2650 968 2727 ἐπιχω-

200 2727 262 2804 ρίοιν
282 2732 386 2805 μείζονα
408 2732 612 2813 περιόάλλονται
635 2734 720 2806 πόλιν,
743 2735 774 2804 ἣν
798 2732 896 2794 {tides
911 2736 971 2794 ἐκά-

196 2816 287 2888 λεσαν,
309 2817 335 2884 ἐξ
355 2810 384 2890 ἧς
397 2821 543 2898 ὁρμώμενοι
567 2822 665 2889 πολλὰς
690 2823 737 2898 μέν
761 2823 805 2880 καὶ
825 2825 906 2890 ἄλλας
919 2825 968 2884 πό-

198 2905 251 2971 λεις
267 2904 372 2966 ἔκτισαν
397 2912 447 2965 τῶν
467 2913 613 2981 κληθέντων
640 2912 764 2985 ΙΙρίσκων
787 2912 917 2984 Λατίνων,
942 2911 969 2980 ἐξ

196 2979 232 3048 ὧν
260 2996 287 3049 αἱ
310 2997 433 3052 πλεῖσται
457 2995 495 3054 ἔτι
522 2997 566 3054 καί
592 2999 626 3062 εἰς
652 2996 698 3072 έμί
725 2988 790 3067 ἦσαν
808 3000 966 3073 οἰκούμεναι.

197 3079 301 3142 Ιένεαῖς
324 3081 346 3135 δ’
374 3080 480 3162 ὕστερον
507 3083 647 3141 ἑκκαίδεκα
676 3083 745 3156 μετίι
768 3084 848 3143 Ἰλίου
868 3088 965 3146 ἅλωσιν

195 3166 374 3248 έκπέμραντες
390 3170 512 3228 ἀποικίαν
533 3174 569 3236 εἰς
590 3171 620 3229 τὸ
639 3172 807 3230 Παλλάντιόν
820 3197 848 3230 τε
863 3175 907 3231 καί
921 3177 968 3246 τὴν

198 3254 378 3334 Σατουρνίαν,
401 3255 463 3315 ἔνθα
489 3258 695 3328 Πελοποννήσιοί
715 3281 743 3316 τε
770 3259 815 3316 καί
841 3257 968 3338 Ἀρκάδες

196 3343 244 3415 τὴν
266 3342 374 3424 πρώτην
397 3344 498 3417 οἴκησιν
519 3348 685 3419 ἐποιήσαντο,
700 3349 745 3406 καί
758 3339 789 3419 ἦν
813 3349 851 3405 ἔτι
871 3348 969 3430 ζώπυρ’

153 3463 167 3497 5
199 3430 265 3489 άττα
290 3433 494 3511 περιλειπόμενα
516 3439 562 3491 τοῦ
585 3437 698 3494 παλαιοῦ
720 3436 819 3513 γένους,
845 3435 969 3504 οἰκίζουσι

195 3517 254 3584 τοὺς
268 3520 372 3591 τόπους,
398 3521 583 3600 περιλαόόντες
609 3523 708 3602 τείχεσι
732 3523 762 3581 τὸ
789 3524 969 3598 Παλλάντιον,

195 3604 367 3664 stertinian
388 3609 488 3677 πόλεως
505 3613 599 3690 σχῆμα
621 3611 678 3670 τότε
694 3615 806 3691 πρῶτον.
846 3612 969 3672 Τίθενται

197 3692 223 3748 δὲ
243 3696 281 3773 τῷ
294 3695 419 3770 κτίσματι
439 3698 547 3775 Ῥώμην
566 3699 659 3775 ὄνομα,
674 3702 726 3759 ἀπὸ
748 3706 794 3759 τοῦ
820 3704 969 3769 στειλαντος

195 3779 242 3848 τὴν
257 3781 380 3839 ἀποικίαν
402 3781 550 3860 Ῥωμύλου,
564 3786 591 3850 ὃς
616 3778 647 3857 ἧν
667 3786 777 3863 έόδομος
798 3787 842 3845 καί
862 3790 968 3855 δέκατος

196 3866 365 3949 όπίλίνείου
390 3873 511 3948 γεγονώς.
555 3871 691 3947 Βούλομαι
720 3874 747 3931 δέ
769 3874 893 3952 καὶπερὶ
922 3879 968 3944 τῆς

195 3955 298 4013 Αἰνείου
323 3960 467 4036 παρουσίας
495 3962 530 4026 είς
548 3959 671 4033 Ἰταλίαν,
691 3960 747 4019 ἐπεὶ
774 3965 825 4019 τῶν
850 3984 966 4038 συγγρα·

195 4038 262 4119 ρίων
291 4043 341 4106 τοῖς
363 4042 410 4118 μέν
435 4047 578 4123 ἠγνόηται,
604 4056 656 4112 τοῖς
680 4047 707 4105 δὲ
734 4047 932 4124 διαπερόινηται
954 4053 968 4107 θ

195 4129 256 4204 περὶ
281 4130 359 4186 αὐτοῦ
384 4132 472 4211 λόγος,
496 4133 532 4211 μὴ
562 4136 700 4214 παρέργως
724 4136 850 4210 διελθεῖν,
872 4135 918 4200 τάς
940 4160 967 4194 τε

196 4223 248 4278 τῷν
268 4217 405 4290 Ἑλλήνων
427 4222 473 4280 καλ
493 4224 539 4287 τὰς
555 4223 697 4301 Ῥωμαίοιν
712 4228 762 4281 τῶν
789 4225 905 4299 μάλιστα
920 4249 966 4283 πι-

196 4304 360 4384 στευομένων
376 4311 490 4386 ἱστορίας
504 4313 677 4390 παραλαόών.
721 4313 799 4390 Ἔχει
815 4312 841 4369 δὲ
856 4314 889 4372 τδι
905 4314 965 4396 περὶ

195 4400 272 4456 αὐτοῦ
293 4394 412 4470 λεγόμεν’
434 4389 496 4460 ὧδε.

234 4484 331 4546 XLVI.
346 4483 613 4574 Ἰλίουικρατηθέντος
637 4486 680 4544 ὑπ’
705 4484 818 4564 Ἀχαιῶν
845 4488 896 4547 εἴτε
921 4495 965 4548 τοῦ

196 4575 296 4653 δουρίου
320 4576 402 4635 ἵππου
427 4580 459 4654 τῇ
486 4577 589 4653 ἀπάτη,
614 4579 649 4641 ὡς
674 4573 788 4653 Ὁμήρῳ
811 4577 966 4650 πεποίηται,

195 4664 245 4724 εἴτε
281 4671 314 4746 τῇ
342 4665 469 4742 προδοσία
498 4667 549 4721 τῷν
572 4663 773 4742 Ἀντηνοριδῶν,
809 4665 854 4722 εἴτ’
882 4667 966 4731 άλλως

194 4777 264 4828 πως,
291 4752 322 4812 τὸ
350 4751 398 4830 μέν
417 4751 481 4810 ἄλλο
511 4753 608 4821 πλῆθος
637 4752 663 4808 έν
684 4755 716 4828 τῇ
747 4753 822 4810 πόλει
847 4752 965 4830 Τρωϊκόν

193 4863 221 4897 τε
248 4842 292 4900 καὶ
323 4839 491 4918 συμμαχικόν
514 4840 540 4896 έν
568 4841 624 4904 ταῖς
652 4839 737 4904 εὐναῖς
763 4839 802 4898 ἔτι
827 4843 966 4915 καταλαμ·

195 4927 336 5005 θανόμενον
358 4926 504 5008 έρονεόιτο·
526 4926 614 4992 νυκτὸς
633 4926 683 5004 γὰρ
699 4925 730 4998 δὴ
749 4928 778 4986 τὸ
798 4927 879 4987 δεινὸν
895 4930 963 5006 ripu-

193 5009 295 5082 λάκτοις
331 5014 416 5084 αὐτοῖς
442 5017 579 5085 ἐπιστῆναι
603 5013 695 5072 ἔοικεν.
738 5015 842 5080 Αἰνείας
867 5014 894 5072 δὲ
919 5014 964 5071 καί

194 5103 219 5158 οἱ
238 5101 283 5160 σὺν
308 5105 379 5184 αὐτῷ
401 5104 528 5186 παρόντες
542 5103 662 5165 Ἰλιεῦσιν
681 5103 813 5183 ἐπίκουροι
828 5104 853 5160 Τ
854 5103 916 5182 ρῷες
933 5104 963 5161 ἐκ

1029 461 1072 524 qui
1083 461 1115 511 ab
1126 475 1156 512 eo
1171 463 1247 512 relicti
1262 462 1357 513 tuerent
1367 467 1395 512 ιιι
1404 465 1479 513 ltaliae
1491 464 1605 528 praesidio
1611 470 1693 516 essent
1702 480 1808 532 eamque

1028 561 1178 621 incolerent,
1198 563 1241 626 qui
1267 563 1332 613 circa
1354 564 1495 614 Saturnium
1513 565 1600 615 coliem
1621 566 1692 617 sedoe
1713 581 1806 632 posue·

1029 656 1093 711 rant,
1107 653 1256 719 aliquamdiu
1268 657 1390 718 propriam
1403 657 1579 720 rempublicam
1591 658 1723 712 trabebant.
1755 660 1805 711 Sed

1029 744 1715 810 nonmnitopostriiaegenusetiogeseisaerasuaoum
1723 748 1805 799 Abori·

1029 838 1126 902 ginibus
1139 838 1331 898 coniunxerunt,
1356 838 1421 888 sicut
1435 842 1460 888 ei
1481 837 1589 888 Arcades
1614 843 1640 889 et
1656 839 1734 888 mulio
1746 843 1804 892 anu

1029 931 1124 992 Pelasgi
1145 932 1266 991 fecerant,
1280 935 1306 982 et
1320 932 1423 981 eandem
1442 931 1568 983 civitatem
1589 945 1646 981 oum
1668 932 1804 996 Aborigini-

1029 1019 1076 1069 bus
1100 1034 1255 1071 communem
1280 1020 1449 1071 inhabitantes
1467 1021 1503 1072 iia
1528 1022 1686 1083 coaluerunt,
1708 1027 1737 1072 ui
1754 1037 1803 1074 una

1029 1110 1164 1172 eademque
1187 1124 1247 1174 gens
1268 1125 1323 1162 esse
1342 1115 1479 1177 putaretur.
1523 1116 1604 1176 saque
1630 1112 1682 1164 Ιιωο
1704 1113 1805 1177 quidem

1028 1199 1061 1251 de
1079 1201 1191 1251 Herculis
1214 1202 1368 1265 expeditione
1391 1206 1469 1254 etde
1492 1204 1688 1268 Peloponnesiis,
1710 1205 1753 1267 qui
1780 1204 1806 1253 in

1029 1296 1098 1347 italia
1118 1300 1297 1360 rernauserunt,
1319 1297 1385 1349 dicta
1411 1303 1493 1349 sunto.
1540 1299 1589 1351 sed
1613 1303 1668 1364 post
1692 1300 1803 1349 Herculis

1028 1393 1166 1443 dissessum
1184 1396 1257 1444 relate
1274 1393 1396 1456 secunda,
1414 1395 1511 1447 ciruitu
1536 1408 1625 1445 mnam
1650 1408 1695 1450 ιν,
1711 1398 1739 1444 ut
1757 1395 1803 1457 ipsi

1028 1484 1131 1534 bomani
1151 1485 1264 1546 tradunt,
1287 1499 1330 1535 ren
1347 1486 1505 1549 Aboriginum
1529 1492 1585 1538 erat
1597 1487 1699 1537 Latinus
1725 1485 1804 1536 Fauni

1030 1574 1096 1624 iilius
1120 1579 1195 1637 atque
1206 1576 1319 1626 liercuiis
1330 1577 1425 1639 proles,
1435 1578 1479 1640 qni
1494 1592 1594 1642 regnum
1604 1578 1655 1628 iam
1672 1591 1716 1642 per
1729 1591 1804 1627 annos

1028 1680 1097 1720 xxan
1112 1665 1244 1718 obtinebat.

1058 1770 1130 1817 xiv.
1149 1768 1218 1819 Tune
1237 1767 1320 1815 antem
1336 1767 1448 1827 Troiani,
1469 1767 1512 1830 qui
1534 1768 1591 1831 post
1609 1771 1707 1831 captum
1731 1767 1802 1817 ilium

1028 1880 1085 1915 oum
1103 1868 1178 1916 AEuea
1197 1879 1228 1916 ex
1253 1866 1314 1916 urbe
1342 1865 1514 1931 γκιιιιιρσιιιιιι,
1529 1865 1674 1929 appulerunt
1697 1866 1803 1914 beuren-

1027 1968 1094 2024 ium‚
1111 1962 1181 2041 quod
1196 1962 1222 2013 in
1233 1963 1315 2033 littore
1329 1965 1486 2030 Aboriginum
1504 1959 1616 2015 adnare
1636 1961 1803 2025 Tyrrhenum,

1026 2074 1075 2110 non
1098 2061 1182 2123 prosul
1205 2075 1219 2111 a
1238 2061 1333 2112 Tiberis
1359 2062 1423 2112 ostio
1438 2062 1514 2111 situm
1536 2065 1598 2112 erat.
1643 2064 1757 2125 cumque
1772 2056 1803 2108 ab

1027 2157 1196 2221 Aboriginibus
1226 2159 1377 2222 aroepissent
1406 2171 1492 2222 agrum
1521 2158 1553 2212 nd
1583 2157 1746 2210 habitandum
1776 2161 1804 2208 et

1026 2255 1144 2319 quicquid
1166 2257 1305 2320 petierant,
1332 2255 1450 2319 oppidum
1478 2255 1503 2304 in
1526 2255 1588 2305 eolie
1613 2255 1723 2318 quodam
1753 2269 1802 2304 non

1026 2352 1097 2414 longe
1107 2367 1122 2401 a
1134 2353 1195 2403 mari
1207 2353 1379 2415 condiderunt,
1403 2353 1444 2401 oui
1455 2350 1548 2400 barinii
1568 2363 1658 2400 nomen
1674 2350 1800 2414 imposue-

1025 2449 1092 2496 runt.
1125 2446 1172 2498 sed
1196 2460 1245 2495 non
1265 2444 1345 2495 multo
1373 2447 1430 2508 post
1450 2443 1553 2508 antiquo
1585 2443 1684 2495 nomine
1704 2448 1802 2493 mutato

1026 2558 1075 2595 una
1101 2558 1158 2595 oum
1182 2543 1352 2607 Aboriginibus
1374 2541 1406 2591 ab
1426 2541 1492 2592 iilius
1512 2540 1616 2605 regionis
1639 2553 1696 2603 rege
1722 2541 1801 2591 Latirri

1025 2642 1138 2708 appetisti
1160 2645 1224 2691 sunt.
1258 2643 1300 2703 Et,
1328 2640 1413 2690 relicto
1438 2637 1552 2699 Lavinio,
1578 2651 1626 2688 una
1652 2650 1709 2687 enm
1733 2637 1801 2688 indi-

1025 2741 1092 2801 genis
1126 2744 1244 2789 maiorem
1270 2736 1357 2787 urbem
1382 2738 1461 2787 muris
1497 2736 1601 2786 oinstam
1625 2733 1799 2795 condiderunt,

1024 2852 1098 2902 quam
1111 2837 1195 2890 elbon
1214 2835 1375 2900 appellebant.
1408 2838 1444 2885 Ex
1462 2849 1512 2898 qus
1534 2835 1642 2899 proiecti
1661 2835 1722 2884 alias
1735 2846 1800 2896 quo·

1023 2949 1073 2999 que
1086 2935 1177 2985 multas
1201 2934 1275 2984 urbes
1294 2932 1470 2993 condiderunt,
1490 2946 1547 2996 qum
1572 2908 1716 2988 >Prisoorum
1731 2931 1800 2982 Lati·

1024 3047 1111 3083 norum
1127 3036 1260 3093 rooantur;
1279 3043 1386 3093 quarum
1397 3030 1506 3080 maxima
1518 3043 1576 3093 pars
1585 3028 1616 3078 ad
1628 3040 1707 3078 meam
1720 3040 1801 3090 usque

1023 3133 1123 3181 atatem
1143 3128 1223 3178 adbuc
1235 3127 1400 3177 incolebatur.
1435 3125 1546 3185 Deinde,
1562 3125 1679 3176 aetatibus
1692 3138 1735 3174 xri
1744 3128 1801 3187 post

1024 3226 1096 3275 ilium
1110 3227 1209 3286 captum
1223 3223 1325 3286 elapsis,
1341 3222 1459 3272 coloniam
1475 3223 1595 3272 miserunt
1611 3221 1636 3271 in
1653 3220 1800 3272 Pollentiam

1023 3325 1050 3372 et
1062 3321 1208 3381 Saturniam,
1228 3320 1269 3369 ubi
1291 3319 1458 3383 Peloponnesii
1482 3321 1507 3368 et
1520 3319 1628 3368 Arcades
1646 3319 1738 3382 primns
1757 3331 1799 3368 se·

1023 3423 1066 3472 des
1088 3425 1232 3485 pmuerant,
1248 3422 1273 3469 et
1288 3419 1403 3469 extabant
1417 3418 1490 3468 etiarn
1512 3421 1564 3466 iurn
1574 3417 1686 3480 quaedam
1703 3416 1800 3480 generis

1023 3517 1116 3580 antiqui
1136 3517 1239 3581 vestigia
1261 3538 1267 3567 ι
1292 3517 1366 3579 atque
1389 3514 1445 3566 baec
1466 3517 1518 3565 ioca
1541 3515 1658 3584 lusoiunt,
1679 3514 1800 3564 Pelinniio

1023 3616 1103 3667 muris
1116 3615 1209 3676 cincto,
1223 3619 1252 3665 ut
1271 3619 1330 3664 iuno
1343 3613 1450 3677 primum
1465 3613 1533 3662 urbis
1546 3613 1651 3661 iorrnam
1668 3611 1798 3674 eueperil.

1024 3711 1134 3763 Conditus
1145 3716 1228 3764 antem
1233 3712 1289 3760 urbi
1295 3713 1378 3760 iionroe
1389 3723 1477 3760 nomen
1483 3710 1673 3773 irnptosuerunta
1684 3707 1797 3769 Romulo,

1023 3808 1095 3859 unius
1116 3809 1191 3859 ductu
1208 3808 1303 3858 colonia
1313 3808 1388 3857 missa
1405 3809 1500 3865 iuerat,
1524 3807 1566 3870 qui
1577 3819 1665 3870 genere
1679 3807 1710 3855 ab
1721 3808 1799 3856 AEnea

1023 3907 1135 3956 decimus
1159 3907 1278 3969 septimus
1298 3915 1360 3954 erat.
1392 3904 1454 3952 Volo
1475 3906 1559 3953 autem
1578 3906 1603 3952 et
1620 3903 1652 3953 de
1669 3904 1753 3953 AEnem
1774 3915 1799 3952 ιιι

1023 4004 1118 4053 ltaliam
1131 4001 1235 4051 adventu
1256 3999 1385 4063 (quoniam
1399 3999 1532 4063 scriptores
1552 4012 1611 4049 eum
1626 3997 1716 4062 partim
1728 3998 1796 4061 igno·

1023 4105 1123 4160 rerunt,
1138 4102 1226 4164 partim
1240 4099 1313 4149 etiarn
1322 4098 1419 4148 diverse
1435 4096 1467 4148 de
1476 4111 1506 4147 eo
1520 4097 1670 4159 retulerunt)
1691 4110 1740 4147 non
1751 4111 1794 4148 ne·

1021 4198 1145 4263 giegenter
1167 4212 1214 4248 nee
1229 4196 1308 4246 obiter
1332 4196 1461 4256 disserere,
1486 4198 1537 4244 tam
1559 4194 1701 4244 Graeoorum
1722 4206 1798 4257 quarn

1021 4299 1188 4346 Romanorum
1222 4294 1337 4345 historias
1366 4293 1414 4344 lide
1437 4294 1543 4343 maxima
1569 4293 1654 4356 dignas
1685 4298 1795 4343 secutus.

1022 4399 1084 4453 Qum
1102 4397 1186 4444 autem
1208 4394 1240 4443 de
1260 4405 1289 4441 eo
1305 4392 1446 4454 traduntur,
1467 4393 1522 4443 brec
1545 4396 1608 4442 sani.

1053 4493 1139 4542 liLi'i.
1157 4491 1201 4541 iiio
1211 4490 1242 4540 ab
1255 4489 1437 4553 ncnaeiseapto,
1447 4490 1498 4538 sive
1512 4489 1568 4551 oqui
1578 4487 1650 4552 lignei
1656 4484 1754 4547 fraude,
1768 4488 1798 4534 ut

1022 4579 1087 4629 canit
1110 4581 1244 4638 Homerus,
1268 4576 1320 4626 sire
1344 4576 1546 4627 Antenoridarum
1568 4575 1717 4639 proditione,
1744 4573 1797 4623 sive

1021 4671 1069 4721 aiio
1082 4670 1167 4728 modo,
1185 4669 1278 4731 reliqna
1289 4668 1388 4730 quidem
1399 4667 1532 4717 multitudo
1546 4669 1596 4716 torn
1610 4666 1701 4715 nivium
1714 4663 1797 4714 Troia·

1020 4770 1106 4807 norum
1122 4770 1196 4822 quam
1215 4757 1351 4818 sociorum,
1366 4770 1421 4820 qum
1434 4757 1458 4804 in
1471 4753 1531 4804 urbe
1544 4756 1608 4813 erat,
1631 4753 1656 4802 in
1675 4751 1796 4802 cubilibus

1020 4842 1262 4907 adbuodeprebensa
1280 4857 1345 4894 caesa
1361 4847 1407 4895 est.
1439 4846 1517 4893 Noetu
1534 4843 1597 4891 enim
1613 4843 1727 4904 ingruens
1740 4850 1795 4888 rne-
1833 4848 1835 4852 “

1020 4932 1071 4981 lum
1091 4945 1134 4981 eos
1159 4945 1188 4982 en
1210 4933 1343 4995 improviso
1361 4931 1511 4995 oppressisse
1537 4933 1726 4980 consentaneum
1746 4930 1794 4978 est.

1019 5021 1067 5071 Sed
1086 5023 1174 5071 AEnens
1191 5020 1316 5082 ceterique
1332 5020 1443 5081 Troiani,
1457 5019 1500 5082 qui
1518 5032 1549 5068 ex
1563 5018 1624 5069 urbe
1640 5014 1754 5066 Dardano
1770 5019 1796 5065 ot

1019 5108 1143 5181 ophrpnio
1162 5107 1194 5156 ed
1216 5118 1288 5171 opem
1318 5105 1447 5160 iliensibus
1467 5103 1591 5155 terendam
1616 5103 1794 5160 convenerant,
