3772 5828
655 402 948 477 ANTIQUITATUM
969 399 1115 462 ttoltart.
1138 398 1211 459 trs.
1235 398 1315 462 Vlll.

157 541 292 621 δήμαρχος
313 540 348 604 εἰς
376 536 421 597 τδν
451 537 530 616 ὅχλον
557 525 639 595 εἶπεν·
659 563 672 590 ε
688 536 769 597 Ἐπεί
789 535 874 595 τοίνυν
905 535 935 593 τὸ

158 661 170 683 «
186 631 231 709 μὲν
247 629 333 708 ἕτερον
349 631 396 698 τῆς
414 624 521 705 γνώμης
537 624 615 706 μέρος
630 626 786 706 ἀμφοτέροις
801 634 854 693 τοῖς
867 623 936 683 ὑπαί-

159 747 171 772 «
186 741 237 785 τοις
252 718 388 789 συνδοκεῖ,
402 714 433 774 τδ
448 714 469 775 δ’
485 713 573 794 ἕτερον
594 713 758 792 ἀντιλέγεται
782 713 845 795 πρὸς
862 713 936 771 θατέ-

160 832 172 857 c
187 828 247 886 ρον,
261 805 376 881 ἰσότιμοι
390 802 416 861 δὲ
432 800 593 880 ἀμφότεροι,
606 797 651 859 καί
664 800 714 880 οὐχ
726 790 780 859 οἶόν
794 823 822 859 τε
838 798 936 877 βιοίσα-

116 916 130 953 s
160 922 172 946 a
187 901 247 954 σθαι
264 892 364 974 θατέρῳ
376 892 420 951 τδν
437 889 543 971 ἕτερον,
566 887 580 947 δ
595 888 642 966 μὲν
660 888 761 948 δίδοται
771 887 837 970 παρ’
852 889 935 970 ἄμφο-

160 1011 173 1037 a
188 983 271 1064 τέρων
294 983 345 1054 ἤδη
363 979 501 1058 λαίύωμεν·
527 980 593 1058 ὑπὲρ
617 969 647 1036 οὗ
673 978 700 1037 δὲ
726 977 936 1059 ἀμφισίητοῶσιν

160 1100 173 1122 ιι
189 1070 393 1147 ἀναόαλώμεθα.
414 1096 427 1120 ν
443 1065 697 1144 Ἐπισημηναμένου
714 1066 741 1125 δὲ
761 1071 806 1126 τοῦ
824 1066 937 1138 πλήθους

159 1165 194 1226 ὡς
208 1159 241 1218 τδι
257 1161 384 1239 κράτιστα
399 1156 552 1236 ὑποθεμένῳ
567 1154 612 1214 καί
627 1154 768 1215 καταλύειν
784 1156 814 1214 ἐκ
833 1158 878 1212 τοῦ
895 1153 936 1213 νύ·

160 1270 210 1326 μου
225 1247 254 1306 τὸ
274 1253 363 1307 ποιοῶν
381 1243 552 1326 διχοστασίαν
569 1242 647 1323 μέρος
667 1242 813 1316 ἀξιοῦντος,
829 1243 934 1319 σἰπορῶν

107 1362 133 1399 ru
160 1336 208 1395 ὅτι
222 1338 273 1416 χρδΙ
287 1337 409 1418 προίττειν
426 1339 440 1394 θ
454 1335 583 1411 Κείσσιος,
600 1333 645 1392 καί
659 1331 719 1390 οὔτε
737 1331 878 1391 ἀναθέσθαι
888 1328 936 1401 τὴν

158 1426 266 1503 γνώμην
285 1424 490 1507 προαιρούμενος
511 1420 570 1480 οὔτε
594 1420 681 1497 μένειν
697 1421 741 1480 ἐπ’
756 1421 837 1493 αὐτῆς
861 1422 936 1479 οίντι·

159 1517 329 1593 πραττόντων
342 1520 394 1573 τῶν
409 1510 555 1590 δημάρχων
569 1511 731 1587 δυνοίμινος,
747 1510 805 1568 τότε
820 1508 868 1586 μέν
883 1507 935 1567 διέ·

159 1605 222 1662 λυσε
236 1603 283 1675 τὴν
299 1600 453 1677 ἐκκλησίαν,
469 1607 525 1664 ταῖς
540 1597 562 1653 δ’
583 1597 640 1670 ἑξῆς
660 1599 771 1677 ἡμέραις
786 1595 934 1677 ἀρρωστίαν

160 1690 350 1767 σκηπτόμενος,
365 1686 453 1747 οὐκέτι
465 1683 620 1744 κατέθαινεν
634 1688 670 1752 εἰς
680 1684 729 1757 τὴν
742 1685 852 1765 ἀγορὰν,
869 1682 937 1742 ιίλλδι

109 1799 133 1836 ιο
162 1777 300 1852 ὑπομένων
322 1776 393 1835 ἔνδον
409 1772 624 1854 ἐπραγματεύετο
646 1772 691 1854 βία
706 1771 752 1832 καί
768 1769 937 1853 χειροκρατίφι

161 1870 278 1944 κυρῶσαι
297 1864 341 1923 τὀν
367 1863 463 1940 νόμον·
485 1862 529 1920 καὶ
554 1860 738 1940 μετεπέμπετο
763 1859 882 1920 Λατίνων
908 1883 937 1919 τε

161 1958 207 2016 καὶ
220 1958 347 2037 Ἑρνίκων
362 1955 436 2023 ὅσους
451 1955 559 2015 ἐδύνατο
573 1953 709 2021 πλείστους
724 1953 767 2013 aa
782 1952 830 2026 τὴν
852 1954 937 2030 ψηφο·

160 2047 271 2128 φορίαν·
292 2049 314 2103 οί
331 2044 357 2102 δέ
375 2044 503 2122 συνῄεσαν
520 2040 624 2119 ἀθρόοι,
642 2038 687 2097 καί
700 2040 734 2096 δι’
753 2037 840 2114 ὀλίγου
854 2035 938 2107 μεστὴ

160 2137 236 2204 ξένων
255 2128 286 2206 ἦν
302 2140 317 2205 ἡ
334 2134 418 2199 πόλις.
465 2133 559 2190 ’ἰάῦτα
573 2127 705 2198 paldone
725 2123 876 2206 Οὐεργίνιος
887 2148 936 2195 κη-

107 2242 135 2281 au
163 2221 263 2300 ρύττειν
275 2219 398 2280 ἰκέλευσε
415 2218 484 2279 κατίι
498 2219 558 2286 τοὺς
580 2215 729 2285 στενωπούς
749 2218 854 2278 ἀπιέναι
881 2217 939 2284 τοὺς

161 2308 198 2380 μὴ
214 2316 400 2376 κατοικοῦντας
411 2311 438 2367 έν
448 2313 481 2388 τῇ
491 2309 582 2380 πόλει,
595 2305 689 2387 χρόνον
701 2307 790 2386 ὁρίσας
800 2307 829 2365 ού
842 2305 936 2367 πολύν.

160 2395 195 2457 Ὁ
210 2398 236 2456 δὲ
254 2399 369 2465 Κοίσσιος
384 2397 512 2457 τοίναντία
528 2397 649 2455 ἐκέλευσε
664 2396 801 2473 κηρύττειν
816 2395 938 2472 παραμέ·

160 2508 212 2544 νειν
227 2487 286 2553 τοὺς
310 2484 470 2565 μετέχοντας
494 2490 540 2556 τῆς
560 2484 750 2559 ἰσοπολιτείας,
770 2483 818 2550 ἕως
834 2482 866 2542 ἂν
882 2486 939 2542 ἐπι·

162 2579 267 2653 κυρωθῇ
282 2574 398 2651 ίνόμος.

106 2656 134 2717 ti
203 2664 336 2723 LXXIII.
358 2661 404 2729 Ὡς
419 2659 446 2720 δὲ
459 2661 532 2720 οὐδὲν
548 2659 647 2737 ἐγίνετο
657 2658 756 2741 πέρας,
772 2659 903 2728 δείσαντες
915 2663 938 2721 oi

161 2751 310 2829 πατρίκιοι,
333 2748 370 2826 μὴ
384 2751 479 2829 ψόφων
502 2771 529 2806 τε
556 2745 676 2829 ἁρπαγαί
698 2746 744 2805 καί
763 2751 859 2827 χειρῶν
878 2750 939 2808 ἐπι·

161 2837 238 2898 όολαί
253 2839 379 2915 γένωνται
401 2837 447 2896 καί
462 2837 531 2895 ἄλλα
543 2835 593 2896 ὅσα
608 2837 678 2916 φιλεῖ
693 2838 767 2914 βίαια
785 2834 938 2911 συμῶαίνειν

161 2930 188 2987 ἐν
211 2936 269 2995 ταῖς
290 2926 493 2996 στασιαζούσαις
514 2925 666 2998 ἐκκλησίαις
688 2924 871 3006 εἰσφερομένου
892 2932 938 2986 τοῦ

161 3018 258 3093 νόμου,
281 3018 407 3088 συνῆλθον
423 3018 459 3082 εἰς
479 3014 510 3073 τδ
524 3013 655 3091 συνέδριον
669 3015 705 3081 ῶς
722 3013 787 3094 ὑπὲρ
812 3013 937 3074 ἁπάντων

109 3116 136 3155 ³⁹
163 3105 232 3175 ἅπαξ
247 3105 457 3186 βουλευσόμενοι.
501 3102 612 3170 Ἄππιος
631 3102 678 3179 μὲν
693 3094 737 3161 σύν
755 3106 857 3181 πρῶτος
874 3105 937 3183 tpar-

162 3195 246 3267 τηθείς
271 3194 395 3272 γνώμην,
417 3195 464 3252 οὐκ
484 3190 526 3250 εἴα
551 3191 696 3271 συγχωρεῖν
723 3192 760 3272 τῷ
789 3189 866 3270 δήμῳ
889 3189 936 3263 τὴν

162 3282 289 3358 διανομὴν
302 3281 448 3351 διδάσκων,
468 3284 503 3346 ῶς
525 3279 641 3358 χαλεπὸς
664 3278 738 3337 ἔσται
752 3278 798 3336 καί
813 3280 937 3338 ἀλυσιτε·

162 3351 216 3442 λὴέ
224 3371 339 3435 σύνοικος
357 3369 434 3449 ὄχλος
452 3367 530 3447 οἰργδς
543 3367 651 3434 ἐθισθεὶς
676 3366 711 3425 τίι
737 3367 853 3441 δημόσια
876 3369 936 3447 λιχ·

164 3458 244 3517 νεύειν
257 3458 303 3516 καί
317 3457 388 3516 οὐδέν
412 3457 484 3515 ἐάσει
497 3456 561 3515 ποτί
582 3460 635 3514 τῶν
647 3460 740 3515 κοινῶν
755 3454 815 3516 ούτε
830 3457 938 3534 κτημοί-

109 3555 138 3594 35
165 3570 217 3603 των
237 3546 296 3604 οὔτε
316 3545 460 3624 χρημάτων
481 3545 520 3602 έτι
539 3546 624 3604 κοινὸν
643 3546 744 3620 μένειν·
767 3545 893 3628 αἰσχύνης
910 3570 940 3606 τε

166 3634 234 3701 ἄξιον
247 3643 359 3713 πρᾶγμα
372 3624 437 3693 εἶναι
450 3632 550 3710 λέγων,
567 3636 590 3692 εἰ
604 3635 723 3695 Κασσίου
735 3642 941 3716 κατηγοροῦντες

165 3726 200 3787 ώς
209 3721 312 3801 πονηρίι
321 3723 365 3780 καί
379 3720 519 3801 ἀσύμφορα
531 3721 732 3800 πολιτευομένου
743 3724 789 3782 καί
802 3724 846 3783 τὸν
857 3727 940 3801 δῆμον

165 3810 370 3891 διαφθείροντος,
386 3808 476 3869 έπειτιι
488 3809 559 3868 αὐτοὶ
574 3814 649 3887 κοινῇ
668 3812 762 3892 γνώμῃ
779 3820 862 3872 ταῦτα
881 3817 940 3873 ἔπι·

165 3899 326 3980 κυρώσουσιν
337 3902 373 3967 ὡς
392 3900 480 3957 δίκαια
498 3899 542 3958 καί
567 3899 748 3982 συμφέροντα·
774 3894 939 3981 ἐνθυμεῖσθαί

110 3999 136 4037 t⁰
166 4013 195 4047 τε
214 3988 306 4054 αὐτοὺς
321 3987 412 4058 ἀξιῶν,
427 3991 461 4053 ῶς
472 3987 524 4046 οὐδ’
538 3992 555 4059 ἡ
570 3988 648 4069 χοίρις
666 3994 683 4061 ἡ
706 3989 780 4069 παρδι
793 3995 844 4050 τῶν
859 3991 939 4063 πενή-

164 4100 231 4149 των,
254 4077 276 4133 εί
298 4074 331 4134 τδι
355 4073 428 4134 κοινδι
447 4074 644 4150 διανείμαιντο,
672 4086 724 4144 τοῖς
750 4079 939 4159 συγχωρήσασι

163 4164 208 4223 καί
226 4161 461 4245 ἐπιψηφισαμένοις
480 4162 604 4244 ύποίρξει,
619 4163 680 4223 ἀλλ’
705 4165 744 4224 ένί
757 4170 795 4246 τῷ
819 4169 939 4245 προθέντι

162 4254 210 4324 τὴν
225 4253 332 4332 γνώμην
355 4251 467 4332 Κασσίῳ
489 4252 535 4313 καί
562 4252 664 4323 δόξαντι
690 4256 871 4334 ἠναγκακέναι
891 4255 938 4329 τὴν

164 4344 259 4420 βουλὴν
282 4349 398 4407 ἄκουσαν
425 4345 597 4422 ἐπικυρῶσαι.
652 4344 792 4425 Προειπών
808 4345 839 4418 δὴ
855 4351 938 4405 ταῦτα

110 4453 136 4489 ιο
163 4433 207 4491 καὶ
229 4432 403 4511 παραπλήσια
419 4430 518 4501 τούτοις
532 4432 624 4514 έτιρα,
644 4434 771 4494 τελευτῶν
785 4435 849 4494 τοίδε
863 4457 940 4495 συνι-

163 4522 417 4603 castrametemur<
430 4526 459 4584 ix
468 4525 520 4583 τῶν
534 4523 710 4601 ἰντιμοτοίτων
725 4527 871 4604 βουλευτῶν
881 4525 940 4585 ἑλέ-

164 4613 224 4667 σθαι
240 4610 326 4689 [δέιια]
339 4609 429 4680 οἵτινες
444 4611 593 4679 ἐπελθόντες
609 4611 658 4682 τὴν
671 4613 799 4688 δημοσίαν
810 4617 859 4691 γῆν
875 4615 939 4693 dpe-

164 4701 259 4777 ριοῦσι,
273 4698 318 4754 καί
333 4697 356 4756 εἰ
368 4721 429 4757 τινα
445 4699 471 4768 i}
483 4700 564 4772 αὐτῆς
580 4699 736 4767 κλέπτοντες
755 4701 773 4773 ἢ
790 4700 940 4781 βιαζόμενοί

163 4808 230 4852 τινες
248 4788 350 4845 ἰδιῶται
366 4788 559 4861 κατανέμουσιν
580 4788 598 4860 ἢ
617 4789 807 4869 ἐπεργάζονται
822 4791 938 4868 διαγνύν·

110 4891 137 4930 σο
163 4899 205 4944 τες
226 4873 391 4935 ἀποδώσουσι
411 4881 450 4959 τῷ
464 4876 597 4959 δημοσίῳ*
612 4877 661 4950 τὴν
677 4877 705 4938 δί
720 4884 868 4956 ὁρισθεῖσαν
888 4881 939 4941 ὑπὸ

164 4966 269 5024 ἐκείνων
283 4967 333 5043 γῆν
350 4966 522 5046 διαιρεθεῖσαν
544 4971 581 5036 εἰς
600 4967 712 5048 κλήρους
728 4966 804 5034 δσους
818 4966 850 5038 δή
867 4991 939 5035 τινας

163 5057 207 5113 καί
222 5053 331 5125 στήλαις
345 5054 481 5133 εὐκόσμοις
502 5056 708 5137 διαγραφεῖσαν,
728 5054 777 5124 τὴν
791 5054 838 5133 μίν
854 5058 941 5132 sinap-

163 5145 311 5217 ποληθῆναι
323 5142 452 5222 παρῄνει,
474 5143 520 5201 καί
534 5146 652 5222 μάλιστα
670 5145 732 5223 περί
748 5136 778 5216 i<
791 5143 939 5223 ἀμφίλογόν

165 5252 191 5290 τι
200 5230 264 5312 πρὸς
279 5231 385 5299 ἰδιώτας
396 5221 444 5309 ἦν,
459 5230 526 5291 ὥστε
536 5240 590 5301 τοῖς
600 5232 779 5311 ὠνησαμένοις
792 5223 861 5293 εἰναι
876 5234 940 5313 πρὸς

1708 395 1767 456 503

995 561 1007 583 ν
1020 540 1124 598 Ιιοιιοιε,
1141 554 1187 589 nec
1196 539 1260 589 alter
1269 539 1378 590 alterum
1390 537 1468 603 possit
1479 550 1525 602 per
1534 535 1587 586 rim
1595 548 1690 599 cogere,
1703 537 1770 599 quod

995 664 1007 688 α
1020 643 1051 694 ab
1059 648 1167 707 utroque
1180 642 1251 692 nobis
1261 641 1415 699 conceditur,
1429 641 1478 689 iarn
1493 637 1653 702 accipiamus,
1665 636 1691 687 ld
1701 650 1769 698 reru,

993 770 1006 793 ι
1018 749 1050 800 dc
1063 763 1114 814 quo
1123 748 1260 812 ambigunt,
1272 748 1297 797 iu
1310 747 1377 797 aliud
1387 749 1485 811 tempus
1496 742 1651 794 dilleraruus.
1669 763 1681 788 ν
1695 743 1770 794 Plebs

992 860 1077 907 autem
1091 856 1113 908 ei
1129 860 1158 906 ut
1172 856 1265 920 optime
1280 852 1390 904 monenti
1405 852 1561 901 acclamante
1571 853 1596 900 et
1612 847 1770 914 postulante,

993 968 1164 1019 attolleretur
1181 981 1213 1017 ert
1234 967 1287 1030 lege
1308 978 1366 1030 pars
1379 976 1408 1013 ea
1426 975 1484 1027 quae
1505 963 1606 1025 pareret
1625 958 1771 1021 dissidium,

992 1074 1104 1133 cassius,
1117 1073 1213 1124 consilii
1226 1072 1298 1135 inops
1307 1084 1386 1135 quum
1397 1081 1443 1119 nec
1454 1068 1603 1118 sententiam
1613 1070 1712 1117 mutare
1722 1064 1772 1115 vel·

994 1176 1041 1238 tet,
1056 1194 1102 1231 nec
1122 1179 1147 1230 ia
1160 1193 1190 1229 ea
1210 1176 1317 1228 tribunis
1333 1174 1542 1225 intercedentibus
1559 1187 1703 1238 permanere
1714 1185 1773 1237 pos·

993 1295 1039 1355 set,
1054 1294 1112 1340 tunc
1134 1287 1236 1352 quidam
1249 1285 1393 1337 concionem
1413 1282 1508 1332 dimisit
1520 1298 1526 1327 :
1538 1282 1626 1340 diebus
1637 1296 1695 1333 vcro
1709 1280 1773 1331 inso-

992 1396 1128 1465 queutibus
1145 1393 1315 1444 intinuitatem
1329 1389 1458 1448 simulans,
1475 1404 1525 1438 nou
1537 1389 1643 1454 amplius
1656 1387 1772 1440 veniebat

993 1505 1019 1555 iu
1032 1502 1130 1562 torum,
1141 1499 1185 1551 scd
1199 1499 1266 1549 domi
1280 1511 1307 1548 se
1319 1496 1447 1547 continens
1461 1494 1488 1545 id
1501 1495 1606 1558 agebat,
1626 1499 1654 1544 ut
1665 1510 1709 1560 per
1721 1494 1772 1545 rim

993 1608 1073 1672 legem
1084 1602 1221 1670 perterret;
1240 1607 1267 1652 et
1277 1603 1379 1652 latinos
1394 1606 1420 1652 et
1438 1600 1557 1651 Hernicos
1569 1614 1645 1664 quam
1654 1600 1774 1664 plurimos

992 1714 1090 1777 poterat
1110 1708 1141 1758 ad
1164 1707 1284 1770 sutfragia
1304 1706 1455 1757 accersebat.
1491 1707 1528 1756 llli
1550 1720 1609 1757 vero
1630 1705 1775 1771 frequentes

997 1817 1172 1872 conuenerunt,
1188 1818 1213 1862 et
1223 1812 1293 1861 brevi
1309 1816 1361 1861 tota
1379 1808 1439 1860 urbs
1453 1811 1596 1876 hospitibus
1606 1813 1700 1876 repleta
1711 1814 1774 1862 erat.

995 1919 1139 1986 Virginius,
1161 1917 1201 1969 bis
1219 1915 1338 1980 cognitis,
1351 1929 1479 1980 praecones
1500 1929 1545 1979 per
1557 1916 1665 1980 compita
1678 1916 1774 1966 edicere

996 2025 1081 2086 iussit,
1101 2025 1131 2074 ut
1140 2035 1227 2072 omues
1237 2059 1243 2083 ,
1254 2020 1346 2085 quibus
1362 2019 1387 2068 in
1404 2020 1465 2070 urbe
1476 2034 1524 2069 uon
1534 2024 1599 2069 esset
1611 2019 1773 2079 domicilium,

996 2126 1164 2187 excederent,
1186 2137 1235 2174 nou
1263 2136 1353 2187 magno
1375 2121 1495 2185 temporis
1520 2120 1600 2185 spatio
1623 2119 1773 2185 praestituto.

996 2234 1097 2285 Cassius
1112 2246 1171 2283 vero
1185 2230 1337 2281 eontrarium
1357 2228 1421 2280 edici
1439 2229 1519 2283 iussit,
1542 2232 1571 2278 ut
1594 2227 1638 2292 qui
1651 2227 1773 2278 baberent

996 2339 1157 2390 lascivitatis
1169 2339 1354 2403 pemrancreut,
1371 2335 1498 2386 donecler
1514 2340 1579 2386 esset
1599 2336 1702 2401 perlata.

1027 2675 1136 2725 sxrttu.
1150 2672 1200 2727 sed
1209 2686 1289 2737 ιγιιιιιιι
1296 2671 1470 2722 contentionis
1480 2669 1565 2720 nullus
1573 2669 1629 2719 trnis
1639 2669 1717 2727 tieret,
1732 2682 1777 2720 re·

995 2763 1037 2813 riti
1064 2766 1163 2826 patres,
1192 2774 1224 2810 ne
1248 2774 1288 2809 res
1309 2758 1341 2809 ad
1361 2759 1509 2809 tabellarum
1528 2761 1615 2821 raptus
1642 2760 1667 2808 et
1688 2771 1777 2809 manus

997 2853 1090 2902 veniret
1101 2867 1109 2912 ς
1121 2863 1185 2900 nere
1197 2852 1280 2900 cetera
1293 2849 1396 2909 tierent,
1409 2861 1468 2912 quae
1483 2848 1509 2898 iu
1519 2846 1646 2896 seditiosis
1659 2847 1776 2912 comitiis,

995 2939 1112 2991 dum—lex
1130 2952 1173 3003 per
1186 2937 1238 2987 rim
1251 2936 1339 2997 terim,
1362 2935 1474 2988 accidere
1494 2934 1590 2995 solent,
1608 2941 1777 2987 convenerunt

997 3030 1021 3080 in
1042 3028 1152 3087 curiam,
1173 3026 1205 3077 de
1224 3025 1340 3077 omnibus
1362 3024 1431 3075 bisce
1452 3023 1529 3075 rebus
1548 3024 1624 3074 semel
1642 3024 1775 3076 decreturi.

997 3116 1089 3181 Appius
1121 3115 1216 3180 primus
1247 3116 1348 3178 rogatus
1374 3113 1522 3163 senteutiam
1561 3126 1609 3162 non
1637 3112 1778 3176 patiebatur

997 3223 1084 3274 agrum
1107 3207 1173 3272 plebi
1188 3206 1285 3268 dividi,
1306 3205 1412 3265 amens,
1429 3204 1564 3254 molestum
1580 3207 1607 3254 et
1623 3202 1711 3254 inutile
1725 3204 1778 3254 tore

997 3298 1085 3361 vulgus
1097 3295 1249 3360 inquilinum
1259 3295 1312 3344 ulio
1321 3296 1348 3344 et
1359 3292 1528 3357 abligurieudo
1544 3292 1644 3357 publico
1656 3294 1778 3344 assuetae·

995 3388 1064 3444 tum,
1083 3387 1109 3434 ct
1118 3383 1180 3434 nibil
1191 3397 1304 3446 uuquam
1320 3396 1351 3432 en
1365 3381 1470 3445 publicis
1487 3381 1526 3431 rel
1538 3380 1639 3445 praediis
1651 3381 1690 3432 rel
1700 3395 1776 3446 pecu·

996 3473 1044 3523 uiis
1058 3485 1189 3522 commuue
1201 3484 1257 3520 esse
1272 3470 1381 3534 amplius
1397 3482 1529 3533 passurum
1550 3483 1557 3515 ι
1576 3483 1629 3519 rem
1643 3469 1716 3520 valde
1728 3456 1790 3533 pu-¹

996 3560 1104 3612 dendam
1121 3572 1176 3610 esse
1194 3559 1292 3618 dicens,
1306 3558 1327 3607 si
1341 3556 1471 3619 Cassium,
1488 3560 1518 3606 ut
1536 3556 1632 3605 maliet
1646 3555 1777 3620 perniciosi

997 3649 1105 3701 instituti
1129 3649 1257 3698 auctorem
1270 3649 1296 3696 et
1308 3645 1387 3711 plebis
1404 3646 1589 3709 corruptorem,
1614 3649 1773 3707 accusarent,

996 3742 1022 3789 et
1036 3740 1119 3788 tamen
1131 3735 1177 3801 ipsi
1190 3735 1277 3786 eadem
1295 3739 1324 3786 ut
1344 3748 1385 3785 res
1402 3733 1482 3784 iustas
1500 3735 1527 3784 et
1540 3732 1632 3795 utiles,
1649 3735 1777 3784 cummuni

996 3840 1117 3879 consensu
1130 3826 1252 3878 sancirent
1266 3844 1272 3875 :
1284 3838 1423 3890 rogansque
1432 3837 1475 3874 eos
1482 3861 1492 3887 ,
1505 3827 1533 3874 ut
1546 3823 1698 3888 cogitarent,
1712 3838 1776 3888 pau-

997 3928 1067 3979 peres
1081 3915 1116 3977 (si
1126 3914 1224 3979 publica
1233 3912 1411 3972 dividerentur)
1423 3924 1471 3960 nou
1480 3910 1511 3961 iis
1520 3909 1625 3974 gratiam
1636 3908 1774 3973 babituros,

996 4003 1077 4069 quiid
1087 4004 1265 4056 concessissent
1279 4004 1355 4067 atque
1367 4000 1420 4051 suis
1434 3999 1559 4063 suttragils
1573 3997 1774 4059 coutirruasseut3

996 4093 1040 4144 sed
1051 4093 1153 4153 Cassio,
1168 4093 1213 4158 qui
1229 4091 1284 4143 eius
1298 4088 1428 4141 sententia
1442 4090 1530 4138 auctor
1550 4085 1654 4146 fuisset,
1666 4089 1692 4137 et
1704 4100 1776 4138 sena-

996 4184 1049 4232 tum
1074 4180 1182 4232 inritum
1199 4178 1232 4231 ad
1251 4180 1277 4230 id
1303 4177 1486 4231 decernendum
1508 4176 1618 4241 coegisse
1637 4176 1775 4230 rideretur.

995 4270 1140 4334 llaecigitur
1156 4273 1182 4320 et
1192 4270 1240 4319 alia
1258 4269 1298 4320 bis
1310 4268 1399 4319 similia
1420 4267 1553 4331 praetatus,
1573 4267 1701 4330 postremo
1714 4279 1774 4315 sua·

996 4359 1030 4410 sit
1041 4363 1072 4410 ut
1092 4373 1123 4409 ex
1139 4358 1296 4409 senatoribus
1316 4356 1501 4407 honoratissimi
1512 4354 1607 4420 quique
1618 4355 1774 4418 eligerentur,

995 4448 1040 4514 qui
1051 4461 1139 4513 agrum
1159 4446 1287 4511 publicum
1302 4445 1462 4495 circumirent
1480 4448 1506 4495 et
1520 4443 1697 4504 terminarent;
1713 4445 1739 4492 ct
1754 4444 1776 4493 si

994 4550 1071 4601 quam
1082 4537 1136 4587 cius
1147 4539 1243 4599 partem
1256 4535 1359 4591 furtim,
1374 4536 1418 4583 aut
1430 4546 1474 4597 per
1490 4532 1556 4591 rim,
1572 4532 1650 4596 aliqui
1663 4531 1775 4582 domines

994 4624 1084 4690 privati
1099 4624 1262 4690 deposcerent
1275 4627 1319 4674 aut
1332 4622 1455 4681 colerent,
1477 4636 1506 4672 ea
1517 4621 1549 4671 de
1559 4635 1586 4672 re
1599 4621 1774 4683 cognoscerent

994 4720 1072 4782 atque
1092 4728 1164 4780 agros
1185 4713 1329 4776 reipublice
1345 4711 1486 4762 redderent.
1522 4710 1608 4760 suasit
1629 4709 1719 4765 etiam,
1745 4709 1774 4754 ut

994 4820 1080 4870 agrurn
1103 4805 1134 4854 ab
1152 4803 1200 4854 illis
1216 4802 1375 4851 tenninatum
1391 4800 1532 4849 dividerent
1550 4799 1575 4848 in
1595 4794 1686 4846 lundras
1700 4797 1773 4854 quot·

993 4907 1091 4957 cunque
1105 4897 1131 4944 et
1146 4892 1258 4944 terminis
1278 4890 1397 4954 speciosis
1415 4888 1608 4951 distinguerent,
1624 4887 1699 4942 atque
1713 4879 1772 4930 tun·

993 4982 1082 5033 dorum
1096 4983 1191 5046 partem
1213 4980 1365 5040 venderent,
1383 4978 1507 5041 praecipue
1523 4987 1582 5022 cero
1593 4983 1662 5029 eam,
1677 4967 1708 5018 de
1722 4983 1771 5032 qua

996 5085 1052 5120 cum
1072 5069 1176 5134 privatis
1192 5071 1272 5132 aliqua
1286 5071 1341 5118 crat
1364 5061 1546 5120 controversia,
1562 5059 1597 5108 ita
1616 5062 1644 5108 ut
1664 5063 1772 5110 emtores

993 5158 1116 5207 actionem
1129 5155 1248 5206 haberent
1264 5157 1349 5205 contra
1367 5165 1426 5209 eos,
1440 5149 1484 5213 qui
1505 5146 1553 5196 sibi
1572 5146 1626 5195 illos
1640 5146 1772 5196 vendicare

996 5244 1102 5305 νείιειιις
1122 5248 1218 5308 partem
1236 5258 1296 5295 cero
1315 5241 1435 5303 reliquum
1455 5239 1482 5288 in
1493 5236 1692 5303 quinquennium
1704 5236 1773 5305 loca·
