3772 5828
78 338 83 348 ’
161 317 219 375 452

164 468 179 501 u
192 444 293 518 μᾶλλον
305 447 352 514 τῆς
361 445 440 515 τιμῆς
451 485 459 514 ,
472 431 490 517 ᾖ
505 463 537 511 με
550 448 664 516 τιμᾶτε,
678 439 751 497 οὐθὲν
764 435 823 495 οὔτε
841 459 935 511 μνησι-

163 533 353 604 ακακήσαντες
379 529 438 589 οὔτε
470 528 703 606 ὑπολογισάμενοι,
734 515 770 583 ῶν
797 525 840 582 ὑπ’
868 523 932 599 ίμοῦ

161 645 177 682 ιι
191 622 316 700 πρότερον
332 617 443 677 ίπάθετε
458 614 529 674 κατδι
543 614 603 680 τοὺς
618 610 757 687 πολέμους.

199 711 263 769 Vll.
286 729 300 763 ιι
319 704 393 784 Φέρε
411 706 442 773 δὴ
455 748 464 775 ,
478 702 517 769 τίς
530 702 563 760 διν
583 700 638 772 ιίην
657 701 740 778 ἀνὴρ,
763 702 785 758 sl
801 699 875 771 δόξης
887 699 933 759 καὶ

122 821 136 860 s
163 819 178 857 ιι
191 799 293 872 τιμῶν,
313 785 350 853 ῶν
363 791 481 871 προσῆκέ
504 814 548 866 μοι
570 788 643 868 παρδι
655 796 708 854 τοῖς
723 791 838 865 ἐμαυτοῦ
857 789 933 847 πολί·

160 908 177 946 ‹
191 910 249 953 ταις
258 884 394 964 τυγχάνειν
405 928 414 960 ,
424 880 476 955 θπδ
487 883 537 938 τῶν
547 868 576 938 εὖ
590 875 726 937 παθόντων
735 878 909 956 ἀποοτερηθελ
914 901 935 952 ς,

162 999 175 1032 ε
192 975 256 1055 πρὸς
277 972 304 1030 δὲ
318 969 417 1037 τούτοις
435 967 560 1047 πατρίδος
583 989 611 1026 τε
636 966 680 1025 καλ
699 964 770 1024 οἴκου
784 965 830 1024 καὶ
852 965 933 1046 ριλων

165 1089 179 1121 ιι
193 1063 238 1124 καί
262 1064 326 1120 θεῶν
348 1056 479 1138 πατρῴων
514 1056 560 1116 καὶ
584 1056 673 1134 τάρων
701 1057 864 1133 προγονικῶν
888 1054 934 1113 καλ

165 1174 178 1208 ιι
192 1150 287 1216 παντὸς
314 1148 394 1207 άλλου
420 1144 560 1212 ἀπελαθεὶς
586 1145 699 1222 ἀγαθοῦ,
721 1140 786 1221 παρ’
810 1144 885 1218 ὑμῶν
907 1141 935 1202 δὲ

108 1246 133 1286 ¹⁰
164 1264 179 1299 ιι
193 1241 297 1299 ἅπαντα
310 1240 395 1295 ταῦτα
407 1233 500 1313 εὑρὼν,
512 1222 550 1299 οἷς
565 1230 671 1290 ίκείνων
682 1228 761 1311 χάριν
776 1229 933 1306 ίπολέμουν,

164 1353 178 1388 ιι
193 1332 216 1388 εἰ
236 1326 273 1405 μὴ
289 1325 413 1404 γενοίμην
428 1321 544 1405 χαλεπός
561 1319 609 1396 μὲν
630 1311 667 1386 οἷς
689 1318 747 1378 ἀντὶ
764 1321 877 1380 πολιτῶν
890 1321 935 1399 ἐχ-

164 1423 260 1495 ιιθροῖς
275 1415 429 1493 κέχρημαι,
448 1410 562 1490 χρηστὸς
579 1409 606 1468 δέ
620 1399 658 1476 οἷς
668 1408 727 1468 ἀντὶ
742 1408 876 1486 πολεμίοιν
891 1408 934 1488 ρί-

164 1508 264 1578 ιιλοις;
281 1503 340 1561 ἀλλ’
355 1501 432 1579 ἔγωγ’
448 1500 501 1558 οὐδ’
518 1501 545 1557 tu
559 1495 651 1577 ἀνδρὸς
674 1497 754 1578 μοίρᾳ
773 1498 865 1574 θείμην
879 1495 933 1575 διν,

165 1616 179 1651 ιι
194 1594 264 1660 ὅστις
278 1590 345 1668 μήτε
367 1589 398 1647 τδ
422 1590 553 1664 πολεμοῦν
575 1587 608 1647 δι’
624 1589 704 1667 ὀργῆς
721 1585 793 1665 ίχει,
816 1585 884 1662 μήτε
905 1587 936 1647 τδ

107 1696 132 1734 to
162 1707 177 1737 ιι
193 1685 275 1750 σῶζον
287 1679 379 1738 ἑαυτὸν
395 1678 427 1735 δι’
445 1676 554 1743 εὐνοίας.
593 1677 716 1753 Πατρίδα
730 1697 760 1734 τε
776 1679 893 1753 ἡγοῦμαι
905 1677 935 1735 οὗ

164 1791 180 1826 ιι
192 1768 240 1840 τὴν
256 1763 480 1844 ἀπαρνησαμένην
501 1787 536 1841 με
549 1763 644 1835 πόλιν,
664 1763 722 1822 ἀλλ’
744 1755 775 1835 ἧς
800 1763 935 1842 ἀλλότριος

164 1879 179 1911 ιι
195 1855 231 1914 ῶν
247 1855 354 1925 πολίτης
372 1852 402 1932 γε’
420 1873 481 1911 ονα·
493 1855 542 1929 γῆν
556 1874 583 1910 τε
604 1853 651 1911 οὐκ
666 1853 693 1911 έν
713 1842 732 1931 ᾖ
747 1852 878 1926 ἠδίκημαι
893 1851 933 1931 pl·

162 1966 177 1998 ε
191 1946 256 2015 λην,
273 1944 333 2000 ἀλλ’
356 1943 383 1999 ἀν
395 1878 419 2018 ό
427 1940 457 2000 τὸ
474 1937 589 2019 ἀσραλδς
603 1939 669 2019 έχω.
724 1940 778 1999 Καὶ
790 1939 821 1997 ἃν
837 1938 892 2004 θεός
904 1963 934 1999 τε

160 2057 176 2089 ιι
192 2030 385 2111 συλλαμόάνῃ,
400 2027 446 2087 καλ
460 2028 492 2086 εδι
509 2027 623 2108 ὑμέτερα
639 2032 675 2095 ὡς
688 2028 756 2093 εἰκός
770 2026 892 2107 πρόθυμα
905 2019 933 2107 ᾖ,

107 2142 134 2180 ου
164 2143 179 2178 u
194 2121 312 2196 μεγάλην
322 2119 368 2176 καὶ
377 2121 487 2196 ταχεῖαν
499 2117 596 2187 ἐλπίζω
605 2117 760 2196 γενήσεσθαι
771 2117 932 2195 μεταόολήν.

164 2232 179 2266 ιι
194 2197 234 2267 Et
248 2207 299 2285 γὰρ
313 2205 384 2277 ἴστε,
406 2205 446 2264 ὅτι
466 2208 570 2266 πολλῶν
584 2207 635 2280 ἤδη
657 2207 780 2281 πολέμων
799 2204 934 2286 πειραθέν·

165 2321 179 2354 ιι
194 2320 236 2362 τες
249 2294 381 2371 Ῥωμαῖοι
403 2295 509 2363 οὐδένας
528 2297 629 2373 μᾶλλον
647 2297 748 2353 ἔδεισαν
763 2297 855 2370 ὑμῶν,
877 2294 936 2356 ούδέ

164 2386 264 2444 utores
280 2384 320 2464 ἀρ’
341 2373 364 2463 ᾧ
385 2385 485 2462 μᾶλλον
508 2382 694 2453 σπουδάζοντες
718 2385 892 2459 διατελοῦσιν,
916 2381 934 2456 ἣ

162 2497 177 2528 ι
192 2472 264 2540 ὅπως
275 2474 306 2533 τὸ
319 2471 446 2551 ὑμέτερον
457 2472 528 2540 ἔθνος
543 2471 647 2540 ἀσθενδς
668 2472 843 2543 ἀποδείξωσι.
879 2474 934 2535 Καὶ

130 2598 134 2606 ·
164 2586 179 2622 ιι
195 2562 238 2623 δεδι
254 2569 330 2623 τοῦτο
343 2561 389 2628 τάς
412 2562 459 2638 μὲν
481 2560 592 2641 πολέμῳ
611 2561 734 2628 λαθόντες
756 2565 830 2637 ὑμῶν
844 2562 934 2643 έχουσι

162 2676 178 2709 ε
191 2650 299 2719 πόλεις,
314 2651 362 2715 τδτ
376 2648 404 2708 δέ
418 2642 505 2730 ριλίας
518 2650 604 2711 ἐλπίδι
615 2651 876 2730 παρακρουσάμενοι,
890 2646 934 2709 ἵνα

164 2762 178 2797 ιι
192 2740 230 2816 μὴ
244 2738 302 2796 καθ’
326 2738 353 2797 έν
376 2736 489 2804 ἅπαντας
515 2736 650 2816 γενόμενοι
675 2737 760 2797 κοινόν
784 2736 933 2816 ίξενέγκητε

163 2826 250 2886 «κατ’
276 2825 508 2901 αιἰτῶκπόλεμον.
553 2824 618 2885 Ἐάν
645 2813 689 2883 ούν
714 2824 841 2884 τάναντία
862 2827 935 2903 ὑμεῖς

163 2911 463 2995 εάντιριλοτιμούμενοι
489 2914 641 2985 διατελῆτε,
668 2919 714 2971 καί
738 2916 801 2990 μίαν
822 2913 935 2982 ἅπαντες

108 3019 134 3059 so
160 3025 175 3060 ε
190 3003 269 3084 ῖχητε
284 3002 345 3083 περὶ
356 3007 402 3062 τοῦ
413 3000 531 3077 πολέμου
548 3001 671 3077 γνώμην,
689 3001 703 3058 θ
717 3010 815 3060 ποιεῖτε
827 3005 933 3084 νῦν,ρρ·

162 3121 174 3144 ιι
192 3094 252 3159 δίως
262 3094 348 3150 αὐτῶν
360 3092 390 3150 τὸ
403 3089 498 3169 κράτος
510 3088 636 3146 παύσετε.

198 3181 277 3241 Vlll.
300 3206 312 3229 ιι
324 3175 372 3232 Ὃν
384 3177 410 3236 δέ
429 3177 524 3256 τρόπον
547 3179 697 3256 ἀγωνιεῖσθε
722 3177 840 3246 καὶπῶς
862 3179 934 3259 χρή-

162 3274 267 3329 σαισθε
286 3272 339 3333 τοῖς
356 3266 528 3346 πράγμασιν,
548 3264 638 3338 ἐπειδὴ
654 3265 761 3345 γνώμην
779 3266 881 3336 ἀξιοῦτέ
901 3294 933 3345 με

163 3381 176 3412 ιι
191 3358 385 3436 ἀπορήνασθαι,
402 3355 449 3414 εἶτ’
463 3357 601 3435 ἐμπειρίαν
617 3379 661 3433 μοι
674 3363 867 3437 μαρτυροῦντες
883 3359 934 3417 εἶτε

109 3502 113 3514 ,
163 3469 178 3503 ιι
192 3445 308 3523 εὔνοιαν,
322 3448 374 3504 εἴτε
391 3444 436 3502 καὶ
456 3445 608 3557 ἀμφότερα,
626 3446 719 3526 φράσω
734 3447 780 3505 καὶ
800 3451 847 3505 οὐκ
872 3449 936 3506 ἀπο·

164 3556 177 3590 ιι
191 3533 335 3615 κρύψυμαι.
353 3535 463 3611 Πρῶτον
482 3533 531 3607 μὲν
542 3556 586 3591 ουν
600 3534 660 3609 ύμῖν
677 3537 800 3614 παραινῶ
813 3536 933 3608 σκοπεῖν,

163 3646 177 3678 ιι
193 3619 262 3687 όπως
277 3619 373 3691 εύσεόῆ
394 3621 440 3679 καὶ
463 3621 565 3681 δικαίαν
586 3621 727 3692 ποιήσεσθε
747 3627 792 3681 τοῦ
818 3624 934 3701 πολέμου

160 3736 175 3764 ιι
192 3710 330 3790 πρόρασιν.
347 3708 468 3780 Εὐσεόὴς
478 3707 506 3768 δέ
517 3710 562 3767 καὶ
573 3711 662 3769 δικαία
677 3716 722 3770 τοῦ
738 3711 856 3788 πολέμου
869 3713 935 3792 πρό-

164 3823 177 3855 ιι
192 3798 338 3877 ρασιςῆτις
357 3798 389 3856 ἂν
404 3796 503 3875 γένοιτο
524 3796 571 3856 καλ
594 3797 651 3874 άμα
672 3798 842 3881 συμφέρουσα
858 3802 935 3877 ὑμῖν,

109 3920 136 3958 ,υ
163 3909 177 3942 ιι
191 3885 320 3944 ἀκούσατέ
335 3910 394 3962 μου.
437 3884 582 3962 Ῥωμαίοις
597 3890 614 3957 ἡ
629 3886 677 3963 μέν
692 3887 719 3955 ἐξ
740 3889 824 3966 ἀρχῆς
849 3889 936 3967 ὑπάρ-

164 3995 177 4028 ιι
191 3974 257 4041 ξασα
271 3979 305 4050 γῆ
331 3975 443 4053 βραχεῖά
466 3978 521 4035 ἐστι
544 3975 589 4034 καί
603 3975 705 4052 λυπρά·
722 3980 739 4047 ἡ
759 3978 782 4034 δ’
797 3975 935 4048 ἐπίκτητος

161 4083 175 4118 ι
190 4061 222 4133 ἣν
237 4062 296 4126 τοῦς
311 4065 458 4140 περιοίκους
476 4065 634 4144 άρελόμενοι
652 4070 756 4143 ἔγρυσι,
783 4062 869 4135 πολλὴ
890 4069 935 4126 καὶ

163 4174 177 4208 ιι
192 4151 291 4225 ἀγαθή·
309 4151 353 4208 καὶ
369 4154 391 4209 εἷ
407 4157 458 4211 τῶν
474 4153 640 4231 ἠδικημένων
655 4158 762 4213 ἕκαστοι
773 4153 821 4224 τὴν
836 4157 934 4216 ἑαυτῶν

161 4261 176 4293 ιι
192 4236 286 4305 ἀξιοῖεν
300 4238 461 4313 ἀπολαόεῖν,
484 4242 557 4299 οὐδὲν
573 4241 654 4308 οὕτως
678 4243 772 4320 μικρὸν
785 4241 844 4301 οὐδὲ
859 4247 935 4302 άσθε·

126 4365 136 4399 :,
161 4351 175 4379 ιι
192 4326 232 4392 νὲς
253 4326 310 4383 οὐδὲ
331 4324 428 4405 άπορον
442 4330 477 4393 ὡς
491 4331 521 4387 τὸ
536 4328 681 4403 Ῥωμαίων
699 4335 764 4388 ἄστυ
781 4330 932 4405 γενήσεται.

163 4436 177 4469 ιι
194 4413 295 4471 Τούτου
318 4414 344 4470 δὲ
366 4414 453 4491 οἴομαι
476 4416 528 4473 δεῖν
549 4421 617 4493 ὑμᾶς
638 4417 724 4498 ἄρξαι.
750 4419 875 4494 Πέμπετε
890 4411 934 4478 οὖν

161 4526 175 4556 ιι
191 4502 312 4580 πρέσύεις
338 4507 372 4568 ιἰις
393 4505 500 4573 αὐτοὺς,
528 4510 698 4573 ἀπαιτοῦντες
721 4506 750 4574 ἀς
778 4508 934 4588 κατέχουσιν

163 4616 176 4649 ιι
191 4594 264 4673 ὑμῶν
279 4591 379 4662 πόλεις,
394 4593 438 4650 καὶ
453 4597 501 4651 ὅσα
521 4596 596 4674 τείχη
611 4599 636 4656 ἓν
654 4601 687 4676 τῇ
701 4597 814 4677 ὑμετέρᾳ
830 4603 864 4676 γῇ
880 4602 933 4658 ε’νε·

162 4704 176 4736 (ι
191 4680 341 4760 τειχίοαντο
358 4681 488 4748 ἀξιοῦντες
511 4685 643 4757 ἐκλιπεῖν,
668 4687 714 4744 καί
726 4688 751 4744 εἴ
763 4711 788 4744 τι
802 4686 867 4745 ἄλλο
888 4687 934 4767 βία

162 4769 406 4849 «σφετερισάμενοι
438 4774 489 4828 τῶν
517 4771 648 4849 ὑμετέροιν
685 4773 775 4853 ἔχουσι
803 4776 934 4842 πείθοντες

164 4876 178 4912 ιι
192 4859 356 4918 ἀποδιδόναι·
373 4857 489 4936 πολέμου
505 4860 531 4918 δὲ
547 4860 629 4937 μήπω
643 4862 754 4942 ἄρχετε,
770 4864 832 4943 πρὶν
851 4865 932 4936 ἢλα-

163 4964 176 4997 ιι
191 4942 245 5001 θεῖν
258 4947 305 5012 τὰς
324 4947 386 5026 παρ’
399 4949 483 5005 αὐτῶν
495 4949 656 5028 ἀποκρίσεις.
703 4950 768 5011 Ἐάν
781 4953 833 5029 γὰρ
848 4959 933 5011 ταῦτα

160 5054 174 5085 ιι
189 5031 325 5101 ποιήσητε,
339 5038 407 5092 δυεῖν
421 5028 457 5094 ῶν
472 5037 596 5111 βούλεσθε
613 5038 721 5115 ὑπάρξει
734 5041 842 5117 θάτερον
862 5044 932 5117 ὑμῖν·

161 5118 251 5190 ιιῆτόι
264 5123 363 5178 ἑαυτῶν
380 5125 547 5205 ἀπολήψεσθε
560 5128 622 5186 άνευ
639 5128 764 5186 κινδύνων
784 5130 828 5186 καί
845 5130 930 5189 teot-

675 306 842 368 DlONYSll
868 304 1244 370 nsnlctflusssuusts

990 446 1143 496 «arnolto
1166 446 1285 497 maiorem
1309 459 1354 511 pro
1368 444 1463 496 honore
1486 459 1537 510 qno
1559 461 1599 498 me
1620 447 1769 509 honoratis,

990 553 1002 576 ι
1016 533 1126 584 omnium
1138 533 1260 585 malornm
1277 536 1304 584 et
1317 533 1461 585 iniuriarum
1481 536 1554 585 autea
1569 549 1637 585 ame
1651 541 1770 598 accepta·

990 643 1002 666 ι
1018 635 1073 673 rum
1083 624 1204 674 memoria
1218 622 1339 688 deposita.

1020 712 1074 761 vll.
1093 730 1105 753 ι
1119 716 1170 775 Age
1182 723 1257 772 vero,
1268 711 1350 776 ousiis
1361 710 1400 761 rir
1409 724 1506 772 msem,
1523 713 1545 761 si
1558 711 1634 773 gloria
1646 716 1670 762 et
1684 713 1767 762 hono·

989 818 1002 843 ι
1016 799 1084 850 ribus
1102 798 1193 850 nrihia
1209 799 1272 851 mets
1290 798 1387 850 civibus
1407 799 1498 851 ‹lebttis
1520 801 1552 851 ab
1572 801 1620 851 illis
1641 802 1768 865 priuatus,

989 906 1003 934 ιι
1017 887 1049 938 (lo
1073 886 1165 950 quibus
1185 887 1277 952 optime
1302 901 1371 938 eram
1396 889 1508 950 meritus,
1537 894 1657 955 praeterea
1688 891 1769 940 simul

989 995 1002 1019 ι
1017 976 1097 1040 patria
1115 975 1189 1027 domo
1207 976 1292 1027 amicis
1306 977 1355 1028 diis
1372 978 1459 1044 patriis
1470 978 1593 1028 maiorum
1607 975 1728 1040 sepulcris
1742 978 1771 1027 et

990 1081 1003 1105 ι
1018 1062 1195 1115 omnibusaliis
1204 1063 1274 1116 bonis
1286 1064 1412 1129 spotiatus,
1428 1067 1504 1129 atque
1518 1065 1557 1114 tris
1570 1064 1684 1115 omnibus
1698 1063 1769 1128 apud

992 1166 1003 1191 ι
1018 1163 1061 1201 ros
1074 1151 1195 1216 inventis,
1206 1168 1264 1206 cnm
1279 1155 1377 1219 quibos·
1391 1152 1485 1204 bellum
1508 1152 1531 1201 in
1550 1151 1647 1202 illorum
1662 1153 1770 1214 gratiam

991 1253 1004 1278 ε
1019 1250 1156 1303 gesseram,
1167 1255 1211 1293 eos
1224 1256 1274 1292 non
1286 1241 1441 1302 lrrtestarem,
1460 1253 1525 1303 quos
1542 1253 1587 1303 pro
1598 1239 1693 1289 civibus
1704 1238 1767 1289 tros-

991 1330 1056 1379 utes
1080 1343 1137 1381 sum
1154 1335 1288 1397 expertus,
1313 1342 1360 1381 neo
1379 1329 1547 1381 benefacerent
1572 1329 1615 1386 iis,
1639 1342 1701 1391 ortos
1723 1342 1770 1392 pro

992 1440 1004 1464 ιι
1019 1421 1134 1473 hostibus
1145 1418 1345 1490 amicos-hahuit
1367 1418 1484 1482 Fuuidem
1508 1432 1553 1482 pro
1572 1417 1625 1466 uiro
1639 1430 1697 1467 eum
1717 1430 1770 1466 non

992 1519 1162 1581 sorbuerim,
1189 1519 1233 1583 qui
1253 1531 1300 1568 nee
1324 1513 1439 1566 hostibus
1463 1510 1573 1562 intensus
1595 1509 1628 1559 sit
1646 1521 1693 1557 nee
1716 1519 1770 1555 suae

993 1624 1005 1650 ι
1020 1608 1107 1659 σείσειε
1125 1612 1240 1659 auctores
1256 1602 1426 1656 benevolentia
1451 1602 1624 1666 prosequatur.
1658 1594 1770 1645 Patriam

991 1713 1005 1741 ιι
1020 1710 1078 1746 vero
1106 1695 1220 1747 existimo
1241 1706 1291 1744 non
1306 1705 1361 1744 eum
1383 1690 1520 1749 civitatem,
1543 1700 1600 1750 ouer
1627 1699 1668 1736 me
1687 1685 1772 1736 civem

992 1800 1005 1825 «
1020 1783 1160 1847 abrogarim
1180 1780 1224 1833 sed
1241 1794 1312 1840 eam,
1334 1793 1350 1829 a
1368 1791 1418 1843 qua
1442 1777 1501 1827 licet
1520 1774 1677 1840 peregrinus,
1706 1772 1770 1823 civis

992 1890 1003 1912 ι
1023 1884 1077 1920 sum
1093 1871 1186 1927 tactns;
1205 1870 1231 1919 et
1244 1867 1369 1930 regionem
1381 1863 1485 1916 amicam
1511 1865 1571 1928 puto
1595 1875 1643 1912 non
1663 1874 1728 1921 eam,
1744 1861 1770 1910 in

991 1980 1003 2003 ι
1019 1961 1179 2023 quaatteotus
1188 1973 1245 2008 sum
1258 1957 1360 2017 iniuria,
1374 1955 1418 2006 sod
1434 1955 1460 2006 in
1470 1968 1520 2018 qua
1532 1955 1590 2004 tuto
1601 1964 1700 2002 manere
1713 1964 1769 2015 pos·

990 2069 1003 2093 ι
1017 2063 1081 2102 sum.
1113 2051 1144 2099 Et
1164 2048 1185 2098 si
1202 2048 1265 2098 deus
1283 2058 1329 2096 nos
1347 2044 1453 2104 iuverit,
1478 2046 1506 2093 et
1526 2055 1573 2092 vos
1591 2040 1640 2106 (ut
1652 2054 1697 2104 par
1711 2042 1769 2101 est)

990 2135 1130 2187 «alacriter
1157 2147 1257 2199 operam
1281 2132 1445 2193 paraveritis,
1465 2144 1538 2196 opero
1559 2130 1627 2181 brevi
1645 2142 1759 2192 magnam

990 2242 1002 2266 ιι
1017 2222 1068 2274 tore
1090 2221 1260 2273 mutationem.
1295 2218 1359 2270 lllud
1377 2219 1442 2270 enim
1462 2218 1539 2282 probe
1554 2215 1651 2277 sciatis,
1673 2215 1768 2279 populo

989 2331 1002 2355 ι
1016 2313 1124 2362 llomano
1145 2310 1195 2360 iam
1221 2308 1307 2360 multis
1324 2307 1395 2359 bellis
1415 2306 1527 2358 exercito
1549 2304 1643 2356 nullum
1667 2302 1766 2354 hostem
1838 2317 1841 2322 ·

991 2400 1102 2463 omsgis
1121 2398 1284 2450 metuendum
1314 2409 1387 2459 esse,
1406 2409 1482 2460 orrum
1510 2409 1568 2456 ιοε,
1594 2407 1639 2445 nec
1658 2406 1715 2443 eum
1740 2393 1767 2443 in

989 2507 1001 2530 ι
1017 2487 1094 2538 ullum
1114 2486 1188 2538 aliam
1207 2497 1260 2536 rem
1281 2483 1374 2534 maiore
1396 2481 1481 2534 studio
1506 2494 1604 2546 semper
1624 2479 1768 2532 incumbere

989 2596 1001 2618 ι
1017 2590 1093 2641 quam
1107 2579 1134 2626 ut
1152 2575 1241 2626 restro
1262 2572 1342 2636 gentis
1358 2571 1424 2623 vires
1443 2571 1565 2623 debilitet.
1598 2572 1629 2620 Et
1652 2573 1769 2633 propter-

990 2679 1047 2715 oee
1062 2667 1158 2715 vestras
1185 2662 1274 2724 urbes,
1295 2660 1386 2726 partim
1410 2660 1474 2712 bello
1493 2664 1587 2724 coptos,
1604 2659 1695 2724 partim
1708 2661 1772 2711 ami-

992 2777 1005 2800 ιι
1020 2756 1085 2806 ciliae
1106 2768 1150 2819 spe
1170 2753 1299 2818 deceptas,
1313 2755 1410 2812 tenere,
1429 2763 1462 2802 ne
1473 2764 1561 2802 omnes
1576 2749 1716 2801 coniunctis
1726 2763 1772 2800 co·

991 2843 1064 2909 «piis
1088 2854 1218 2894 commune
1239 2839 1331 2890 bellum
1351 2837 1400 2903 ipsi
1420 2835 1543 2889 iniustis.
1577 2837 1602 2887 si
1627 2836 1702 2900 igitur
1723 2849 1771 2885 ros

990 2952 1003 2976 ι
1021 2945 1117 2995 quoque
1130 2929 1239 2980 vicissim
1253 2929 1372 2992 perparuo
1384 2924 1603 2985 illisolrnitaminif,
1616 2922 1683 2974 etde
1702 2921 1768 2973 bello

992 3041 1003 3064 ι
1017 3033 1104 3070 omnes
1113 3017 1288 3077 emerentiane,
1300 3015 1368 3080 quod
1378 3026 1443 3066 nunc
1453 3012 1548 3075 tacitis,
1563 3011 1635 3063 tacite
1647 3010 1701 3064 eins
1720 3024 1765 3075 po-

991 3127 1002 3152 «
1020 3105 1121 3157 tentiam
1132 3104 1256 3156 evertatis.

1020 3195 1088 3244 vtll.
1108 3213 1120 3237 ιι
1133 3194 1254 3252 Quoniam
1270 3195 1354 3245 autern
1364 3189 1395 3242 do
1413 3187 1524 3240 modoet
1537 3186 1631 3236 ratione
1649 3183 1708 3235 belli
1719 3197 1765 3247 ge-

992 3300 1004 3323 ι
1019 3280 1087 3331 rendi
1102 3280 1179 3332 uultis
1195 3294 1274 3332 meam
1295 3292 1335 3330 me
1353 3275 1497 3330 sententiam
1512 3273 1623 3339 aperire,
1644 3273 1696 3323 sire
1717 3272 1766 3323 lroe

992 3386 1004 3408 ιι
1021 3381 1082 3419 meae
1095 3369 1190 3433 peritiae
1210 3369 1262 3419 sive
1280 3364 1456 3419 benevolentius
1470 3363 1523 3416 sire
1537 3362 1612 3414 etiam
1636 3361 1767 3424 utriusque

993 3475 1005 3498 ιι
1020 3459 1058 3506 est
1068 3458 1248 3518 testimoninm,
1262 3456 1356 3516 dicam,
1369 3457 1397 3506 et
1408 3452 1469 3504 nihil
1487 3465 1531 3503 ros
1549 3450 1642 3502 celabo.
1655 3449 1768 3500 Primum

993 3566 1005 3588 ιι
1021 3546 1093 3611 igitur
1105 3547 1175 3598 robis
1188 3550 1355 3606 castoreum,
1370 3546 1399 3595 ut
1408 3543 1474 3608 piam
1492 3544 1517 3592 el
1530 3542 1620 3591 iustam
1636 3538 1693 3589 belli
1710 3552 1768 3590 cau·

993 3651 1005 3681 ι
1021 3649 1072 3685 sam
1088 3634 1196 3685 nancisei
1209 3632 1333 3698 quaeratis.
1355 3632 1475 3689 Quonam
1485 3631 1567 3680 nutem
1581 3632 1607 3678 et
1620 3627 1693 3690 pinet
1704 3626 1771 3678 insta

992 3743 1004 3766 ι
1017 3728 1043 3775 ct
1055 3724 1127 3775 simul
1143 3739 1157 3772 e
1170 3738 1196 3774 re
1206 3726 1288 3773 vestra
1298 3723 1331 3772 sit
1342 3722 1440 3782 lutura,
1460 3734 1491 3771 ex
1512 3732 1553 3769 me
1564 3716 1657 3768 audite.
1692 3722 1769 3780 Ager,

992 3830 1004 3859 ιι
1018 3828 1092 3878 quem
1104 3814 1208 3878 populus
1220 3814 1344 3863 llomnnus
1356 3808 1477 3874 principio
1490 3806 1606 3867 habebat,
1616 3808 1655 3855 est
1664 3804 1769 3866 exiguus

991 3918 1003 3942 ιι
1016 3903 1042 3949 et
1054 3900 1159 3950 sterilis:
1173 3899 1195 3949 is
1207 3909 1361 3961 sermonem
1375 3896 1451 3946 armis
1463 3895 1509 3946 sibi
1526 3894 1643 3959 quesivit
1654 3894 1679 3942 et
1691 3890 1766 3941 smili-

991 4007 1004 4029 ιι
1019 3987 1066 4036 mis
1075 3987 1180 4048 ademit,
1193 3991 1218 4036 et
1229 3985 1324 4049 amplus
1333 3987 1359 4035 el
1378 3984 1466 4034 fertilis
1475 3987 1523 4043 est,
1534 3982 1590 4034 etsi
1599 3980 1768 4044 unusquisque

991 4093 1003 4116 ιι
1021 4078 1114 4138 partem
1128 4088 1197 4125 snam
1209 4112 1216 4134 ,
1229 4073 1277 4124 sibi
1294 4071 1432 4124 contraius
1453 4074 1479 4122 et
1496 4068 1535 4120 ras
1557 4070 1684 4133 ereptam,
1708 4068 1768 4118 uelit

992 4169 1152 4224 «repetere,
1173 4161 1233 4212 nihil
1252 4161 1300 4211 erit
1321 4163 1373 4211 tam
1394 4172 1513 4223 parvum,
1535 4158 1587 4207 tam
1605 4154 1702 4215 debile,
1716 4159 1767 4204 tam

991 4271 1002 4294 ιι
1018 4264 1136 4316 egenum,
1156 4263 1229 4312 quam
1242 4247 1300 4298 urbs
1315 4249 1431 4296 Romana.
1466 4245 1529 4294 ltine
1546 4243 1620 4305 igitur
1634 4241 1703 4291 nobis
1716 4241 1764 4290 ini-

990 4360 1003 4384 ι
1019 4340 1082 4390 tium
1104 4339 1243 4389 (lucendum
1270 4337 1383 4386 arbitror.
1419 4334 1510 4384 lilitlitc
1531 4333 1606 4397 igitur
1624 4331 1714 4393 legatos
1733 4330 1765 4378 ad

990 4449 1002 4472 ι
1022 4428 1140 4493 populum
1167 4431 1314 4485 Romanum,
1341 4426 1385 4489 qui
1411 4425 1525 4487 repetant
1552 4425 1646 4471 vestras
1670 4418 1764 4477 urbes,

990 4534 1001 4557 ιι
1017 4529 1080 4578 quas
1093 4519 1197 4577 occupat
1207 4552 1212 4571 ,
1224 4518 1249 4562 et
1265 4515 1306 4576 qut
1322 4511 1458 4577 postulent,
1482 4513 1511 4559 ut
1537 4523 1568 4560 ex
1589 4506 1769 4559 munitionibus

991 4621 1002 4643 ι
1020 4601 1147 4660 omnibns,
1161 4615 1224 4664 quas
1245 4601 1270 4649 in
1283 4602 1366 4650 restro
1383 4613 1442 4663 agro
1456 4597 1574 4657 muniuit,
1597 4600 1622 4647 el
1635 4584 1765 4654 suadeant,

991 4708 1003 4730 ιι
1018 4692 1060 4748 ut,
1078 4690 1098 4738 si
1121 4688 1181 4753 quid
1200 4689 1267 4739 aliud
1289 4689 1418 4738 dorostro
1443 4700 1486 4751 per
1505 4686 1555 4737 vim
1577 4685 1718 4749 usurparit,
1743 4686 1768 4735 id

991 4795 1003 4824 ι
1020 4777 1090 4827 robis
1107 4776 1203 4826 reddat.
1237 4779 1286 4829 Nec
1299 4778 1367 4840 prius
1379 4775 1425 4840 ipsi
1442 4775 1535 4826 bellum
1547 4773 1675 4834 inieratis,
1693 4788 1768 4837 quam

990 4886 1002 4910 ιι
1018 4880 1162 4930 responsum
1176 4865 1207 4915 ab
1224 4881 1254 4916 eo
1271 4866 1423 4930 acceperitis.
1457 4865 1482 4916 Si
1494 4866 1559 4916 enim
1572 4864 1627 4915 hoeo
1642 4863 1764 4921 feceritis,

991 4972 1002 5002 ιι
1017 4954 1162 5005 alterutrum
1173 4967 1273 5014 eorum,
1291 4968 1347 5016 qum
1359 4953 1444 5013 uoltis,
1457 4952 1659 5016 consequemini:
1671 4952 1766 5000 autres

991 5061 1002 5083 ι
1018 5047 1115 5093 oestrus
1125 5042 1177 5091 sinc
1188 5042 1296 5105 periculo
1308 5046 1334 5092 et
1346 5046 1446 5104 sumptu
1459 5041 1597 5105 recipietis,
1617 5043 1661 5090 aut
1673 5037 1764 5088 hones-

991 5150 1002 5172 ι
1020 5134 1070 5181 tam
1090 5135 1114 5181 ct
1130 5130 1219 5181 iustam
1237 5130 1295 5181 belli
1306 5145 1406 5181 causam
1423 5129 1554 5181 habebitis.
1590 5129 1616 5180 Si
1627 5127 1682 5193 quis
1699 5125 1766 5177 enim
