3772 5828
166 288 224 347 534

162 414 266 473 τέλλετν
296 412 464 491 συμμαχίαν.
524 409 678 489 Κατέρυγον
703 410 755 491 γάρ
781 413 817 476 ῶς
845 406 940 476 αὐτοὺς

165 501 288 561 ἀδύνατοι
302 501 373 568 ὄντες
387 501 481 570 ἐξελεῖν
495 499 528 559 δι’
544 502 644 558 έαυτῶν
659 497 690 557 τὸ
706 496 828 577 φρούριον
843 498 942 557 Οὐιεν-

165 598 257 664 τανοί,
283 590 435 669 συγγενείας
446 612 475 648 τε
500 587 747 665 ὑπομιμνήσκοντες
771 586 816 645 καὶ
838 586 942 666 ριλίας,

165 679 210 737 καὶ
225 677 301 744 ὅσους
319 679 376 754 μετ’
399 680 486 736 αὐτῶν
511 675 610 756 ἤραντο
635 674 765 750 πολέμους
791 672 941 742 διεξιόντας·

127 800 139 835 η
167 766 224 824 ἀντὶ
238 770 343 823 πάντων
359 764 387 824 δέ
410 764 509 824 τούτων
528 762 659 832 ἀξιοῦντες
680 762 845 842 συνάρασθαί
865 784 941 841 σρισι

165 861 211 913 τοῦ
226 856 295 914 κατὰ
311 854 454 928 Ῥωμαίων
468 853 601 929 πολέμου,
617 857 652 918 ὡς
674 855 746 932 σρῶν
765 875 794 910 τε
808 855 942 931 προκαθη-

166 944 251 1017 μένων
268 944 416 1025 Τυρρηνίας
432 944 494 1015 όλης
509 944 554 1001 καὶ
565 941 610 1001 τὸν
621 941 737 1015 πολεμον
757 939 940 1019 ἀνακωχευόν-

164 1034 268 1094 τωντδν
284 1036 336 1093 ἀπὸ
348 1031 458 1108 Ῥώμης
469 1034 561 1111 ῥέοντα
576 1031 646 1089 κατὰ
660 1029 766 1086 πάντων
781 1031 834 1086 τῶν
848 1030 941 1103 ὁμοεθ-

166 1132 227 1182 νῶν.
272 1123 325 1180 lt'nl
340 1125 362 1180 oi
378 1125 404 1181 Τ
405 1122 513 1200 υρρηνολ
530 1118 680 1184 πεισθέντες
696 1118 842 1196 ὑπέσχοντο
867 1115 940 1192 πέμ-

117 1248 141 1287 γ,
167 1214 225 1292 ψειν
240 1215 326 1280 αὐτοῖς
340 1212 405 1282 θ’σην
422 1211 510 1281 ἠξίουν
527 1209 695 1288 συμμαχίαν.
718 1210 843 1277 Ἰἀῦταὴ
860 1202 942 1284 βουλὴ

166 1308 304 1377 μαθοῦσα,
331 1302 478 1381 ἐψηφίσατο
499 1297 608 1377 τρισσὰς
628 1297 774 1376 ίκπέμψειν
803 1300 940 1373 στρατιὰς,

166 1390 211 1447 καὶ
222 1387 367 1467 γενομένυιν
382 1391 408 1446 έν
422 1388 499 1468 τάχει
514 1389 567 1444 τῶν
582 1384 757 1460 καταλόγων,
773 1384 882 1452 Αεύκιος
894 1383 942 1461 μέν

168 1479 289 1552 Αἰμίλιος
310 1476 354 1534 ἐπὶ
366 1475 516 1555 Τυρρηνοὺς
531 1473 652 1551 εἰτέμρθη
662 1496 668 1510 ·
680 1472 813 1551 συνήρατο
828 1474 857 1533 δέ
872 1475 943 1553 αὐτῷ

167 1571 213 1635 τῆς
228 1565 314 1631 ἐξόδου
329 1564 437 1625 Καίσων
448 1563 564 1639 alaiziae,
576 1566 590 1620 ὁ
602 1562 696 1621 νεωστὶ
710 1562 758 1633 τὴν
774 1563 861 1641 ἀρχὴν
878 1565 943 1622 ἀπο·

116 1660 140 1698 ¹⁵
167 1654 287 1728 θέμενος,
300 1655 399 1727 δεηθείς
415 1658 461 1726 τῆς
477 1655 572 1732 βουλῆς
605 1650 746 1733 ἐπιτρέψαι
761 1656 832 1732 αὐτῷ
851 1661 904 1716 τοῖς
916 1654 942 1709 έν

156 1743 294 1823 ,Ιιρεμέρα
310 1742 475 1819 συγγενέσιν,
492 1740 535 1808 οὒς
557 1743 572 1799 ό
593 1740 702 1820 dicipi<
729 1742 808 1799 αὐτοῦ
830 1737 942 1819 φρουρά,-

155 1855 260 1901 Ισοντας
278 1833 308 1890 τὸ
322 1831 419 1913 χωρίον
437 1829 563 1907 ἐξήγαγε,
578 1829 694 1888 συνεῖναί
716 1851 745 1886 τε
766 1829 811 1888 καί
827 1834 878 1888 τῶν
893 1830 942 1885 αὐ·

166 1925 218 1980 τῶν
231 1919 337 1999 ἀγώνων
353 1919 489 1999 μετέχειν·
505 1917 550 1977 καὶ
566 1917 656 1990 ἐξῆλθε
671 1915 718 1975 σὺν
741 1925 793 1982 τοῖς
809 1914 877 1997 ἀμφὶ
892 1918 942 1974 αὖ·

166 2010 209 2071 τόν
225 2009 328 2090 ἐξουσία
343 2009 483 2083 κοσμηθεὶς
495 2006 648 2086 ἀνθυπάτῳ.
694 2008 772 2071 Γάϊος
785 2005 811 2063 δέ
829 2009 940 2083 Σερουι-

114 2106 140 2143 '³⁰
167 2102 230 2177 λιος,
240 2099 330 2177 ἅτερος
341 2100 393 2155 τῶν
403 2097 511 2154 ὑπάτων
522 2095 566 2154 tel
578 2092 760 2159 Οὐολούσκους
776 2094 942 2171 ἐστράτευσε·

168 2189 290 2267 Σερούϊος
305 2185 332 2242 δέ
341 2183 454 2262 Φούριος
465 2184 610 2250 ἀνθύπατος
625 2182 668 2241 ἐπί
678 2181 707 2239 τὸ
722 2182 845 2241 Αἰκανῶν
860 2180 941 2249 ἔθνος.

167 2276 293 2353 Ἑκάστῳ
316 2272 343 2331 δέ
356 2274 442 2331 αὐτῶν
466 2271 577 2349 θύομέν
596 2271 721 2348 τάγματα
741 2269 884 2346 Ῥωμαίων
906 2269 942 2328 εί-

167 2387 248 2438 πετο,
268 2360 390 2422 Λατίνων
404 2362 431 2421 δέ
446 2363 492 2421 καί
506 2360 636 2441 Ἑρνίκων
649 2361 694 2418 καὶ
707 2362 758 2416 τῶν
774 2360 862 2418 ἄλλων
875 2384 941 2437 συμ·

167 2453 262 2532 μάχων
276 2453 323 2510 οὐκ
343 2450 445 2510 ἐλάττω
459 2456 506 2523 τῆς
521 2449 678 2523 Ῥωμαϊκῆς
701 2448 849 2526 δυνάμεως.
893 2452 941 2529 Τῷ

115 2553 141 2591 2⁶
167 2542 214 2619 μέν
233 2532 276 2601 oio
301 2540 442 2620 ἀνθυπάτῳ
467 2538 586 2618 Σερουίῳ
612 2536 683 2596 κατὰ
706 2542 765 2595 νοῶν
792 2540 806 2594 ὁ
829 2539 942 2615 πόλεμος

166 2631 287 2711 ἐχώρησε
302 2630 346 2687 καὶ
369 2629 416 2687 σὺν
441 2630 529 2706 τάχει.
574 2630 632 2705 Maia
655 2625 706 2706 γδιρ
728 2625 856 2706 ἐτρέψατο
882 2626 941 2694 τοὺς

167 2718 296 2785 Αἰκανοὺς
319 2718 394 2797 μάχῃ
419 2716 464 2775 καί
486 2717 570 2795 ταύτῃ
594 2715 657 2794 δίχα
681 2715 822 2794 πόνου,τῖΙ
846 2715 938 2796 πρώτῃ

167 2807 224 2872 τοὺς
235 2806 375 2882 πολεμίους
388 2803 521 2876 ἐκπλήξας
533 2804 633 2884 έρόδῳ,
649 2802 695 2861 καὶ
709 2803 739 2861 τὸ
759 2804 849 2861 λοιπὸν
866 2805 942 2881 ἐδῄου

166 2898 213 2969 τὴν
236 2903 284 2974 γῆν
309 2901 394 2955 αὐτῶν
421 2895 658 2976 καταπερευγότων
683 2895 719 2959 είς
749 2892 782 2950 sir
809 2892 940 2973 ἐρύματα.

114 2993 140 3031 ³⁰
167 2987 311 3067 Σερουιλίῳ
336 2986 363 3044 δὲ
390 2987 490 3062 θατέρῳ
513 2989 564 3040 τῶν
580 2981 685 3040 ὑπάτων
710 2981 760 3039 ὑπὸ
784 2983 898 3053 σπουδῆς
914 3006 943 3041 τε

165 3077 210 3135 καὶ
221 3074 359 3138 αὐθαδείας
372 3072 415 3128 ἐπὶ
425 3073 469 3128 τόν
482 3073 571 3145 ἀγῶνα
585 3069 736 3147 χωρήσαντι
749 3069 816 3127 πολὺ
828 3068 859 3127 τὸ
869 3071 942 3148 παρὰ

164 3161 272 3241 γνώμην
288 3161 441 3233 ἀπήντησε,
466 3161 600 3236 καρτερῶς
613 3157 682 3214 πάνυ
698 3159 750 3212 τῶν
766 3155 942 3215 Οὐολούσκων

166 3252 396 3328 ἀντιταξαμένων,
422 3246 485 3307 ὥστ’
506 3246 660 3322 ἠναγκάσθη
679 3243 791 3310 πολλοὺς
807 3245 852 3302 καὶ
873 3248 942 3323 ἀγα·

166 3342 224 3407 acie
239 3340 334 3417 ἄνδρας
347 3337 479 3400 ἀπολέσας
492 3334 588 3411 μηκέτι
610 3341 704 3413 χωρεῖν
721 3333 801 3407 ὁμόσε
824 3342 877 3400 τοῖς
892 3360 941 3394 πο-

115 3448 133 3483 '·
166 3430 281 3505 λεμίοις,
299 3426 357 3485 ἀλλ’
381 3430 406 3484 ἐν
421 3428 459 3503 τῷ
474 3424 571 3503 χάρακι
588 3423 723 3498 ὑπομένων
739 3421 941 3501 ἀκροόολισμοῖς

166 3521 210 3576 καί
227 3519 310 3594 Ιμιλῶν
333 3514 499 3587 συμπλοκαῖς
516 3512 645 3591 διαρέρτιν
666 3512 733 3588 ἔγνω
754 3512 798 3569 τόν
813 3512 939 3589 πόλεμον,

166 3608 276 3670 Λεύκιος
287 3603 314 3661 δέ
330 3603 474 3680 Αίμιλιοςθ
487 3603 613 3681 πεμρθεὶς
630 3600 673 3659 ἐπὶ
689 3602 847 3680 Τυρρηνίας,
860 3603 941 3680 εὑρὼν

165 3692 414 3772 ἐξεστρατευμένους
433 3690 548 3770 πρὸτῆς
571 3692 670 3755 πόλευις
690 3689 749 3755 τοὺς
768 3692 941 3759 Οὐιεντανοὺς

165 3785 209 3841 καὶ
224 3781 271 3841 σὺν
287 3783 374 3847 αὐτοῖς
384 3779 451 3838 πολὺ
464 3778 493 3836 τὸ
507 3777 580 3856 παρδι
596 3783 647 3836 τῶν
663 3780 791 3850 ὁμοεθνῶν
805 3782 940 3860 ἐπικουρι-

165 3872 223 3939 κόν,
246 3869 317 3931 οῦδὲν
339 3868 376 3927 ἔτι
402 3869 536 3945 μελλήσας
561 3869 636 3948 ἔργου
662 3868 763 3946 εἴχετο·
788 3871 889 3945 ἡμέραν
913 3869 940 3928 δέ

165 3959 208 4035 ἄρ’
225 3966 254 4028 ἡς
273 3958 315 4016 τόν
332 3959 439 4038 χάρακα
454 3963 540 4024 ἔθετο,
564 3959 625 4032 μίαν
646 3955 789 4027 διαλιπὼν,
804 3956 880 4033 ἐξῆγε
895 3957 941 4025 τὰς

165 4046 286 4117 δυνάμεις
301 4050 335 4111 είς
353 4048 459 4124 μάχην,
473 4046 589 4124 θρασέως
608 4046 678 4103 πάνυ
699 4047 750 4101 τῶν
774 4047 940 4103 Οὐιεντανῶν

164 4133 245 4208 ὁμόσε
260 4134 422 4210 χωρούντων.
470 4135 621 4213 Ἰσορρόπου
642 4134 669 4191 δὲ
691 4138 736 4190 τοῦ
754 4133 851 4208 ἀγῶνος
866 4156 938 4209 γινο-

166 4221 264 4296 μένου,
280 4220 338 4286 τοὺς
355 4223 444 4289 ίππεῖς
465 4222 606 4282 saaladin
632 4220 723 4280 ἐνσείει
738 4221 790 4285 τοῖς
804 4221 938 4297 πολεμίοις

126 4339 132 4347 ·
165 4311 233 4369 κατὰ
248 4309 277 4366 τὸ
299 4309 379 4374 δεξιόν
396 4313 488 4390 κέρας·
503 4313 548 4370 καί
566 4313 654 4383 ἐπειδὴ
668 4316 742 4369 τοῦτο
756 4312 937 4384 διεσάλευσεν,

165 4401 207 4455 ἐπὶ
225 4397 330 4473 θάτερον
346 4398 454 4476 ἐχώρει,
473 4401 537 4458 ὅπου
557 4400 604 4475 μέν
623 4399 771 4472 ἱππάσιμον
787 4397 827 4470 εἴη
843 4400 939 4478 χοιρίον

165 4486 218 4544 ἀπό
239 4490 289 4541 τῶν
309 4483 395 4542 ἵππων
413 4490 576 4566 μαχόμενος’
592 4489 657 4545 ὅπου
677 4488 702 4543 δέ
719 4487 849 4558 οίνιππον,
870 4491 939 4548 ἀπο·

163 4576 331 4635 καταόαίνων
347 4599 375 4632 τε
391 4577 436 4633 καί
447 4579 522 4644 πεζός
539 4578 738 4654 άγιιινιζόμενος.
786 4578 938 4634 ΙΙονούντων

164 4668 190 4724 δέ
206 4669 256 4723 τῶν
271 4664 388 4742 κεράτιον
405 4663 579 4743 ἀμφοτέροιν,
602 4667 659 4722 οὐδέ
682 4668 705 4723 οἱ
721 4663 790 4722 κατδι
805 4665 883 4740 μέσον
900 4665 939 4723 ἔτι

165 4758 296 4833 ἀντεῖχον,
322 4754 379 4809 ἀλλ’
398 4752 561 4822 ἐξεώσθησαν
586 4754 636 4810 iro
660 4756 711 4810 τῶν
740 4755 837 4818 πεζῶν.
886 4754 937 4810 Καὶ

169 4843 235 4913 μετδι
258 4849 335 4902 τοῦτο
350 4843 444 4905 πάντες
460 4840 551 4919 έρυγον
568 4841 610 4898 ἐπὶ
633 4842 675 4898 τὀν
691 4841 807 4919 χάρακα.
863 4840 896 4900 Ὁ
912 4840 938 4897 δέ

163 4931 285 5001 Αἰμίλιος
300 4932 437 5002 ἠκολούθει
450 4936 502 4994 τοῖς
517 4927 641 5007 φεύγουσι
655 4928 865 5003 συντεταγμένην
889 4927 937 4998 τὴν

163 5015 271 5089 δύναμιν
284 5019 369 5097 ἔχων,
387 5021 431 5079 καὶ
447 5016 557 5084 πολλοὺς
573 5016 709 5097 διέφθειρε.
754 5016 895 5091 Γενόμενος
911 5017 937 5074 δέ

156 5103 274 5175 »πλησίον
294 5113 339 5164 τοῦ
355 5109 472 5188 χάρακος
489 5108 535 5166 καὶ
559 5102 716 5185 προσόαλὼν
741 5106 770 5161 ἐκ
794 5105 934 5183 διαδοχῆς,

680 279 848 341 elusisti
874 278 1251 343 HALICARNASSENSIS

997 418 1106 469 mesticis
1116 418 1210 470 viribus
1222 418 1351 470 castellum
1363 419 1427 471 illud
1436 420 1581 473 exscindere
1592 435 1646 475 non
1663 430 1784 488 possent,

997 509 1029 561 ad
1049 524 1135 561 eorum
1157 525 1228 574 opem
1251 510 1433 576 confugerunt,
1448 512 1624 576 cognationem
1646 517 1675 564 et
1697 516 1789 567 amici·

997 601 1057 653 tiam
1071 602 1121 653 illio
1133 607 1371 667 commemorantes,
1383 607 1410 654 et
1425 617 1583 669 quaecunque
1594 604 1664 657 bella
1674 620 1790 659 commu·

997 695 1071 745 nibus
1095 696 1212 759 auspiciis
1235 701 1306 759 gesta
1319 700 1401 747 essem
1426 701 1595 756 recensentes,
1618 702 1646 748 et
1670 714 1719 765 pro
1743 700 1787 752 his

997 786 1113 837 mnibus
1131 787 1304 852 postulantes,
1323 791 1352 839 ut
1373 802 1400 837 se
1418 788 1445 839 in
1460 788 1527 839 bello
1546 794 1638 841 cantra
1661 792 1787 857 populum

998 881 1135 928 itomanam
1153 878 1309 942 adiuvarent,
1321 878 1389 943 quud
1401 880 1480 943 ipsam
1492 881 1632 939 Etruriam,
1655 885 1788 934 tuerentur

997 972 1024 1020 et
1035 969 1129 1020 bellum
1142 970 1256 1035 apopulo
1267 974 1375 1022 Romano
1385 975 1471 1022 contra
1482 972 1566 1021 omnia
1578 973 1638 1023 eius
1646 976 1734 1037 gentis
1747 990 1788 1040 po

998 1061 1070 1126 pulos
1084 1077 1187 1113 manans
1209 1066 1357 1114 everterent.
1400 1064 1499 1114 Etrusci
1519 1078 1595 1126 rere,
1620 1080 1714 1117 corum
1735 1082 1789 1119 ora·

999 1155 1066 1204 tione
1079 1154 1201 1216 adducti,
1217 1155 1300 1219 capnias
1319 1157 1426 1221 quantas
1443 1156 1561 1220 petebant
1583 1157 1651 1222 ipsis
1672 1160 1787 1210 subsidio

1000 1247 1159 1297 remissurus
1176 1248 1352 1311 pmmiseruul.
1393 1249 1439 1299 llis
1462 1249 1581 1313 cngnitIs,
1608 1257 1716 1302 senatus
1739 1257 1786 1303 tres

999 1343 1124 1393 exercilus
1140 1343 1254 1392 emittere
1271 1342 1390 1394 decrerit.
1424 1346 1454 1393 et
1477 1344 1556 1409 copiis
1578 1346 1701 1397 celeriter
1715 1362 1787 1399 cous·

1000 1430 1100 1495 criptis,
1111 1434 1140 1482 L.
1158 1432 1271 1483 AEmilius
1290 1434 1315 1483 in
1329 1436 1447 1485 Etruscos
1463 1435 1626 1487 cstmissus:
1644 1442 1745 1489 etcum
1758 1454 1786 1491 eo

1000 1524 1125 1587 protectur
1143 1526 1182 1573 est
1195 1524 1266 1574 omo
1291 1526 1396 1587 Fabius,
1414 1525 1457 1589 qui
1478 1539 1558 1589 nuper
1579 1540 1608 1577 sc
1635 1531 1785 1593 magistratu

1001 1613 1142 1675 abdicarat,
1157 1616 1288 1679 impetrata
1300 1630 1315 1666 a
1328 1619 1416 1667 senatu
1428 1616 1516 1679 venia,
1528 1620 1558 1668 ut
1567 1618 1618 1669 sibi
1631 1620 1721 1673 liceret
1732 1636 1785 1675 esse

1000 1720 1058 1756 cum
1078 1707 1130 1757 suis
1152 1706 1295 1770 gentilibus,
1315 1709 1358 1770 qni
1374 1711 1447 1759 erant
1461 1710 1595 1771 creauere,
1617 1726 1683 1777 quos
1711 1715 1785 1766 irater

999 1812 1061 1849 suus
1074 1799 1107 1849 ad
1121 1799 1187 1850 illius
1202 1801 1295 1850 castelli
1317 1801 1458 1865 presidium
1478 1802 1608 1855 eduxismt
1618 1844 1625 1866 ,
1637 1812 1716 1870 atque
1741 1823 1782 1860 eo·

999 1891 1101 1941 rundcm
1120 1891 1282 1942 certaminum
1297 1892 1423 1943 tartunam
1436 1894 1536 1956 subire,
1561 1900 1639 1961 atque
1660 1912 1721 1950 eum
1733 1903 1784 1951 suis

920 2004 927 2022 ι
998 1982 1165 2047 γνοοοαουθοιί
1177 1988 1299 2048 potestate
1318 1989 1429 2048 ornatus,
1440 1988 1548 2040 exstitit.
1565 1989 1636 2041 Alter
1650 2006 1709 2042 rere
1722 2007 1782 2043 coa·

999 2075 1052 2136 sul,
1067 2077 1094 2127 G.
1114 2075 1232 2126 ser-eitius
1250 2077 1276 2126 in
1291 2078 1393 2128 l’olscos
1408 2078 1482 2130 duxit
1502 2082 1654 2142 exercitum,
1678 2088 1704 2133 et
1725 2086 1779 2135 Ser.

999 2168 1085 2219 Furius
1107 2168 1237 2232 proconsul
1263 2170 1289 2219 in
1313 2173 1414 2233 AEquos.
1455 2176 1658 2237 unumquemque
1688 2189 1777 2227 eorunr

998 2261 1054 2311 elnae
1074 2260 1179 2326 legiones
1194 2260 1294 2312 urbanae
1307 2265 1334 2312 et
1355 2265 1500 2315 Latinorum
1510 2278 1538 2315 ec
1556 2264 1717 2316 Hernicorum
1731 2270 1774 2318 at·

997 2368 1046 2418 qne
1056 2355 1160 2404 allorum
1177 2354 1300 2405 sociorum
1314 2357 1395 2419 copiae
1408 2358 1526 2409 {iomanis
1536 2371 1585 2409 raon
1606 2358 1714 2409 raineres
1730 2373 1775 2412 sc-

998 2446 1151 2511 quebantur.
1187 2447 1289 2497 Servius
1302 2451 1385 2497 autern
1401 2449 1535 2512 proconsul
1548 2448 1639 2501 bellum
1656 2453 1777 2503 exanimi

999 2540 1120 2591 sententia
1131 2554 1160 2590 ac
1173 2540 1285 2591 celeriter
1298 2541 1412 2591 coniecit.
1433 2544 1489 2592 Uno
1498 2542 1566 2594 eninr
1578 2545 1665 2609 praelio
1683 2549 1777 2610 ,muns

1000 2633 1064 2683 ludit
1086 2632 1243 2696 fugauitque,
1268 2632 1343 2696 idque
1365 2633 1418 2683 siue
1447 2634 1499 2685 ullo
1525 2638 1639 2700 negotio,
1665 2638 1777 2690 lrostilrus

999 2723 1078 2785 primo
1089 2722 1197 2772 adventu
1207 2723 1353 2786 perterritis.
1387 2722 1498 2784 Deinde,
1512 2727 1637 2789 quumilli
1651 2729 1676 2778 in
1695 2729 1776 2779 muni·

998 2815 1077 2865 tiones
1094 2829 1153 2864 snas
1171 2814 1356 2877 confugissent,
1373 2828 1460 2866 eorum
1483 2832 1577 2881 agrum
1598 2821 1712 2871 sesana
1743 2825 1775 2871 At

999 2908 1117 2968 Seruilio,
1137 2908 1208 2958 alteri
1235 2909 1342 2970 cennsali,
1366 2923 1521 2975 praepropero
1544 2926 1576 2965 ae
1601 2917 1695 2965 temere
1720 2928 1775 2965 cum

997 3000 1110 3050 hostibus
1134 3015 1277 3064 congresso,
1298 3016 1339 3053 res
1361 3002 1432 3053 valde
1457 3009 1550 3068 praeter
1568 3007 1775 3070 exspectationem

998 3096 1131 3155 successit,
1147 3097 1206 3159 quia
1217 3096 1301 3146 Volsci
1314 3096 1385 3147 valde
1400 3100 1501 3149 strenue
1517 3099 1540 3149 ei
1556 3101 1719 3161 restiterunt,
1730 3116 1778 3165 quo

999 3190 1063 3239 lacto
1076 3192 1147 3237 actus
1159 3191 1197 3238 est
1209 3189 1294 3238 mullis
1310 3194 1335 3240 et
1356 3190 1460 3240 lontibus
1475 3192 1575 3243 amissis
1593 3208 1653 3244 euni
1669 3194 1778 3245 hostibus

997 3282 1102 3346 amplius
1123 3296 1171 3331 nori
1194 3283 1321 3346 congredi,
1338 3283 1382 3334 sed
1401 3284 1425 3333 in
1444 3284 1533 3335 castris
1555 3300 1582 3337 se
1597 3289 1739 3347 continere,
1753 3294 1777 3340 ct

998 3375 1177 3425 velitationibus
1193 3390 1221 3423 ac
1237 3374 1333 3425 levilms
1356 3376 1543 3427 ferentariorurn
1571 3380 1667 3443 proeliis
1687 3380 1777 3431 latium

997 3468 1096 3517 trabere
1112 3469 1207 3518 statuit.
1242 3472 1276 3517 ilc
1287 3471 1312 3517 L.
1326 3468 1439 3517 AEmilius
1452 3472 1538 3518 contra
1552 3472 1674 3521 Etruscos
1688 3474 1778 3523 missus

996 3560 1131 3608 exereitum
1149 3559 1288 3609 Veientium
1301 3563 1358 3608 ante
1372 3558 1450 3621 ipsam
1470 3559 1555 3609 urbem
1571 3566 1669 3619 nactus,
1681 3568 1708 3613 ct
1724 3577 1779 3613 curn

998 3648 1058 3714 ipsis
1074 3650 1164 3700 rriultas
1179 3649 1310 3698 auxiliares
1330 3648 1413 3712 copias
1426 3648 1458 3698 ab
1471 3648 1582 3699 ciusdem
1598 3654 1680 3714 gentis
1699 3668 1779 3719 popu·

998 3740 1028 3789 lis
1044 3745 1147 3799 missas,
1160 3741 1220 3790 nibil
1233 3740 1339 3802 arreptius
1352 3743 1483 3790 cunctatus
1504 3755 1555 3792 rem
1571 3748 1610 3793 est
1626 3759 1779 3808 aggressus:

1000 3835 1119 3896 uniusque
1143 3832 1193 3881 diei
1209 3833 1302 3894 spatio,
1317 3844 1349 3880 es
1374 3846 1423 3894 quo
1444 3837 1525 3883 castra
1546 3839 1655 3886 metatus
1681 3840 1778 3901 suerat,

997 3924 1152 3984 intermisso,
1167 3924 1249 3985 capias
1266 3923 1290 3970 in
1315 3924 1426 3985 puralium
1449 3925 1549 3987 eduxit,
1568 3928 1719 3981 Veientibus
1733 3948 1777 3982 au·

996 4016 1126 4066 ducissime
1151 4028 1237 4063 manus
1258 4016 1451 4067 conserentibus.
1486 4020 1569 4076 Quum
1597 4025 1683 4071 autem
1707 4038 1779 4088 aquo

997 4113 1075 4158 marte
1090 4111 1236 4164 certaretur,
1253 4107 1390 4169 cartilatum
1404 4108 1428 4158 in
1443 4109 1558 4160 ‹lextrum
1571 4125 1648 4161 cornu
1666 4115 1777 4168 irairnisit.

996 4203 1051 4258 Quo
1063 4198 1207 4263 perturbato
1227 4200 1251 4248 in
1273 4198 1377 4248 alterum
1390 4201 1528 4262 contendit,
1548 4207 1573 4252 el
1586 4217 1617 4253 ea
1633 4218 1696 4268 equa
1712 4220 1778 4269 pug-

997 4292 1083 4349 nabat,
1096 4291 1138 4340 nbi
1150 4291 1196 4340 loni
1218 4293 1305 4339 natura
1321 4292 1421 4352 terebat,
1439 4294 1479 4343 nbi
1492 4307 1550 4344 uero
1564 4295 1590 4345 id
1603 4311 1649 4345 non
1665 4297 1775 4359 patieba-

995 4388 1036 4432 lnr
1063 4384 1179 4435 desiliens
1206 4398 1269 4448 equo
1296 4398 1402 4447 pugnam
1432 4385 1571 4450 pedestrem
1596 4389 1773 4441 corariiitlebat.

994 4475 1131 4525 Labarante
1155 4480 1237 4524 autern
1267 4480 1374 4539 utrotpre
1396 4492 1485 4536 cornu,
1510 4493 1540 4529 ne
1567 4480 1646 4530 media
1671 4480 1775 4541 uiridem

994 4569 1060 4617 acies
1073 4568 1178 4630 amplius
1193 4568 1257 4618 liosti
1271 4570 1350 4631 proluit
1368 4572 1579 4630 1·esisterc,scda
1596 4573 1705 4636 peditatu
1720 4573 1776 4623 loeo

994 4657 1063 4721 euulsa
1074 4662 1122 4708 est·
1156 4663 1190 4707 Ac
1203 4673 1260 4707 ιιιιια
1271 4674 1355 4709 eirenes
1372 4660 1396 4709 in
1409 4664 1490 4710 casira
1504 4664 1627 4723 ingerunt.
1663 4665 1776 4715 AEmilius

995 4764 1052 4799 vero
1073 4751 1198 4811 largientes
1216 4751 1391 4813 inserpuebatur
1411 4754 1531 4803 instructa
1548 4757 1775 4821 ncie;1nullosiprc

994 4841 1123 4890 interiecit.
1141 4844 1224 4898 Quium
1237 4845 1320 4890 autern
1334 4842 1365 4889 ad
1380 4846 1462 4892 eastra
1478 4847 1638 4903 accessisset,
1661 4846 1774 4896 instituta

993 4943 1079 4978 corum
1098 4942 1140 4992 per
1166 4929 1231 4978 sices
1248 4931 1443 4992 oppugnatione,
1468 4935 1545 4981 toturn
1568 4933 1637 4983 illum
1660 4935 1725 4985 aliern
1750 4940 1773 4984 ct

993 5025 1090 5071 iroctcm
1104 5024 1245 5083 sequentem
1258 5021 1291 5070 ibi
1308 5023 1404 5071 mansit.
1441 5027 1540 5073 Postero
1552 5025 1592 5075 die
1609 5026 1724 5077 hostibus
1737 5028 1774 5077 ln·

993 5112 1051 5163 tiore
1062 5119 1084 5164 ct
1096 5112 1239 5162 uulireribus
1252 5117 1324 5176 ιιῐιγιιυ
1336 5115 1426 5177 sigiliis
1443 5115 1583 5180 defatigatis
1598 5121 1688 5169 eastris
1706 5121 1773 5183 poti·
