3772 5828
164 279 223 338 liiii

162 410 192 469 τὸ
206 409 294 487 ἔργον,
310 404 461 472 ἀναστήσας
473 405 517 462 τὸν
529 407 640 482 στρατὸν
653 398 715 479 ήγεν
731 407 774 463 ἐπὶ
789 408 835 473 itit
847 406 933 481 reditu,

621 336 623 343 ,
684 273 848 334 titoxtstt
872 273 1247 335 tlnttcnttttnsstettsts

990 420 1075 469 multis
1099 421 1218 472 maclrinis
1243 426 1268 474 et
1291 423 1381 475 esteris
1407 424 1575 475 instrumentis
1602 425 1633 474 sd
1665 439 1764 491 oppug-

163 495 287 574 μηχανά(
303 517 330 550 ³⁵
344 493 497 558 πθλθθίκαί
510 484 593 549 τᾶθλα
608 491 671 569 πρὸς
685 493 858 571 ἳῑῑλοθαέίαν
872 514 934 550 ²²³·
962 494 964 573 ί
990 520 1112 570 notionem
1126 523 1232 585 puratis,
1247 525 1339 574 nonab
1355 525 1384 575 'ea
1402 538 1529 575 murorum
1553 528 1638 589 parte,
1660 527 1703 576 ubi
1720 540 1765 576 eu·

164 580 335 658 εσκευασμέν’
361 579 540 656 ἐπαγόμενος,
568 580 597 636 οὐ
621 579 678 636 καθ’
703 579 731 638 δν
757 583 784 636 αἱ
814 579 936 657 διώρυγες

165 672 280 748 ἐγίνοντο
292 672 341 726 τοῦ
352 668 453 745 τείχους
468 667 565 740 τύπον,
583 665 651 723 elit
668 666 726 723 καθ’
738 667 835 745 ἕτερον.
875 669 937 725 Τῶν

124 779 137 816 ⁶
165 757 193 817 ὀί
207 755 361 826 Φιδηναίων
375 757 419 813 ἐπὶ
433 753 466 811 τδι
480 755 686 830 πολιορκούμενα
700 755 767 832 μέρη
779 757 826 824 τῆς
837 756 937 821 πόλεως

166 844 366 925 συνδραμόντων
384 842 500 919 ἀθρόων,
517 840 563 898 καὶ
583 840 630 906 τδις
648 841 797 918 προσθολθις
813 842 937 918 γενναίως

165 931 377 1013 άποτριόομένων
387 973 395 1000 ,
407 928 642 1005 ἀναστομώσαντες
651 927 684 986 τδι
696 930 796 1007 πέρατα
809 933 860 987 τῶν
872 932 937 988 ὑπο-

168 1020 252 1098 νόμων
268 1024 291 1077 οἱ
304 1017 443 1096 ταχθέντες
457 1017 500 1075 ἐπὶ
514 1016 598 1095 τούτῳ
610 1015 753 1092 Ῥωμαίων
766 1017 835 1083 ἐντὸς
849 1015 938 1094 ἐγεγύ-

165 1128 243 1169 νεσαν
270 1113 313 1164 τοῦ
341 1103 501 1184 περιόολου,
528 1103 573 1161 καί
598 1102 658 1169 τοῦς
682 1103 761 1180 θμόσε
786 1108 937 1183 χωροῦντας

114 1216 139 1256 tn
156 1194 359 1274 ,διαφθείραντες
376 1192 507 1266 ἀνοίγουσι
527 1194 580 1256 τοῖς
594 1193 762 1270 πολιορκοῦσι
777 1191 823 1257 τδις
842 1192 935 1257 πύλας.

165 1284 277 1343 Πολλῶν
294 1282 315 1338 δ’
336 1283 362 1337 ἐν
378 1283 410 1356 τῇ
434 1279 583 1356 καταλήψει
599 1282 646 1349 τῆς
666 1279 766 1345 πόλεως
783 1277 936 1355 ἀπολλυμέ-

164 1392 229 1441 νων,
241 1368 300 1434 τοθς
315 1367 419 1431 λοιποὺς
433 1370 484 1425 τῶν
499 1366 653 1437 Φιδηναίων
670 1366 739 1425 ὀπλο
758 1389 786 1424 τε
801 1366 937 1443 παραδοῦ-

164 1476 208 1515 ναι
228 1454 352 1520 κελεύσας
366 1459 380 1513 δ
397 1454 532 1534 Μάρκιος,
553 1453 597 1511 καί
613 1455 649 1521 εἰς
662 1453 708 1512 ἕνα
721 1453 801 1512 τόπον
820 1457 867 1523 τῆς
886 1452 937 1511 πά-

166 1547 232 1608 λεως
259 1545 376 1607 ἅπαντας
406 1541 570 1621 προκηρύξας
602 1544 748 1612 συνελθεῖν,
779 1540 880 1619 ὀλίγους
911 1540 937 1608 ἐξ

114 1649 139 1687 ts
169 1632 255 1690 αὐτῶν
273 1629 330 1696 τοὺς
351 1631 448 1696 αἰτίους
469 1633 516 1695 τῆς
539 1630 709 1696 ἀποστάσεως
730 1628 848 1706 μάστιξιν
867 1630 937 1686 αἰκι-

167 1719 279 1793 σάμενος
304 1716 468 1776 ἀπέκτεινεν·
495 1715 578 1783 οἰκίας
600 1717 622 1775 δ’
645 1716 767 1776 ἃπάντων
793 1716 937 1794 διαρπάσαι

165 1811 219 1872 τοῖς
232 1803 405 1885 στρατιώταις
419 1802 576 1884 ἐπιτρέψας,
588 1803 633 1863 καί
648 1803 761 1885 φρουρὰν
774 1806 800 1862 ἐν
814 1808 847 1882 τῇ
862 1804 937 1862 πολεῖ

166 1891 320 1953 καταλιπών
336 1891 493 1972 ἀξιόχρεων,
510 1893 596 1969 ἐπῆγε
611 1891 658 1962 τήν
671 1891 780 1964 δύναμιν
795 1891 838 1950 ἐπὶ
852 1891 937 1951 Σαόί·

166 2005 236 2047 νους.
279 1979 349 2041 obli
361 1981 413 2059 γδιρ
425 1981 518 2039 ἐκεῖνοι
527 1981 657 2057 διέμειναν
670 1983 697 2038 ἐν
710 1983 766 2044 ταῖς
778 1980 938 2057 ὁμολογίαις,

112 2087 140 2125 το
166 2069 197 2134 θς
212 2070 368 2138 ἐποιήσαντο
378 2069 438 2147 περὶ
451 2073 496 2138 τῆς
507 2067 610 2146 εἰρήνης
624 2068 687 2147 πρὸς
699 2066 809 2146 βασιλέα
821 2066 932 2135 Τύλλον,

166 2156 225 2215 ἀλλ’
240 2156 397 2229 ἐμύαλόντες
409 2159 445 2221 εἰς
454 2156 503 2228 τήν
515 2155 658 2231 Ῥωμαίων
672 2159 738 2233 γῆν,
751 2154 842 2233 ἐδῄουν
856 2155 937 2227 αὐτῆς

165 2243 214 2315 τὴν
228 2244 332 2320 ὅμορον.
375 2241 476 2302 Μαθὼν
489 2244 512 2298 δ’
526 2245 540 2298 ὀ
554 2239 672 2319 Μάρκιος
687 2241 759 2320 παρά
768 2264 796 2298 τε
808 2243 937 2299 κατασκό·

166 2353 224 2388 πων
250 2331 295 2386 καί
315 2329 468 2401 αὐτομολων
492 2329 537 2385 τὸν
560 2327 650 2406 καιρὸν
665 2332 711 2398 τῆς
731 2327 935 2408 ἐπιχειρήσεως,

166 2417 363 2494 ἐσκεδασμένων
387 2419 440 2472 τῶν
455 2415 576 2475 Σαθίνων
595 2416 640 2474 καί
659 2415 857 2486 λεηλατούντων
877 2414 936 2483 τοθς

111 2531 138 2566 ns
166 2506 274 2586 ἀγροὺς,
291 2503 367 2571 αθτός
382 2503 430 2579 μίν
452 2501 509 2574 ἅμα
523 2504 577 2569 τοῖς
599 2507 686 2570 πεζοῖς
702 2502 745 2562 tri
765 2503 809 2560 τὸν
829 2502 936 2580 χάρακα

166 2598 218 2652 τῶν
232 2590 366 2666 πολεμίοιν
378 2593 533 2670 οἰρικάμενος
545 2590 635 2667 ὀλίγην
649 2591 742 2670 ἔχοντα
754 2590 873 2673 φυλακήν
888 2615 936 2651 κα-

165 2679 331 2756 ταλαμόάνει
353 2679 383 2737 τὸ
397 2677 517 2757 ἔρυμίὲξ
533 2678 642 2757 ἐρόδου,
659 2677 804 2757 Ταρκύνιον
828 2680 855 2738 δὲ
876 2678 936 2748 τοθς

165 2773 254 2834 ίππεῖς
275 2765 362 2845 ἄγοντ’
386 2766 429 2823 ἰπὶ
450 2764 508 2830 τοὺς
528 2769 555 2822 ἰν
572 2767 714 2844 προνομαῖς
731 2766 934 2840 ἐσκεδασμένους

163 2855 312 2933 ἐπείγεσθαι
327 2856 461 2916 ἐκέλευεν.
475 2853 607 2920 iterim<
622 2856 645 2912 δ’
662 2857 685 2912 οἱ
701 2852 812 2914 nitro
824 2853 871 2925 τήν
887 2853 901 2912 ἰ
919 2889 933 2900 -

109 2976 137 3014 20
163 2967 212 3002 πον
222 2948 273 3001 τῶν
289 2942 431 3019 Ῥωμαίων
446 2942 489 3000 ἐπὶ
502 2950 568 3020 σρᾶς
580 2943 753 3013 ἐλαύνουσαν,
770 2942 876 3021 άρέντες
887 2943 934 3012 τήν

163 3029 235 3089 λείαν
260 3030 304 3086 καί
321 3027 367 3092 τδις
391 3029 472 3093 ἄλλοις
493 3029 633 3106 ώρελείας,
654 3029 716 3094 ὅσας
738 3028 826 3108 ἔφερόν
844 3053 872 3088 τε
889 3031 934 3088 καί

164 3108 246 3193 ήγον,
270 3117 376 3196 ἐρευγον
399 3116 442 3173 ἐπί
461 3114 504 3173 τδν
527 3115 647 3194 χάρακα.
691 3115 739 3182 Ὠς
762 3114 789 3174 δὲ
814 3121 933 3177 κάκεῖνον

164 3204 281 3281 ἐγνωσαν
302 3203 479 3282 κατεχόμενον
505 3207 554 3261 θπὸ
577 3207 629 3261 τῶν
656 3208 757 3272 πεζῶν,
777 3208 934 3285 ἀποροῦντες

163 3294 222 3353 ὅποι
234 3292 372 3375 τράποιντο
395 3290 538 3349 συνέτεινον
550 3293 586 3356 είς
599 3289 662 3357 ὕλας
671 3315 698 3349 τε
709 3293 753 3350 καὶ
765 3292 822 3370 ὅρη.
864 3298 933 3351 Διω-

109 3405 136 3442 su
165 3383 270 3455 κύμενοι
294 3383 317 3439 δ’
333 3379 384 3437 ιἰπθ
407 3381 460 3435 τῶν
476 3380 559 3456 ψιλῶν
581 3378 625 3435 καί
651 3384 702 3437 τῶν
723 3380 838 3451 ἱππέοιν,
852 3381 934 3457 ὀλίγοι

163 3469 212 3546 μίν
222 3492 288 3533 τινες
303 3468 454 3539 ἐσώθησαν,
472 3469 495 3524 ol
507 3467 534 3524 δὲ
542 3467 645 3532 πλείους
655 3469 837 3544 διεφθάρησαν.
882 3471 935 3528 Καί

164 3560 232 3633 μετθι
247 3556 294 3628 τήν
309 3553 446 3635 συμρορθιν
461 3553 559 3625 ταύτην
570 3555 794 3631 πρεσὸευσάμενοι
808 3557 887 3614 πάλιν
899 3560 934 3625 εἰς

163 3643 273 3718 Ῥώμην
295 3642 397 3720 εἰρήνης
417 3643 590 3722 τυγχάνουσιν
606 3642 660 3707 οἵας
682 3643 828 3721 ἐβούλοντο.
872 3644 935 3706 Ἔτι

163 3731 214 3810 γὰρ
230 3735 243 3787 θ
257 3729 319 3808 πρὸς
334 3729 379 3796 τθς
392 3731 511 3789 Λατίνων
524 3730 612 3794 πόλεις
624 3730 786 3802 συνεστηκὼς
799 3735 853 3798 τοῖς
862 3731 932 3793 Ῥω-

113 3836 137 3872 ιυ
165 3819 253 3895 μαίοις
264 3817 377 3894 πόλεμος
388 3819 532 3895 ἀναγκαίας
542 3818 624 3876 ἐποίει
638 3818 684 3883 τθις
699 3820 760 3898 πρὸς
773 3818 830 3884 τοὺς
841 3821 934 3887 ἄλλους

164 3904 270 3984 ἐχθρούς
285 3906 381 3983 οἰνοχάς
394 3906 479 3964 τεκαὶ
497 3904 636 3971 διαλύσεις.

205 3994 277 4054 llll.
290 3994 417 4072 Τετάρτῳ
428 3993 454 4050 δὲ
466 3991 581 4069 μάλιστα
594 3992 663 4070 μετδι
675 3993 748 4051 τάνδε
762 3994 805 4051 τὸν
816 3994 933 4069 πόλεμον

166 4083 275 4158 ἐνιαυτῷ
296 4082 445 4158 Μάρκιοςθ
467 4085 519 4138 τών
541 4079 684 4157 Ῥωμαίων
701 4080 821 4159 βασιλεὺς
840 4083 886 4152 τήν
905 4107 933 4141 τε

166 4167 301 4236 πολιτικήν
317 4167 427 4244 δύναμιν
448 4168 518 4244 ἄγων
533 4169 579 4225 καί
597 4167 644 4238 τήν
659 4166 831 4246 συμμαχικὴν
848 4193 931 4244 μετα-

109 4274 135 4310 ts
164 4254 335 4334 πεμψάμενος
348 4252 411 4326 θ’σην
427 4254 535 4314 ἐδύνατο
549 4255 691 4328 πλείστην,
705 4255 874 4335 ἐστράτευσεν
890 4258 933 4317 ἐπὶ

163 4340 335 4406 Οὐϊεντανοθς
358 4341 403 4398 καί
418 4343 519 4415 πολλήν
536 4348 582 4414 τῆς
600 4344 688 4425 χώρας
703 4345 787 4402 αὐτῶν
809 4343 932 4422 ἐδῄωσεν.

164 4427 277 4486 Ἐκεῖνοι
301 4429 323 4486 δ’
343 4427 448 4505 ἤρξαντ’
471 4433 581 4510 ἐνιαυτῷ
602 4433 727 4511 πρότερον
743 4433 780 4498 εἰς
795 4431 843 4501 τὴν
863 4431 933 4490 Ῥω-

166 4517 251 4590 μαίων
275 4520 323 4593 γῆν
349 4516 524 4590 ἐμύαλάντες,
549 4519 594 4577 καί
620 4521 718 4586 πολλοῖς
741 4520 788 4596 μὲν
813 4520 934 4598 ἁρπαγὰς

162 4605 327 4683 χρημάτων,
343 4603 424 4662 πολὺν
443 4607 465 4662 δ’
487 4607 628 4684 ἀνθρώπων
647 4608 750 4687 ὀλεθρον
767 4610 931 4681 ποιήσαντες.

117 4709 143 4744 ευ
164 4695 296 4769 Στρατιῦς
311 4693 338 4750 δὲ
352 4695 451 4762 πολλῆς
466 4693 540 4770 παρὰ
555 4699 605 4752 τῶν
624 4698 787 4756 Οόἰεντανῶν
812 4696 929 4765 ἐξελθού-

162 4802 210 4850 σης
226 4780 271 4837 καί
291 4780 374 4861 πέραν
389 4785 435 4838 τοῦ
454 4780 579 4858 Ἰἐὸέριος
597 4789 716 4859 ποταμοῦ
736 4783 800 4863 πρὸς
818 4808 850 4862 τη
873 4788 929 4845 Φι-

163 4865 277 4935 δηναίων
299 4872 374 4928 πόλει
396 4868 438 4927 τὸν
461 4868 569 4946 χάρακα
584 4871 708 4946 θεμίνης,
729 4870 869 4930 ὀναλαόὼν
884 4869 930 4942 τήν

162 4948 394 5033 bisuntinique<
415 4948 469 5036 εἶχε
491 4954 603 5034 τάχους,
620 4957 666 5016 καῖ’
679 4962 784 5038 πρῶτον
810 4957 856 5036 μὲν
878 4961 929 5017 τῶν

163 5033 207 5097 ὀπί
224 5037 272 5107 τὴν
293 5044 382 5122 χώραν
398 5043 490 5113 ίίόδων
513 5041 605 5111 αὐτοὺς
626 5046 780 5109 ἀπέκλεισεν
795 5048 928 5124 ίππσκρα·

991 606 1066 670 nieuli
1088 622 1230 685 agebantur,
1251 623 1294 673 sed
1310 623 1341 672 ab
1359 624 1415 674 alia.
1448 626 1512 674 Cum
1527 628 1612 673 autern
1630 624 1761 675 Fidenates

991 724 1024 773 nd
1045 725 1099 775 loca
1122 727 1190 778 urbis
1212 732 1348 793 oppugnata
1370 730 1510 792 trequentes
1533 729 1711 790 accurrissent,
1734 733 1762 781 et

991 825 1090 875 strenue
1115 826 1225 879 hostium
1246 829 1364 893 impeturn
1390 829 1550 893 repellerent,
1566 830 1682 890 Romani,
1704 830 1762 894 qui-

990 922 1038 974 bus
1049 923 1074 974 id
1090 928 1215 990 negotium
1224 927 1310 978 datum
1325 934 1390 989 erat,
1403 931 1525 992 patelacto
1539 930 1709 980 cuniculorum
1720 944 1763 981 ore

990 1023 1054 1075 intra
1080 1028 1171 1077 moenia
1198 1042 1224 1108 se
1247 1028 1416 1085 insinuarunt.
1441 1032 1466 1079 et
1491 1029 1563 1080 obvio
1578 1042 1678 1093 quoque
1698 1043 1765 1080 censo

991 1126 1043 1175 suis
1065 1127 1109 1189 qni
1122 1127 1211 1177 urbem
1230 1128 1377 1178 obsidebant
1400 1132 1484 1192 portas
1503 1132 1661 1192 aperuerunt.
1694 1130 1762 1179 illul·

991 1223 1023 1273 tis
1044 1237 1104 1275 vero
1127 1225 1198 1275 eaesis
1218 1226 1244 1274 in
1266 1225 1334 1275 urbis
1359 1226 1552 1289 expugnatione,
1575 1227 1683 1282 blaseius
1701 1228 1761 1279 rell-

990 1333 1053 1382 quos
1073 1322 1202 1373 Fidenates
1221 1336 1288 1373 armo
1303 1322 1399 1373 tradere
1422 1323 1508 1384 iussit,
1530 1328 1554 1374 et
1567 1337 1612 1389 per
1624 1339 1761 1388 predonem

991 1429 1076 1467 omues
1098 1417 1122 1466 in
1146 1432 1222 1468 unum
1248 1418 1316 1468 urbis
1341 1419 1422 1467 locum
1445 1419 1603 1481 convocarit,
1617 1425 1643 1468 et
1670 1433 1764 1482 paucos

993 1523 1023 1559 ex
1043 1511 1104 1576 ipsis
1124 1510 1270 1562 delectionis
1288 1517 1403 1564 auctores
1420 1513 1497 1578 virgis
1510 1527 1587 1564 cesos
1602 1515 1682 1565 securi
1704 1528 1763 1579 per-

992 1609 1081 1672 cussie
1106 1613 1160 1660 tum
1184 1609 1302 1661 militibus
1323 1612 1434 1661 omnium
1455 1610 1542 1661 domos
1571 1612 1676 1676 diripere
1704 1625 1763 1676 per-

991 1706 1059 1757 misit
1091 1711 1132 1769 et,
1165 1707 1281 1771 presidio
1307 1706 1368 1757 sutis
1406 1707 1477 1757 drmo
1502 1706 1528 1757 in
1561 1709 1622 1757 urbe
1660 1709 1761 1770 relicto,

992 1803 1125 1854 exereitum
1148 1802 1175 1853 in
1197 1802 1300 1853 Sabinos
1324 1802 1403 1853 duxit.
1462 1806 1525 1855 Nam
1549 1818 1581 1855 ne
1605 1805 1630 1852 tri
1661 1804 1761 1867 quidem

992 1905 1119 1952 servarunt
1132 1899 1283 1949 conditiones
1301 1899 1386 1963 paris,
1399 1913 1474 1963 quam
1489 1913 1547 1951 eum
1562 1914 1619 1964 rege
1630 1900 1700 1950 'lullo
1722 1901 1760 1951 le·

991 2000 1088 2059 errant,
1100 1998 1144 2049 sed
1158 1998 1221 2047 lacta
1237 1996 1373 2062 irruptione
1387 1997 1411 2046 in
1427 2011 1513 2061 agrum
1532 1999 1667 2047 Romanum
1684 2010 1763 2061 apros

991 2092 1042 2142 suis
1062 2091 1176 2142 finitimos
1196 2090 1333 2141 vastabant.
1378 2092 1489 2141 litaroius·
1508 2104 1566 2141 rem
1583 2106 1628 2155 per
1647 2091 1762 2155 explora·

991 2192 1058 2240 tores
1081 2191 1106 2238 et
1129 2187 1265 2250 translegas
1290 2189 1385 2252 cognita
1403 2188 1584 2251 opportunitate
1601 2187 1684 2237 liortis
1697 2186 1760 2237 edo-

990 2284 1080 2345 riendi,
1110 2284 1204 2334 Sabinis
1226 2283 1365 2348 palantibus
1387 2288 1412 2334 et
1439 2298 1509 2345 egros
1536 2283 1758 2347 depopulantibus.

990 2379 1043 2442 ipse
1065 2391 1123 2429 eum
1145 2379 1268 2443 peditibus
1284 2379 1315 2429 ad
1338 2379 1446 2429 bostium
1471 2378 1562 2428 vallum
1582 2380 1670 2441 exiguo
1696 2391 1758 2441 prea-

990 2473 1052 2524 sidio
1077 2474 1197 2524 munitum
1223 2475 1361 2537 proiectus,
1388 2473 1548 2524 munitionem
1567 2473 1646 2538 primo
1665 2473 1760 2537 impetu

989 2568 1119 2632 oeeupavit
1139 2588 1146 2620 ι
1167 2569 1325 2634 Tarquinium
1346 2583 1404 2620 reru
1424 2570 1496 2619 iussit
1521 2570 1545 2619 in
1566 2570 1649 2621 hostes
1668 2569 1695 2620 in
1716 2584 1761 2635 pa·

989 2663 1154 2716 bulationibus
1168 2666 1291 2730 dispersos
1306 2668 1443 2730 equitatum
1458 2667 1572 2717 celeriter
1583 2667 1682 2718 ducere.
1715 2671 1761 2718 Sa·

988 2761 1039 2812 bini
1055 2776 1112 2812 cnm
1131 2763 1248 2813 vidissent
1261 2766 1398 2814 Romanum
1412 2763 1550 2827 equitatum
1568 2765 1653 2813 eontra
1666 2777 1694 2814 se
1715 2778 1761 2815 re·

988 2858 1057 2920 nire,
1083 2859 1174 2910 omissa
1203 2860 1287 2923 preda
1309 2864 1334 2910 et
1357 2861 1445 2911 ceteris
1467 2859 1541 2909 rebus
1565 2875 1628 2925 ques
1656 2861 1761 2924 agebant

989 2971 1018 3007 ao
1037 2958 1162 3018 terebant,
1179 2957 1210 3007 ad
1231 2961 1312 3007 eastra
1335 2959 1446 3019 reingere
1469 2958 1604 3020 eoeperunt.
1638 2956 1686 3007 Ubi
1703 2970 1762 3006 vero

988 3071 1018 3107 ea
1033 3071 1131 3122 qnoque
1143 3058 1174 3107 ab
1191 3057 1300 3107 bostium
1312 3058 1423 3120 peditatu
1436 3063 1558 3121 oeenpets
1573 3057 1697 3119 uiderunt,
1709 3058 1760 3107 du·

989 3163 1096 3213 bitantes
1107 3176 1157 3225 quo
1171 3175 1197 3211 se
1208 3164 1343 3222 verterent,
1357 3161 1388 3211 nd
1401 3162 1475 3228 silvas
1486 3167 1511 3212 et
1524 3164 1621 3213 montes
1631 3162 1762 3213 contende·

988 3273 1053 3319 runt.
1086 3270 1133 3320 Sed
1156 3283 1214 3319 eum
1236 3282 1279 3318 eos
1292 3269 1379 3319 vetitos
1396 3270 1421 3318 et
1436 3268 1532 3330 equites
1547 3273 1760 3332 persequerentur,

987 3367 1060 3431 paud
1075 3366 1177 3430 quidam
1199 3366 1334 3415 ineolumes
1354 3369 1497 3427 eraserunt,
1520 3379 1551 3414 ae
1573 3366 1650 3415 maior
1674 3380 1761 3419 eorum

988 3476 1044 3526 pers
1055 3463 1153 3513 interiit.
1186 3464 1238 3512 llao
1257 3462 1326 3511 clade
1340 3465 1440 3525 ueeepta
1455 3474 1541 3509 rursus
1555 3461 1641 3524 legatis
1660 3464 1761 3512 Romam

988 3567 1070 3616 missis
1081 3580 1167 3631 paerm
1177 3579 1251 3629 quom
1260 3565 1376 3629 petebant
1385 3563 1555 3627 impetrarunt.
1589 3565 1652 3612 llam
1662 3563 1760 3619 bellum.

987 3663 1055 3727 quod
1066 3676 1122 3712 eum
1136 3662 1228 3712 Latinis
1238 3662 1334 3725 populis
1347 3661 1449 3711 ltonrnni
1465 3659 1688 3719 adiungendum,
1703 3660 1762 3709 etie-

988 3760 1022 3807 rit
1039 3764 1067 3808 ut
1079 3773 1178 3809 neeesse
1194 3764 1258 3808 esset
1272 3773 1328 3808 enm
1342 3759 1431 3808 ceteris
1442 3756 1588 3806 adversariis
1598 3756 1637 3805 rel
1650 3756 1761 3807 indusias

988 3866 1026 3915 rol
1038 3879 1123 3929 pacem
1133 3865 1230 3913 trabere.

1018 4007 1265 4064 litteratorium
1273 4005 1348 4052 terme
1358 4002 1536 4065 annoposthoc
1544 4002 1759 4065 bellurn,llaroius

987 4115 1151 4161 Romanorum
1166 4123 1206 4159 rex
1219 4109 1309 4158 civium
1319 4108 1395 4170 copiis
1407 4107 1503 4157 eductis
1521 4110 1546 4157 et
1559 4107 1680 4157 sociorum
1690 4109 1758 4158 auni-

987 4215 1026 4266 liis
1037 4217 1127 4277 quanta
1142 4213 1248 4276 plurima
1261 4211 1339 4274 potuit
1350 4211 1475 4261 o‹·‹·ersitis
1485 4211 1509 4259 in
1522 4211 1636 4261 Veientes
1651 4215 1688 4261 est
1700 4226 1756 4275 pro·

987 4318 1080 4374 tectus,
1105 4326 1266 4377 magnamque
1289 4325 1373 4362 eorum
1387 4313 1438 4375 egri
1460 4316 1554 4376 purtem
1574 4313 1704 4363 vastarit:
1724 4315 1758 4365 illi

987 4420 1050 4469 enirn
1065 4418 1160 4481 priores
1174 4415 1299 4478 superiore
1314 4428 1378 4464 anno
1393 4415 1417 4463 in
1436 4428 1521 4477 agrurn
1533 4418 1669 4465 ltomanum
1689 4415 1757 4467 irru-

987 4528 1086 4590 perant,
1109 4529 1134 4574 et
1158 4535 1269 4586 magnam
1291 4521 1397 4584 praedam
1427 4520 1572 4582 abegerunt,
1595 4533 1759 4583 magnumque

986 4631 1112 4680 bominum
1125 4628 1217 4677 credent
1229 4629 1345 4695 tecerant.
1358 4624 1406 4675 Sed
1420 4639 1475 4674 oum
1490 4638 1592 4688 magnus
1606 4626 1758 4676 exercitus&

987 4732 1130 4784 Veientibus
1141 4731 1294 4788 educeretur,
1306 4732 1329 4777 ot
1342 4732 1409 4794 trsns
1421 4727 1509 4775 ilumen
1523 4727 1631 4778 Tiberim
1645 4730 1675 4778 ad
1687 4727 1758 4778 Fide·

985 4853 1030 4891 nas
1043 4841 1123 4889 austra
1135 4838 1250 4902 poneret,
1267 4833 1375 4883 Murrius
1388 4833 1478 4894 quanta
1499 4832 1605 4881 marinna
1620 4837 1699 4896 potuit
1713 4847 1757 4884 ee·

987 4944 1081 4995 leritate
1097 4943 1185 4994 educto
1206 4942 1314 4991 exercitu
1333 4938 1438 5003 primum
1462 4936 1516 4985 rias
1534 4952 1635 5000 ornnes,
1659 4953 1708 5002 qua
1729 4939 1754 4987 in

985 5064 1069 5113 agrurn
1083 5047 1152 5099 exire
1172 5047 1300 5110 poterunt,
1317 5041 1427 5106 equitatu
1451 5039 1602 5101 interclusit,
1624 5052 1673 5103 quo
1687 5038 1755 5103 lunge
