3772 5828
190 324 232 388 20
703 329 870 391 liluhl'sll
895 334 1273 404 unulchnnssseusis

187 451 220 530 ήν
237 457 394 542 Ὀμόρικοῖς
409 463 427 531 ἡ
443 459 555 531 οἴκησις,
569 461 648 520 αὐτοῦ
665 464 866 540 καταμείνασαν
884 467 957 544 ἱδρύ-

186 551 283 607 σασθαι
296 547 384 613 πόλεις
394 547 441 614 τὰς
456 548 496 606 ίτι
514 551 559 607 καὶ
570 551 630 608 κατ’
647 549 726 608 αιἰτδν
748 552 848 610 ίκεῑνον
862 552 956 622 οὔσας.

226 637 358 698 XXVIII.
370 635 464 714 ’ίόότιρ
476 640 513 715 τῷ
521 637 592 715 λόγῳ
602 635 713 703 πολλοὺς
721 636 766 697 καὶ
782 638 877 706 ἀλλους
891 665 956 719 συγ·

184 732 293 805 γραφεῖς
303 724 363 798 περὶ
373 731 417 782 τοῦ
436 727 579 801 Τυρρηνῶν
593 724 681 802 γένους
702 726 885 803 χρησαμένους
898 731 958 788 έπί-

142 828 155 867 s
184 831 298 889 σταμαι,
313 811 372 878 τοὺς
383 812 429 887 μέν
439 812 508 869 κατδι
520 811 612 883 ταῦτα,
627 811 686 880 τοῦς
701 813 728 870 δὲ
742 814 900 890 μεταθέντας
912 817 955 876 τὸν

182 899 301 973 οίκισμδν
314 899 359 956 καί
374 897 418 957 τόν
428 897 530 978 χρόνον.
546 895 660 968 Ἐλεξαν
679 901 730 978 γὰρ
742 901 775 973 δή
789 925 855 972 τινες
870 902 955 984 Ἦρα-

181 985 271 1054 κλέους
293 986 347 1044 υίδν
369 976 435 1044 εἶναι
457 986 500 1043 τὸν
525 989 664 1066 Τυρρηνὸν
693 988 719 1058 ἐξ
745 989 886 1071 Ὀμφοίλης
908 997 955 1064 τῆς

180 1066 268 1146 dviii<
285 1076 433 1152 γενόμενον·
449 1080 544 1134 τοῦτον
564 1079 586 1134 δ’
603 1077 760 1157 ἀφικόμενον
780 1081 816 1144 είς
836 1079 953 1143 Ἰταλίαν

179 1163 300 1224 ίκόελιῖν
313 1164 372 1230 τοὺς
382 1163 537 1240 Πελασγοὺς
551 1167 640 1224 ἐκτῶν
658 1165 761 1225 πόλεων
773 1168 833 1247 οὐχὶ
848 1173 954 1245 πασῶν,

126 1265 152 1305 ¹⁰
179 1254 239 1313 ἀλλ’
254 1250 314 1313 όσαι
332 1253 416 1332 πέραν
439 1246 507 1325 ἦσαν
533 1257 578 1311 τοῦ
602 1253 728 1332 Τεόέριος
748 1256 776 1314 έν
800 1259 837 1334 τῷ
860 1260 954 1339 βορείῳ

178 1341 262 1420 μέρει.
303 1338 413 1419 Ἕτερον
441 1340 468 1398 δέ
488 1341 613 1420 ’Τηλέφου
642 1342 725 1399 παῖδα
752 1341 796 1400 τὸν
812 1344 952 1423 Τυρρηνόν

179 1433 383 1511 ἀποφαίνουσιν,
415 1430 497 1488 ἐλθεῖν
521 1429 548 1487 δέ
577 1429 644 1505 μετδι
669 1429 765 1505 Τροίας
796 1430 893 1490 ἅλωσιν
914 1437 951 1499 είς

178 1518 305 1579 Ἰταλίαν.
350 1516 453 1587 Ξείνθος
466 1517 517 1576 δ’ὁ
537 1519 631 1587 Λυδὸς,
649 1517 764 1596 ίστορίας
788 1521 904 1588 παλαιᾶς
928 1523 952 1579 εί

178 1608 224 1666 καί
248 1632 286 1675 τις
310 1607 387 1674 ἀλλος
407 1607 533 1686 ἔμπειρος
558 1604 611 1678 ὢν,
642 1610 689 1677 τῆς
711 1607 740 1666 δέ
765 1608 876 1689 πατρίου
906 1611 952 1669 καί

123 1718 147 1758 ιο
178 1694 327 1773 βεόαιωτής
346 1695 377 1754 ἀν
396 1696 497 1761 olisai<
517 1696 702 1775 ὑποδεέστερος
720 1702 863 1773 νομισθείς,
888 1700 949 1758 οὔτε

175 1784 311 1862 Τυρρηνὸν
328 1783 463 1856 ὠνόμακεν
488 1782 603 1855 οὐδαμοῦ
626 1786 674 1853 τῆς
693 1787 795 1864 γραφῆς
813 1784 943 1858 δυνάστην

175 1873 285 1944 Λυδῶν,
312 1870 366 1932 οὔτ’
391 1869 519 1929 ἀποικίαν
536 1872 648 1949 Μῃόνων
672 1875 708 1938 είς
728 1872 844 1932 Ἰταλίαν
859 1897 946 1932 κατα·

175 1965 290 2039 σγαῦσαν
305 1961 461 2031 ἐπίσταται,
475 1959 625 2037 Τυρρηνίας
645 1959 672 2017 δέ
684 1959 792 2035 μνήμην
805 1965 840 2026 θις
854 1964 948 2021 Λυδῶν

176 2049 336 2115 ἀποκτίσεως
359 2047 550 2127 ταπεινοτέρων
575 2049 666 2108 ἀλλων
686 2050 854 2124 μεμνημένος
869 2052 946 2110 οῦδε-

119 2159 146 2201 εο
175 2140 238 2213 μίαν
258 2141 410 2209 πεποίηται·
431 2135 523 2200 Ἄτυος
550 2138 575 2195 δέ
605 2140 701 2204 παῖδας
726 2136 850 2214 γενέσθαι
874 2139 948 2215 λέγει

173 2228 258 2288 Λυδόν
281 2228 327 2286 καὶ
342 2226 482 2306 Τόρηόον,
501 2224 608 2292 τούτους
632 2227 658 2285 δέ
686 2226 878 2306 μερισαμένους
898 2228 946 2300 τήν

173 2315 300 2397 πατρῴαν
323 2315 406 2396 ἀρχὴν
433 2316 459 2373 έν
484 2313 558 2393 ’Λσία
581 2323 741 2392 καταμεῖναι
768 2314 944 2396 ἀμφοτέρους·

171 2404 284 2472 καὶτοῖς
298 2403 396 2463 ἔθνεσιν
410 2395 447 2462 ῶν
460 2394 541 2481 ήρξτν
562 2404 602 2461 ἐπ’
614 2403 722 2461 ἐκείνοιν
745 2405 811 2481 φησί
836 2408 946 2474 τεθῆναι

171 2492 219 2558 τδς
231 2493 391 2568 ὀνομασίας,
412 2491 495 2569 λέγων
511 2482 573 2550 dir·
592 2521 603 2542 a
621 2492 676 2550 ἀπὸ
690 2493 777 2551 Λυδοῦ
792 2492 840 2568 μέν
861 2495 943 2571 γίνου·

115 2606 142 2648 ης
171 2604 241 2640 «ται
259 2578 355 2652 Λυδοί,
371 2578 423 2637 ἀπὸ
440 2577 564 2659 Τορήόου
580 2579 607 2637 δὲ
624 2578 752 2658 Τόρηθοι.
796 2581 906 2640 Τούτων
928 2585 944 2652 ἡ

170 2673 306 2751 εγλῶσσα
329 2669 416 2746 ὀλίγον
439 2665 601 2748 παραφέρει·
627 2670 673 2726 καὶ
693 2673 737 2725 νῦν
759 2668 798 2727 έτι
818 2669 941 2729 συλοῦσιν

170 2782 183 2809 ι
199 2758 328 2829 ἀλλήλους
340 2757 449 2836 ῥήματα
460 2758 506 2815 οὐκ
520 2757 604 2834 ὀλίγα,
616 2755 708 2838 ῶσπερ
719 2757 810 2823 Ὶωνες
823 2758 868 2815 καὶ
883 2763 940 2818 dor·

170 2875 182 2897 ι
199 2855 291 2926 ρεεῖς.»
304 2845 459 2907 Ἑλλάνικος
473 2846 494 2902 δ’
505 2848 519 2902 θ
530 2844 865 2925 ΛέσῦιοςτοὺςΤυρρηνούς
879 2869 944 2924 φησι

170 2935 323 3013 Πελασγοὺς
335 2933 461 3012 πρότερον
475 2933 653 3005 καλουμένους
661 2977 670 3007 ,
679 2933 768 3003 ἐπειδή
776 2934 939 3013 κατῴκησαν

114 3042 141 3083 sc
169 3025 195 3082 έν
216 3021 318 3090 Ἰταλία
335 3027 381 3080 νῦν
397 3022 562 3099 παραλαόεῖν
584 3021 616 3092 ήν
631 3021 725 3100 ἔχουσι
745 3022 937 3100 προσηγορίαν.

167 3110 247 3191 Ἔχει
271 3112 294 3169 δ’
310 3112 381 3190 αὐτῷ
395 3111 422 3168 ἐν
440 3109 574 3188 Φορωνίδι
592 3112 695 3187 θλόγος
715 3100 775 3168 ὧδε·
796 3116 869 3168 ατοῦ
888 3112 942 3170 iis-

169 3228 182 3253 «
199 3205 298 3278 λασγοῦ
310 3204 354 3258 τοῦ
369 3197 498 3278 βασιλέως
508 3199 593 3255 αὐτῶν
610 3199 656 3256 καί
665 3197 806 3268 Μενίππης
819 3202 866 3269 τῆς
880 3201 939 3271 Πη-

168 3317 180 3341 ι
195 3296 263 3349 νειοῦ
287 3287 387 3364 ἐγένετο
402 3285 549 3363 Φράστωρ·
565 3291 610 3343 τοῦ
634 3284 662 3343 δέ
683 3284 830 3362 Ἀμύντωρ·
848 3288 894 3343 τοῦ
913 3285 940 3343 δὲ

168 3402 180 3426 ·
195 3374 373 3451 Τευταμίδης·
384 3377 430 3432 τοῦ
442 3372 468 3430 δέ
485 3372 586 3437 Νάνας.
600 3371 664 3430 Ἐπί
681 3372 773 3430 τούτου
787 3370 940 3450 βασιλεύον-

112 3490 138 3530 ες
167 3489 180 3514 ι
194 3486 235 3528 τος
253 3466 276 3521 οί
291 3462 425 3539 Πελασγοί
441 3459 483 3541 ὑφ’
498 3458 634 3530 Ἑλλήνων
649 3461 813 3535 ἀνέστησαν,
826 3463 872 3519 καί
890 3460 936 3519 tari

170 3580 182 3603 ε
200 3552 313 3622 Σπινῆτι
329 3553 442 3630 ποταμῷ
455 3553 481 3608 ἐν
495 3548 625 3630 τῷἸονίῳ
640 3553 731 3626 κόλπῳ
742 3548 787 3616 τάς
802 3553 866 3621 νῆας
882 3571 934 3608 κα-

168 3638 361 3715 εταλιπόντες,
379 3640 504 3718 Κρότωνα
522 3639 597 3696 πολιν
617 3640 644 3696 έν
659 3638 783 3719 μεσογείφ
795 3629 873 3697 εἶλον·
891 3639 937 3700 καί

168 3752 184 3783 α
201 3730 313 3786 ἐντεῦθεν
328 3726 475 3804 ὁρμώμενοι
487 3725 535 3792 τήν
547 3731 591 3784 νῦν
605 3728 769 3803 καλουμένην
784 3728 933 3806 Τυρρηνίαν

169 3838 183 3869 ιι
202 3813 318 3874 ἔκτισαν.
337 3837 352 3871 ιι
368 3811 542 3892 Μυρσίλοςδέ
557 3813 590 3870 sd
605 3814 720 3887 ἔμπαλιν
732 3814 937 3893 ἀποφαινόμενος

110 3933 138 3972 ςη
166 3901 331 3981 Ἑλλανίκῳ,
345 3901 404 3970 τοίις
417 3902 565 3980 Τυρρηνούς
586 3925 676 3982 φησιν,
698 3901 787 3974 ἐπειδὴ
805 3903 853 3971 τήν
875 3908 936 3963 {eu-

167 3996 220 4050 τῶν
236 3990 361 4059 ἐξέλιπον,
383 3994 453 4070 ἐντῇ
468 3990 556 4070 πλάνῃ
579 3996 807 4066 μετονομασθῆναι
826 3995 935 4072 Πελαρ·

165 4082 242 4160 γοὺς,
264 4083 315 4138 τῶν
340 4079 433 4159 ὀρνέων
454 4088 506 4145 τοῖς
527 4082 695 4156 καλουμένοις
707 4082 845 4159 πελαργοῖς
861 4083 934 4140 είκα-

166 4170 284 4239 σθέντας,
300 4170 336 4234 ὡς
350 4172 408 4226 κατ’
423 4169 519 4247 ἀγέλας
531 4168 638 4249 ἐφοίτων
658 4171 693 4234 εἷς
711 4192 740 4226 τε
755 4168 801 4238 τήν
813 4167 932 4228 ‘illlata

166 4259 211 4317 καί
225 4256 272 4327 τὴν
296 4255 440 4337 βόρῦαρον·
458 4257 503 4316 καί
519 4256 730 4339 τοῖςάλθηναίοις
751 4256 782 4313 τὸ
807 4265 893 4336 τεῖχος
906 4259 937 4318 τὸ

110 4376 136 4415 ςς
165 4346 225 4426 περὶ
240 4345 287 4416 τήν
300 4345 440 4425 ἀκρόπολιν
454 4347 483 4406 τδ
507 4345 672 4424 Πελαργικὸν
691 4345 850 4422 καλούμενον
865 4346 933 4404 τού-

164 4459 224 4498 τους
241 4432 402 4512 περιθαλεῖν.

204 4525 310 4585 XXIX.
324 4520 405 4596 Ἐμοί
417 4520 504 4595 μέντοι
517 4523 633 4580 δοκοῦσιν
646 4519 760 4588 ἀπαντες
772 4521 931 4601 ἀμαρτόνειν

164 4615 188 4672 οί
202 4611 349 4677 πεισθέντες
361 4608 388 4667 ἓν
401 4609 484 4667 καὶτὸ
495 4608 638 4675 αὖτὸίθνος
653 4601 756 4668 εἶναιτὸ
769 4611 934 4694 Τυρρηνικδν

164 4702 249 4761 καίτὸ
263 4703 441 4775 Πελασγικόν.
483 4701 540 4768 Τῆς
555 4697 602 4774 μέν
623 4697 674 4776 γάρ
695 4700 839 4774 ὀνομασίας
862 4703 929 4758 ἀπο·

109 4818 136 4859 ςη
163 4790 259 4863 λαῦααί
282 4791 340 4847 ποτ’
355 4786 448 4854 αὐτοὺς
470 4790 518 4858 τῆς
542 4787 662 4857 ἀλλήλοιν
688 4789 761 4845 οὐδὲν
785 4790 934 4862 θαυμαστὸν

164 4870 206 4950 ήν,
221 4878 278 4934 ἐπεὶ
292 4877 337 4934 καί
352 4879 419 4935 ἀλλα
435 4875 467 4945 δή
480 4897 537 4932 τινα
553 4873 628 4946 ἔθνη,
651 4877 684 4931 air
706 4874 753 4950 μὲν
775 4873 928 4951 Ἑλλήνων,

164 4964 197 5022 τίι
219 4964 246 5022 δέ
263 4964 416 5042 βαρόἀρων,
437 4965 517 5023 ταύτὸ
532 4962 639 5033 ἔπαθεν,
662 4961 752 5035 ῶσπερ
768 4963 798 5020 τὸ
813 4963 931 5041 Τρωίκδν

162 5050 206 5110 καί
219 5050 248 5108 τὸ
266 5053 398 5130 Φρυγικὸν
416 5053 499 5130 ἀγροῦ
513 5052 622 5110 οἰκοῦντ’
637 5051 768 5121 ἀλλήλων·
781 5051 933 5117 -πολλοῖς

162 5138 193 5217 γέ
208 5160 248 5196 τοι
260 5139 331 5215 γένος
346 5140 373 5198 έν
389 5141 468 5221 ἀμφω
484 5141 557 5200 ταῦτ’
578 5138 721 5218 ίνομέσθη,
738 5139 831 5211 κλήσει
856 5138 934 5197 διαλ-

1014 491 1082 540 mm,
1098 480 1141 530 ubi
1153 485 1213 532 tunc
1227 484 1313 534 Umbri
1325 485 1483 544 hahitabaut.
1499 490 1531 541 ibi
1545 497 1692 549 remansisse
1703 501 1790 553 urbes·

1012 579 1060 628 que
1080 569 1226 630 condidisse,
1244 586 1301 635 quae
1318 574 1350 624 ad
1371 589 1442 625 suam
1462 591 1541 641 usque
1560 585 1658 634 aetatem
1679 588 1786 642 stabant.

1043 660 1154 712 xxviii.
1174 663 1226 712 liae
1240 668 1324 715 autem
1336 666 1429 718 rarione
1440 672 1467 720 et
1480 671 1570 721 multos
1581 674 1642 727 alios
1658 681 1788 742 scriptores

1010 750 1042 800 de
1058 752 1238 816 Tyrrhenorum
1258 770 1345 819 genere
1377 759 1504 823 scripsisse
1519 764 1584 824 scio,
1606 770 1632 816 el
1652 769 1713 819 alies
1728 774 1784 837 qui·

1010 837 1067 889 dern
1082 841 1169 891 ecdem
1188 844 1260 894 modo
1280 860 1330 908 quo
1351 861 1408 910 eqo.
1423 851 1484 900 alios
1501 866 1560 904 reru
1578 860 1604 907 et
1620 860 1723 912 comnia
1742 863 1787 913 du·

1009 944 1063 980 cem
1085 935 1110 981 et
1134 937 1233 997 tempus
1253 940 1384 989 mutantes.
1440 944 1555 994 Nonnulli
1579 948 1644 998 cuim
1670 951 1785 1006 dixerunt

1009 1023 1161 1085 Tyrrhenum
1184 1028 1294 1077 Herculis
1315 1030 1390 1082 luisse
1412 1033 1489 1084 hlium
1514 1049 1544 1086 ex
1573 1041 1694 1103 omphale
1717 1045 1786 1108 Lyda

1008 1119 1175 1179 prognatum:
1196 1119 1263 1169 hunc
1279 1134 1337 1171 vero
1356 1123 1381 1172 iu
1398 1125 1496 1175 ltaliam
1517 1129 1652 1192 protectum
1670 1136 1786 1200 Pelasgos

1008 1219 1038 1256 ex
1056 1207 1158 1257 urbibus
1172 1212 1357 1276 nonomnibus‚
1373 1213 1416 1264 sed
1433 1230 1463 1266 ex
1475 1217 1508 1268 iis
1517 1224 1628 1286 mutum,
1643 1237 1699 1289 quas
1715 1229 1783 1280 trans

1007 1298 1114 1349 Tiberim
1140 1303 1328 1365 septentrionem
1357 1319 1446 1358 versus
1470 1311 1630 1376 spectabant,
1669 1315 1781 1370 eiecisse.

1007 1385 1054 1436 Alii
1074 1400 1132 1436 sero
1151 1389 1304 1451 Tyrrhenum
1325 1393 1423 1457 Telephi
1446 1395 1521 1446 hlium
1542 1399 1620 1451 luisse
1638 1404 1739 1454 tradunt
1757 1408 1782 1458 et

1006 1484 1063 1544 pud
1084 1482 1181 1531 Troiam
1197 1488 1293 1548 captam
1311 1487 1335 1535 in
1356 1489 1451 1538 ltaliam
1471 1494 1575 1544 venisse.
1611 1499 1642 1546 ht
1667 1499 1781 1551 Xanthus

1006 1572 1088 1635 Lydus
1105 1573 1161 1637 (qui
1173 1575 1263 1638 priscos
1277 1577 1401 1642 historin,
1414 1581 1491 1644 siquis
1501 1585 1573 1646 alius,
1586 1591 1625 1638 est
1637 1590 1744 1653 peritus,
1756 1597 1783 1644 et

1006 1665 1092 1728 patrio
1105 1664 1215 1718 historiae
1227 1672 1314 1719 auctor
1328 1671 1396 1720 nulle
1407 1674 1455 1723 alio
1465 1674 1564 1727 habitus
1580 1681 1619 1730 est
1630 1680 1744 1746 inierim)
1757 1685 1782 1733 in

1006 1758 1057 1810 suis
1073 1760 1170 1823 scriptis
1188 1775 1308 1826 nusquam
1332 1764 1485 1826 Tyrrhenum
1506 1770 1630 1832 Lydorum
1643 1774 1776 1839 principem

1004 1851 1127 1913 nominat;
1145 1866 1225 1916 neque
1241 1855 1315 1904 uilem
1327 1856 1450 1908 hloccnum
1463 1861 1583 1912 coloniam
1592 1863 1618 1913 in
1629 1867 1725 1917 ltaliam
1737 1881 1782 1918 na·

1005 1944 1100 2009 rigasse
1114 1947 1176 2007 scil;
1197 1963 1278 2014 neque
1294 1953 1367 2002 ullam
1386 1953 1543 2018 Tyrrhenica,
1562 1962 1679 2022 tanquam
1698 1963 1779 2024 Lpdc·

1003 2050 1059 2086 rum
1080 2040 1190 2101 colonien,
1218 2043 1366 2095 mentionem
1389 2046 1460 2109 lacit,
1487 2055 1601 2111 quamvis
1623 2053 1669 2101 slis
1689 2053 1785 2118 igrnobi·

1003 2129 1066 2179 liora
1083 2135 1204 2182 memoret
1224 2136 1342 2198 :Lydum
1363 2151 1421 2188 sero
1438 2144 1463 2189 et
1483 2140 1607 2191 Torehum
1622 2145 1692 2207 Atyis
1717 2146 1780 2194 lilios

1002 2220 1079 2272 tuisse
1094 2222 1164 2272 dicit.
1198 2227 1248 2276 ilos
1268 2241 1326 2278 roro
1340 2229 1425 2279 umbus
1448 2245 1523 2294 regno
1549 2236 1652 2295 paterno
1665 2237 1729 2286 inter
1751 2215 1778 2287 se

1000 2313 1081 2365 dirisc
1091 2315 1115 2364 in
1127 2316 1184 2366 Asia
1197 2320 1358 2380 remansisse,
1371 2322 1544 2386 gentibusque,
1560 2325 1651 2388 quihus
1667 2328 1776 2391 impera-

1001 2408 1068 2467 runt,
1081 2418 1169 2457 nouren
1184 2409 1215 2458 ab
1234 2410 1281 2460 illis
1302 2413 1407 2462 inditum
1429 2414 1504 2464 luisse
1522 2414 1591 2465 dieii.
1624 2421 1704 2479 sique
1723 2418 1778 2470 haec

1000 2502 1058 2547 sunt
1074 2499 1128 2549 eius
1150 2501 1225 2551 verbu
1242 2523 1273 2552 :o
1284 2507 1305 2553 A
1317 2505 1384 2566 Lydo
1399 2506 1469 2568 Lydi,
1482 2521 1497 2556 a
1512 2509 1607 2558 Tureho
1616 2510 1704 2559 Torehi
1719 2515 1778 2561 sunt

1000 2607 1012 2630 ι
1030 2592 1150 2654 appellati.
1194 2596 1288 2644 ilerum
1304 2597 1384 2658 lingua
1395 2611 1481 2660 parurn
1497 2598 1527 2648 nb
1541 2601 1617 2650 altera
1637 2600 1733 2663 dilicrt,
1750 2606 1776 2653 et

1002 2702 1014 2726 a
1031 2698 1097 2734 nunc
1116 2700 1214 2750 quoque
1240 2691 1310 2741 alteri
1331 2693 1464 2742 alterorum
1485 2708 1532 2743 nun
1549 2711 1628 2759 pauca
1653 2701 1774 2749 vocabula

1000 2794 1013 2819 s
1029 2782 1159 2841 usurpant,
1174 2781 1381 2844 quemadmodum
1401 2786 1471 2834 lones
1494 2791 1518 2836 el
1535 2789 1675 2840 Dorienses.
1696 2813 1706 2834 ι
1740 2797 1774 2842 ht

998 2880 1057 2917 vero
1070 2870 1209 2921 Hellanicus
1223 2873 1325 2923 Lesbius
1336 2874 1404 2931 dicit.
1417 2875 1569 2939 Tyrrhenos,
1585 2879 1628 2942 qui
1639 2884 1711 2930 antea
1725 2895 1772 2932 το-

998 2960 1116 3012 cabantur
1125 2964 1233 3028 Pelasgi,
1245 2970 1373 3029 postquam
1386 2968 1410 3016 in
1426 2968 1496 3017 ltalia
1511 2969 1619 3020 hahitare
1632 2977 1769 3034 coeperunl,

997 3066 1086 3106 nemen
1097 3054 1123 3104 id
1131 3056 1293 3119 assumpsisse
1304 3057 1372 3121 quod
1385 3072 1449 3108 nunc
1461 3058 1561 3112 habeut.
1595 3065 1622 3112 ln
1634 3064 1772 3117 Phoronide

996 3146 1061 3196 enim
1081 3146 1116 3196 ita
1137 3147 1245 3211 loquitur
1267 3169 1273 3199 r
1305 3171 1317 3194 ιι
1343 3153 1378 3201 fix
1408 3154 1509 3217 Pelasgo
1536 3155 1644 3219 ipsorum
1673 3171 1730 3219 ruge
1747 3163 1774 3210 el

997 3251 1057 3291 «ex
1076 3239 1188 3305 Menippa
1211 3241 1285 3292 Peuci
1308 3242 1359 3292 filiu
1380 3247 1452 3293 uatus
1471 3248 1509 3294 est
1524 3243 1661 3296 l'hrastor:
1682 3262 1713 3298 cx
1727 3249 1774 3300 hcc

997 3355 1009 3378 ε
1026 3340 1144 3400 Amyntor
1171 3354 1178 3384 ι
1200 3350 1228 3387 er
1256 3341 1391 3400 Ainyrrlcre
1417 3338 1574 3389 Teutamides
1597 3355 1603 3384 ι
1625 3353 1656 3389 ex
1680 3343 1771 3392 Teuta-

996 3444 1008 3468 s
1027 3425 1094 3476 mide
1110 3428 1199 3476 lienes.
1234 3428 1286 3475 lion
1303 3431 1418 3491 regnante
1432 3428 1524 3491 Pelasgi
1541 3442 1555 3477 a
1570 3429 1661 3480 Graecis
1672 3444 1701 3478 cs
1719 3433 1771 3482 suis

996 3535 1008 3559 ν
1023 3516 1125 3567 sedibus
1142 3517 1205 3581 pulsi
1221 3523 1292 3580 sunl,
1312 3519 1458 3570 cineribus
1477 3520 1509 3570 ad
1524 3522 1647 3585 Spinetem
1668 3522 1770 3574 hurirrnr

998 3625 1010 3648 ν
1025 3608 1050 3658 in
1064 3610 1147 3660 lonico
1159 3609 1214 3660 sinu
1224 3612 1316 3661 relictis
1328 3613 1415 3663 urbem
1433 3612 1563 3664 crotonem
1577 3613 1602 3663 iu
1614 3613 1673 3663 locis
1688 3613 1771 3664 urredi·

997 3703 1142 3755 ·terrsnns
1162 3705 1233 3756 sitam
1256 3711 1374 3769 ceperunt
1391 3725 1398 3756 ι
1420 3711 1496 3770 atquc
1514 3707 1572 3757 iude
1589 3707 1693 3770 proiecti
1717 3721 1770 3758 earn

994 3814 1007 3838 «ι
1021 3808 1077 3859 ηοω
1094 3810 1159 3846 nunc
1176 3797 1312 3860 Tyrrhenia
1330 3801 1434 3847 nocetur
1455 3797 1625 3847 condiderunt.
1649 3817 1660 3839 ν
1703 3800 1770 3859 ilyr-

994 3887 1054 3937 silus
1069 3901 1127 3937 vero
1146 3888 1177 3937 ab
1197 3889 1320 3939 Hellanico
1336 3889 1481 3939 dissentiens
1496 3890 1539 3946 ait,
1559 3886 1697 3950 Tyrrhenos
1713 3892 1770 3953 posi

992 3977 1096 4040 patriam
1115 3976 1225 4027 relictam
1239 3979 1263 4026 in
1275 3979 1399 4027 erroribus
1413 3979 1478 4038 suis,
1498 3980 1594 4028 mutate
1608 3979 1705 4030 nomine
1722 3984 1767 4031 l’e·

993 4071 1072 4133 largos
1084 4069 1216 4134 appellatos
1225 4070 1258 4118 oh
1271 4070 1393 4132 quandam
1406 4069 1587 4121 similitudinem
1596 4071 1696 4132 avium,
1710 4085 1767 4136 quse

993 4156 1120 4222 ΙΙελαργοὶ,
1137 4157 1165 4208 id
1179 4163 1216 4208 est
1235 4160 1354 4217 ciconiae,
1370 4162 1502 4221 recautum
1517 4160 1582 4222 quod
1594 4161 1711 4223 gregatim
1725 4177 1768 4214 cr·
1806 4202 1809 4215 .

991 4256 1074 4303 carent
1088 4256 1140 4303 tam
1155 4266 1199 4316 per
1218 4253 1339 4303 Graeciam
1352 4267 1427 4316 quam
1449 4267 1493 4318 per
1507 4256 1622 4306 barbaras
1641 4258 1763 4319 regiones.

990 4344 1065 4405 atque
1090 4355 1205 4401 murum,
1227 4356 1276 4403 quc
1296 4342 1446 4392 Athenarum
1474 4358 1518 4393 ars
1544 4346 1648 4408 cingitur
1672 4347 1764 4410 quique

992 4432 1128 4495 Pelarqicus
1140 4431 1281 4495 appellatur,
1292 4430 1324 4479 ab
1332 4429 1372 4480 his
1380 4435 1533 4483 exstructum
1542 4434 1609 4484 nicil.

1021 4529 1106 4577 xxix.
1127 4530 1219 4577 Omnes
1231 4531 1313 4576 tamen
1327 4526 1371 4589 qui
1387 4528 1559 4591 Tyrrhenicum
1571 4536 1597 4580 el
1616 4531 1765 4594 Pelasgicam

990 4619 1086 4677 pontem
1101 4627 1173 4663 unam
1197 4612 1347 4675 eandemque
1370 4628 1424 4665 cssc
1444 4617 1564 4676 credunt,
1586 4617 1647 4666 mihi
1662 4618 1763 4679 quidem

989 4715 1070 4751 errare
1085 4701 1207 4751 videntur.
1240 4703 1293 4751 h'ou
1308 4701 1371 4750 onim
1385 4704 1472 4753 mirum
1498 4708 1564 4753 esset
1579 4705 1599 4753 si
1613 4706 1671 4755 olim
1689 4706 1761 4757 alteri

989 4789 1121 4839 alterorum
1131 4802 1220 4838 nomen
1233 4789 1388 4851 recepissent,
1399 4792 1418 4841 si
1428 4792 1528 4855 quidem
1539 4794 1564 4842 ei
1576 4793 1699 4842 nonnullis
1708 4795 1762 4846 aliis

988 4876 1100 4943 gentibus
1116 4877 1203 4940 partim
1217 4878 1310 4927 Graccis
1322 4879 1410 4941 partim
1428 4880 1502 4930 etiam
1514 4880 1624 4930 barbaris
1642 4881 1709 4932 idem
1723 4895 1764 4932 ac·
1801 4956 1807 4965 x

988 4965 1056 5025 cidit,
1077 4971 1104 5016 ut
1126 4964 1235 5016 Troianis
1246 4968 1271 5016 el
1294 4965 1429 5028 Phrygibus
1449 4968 1550 5017 interse
1571 4968 1665 5018 vicinis.
1690 4969 1763 5021 uniti

988 5053 1053 5105 enim
1062 5054 1107 5104 iras
1119 5055 1181 5104 duas
1192 5059 1277 5117 gentes
1286 5069 1361 5106 unam
1379 5056 1529 5118 eandemque
1541 5056 1614 5107 luisse
1629 5060 1761 5120 putarunt,

986 5143 1083 5194 nomine
1101 5157 1149 5194 nou
1166 5158 1193 5196 re
1208 5143 1328 5197 diversas.
1362 5147 1411 5196 Nec
1425 5145 1508 5195 minus
1524 5159 1598 5208 quam
1612 5145 1667 5195 aliis
1684 5145 1763 5207 genti·
