3772 5828
601 382 897 481 nnrrourmrurr
919 404 1065 471 nostru.
1087 410 1159 472 nra.
1185 416 1248 476 ιιι.

1671 433 1729 491 403

122 536 232 619 ἀγοράς,
260 537 303 597 ίνα
328 534 536 618 σωφρονέστεροι
559 534 603 596 ert
630 536 679 610 τὴν
705 537 820 617 ἀνάγκην
847 540 896 614 γέ·
921 534 927 662 γ
952 546 1054 608 plebeiis
1068 552 1216 616 venderent,
1237 561 1264 606 nt
1285 559 1433 610 necessitate
1452 562 1530 613 coacti
1549 564 1728 631 modestiores,

121 649 204 687 νοιντο
216 625 261 684 καί
276 624 342 705 πρὸς
358 624 393 684 τά
406 623 488 684 λοιπά
503 628 550 697 τῆς
564 627 698 694 πολιτείας
717 627 806 687 δίκαια
821 649 897 705 νομι-
950 637 976 682 et
997 633 1058 686 iuris
1078 652 1108 687 ac
1129 639 1283 704 reliquarum
1301 642 1411 695 civilium
1433 646 1514 711 legum
1534 648 1730 702 observantiores

121 716 240 792 ρώπῳ,
951 719 1046 771 sterent.

157 805 238 866 xxp.
262 803 370 863 popm,
393 793 426 875 ἦ,
444 806 496 862 253,
520 804 697 887 ppppoepxpxffl,
718 804 795 864 καὶὸ
816 805 897 886 Mt?-
982 806 1044 855 lllll.
1063 809 1091 856 ln
1110 821 1215 863 nurnero
1239 813 1345 875 trorum,
1367 816 1410 879 qui
1430 832 1567 881 paucorum
1591 822 1729 874 dominatui

80 920 92 955 a
118 919 171 960 κιος
193 894 316 960 ἐκεῖνοςθ
339 892 499 972 Κοριολάνος
515 893 682 970 ἐπικληθείς,
696 895 747 975 οὐχ
766 892 858 974 ῶσπερ
872 898 897 955 ol
952 900 1084 965 terebant,
1101 912 1154 958 erat
1168 914 1194 960 et
1212 910 1254 960 ille
1276 913 1395 975 Marcius,
1410 917 1557 969 Coriolanus
1573 923 1728 984 cognomine,

118 983 206 1041 λοιποὶ
227 982 313 1061 κρύφα
333 982 378 1041 καλ
394 980 428 1041 δι’
443 980 584 1050 εὖλαόιίας
598 982 646 1055 τῆν
667 986 762 1043 ἑαυτοῦ
786 981 895 1061 γνώμην
949 1000 993 1063 qui
1006 1017 1055 1052 nou
1068 1006 1111 1068 (ut
1124 1006 1227 1070 reliqui)
1243 1009 1307 1060 clam
1318 1013 1344 1061 el
1356 1014 1429 1060 caute
1440 1013 1586 1064 sententiam
1600 1016 1671 1078 dirit,
1686 1018 1729 1066 ssd

119 1072 343 1151 ἀποφαινόμενος,
370 1072 430 1131 ἄλλ’
454 1071 576 1153 ἄντικρυς
599 1075 645 1132 καί
671 1071 802 1150 θρασέως,
827 1071 896 1131 ‘5⁰³⁸
949 1102 1034 1162 aperte
1049 1103 1074 1148 et
1086 1101 1216 1163 audacter,
1233 1104 1268 1153 ita
1286 1108 1315 1154 nt
1334 1107 1373 1155 rel
1388 1107 1459 1156 multi
1479 1107 1510 1157 de
1532 1109 1601 1172 plebe
1617 1124 1672 1160 eam
1687 1125 1730 1160 au·

119 1158 230 1226 πολλοὺς
243 1158 644 1236 ἅκθῧσαῑκαίῖῶνδθμθῐῑθῶν·
688 1149 896 1268 Κίλείᾶθῖίναί
949 1195 1038 1247 dirent.
1072 1200 1135 1249 liam
1157 1205 1247 1263 praeter
1270 1203 1382 1266 publicus
1401 1204 1585 1256 criminationes
1605 1208 1728 1270 quandam

117 1248 166 1317 ἔξω
188 1251 240 1309 τῶν
263 1252 357 1308 κοινῶν
386 1249 564 1326 ἀγκλημάτων
588 1247 636 1308 καί
658 1246 726 1317 ἰδίας
750 1270 895 1330 προφασεις

66 1369 90 1405 10
115 1337 211 1398 νεωστί
231 1336 387 1416 γενομένας,
407 1336 433 1406 ἐξ
452 1328 489 1398 ῶν
503 1336 610 1404 εἰκότως
624 1337 710 1398 ίθόκει
733 1346 819 1415 μισεῖν
834 1338 894 1406 τοὺς

115 1426 280 1503 δημοτικούς.
323 1424 469 1487 Ὑπατείαν
485 1426 537 1507 γὰρ
556 1428 629 1507 αὐτῷ
646 1422 761 1503 μετιόντι
773 1434 831 1494 ταῖς
845 1426 894 1505 ἀγ-

114 1539 194 1593 γιστα
208 1513 362 1595 γενομέναις
382 1515 582 1594 ἀρχαιρεσίαις,
599 1517 644 1574 καὶ
667 1513 726 1581 τούς
739 1515 893 1592 πατρικίους

114 1604 201 1684 ἔχοντι
226 1603 499 1682 συναγωνιζομένους,
524 1605 638 1680 όδῆμος
662 1603 825 1671 ἐναντιωθεὶς
846 1605 893 1663 οὐκ

115 1694 188 1753 εἴασε
202 1694 291 1752 δοῦναι
306 1692 354 1765 τὴν
369 1691 474 1773 ἀρχὴν,
490 1691 539 1764 τήν
549 1715 578 1751 τε
592 1691 769 1773 λαμπρότητα
782 1696 827 1752 τοῦ
841 1693 891 1751 ἀν-

61 1807 88 1848 ts
114 1781 174 1861 δρὸς
192 1781 238 1840 καί
253 1779 301 1852 τῆν
321 1780 421 1857 τόλμαν
438 1778 471 1839 δι’
487 1780 627 1848 εθλαόείας
642 1781 727 1862 ἔχων,
746 1779 784 1857 μή
804 1804 830 1840 τι
846 1779 890 1840 διά

114 1875 199 1928 ταῦτα
212 1868 353 1949 νεωτερίσῃ
368 1870 428 1949 περί
445 1868 493 1944 τὴν
506 1873 558 1929 τῶν
571 1868 718 1951 δημάρχων
730 1869 890 1945 κατάλυσιν,

114 1957 161 2016 καὶ
183 1956 300 2034 μάλιστα
324 1957 430 2033 δεδιὼς,
446 1957 486 2018 ότι
508 1959 706 2038 συνελάμόανεν
728 1961 799 2039 αὐτῷ
813 1958 889 2039 πάσῃ

113 2045 246 2126 προθυμίᾳ
267 2045 297 2106 τὸ
311 2049 364 2106 τῶν
376 2047 525 2129 πατρικίων
540 2049 661 2124 πλῆθος,
680 2049 716 2114 ὡς
731 2046 815 2106 addest
836 2050 888 2106 τῶν

112 2134 248 2215 πρότερον.
292 2136 399 2208 Ταύτης
411 2161 439 2196 τε
449 2134 493 2196 ούν
503 2143 550 2209 τῆς
558 2138 657 2220 ύύρεως
667 2145 732 2224 ὀργῆ
746 2149 891 2225 ἐπαρθεὶςό

59 2245 85 2281 eo
113 2224 195 2299 ἀνὴρ,
211 2225 256 2282 καὶ
278 2226 327 2294 τῆν
342 2225 492 2301 μεταόολῆν
509 2234 555 2287 τοῶ
578 2232 768 2301 πολιτεύματος
789 2239 826 2303 εἰς
845 2236 890 2297 τὸν

112 2307 137 2376 ἐξ
162 2311 246 2391 ἀρχῆς
276 2311 374 2388 κόσμον
395 2313 627 2385 ’ἀποκαταστῆσαι
651 2313 881 2394 προθυμούμενος,

111 2395 486 2477 αύτόςτεάναφανθὸν,ῶσπιρ
496 2398 676 2478 καὶπρότερον
688 2397 762 2480 ἔφην,
773 2397 886 2478 ἔπραττε

111 2483 158 2552 τὴν
181 2489 226 2542 τοῦ
244 2484 328 2561 δήμου
350 2485 513 2562 κατάλυσιν,
532 2487 579 2546 καί
596 2485 655 2555 τούς
675 2487 768 2554 ἀλλους
783 2489 883 2563 ἀνῆγεν.

111 2561 165 2630 ''ttv
185 2570 212 2628 δὲ
237 2571 298 2652 περὶ
320 2571 398 2630 αὐτὸν
424 2573 525 2653 ἑταιρία
542 2575 646 2651 μεγάλη
668 2574 732 2635 νέων
756 2576 883 2652 εὐγενῶν,

57 2677 84 2720 ἰι
112 2650 149 2724 οἶς
166 2650 197 2731 ῆν
213 2657 246 2716 τά
262 2658 375 2738 μέγιστα
388 2660 527 2737 τιμήματα
540 2662 617 2742 βίων,
633 2662 679 2722 καί
693 2661 806 2722 πελάται
822 2686 887 2745 συχ-

111 2749 150 2805 νοί
173 2747 360 2820 συνεστηκότες
384 2749 428 2808 ἐπὶ
454 2757 512 2815 ταῖς
535 2752 565 2808 ἐκ
583 2751 635 2810 τῶν
662 2749 786 2826 πολέμων
809 2752 887 2831 ὠφε-

109 2837 204 2904 λείαις·
220 2828 257 2903 οἷς
281 2835 451 2917 ἐπαιρόμενος
475 2838 632 2920 ἐφρυάττετο
652 2841 697 2898 καὶ
715 2839 838 2921 λαμπρός
853 2833 886 2914 ῆν

109 2927 154 2986 καί
169 2930 299 3004 προῆλθεν
318 2926 363 2985 ἐπὶ
387 2927 515 3004 μήκιστον
535 2927 695 3009 ἀπιφανείας,
712 2930 754 2989 ού
774 2930 827 3006 μὴν
841 2930 886 2990 εθ-

109 3022 202 3096 τυχοῦς
221 3039 251 3095 γε
274 3014 317 3075 διὰ
338 3018 423 3078 ταῦτα
440 3020 624 3097 καταστροφῆς
647 3015 736 3097 ἔτυχε.
780 3019 886 3100 Συναχ-

58 3121 84 3160 ao
110 3105 195 3176 θείσης
217 3103 268 3183 γάρ
291 3101 357 3183 ὑπὲρ
378 3105 478 3163 τούτων
500 3106 610 3185 βουλῆς,
628 3103 675 3163 καί
698 3107 750 3163 τῶν
765 3105 882 3186 πρεσόυ·

109 3194 203 3273 τάρων,
222 3197 256 3260 ὡς
280 3192 337 3261 ἔθος
358 3184 391 3265 ῆν
414 3195 520 3267 αὐτοῖς,
537 3194 650 3268 πρώτων
672 3195 883 3276 ἀποφηναμένων

107 3281 154 3347 τάς
176 3284 275 3340 ἑαυτῶν
291 3281 419 3354 διανοίας,
433 3283 460 3340 ἀν
477 3271 514 3348 οἷς
528 3285 557 3342 ού
581 3280 676 3340 πολλοί
689 3305 757 3351 τινες
776 3275 844 3355 ἦσαν
859 3288 884 3345 οἱ

109 3367 155 3435 τάς
170 3368 238 3428 κατθι
253 3373 299 3427 τοῦ
321 3369 407 3446 δῆμου
422 3368 529 3448 γνώμας
544 3371 665 3449 ἀντικρυς
680 3370 882 3451 ἀγορεύσαντες,

109 3458 197 3528 ἐπειδὴ
220 3461 334 3528 καθῆκεν
350 3458 387 3523 εἰς
401 3456 460 3524 τούς
473 3457 614 3537 νεωτέρους
629 3461 643 3517 θ
657 3458 749 3537 λόγος,
771 3462 884 3532 αἰτηαά·

55 3556 82 3595 ³t
110 3567 185 3620 μενος
208 3543 324 3611 ἐξουσίαν
345 3543 418 3623 παράι
437 3548 490 3603 τῶν
515 3547 621 3604 ύπάτων
647 3547 729 3605 elassis
752 3547 802 3606 ὅσα
824 3549 885 3627 βού-

109 3636 196 3701 λεται,
211 3632 257 3690 καὶ
278 3627 365 3711 τυχῶν
382 3632 559 3709 έπισημασίας
574 3657 603 3692 τε
619 3635 737 3712 μεγάλης
752 3635 797 3693 καὶ
816 3659 883 3717 προ·

109 3724 208 3800 σοχῆς,
224 3720 301 3796 λόγον
322 3717 437 3790 διεξῆλθε
452 3718 523 3778 κατά
537 3725 583 3780 τοῦ
597 3720 683 3798 δῆμον
697 3721 804 3783 τοιόνδε.

147 3810 243 3870 ΧΧΙΙ.
270 3831 284 3862 ιι
297 3803 363 3867 Ὅτι
375 3806 423 3884 μὲν
435 3809 484 3888 οὐχ
493 3810 539 3868 ὑπ’
550 3807 664 3888 ἀνάγκης
678 3833 707 3868 τε
718 3809 765 3868 καί
776 3813 886 3892 ἀπορίας

107 3924 120 3951 ιι
137 3897 253 3978 βιασθεὶς
278 3901 292 3955 θ
320 3897 403 3972 δῆμος
434 3896 577 3969 ἐποιήσατο
600 3897 648 3970 τὴν
680 3893 883 3977 ἀπόστασιν,ῶ

52 4013 78 4051 ,0
107 4014 119 4040 ιι
134 3989 263 4067 πατέρες,
283 3983 352 4044 ἀλλά
375 3994 477 4068 πονηρᾷ
497 3985 583 4046 ἐλπίδι
597 3986 728 4067 ἕπαρθεὶς,
747 3991 782 4056 ὡς
795 4013 883 4052 κατα-

105 4102 118 4128 ιι
135 4074 221 4135 λύσων
240 4075 287 4146 τὴν
309 4072 511 4155 ἀριστοκρατίαν
529 4080 602 4155 ὑμῶν
622 4078 668 4138 καὶ
686 4081 791 4141 πάντων
806 4082 884 4152 αὐτὸς

105 4192 117 4216 ιι
131 4164 254 4240 ἐσόμενος
272 4169 324 4225 τῶν
345 4168 437 4225 κοινῶν
453 4164 553 4247 κύριος,
577 4167 670 4248 σχεδόν
693 4159 767 4248 οἶμαι
780 4171 882 4242 πάντας

104 4283 117 4305 ιι
132 4256 199 4332 ὑμᾶς
213 4256 403 4334 ᾐσθῆσθαι,τά
416 4259 477 4374 περὶ
493 4260 539 4327 τάς
551 4261 695 4341 θιαλλαγθις
709 4265 788 4323 αὐτοῦ
801 4265 881 4324 πλεο·

105 4371 117 4393 ιι
131 4344 285 4422 νεκτῆματα
301 4351 431 4428 ὁρῶντας·
450 4373 472 4428 ῳ
495 4373 525 4426 γε
540 4351 586 4408 aba
606 4349 743 4430 ἀπέχρησε
761 4349 881 4432 διαφθεί-

106 4458 118 4484 ιι
135 4456 208 4512 ραυτι
227 4435 275 4508 τῆν
290 4435 351 4517 περί
363 4435 397 4495 τά
421 4435 573 4512 αυμόόλαια
594 4439 684 4499 πίστιν
698 4439 743 4499 καί
758 4438 818 4507 τούς
839 4438 882 4499 trel

106 4546 118 4572 ιι
133 4520 215 4601 ταύτῃ
236 4523 371 4600 κειμένους
387 4523 505 4585 ἀνελόντι
522 4525 616 4604 νόμους
631 4525 712 4604 μηθὲν
728 4525 794 4587 ἀλλο
804 4529 881 4587 πολυ

106 4635 118 4658 ιι
134 4621 310 4689 πραγμονεῑν,
329 4614 423 4687 καινὴν
438 4613 465 4674 δέ
483 4614 720 4691 καταστησάμενος
736 4614 822 4695 ἀρχὴν
836 4613 881 4674 ieri

106 4723 118 4745 ιι
135 4699 173 4775 τῷ
194 4701 309 4758 καθελιῐν
331 4700 380 4773 τὴν
404 4704 457 4760 τῶν
479 4703 604 4777 θπάτων,
624 4702 696 4784 ἱεράν
718 4701 764 4762 καί
785 4701 881 4762 άσυλον

106 4813 118 4837 ιι
133 4784 255 4855 ἐποίησεν
270 4788 348 4862 αθτλν
361 4791 449 4872 νόμῳ,
468 4792 515 4852 καὶ
529 4797 572 4852 νῦν
586 4791 742 4871 τυραννικὴν
763 4789 881 4860 ἀξουσίαν

105 4901 118 4927 ιι
132 4871 374 4957 περιόαλλάμενος,
398 4868 420 4938 ῶ
441 4877 539 4959 βουλῆ,
561 4881 600 4960 τῷ
623 4879 717 4939 νεωστὶ
741 4880 882 4961 κυρωθέντι

105 4990 117 5016 ιι
132 4964 206 5045 νόμῳ
221 4962 418 5044 λέληθενθμάς.
460 4964 549 5030 Ὅταν
559 4969 610 5049 γάρ
625 4971 667 5029 ἐπ’
681 4967 796 5037 ἐξουσίας
810 4969 881 5027 πολ-

104 5078 117 5103 ιι
132 5052 180 5123 λῆς
194 5055 218 5111 ot
235 5052 426 5133 προεστηκότες
447 5059 526 5119 αθτοῶ
540 5058 671 5139 πρόφασιν
685 5058 805 5137 εὐπρεπῆ
820 5079 883 5136 προ-

104 5165 117 5192 ιι
134 5136 290 5215 θαλλύμενοι
336 5139 368 5200 τὸ
394 5141 427 5216 tt
457 5145 509 5227 τοῖς
531 5143 710 5220 ἀδικουμένοις
729 5146 780 5201 τῶν
801 5144 881 5221 δημο-

103 5253 118 5282 ιι
131 5232 183 5286 τῶν
205 5231 322 5307 βοηθεῖν,
342 5229 385 5290 θιθι
409 5235 457 5306 τῆς
469 5232 594 5303 ’ἀξουσίας
612 5232 709 5307 ταύτης
733 5236 818 5311 ἀγωαι
835 5230 880 5291 καὶ

947 1296 1023 1346 etiam
1034 1296 1158 1360 privatam
1169 1311 1199 1348 ac
1215 1304 1339 1352 recentem
1349 1316 1470 1366 ,caussam
1483 1305 1597 1366 babebat,
1611 1306 1642 1355 ob
1653 1319 1728 1368 quam

948 1392 1057 1456 plebeios
1066 1395 1155 1445 merito
1169 1394 1252 1448 adase
1264 1397 1401 1452 ridebatur.
1437 1403 1560 1453 Proximis
1568 1404 1631 1455 enin-
1647 1407 1726 1456 comi·

947 1491 989 1542 tiis
999 1491 1024 1542 ei
1042 1492 1199 1543 consulatum
1215 1496 1357 1558 petenti‚et
1373 1499 1490 1562 patricios
1510 1502 1674 1567 suffragantes
1687 1503 1728 1553 lra-

946 1593 1024 1656 berti,
1034 1595 1103 1658 plebs
1111 1595 1241 1647 adversata
1251 1598 1425 1662 magistratum
1437 1601 1506 1651 illum
1519 1603 1570 1652 dari
1580 1617 1629 1652 non
1642 1616 1728 1654 cense-

946 1690 997 1752 bat,
1008 1704 1039 1740 ue
1053 1692 1117 1741 torte
1132 1695 1263 1756 propterea
1272 1694 1365 1757 aliquid
1374 1709 1457 1746 rerum
1468 1711 1588 1749 novarum
1599 1701 1728 1750 moliretur

945 1790 971 1837 ct
980 1785 1133 1837 tribunitiam
1142 1792 1292 1851 potestatem
1304 1795 1428 1842 crederet
1439 1812 1446 1842 ι
1457 1797 1582 1858 praecipue
1592 1809 1650 1846 vero
1660 1798 1727 1860 quod

948 1893 1006 1930 eum
1019 1878 1123 1930 timebat
1135 1885 1236 1947 propter
1253 1881 1364 1934 studium
1382 1885 1533 1936 acerrimum
1552 1903 1602 1952 quo
1613 1889 1728 1953 patricio-

949 1989 1005 2025 rum
1014 1974 1147 2026 mullitudo
1160 1980 1188 2027 ut
1197 1979 1259 2029 uulli
1268 1979 1380 2043 priorum
1391 1980 1581 2032 candidatorum
1590 1985 1613 2033 ei
1622 1984 1726 2036 laverat.

949 2070 992 2120 Ille
1004 2070 1078 2134 igitur
1087 2071 1119 2122 ob
1128 2072 1193 2124 hano
1203 2078 1379 2127 contumeliam
1392 2078 1426 2128 ira
1438 2080 1556 2143 percitus,
1568 2084 1593 2131 et
1606 2085 1727 2133 mutatam

944 2166 1085 2231 reipublice
1092 2169 1605 2238 lormaminpristinumstatumrestituere
1613 2179 1724 2243 cupiens,

944 2265 1009 2332 ipse,
1022 2269 1049 2318 ut
1063 2271 1134 2319 οιιιειι
1147 2269 1209 2331 diri,
1223 2277 1308 2336 aperte
1321 2273 1417 2338 plebem
1430 2276 1603 2341 oppugnabat,
1619 2275 1725 2341 eiusque

944 2365 1078 2427 potentiam
1086 2369 1200 2417 evertere
1209 2369 1334 2429 studebat,
1344 2371 1455 2434 aliosque
1465 2371 1496 2422 ad
1506 2373 1572 2423 idem
1583 2372 1725 2424 laciendum

943 2460 1094 2525 impellebat.
1123 2471 1230 2529 Jamque
1244 2467 1311 2517 circa
1323 2469 1466 2520 sebabobat
1482 2471 1588 2520 validam
1605 2473 1725 2524 sodalita-

943 2568 995 2618 tem
1009 2566 1129 2618 nobilium
1147 2568 1277 2632 iuvenum,
1290 2587 1398 2635 quorum
1413 2574 1538 2627 maximus
1554 2580 1609 2628 erat
1634 2591 1725 2630 census

943 2666 969 2713 et
982 2662 1076 2726 amplas
1092 2663 1227 2727 clientelas,
1247 2680 1310 2731 quas
1329 2668 1424 2721 militiae
1439 2672 1569 2723 commoda
1591 2672 1626 2722 illi
1643 2675 1725 2725 conci·

943 2760 1031 2810 liaraut
1047 2781 1053 2810 ι
1068 2761 1158 2824 οιιίθυε
1172 2765 1252 2815 elatus
1266 2766 1402 2819 ferociebat
1414 2771 1439 2819 et
1451 2767 1558 2820 illustris
1579 2772 1632 2821 erat
1651 2775 1678 2823 et
1692 2772 1724 2823 ad

943 2856 1077 2907 maximam
1095 2858 1231 2911 claritatem
1248 2864 1381 2925 provectus
1395 2867 1442 2915 cst.
1477 2867 1656 2919 Verumtamen
1667 2883 1722 2934 pro·

943 2961 1026 3023 pterea
1036 2957 1138 3010 minima
1152 2960 1248 3012 felicem
1264 2975 1345 3014 rerum
1356 2967 1452 3017 exitum
1464 2965 1560 3018 habuit.
1594 2971 1655 3019 Nam
1667 2984 1722 3021 cum

943 3049 990 3100 hac
1002 3050 1034 3100 da
1051 3064 1139 3103 caussa
1157 3057 1259 3106 senatus
1281 3062 1383 3109 coactus
1401 3063 1482 3121 esset,
1500 3064 1526 3110 et
1548 3064 1607 3111 natu
1622 3064 1722 3114 maximi

942 3158 972 3194 er
984 3157 1053 3196 more
1059 3147 1132 3210 primi
1143 3150 1279 3201 sententias
1290 3166 1350 3202 suas
1358 3152 1488 3215 dixissent,
1501 3153 1566 3204 inter
1575 3169 1639 3218 quos
1649 3160 1721 3221 pauci

942 3243 1043 3308 quidam
1063 3246 1175 3309 luerunt,
1190 3249 1234 3311 qui
1247 3252 1332 3313 aperte
1345 3251 1481 3317 contrarias
1501 3252 1566 3316 plebi
1586 3258 1721 3307 sententias

941 3341 1060 3402 dicerent,
1076 3341 1119 3391 ubi
1133 3343 1164 3392 ad
1180 3344 1289 3396 iuniores
1304 3350 1406 3398 rentum
1420 3353 1468 3411 est,
1482 3349 1533 3410 ille,
1548 3351 1625 3414 petita
1638 3365 1728 3407 acon,

942 3436 1038 3486 salibus
1053 3436 1124 3486 veum
1141 3439 1167 3489 et
1182 3439 1301 3491 facultate
1323 3442 1435 3504 dicendi,
1454 3458 1609 3509 quaecuuque
1632 3447 1718 3508 vellet,

941 3533 1055 3584 omnibus
1087 3535 1203 3587 alacriter
1229 3540 1394 3592 annuentibus
1420 3545 1447 3594 et
1471 3546 1579 3595 attentas
1603 3559 1675 3596 aures
1698 3549 1720 3599 ei

940 3632 1117 3699 praebentibus,
1128 3635 1204 3687 ulem
1215 3639 1356 3691 concionem
1369 3644 1456 3691 contra
1473 3643 1572 3706 plebem
1591 3644 1686 3697 babuit.

973 3827 1149 3876 xx11.atton
1171 3823 1318 3875 necessitato
1339 3824 1451 3888 inopiare
1473 3829 1585 3877 coactam
1606 3827 1717 3891 plebem,

942 3926 954 3950 ι
971 3909 1054 3970 patres
1066 3904 1211 3970 conscripti,
1242 3903 1287 3955 sod
1309 3917 1387 3969 prava
1412 3918 1456 3969 spe
1474 3906 1564 3957 elatam
1587 3910 1720 3962 secessisse
1759 3910 1762 3917 '

942 4016 954 4039 ιι
970 3995 1035 4059 quod
1056 3996 1170 4045 rostrum
1196 3993 1344 4059 optimatum
1368 3997 1460 4044 statum
1476 4008 1491 4045 a
1508 4009 1536 4046 se
1558 4010 1672 4049 eversum
1687 3998 1717 4049 iri

941 4104 954 4128 ι
970 4081 1097 4148 sperabat,
1114 4095 1190 4145 seque
1207 4094 1292 4132 rerum
1306 4081 1416 4131 omnium
1430 4081 1461 4132 ad
1478 4082 1621 4147 reipublice
1632 4085 1726 4150 guber--

941 4194 952 4218 ι
967 4174 1056 4225 nacula
1070 4170 1248 4236 pertinentium
1265 4168 1391 4219 dominam
1404 4168 1455 4218 lore
1467 4169 1580 4234 putabat,
1594 4173 1726 4233 existimo,

942 4283 953 4304 ι
970 4277 1015 4312 sos
1041 4263 1118 4311 tenne
1139 4271 1226 4308 omnes
1261 4255 1405 4318 cognovisse
1431 4257 1548 4318 capacis
1573 4258 1725 4306 conditioni-‹-

940 4371 952 4394 ιι
966 4350 1029 4406 bus,
1042 4348 1133 4412 quibus
1149 4360 1203 4396 eam
1231 4347 1297 4393 tanta
1317 4343 1452 4392 obtinuisse
1474 4343 1572 4394 ridetis.
1604 4344 1724 4403 Quande

939 4462 952 4486 ιι
969 4442 1070 4506 (μύθοιο
1093 4455 1142 4491 non
1161 4441 1222 4491 satis
1239 4438 1273 4487 illi
1290 4436 1336 4486 luit
1365 4434 1466 4485 srderne
1485 4432 1652 4484 contractibus
1673 4432 1717 4482 tol-

940 4552 952 4575 ιι
968 4531 1032 4592 lere,
1047 4535 1072 4581 ct
1084 4530 1149 4593 leges
1170 4531 1200 4580 de
1215 4529 1254 4578 lais
1272 4530 1336 4577 latas
1350 4526 1484 4588 abrogare,
1500 4528 1527 4572 ct
1537 4523 1560 4571 in
1576 4521 1615 4571 bis
1628 4521 1716 4572 saltem

939 4640 951 4663 ιι
965 4620 1136 4684 acquiscere,
1150 4620 1295 4670 aeduorum
1307 4615 1380 4666 etiarn
1399 4613 1570 4676 magistratum
1587 4610 1716 4659 coustituit

940 4730 952 4754 ιι
966 4714 995 4761 ut
1011 4708 1167 4760 consulatum
1192 4706 1290 4756 tolleret
1305 4717 1410 4766 eumque
1435 4702 1488 4763 lege
1510 4700 1558 4749 lata
1571 4709 1715 4748 sacrosanc-

938 4821 951 4844 ι
965 4804 1019 4850 tum
1036 4797 1101 4856 lecit,
1118 4797 1189 4859 isque
1200 4808 1266 4844 nunc
1283 4792 1374 4842 recenti
1392 4788 1519 4855 plebiscito
1539 4800 1583 4850 per
1604 4787 1713 4833 vestram

938 4909 951 4934 ιι
966 4885 1170 4952 imprudentiam,
1183 4886 1267 4948 patres
1280 4881 1426 4943 conscripti,
1445 4875 1569 4941 tyrannica
1594 4874 1715 4935 potestate

938 5000 950 5024 ι
965 4981 1003 5029 est
1017 4976 1137 5026 firmatus.
1173 4973 1235 5022 Cum
1245 4970 1310 5020 enim
1324 4966 1417 5016 tribuni
1427 4964 1506 5028 plebis
1516 4960 1627 5008 nraaimae
1639 4955 1715 5007 liuius

938 5085 950 5108 ιι
966 5064 1093 5130 potcstatis
1114 5059 1249 5124 spaciosam
1269 5067 1383 5106 caussam
1407 5050 1573 5118 praetendant,
1599 5045 1713 5097 videlieet

937 5171 950 5196 ι
965 5155 992 5202 ut
1006 5149 1106 5214 plebeiis
1120 5146 1233 5199 iniuriam
1244 5140 1392 5208 patientibus
1408 5152 1480 5204 opem
1494 5137 1580 5197 lerant,
1591 5140 1616 5186 ct
1630 5139 1713 5185 tamen

938 5259 951 5284 ιι
964 5240 1012 5289 hac
1025 5239 1148 5303 potestate
1161 5235 1291 5286 abutentes
1305 5231 1379 5296 agant
1388 5232 1413 5280 et
1425 5227 1512 5289 lerant,
1526 5222 1645 5348 ηιιὶρϋηιιῑι]
1654 5218 1712 5282 ipsis
