3772 5828
585 384 879 460 announaann
901 383 1050 446 nonan.
1074 384 1146 446 nn.
1171 387 1221 447 υι.

99 550 113 577 α
133 523 195 583 ὅταν
206 522 232 582 δὲ
247 521 292 581 τδν
307 521 427 603 παρόντα
439 518 557 580 κίνδυνον
572 516 685 585 άπαντες
697 518 800 595 θμοίαις
811 540 875 597 προ·
900 520 904 641 γ

97 640 111 666 ι
128 611 232 690 θυμίαις
244 611 412 692 χρησάμενοι
421 606 641 690 παραλύσωνται,
651 607 710 666 τότε
720 605 752 679 δὴ
767 610 874 665 σκοπεῖν

97 731 109 753 «ι
126 701 184 760 τίνα
196 702 291 781 τρόπον
304 704 365 773 ίσην
378 697 424 757 καί
437 696 527 769 κοινήν
537 694 582 755 καῖ
593 696 722 776 σωτήριον
732 695 817 754 άπασι
827 697 874 767 τὴν

98 819 111 844 ε
126 789 261 852 πολιτείαν
275 787 503 860 καταστήσονται,
524 784 592 863 μήτε
606 788 659 844 τῶν
674 784 794 856 πενήτων
812 787 873 843 ἐπι·
900 804 903 919 γ

52 892 66 928 ⁶
99 878 306 940 «δουλευόντων
336 885 393 943 ταῖς
424 879 476 935 τῶν
501 874 634 934 πλουσίων
666 872 781 948 οὐσίαις,
806 874 874 948 μήτε

1650 395 1709 453 337

932 527 1085 575 orarentur.
1125 526 1152 576 Si
1174 540 1234 577 vero
1254 541 1365 591 prosena
1386 529 1523 592 periculum
1547 543 1634 581 omnes
1656 534 1709 597 pari

931 632 943 655 ι
960 613 1034 662 animi
1057 614 1212 664 contentione
1232 615 1270 665 usi
1290 615 1490 679 propulsassent,
1516 619 1575 666 tuuc
1598 618 1710 670 riderent

930 722 943 744 «ι
959 716 1067 765 quonam
1083 702 1157 752 modo
1176 717 1273 766 aequam
1296 709 1322 755 et
1341 718 1496 754 communem
1521 719 1550 754 ac
1576 688 1710 757 salsitatem

930 815 942 838 ι
963 794 1080 845 omnibus
1103 796 1244 859 reipublicae
1273 798 1378 847 formam
1408 797 1606 860 constituerent,
1628 798 1664 848 ita
1682 801 1712 850 ut

900 934 903 971 Ι
930 905 943 930 ιι
961 900 1040 952 neque
1058 887 1142 951 inopes
1165 888 1270 939 divitum
1293 890 1398 942 fortunis
1415 890 1608 952 insidiarentur,
1630 905 1710 956 neque

99 969 236 1028 «ἐκείνων
251 963 503 1048 προπηλακιζόντων
517 962 578 1030 τοὺς
591 972 650 1030 ταῖς
670 961 764 1042 τύχαις
778 986 873 1022 ταπει-
900 998 903 1056 γ
931 975 996 1024 «illi
1011 977 1187 1028 contumeliose
1205 976 1366 1029 humiliorum
1388 979 1518 1031 bominum
1545 981 1651 1031 fortunio
1669 982 1710 1032 in·

100 1086 112 1110 ιι
130 1057 262 1136 νοτέρους·
296 1054 395 1127 ἥκιστα
429 1051 480 1132 γάρ
517 1040 584 1112 είναι
619 1056 703 1110 ταῦτα
736 1054 872 1124 πολιτικὰ,
931 1081 943 1105 ι
960 1064 1102 1114 sultarent:
1119 1064 1270 1128 (becenim
1284 1079 1332 1117 non
1351 1081 1406 1118 esse
1423 1068 1523 1130 civilia)
1538 1068 1581 1120 sed
1596 1072 1624 1119 ut
1645 1083 1710 1133 pau·

99 1174 111 1199 ι
133 1145 202 1206 ἀλλὰ
227 1144 272 1203 καί
298 1151 353 1211 τοῖς
375 1141 482 1221 ἀπόροις
502 1138 639 1219 immites&
652 1162 691 1207 τις
704 1138 777 1198 ἔσται
793 1142 864 1199 πολι·
931 1174 943 1197 ι
957 1168 1030 1219 peres
1041 1156 1183 1207 fruerentur
1193 1157 1259 1207 civiti
1273 1158 1364 1208 auxilio
1383 1163 1410 1209 et
1427 1160 1601 1223 creditoribus,
1615 1162 1637 1211 si
1653 1162 1709 1224 qni·

101 1264 113 1288 κ
132 1232 205 1306 τική,
225 1233 269 1291 καί
284 1241 338 1300 τοῖς
357 1231 526 1307 συμόαλσῖῖσι
551 1227 585 1287 τδι
608 1227 676 1308 χρέα
700 1228 807 1307 βοήθεια
827 1250 876 1306 με·
930 1243 1063 1294 «busdam
1082 1245 1171 1295 iniuria
1186 1244 1252 1296 faeta
1269 1250 1355 1309 esset,
1370 1248 1537 1312 porrigeretur
1553 1250 1710 1301 moderatum

44 1339 69 1376 ιυ
99 1348 114 1380 ιι
130 1322 190 1404 τρία
208 1330 262 1388 τοῖς
275 1327 335 1401 γοῦν
353 1318 546 1395 ἀδικουμένοις,
560 1316 606 1375 καί
622 1317 651 1376 τὸ
670 1315 812 1395 κράτιστον
823 1320 886 1376 τῶν

931 1351 943 1377 ι
961 1331 1110 1390 subsidium,
1123 1337 1198 1397 atque
1210 1334 1380 1386 firmissimum
1398 1336 1524 1387 hominum
1536 1337 1630 1389 bonum
1643 1339 1709 1402 quod

101 1442 113 1467 ι
131 1415 156 1471 ἐν
172 1411 318 1489 ἀνθρώποις
332 1413 437 1489 ἀγαθῶν
452 1406 498 1467 καί
518 1406 606 1474 πάσας
620 1406 750 1486 φυλάττον
767 1409 793 1465 ἐν
812 1409 876 1484 θμο·
931 1439 944 1464 ιι
960 1420 985 1470 in
1003 1421 1118 1472 omnibns
1136 1423 1279 1474 civitatibus
1301 1424 1458 1475 concordiam
1477 1429 1578 1487 servat,
1595 1431 1708 1478 contrae-

100 1531 112 1553 ι
130 1501 188 1583 νοίορ
212 1501 258 1567 τδς
282 1498 380 1570 πόλεις,
405 1497 493 1562 πίστις
525 1494 569 1556 ἐπὶ
603 1495 797 1573 συναλλαγαῖς,
826 1496 875 1576 οὐχ

101 1614 114 1647 ιι
133 1591 226 1650 άπασα
241 1589 286 1648 καί
302 1585 346 1646 διδ
361 1586 458 1651 παντὸς
473 1587 502 1644 ἐκ
519 1584 599 1662 μόνης
614 1581 816 1664 ἀναιρεθήσεται
829 1587 875 1656 τῆς

102 1710 114 1733 a
131 1679 276 1757 Ῥωμαίων
291 1674 402 1742 πόλεως.
417 1675 513 1733 Ταῦτα
527 1672 573 1731 καί
585 1671 636 1731 ὅσα
652 1671 713 1731 ἀλλ’
726 1673 753 1730 ἐν
765 1671 876 1753 τοιούτῳ

46 1790 69 1827 rs
101 1793 116 1824 ιι
132 1769 217 1846 καιρῷ
231 1766 358 1842 λεχθῆναι
372 1765 490 1841 προσῆκε
503 1758 655 1834 διεξελθὼν,
668 1759 797 1818 τελευτῶν
808 1758 875 1841 θπέρ

101 1886 113 1910 ι
131 1860 179 1927 τῆς
192 1852 258 1918 ίδίοις
273 1850 383 1922 εύνοίας,
393 1850 426 1923 ἣν
437 1850 505 1930 ἔχων
520 1849 629 1908 διετέλει
644 1847 709 1928 πρὸς
722 1848 766 1907 τὸν
781 1850 875 1927 δῆμον,

102 1973 113 1998 ι
137 1943 266 2020 διελέγετο
276 1940 321 2001 καὶ
334 1939 406 2013 ἠξίου
418 1940 579 2021 συνάρασθαι
591 1943 637 2009 τῆς
653 1937 790 2017 στρατείας
804 1939 876 2016 αὐτῷ

101 2059 116 2089 ιι
132 2033 228 2104 ταύτης
250 2032 305 2089 ἀνθ’
325 2021 360 2089 ὧν
382 2030 515 2109 πρόθυμος
530 2029 566 2095 εἰς
586 2024 679 2093 αὖτοίις
696 2016 739 2101 ήν,
761 2030 808 2098 τῆς
828 2025 876 2104 μίν

102 2150 113 2171 ι
132 2119 201 2179 κατδι
212 2119 287 2178 πόλιν
301 2117 497 2198 ἐπιμελείαςτῷ
508 2115 665 2194 συνάρχοντι
675 2115 881 2194 προσηκούσης,

45 2235 72 2272 ου
103 2236 114 2260 ι
134 2210 220 2288 ἑαυτῷ
235 2207 262 2266 δὲ
276 2210 324 2278 τῆς
336 2206 480 2285 ἡγεμονίας
501 2208 553 2264 τῶν
568 2203 693 2280 πολέμων
713 2203 877 2280 ἀποδεδομέ-

102 2325 113 2348 a
131 2319 191 2370 νης·
213 2295 310 2364 ταύτας
326 2294 378 2375 γάρ
396 2293 444 2362 τάς
461 2294 544 2372 τύχας
564 2294 652 2359 αὐτοῖς
667 2293 814 2372 βραύεῦσαι
832 2291 876 2351 τδν

102 2388 238 2464 «κλῆρον.
263 2383 449 2463 Ὑπισχῆσθαι
473 2380 501 2439 δὲ
528 2383 601 2460 αύτῷ
632 2379 682 2462 ἔφη
703 2378 752 2450 τήν
780 2379 877 2459 βουλήν

103 2500 114 2526 ι
134 2472 313 2551 ἐμπεδώσειν,
333 2473 387 2530 δτι
406 2467 437 2526 ἀν
459 2468 683 2546 διομολογήσηται
705 2470 744 2548 τῷ
765 2468 879 2539 πλήθει·

103 2589 116 2614 ι
135 2560 210 2628 αύτδς
232 2563 255 2618 δ’
277 2559 384 2626 ἐκείνοις
406 2557 505 2617 πείσειν
527 2556 587 2625 τοὺς
611 2557 728 2636 δημότας
754 2556 792 2635 μὴ
816 2579 880 2638 προ·

43 2674 70 2712 ts
104 2648 227 2707 «δώσειν
246 2649 299 2714 τοῖς
316 2646 451 2723 πολεμίοις
469 2655 517 2718 τήν
536 2647 664 2725 πατρίδα.
681 2670 697 2702 ιι

141 2739 250 2799 ΧΧΙΧ.
266 2735 353 2797 Ταῦτ’
374 2739 456 2796 είπὼν
475 2734 596 2796 ἐκέλευσε
623 2735 668 2795 τδν
685 2732 789 2816 κήρυκα
807 2737 879 2795 ἀνει-

99 2838 176 2903 πεῖν,
188 2830 245 2888 ὅσοι
259 2825 290 2886 διν
305 2824 450 2903 Ῥωμαίων
469 2824 512 2885 ἐπὶ
528 2825 571 2884 τὸν
585 2826 645 2883 κατ’
660 2825 744 2883 αὐτῶν
760 2824 879 2885 obolat-

100 2942 170 2979 σκων
182 2918 297 2995 πόλεμον
312 2914 538 2994 ίκστρατεύσωσι,
554 2911 601 2980 τδς
610 2911 710 2972 τούτων
725 2911 808 2982 οἰκίας
828 2937 879 2990 μη·

99 3007 160 3068 δέκα
174 3005 268 3075 ἐξεῖναι
280 3004 348 3083 μήτε
362 3003 485 3084 κατέχειν
502 3001 568 3080 μήτε
590 3004 689 3061 πωλεῖν
702 3000 766 3080 μήτ’
781 3006 878 3083 ἐνεχυ-

43 3114 72 3152 no
101 3097 185 3173 μάζειν
196 3094 263 3174 μήτε
279 3094 352 3173 γένος
365 3095 450 3151 αὐτῶν
466 3092 578 3170 ἀπάγειν
597 3090 661 3170 πρὸς
682 3091 765 3167 μηδὲν
778 3092 880 3170 συμύύ-

100 3187 182 3257 λαιον,
198 3183 266 3260 μήτε
281 3181 393 3242 κωλύειν
415 3180 459 3240 τδν
485 3178 643 3259 βουλόμενον
668 3184 714 3252 τῆς
739 3181 879 3260 στρατείας

101 3280 240 3332 κοινωνεῖν.
279 3267 362 3331 Ὅσοι
375 3269 397 3328 δ’
409 3268 441 3327 διν
461 3267 640 3350 ἀπσλειρθῶσι
663 3272 710 3341 τῆς
725 3269 877 3350 στρατείας,

100 3361 147 3428 τδις
170 3360 239 3420 κατδι
263 3360 361 3421 τούτων
380 3358 488 3436 πράξεις
508 3359 637 3438 ὑπάρχειν
656 3367 711 3427 τοῖς
733 3360 880 3427 δανεισταῖς

101 3441 188 3528 ἐφόἷς
203 3449 321 3515 ἑκάστοις
345 3446 500 3508 συνέόαλον.
544 3444 591 3515 Ὡς
612 3447 639 3506 δέ
661 3452 747 3505 ταῦτα
763 3447 879 3519 ήκουσαν

44 3556 72 3596 3ο
102 3543 125 3598 οἱ
138 3540 256 3610 πένητες,
271 3536 365 3595 αύτίκα
377 3535 541 3612 συνέγνωσάν
566 3559 593 3594 τε
608 3534 654 3596 καί
673 3537 760 3625 πολλῇ
784 3542 880 3615 προθυ-

103 3628 153 3709 μία
169 3628 264 3693 πάντες
275 3627 311 3692 είς
324 3624 368 3684 τδν
384 3625 500 3703 πόλεμον
514 3626 657 3706 ὥρμηντο,
671 3627 695 3684 οἱ
710 3625 759 3700 μὲν
775 3625 879 3684 ἐλπίσιν

102 3718 235 3796 ιῖιμιλειῶν
256 3712 425 3794 ὑπαχθέντες,
436 3717 460 3774 οῖ
472 3714 500 3775 δέ
513 3719 559 3775 τοῦ
574 3714 756 3794 στρατηλάτου
770 3714 878 3796 χάριτι,

101 3811 125 3866 oi
137 3805 164 3864 δέ
178 3805 298 3863 πλεῖστοι
307 3800 352 3862 τδν
361 3800 474 3864 1Ἀππιον
489 3805 534 3864 καί
552 3802 610 3870 τοὺς
621 3807 648 3862 ἐν
664 3802 786 3882 τῇπόλει
807 3801 879 3864 κατδ

101 3899 152 3956 τῶν
167 3891 362 3970 ὑπομεινάντων
378 3892 614 3970 προπηλακισμούς
628 3891 774 3974 φεύγοντες.
819 3896 880 3956 Πα-

103 3982 225 4065 ραλαύὼν
245 3981 273 4041 tt
288 3985 302 4041 θ
316 3979 465 4062 Σερουίλιος
486 3981 516 4041 τδ
543 3982 695 4062 στράτευμα
721 3979 769 4040 σύν
791 3984 879 4065 πολλῇ

102 4074 202 4151 σπουδῇ
215 4069 316 4131 ἐλαύνει
331 4071 461 4131 διαλιπὼν
476 4071 568 4130 οὐδένα
580 4070 692 4150 χρόνον,
705 4067 750 4129 θνα
762 4071 879 4151 συμμιἜῃ

101 4165 153 4228 τοῖς
165 4157 316 4237 πολεμίοις,
331 4159 392 4234 πρὶν
404 4161 441 4228 είς
453 4158 600 4237 Ῥωμαίων
610 4160 700 4239 χώραν
717 4159 812 4227 αὐτοὺς
825 4164 880 4220 εἶσ-

103 4249 192 4308 ύαλιῖν
205 4271 212 4286 ·
226 4248 272 4308 καί
291 4246 451 4306 καταλαύὼν
464 4247 525 4327 περὶ
538 4246 568 4307 τδ
588 4248 759 4323 Πωμεντῖνον
778 4249 877 4329 χωρίον

102 4335 373 4420 ἐστρατοπεδευκότας
392 4334 438 4394 καί
457 4335 504 4408 τήν
523 4335 645 4396 Λατίνων
661 4335 754 4416 χώραν
781 4360 877 4418 προνο·

61 4438 73 4473 ³
104 4426 241 4505 μεύοντας,
257 4424 297 4484 ότι
310 4428 511 4505 παρακαλοῦσιν
526 4427 615 4494 αύτοῖς
629 4427 658 4486 ού
671 4426 820 4506 συνήραντο
833 4434 879 4490 τοῦ

102 4514 229 4591 πολέμου,
251 4513 312 4595 περί
340 4514 430 4587 δείλην
454 4513 532 4596 ὀψίαν
557 4516 631 4596 παρδι
656 4515 736 4594 λόγιον
762 4515 820 4575 τινίι
843 4520 880 4586 ὡς

103 4601 186 4661 εἴκοσι
213 4601 307 4660 στάδια
330 4605 377 4674 τῆς
397 4603 602 4683 στρατοπεδείας
628 4605 714 4661 αὐτῶν
739 4605 879 4682 ἀφεστῶτα

102 4690 202 4749 τίθεται
217 4689 260 4749 τδν
275 4688 397 4770 χάρακα·
421 4690 468 4751 καί
493 4693 581 4760 αὐτοῖς
601 4690 691 4757 νυκτδς
719 4691 879 4755 ἐπιτίθενται

102 4779 278 4851 Οὐολοῦσκοι,
288 4778 389 4858 ὀλίγως
400 4804 430 4839 τε
444 4778 564 4848 δόξαντες
578 4768 645 4838 εἶναι
659 4778 705 4837 καί
724 4781 758 4846 ὡς
778 4779 804 4848 ἐξ
819 4784 879 4841 ὁδοῦ

104 4874 209 4947 μακρᾶς
230 4866 394 4935 κατακόπους
427 4866 575 4949 προθυμίας
595 4870 619 4926 τ’
639 4869 731 4934 ἐνδεῶς
756 4866 879 4949 ἔχοντας,

104 4955 147 5014 διδ
165 4954 224 5019 τοὺς
237 4955 267 5011 ἐκ
278 4956 330 5012 τῶν
344 4956 463 5029 πενήτων
476 4955 537 5040 περὶ
557 4954 592 5016 τά
602 4955 670 5038 χρία
690 4957 880 5037 νεωτερισμούς

103 5044 129 5100 ἐν
144 5045 217 5121 ἀκμῇ
234 5039 352 5117 μάλιστα
366 5044 506 5113 δοκοῦντας
516 5033 593 5106 ιίναι.
635 5042 671 5105 ‘0
689 5044 716 5104 δέ
731 5041 879 5125 Σερουίλιος

103 5129 142 5190 ἔτι
157 5129 249 5199 νυκτδς
261 5129 314 5189 ιῖπδ
333 5134 379 5190 τοῖι
398 5133 517 5215 χάρακος
531 5133 748 5213 ἀγωνισάμενος,
772 5132 829 5194 ἐπιῖ
850 5132 878 5194 δέ

100 5221 157 5300 φῶς
170 5217 193 5276 τ’
213 5217 265 5290 ήδη
281 5219 382 5297 ἐγένετο
403 5221 449 5281 καὶ
461 5219 521 5291 τοθς
535 5222 676 5300 πολεμίους
694 5222 789 5303 ίμαθεν
811 5223 878 5281 ἀτά-

199 5357 309 5401 ntontttl.

931 1525 944 1550 ι
958 1511 1030 1557 tuum
1042 1507 1162 1560 uldeltcet
1174 1509 1245 1568 fides,
1261 1524 1310 1560 non
1322 1511 1428 1570 omnino,
1441 1525 1520 1575 neque
1529 1512 1554 1561 in
1565 1516 1711 1576 perpetuum

931 1614 943 1639 ε
958 1596 1049 1645 exsola
1061 1595 1186 1660 republica
1194 1601 1303 1648 Romana
1314 1599 1452 1649 tolleretur.
1467 1620 1479 1642 υ
1491 1600 1554 1650 cum
1568 1600 1643 1663 igitur
1657 1600 1712 1652 hnc

930 1686 955 1733 et
970 1684 1026 1745 alia,
1037 1698 1093 1747 qirae
1105 1689 1203 1749 tempus
1217 1687 1368 1751 postulabat,
1382 1687 1495 1748 dixisset,
1508 1693 1635 1752 postremo
1653 1709 1666 1734 ε
1681 1689 1712 1741 de
1809 1676 1816 1701 ¹

932 1784 1007 1821 usna
1026 1785 1085 1833 erga
1109 1772 1204 1836 plebem
1228 1776 1352 1825 constanti
1374 1776 1545 1826 benevolentia
1568 1778 1617 1840 egit
1635 1782 1661 1828 et
1685 1791 1713 1831 ee

932 1880 944 1904 a
963 1859 1085 1924 purgavit,
1099 1874 1129 1910 ac
1144 1861 1226 1925 petiit,
1241 1866 1271 1912 ut
1284 1875 1370 1914 secum
1389 1862 1422 1913 ad
1445 1864 1509 1913 hanc
1528 1864 1712 1928 expeditionem

933 1970 945 1993 a
961 1948 1172 2013 proficisceretur,
1192 1954 1218 2000 et
1236 1949 1301 2001 hanc
1321 1951 1425 2015 gratiam
1450 1951 1498 2001 sibi
1523 1966 1568 2015 pro
1592 1967 1637 2003 suo
1655 1967 1713 2017 erga

932 2059 944 2082 ι
959 2038 1037 2102 ipsam
1058 2038 1140 2089 studio
1159 2040 1275 2102 referret,
1289 2041 1357 2091 urbis
1369 2042 1434 2093 enim
1447 2055 1532 2092 curam
1552 2042 1653 2107 collegae
1666 2045 1711 2095 ob·

931 2147 943 2170 ι
960 2127 1056 2192 tigisse,
1069 2130 1095 2177 ct
1108 2127 1141 2177 ad
1155 2142 1181 2178 se
1200 2128 1260 2179 belli
1280 2129 1410 2193 imperium
1431 2130 1543 2181 delatum
1557 2144 1634 2182 esse:
1649 2133 1714 2185 banc

932 2235 944 2259 ι
961 2215 1026 2266 enim
1047 2216 1171 2267 fortunam
1192 2217 1239 2268 sibi
1259 2218 1290 2268 ab
1316 2219 1369 2283 ipsa
1390 2222 1457 2271 sorte
1480 2221 1572 2272 datam.
1608 2219 1713 2275 Dicebat

933 2323 945 2347 ι
961 2306 1063 2360 autem,
1080 2307 1163 2369 patres
1184 2306 1232 2355 sibi
1253 2306 1376 2370 pollicitos
1391 2322 1445 2359 esse
1466 2324 1493 2360 se
1505 2315 1589 2362 ratum
1603 2313 1713 2365 facturos

933 2411 946 2436 ι
961 2391 1077 2457 quicquid
1094 2394 1161 2452 plebi
1178 2395 1351 2458 promisisset;
1366 2410 1441 2463 seque
1463 2398 1513 2448 iltis
1529 2400 1640 2452 sicusim
1658 2418 1713 2468 pro-

933 2500 945 2524 «
962 2480 1072 2543 misisse,
1099 2486 1150 2533 fore
1179 2488 1208 2533 ut
1230 2484 1392 2548 persuaderet
1419 2486 1521 2550 plebeiis
1543 2503 1574 2539 ue
1605 2494 1711 2556 patriam

933 2568 1076 2621 «hostibus
1093 2570 1239 2634 proderent.
1260 2592 1272 2616 ι

964 2745 1048 2794 XXlX.
1064 2745 1117 2793 llac
1133 2743 1247 2793 oratione
1266 2742 1362 2806 habita,
1386 2759 1430 2809 per
1451 2760 1591 2810 praeconem
1615 2748 1711 2809 edixit,

933 2831 1024 2880 nemini
1041 2831 1115 2882 licere
1136 2845 1286 2895 quemquam
1302 2832 1396 2883 civium
1413 2835 1595 2898 Romanorum,
1618 2836 1663 2900 qui
1680 2837 1713 2889 ad

932 2918 1024 2969 bellum
1040 2923 1127 2971 contra
1143 2921 1247 2971 Volscos
1265 2934 1351 2972 secum
1363 2922 1430 2972 ultro
1446 2923 1653 2988 proficisceretur,
1669 2930 1714 2978 aut

933 3008 1007 3059 domo
1024 3009 1153 3074 privare,
1175 3013 1220 3060 aut
1241 3011 1368 3073 vendere,
1394 3013 1439 3062 aut
1460 3013 1639 3078 oppignerare,
1669 3019 1713 3066 aut

932 3111 1019 3148 eorum
1037 3098 1156 3149 familiam
1178 3099 1254 3149 ullius
1267 3103 1415 3151 contractus
1437 3114 1528 3151 caussa
1551 3117 1643 3155 nexum
1665 3106 1711 3157 ab·

933 3185 1035 3247 ducere,
1050 3191 1094 3238 aut
1110 3189 1186 3238 eliam
1198 3188 1330 3252 impedire,
1345 3203 1396 3254 quo
1414 3189 1498 3241 minus
1507 3191 1610 3254 quilibet
1624 3206 1713 3243 nomen

933 3273 965 3324 ad
977 3268 1092 3326 militiam
1107 3276 1179 3326 daret
1192 3297 1199 3326 ε
1212 3279 1237 3325 at
1247 3277 1290 3339 qui
1309 3276 1424 3328 militiam
1435 3277 1609 3339 detrectarent,
1626 3283 1713 3331 contra

933 3378 977 3414 eos
999 3365 1166 3415 creditoribus
1184 3365 1224 3414 ius
1238 3378 1293 3416 esso
1307 3365 1422 3428 exigendi
1437 3369 1583 3429 pecuniam,
1602 3368 1712 3433 quibus·

933 3451 1219 3515 cunquoeonditionibus
1231 3466 1286 3502 eam
1296 3453 1358 3516 ipsis
1369 3456 1457 3504 mutuo
1473 3454 1610 3506 dedissent.
1643 3457 1712 3507 Pau·

934 3554 1004 3605 peres
1035 3540 1075 3590 his
1099 3540 1190 3591 auditis
1214 3540 1345 3591 confestim
1366 3545 1552 3604 consenserunt,
1576 3548 1602 3595 et
1622 3557 1712 3608 magna

934 3630 1011 3680 animi
1032 3629 1160 3680 alacritate
1183 3642 1269 3679 omnes
1296 3629 1329 3679 ad
1357 3629 1450 3681 bellum
1479 3632 1635 3693 ferebantur;
1669 3635 1712 3686 elii

933 3716 1037 3781 quidem
1049 3716 1114 3767 lucri
1130 3729 1173 3780 spe
1187 3715 1279 3778 exciti,
1298 3717 1342 3768 alii
1361 3731 1423 3768 vero
1444 3721 1603 3782 imperatoris
1620 3723 1710 3786 gratia,

934 3804 1034 3869 plurimi
1045 3819 1107 3858 rero
1118 3807 1148 3856 ut
1162 3804 1301 3866 effugerent
1327 3806 1435 3871 Appium
1456 3810 1482 3857 et
1501 3810 1667 3862 contumelias
1686 3812 1712 3864 iu

934 3903 986 3951 eos,
999 3889 1044 3953 qui
1056 3890 1082 3940 in
1093 3890 1155 3941 urbe
1168 3890 1350 3941 remansissent.
1364 3890 1486 3942 Servilius
1499 3894 1584 3958 igitur,
1600 3902 1713 3950 assumto

934 3979 1151 4042 exercitamina
1164 3978 1291 4030 celeritate
1303 3982 1428 4043 properat,
1442 3980 1508 4032 nulla
1520 3997 1589 4033 mora
1603 3984 1712 4050 interpo-

933 4070 990 4130 sita,
1001 4074 1030 4120 ut
1043 4070 1113 4134 prius
1124 4083 1182 4120 cum
1193 4069 1307 4120 hostibus
1319 4071 1523 4134 congrederetur,
1537 4088 1614 4138 quam
1626 4075 1675 4138 ipsi
1685 4077 1711 4127 in

933 4159 1073 4208 Romanum
1095 4173 1182 4222 agrum
1203 4159 1376 4222 irrumperent.
1410 4159 1578 4212 domantem
1605 4176 1649 4214 eos
1671 4166 1711 4215 of-

934 4245 1051 4296 fendisset
1068 4251 1256 4298 castrametatos
1269 4248 1363 4312 inagro
1381 4250 1538 4314 Pomentino,
1558 4256 1584 4303 et
1597 4255 1712 4305 Latinum

934 4347 1020 4397 agrum
1029 4336 1188 4400 populantes,
1211 4337 1308 4400 quoda
1333 4351 1360 4388 se
1378 4339 1477 4390 inritati
1494 4340 1553 4391 belli
1573 4343 1634 4392 socii
1659 4355 1713 4392 osse

933 4421 1083 4484 noluissent,
1108 4425 1175 4475 circa
1205 4425 1373 4488 vespertinum
1398 4429 1574 4491 crepusculum
1605 4429 1628 4477 in
1651 4428 1713 4480 colle

933 4509 1053 4574 modain,
1081 4512 1168 4577 viginti
1189 4514 1265 4564 ferme
1281 4514 1368 4565 stadiis
1382 4515 1414 4566 ab
1437 4530 1523 4567 eorum
1550 4518 1638 4568 castris
1658 4517 1712 4570 dis-

933 4606 1011 4667 tante,
1023 4607 1105 4654 castra
1115 4607 1207 4669 posuit.
1240 4609 1320 4658 Noctu
1332 4622 1393 4658 voro
1401 4610 1484 4660 Volsci
1496 4624 1538 4661 eos
1547 4609 1630 4661 adorti
1642 4615 1710 4670 sunt,

933 4693 1103 4744 existimantes
1112 4707 1275 4758 paucosesse,
1295 4700 1320 4747 et
1332 4697 1364 4747 ob
1376 4697 1423 4748 iter
1437 4698 1537 4761 longum
1549 4698 1673 4761 fatigatos,
1687 4701 1713 4747 et

934 4780 1022 4832 animis
1038 4782 1120 4833 minus
1131 4785 1234 4847 paratis,
1249 4784 1281 4833 ob
1302 4785 1404 4849 inopum
1427 4791 1528 4849 propter
1553 4800 1588 4836 nes
1604 4787 1711 4836 alienum

933 4870 1083 4934 seditiones,
1101 4885 1159 4937 quae
1171 4875 1224 4922 tum
1244 4873 1352 4923 maxime
1368 4875 1451 4937 vigere
1470 4872 1646 4923 credebantur.
1680 4879 1712 4926 at

933 4960 1070 5019 Servilius,
1097 4961 1217 5025 quamdin
1238 4975 1288 5010 nox
1319 4961 1420 5011 durarit
1445 4974 1477 5011 οι
1499 4960 1552 5023 ipso
1573 4960 1638 5011 vallo
1662 4977 1712 5026 pu·

932 5060 1019 5112 gnans,
1033 5046 1077 5096 ubi
1087 5048 1194 5111 primum
1208 5048 1262 5099 dies
1276 5047 1373 5108 illuxit,
1389 5051 1414 5097 et
1435 5045 1610 5098 animaduertit
1625 5047 1712 5100 hostes

932 5137 1711 5205 nulliaservatisordiuibuspalantes,iussitmultascaslrorum

933 5231 1018 5293 portas
1033 5226 1097 5278 clam
1110 5228 1213 5292 aperiri,
1232 5231 1257 5281 et
1276 5228 1349 5281 simul
1370 5242 1418 5278 uno
1432 5228 1501 5293 signo
1518 5231 1670 5281 excercitum
1685 5229 1712 5278 iu

1606 5359 1635 5403 22
