3772 5828
604 403 898 479 ΑΝΤΙΟΙΙΙΤΑΤΙΙΜ
918 404 1066 465 nontam
1091 406 1163 466 Llli.
1187 407 1226 468 X.

139 555 192 609 μης
214 530 248 591 τδι
270 534 439 615 συμρίροντα
463 534 664 603 ἀποδείξασθαι·
682 534 749 595 ’Aut'
770 524 824 607 ῶν,
847 533 914 616 ίρη,

139 618 237 692 ταύτην
249 624 321 702 αὐτῷ
336 622 486 698 ἀποδίδωμι
497 621 577 698 τιμὴν
589 623 635 681 καί
646 620 738 703 χάριν·
751 624 848 704 οἰρίημι
861 627 914 682 τῶν

138 711 303 784 ἰκτισμάτων
328 710 372 768 ἰπὶ
387 713 421 789 τῆ
447 708 506 788 δίκη
531 709 576 769 καί
592 712 629 779 εἰς
643 710 672 770 εδ
686 710 777 770 λοιπόν
791 711 914 770 ὀιαλλάτ·

137 818 233 875 τομαι·
248 806 309 877 νικᾷ
323 796 375 878 γδρ
387 801 458 874 ἡμᾶς
471 797 586 878 χρηστός
608 795 655 857 ῶν.
698 798 738 859 Τό
757 797 860 858 δίαῦτό
870 799 916 858 καί

98 900 110 934 a
138 888 162 944 οἱ
177 885 253 944 ἄλλοι
277 887 410 966 δήμαρχοι
434 886 571 965 παριόντες
591 886 754 967 ὡμολόγουν.
798 888 840 947 Οὐ
863 887 915 966 μὴν

138 973 196 1051 όγε
219 973 362 1049 Ῥωμίλιος
376 973 499 1052 ὑπέμεινα
521 974 619 1047 ταύτην
640 974 732 1034 λαόεῖν
748 974 795 1042 τὴν
814 975 913 1055 χάριν,

139 1064 199 1121 ἀλλ’
214 1061 352 1130 ἐπαινέσας
363 1060 422 1129 τοὺς
437 1062 589 1143 δημάρχους
604 1066 651 1134 τῆς
672 1063 833 1142 προθυμίας,
848 1067 915 1123 ἀπο·

139 1150 230 1210 δώσειν
254 1150 303 1231 ἔφη
327 1150 376 1223 τὴν
405 1152 561 1222 καταδίκην.
607 1149 694 1235 Ἰερίτν
715 1152 766 1233 γδρ
788 1152 840 1225 ἤδη
863 1156 914 1212 τῶν

139 1244 204 1298 θεῶν
227 1232 305 1314 ιῖναι,
328 1240 372 1300 καί
395 1237 454 1300 ούτι
482 1239 571 1300 δίκαια
592 1236 653 1300 οὔτε
675 1242 736 1299 ὀσια
754 1239 785 1300 διν
813 1244 911 1311 ποιιῖν,

87 1344 112 1382 to
139 1331 290 1411 ἀποστερῶν
304 1328 362 1397 τοὺς
382 1327 482 1395 θεοθςά
498 1328 603 1388 δίδωσιν
618 1331 704 1396 αὐτοῖς
728 1332 743 1388 ό
763 1329 914 1407 νόμος·καί

138 1418 258 1488 ἐποίησεν
273 1418 363 1487 οὕτως.
408 1421 430 1480 Γ
432 1417 555 1499 ραρέντος
571 1415 599 1476 il
613 1423 659 1476 τοῦ
674 1416 913 1497 προόουλιύματος,

137 1507 182 1565 καί
201 1507 269 1582 μετὰ
281 1513 365 1566 ταῦτα
381 1506 592 1587 ἐπικυρώσαντος
607 1510 652 1564 τοῦ
668 1506 773 1581 δήμου,
790 1505 913 1588 πρέσύεις

137 1598 332 1678 ἀπεδείχθησαν
352 1601 376 1655 οἱ
400 1597 458 1663 τοὺς
484 1594 558 1675 παρὰ
582 1599 634 1654 τῶν
659 1592 796 1666 Ἑλλήνων
817 1596 913 1673 νόμους

136 1686 297 1765 ληψόμενοι,
321 1684 433 1766 Σπόριος
450 1685 614 1761 Ποστόμιος,
633 1684 679 1741 καὶ
700 1683 824 1764 Σερούϊος
838 1686 913 1745 Σολ-

85 1795 110 1834 ιο
137 1774 236 1850 πίκιος,
249 1774 295 1832 καί
306 1763 391 1839 Αὖλος
403 1775 530 1839 Μάλλιος·
539 1764 576 1840 οἷς
588 1771 702 1853 τριήρεις
708 1795 737 1830 τι
748 1772 913 1853 παρεσκευό·

138 1867 239 1934 σθησαν
255 1864 284 1920 ἐκ
297 1867 344 1921 τοῦ
368 1860 515 1938 δημοσίου,
531 1859 577 1919 καί
594 1860 672 1928 ἄλλος
693 1860 791 1938 κόσμος
810 1862 846 1929 εἰς
860 1859 915 1920 ἰπί·

138 1950 214 2019 δειξιν
241 1957 287 2024 τῆς
307 1951 448 2029 ἡγεμονίας
472 1953 608 2032 ἀποχρῶν.
654 1948 710 2011 Kal
733 1949 763 2009 τό
776 1949 833 2019 ἔτος
853 1952 910 2011 tra·

137 2040 228 2100 λιύτα.

178 2130 249 2192 Lttl.
273 2127 337 2190 Ἐπί
347 2128 374 2188 δέ
387 2131 435 2200 τῆς
449 2129 625 2207 ὀγδοηκοστῆς
640 2126 685 2186 καί
697 2128 819 2208 διυτέρας
831 2128 911 2206 ὀλυμ·

82 2232 110 2273 au
138 2216 243 2289 πιάδος,
257 2218 290 2291 ἣν
313 2216 385 2277 ίνίκα
405 2217 509 2277 στάδιον
522 2216 608 2282 Λύκος
623 2216 761 2283 θεσσαλδς
776 2216 829 2275 ἀπὸ
846 2222 908 2277 Λα-

137 2307 227 2388 ρίσης,
239 2307 364 2386 ἄρχοντος
379 2304 502 2377 Ἀθήνησι
514 2304 695 2384 Χαιριροίνους
703 2349 712 2376 ,
728 2306 793 2363 ἰτῶν
803 2327 911 2386 τριακο-

135 2395 199 2456 σίων
213 2396 459 2474 ἐκπεπληρωμένων
472 2392 524 2451 οἰπδ
541 2399 588 2452 τοῦ
599 2391 708 2468 Ῥώμης
727 2397 908 2468 συνοικισμοῦ,

134 2485 255 2547 Ποπλίου
268 2482 394 2561 Ὁρατίου
415 2481 461 2541 καί
480 2480 579 2549 Σέξτου
602 2481 752 2541 ίίοῖντιλίου
778 2482 909 2560 διαδιδεγ·

136 2575 222 2652 μένων
243 2572 291 2643 τὴν
311 2571 412 2629 ’ύπατον
437 2568 542 2648 ἀρχὴν,
568 2571 677 2644 λοιμικὴ
704 2567 776 2636 νόσος
801 2571 838 2637 εἰς
861 2569 910 2642 τὴν

82 2687 109 2725 as
136 2662 247 2738 Ῥώμην
267 2659 434 2739 κατέσκηψε,
460 2656 572 2736 μεγίστη
599 2660 652 2716 τῶν
673 2659 702 2716 ἐκ
718 2661 765 2716 τοῦ
782 2657 910 2738 προτέρου

135 2750 231 2832 χρόνου
253 2748 502 2824 μνημονευομένων·
527 2743 568 2825 θρ’
587 2735 618 2816 ἧς
648 2746 672 2806 ni
689 2745 737 2822 μὲν
752 2748 910 2824 θεράποντες

136 2840 224 2917 ὀλίγου
247 2837 356 2908 ἐδέησαν
380 2834 494 2901 ἅπαντας
521 2836 681 2909 ἀπολέσθαι,
707 2837 758 2894 τῶν
775 2834 803 2895 δί
822 2836 909 2897 ἄλλων

136 2930 250 2988 πολιτῶν
270 2925 338 3007 cippi
357 2923 416 2991 τοὺς
443 2921 548 2999 ἡμίσεις
574 2924 689 3000 μάλιστα
716 2922 908 3003 διεφθάρησαν,

137 3016 195 3076 οὔτε
208 3020 261 3074 τῶν
275 3016 371 3095 ἰατρῶν
386 3012 534 3092 ἀρκούντων
548 3013 584 3079 εἰς
594 3010 625 3070 τὸ
641 3014 744 3090 βοηθεῖν
756 3019 810 3080 τοῖς
823 3010 911 3089 καμά-

136 3129 200 3178 τοις,
215 3104 273 3165 ούτε
287 3101 389 3162 οἰκιέων
401 3102 419 3173 ἢ
433 3100 514 3181 φίλων
531 3103 680 3178 τάναγκαῖα
696 3099 907 3180 ὑπηρετούντων.

135 3200 171 3257 Οἱ
184 3194 236 3273 γὰρ
252 3195 398 3270 ἐπικουρεῖν
412 3196 469 3255 ταῖς
485 3188 581 3269 έτέρων
596 3187 750 3269 βουλόμενοι
761 3197 908 3270 σομροραῖς

134 3281 276 3356 ἁπτόμενοί
288 3303 317 3338 τε
331 3280 495 3357 καματηρῶν
509 3277 641 3354 σωμάτων
656 3280 702 3337 καί
720 3278 909 3354 συνδιαιτώμε-

133 3398 187 3441 νοι,
204 3372 251 3439 τίις
278 3369 358 3435 αότδς
382 3369 488 3434 ἰκτίνοις
503 3367 592 3435 νόσους
614 3366 830 3446 μετελάμόανον,
841 3366 910 3428 ὥστε

133 3462 233 3527 πολλίις
252 3458 336 3526 οἰκίας
354 3456 552 3537 ἰξιρημωθῆναι
572 3457 605 3515 δι’
621 3456 732 3537 ιῖπορίαν
748 3459 800 3516 τῶν
817 3460 909 3534 ἰπιμε·

134 3550 301 3625 λησομένων.
343 3537 400 3606 ’Ἦν
421 3569 451 3605 τι
472 3547 521 3606 οὔκ
542 3546 682 3625 ἰλάχιοτον
703 3549 755 3605 τῶν
773 3547 910 3625 κακῶντῇ

135 3639 224 3706 πόλει,
239 3636 342 3693 καὶτοῦ
359 3634 396 3707 μὴ
411 3634 513 3713 ταχέως
526 3636 649 3712 λωφῆσαι
662 3631 710 3705 τὴν
729 3633 805 3693 νόσον
824 3630 907 3693 αἰτιον

134 3725 164 3785 τὸ
177 3724 237 3803 πιρῖ
249 3722 296 3788 τδις
309 3721 420 3790 ἰκόολίις
430 3726 482 3782 τῶν
492 3729 589 3801 νικρῶν
605 3723 753 3802 γινόμενον.
780 3724 848 3785 Κατ’
858 3728 908 3802 ιἰρ-

134 3812 184 3893 χδς
199 3812 247 3890 μὲν
262 3811 312 3888 γὰρ
327 3810 379 3870 ύπό
398 3833 427 3869 τε
441 3807 569 3891 αἰσχύνης
584 3811 630 3870 καὶ
644 3812 768 3891 εὐπορίας
779 3815 832 3871 τῶν
847 3813 910 3891 πρὸς

134 3902 179 3968 τὰς
194 3899 278 3981 ταρίις
293 3897 448 3970 ίπιτηδείων
462 3896 550 3959 έκαιόν
572 3922 601 3958 τε
620 3899 665 3958 καί
684 3904 718 3979 γῇ
735 3899 909 3979 παριδίδοσαν

134 3989 192 4057 τοὺς
218 3989 340 4066 νεκρούς·
359 3989 530 4054 τιλιυτῶντις
552 3986 580 4048 δέ
600 3991 687 4066 οἱμὲν
711 3991 755 4049 ὑπ’
770 3988 909 4070 ὀλιγωρίας

133 4083 179 4140 τοῦ
204 4079 304 4154 καλοῦ,
325 4079 349 4136 οἰ
369 4075 397 4135 δί
422 4076 580 4150 τάπιτήδεια
599 4080 645 4139 οὐκ
661 4079 781 4160 έχοντις,
798 4077 910 4146 πολλοὺς

135 4169 182 4249 μίν
198 4171 225 4227 ἐν
246 4174 298 4234 τοῖς
312 4166 453 4243 ὑπονόμοις
472 4170 524 4226 τῶν
539 4172 679 4228 στενωπῶν
700 4169 818 4250 γέροντες
843 4169 912 4251 ἐρρί-

134 4282 216 4319 πτουν
231 4261 282 4315 τῶν
306 4254 505 4333 ἀπογινομένων
518 4300 527 4329 ,
541 4258 633 4338 πολλῶ
650 4260 673 4317 δ’
696 4255 733 4316 Ιτι
756 4258 861 4323 πλείους
875 4260 912 4327 εἰς

133 4348 177 4409 τόν
191 4346 309 4423 ποταμὸν
321 4342 471 4403 ἰνέόαλλον·
483 4347 528 4421 ἀφ’
539 4336 575 4405 ῶν
586 4345 621 4406 τίς
634 4347 747 4426 μέγιστα
759 4347 910 4407 ἰκακοῦντο.

133 4432 385 4514 Ἐκκυμαινομένων
400 4432 525 4514 γδρπρδς
538 4433 585 4502 τδις
599 4434 681 4503 dard<
699 4435 745 4495 καί
758 4434 805 4502 τὰς
822 4434 912 4507 ἡῖύνας

132 4531 184 4588 τῶν
199 4526 331 4603 σωμάτων
347 4527 441 4604 βαρεῖα
457 4522 504 4584 καί
519 4522 636 4596 δυσώδης
650 4523 854 4604 προσπίπτουσα
866 4524 911 4583 καί

133 4626 185 4685 τοῖς
207 4619 245 4678 ἔτι
267 4613 461 4696 ἰρρωμένοιςὴ
489 4619 535 4675 τοῦ
556 4614 703 4687 πνεύματος
724 4610 847 4694 άπορορίι
863 4636 911 4672 τα·

133 4706 207 4783 χιίας
220 4705 294 4788 ἔρερε
307 4710 360 4773 τοῖς
370 4702 477 4784 σώμασι
489 4701 537 4770 τὰς
548 4700 657 4781 τροπλς,
673 4701 796 4762 πίνεσθαί
808 4724 837 4762 τι
851 4702 912 4761 aba·

135 4791 176 4851 ίτι
190 4796 304 4872 χρηστὸν
328 4788 361 4868 ἦν
378 4794 409 4854 τό
429 4796 460 4855 ἰκ
483 4797 530 4852 τοῦ
549 4794 669 4869 ποταμοῶ
688 4788 813 4869 κομισθίν
830 4789 910 4871 ὕδωρ,

134 4879 168 4938 τδι
182 4880 229 4955 μίν
244 4883 340 4965 ἀτοπία
351 4888 398 4956 τῆς
407 4884 507 4962 ὀσμῆς,
521 4876 556 4939 τά
570 4879 597 4939 δέ
612 4882 650 4959 τῷ
664 4877 837 4959 πονηρθςτδς
851 4882 914 4937 ὀνα-

135 4968 218 5033 δόσεις
229 4973 312 5029 ποιιῖν
326 4976 374 5043 τῆς
388 4974 495 5051 τρορῆς.
539 4968 592 5027 Καὶ
612 4968 641 5026 οὗ
654 4968 732 5043 μόνον
747 4968 822 5047 ἰντῇ
838 4966 912 5027 πόλει

92 5074 94 5079 ’
134 5057 168 5119 cd
191 5056 262 5117 δεινθ
281 5048 334 5135 ἦν,
357 5059 427 5118 ἀλλὰ
447 5057 494 5119 καί
519 5056 563 5116 ἰπΙ
590 5059 642 5115 τῶν
666 5057 771 5136 ιίγρῶν·
798 5055 844 5115 καί
863 5056 914 5137 οιίχ

133 5146 230 5221 ἥκιστα
245 5149 260 5204 ό
275 5146 388 5225 γιωργός
411 5147 538 5218 ἰπύνησιν
561 5146 641 5225 δχλος
661 5142 912 5222 ἀναπιμπλάμενος,

133 5235 180 5296 arni
194 5233 335 5318 προόάτων
350 5234 462 5293 καὶτῶν
481 5233 569 5294 ἄλλων
584 5232 752 5315 τιτραπόδιον
768 5232 826 5309 ἅμα
839 5232 913 5293 διαι-

1682 417 1745 477 699

969 561 981 591 ι
996 546 1100 607 gratiam
1114 545 1148 595 illi
1165 546 1259 608 resero,
1281 551 1306 597 et
1325 547 1444 598 mulctam
1467 553 1635 614 pecuniariam
1651 554 1697 619 ipsi
1721 555 1745 607 in

969 640 1087 703 «judicio
1104 644 1236 707 irrogatam
1250 644 1360 706 remitto,
1377 650 1403 696 et
1417 646 1442 696 in
1467 651 1593 711 pasterum
1605 664 1663 701 cum
1680 666 1710 704 eo
1720 654 1745 703 iu

968 739 1100 802 cgratiam
1123 740 1207 800 τόσσος
1223 754 1269 790 nos
1283 741 1349 791 enim
1364 741 1404 792 ille
1424 757 1468 793 soa
1482 743 1605 808 probitate
1628 748 1714 799 vincit.
1732 771 1744 793 ν

967 835 1089 886 litcaetari
1099 837 1191 887 tribuni
1203 875 1209 897 ‚
1222 838 1265 900 qui
1285 838 1401 902 aderam,
1415 839 1479 891 idem
1491 846 1628 894 senserunt.
1662 846 1747 896 Romi-

967 932 1016 983 lius
1029 936 1112 984 tamen
1125 935 1171 985 boc
1184 934 1334 987 benesrclum
1344 938 1457 1002 accipere
1475 939 1566 1001 noluit3
1587 941 1631 992 sed
1647 941 1748 994 laudata

968 1030 1124 1082 tribunorum
1137 1032 1161 1083 in
1173 1047 1200 1084 se
1213 1049 1336 1100 propensa
1356 1037 1500 1099 voluntate,
1520 1055 1546 1090 sc
1558 1041 1676 1092 mulctam
1689 1056 1746 1107 per·

968 1127 1107 1178 soluturum
1129 1129 1194 1179 dixit
1215 1131 1286 1193 :jam
1301 1132 1366 1182 enim
1389 1134 1438 1184 diis
1466 1140 1589 1187 socratam
1612 1151 1685 1200 esse;
1700 1152 1746 1191 uec

967 1228 1007 1291 pie
1031 1242 1058 1279 se
1074 1228 1213 1289 iacturum,
1238 1229 1259 1277 si
1287 1230 1346 1279 deos
1372 1233 1447 1284 rebus
1474 1234 1589 1299 legitimis
1611 1235 1745 1287 fraudarer.

967 1328 1047 1389 alque
1062 1325 1096 1375 ita
1117 1326 1183 1377 tecit.
1217 1328 1293 1377 Facto
1314 1333 1397 1379 autern
1420 1335 1648 1395 senatusconsulto,
1665 1338 1691 1387 ct
1702 1350 1748 1401 per

967 1422 1124 1487 plebiscitum
1150 1425 1235 1488 postea
1248 1424 1413 1488 confirmato,
1438 1428 1508 1492 legati
1522 1432 1603 1494 legum
1623 1446 1637 1480 a
1652 1431 1747 1483 Graecis

967 1520 1132 1586 petendarum
1147 1534 1236 1570 caussa
1268 1524 1345 1573 creati
1363 1532 1428 1586 sunt,
1453 1529 1495 1591 Sp.
1522 1530 1677 1588 Postumius.
1691 1533 1744 1582 Ser.

969 1619 1101 1685 Sulpicius,
1117 1621 1145 1668 Α.
1163 1619 1280 1679 Manlius,
1296 1620 1386 1684 quibus
1408 1624 1535 1685 triremes,
1561 1641 1617 1677 rum
1630 1628 1747 1679 omnibus

969 1713 1127 1773 ornamentis,
1142 1726 1197 1776 quaa
1221 1713 1330 1779 amplam
1348 1715 1445 1781 imperii
1467 1719 1569 1769 liorrrani
1593 1720 1744 1782 majestatem

970 1809 1031 1859 sutis
1044 1807 1152 1858 indicare
1166 1813 1288 1873 poterant,
1311 1823 1343 1861 ea
1358 1814 1445 1865 erario
1465 1815 1595 1881 assignatae
1617 1822 1684 1868 sunt.
1717 1819 1747 1867 er

969 1921 1049 1959 currus
1061 1909 1101 1960 itte
1116 1908 1185 1959 abiit.

1002 2142 1068 2191 Llll.
1081 2141 1227 2206 Olympiade
1239 2147 1322 2194 autem
1338 2145 1458 2205 Lllllllll,
1476 2158 1525 2208 qua
1547 2144 1606 2194 vicit
1628 2144 1653 2194 in
1668 2144 1747 2196 stadio

971 2231 1052 2293 Lycus
1068 2229 1200 2279 Thessalus
1214 2230 1377 2290 larissensis,
1388 2230 1506 2281 arebonte
1530 2231 1633 2282 Athenis
1646 2232 1747 2284 chrore-

973 2317 1062 2381 pbane,
1083 2319 1181 2381 exqueto
1198 2331 1263 2367 anno
1274 2319 1446 2370 trecentesimo
1456 2319 1489 2370 ab
1509 2321 1538 2369 θ’.
1557 2321 1585 2370 0.
1600 2319 1687 2371 Publio
1700 2323 1748 2372 llo·

971 2404 1035 2453 ratio
1050 2408 1076 2453 et
1092 2406 1167 2455 Sexto
1178 2404 1296 2463 Quintilio
1309 2404 1466 2465 consulibus,
1486 2405 1594 2455 maxima
1609 2407 1747 2471 pestilentia

970 2490 1056 2540 urbem
1071 2490 1176 2552 invasit,
1190 2496 1283 2554 quanta
1298 2506 1424 2556 nonquam
1444 2496 1519 2541 antea
1533 2491 1609 2541 luisse
1622 2506 1746 2543 rneumra·

970 2579 1062 2629 batur:
1077 2592 1127 2642 qua
1138 2592 1198 2643 pene
1215 2580 1297 2630 omniu
1312 2580 1413 2630 servitio
1428 2580 1541 2630 absumta
1556 2583 1629 2639 sunt,
1642 2593 1673 2629 ex
1687 2579 1747 2631 reli·

970 2667 1026 2731 quia
1040 2666 1137 2717 civibus
1150 2666 1252 2717 rlirnidia
1272 2668 1323 2718 tere
1339 2680 1395 2733 pars
1414 2667 1522 2727 interiit;
1537 2668 1580 2730 qui
1601 2680 1646 2718 neo
1659 2668 1749 2719 medici

970 2752 1063 2802 morbis
1088 2753 1192 2816 anplius
1215 2768 1375 2815 succurrere,
1400 2768 1445 2805 nec
1470 2753 1603 2806 domestici
1626 2756 1748 2820 amicique

970 2846 1127 2905 coronares
1148 2844 1301 2894 necessarias
1313 2844 1452 2895 ministrare
1467 2845 1590 2907 poteraut.
1624 2846 1685 2895 llam
1703 2845 1748 2908 qul

970 2931 1074 2981 aliorum
1088 2932 1181 2983 morbis
1195 2947 1267 2998 opem
1285 2933 1347 2984 terre
1365 2933 1494 2991 volebant,
1512 2946 1616 2997 corpora
1636 2932 1747 2983 laboran-

971 3021 1034 3071 tium
1047 3023 1182 3087 tangentes,
1198 3027 1223 3072 et
1236 3022 1310 3072 simul
1326 3021 1448 3079 virentes,
1468 3020 1556 3072 eodem
1568 3025 1594 3072 et
1615 3022 1650 3072 illi
1662 3022 1748 3073 morbo

971 3115 1178 3181 corripiebantur;
1196 3115 1230 3166 ita
1246 3117 1275 3165 ut
1293 3114 1380 3165 multu
1403 3113 1501 3171 domuc,
1516 3113 1550 3163 ob
1562 3114 1690 3165 bonrinum
1705 3128 1747 3165 cu·

970 3204 1078 3255 rentium
1096 3204 1201 3269 inopiam
1222 3202 1340 3254 desolato
1357 3201 1455 3252 locunt.
1489 3202 1569 3252 Pestis
1581 3206 1664 3252 aulem
1684 3202 1747 3253 adeo

970 3293 995 3343 in
1014 3292 1075 3344 urbe
1094 3292 1246 3355 grassantis.
1265 3293 1366 3357 ejusque
1387 3289 1556 3341 diutumitatls
1575 3304 1624 3341 non
1646 3290 1747 3341 minima

971 3386 1025 3435 erat
1054 3397 1150 3439 caussa,
1171 3381 1239 3445 quod
1261 3395 1364 3447 corpora
1388 3380 1532 3429 tnlrrmoto
1559 3381 1744 3444 projicerentur.

970 3474 1033 3521 Nam
1048 3470 1166 3534 principio
1178 3469 1278 3533 quidem
1299 3483 1351 3533 prre
1361 3468 1471 3532 pudore,
1491 3469 1517 3516 et
1536 3467 1605 3531 copia
1616 3480 1700 3519 rarum
1713 3467 1746 3519 ad

970 3559 1119 3623 sepulturam
1133 3557 1329 3609 necessariarum
1347 3559 1506 3619 suppetente,
1520 3556 1641 3606 cadavera
1653 3569 1747 3606 crema·

970 3645 1068 3696 bantct
1081 3650 1152 3703 terrra
1175 3644 1337 3694 mandabant.
1371 3641 1421 3694 Sed
1445 3643 1531 3706 postea
1548 3642 1603 3703 alii,
1617 3643 1745 3693 honestata

970 3736 1103 3793 contemta,
1118 3732 1158 3783 alii
1180 3745 1265 3782 rerum
1283 3731 1477 3783 necessariarum
1492 3730 1574 3794 inopia
1594 3732 1744 3795 laborantes,

969 3824 1048 3874 multa
1069 3824 1242 3875 detunctorum
1259 3836 1362 3887 corpora
1380 3823 1405 3872 in
1429 3823 1603 3874 subterraneas
1626 3825 1746 3890 compito·

969 3927 1025 3963 rurn
1039 3913 1148 3975 cloacas,
1168 3916 1195 3963 at
1210 3913 1280 3974 longe
1298 3912 1369 3976 plura
1392 3911 1416 3961 in
1442 3912 1545 3962 [lorium
1569 3914 1744 3976 projiciebant;

968 4002 1035 4053 unrle
1048 4001 1156 4053 maxima
1175 4000 1329 4051 redundabat
1351 3999 1416 4061 luas,
1430 4004 1482 4050 tum
1499 4013 1542 4064 per
1571 4001 1742 4065 confragosas,

968 4094 1022 4142 tum
1035 4089 1209 4156 permeabiles
1231 4088 1291 4153 ripae
1308 4090 1399 4152 parles,
1434 4090 1511 4149 llam,
1533 4086 1621 4148 eiectis
1638 4088 1670 4137 ab
1680 4087 1745 4138 unda

968 4176 1140 4237 cadaveribus,
1152 4175 1235 4238 gravia
1246 4177 1272 4225 et
1284 4173 1350 4223 male
1367 4173 1435 4223 oleos
1448 4172 1520 4231 odor,
1543 4172 1587 4235 qui
1604 4172 1672 4223 renti
1687 4174 1747 4225 tlatu

968 4266 1025 4317 inda
1037 4266 1162 4317 terebatur
1179 4277 1223 4329 per
1241 4274 1338 4321 aerem,
1351 4260 1462 4312 valentes
1474 4259 1623 4323 invadebat,
1645 4274 1746 4311 eorum-

967 4365 1016 4415 que
1029 4352 1172 4418 corporibus
1182 4350 1288 4402 celarem
1302 4348 1466 4399 mutationem
1477 4348 1616 4400 atterebat:
1637 4353 1663 4399 et
1682 4363 1746 4411 aqua

967 4453 999 4490 ea
1021 4440 1119 4492 flumine
1140 4439 1214 4491 allata
1239 4452 1288 4490 non
1309 4441 1361 4488 erat
1385 4437 1491 4502 amplius
1514 4438 1578 4488 bona
1603 4436 1634 4486 arl
1656 4439 1746 4500 potan-

967 4529 1038 4592 dum,
1056 4530 1145 4593 partim
1156 4528 1188 4579 ob
1201 4529 1294 4579 lictoris
1309 4528 1453 4578 inusitatam
1476 4526 1675 4592 graveolentiam,
1689 4538 1746 4587 par·

968 4618 1014 4669 tim
1028 4618 1088 4683 quia
1113 4617 1202 4667 malam
1223 4617 1271 4667 cibi
1294 4618 1477 4667 concoctionem
1501 4616 1614 4666 iaciebat.
1648 4618 1697 4664 Nec
1720 4613 1746 4661 in

967 4707 1029 4757 urba
1038 4708 1152 4759 tantum.
1169 4703 1213 4754 sed
1228 4705 1301 4753 ctiam
1315 4703 1340 4753 in
1351 4706 1425 4766 agris,
1453 4703 1545 4753 malum
1558 4702 1581 4750 id
1592 4700 1679 4750 suviit.
1692 4703 1746 4750 lrnri

967 4808 1027 4845 reru
1038 4810 1085 4844 nou
1101 4791 1259 4842 mediocriter
1271 4789 1296 4838 id
1309 4791 1386 4841 sensit
1398 4792 1493 4852 agreste
1511 4788 1608 4850 vulgus,
1622 4785 1705 4834 ovium
1720 4790 1746 4836 et

967 4883 1070 4932 aliorum
1083 4879 1285 4944 quadrupedum,
1307 4879 1372 4928 inter
1384 4891 1446 4940 quas
1460 4876 1617 4934 versabatur,
1634 4875 1746 4937 contagio

967 4970 1095 5021 iniectum.
1128 4965 1253 5027 Quamdiu
1291 4965 1366 5027 igitur
1395 4965 1489 5027 aliquid
1521 4964 1573 5028 spei
1608 4962 1693 5012 multis
1721 4965 1745 5014 iu

967 5059 1051 5111 divino
1060 5056 1152 5108 auxilio
1167 5054 1222 5113 luit,
1235 5067 1320 5104 omnes
1331 5054 1364 5103 ad
1383 5053 1502 5104 sacrificia
1519 5056 1545 5102 et
1557 5052 1709 5118 expiationes
1719 5067 1745 5104 se

967 5149 1157 5205 marcuerunt,
1178 5142 1308 5207 multique·
1320 5139 1379 5191 nori
1402 5154 1432 5191 ac
1451 5141 1563 5193 inusitati
1577 5141 1745 5207 ritua,parurn

968 5236 1131 5299 wagruantea
1151 5230 1258 5285 deorum
1277 5227 1441 5293 cerenmtb,
1462 5229 1488 5281 in
1509 5228 1597 5284 urbem
1614 5245 1629 5283 a
1650 5228 1745 5282 civibus

1061 5374 1614 5580 frma
