3772 5828
165 275 225 334 438

163 401 193 459 τδ
209 400 354 475 δημοτικόν
367 400 454 473 ἅπαν,
473 400 518 456 καί
537 399 570 459 τδ
584 400 675 459 λοιπὸν
691 405 772 461 οἰκεῖν
790 405 872 470 α’δεῶς
893 405 942 477 τὴν

163 490 249 550 πόλιν·
265 491 324 546 ἀλλ’
344 486 434 568 ῶσπερ
455 487 581 569 ἀδελροὺς
607 491 759 571 ἀδελφοῖςῆ
781 494 878 561 παῖδας
898 518 943 574 γο·

164 586 250 639 νεῦσιν
269 581 295 637 ἐν
315 576 385 657 οἰκίᾳ
411 576 524 657 σώφρονι
549 577 675 657 περὶτῶν
697 580 761 638 ἰσων
775 581 821 640 καί
834 583 942 642 δικαίων

164 665 365 746 διαλεγομένους
385 670 470 724 πειθοῖ
486 665 531 724 καὶ
546 665 616 746 λόγῳ
633 669 783 728 διαλύεσθαι
797 670 832 731 τίι
853 671 939 746 νείκη,

125 778 137 816 a
165 758 307 829 ἀνήκεστον
330 755 356 813 δὲ
371 752 389 824 ἰ,
406 753 509 814 ἀνόσιον
525 753 598 832 ἔργον
616 755 698 829 μηθέν
714 761 852 834 ὑπομεῖναι
879 761 940 840 δρᾶ·

164 870 209 906 σαι
224 847 282 904 κατ’
300 840 432 911 ἀλλήλων·
443 832 485 899 οἶα
504 843 664 921 Κερκυραῖοί
680 866 708 900 τε
723 851 792 904 κατὰ
812 845 860 918 τὴν
873 849 939 908 στά-

165 959 205 994 σιν
218 933 436 1014 εἰργάσαντο,καί
448 931 570 1013 Ἀργεῖοι,
582 931 627 989 καί
637 930 765 1002 Μιλήσιοι
775 933 821 993 καλ
831 935 940 995 Σικελία

164 1033 250 1091 πᾶσα,
264 1024 309 1083 καὶ
323 1022 418 1103 συχναί
434 1022 513 1081 ἀλλαι
528 1021 626 1087 πόλεις.
673 1019 747 1099 Ἐγὼ
770 1022 819 1099 μέν
834 1013 879 1081 σύν
897 1023 940 1082 διὰ

163 1118 246 1171 ταῦτα
262 1112 422 1191 προειλόμην
445 1108 634 1191 ἀκριόεστέραν
654 1111 788 1184 μᾶλλονῆ
811 1113 941 1194 βραχυτέ·

114 1235 138 1273 10
164 1224 211 1280 ραν
224 1200 387 1272 ποιήσασθαι
402 1199 449 1271 τὴν
463 1199 593 1275 διήγησιν·
608 1202 717 1277 κρινέτω
743 1198 767 1258 δ’
781 1199 890 1268 ἕκαστος
904 1206 938 1270 ῶς

163 1289 296 1370 βούλεται.

202 1381 317 1442 LXth.
339 1378 406 1439 Τότε
421 1375 448 1437 δί
463 1368 508 1437 σύν
519 1380 566 1447 τῆς
582 1375 656 1445 δίκης
667 1381 744 1436 τοῦτο
764 1378 897 1451 λαθούσης
910 1380 940 1440 τὸ

163 1471 255 1541 τέλος,
276 1467 352 1545 θμέν
365 1470 448 1540 δῆμος
470 1465 597 1525 ἀπελύετο
621 1465 803 1549 προσειληφὼς
829 1467 939 1541 ἀνόητον

164 1561 275 1640 αὔλημα
286 1558 331 1618 καὶ
341 1554 520 1636 καθῃρηκέναι
532 1555 579 1625 τλν
601 1557 806 1635 ἀριστοκρατίαν
822 1556 948 1636 οἰόμενος·

113 1674 137 1713 ιο
164 1651 188 1708 οἰ
200 1648 227 1707 δί
243 1645 377 1728 πατρίκιοι
398 1653 525 1725 κατηφεῖς
539 1667 567 1702 τε
583 1644 629 1702 καί
643 1645 762 1705 ταπεινοὶ
781 1647 826 1705 καί
844 1645 877 1706 δι’
894 1649 940 1707 αἰ-

163 1739 222 1808 τίας
237 1737 341 1818 ἔχοντες
356 1735 400 1796 τὸν
415 1734 580 1813 Οὐαλέριον,
597 1736 639 1813 ὑφ’
654 1726 685 1795 oi
703 1735 852 1804 nerodianus
872 1739 939 1796 ἐπέ-

163 1833 262 1911 τρεψαν
274 1831 313 1906 τῷ
323 1825 401 1907 δήμῳ
415 1824 463 1897 τλν
477 1823 561 1895 δίκην·
577 1813 609 1895 ἦν
624 1846 653 1882 τε
670 1822 772 1903 οἰμωγλ
786 1824 832 1883 καί
844 1823 944 1905 δάκρυα

164 1920 215 1977 τῶν
225 1917 407 1999 οἰκτειρόντων
420 1936 449 1973 τε
464 1914 508 1971 καί
522 1913 734 1992 προπεμπόντων
749 1913 793 1970 τὸν
807 1913 938 1993 Μάρκιον,

165 2010 247 2074 Αὐτὸς
262 2007 290 2066 δέ
307 2011 321 2065 δ
338 2005 456 2083 Μάρκιος
480 2001 535 2061 οὔτ’
551 2000 785 2075 ἀνακλαυσάμενος
811 1999 887 2080 ὤφθη
898 2024 945 2065 τας

112 2127 139 2166 οι)
165 2101 243 2156 αὑτοῦ
259 2096 342 2175 τύχας
360 2094 413 2154 οὔτ’
427 2088 580 2167 ἀποιμώξας
595 2090 654 2149 οὗτε
669 2089 734 2147 ἀλλο
750 2084 860 2160 elatiori
880 2086 944 2165 δρά-

165 2205 213 2250 σας
226 2185 330 2253 ἀνάξιον
348 2189 394 2255 τῆς
410 2187 503 2242 ἑαυτοῦ
517 2181 757 2262 μεγαλοφροσύνης,
770 2181 824 2239 οὐδ’
843 2172 938 2241 ὁτιοῦν·

168 2272 209 2330 ἐτι
249 2272 392 2348 δὲμᾶλλον
417 2272 533 2343 ἐδήλωσε
557 2270 605 2341 τὴν
625 2270 794 2347 γενναιότητα
819 2269 865 2329 καί
891 2267 939 2340 τὴν

164 2361 306 2439 καρτερίαν
330 2365 377 2430 τῆς
397 2359 521 2438 γνώμης,
546 2358 637 2428 ἐπειδὴ
669 2356 757 2416 οίκαδε
782 2357 938 2438 ἀφικόμενος

163 2446 275 2525 γυναῖκά
299 2469 327 2504 τε
345 2436 397 2505 εἶδε
412 2449 457 2505 καί
477 2447 579 2530 μητέρα
602 2446 854 2526 καταρρηγνυμένας
877 2444 936 2513 τοθς

111 2558 137 2597 ευ
164 2534 280 2603 πέπλους
294 2535 339 2593 καί
354 2534 386 2592 τίι
399 2537 493 2616 στέρνα
509 2535 657 2604 τυπτούσας
671 2537 717 2593 καί
729 2526 771 2593 οἷα
785 2534 853 2602 εἰκός
867 2536 938 2594 ἐστιν

164 2625 208 2684 tut
228 2625 360 2692 τοιαύταις
374 2633 520 2706 συμφοραῖς
540 2624 625 2701 λέγειν
643 2622 689 2692 τθς
711 2622 937 2704 ἀποζευγνυμένας

163 2715 217 2772 ἀπὸ
244 2717 296 2771 τῶν
320 2714 536 2790 ἀναγκαιοτάτων
557 2712 630 2795 σφίσι
655 2712 775 2779 θανάτοις
802 2712 819 2784 ἢ
845 2721 938 2795 φυγαῖς

164 2801 328 2868 ἀναύοώσας.
343 2804 427 2863 Οὐθὲν
442 2801 493 2881 γὰρ
508 2802 572 2881 πρὸς
586 2802 619 2860 sd
629 2801 728 2882 δάκρυα
743 2802 858 2870 καίτοθς
873 2802 937 2883 θρή-

163 2914 222 2958 νους
237 2893 289 2950 τῶν
312 2896 442 2968 γυναικῶν
465 2889 578 2963 ἔπαθεν,
601 2893 789 2968 ἀσπασάμενος
811 2892 838 2950 δέ
858 2893 937 2958 αὐτὰς

111 3010 138 3052 sn
164 2981 243 3059 μόνον
257 2981 302 3039 καί
316 2979 504 3059 παρακαλέσας
519 2979 641 3054 γενναίως
666 2977 752 3057 φέρειν
775 2979 822 3042 τὰς
836 3003 938 3057 συμφο-

165 3070 221 3150 ράς,
235 3068 294 3138 τούς
308 3093 336 3128 τε
346 3070 441 3134 παῖδας
454 3069 545 3133 αὐτοῖς
559 3065 750 3146 παραθέμενος·
766 3069 779 3122 ό
793 3065 843 3144 γθρ
856 3089 936 3144 πρεσ-

164 3157 271 3238 όύτερος
295 3165 347 3218 τῶν
367 3157 470 3216 παίδων
500 3149 530 3226 ἦν
556 3154 619 3212 δέκα
642 3151 754 3232 γεγονὼς
781 3154 844 3229 ἔτη,
873 3158 887 3211 ὁ
910 3154 937 3213 δί

163 3247 286 3328 νεώτερος
300 3249 337 3307 ἔτι
350 3247 531 3324 ὑπαγκάλιος·
542 3244 607 3302 ἀλλο
622 3242 648 3302 δὲ
657 3242 730 3301 οὐθέν
741 3239 799 3299 οὔτε
811 3243 939 3324 φιλοφρο-

164 3337 310 3414 νησάμενος
333 3334 394 3395 οὔτε
419 3333 631 3409 διοικησάμενος,
661 3322 698 3397 οίς
720 3331 756 3398 εἰς
781 3330 828 3403 τὴν
853 3334 937 3412 φυγὴν

110 3463 136 3503 35
165 3428 311 3507 χρήσεσθαι
323 3424 447 3500 ἔμελλεν,
457 3421 533 3500 ἐξῄει
548 3422 618 3480 κατὰ
633 3420 749 3492 σπουδὴν
771 3419 813 3480 ἐπὶ
828 3419 875 3488 τὰς
889 3423 939 3481 πύ·

164 3518 223 3586 λας,
240 3516 324 3574 οὐθενί
341 3512 462 3585 δηλώσας
477 3511 536 3570 dnos
547 3508 595 3580 τὴν
616 3509 775 3588 ἀπαλλαγὴν
788 3510 932 3582 ποιήσοιτο.

204 3602 329 3666 Lxl'lll.
351 3602 474 3679 Ὀλίγαις
488 3597 510 3656 δ’
523 3596 632 3679 ὕστερον
651 3596 762 3678 ἡμέραις
775 3603 874 3669 καθῆκε
892 3601 939 3677 μὲν

163 3696 239 3752 δτῶν
257 3694 434 3773 ἀρχαιρεσιῶν
453 3688 562 3766 καιρός,
581 3687 676 3745 linatur
700 3686 726 3744 δέ
744 3687 938 3766 ἀπεδείχθησαν

164 3782 214 3841 ὑπὸ
229 3788 274 3842 τοῦ
290 3782 375 3856 δήμου
403 3778 510 3842 Κόϊντος
536 3774 694 3841 Σουλπίκιος
722 3776 868 3853 Καμερῖνος
893 3777 937 3836 κσί

110 3896 136 3934 to
165 3871 272 3950 Σέργιος
289 3871 403 3950 Λάρκιος
418 3865 535 3930 Φλαύιος
549 3865 579 3923 τὸ
596 3863 723 3943 δεύτερον.
768 3864 895 3943 Ταραχαί
910 3867 937 3925 δι’

163 3980 229 4023 τινες
244 3958 379 4017 ἐνέπιπτον
393 3959 421 4015 ἐκ
435 3957 567 4031 δειμάτων
583 3953 725 4028 δαιμονίων
740 3954 773 4030 τῇ
789 3950 863 4009 πόλει
876 3976 939 4032 συχ-

163 4045 215 4100 ναί·
228 4045 299 4123 ὄψεις
312 4069 339 4103 τε
352 4044 402 4123 γδρ
416 4045 463 4102 ούκ
478 4041 594 4101 εἰωθυῖαι
610 4038 745 4119 ἐφαίνοντο
761 4039 939 4111 πολλοῖς,καί

164 4133 248 4213 ρωναί
263 4135 388 4203 ἠκούοντο
400 4130 500 4196 οὐδενὸς
515 4131 587 4196 ὄντος
598 4133 644 4187 τοῦ
662 4125 849 4208 φθεγγομένου,
864 4129 939 4203 γοναί

164 4244 191 4280 τε
201 4220 343 4297 ἀνθρώπων
351 4220 396 4277 καί
409 4217 587 4298 βοσκημάτων
601 4215 668 4276 πολὺ
679 4220 709 4274 ἐκ
720 4222 764 4274 τοῦ
776 4213 844 4271 κατδι
862 4214 938 4296 φύσιν

164 4309 336 4381 incedentes
363 4310 399 4375 εἰς
413 4307 442 4365 τδ
467 4307 578 4366 ἀπιστόν
596 4329 624 4364 τε
646 4303 692 4363 καί
714 4305 859 4384 τερατῶδες
882 4307 938 4386 ἐφέ-

165 4420 254 4473 ροντο,
279 4397 397 4475 χρησμοί
420 4419 448 4454 τε
465 4395 560 4475 ᾔδοντο
577 4396 603 4452 ἐν
618 4396 724 4459 πολλοῖς
748 4394 872 4472 χωρίοις,
895 4396 939 4454 καὶ

164 4492 297 4560 θειασμοῖς
313 4485 422 4564 κάτοχοι
442 4487 564 4563 γυναῖκες
583 4483 690 4563 οἰκτρδις
706 4485 878 4560 ἐμαντεύοντο
893 4487 938 4545 καί

163 4575 245 4640 δεινὰς
261 4579 292 4652 τῇ
307 4573 381 4631 πόλει
397 4572 487 4653 τύχας.
529 4574 640 4655 Ἥψατο
657 4574 685 4632 δέ
699 4598 737 4640 τις
749 4576 793 4632 καί
805 4575 878 4643 νόσος
893 4582 939 4635 τοῦ

163 4663 276 4735 πλήθους
300 4664 423 4740 λοιμικὴ,
451 4665 495 4721 καὶ
513 4665 615 4735 πολλὴν
631 4664 739 4738 ἐποίησε
759 4664 936 4744 βοσκημάτων

109 4797 135 4833 sn
162 4756 268 4833 φθοράν·
285 4752 428 4832 ἀνθρώπων
450 4755 538 4830 μέντοι
555 4754 665 4821 θάνατος
680 4758 709 4814 οὐ
723 4755 804 4822 πολὺς
818 4753 935 4833 ἐγένετο,

163 4844 221 4899 ἀλλ’
246 4846 309 4921 άχρι
335 4843 418 4900 νόσων
442 4842 471 4898 τὸ
493 4843 574 4901 δεινὸν
603 4845 746 4924 ἐχώρησεν·
768 4852 822 4911 τοῖς
837 4843 884 4919 μέν
905 4845 937 4916 δὴ

162 4933 237 4987 ταῦτ’
253 4934 338 4991 ἐδόκει
349 4929 420 4991 κατίι
435 4935 493 4988 θεοῦ
506 4932 627 5009 γενέσθαι
641 4934 748 5009 γνώμην
762 4936 937 5010 νεμεσῶντος,

160 5015 201 5074 ότι
216 5018 258 5074 τὸν
282 5021 387 5096 ἀριστον
403 5023 455 5078 τῶν
470 5023 583 5080 πολιτῶν
597 5021 728 5093 ἐξήλασαν
742 5025 789 5090 τῆς
802 5022 936 5101 πατρίδος,

110 4358 136 4395 lb

680 273 851 336 DIONYSll
875 274 1252 337 bntlosltnnssan'sts

994 416 1020 466 in
1034 416 1095 467 urbe
1109 415 1236 475 virerent3
1252 415 1296 467 sed
1312 417 1376 468 tnter
1390 431 1417 469 se
1432 432 1479 468 non
1492 418 1563 471 aliter
1584 433 1611 471 se
1628 426 1780 487 gesserant,

994 515 1069 568 quarn
1082 503 1171 553 iratres
1182 516 1239 552 cum
1252 502 1383 562 iratribus,
1399 508 1443 553 aut
1457 503 1512 552 libri
1523 519 1580 555 cum
1593 509 1742 571 parentibus
1754 509 1783 559 in

994 590 1055 641 benc
1067 590 1181 641 instituta
1191 590 1282 640 tamilla
1296 590 1327 642 de
1338 590 1399 642 iuris
1412 591 1581 655 aequabilitate
1595 595 1782 661 disceptantes,

993 679 1019 727 el
1032 679 1119 727 mutua
1133 676 1353 729 orationeadducti
1365 682 1543 732 mntmrersias
1557 683 1729 745 diremerunt,
1752 691 1784 737 et

993 763 1087 815 nullum
1110 764 1256 825 manabile,
1282 768 1326 815 ant
1348 766 1451 830 impium
1472 770 1584 832 lacinus,
1605 772 1645 822 aiii
1665 773 1690 821 in
1711 774 1783 823 alios

994 855 1092 919 patrans
1103 851 1157 903 ansi
1169 856 1245 901 sunt:
1260 855 1287 902 ut
1301 853 1439 916 corcyraei,
1454 858 1587 921 elargiri,
1603 862 1628 909 et
1637 859 1736 920 Milesii,
1753 863 1783 912 et

995 944 1048 992 tota
1058 938 1154 1001 Sicilia,
1166 945 1193 991 et
1203 940 1289 991 motta
1300 941 1356 993 alie
1363 943 1476 994 unates
1488 945 1513 995 in
1523 945 1643 996 seditione
1652 946 1779 998 lecerunt.

994 1027 1034 1078 Ob
1045 1026 1092 1077 iras
1104 1025 1180 1090 igitur
1193 1040 1294 1078 mussas
1310 1041 1356 1094 ego
1372 1031 1510 1082 accuratius
1526 1043 1601 1095 quam
1618 1033 1781 1096 compendio

994 1118 1047 1167 dns
1059 1116 1114 1167 baec
1130 1128 1230 1167 narrare
1245 1117 1320 1168 malni
1340 1117 1478 1169 :indicium
1496 1122 1580 1171 tamem
1595 1119 1729 1184 unicnrique
1743 1123 1781 1174 sit

993 1202 1107 1255 liberum.

1024 1401 1113 1451 bxvrt
1140 1404 1217 1464 Ergo,
1233 1414 1290 1452 eom
1312 1400 1380 1451 illins
1398 1399 1484 1451 iudicii
1505 1399 1546 1450 lric
1567 1401 1653 1452 luisset
1673 1402 1776 1463 exitus,

994 1486 1065 1552 plebs
1076 1486 1176 1539 dimissa
1195 1488 1298 1539 stolidos
1321 1487 1422 1551 spiritus
1442 1488 1559 1539 assumsit
1578 1493 1605 1540 et
1625 1488 1777 1552 optimatum

995 1578 1129 1642 potentiam
1143 1593 1159 1628 a
1174 1592 1201 1628 sc
1215 1590 1327 1627 eversam
1346 1575 1507 1627 existimarit.
1544 1581 1576 1627 nt
1589 1577 1703 1642 patricii,
1722 1592 1777 1642 pree

994 1677 1101 1713 montore
1114 1663 1183 1713 rultu
1201 1662 1310 1713 demisso
1329 1661 1466 1727 animisque
1483 1661 1587 1713 deiectis
1612 1663 1776 1714 discedentes

996 1752 1143 1804 incusabant
1155 1753 1280 1804 t'alerinm
1293 1790 1300 1813 ‚
1313 1765 1365 1816 quo
1377 1765 1478 1802 suasore
1494 1766 1524 1803 ac
1537 1756 1638 1804 anctore
1655 1754 1721 1818 plebi
1734 1755 1776 1805 in·

996 1842 1090 1894 dicium
1107 1841 1274 1907 permiserant.
1308 1837 1417 1889 uncins
1443 1839 1539 1901 summ,
1558 1853 1615 1890 cnm
1637 1841 1730 1904 gemitu
1749 1846 1776 1893 et

996 1933 1104 1985 lacrimis
1126 1945 1224 1991 eorum,
1249 1928 1293 1994 qui
1313 1929 1367 1979 eins
1387 1929 1510 1980 lortnnam
1526 1930 1715 1991 miserebantur,
1727 1932 1775 1984 do-

996 2034 1065 2071 mum
1078 2023 1116 2069 est
1133 2017 1267 2089 deductus.
1301 2018 1334 2065 At
1352 2015 1423 2081 ipse,
1443 2031 1489 2068 nec
1503 2032 1562 2068 suos
1580 2032 1651 2069 casus
1664 2020 1775 2081 dellens,

996 2120 1041 2157 nec
1055 2105 1119 2156 ullos
1142 2109 1272 2168 pmpterea
1287 2101 1394 2166 gemitus
1413 2103 1503 2166 mens,
1516 2118 1560 2155 nec
1576 2106 1711 2170 quidquam
1726 2121 1775 2157 aua

996 2193 1194 2273 magnanimitate
1217 2192 1360 2256 indignum,
1383 2195 1427 2242 aul
1453 2192 1550 2254 dicens,
1573 2196 1613 2243 aut
1631 2194 1739 2255 taciens,
1756 2210 1772 2243 a

995 2283 1110 2347 quopiam
1123 2282 1269 2344 conspectus
1281 2280 1321 2329 est
1338 2298 1345 2328 ι
1360 2279 1404 2329 sed
1421 2280 1500 2330 multo
1513 2279 1628 2330 malorem
1642 2280 1717 2329 animi
1728 2294 1769 2344 ge-

996 2372 1153 2423 nerositatem
1163 2371 1190 2420 et
1199 2368 1364 2420 constantiam
1379 2368 1555 2420 demonstrarit
1565 2406 1572 2431 ‚
1584 2382 1655 2429 enm,
1667 2369 1770 2420 domum

997 2474 1126 2519 reversus,
1148 2462 1300 2511 uxoremst
1326 2461 1431 2510 matrem
1452 2458 1635 2524 conspexisset,
1660 2457 1773 2509 restibus

995 2550 1136 2602 dilaceratis
1151 2551 1249 2613 pectora
1271 2548 1429 2613 plangentes,
1451 2552 1476 2598 et
1497 2547 1566 2612 qnod
1583 2549 1775 2598 mnsentaneum

996 2650 1033 2699 est
1047 2647 1073 2696 in
1084 2641 1228 2695 bninsmodl
1241 2640 1425 2693 miamitatibus
1441 2653 1484 2691 eas
1502 2641 1597 2700 tacere.
1612 2654 1669 2706 qua
1685 2641 1716 2692 ab
1728 2643 1773 2693 ho-

995 2738 1102 2789 minibus
1118 2735 1166 2787 sibi
1186 2734 1370 2787 necessitudine
1386 2734 1611 2796 coniunctissimis,
1628 2735 1773 2794 reinone,

1003 2825 1041 2875 rel
1051 2825 1133 2885 csilio,
1149 2825 1306 2888 separantur,
1320 2822 1483 2874 vociterantes
1495 2838 1501 2867 ε
1513 2837 1559 2873 nec
1573 2827 1656 2874 tamen
1664 2825 1774 2874 lacrimis

996 2916 1039 2963 aut
1053 2911 1166 2963 lumentis
1189 2910 1321 2961 mulierum
1341 2911 1480 2959 commotus
1503 2911 1557 2971 est,
1572 2909 1616 2960 sed
1629 2910 1696 2974 ipsas
1714 2914 1769 2960 tan·

996 3002 1124 3051 tumrnoelo
1145 3001 1278 3062 salutarit,
1307 2997 1470 3061 hortatusque
1494 3000 1533 3047 est
1552 3003 1581 3048 ut
1605 2998 1664 3048 torti
1688 2999 1771 3050 animo

995 3086 1148 3138 calamitates
1165 3088 1257 3139 tenent
1273 3105 1279 3135 :
1296 3088 1321 3136 et
1342 3083 1404 3134 tilios
1421 3082 1469 3133 illis
1492 3083 1674 3135 commendarit
1694 3086 1771 3149 (nam

995 3190 1081 3227 eorum
1097 3181 1158 3227 natu
1179 3175 1255 3226 nidor
1269 3184 1346 3222 annos
1358 3169 1444 3223 decem
1456 3173 1530 3220 natus
1541 3175 1603 3231 erat,
1619 3172 1699 3222 minor
1710 3188 1770 3224 vero

996 3271 1021 3322 in
1041 3272 1104 3321 ubris
1124 3271 1205 3321 adbuc
1221 3264 1388 3333 gestabatur),
1409 3278 1455 3316 nec
1478 3264 1535 3315 ullis
1549 3265 1605 3316 aliis
1629 3281 1771 3318 sermonum

995 3359 1120 3408 blanditiis
1133 3372 1202 3417 usus,
1219 3369 1264 3406 nec
1277 3354 1329 3405 nlla
1343 3351 1392 3403 alia
1406 3366 1434 3404 rc
1447 3351 1564 3418 provisa,
1584 3367 1633 3417 qna
1647 3356 1670 3404 in
1687 3357 1772 3407 exsilio

996 3450 1033 3499 nti
1060 3449 1158 3512 posset,
1172 3447 1246 3494 domo
1265 3455 1393 3508 egressus,
1417 3440 1559 3506 properarit
1584 3441 1615 3491 ad
1636 3447 1718 3506 portas
1729 3484 1735 3502 ,
1748 3450 1773 3496 ct

995 3536 1095 3594 nemini,
1108 3547 1214 3598 quonam
1227 3532 1433 3598 proficisceretur,
1443 3530 1587 3583 declararit.

1027 3633 1135 3684 lxi-'lli
1154 3629 1243 3679 Paucis
1265 3631 1322 3693 post
1340 3627 1430 3679 diebus
1444 3628 1512 3680 renit
1530 3628 1689 3679 comitiorum
1710 3632 1776 3680 tem

995 3748 1054 3799 pus,
1075 3735 1100 3784 et
1121 3729 1234 3782 consules
1253 3728 1372 3794 apopulo
1386 3730 1463 3781 creati
1477 3732 1536 3780 sunt
1550 3732 1580 3789 Q.
1595 3728 1718 3793 Sulpicius
1730 3732 1776 3779 ca·

995 3835 1103 3886 morinus
1115 3835 1141 3884 et
1155 3834 1197 3896 Sp.
1210 3832 1311 3897 largius
1324 3830 1415 3881 Flavus
1430 3829 1530 3880 iterum.
1551 3833 1589 3881 Bo
1603 3843 1677 3882 anno
1690 3829 1774 3879 multis

996 3929 1137 3981 celestibus
1153 3928 1270 3993 prodigiis
1293 3927 1432 3992 respublica
1453 3926 1553 3976 turbata
1575 3928 1615 3978 est
1640 3947 1647 3977 ι
1672 3939 1729 3977 nam
1748 3926 1775 3975 et

995 4032 1164 4097 portentorum
1178 4042 1249 4077 novae
1266 4027 1340 4078 iacies
1352 4026 1436 4078 multis
1455 4028 1635 4092 apparuerunt,
1654 4029 1680 4075 ct
1697 4037 1773 4074 exau-

995 4130 1054 4181 ditae
1075 4144 1149 4180 soces
1161 4145 1176 4180 a
1189 4130 1258 4180 nullo
1272 4132 1341 4180 certo
1353 4133 1457 4181 auctore
1472 4128 1570 4181 emissa
1588 4130 1614 4180 et
1630 4130 1674 4191 (ut
1688 4127 1773 4190 aiunt)

994 4232 1121 4284 bominum
1137 4230 1309 4297 pecudumque
1326 4233 1411 4294 partus
1423 4229 1558 4280 admodum
1574 4226 1644 4277 alieni
1657 4241 1672 4274 a
1685 4227 1774 4274 natura

994 4334 1020 4382 et
1034 4333 1075 4382 rin
1091 4330 1205 4383 credendi
1221 4343 1251 4379 ac
1270 4329 1403 4379 monstrosi
1422 4327 1573 4389 edebantur;
1592 4330 1618 4377 et
1640 4323 1724 4374 multis
1747 4323 1773 4371 in

994 4433 1054 4483 locis
1076 4433 1175 4484 oracula
1198 4429 1375 4489 reddebantur;
1400 4433 1426 4478 et
1446 4429 1562 4480 mulieres
1585 4428 1665 4477 lurore
1688 4421 1773 4472 nivino

994 4532 1113 4593 correptas
1137 4527 1288 4578 miserandas
1304 4526 1429 4589 etgraves
1455 4524 1596 4590 reipublicae
1619 4520 1773 4571 calamitates

995 4629 1166 4693 praedicebant.
1201 4627 1307 4686 Quidam
1323 4625 1398 4675 etiam
1416 4625 1531 4689 pestilens
1544 4624 1646 4675 morbus
1657 4620 1772 4672 multitu-

994 4725 1075 4777 dinem
1094 4725 1184 4776 inrasit
1199 4730 1225 4776 et
1237 4738 1353 4787 magnam
1366 4724 1461 4789 peeoris
1471 4727 1577 4788 stragem
1600 4723 1659 4773 lecit
1674 4737 1679 4766 :
1695 4721 1774 4770 homi·

995 4837 1055 4872 rrum
1068 4824 1150 4872 tarsen
1163 4827 1255 4873 mortes
1265 4822 1358 4873 crebrae
1373 4837 1421 4874 non
1436 4826 1508 4874 erant
1540 4835 1584 4872 nec
1598 4821 1663 4870 ultra
1674 4817 1774 4869 morbos

994 4919 1140 4985 procedebat
1165 4921 1298 4972 calamitas.
1333 4921 1379 4970 Alii
1403 4921 1479 4984 igitur
1506 4919 1559 4969 lraec
1584 4919 1624 4968 dei
1646 4914 1773 4966 voluntate

994 5019 1117 5078 accidere,
1136 5020 1177 5081 qui
1197 5018 1375 5082 indignaretur,
1391 5018 1512 5082 optimum
1533 5016 1615 5067 cirern
1629 5014 1660 5064 ab
1671 5010 1720 5061 illis
1731 5022 1773 5071 pa-

160 5111 215 5170 τῡῖς
230 5101 256 5161 δί
268 5107 340 5165 οὐθὲν
351 5112 402 5166 τῶν
418 5108 561 5187 γινομένων
570 5113 628 5166 θεοῦ
641 5109 730 5188 ἔργον,
748 5108 816 5167 ἀλλθ
830 5109 936 5189 τυχηρὰ
962 5144 967 5177 ,
994 5117 1041 5167 tria
1054 5116 1168 5181 pulsum,
1185 5117 1226 5167 atii
1240 5115 1300 5166 nibil
1311 5114 1402 5166 borum
1422 5114 1504 5166 divina
1525 5114 1687 5180 indignatione
1701 5107 1756 5157 srcri
