3772 5828
170 318 232 377 oto

169 447 341 527 πράττοντες,
361 447 430 508 κατδ
445 446 540 524 νόμους
564 444 733 525 ιίνειληρέναι
756 444 805 517 τὴν
826 444 947 513 ἐξουσίαν

169 542 215 598 τοῦ
230 537 358 614 πολέμου.

211 627 262 687 lV.
291 626 386 685 Ταῦτα
410 623 636 702 βουλευσάμενοι,
658 621 704 682 καί
726 621 949 702 παρασκευάσαν·

170 736 212 782 τις
238 715 267 773 ἐκ
293 716 345 771 τῶν
364 711 436 771 ἰδίων
452 711 561 789 ἑταίρων
583 710 628 771 καί
652 711 784 790 συγγενῶν
807 710 866 776 τοὺς
887 711 949 785 εἰγο-

131 827 143 864 ε
172 801 310 882 ρεύσοντας
334 803 361 860 ίν
381 804 419 880 τῷ
442 800 570 880 συνεδρίῳ
593 798 640 866 τίς
656 799 840 880 συμφερούσας
861 799 948 866 αὐτοῖς

170 890 278 969 γνώμας
289 889 335 949 καὶ
351 897 404 955 τοῖς
421 887 458 967 μὴ
475 887 559 946 ταθτίι
573 888 787 968 προαιρουμένου
797 889 948 946 έναντιωσο·

173 981 279 1055 μένους,
298 981 429 1060 προῆλθον
445 980 480 1044 είς
492 976 540 1049 τὴν
554 975 666 1056 ἀγορὰν,
676 975 722 1036 καί
732 977 946 1057 παραστησάμε-

172 1091 211 1126 νσι
224 1070 268 1128 τὸν
283 1068 387 1149 κήρυκα
402 1067 461 1135 τοὺς
478 1066 650 1145 βουλεύοντας
664 1064 691 1135 i}
706 1066 837 1144 ὀνόματος
853 1067 944 1126 καλεῖν

171 1157 302 1221 ἐκέλευον.
345 1155 482 1229 ’λ’πήκουε
498 1155 525 1214 δί
547 1157 636 1222 αὐτοῖς
649 1157 703 1212 τῶν
719 1155 833 1236 μετρίων
850 1154 943 1223 ούδείς.

120 1267 143 1306 ιο
172 1248 306 1315 Πολλάκις
324 1246 352 1306 δὲ
366 1251 414 1305 τοῦ
428 1245 542 1327 κήρυκος
561 1245 672 1322 βοῶντος
687 1245 733 1303 καὶ
745 1243 885 1324 παριόντος
898 1243 948 1302 ού·

171 1334 258 1408 δινδς,
273 1337 296 1393 εί
315 1333 354 1411 μὴ
369 1337 420 1392 τῶν
444 1331 641 1392 κολακευόντων
662 1329 710 1398 τὴν
730 1329 904 1410 ὀλιγαρχίαν,
920 1331 947 1390 ἐν

170 1413 208 1488 οἷς
222 1413 253 1493 ἦν
266 1421 296 1480 ιδ
310 1421 435 1481 κάκιστον
451 1424 498 1491 τῆς
512 1420 668 1498 ὀλιγαρχίας
680 1418 775 1499 μέρος,
789 1421 814 1479 σί
828 1418 875 1497 μίν
887 1418 946 1479 τότε

170 1511 241 1576 ὄντες
262 1509 331 1570 κατδι
351 1508 399 1579 rip
416 1507 513 1588 ἀγορὰν
531 1507 677 1585 ἐθαύμαζον
706 1510 729 1567 εἰ
749 1508 811 1587 περὶ
837 1507 947 1587 μηδενὸς

171 1600 280 1658 πώποτε
303 1598 514 1675 συγκαλέσαντες
543 1596 591 1668 rip
620 1596 733 1676 βουλὴν,
755 1596 815 1657 τότε
843 1600 948 1679 πρῶτον

119 1713 143 1751 ις
171 1688 289 1766 ἔγνωσαν
299 1687 340 1745 ότι
350 1685 395 1745 καί
410 1687 541 1766 συνέδριον
552 1676 585 1757 ἦν
597 1709 623 1744 τι
635 1685 708 1765 παρὰ
721 1684 867 1765 Ῥωμαίοις
881 1689 947 1766 ἄγα-

171 1779 223 1834 θῶν
241 1776 354 1856 ἀνδρῶν,
371 1772 415 1840 οθς
430 1774 482 1832 ἔδει
494 1773 555 1851 περὶ
567 1778 619 1833 τῶν
640 1777 733 1834 κοινῶν
752 1778 870 1835 σκοπεῖν.
911 1776 947 1835 Οί

170 1862 234 1923 δέκα.
249 1864 276 1923 δέ
288 1869 372 1923 ταῦτα
383 1866 512 1946 δρῶντες,
532 1862 707 1943 ἐπεχείρησαν
724 1862 772 1940 μὲν
794 1866 824 1922 la
838 1866 891 1922 τῶν
905 1864 945 1921 σί-

170 1954 234 2010 κιῶν
251 1950 310 2020 τοὺς
323 1950 463 2031 βουλευτθς
480 1952 566 2028 ἄγειν·
585 1951 726 2028 πυθόμενοι
742 1951 768 2009 δί
782 1951 830 2018 τὰς
842 1951 946 2020 πλείους

171 2042 283 2118 ἐρήμους
299 2040 442 2122 ἀφειμένας
453 2042 489 2106 εἷς
503 2040 551 2110 τὴν
562 2040 702 2118 ὑστεραίαν
717 2036 884 2099 ἀνεόέλοντο.
895 2039 944 2101 Ἐν

117 2160 144 2198 20
170 2128 198 2186 δὲ
210 2132 248 2209 τῷ
262 2128 360 2207 μεταξὺ
371 2127 475 2208 χρόνῳ,
486 2128 633 2205 πέμποντες
644 2127 687 2185 ἐπὶ
696 2126 757 2194 τοὺς
766 2126 869 2207 ιίγροίις,
879 2131 945 2188 ἐκεῖ·

170 2222 212 2276 θεν
228 2216 320 2285 αὐτοὺς
333 2218 455 2278 ἐκάλουν.
486 2214 674 2297 Πληρωθίντος
689 2213 716 2274 δέ
730 2223 776 2277 τοῦ
791 2217 942 2297 συνεδρίου,

169 2306 302 2384 προελθὼν
313 2304 436 2379 Ἄππιος,
448 2311 462 2365 δ
475 2308 523 2377 τῆς
538 2306 714 2386 δεκαδαρχίας
727 2305 844 2383 ἡγεμὼν,
857 2306 945 2386 dirrip-

168 2395 254 2471 γειλεν
277 2394 318 2454 ότι
344 2392 446 2473 διχόθεν
473 2393 527 2454 ἀπό
552 2418 581 2453 τε
607 2394 729 2453 Αίκανῶν
749 2393 795 2452 καί
822 2392 945 2454 Σαόίνων

169 2483 296 2562 ἐπάγεται
313 2481 459 2564 πῇῬὼμη
474 2482 603 2559 πόλεμος·
623 2482 669 2543 καί
684 2480 800 2554 διεξῆλθε
822 2481 900 2562 λόγον
915 2486 946 2543 έκ

115 2593 141 2632 ta
168 2573 268 2646 πολλῆς
283 2573 454 2651 συγκείμενον
464 2571 633 2649 ίπιμελείας,
646 2563 675 2631 σύ
689 2573 763 2639 τελος
778 2562 810 2644 ἦν
829 2573 946 2655 ψηρίσα·

169 2668 229 2723 σθαι
244 2669 359 2743 στρατοῦ
386 2660 559 2742 καταγραφὴν
575 2660 620 2720 καί
647 2659 690 2720 διδ
714 2662 810 2742 τύχους
834 2667 945 2735 ποιῆσαι

167 2751 215 2821 τὴν
232 2749 334 2828 ίξοδον,
349 2752 385 2817 ὡς
400 2751 429 2809 οὗ
445 2748 558 2815 διδόντος
581 2750 749 2830 asumpserit
771 2755 818 2809 τοῦ
835 2756 941 2831 καιροῦ.

167 2843 261 2900 Ταῦτα
276 2841 358 2899 αὐτοῦ
369 2839 508 2915 λέγοντος,
527 2839 666 2897 ἀνίσταται
682 2839 793 2905 Λεύκιος
802 2839 946 2919 Οὐαλέριος

169 2927 320 3007 ἐπωνυμίαν
334 2930 462 2999 Ποτῖτος,
477 2925 544 3006 ἀνὴρ
559 2927 628 3004 μέγα
642 2929 743 3006 φρονῶν
758 2927 802 2985 ἐπὶ
813 2935 867 2993 τοῖς
882 2949 944 3005 προ·

114 3039 142 3077 εει
167 3015 263 3092 γόνοις·
277 3014 368 3094 πατὴρ
383 3015 431 3091 μὲν
443 3011 494 3092 γδρ
505 3014 576 3092 αὐτῷ
589 3010 737 3092 Οὐαλίριος
751 3005 783 3086 ἦν
800 3017 814 3073 ό
828 3015 870 3074 τδν
882 3018 943 3076 Σα-

169 3102 239 3163 θῗνον
254 3101 395 3184 Ἑρδώνιον
408 3101 615 3179 ἐκπολιορκήσας
634 3101 780 3181 κατέχοντα
802 3102 832 3160 τδ
848 3106 941 3163 Καπι-

167 3193 274 3266 τώλιον,
293 3193 338 3253 καὶ
361 3193 391 3249 τὸ
415 3188 463 3268 μὲν
478 3189 599 3271 φρούριον
614 3191 843 3268 ἀνακτησάμενος,
865 3191 943 3261 αὐτὸς

167 3284 190 3340 δ’
205 3286 234 3342 έκ
247 3287 294 3352 τῆς
309 3281 397 3361 μάχης
412 3278 567 3338 ἀποθανών·
585 3278 692 3346 πάππος
708 3278 735 3337 δέ
758 3278 824 3359 πρὸς
846 3279 944 3361 πατρὸς

168 3371 354 3449 Ποπλικολας,
378 3366 466 3435 θεοὺς
487 3368 604 3448 βασιλεῖς
619 3367 740 3428 έκόαλῶν
754 3368 800 3427 καὶ
821 3368 869 3440 τὴν
885 3374 943 3448 ἀρι-

113 3495 139 3533 35
170 3461 327 3540 στοκρατίαν
344 3460 590 3531 καταστησόμενος.
615 3457 751 3540 Παριόντα
767 3458 793 3516 δέ
813 3460 890 3519 αὐτὸν
904 3458 943 3518 ἔτι

168 3548 330 3627 καταμαθὼν
343 3545 472 3617 Ἄππιος,
483 3545 530 3605 καὶ
541 3547 600 3606 καθ’
617 3550 709 3605 ἑαυτοῦ
725 3570 750 3604 τι
767 3546 847 3614 λέξειν
864 3549 940 3607 ἐλπί-

167 3661 228 3706 σας·
243 3667 255 3690 «
270 3639 331 3718 Οὐχ
342 3628 415 3703 οὗτος
429 3640 443 3695 θ
456 3636 548 3709 τόπος,
570 3625 658 3709 εἶπεν,
676 3625 698 3694 ῶ
713 3638 859 3718 Οὐαλέριε,
877 3637 937 3716 σδς,

167 3756 178 3778 ι
192 3726 251 3786 οὐδὲ
272 3727 399 3807 προσήκει
422 3748 463 3784 σοι
483 3730 528 3783 ν’ῦν
553 3724 651 3803 λέγειν·
674 3724 732 3783 ἀλλ’
754 3724 817 3784 όταν
839 3723 892 3784 οἵδε
917 3729 940 3786 οἱ

166 3814 367 3897 «πρεσόύτεροι
388 3813 434 3873 καί
459 3810 609 3892 τιμιώτεροί
632 3836 678 3871 σου
700 3813 807 3889 γνώμην
830 3812 942 3893 ἀγορεύ-

112 3936 140 3975 to
167 3932 178 3954 ι
195 3927 274 3976 σωσι,
288 3904 346 3963 τότε
366 3901 457 3962 καὶσὺ
474 3899 577 3973 κληθείς
590 3901 655 3978 ἐρεῖς
667 3900 684 3958 ό
691 3924 717 3960 τι
733 3924 773 3960 σοι
797 3903 880 3960 δοκεῖ·
896 3911 939 3963 νῦν

168 4018 178 4040 τ
194 3991 221 4047 δὲ
236 3990 323 4050 σιώπα
333 3990 377 4050 καί
388 3989 499 4063 κάθησο.
517 4016 596 4041 ν-·
610 3987 681 4048 ’lli'
694 3990 744 4068 οὐχ
756 3989 821 4066 ὑπὲρ
832 3989 939 4065 τούτων,

166 4106 177 4127 ν
194 4079 288 4157 ἔφησεν
300 4081 314 4136 θ
326 4080 483 4159 Οὐαλέριος,
498 4076 633 4148 ἀνέστηκα
647 4078 728 4156 ἐρῶν,
744 4075 801 4135 ἀλλ’
814 4077 879 4153 θπίρ
895 4079 940 4138 ἄλ-

165 4194 176 4218 e
193 4167 244 4223 λων
261 4168 385 4240 μειζόνων
399 4189 428 4225 τε
445 4168 491 4226 καί
511 4166 737 4247 ἀναγκαιοτέρων,
756 4165 821 4244 trip
835 4157 872 4225 ῶν
889 4168 941 4228 oio-

165 4284 177 4309 ι
196 4279 244 4332 μαι
257 4256 309 4313 δεῖν
326 4260 427 4335 πρῶτον
444 4259 554 4316 οἰκοῦσαι
580 4254 627 4326 τὴν
644 4255 751 4335 βουλήν.
775 4256 901 4318 Είσσνται
912 4261 939 4319 δὲ

166 4374 177 4398 a
195 4344 220 4410 ἐξ
235 4335 271 4401 ὧν
283 4343 315 4402 διν
326 4345 472 4404 ἀκούσωσιν
487 4338 569 4420 οὗτοι,
579 4344 676 4425 πότερα
688 4347 762 4404 ταῦτ’
773 4348 843 4406 ἐστίν
859 4351 941 4429 ἀναγ-

166 4464 176 4485 υ
193 4433 315 4511 καιότερα
330 4437 382 4498 τοῖς
407 4443 515 4507 κοινοῖς,
534 4433 598 4513 ὑπέρ
616 4426 651 4493 ὧν
667 4438 741 4512 ὑμεῖς
763 4436 856 4504 αὐτοὺς
874 4464 939 4517 συγ-

165 4553 176 4575 ι
195 4523 355 4592 κεκλήκατε,
369 4522 386 4593 ἢ
401 4522 434 4580 τίι
447 4524 491 4580 ὑπ’
507 4527 570 4600 ἐμοῦ
582 4525 775 4605 λεχθησόμενα.
804 4528 882 4587 ’llll
901 4529 938 4604 μή

164 4638 224 4688 «με
249 4612 386 4691 ἀποστέρει
405 4611 496 4689 λόγου,
511 4617 654 4692 βουλευτὴν
676 4616 737 4675 ὄντα
764 4618 808 4675 καὶ
832 4617 937 4677 Οὖαλέ-

164 4733 174 4756 ι
193 4729 244 4783 ρων
260 4702 379 4779 καὶπερὶ
395 4702 582 4781 σωτηρίαςτῆς
594 4704 695 4773 πόλεως
709 4705 793 4784 λέγειν
808 4705 938 4785 βουλόμε-

163 4820 174 4840 «
191 4817 243 4853 νον.
286 4790 352 4851 'Eds
367 4792 394 4850 δὲ
410 4792 543 4872 φυλίττης
557 4793 606 4863 την
617 4799 716 4867 συνήθη
737 4794 801 4874 πρὸς
817 4793 937 4862 ἅπαντας

163 4882 348 4952 «αὐθάδειαν,
378 4882 530 4960 δημάρχους
550 4881 596 4956 μέν
614 4884 702 4951 ποίους
726 4885 935 4960 ἐπικαλέσομαι;

163 4974 365 5030 «καταλέλυται
392 4972 442 5048 γὰρ
466 4977 483 5043 ἡ
509 4976 560 5030 τῶν
586 4974 800 5051 κατισχυομένων
822 4974 936 5031 πολιτῶν

162 5078 173 5100 «
191 5054 297 5126 βοήθεια
326 5057 367 5135 ὑφ’
393 5060 477 5132 ὑμῶν.
532 5057 627 5117 Καίτοι
642 5058 709 5123 τίνος
734 5060 841 5118 ἔλαττον
860 5064 936 5118 τοῦτο

162 5140 288 5218 «κακὸν,
313 5143 355 5200 ότε
378 5144 524 5222 Οὐαλέριος
548 5144 583 5202 ῶν
603 5149 638 5203 ὡς
661 5137 696 5211 εἷς
718 5150 769 5203 τῶν
787 5149 934 5226 ἐλαχίστων

704 313 871 375 blottt'sll
892 313 1271 382 Hattctaltassun'sts

1004 462 1209 522 exsequerentur,
1231 457 1291 511 belli
1305 457 1494 511 administrandi
1508 461 1668 524 potestatem
1687 460 1802 525 legitime

1002 543 1127 608 recepisse
1137 546 1218 597 risum
1236 548 1273 598 lrl.

1032 656 1074 706 lv.
1090 657 1144 706 lloe
1160 657 1263 709 oonsilio
1281 658 1351 718 inito,
1368 660 1564 725 praeparatisque
1578 674 1613 711 ex
1636 660 1695 713 suia
1709 665 1801 715 amieis

1002 750 1028 796 et
1038 750 1162 812 cognatis,
1172 750 1215 815 qui
1230 751 1257 800 in
1269 755 1357 801 senatu
1373 752 1509 802 sententias
1521 751 1571 802 sibi
1587 751 1672 805 utiles
1683 753 1801 808 dtoerent

1002 844 1028 888 et
1044 838 1083 901 iia,
1103 841 1148 904 qni
1171 844 1257 892 rontm
1276 841 1410 904 sentirent,
1431 841 1645 908 adversarentur,
1663 843 1691 896 ln
1711 846 1797 898 lorum

1002 936 1175 994 processerunt
1186 936 1221 993 et,
1236 946 1349 998 praooone
1365 932 1392 982 in
1405 932 1513 983 medinm
1529 932 1674 998 producto,
1693 943 1798 988 senato·

1003 1033 1043 1071 res
1055 1021 1198 1073 nominatim
1208 1036 1299 1075 rorare
1306 1024 1446 1089 jusserunt.
1480 1024 1530 1077 Sed
1547 1025 1647 1077 nullius
1661 1028 1799 1081 mediocria

1003 1112 1150 1165 conditionis
1173 1115 1248 1167 bomo
1267 1118 1332 1181 tpstr
1353 1116 1553 1181 obtemperabat.
1587 1120 1693 1184 Saepius
1709 1127 1797 1174 autera

1007 1207 1129 1260 clamante
1143 1222 1270 1276 predone,
1292 1209 1409 1275 nulloque
1422 1211 1560 1276 prodeunte
1574 1218 1673 1279 praeter
1684 1230 1738 1281 eos,
1753 1221 1798 1283 qui

1003 1301 1150 1354 decemviris
1166 1304 1364 1369 assentabantur,
1376 1305 1402 1356 in
1417 1319 1467 1369 quo
1480 1320 1586 1359 numero
1599 1312 1679 1362 erant
1693 1312 1796 1376 pessimi

1003 1397 1111 1462 quique,
1125 1398 1170 1462 qul
1189 1412 1325 1463 pannorum
1350 1399 1488 1452 dominatui
1503 1401 1646 1456 terebant:
1663 1405 1710 1471 qni
1734 1409 1795 1458 tune

1003 1490 1028 1540 tn
1047 1491 1100 1540 loro
1120 1493 1199 1549 erant,
1215 1491 1371 1543 mirabantur
1386 1494 1462 1557 qnod,
1481 1495 1526 1558 qui
1546 1496 1618 1547 nulla
1633 1512 1750 1565 unquam
1763 1500 1795 1552 de

1002 1585 1164 1636 relaenatnm
1185 1590 1367 1648 mnroearmt,
1389 1590 1449 1638 tuno
1469 1586 1580 1651 primm
1601 1593 1792 1656 oognorisaeot,

1003 1690 1058 1726 esse
1074 1676 1149 1727 etiam
1162 1680 1246 1727 llomn
1266 1677 1374 1741 aliquem
1393 1681 1508 1730 senatum
1519 1680 1633 1734 virorum
1656 1684 1792 1745 bonomm.

1003 1781 1067 1833 quos
1078 1769 1110 1820 de
1120 1769 1245 1834 republica
1255 1768 1377 1834 dispicere
1390 1774 1526 1836 oporteret.
1560 1774 1661 1834 Quibus
1675 1781 1793 1831 animad-

1004 1866 1090 1925 versis,
1117 1866 1152 1917 illi
1168 1849 1296 1919 {enatores
1318 1881 1349 1919 ex
1364 1868 1461 1922 indibus
1480 1871 1589 1924 educere
1602 1873 1792 1929 decreverunt:

1003 1959 1047 2009 sed
1066 1973 1144 2022 quum
1164 1960 1306 2023 audissent,
1323 1961 1451 2026 plerasque
1470 1976 1558 2016 earnm
1574 1965 1691 2018 desertas
1715 1970 1791 2029 else,

1003 2064 1055 2100 rern
1075 2051 1100 2100 in
1121 2056 1247 2116 posterum
1268 2052 1333 2104 diem
1358 2053 1519 2106 distulerunt.
1542 2059 1638 2107 tulmen
1662 2058 1750 2110 anissis
1764 2062 1790 2112 in

1003 2158 1075 2207 agros
1093 2144 1248 2205 imbutus,
1267 2159 1311 2197 eos
1322 2147 1379 2198 indo
1391 2155 1534 2200 evocarunt.
1566 2152 1700 2215 Quumque
1710 2153 1787 2216 plena

1004 2250 1058 2288 esse
1070 2238 1154 2301 ouria,
1170 2238 1264 2303 appius
1285 2238 1470 2292 decemviratus
1489 2240 1606 2307 princepe,
1623 2241 1650 2292 in
1665 2242 1781 2293 medium

1004 2342 1158 2393 progressus,
1180 2329 1328 2393 significarit
1342 2345 1357 2381 a
1370 2330 1468 2383 duabus
1477 2330 1594 2396 gmdbua,
1604 2332 1691 2396 liquis
1700 2336 1781 2399 etque

1002 2418 1114 2482 Sabinis,
1125 2420 1217 2471 bellum
1236 2420 1326 2486 populo
1350 2424 1460 2473 Romano
1481 2422 1580 2485 inferri,
1592 2422 1781 2489 orationemque

1003 2512 1188 2564 aoenrntissimo
1208 2513 1370 2578 compositam
1385 2513 1475 2566 babuit
1489 2515 1578 2579 :onina
1592 2514 1631 2566 lde
1642 2520 1699 2566 erat
1713 2515 1783 2581 inis,

1002 2608 1787 2680 miummoonsertpuonemdooernmdnmooptasqneoeterttu

1001 2703 1155 2767 oduoendas,
1175 2704 1243 2769 quod
1258 2709 1358 2769 ternpus
1370 2705 1450 2757 nullas
1460 2720 1545 2757 moras
1554 2711 1693 2772 pateretur.
1724 2711 1786 2760 lime

1001 2796 1153 2860 eodioente,
1171 2797 1279 2849 surrexit
1298 2800 1326 2849 t.
1341 2797 1455 2849 valerius
1467 2802 1615 2865 oognomine
1624 2801 1735 2861 Potitus,
1746 2802 1785 2852 τῖε

1001 2889 1292 2955 obmaJoresmagnllire
1308 2890 1340 2942 de
1356 2890 1784 2959 sesentiensrnampatereierat

1001 2982 1116 3034 valerius
1129 2983 1184 3047 ille,
1207 2983 1250 3048 qui
1264 2983 1418 3035 Herdonium
1442 2985 1562 3037 sabinum
1580 2991 1751 3051 expugnarat,
1769 3003 1785 3039 a

1000 3089 1051 3139 quo
1064 3074 1210 3140 capitolium
1220 3079 1370 3141 occupatum
1382 3078 1471 3139 luerat,
1487 3085 1514 3130 et
1527 3081 1572 3143 qui
1585 3093 1668 3131 arcem
1683 3082 1785 3146 quidem

1002 3171 1168 3231 recuperarat,
1195 3170 1238 3219 sed
1252 3171 1305 3234 ipse
1326 3172 1351 3221 in
1366 3184 1396 3221 eo
1413 3171 1500 3234 proelio
1514 3172 1624 3229 obieratr
1641 3187 1705 3225 arus
1725 3188 1786 3226 νοω

1000 3263 1023 3313 ei
1034 3263 1152 3325 paternus
1164 3266 1215 3312 erat
1231 3264 1364 3328 Poplicola,
1378 3264 1422 3328 qui
1438 3278 1507 3329 reges
1521 3267 1667 3330 expulerat.
1680 3271 1705 3318 et
1713 3269 1783 3332 opti-

1000 3357 1094 3405 mnlum
1114 3354 1267 3406 dominatum
1288 3357 1461 3408 constituerat.
1495 3360 1576 3414 Quem
1598 3370 1676 3422 quum
1690 3360 1784 3423 Appius

999 3450 1161 3515 prodeuntem
1172 3450 1282 3514 vidisset,
1294 3456 1321 3503 et
1338 3452 1431 3518 aliquid
1443 3456 1531 3505 eontra
1547 3468 1574 3506 se
1587 3455 1715 3507 dicturum
1731 3471 1783 3520 pu-

1001 3553 1093 3601 tasset:
1112 3552 1190 3600 «lion
1208 3551 1259 3608 est,
1274 3545 1361 3610 inquit,
1380 3549 1439 3596 tuus
1461 3545 1509 3597 isle
1527 3545 1608 3609 loeus,
1625 3548 1723 3605 Valeri,
1737 3563 1784 3599 nec

1005 3661 1018 3683 α
1032 3641 1103 3692 deoet
1116 3645 1142 3692 te
1157 3653 1222 3690 nunc
1235 3638 1320 3702 loqui:
1336 3636 1381 3688 sed
1396 3636 1439 3688 ubi
1459 3636 1510 3698 isli,
1530 3639 1574 3701 qui
1600 3643 1659 3690 sunl
1675 3640 1786 3705 majores

1001 3752 1012 3774 u
1028 3736 1087 3783 natu
1101 3730 1302 3783 ethonoratiores
1317 3742 1392 3793 quam
1403 3732 1449 3791 tu,
1463 3729 1611 3781 sententiam
1621 3744 1694 3782 suam
1712 3733 1786 3785 dixe·

1000 3843 1012 3867 a
1026 3824 1084 3883 rint,
1098 3828 1156 3874 tuno
1165 3824 1266 3873 demum
1276 3826 1303 3871 tu
1321 3834 1421 3885 quoque
1433 3825 1539 3872 rooatus
1552 3825 1621 3872 tuam
1632 3826 1785 3878 sententiam

999 3916 1100 3967 «dices.
1133 3918 1274 3966 tinnovero
1297 3918 1366 3972 tace,
1381 3916 1405 3965 et
1427 3914 1497 3965 sede.
1521 3934 1555 3959 a«
1571 3915 1622 3966 Sed
1636 3915 1729 3968 nonde
1742 3918 1785 3970 bis

998 4031 1009 4052 a
1023 4009 1113 4074 (inquit
1123 4009 1244 4070 Valerius)
1256 4012 1282 4059 at
1295 4007 1326 4060 de
1340 4007 1395 4058 aliis
1408 4005 1509 4068 majoris
1523 4006 1642 4058 momenti
1663 4013 1690 4060 et
1703 4012 1787 4076 magis

998 4120 1010 4144 «ι
1025 4099 1169 4150 necessariis
1189 4099 1304 4149 «licturus
1318 4095 1489 4161 sumentique
1503 4096 1598 4147 senatui
1607 4098 1716 4162 primum
1733 4114 1783 4150 au·

999 4211 1010 4232 a
1024 4190 1113 4241 dienda
1127 4189 1242 4240 arbitror.
1275 4193 1313 4239 Ea
1328 4189 1474 4246 bisantem,
1489 4200 1546 4250 quaa
1555 4186 1598 4238 rsti
1609 4185 1717 4248 audient,
1732 4201 1782 4238 oo-

998 4306 1009 4327 «
1025 4288 1142 4350 gnoscent
1157 4287 1239 4332 utrum
1259 4281 1313 4330 baro
1324 4279 1462 4345 reipublice
1477 4279 1527 4330 sint
1539 4278 1615 4342 magia
1626 4278 1778 4342 neomaenia,

997 4399 1009 4419 «
1025 4394 1130 4443 quorum
1144 4391 1230 4428 (taussa
1242 4390 1255 4424 a
1268 4374 1337 4425 vobis
1350 4374 1392 4424 isti
1409 4377 1469 4423 sunt
1477 4371 1609 4429 convocati,
1622 4382 1652 4418 an
1665 4383 1725 4419 roro
1735 4387 1780 4429 ea,

997 4492 1008 4513 u
1021 4486 1077 4535 quaa
1092 4487 1136 4536 ego
1148 4486 1203 4522 sum
1214 4470 1338 4520 dicturus.
1373 4471 1455 4526 Quare
1467 4480 1516 4527 me,
1536 4464 1576 4529 qni
1589 4476 1644 4513 sum
1662 4467 1780 4530 senator,

996 4587 1007 4608 «ι
1024 4570 1049 4616 et
1064 4567 1184 4626 i'alerius,
1199 4571 1224 4617 et
1231 4566 1274 4629 qui
1286 4566 1317 4616 de
1330 4562 1473 4628 reipublicae
1488 4563 1565 4613 satrrte
1579 4557 1654 4608 rerba
1667 4560 1727 4610 volo
1742 4564 1783 4613 la-

995 4684 1007 4707 «ι
1021 4677 1085 4722 core,
1097 4678 1125 4711 ne.
1142 4663 1239 4714 dicendi
1259 4662 1375 4713 facultate
1393 4660 1483 4725 prives.
1516 4657 1584 4719 Quod
1602 4657 1625 4707 si
1635 4657 1738 4710 solitam
1755 4662 1781 4712 in

995 4779 1006 4802 a
1023 4761 1278 4823 ornnesarrogantiam
1289 4759 1405 4819 servaris,
1416 4770 1524 4821 quorum
1535 4754 1696 4805 tribunorum
1705 4770 1781 4820 opem

995 4877 1006 4900 «ι
1020 4857 1171 4920 implorabo?
1186 4856 1306 4907 auxilium
1327 4856 1404 4913 enirn,
1417 4853 1483 4917 quod
1513 4856 1629 4916 paratum
1655 4853 1737 4904 luerat
1755 4858 1779 4904 iu

994 4976 1005 4999 a
1022 4956 1124 5021 gratiam
1141 4955 1241 5016 civium,
1259 4955 1302 5018 qui
1317 4956 1367 5005 vim
1382 4956 1536 5018 paterentur,
1553 4951 1652 5001 anobis
1666 4953 1780 5002 estsub·

996 5081 1007 5102 u
1025 5060 1125 5108 intutu:
1146 5072 1299 5121 quamquam
1313 5070 1392 5106 nonno
1410 5057 1456 5105 lior
1474 5058 1514 5106 est
1529 5054 1641 5105 omniurn
1654 5052 1780 5105 malorum

998 5176 1008 5198 a
1024 5154 1212 5219 gratissimum,
1232 5154 1299 5218 quod
1313 5167 1366 5217 ego,
1395 5156 1438 5217 qui
1462 5167 1517 5203 stan
1537 5152 1651 5204 Valerius
1668 5151 1781 5216 Potitus,
