3772 5828
609 449 903 524 ANTIQUITATUM
925 450 1074 510 ROMAN.
1099 451 1169 509 Llll.
1193 452 1215 510 l.

116 610 128 633 ι
141 580 190 663 γὰρ
209 581 240 652 δή
263 604 313 640 ποι
327 578 385 645 τοθς
399 578 504 646 οίωνοθς
518 580 594 646 αὐτὸς
610 585 679 660 ὁρᾷς.
722 579 756 640 Ὁ
774 581 796 638 δ’
815 582 885 658 ἀγα·
911 602 913 606 ·

116 673 206 727 νακτεῖ
219 692 247 728 τε
260 667 305 727 καλ
324 668 395 726 διινά
407 668 530 737 ποιεῖται,
546 671 580 732 ὡς
595 666 764 747 διηρτημένος
778 671 821 725 ὑπ’
836 673 883 725 αὖ·

114 761 169 825 τοῦ,
183 759 229 825 τῆς
242 757 266 812 τ’
280 752 402 820 ἀποικίας
425 755 454 811 οὗ
473 753 632 830 μεθήσεσθαι
646 756 715 831 αὐτῷ
729 776 819 835 φησιν.

157 842 323 905 LXXXVli
346 840 493 901 Ἀνίοταται
519 842 542 898 δ’
559 843 588 898 ἐκ
607 839 697 899 τούτου
723 840 818 916 μείζων
838 845 884 912 τῆς

74 956 90 995 e
116 930 244 1010 προτέρας
258 932 326 1007 ίρις,
341 929 466 1009 ἐκατέρου
479 927 510 986 τό
525 928 604 987 πλίον
617 928 687 1007 ίχειν
703 930 806 1010 ἀφανῶς
821 928 883 985 διω·

116 1018 227 1095 κυμίνου
234 1065 242 1090 ,
261 1018 290 1077 τὸ
308 1017 335 1077 δί
348 1016 385 1092 μὴ
398 1028 470 1092 μεῖον
486 1016 631 1096 ἀναφανδὸν
649 1017 703 1075 ἀπὸ
726 1014 884 1083 δικαιώσεως

117 1106 217 1164 τοιᾶσδ’
249 1106 475 1170 ίπισυνάπτοντος.
531 1104 677 1183 Είρημίνον
709 1103 760 1182 γάρ
781 1095 813 1175 ἧν
836 1106 885 1160 αὖ·

117 1200 169 1258 τοῖς
182 1192 232 1252 ὑπὸ
252 1196 299 1250 τοῦ
315 1190 527 1270 μητροπιίτορος,
543 1189 595 1270 δτῳ
610 1189 641 1248 ἀν
655 1190 774 1270 προτέρῳ
793 1192 882 1271 κρείτ-

112 1303 172 1346 τους
182 1279 277 1359 ὀρνιθες
285 1280 479 1357 ίπισημῆνωσι,
487 1285 577 1337 τοῦτον
590 1278 680 1357 ἀρχειν
691 1283 737 1349 τῆς
747 1277 879 1341 ἀποικίας.

60 1385 85 1422 ιο
114 1371 136 1428 Γ
137 1369 208 1436 ένοις
225 1369 247 1425 δ’
271 1367 378 1447 ὀρνίθων
401 1365 455 1433 ίνδς
474 1372 569 1445 ἀμφοῖν
586 1364 720 1445 ὀφθέντος,
741 1369 756 1422 θ
780 1365 827 1441 μὲν
843 1368 880 1442 τῷ

110 1456 252 1536 πρότερος,
276 1455 331 1513 όδὲ
351 1458 389 1534 τῷ
408 1456 511 1520 πλείους
530 1455 590 1511 ίδιῖν
606 1452 769 1530 ίκρατύνετο.
812 1455 881 1511 Συν-

111 1543 242 1619 ελάμόανε
273 1542 295 1600 δ’
322 1544 408 1608 αὐτοῖς
431 1546 477 1612 τῆς
501 1541 655 1619 φιλονεικίας
683 1541 728 1598 καλ
754 1538 784 1597 τὸ
818 1539 884 1597 ἀλλο

110 1633 218 1701 πλῆθος,
242 1621 305 1709 ἦρξέ
320 1652 348 1686 τε
363 1628 479 1704 πολέμου
498 1628 560 1705 δίχα
576 1630 627 1684 τῶν
647 1627 782 1704 ἡγεμόνων
803 1627 882 1684 ὁπλι-

111 1717 185 1774 σθέν·
200 1718 244 1775 καὶ
259 1720 360 1792 γίνεται
373 1714 448 1793 μάχη
462 1713 575 1794 καρτερδι
592 1712 638 1773 καὶ
651 1714 727 1794 φόνος
745 1712 772 1780 ίξ
787 1715 882 1791 ἀμφοῖν

109 1806 200 1872 πολύς.
244 1805 291 1865 Ἐν
307 1803 391 1882 ταύτῃ
409 1803 472 1882 φασί
485 1825 552 1870 τινες
566 1807 597 1882 τῇ
612 1803 685 1880 μάχη
704 1802 748 1860 τὸν
762 1800 882 1859 Φαιστύ·

109 1897 174 1970 λον,
201 1892 229 1959 ὃς
250 1892 402 1972 ἐξεθρέψατο
424 1891 481 1956 τοὺς
489 1890 660 1969 μηνίσκους,
683 1890 806 1947 διαλῦσαι
829 1887 877 1960 τὴν

110 1982 164 2058 ἔριν
184 1984 234 2039 τῶν
260 1981 376 2060 ἀδελφῶν
402 1980 568 2057 βουλόμενον,
586 1980 619 2045 ὡς
640 1977 713 2035 οὐδὲν
737 1967 791 2043 οἷός
808 1977 833 2034 τ’
849 1968 880 2046 ἦν

111 2067 221 2138 ἀνύσαι,
246 2069 281 2133 είς
303 2069 397 2144 μέσους
418 2066 538 2126 ὤσασθαι
560 2063 622 2130 τοὺς
634 2065 798 2145 μαχομένους
822 2065 881 2122 ἀνο·

110 2156 187 2228 πλον,
203 2157 313 2214 θανᾶτου
332 2160 378 2213 τοῦ
396 2155 523 2234 ταχίστου
536 2154 624 2232 τυχεῖν
650 2153 880 2230 προθυμούμενον,

110 2240 174 2320 ὅπερ
185 2242 296 2321 ἐγένετο.
341 2243 417 2308 Τινὲς
435 2242 462 2300 δὲ
490 2240 535 2299 καὶ
550 2241 594 2298 τόν
608 2239 700 2298 λεόντα
718 2239 762 2296 τὸν
776 2239 880 2310 λίθινον,

110 2329 137 2395 t<
157 2330 239 2390 ἔκειτο
254 2334 300 2401 τῆς
315 2333 412 2410 ἀγορᾶς
425 2332 472 2398 τῆς
492 2331 545 2386 τῶν
564 2325 708 2402 Ῥωμαίων
727 2329 752 2383 ἐν
769 2327 806 2404 τῷ
821 2348 881 2404 κρα·

109 2416 190 2497 τίστῳ
207 2418 323 2497 [χωρίῳ]
338 2415 412 2492 παρὰ
431 2420 485 2481 τοῖς
500 2413 639 2489 ίμόόλσις,
656 2412 698 2471 ἐπὶ
721 2415 759 2491 τῷ
779 2411 882 2485 σώματι

110 2511 156 2562 τοῦ
181 2505 338 2564 Φαιστύλου
352 2502 457 2572 τεθῆναί
477 2524 572 2581 φασιν,
592 2499 643 2557 ἔνθ’
658 2499 748 2556 ίπεοεν
768 2500 818 2557 ὑπὸ
831 2502 880 2557 τῶν

112 2590 239 2667 εὑρόντων
262 2591 397 2669 ταφέντος.
440 2587 623 2652 Ἀποθανόντος
655 2588 677 2643 δ’
700 2589 725 2643 ἐν
749 2590 782 2663 τῇ
808 2586 881 2665 μάχη

48 2701 55 2712 ·
114 2682 159 2733 τοῦ
174 2676 299 2753 Ῥώμου,
313 2677 387 2747 νίκην
401 2675 532 2746 οἰκτίστην
544 2678 557 2733 θ
578 2671 714 2750 Ῥωμύλος
726 2673 780 2731 ἀπό
792 2696 821 2731 τε
837 2680 881 2732 τοῦ

111 2766 225 2844 ἀδελφοῦ
252 2763 298 2821 καὶ
320 2764 454 2834 πολιτικῆς
484 2763 685 2832 ἀλληλοκτονίας
710 2761 880 2837 ἀνελόμενος,

108 2851 155 2909 τὸν
172 2849 220 2928 μίν
237 2850 343 2929 Ῥῶμον
355 2854 382 2909 ίν
402 2855 436 2929 τῇ
454 2849 582 2929 Ῥεμορία
604 2849 710 2927 θάπτει,
730 2849 821 2919 ίπειδὴ
836 2850 880 2909 καὶ

107 2944 160 3008 ζῶν
181 2945 229 2998 τοῦ
255 2940 353 3019 χωρίου
379 2942 425 3009 τῆς
452 2939 560 3004 κτίσεως
575 2937 735 3018 περιείχετο·
759 2937 835 3004 αὐτδς
853 2935 881 2995 δὲ

107 3026 160 3084 ὑπὸ
175 3025 260 3096 λύπης
274 3047 303 3082 τε
317 3023 361 3082 καί
379 3024 515 3099 μετανοίας
528 3027 578 3081 τῶν
600 3021 790 3102 πεπραγμένων
807 3046 878 3101 παρ-

52 3133 80 3171 εο
110 3113 146 3179 εὶς
169 3112 259 3171 ἑαυτὸν
276 3115 312 3177 εἰς
336 3114 480 3189 ἀπόγνωσιν
500 3116 545 3169 τοῦ
563 3109 619 3189 βίου
645 3111 779 3188 τρέπεται.
823 3115 880 3181 Τῆς

108 3201 135 3258 δὲ
159 3198 339 3281 Λαυρεντίας,
353 3197 371 3266 ἢ
394 3189 510 3275 νεογνοὺς
524 3195 708 3274 παραλαόοῖνσ’
723 3196 880 3276 ἐξεθρέψατο

109 3287 153 3346 καλ
175 3289 275 3369 μητρὸς
296 3289 346 3366 οὐχ
362 3279 440 3358 ἦττον
465 3289 609 3358 ἠσπάζετο,
626 3285 747 3361 δεομένης
764 3285 810 3343 καί
823 3308 879 3342 πα-

110 3378 282 3456 ρηγορούσης,
306 3375 389 3453 ταύτῃ
406 3375 556 3452 πειθόμενος
584 3373 737 3432 ἀνίσταται·
763 3397 877 3450 συναγα·

109 3464 163 3541 γιλν
175 3465 201 3523 δί
215 3464 275 3531 τοὺς
288 3463 426 3536 Λατίνους,
438 3461 538 3539 ὀσοιμὴ
554 3463 622 3521 κατὰ
636 3460 683 3530 τὴν
696 3462 785 3540 sitae
801 3463 877 3542 ἐφθί-

54 3566 80 3604 ³t
112 3575 209 3628 ρησαν,
222 3552 302 3632 ὀλίγῳ
314 3551 418 3617 πλείους
429 3549 505 3616 ὄντας
523 3549 674 3629 τρισχιλίων
689 3551 718 3605 ἐκ
732 3549 800 3606 πάνυ
815 3553 878 3607 πολ·

112 3640 158 3694 λοῦ
177 3640 233 3696 κατ’
253 3639 336 3718 ὀρχάς
359 3637 498 3715 γενομένου
525 3637 651 3705 πλήθους,
671 3633 714 3692 ότι
742 3634 788 3704 τὴν
806 3638 879 3693 einos·

111 3722 172 3781 κίαν
186 3723 306 3799 ἔστελλε,
319 3726 419 3795 πολίζει
444 3725 474 3783 τὸ
495 3723 669 3785 Παλλάντιον.
715 3721 749 3781 Ὁ
765 3726 812 3798 μὲν
836 3715 879 3782 ούν

108 3810 284 3879 πιθανώτατος
297 3817 349 3871 τῶν
374 3813 456 3888 λόγων
480 3812 607 3890 περὶτῆς
629 3809 735 3883 Ῥώμου
758 3811 879 3880 τελευτῆς

106 3889 181 3965 οὗτος
205 3890 271 3959 εἶναί
289 3925 333 3979 μοι
357 3905 436 3960 δοκεῖ·
455 3901 570 3978 λεγίσθω
591 3899 614 3956 δ’
633 3899 704 3974 ὅμως
729 3896 775 3955 καὶ
795 3898 818 3955 εί
843 3921 880 3966 τις

55 4009 79 4046 ιο
106 3985 200 4064 ἑτέρως
221 3987 288 4066 ἔχων
308 3988 487 4067 παραδίδοται.
532 3986 607 4047 Φασὶ
636 3984 666 4055 δή
688 4008 754 4051 τινες
773 4008 880 4063 συγχαι-

106 4073 217 4153 ρήσαντ’
232 4077 308 4135 αὐτὸν
339 4079 376 4155 τῷ
396 4075 527 4155 Ῥωμύλῳ
552 4076 599 4146 τήν
624 4073 776 4152 ἠγεμονίαν,
800 4074 879 4153 ἀχθό-

105 4184 184 4238 μενον
206 4160 234 4220 ’δὲ
255 4162 300 4219 καὶ
320 4164 352 4220 δι’
369 4165 447 4241 ὀργῆς
464 4163 558 4241 ἔχοντα
578 4163 624 4232 τὴν
647 4162 768 4233 ἀπάτην,
788 4162 878 4233 ἐπειδὴ

105 4250 305 4321 κατισκευάσλη
318 4251 347 4309 τὸ
367 4260 463 4328 τεῖχος,
489 4252 603 4328 φλαῦρον
619 4248 797 4316 ἀποδείξαιτο
819 4249 878 4327 ἔρυ-

104 4360 142 4412 μα
160 4338 332 4415 βουλόμενον,
346 4366 359 4389 ιι
378 4336 457 4396 'tiit
473 4338 549 4395 τοῦτο’
563 4340 587 4414 γ’
603 4339 739 4409 nstrata«
754 4338 783 4394 οὐ
799 4339 878 4413 χαλε·
904 4348 908 4469 Ι

56 4444 78 4481 ιε
104 4450 116 4474 ι
125 4428 181 4490 πῶς
191 4426 222 4483 ἀν
237 4447 274 4490 τις
285 4428 345 4499 ὑμῖν
353 4424 482 4503 θπερόαίη
494 4423 627 4496 πολέμιος,
635 4423 724 4482 ὥσπερ
734 4425 803 4483 trin
814 4442 822 4458 ·
834 4422 878 4480 καὶ
905 4472 907 4517 Ι

103 4509 198 4569 αὐτίκα
213 4510 398 4588 ὑπεραλέσθαι.
415 4511 538 4588 Κελέριον
561 4511 588 4567 δέ
603 4533 659 4567 τινα
679 4515 731 4569 τῶν
751 4512 877 4581 ἐπιόεόη-
905 4524 907 4559 Ι

101 4596 187 4656 κότων
198 4603 246 4655 τοῦ
259 4599 371 4676 τείχους,
381 4597 408 4663 ὃς
417 4589 449 4668 ἦν
464 4596 662 4668 ίπιστάτηςτῶν
673 4595 766 4674 ἔργων,
781 4595 878 4657 «Ἀλλὰ

103 4708 116 4735 ε
130 4686 223 4744 τοῦτόν
245 4707 275 4761 γε
296 4686 340 4743 τὸν
354 4686 477 4759 πολέμιον
495 4687 525 4743 οὗ
547 4687 670 4763 χαλεπῶς
692 4686 722 4742 ἀν
742 4709 779 4750 τις
802 4688 878 4762 ἡμῶν

101 4800 115 4826 ι
129 4772 270 4851 ἀμύναιτο,
285 4799 296 4823 ε
313 4773 426 4845 εἰπόντα,
442 4772 539 4843 πλῆξαι
552 4776 591 4852 τῷ
614 4772 728 4853 σκαφείῳ
745 4773 813 4832 κατὰ
832 4776 878 4842 τῆς

43 4863 78 4917 ,9
100 4864 234 4941 κεφαλῆς,
258 4860 304 4919 καὶ
327 4860 411 4919 αὐτίκ’
435 4863 597 4921 ἀποκτεῖναι.
615 4861 640 4920 Τ
642 4863 656 4921 θ
679 4861 725 4937 μίν
752 4861 784 4931 δὴ
805 4863 878 4928 τέλος

100 4955 146 5023 τῆς
161 4948 281 5017 στάσεως
295 4946 347 5009 τῶν
361 4950 477 5029 ἀδελφῶν
491 4954 593 5008 τοιοῦτο
619 4949 723 5027 λέγεται
742 4948 874 5026 γενέσθαι.

139 5035 430 5108 inllll'itt.’Emrtl
455 5038 478 5095 δ’
496 5037 569 5097 οὐδὲν
591 5036 625 5095 ἔτ’
649 5029 681 5109 ἦν
704 5035 824 5111 ἐμποδὼν
838 5039 876 5116 τῷ

100 5127 246 5202 κτίσματι,
266 5123 396 5204 προειπὼν
414 5129 429 5184 δ
444 5122 581 5202 Ῥωμύλος
598 5123 716 5201 ἡμίραν,
731 5125 756 5181 ἐν
779 5116 798 5199 ᾖ
820 5121 878 5189 τοὺς

99 5214 175 5283 θεοὺς
191 5214 353 5294 ἀρεσάμενος
365 5212 458 5292 ίμελλε
470 5211 519 5284 τὴν
535 5211 618 5293 ἀρχὴν
632 5214 684 5270 τῶν
704 5210 788 5292 ίργων
805 5209 877 5281 ποιή-

1670 458 1709 516 G'i

940 610 951 632 «ι
967 590 1081 640 cernis.»
1136 590 1180 639 lile
1199 601 1256 639 vero
1272 589 1412 653 indignatus
1428 605 1492 653 aegre
1510 592 1564 640 tulii
1584 606 1611 641 se
1631 594 1661 643 ah
1680 609 1709 647 eo

938 678 1066 740 deceptum
1079 690 1147 738 esse,
1160 679 1186 726 et
1201 678 1295 726 oolonia
1308 691 1335 727 se
1348 678 1383 727 illi
1403 691 1528 727 cessurum
1549 682 1652 740 negarit.

968 865 1107 914 Lxllllvll.
1120 862 1309 914 ludeoontentio
1318 867 1397 929 priore
1405 865 1482 915 maior
1491 869 1576 916 exorta
1583 871 1635 930 est,
1645 872 1712 919 utre·

938 970 986 1022 que
998 972 1025 1008 se
1034 959 1184 1022 superiorem
1194 971 1249 1008 esea
1260 960 1322 1009 clam
1334 960 1445 1024 eupimte
1453 999 1460 1024 ‚
1468 965 1493 1012 et
1511 963 1569 1025 quin
1584 962 1654 1013 alteri
1670 977 1711 1014 ee·

937 1052 1007 1102 deret
1014 1056 1097 1115 aperte
1107 1053 1236 1105 abnuente.
1268 1055 1306 1105 lta
1320 1056 1385 1105 enim
1397 1057 1629 1121 argumentabantur
1640 1078 1646 1110 :
1656 1073 1711 1110 esse

938 1149 985 1200 sihi
999 1150 1094 1200 dictum
1109 1151 1140 1200 ah
1162 1165 1209 1201 avo
1230 1151 1270 1222 eui
1286 1153 1360 1216 priori
1384 1154 1495 1204 meliores
1518 1169 1577 1205 aves
1600 1156 1709 1207 addixis-

939 1251 1005 1309 sent,
1017 1262 1074 1298 eum
1094 1249 1144 1298 iore
1160 1248 1262 1299 colanias
1281 1249 1376 1299 (iucem.
1410 1251 1457 1301 set
1480 1265 1535 1300 cum
1549 1252 1615 1302 iriem
1627 1253 1709 1303 arium

937 1357 1013 1404 genus
1033 1345 1132 1406 utrique
1145 1344 1312 1408 apparuisset,
1325 1345 1366 1395 irio
1379 1347 1479 1409 quidem
1491 1348 1557 1410 quod
1569 1347 1636 1413 prior
1651 1363 1709 1401 ares

938 1441 1107 1501 observasset,
1127 1440 1168 1490 ille
1189 1454 1248 1490 vero
1267 1442 1334 1505 quod
1350 1442 1438 1506 plures,
1454 1457 1481 1492 se
1493 1445 1642 1508 superiorem
1655 1459 1710 1499 esse

937 1535 1043 1586 dicebat.
1075 1537 1143 1586 lianc
1166 1551 1224 1587 rero
1237 1552 1322 1587 eorum
1343 1541 1522 1591 contentionem
1540 1542 1633 1606 reliqua
1646 1557 1710 1607 qao-

936 1647 986 1698 que
1014 1635 1145 1685 multitudo
1164 1636 1281 1700 suscepit,
1306 1652 1362 1701 (μετα
1388 1653 1436 1689 nou
1459 1644 1597 1704 exspectato
1619 1642 1710 1695 ducam

937 1729 1039 1792 imperio
1057 1743 1126 1779 arma
1138 1745 1226 1794 capere
1248 1735 1273 1782 et
1291 1747 1398 1796 paguare
1410 1737 1496 1799 eoepit3
1519 1738 1618 1802 acrique
1630 1755 1710 1804 nagera

938 1819 1067 1870 commissa
1080 1834 1166 1884 niagna
1187 1823 1313 1874 hincinde
1329 1825 1409 1875 cates
1430 1828 1495 1877 lanta
1517 1833 1563 1879 est.
1597 1832 1710 1883 Nonnulli

937 1916 1115 1976 antemium,
1138 1916 1162 1965 in
1177 1916 1224 1966 hoc
1236 1919 1320 1981 praelio
1335 1920 1494 1980 Faustulum.
1508 1925 1552 1985 qui
1571 1925 1711 1977 adolescen·

936 2007 973 2054 tes
985 2006 1145 2067 educaverat,
1160 2008 1263 2058 fratrum
1278 2011 1345 2060 litem
1365 2011 1480 2062 dirimere
1492 2017 1628 2075 retentem,
1649 2033 1708 2069 eum

936 2098 995 2147 nitrit
1007 2098 1124 2162 proficere
1143 2088 1240 2164 nosset,
1253 2102 1370 2152 inormem
1382 2117 1408 2153 se
1423 2105 1448 2154 iu
1469 2104 1575 2156 mediam
1597 2122 1709 2172 pugnau-

936 2192 997 2239 tium
1022 2191 1099 2240 aciem
1120 2192 1266 2254 coniecisse,
1293 2195 1382 2244 mortis
1411 2195 1544 2247 celerrimae
1572 2200 1709 2262 desiderio,

935 2284 1034 2345 votique
1047 2283 1085 2334 sui
1099 2288 1236 2347 compotem
1252 2286 1352 2336 lactum.
1386 2289 1500 2339 Nonnulli
1515 2291 1588 2340 etiam
1613 2293 1707 2344 leonem

935 2373 1072 2437 lapideum.
1087 2375 1128 2437 qut
1152 2379 1205 2425 erat
1219 2376 1243 2425 in
1265 2378 1371 2429 rrraxime
1390 2381 1524 2444 conspicuo
1545 2382 1591 2431 lori
1609 2384 1709 2437 Romani

936 2468 988 2516 loeo
1021 2467 1050 2516 ad
1079 2470 1175 2528 rostra,
1203 2470 1298 2532 corpori
1324 2472 1432 2522 Faustuli
1462 2472 1605 2536 impositum
1635 2474 1710 2525 luisse

935 2557 1011 2617 aiunt,
1026 2558 1068 2622 qul
1091 2559 1199 2621 sepultus
1218 2561 1290 2610 estin
1307 2575 1336 2613 eo
1348 2562 1401 2626 ipso
1416 2564 1472 2614 looo
1484 2566 1508 2614 in
1520 2579 1571 2629 quo
1594 2565 1709 2617 inventus

935 2651 994 2699 erat.
1043 2653 1112 2699 caso
1132 2655 1214 2701 autem
1237 2655 1313 2703 Remo
1339 2654 1364 2704 in
1388 2656 1428 2705 ille
1453 2670 1547 2720 pugna,
1575 2659 1707 2720 Romulus,

935 2751 993 2788 cam
1010 2738 1136 2789 uictoriam
1153 2741 1316 2791 miserrimam
1336 2743 1367 2793 (le
1382 2744 1458 2793 tratre
1481 2750 1504 2793 et
1517 2747 1608 2795 civium
1620 2751 1708 2799 mutua

936 2830 1003 2881 crede
1015 2832 1163 2893 rettulisset,
1180 2835 1281 2883 Remum
1300 2835 1324 2884 in
1336 2837 1449 2885 Remuria
1459 2836 1581 2898 humavit,
1595 2839 1709 2899 qnoniam

936 2922 1008 2971 rivus
1022 2937 1079 2973 eura
1091 2923 1171 2974 i-:cunr
1186 2925 1240 2975 urbi
1258 2926 1392 2976 condendae
1404 2926 1545 2975 destinarat.
1580 2929 1633 2990 lpse
1647 2941 1708 2977 vero

936 3027 985 3076 prae
1007 3028 1109 3064 maerore
1128 3021 1153 3065 et
1174 3017 1230 3065 iacti
1253 3018 1392 3080 punitentia
1412 3018 1522 3068 abiectas
1538 3019 1568 3069 de
1596 3019 1708 3070 manibus

935 3106 1033 3155 sibimet
1050 3106 1096 3170 ipsi
1112 3107 1242 3157 inierenaiis
1260 3111 1365 3172 cogitare
1386 3111 1472 3172 eupit.
1505 3111 1552 3160 Seri
1574 3125 1628 3161 eum
1641 3113 1707 3162 Lau-

935 3196 1021 3258 rentia,
1041 3212 1096 3260 qua
1120 3212 1162 3248 eos
1191 3213 1275 3249 reeens
1303 3204 1373 3251 natos
1390 3214 1408 3250 α
1423 3204 1518 3252 neuram
1537 3203 1611 3252 dotes
1636 3216 1706 3254 acce·

935 3292 1004 3351 porat
1017 3294 1042 3340 et
1056 3291 1216 3351 educaverat,
1229 3295 1314 3341 elnon
1328 3293 1409 3342 urinas
1424 3307 1498 3357 quam
1511 3299 1589 3344 mater
1600 3295 1705 3356 amabat,

935 3385 1030 3445 rogaret
1043 3386 1068 3432 et
1091 3384 1259 3433 consolaretur
1281 3397 1347 3444 euna,
1360 3383 1435 3434 huius
1455 3386 1568 3448 precibus
1583 3385 1705 3437 adductus

934 3476 1040 3525 surrexit
1054 3495 1060 3524 :
1072 3479 1097 3525 et
1107 3477 1257 3538 congregatis
1272 3477 1376 3539 Latinis,
1387 3481 1508 3540 quotquot
1527 3480 1549 3526 in
1560 3480 1647 3540 prelio
1658 3493 1707 3529 noa

933 3567 1090 3626 occiderant,
1114 3568 1205 3629 quiex
1225 3568 1328 3629 pristino
1349 3568 1491 3617 colonorum
1515 3583 1616 3618 numero
1637 3570 1707 3633 longe

936 3660 1027 3708 maiore
1044 3659 1073 3707 ari
1089 3659 1159 3721 paulo
1179 3664 1260 3722 plures
1282 3674 1356 3723 quarn
1377 3662 1423 3711 tria
1441 3662 1563 3713 hominum
1581 3665 1647 3714 milia
1663 3679 1705 3715 re·

932 3752 997 3800 danti
1018 3756 1101 3814 erant,
1124 3753 1149 3801 in
1171 3753 1263 3802 Palatio
1289 3754 1375 3805 urbem
1401 3756 1516 3805 condidit.
1551 3760 1609 3809 lirae
1632 3760 1706 3823 igitur

932 3845 962 3894 de
972 3844 1040 3894 lierni
1063 3849 1141 3895 morte
1155 3845 1236 3908 opinio
1253 3846 1313 3896 milri
1331 3849 1437 3897 maxime
1451 3848 1584 3911 probabilis
1598 3852 1704 3902 ridetur.

933 3937 1035 3985 Dicatur
1048 3940 1129 3986 tamen
1141 3941 1167 3986 et
1180 3937 1270 4001 siquid
1283 3939 1380 3989 diverse
1393 3941 1424 3988 air
1438 3940 1491 3989 aliis
1504 3940 1534 3990 de
1552 3943 1598 3991 trac
1609 3957 1636 3992 re
1647 3957 1704 4006 pro-

933 4029 1010 4080 latum
1023 4033 1068 4080 est.
1103 4031 1208 4088 Quidam
1222 4032 1286 4080 enim
1300 4033 1369 4081 aiunt
1380 4046 1437 4082 eum
1450 4035 1553 4084 ltomuio
1566 4035 1596 4085 <le
1610 4037 1705 4099 princi·

932 4127 990 4184 patu
1009 4124 1125 4181 cessisse,
1149 4125 1192 4173 sert
1211 4124 1299 4173 deinde
1322 4126 1472 4188 indignatum
1493 4130 1519 4176 et
1538 4128 1626 4178 iratum
1639 4130 1705 4192 quod

932 4216 988 4264 dolo
1004 4217 1185 4265 circumventus
1195 4220 1274 4276 esset,
1288 4217 1409 4267 menibus
1422 4219 1470 4269 tam
1491 4221 1632 4281 exstructis,
1646 4235 1704 4272 cura

932 4308 1005 4357 uellet
1019 4306 1187 4358 demonstrare
1208 4308 1274 4356 illam
1289 4308 1448 4358 munitionem
1468 4309 1587 4360 infirmam
1603 4316 1628 4361 et
1647 4313 1702 4362 ina-

932 4415 986 4450 nem
1005 4414 1066 4461 esse,
1081 4400 1180 4460 dixisse,
1199 4419 1211 4443 ι
1228 4400 1353 4463 Atquiris
1375 4401 1454 4451 hostis
1471 4402 1541 4453 facile
1553 4404 1614 4454 trano
1628 4418 1704 4467 supe·

933 4516 945 4539 a
959 4490 1058 4549 raverit,
1082 4494 1110 4540 ut
1128 4504 1193 4539 nunc
1208 4505 1252 4553 ego
1275 4510 1287 4534 ν
1308 4509 1314 4539 :
1335 4496 1360 4540 et
1382 4492 1454 4543 simul
1475 4506 1529 4542 eam
1549 4492 1699 4542 transiliisse.

931 4584 1039 4632 Celerem
1065 4597 1124 4632 nero
1156 4582 1292 4645 quendam,
1318 4584 1361 4646 qui
1385 4598 1460 4648 supra
1492 4599 1575 4634 muros
1604 4585 1700 4639 stabat,

931 4677 1021 4738 quique
1044 4677 1111 4740 operi
1130 4676 1276 4739 praepositus
1296 4681 1362 4737 erat,
1385 4677 1532 4737 subiecisse,
1547 4695 1558 4720 a
1573 4680 1605 4724 At
1626 4675 1701 4724 istum

933 4769 1059 4819 «hostem
1081 4769 1150 4818 iacile
1166 4774 1276 4820 nostrum
1295 4771 1375 4833 quiris
1398 4770 1503 4820 arcuerit
1525 4789 1553 4829 νς
1575 4773 1647 4830 atque
1661 4777 1702 4814 aa·

931 4861 980 4925 pite
996 4861 1049 4910 eius
1068 4865 1146 4911 rastro
1161 4874 1278 4924 percusso
1299 4875 1355 4910 eum
1374 4860 1530 4911 interiecisse.
1562 4857 1608 4906 llio
1628 4856 1703 4917 igitur

932 4953 1031 5002 fraterni
1046 4951 1143 5001 discidii
1161 4953 1241 5001 exitus
1251 4953 1326 5001 tuisse
1338 4953 1422 5000 fertur.

961 5042 1107 5090 Llilllll'lll.
1124 5042 1248 5098 Ceterum,
1259 5053 1316 5088 cam
1326 5040 1374 5087 iam
1389 5036 1447 5085 nillil
1463 5038 1529 5084 esset
1545 5034 1608 5098 quod
1619 5036 1700 5085 coadi-

930 5128 1020 5178 tiauem
1035 5126 1171 5190 impediret,
1188 5126 1305 5175 Romulus
1318 5122 1468 5177 indicauero,
1483 5135 1530 5183 qua
1543 5123 1588 5172 ‹liis
1598 5124 1699 5185 placatis

930 5228 992 5281 opus
1010 5215 1259 5278 auspicaturuserat‚
1278 5208 1468 5276 praeparatisque
1494 5211 1567 5261 retius
1588 5212 1700 5261 omnibus

1526 5318 1531 5328 '
1571 5314 1598 5361 5.

1054 5464 1057 5469 .
1070 5420 1318 5471 ,ιω
