3772 5828
157 317 219 378 ἐῖθ

156 443 397 530 προσκαλεσαμένη
425 441 474 511 τδς
503 441 585 508 ἄλλας
608 443 735 519 γυναῖκας
759 441 863 519 πρῶτον
888 436 937 514 μίν

157 533 366 617 παρεμυθήσατο
378 531 424 591 καλ
439 531 657 609 παρεθάρρυνεν,
674 527 782 596 ἀξιοῦσα
797 526 836 604 μὴ
850 548 939 586 κατα-

157 628 312 704 πεπλῆχθαι
327 622 357 680 τδ
367 619 465 680 δεινόν·
478 619 570 678 ἐπειτα
585 618 717 697 ὑπίσχετο
731 622 795 693 μίαν
806 605 873 674 εἶναι
886 637 938 673 σω·

159 713 251 792 τηρίας
273 711 368 770 ἐλπίδα
392 707 533 787 τῇπολει,
554 704 653 777 ταύτην
676 702 699 763 δ’
714 707 741 764 ἐν
754 705 845 772 αὐταῖς
872 694 940 764 εῖναι

120 829 133 867 ε
161 802 253 878 μόναις
273 796 522 872 καταλειπομένην,
537 793 582 854 ἐδιν
608 790 755 863 ἐθελήσωσι
773 791 900 873 πράττειν
922 790 940 851 θ

161 890 216 962 δεῖ,
231 888 277 947 καί
292 911 331 954 τις
347 876 418 945 εἶπεν
437 885 463 954 ἐξ
484 885 584 942 αὐτῶνι
629 903 644 938 ε
662 882 718 943 Καὶ
731 879 759 940 τί
775 879 940 961 πράττουσαι

164 1001 176 1030 ι
194 975 227 1034 διν
249 979 327 1053 ἡμεῖς
350 975 378 1030 αἱ
402 979 524 1050 γυναῖκες
543 971 674 1029 διασῶσαι
695 969 869 1046 δυνηθείημεν
892 967 940 1041 τὴν

163 1089 176 1115 ιι
193 1063 321 1141 πατρίδα,
336 1063 389 1118 τῶν
408 1059 508 1137 ἀνδρῶν
525 1056 727 1136 ἀπειρηκότων,
740 1056 779 1124 τίς
793 1059 811 1128 ἡ
825 1055 940 1127 τοσαύτη

163 1178 176 1203 ιι
193 1153 254 1230 περί
268 1155 339 1226 ἡμᾶς
360 1148 474 1213 ἀσθενεῖς
494 1145 540 1205 καλ
554 1144 737 1224 ταλαιπώρους
758 1145 829 1204 ἐστίν
850 1144 941 1224 ἰσχύς,

109 1268 134 1310 10
164 1266 176 1292 ιι
195 1241 257 1318 Οὐχ
270 1239 376 1309 ὅπλων,
395 1234 491 1316 ἐρησεν
510 1239 528 1306 ἡ
543 1232 697 1311 Οὐαλερία,
713 1230 759 1291 καλ
778 1237 875 1313 χειρῶν
887 1231 943 1292 διό·

163 1353 176 1381 ιι
196 1334 277 1404 μεθα·
290 1324 389 1385 τούτων
406 1323 453 1401 μέν
472 1322 524 1404 γδρ
543 1323 706 1381 ἀπολέλυκεν
721 1326 793 1397 ἡμῦς
813 1326 831 1393 ἡ
850 1320 943 1402 φύσις·

164 1444 177 1470 ι
196 1418 257 1475 ἀλλ’
278 1416 378 1479 εὐνοίας
400 1410 446 1470 καί
461 1411 553 1489 λόγου.
573 1437 637 1460 ι-
650 1414 720 1482 θοῆς
735 1410 763 1469 δέ
781 1409 849 1487 μετὰ
864 1413 943 1469 τοῦτο

161 1508 319 1584 γενομένης,
346 1500 392 1559 καὶ
421 1498 551 1576 δεομένων
585 1502 678 1557 πασῶν
712 1500 822 1578 φανερὸν
858 1505 941 1558 ποιεῖν

162 1593 202 1659 τίς
226 1595 295 1650 ἐστιν
316 1594 333 1661 ἡ
356 1588 512 1669 ἐπικουρία,
526 1586 598 1666 λέγει
613 1587 678 1666 πρὸς
704 1588 800 1654 αὐτοῖς·
827 1609 843 1647 ει
864 1584 940 1647 Tei·

110 1721 135 1760 ,,
167 1703 245 1750 «την
269 1679 377 1759 ἔχουσαι
397 1678 446 1749 τὴν
469 1677 583 1756 πιναράν
601 1677 690 1735 τεκαὶ
712 1677 827 1753 ἄκοσμον
848 1677 945 1748 ἐσθῆτα

166 1794 180 1821 ιι
197 1769 299 1833 καὶτὰς
311 1766 393 1833 ἀλλας
407 1764 612 1844 παραλαύοῦσαι
622 1772 749 1843 γυναῖκας
759 1764 804 1824 καί
816 1762 851 1823 τθ
864 1764 944 1825 τέκνα

166 1856 360 1934 «ἐπαγόμεναι
386 1855 534 1933 βαδίζωμεν
566 1853 610 1911 ἐπὶ
635 1855 681 1925 τὴν
711 1851 872 1930 Οὐετουρίας
898 1856 946 1924 τῆς

167 1971 181 1998 ιι
199 1946 323 2022 Μαρκίου
340 1942 439 2020 μητρὸς
454 1940 555 2001 οἰκίαν·
570 1943 616 1999 καὶ
634 1941 686 2020 πρὸ
698 1943 751 1998 τῶν
765 1942 882 2019 γονάτων
898 1935 946 2000 αύ-

168 2060 180 2086 ιι
198 2038 246 2105 τῆς
258 2031 291 2090 τδι
307 2031 385 2089 τέκνα
401 2033 494 2100 θεῖσαι,
507 2029 625 2106 δεώμεθα
640 2026 708 2103 μετδι
723 2027 861 2107 δακρύων,
874 2031 946 2105 ἡμᾶς

110 2140 137 2180 ευ
167 2148 180 2175 ιι
198 2145 226 2179 τε
246 2120 412 2198 οἰκτείρασαν
424 2117 471 2183 τδς
492 2117 601 2194 μηδενὸς
616 2120 698 2174 κακοῦ
718 2116 820 2186 αἰτίας,
837 2116 882 2176 καῖ
897 2117 945 2188 τὴν

168 2235 180 2261 ιι
199 2208 225 2265 ἐν
241 2209 362 2286 ἐσχάτοις
377 2206 501 2270 κινδύνοις
518 2195 597 2264 οὖσαν
610 2204 738 2282 πατρίδα,
753 2204 888 2282 προελθεῖν
901 2203 945 2264 ἐπὶ

168 2321 181 2347 ιι
200 2294 243 2353 τδν
255 2296 364 2373 χάρακα
375 2297 427 2351 τῶν
437 2294 582 2369 πολεμίων,
593 2290 708 2368 ἀγουσαν
719 2290 779 2359 τούς
787 2314 816 2350 τε
825 2288 944 2365 υἱωνούς,

168 2408 181 2433 ιι
198 2379 245 2439 καὶ
271 2381 320 2449 τὴν
348 2378 452 2460 μητέρα
471 2381 558 2438 αὐτῶν
582 2379 627 2436 καὶ
649 2383 722 2452 ἡμᾶς
746 2379 864 2448 δπάσας·
884 2383 946 2439 dxc·

169 2495 182 2521 ιι
200 2470 334 2546 λουθῶμεν
350 2467 401 2547 γὰρ
416 2470 483 2545 αὐτῇ
502 2466 535 2525 εδ
557 2467 650 2525 παιδία
664 2467 841 2546 ἐπαγόμεναι·
855 2468 947 2528 ἔπειτ-ιι

112 2586 138 2627 25
169 2584 182 2611 ι
201 2558 283 2617 ῖκέτιν
296 2557 438 2635 γενομένην
448 2562 493 2615 τοῦ
504 2555 606 2628 τέκνου,
617 2555 705 2624 ἀξιοῦν
718 2557 764 2616 καί
778 2558 878 2617 δεῖσθαι
893 2581 946 2636 μη-

170 2674 183 2698 ιι
201 2647 243 2705 δὲν
259 2646 401 2715 ἀνήκεστον
422 2646 490 2702 κατὰ
521 2647 569 2714 τῆς
596 2644 722 2724 πατρίδος
745 2644 946 2725 ἐξεργάσασθαι.

170 2762 183 2786 ιι
201 2734 412 2814 Ὀλορυρομίνης
432 2735 483 2813 γὰρ
497 2737 579 2806 αὐτῆς
598 2733 644 2792 καὶ
659 2733 847 2807 ἀντιύολούαης
862 2725 948 2801 οἶκτός

171 2851 185 2875 ιι
203 2847 243 2889 τις
264 2824 443 2883 εἰσελεύσεται
465 2815 608 2901 τδνᾶνδρα
628 2822 674 2882 καλ
696 2824 820 2902 λογισμὸς
842 2823 947 2903 ἥμερος.

172 2936 185 2962 ιι
201 2912 263 2990 Οὐχ
272 2910 340 2969 οὕτω
351 2909 462 2990 στερράν
476 2911 522 2968 καί
536 2911 652 2989 ἄτρωτον
665 2910 721 2988 ἔχει
739 2912 860 2989 καρδίαν,
875 2909 943 2970 ὥστε

80 3023 84 3030 ·
113 3022 141 3063 sn
172 3001 366 3078 «ἀνασχέσθαι
387 2997 490 3076 μητέρα
504 3000 568 3077 πρὸς
588 3003 643 3065 τοῖς
667 3002 761 3057 ἐαυτοῦ
783 3001 875 3077 γόνασι
899 3022 947 3058 κο·

172 3110 186 3138 ιι
202 3085 353 3160 λιομένην»

209 3176 270 3238 XL.
294 3175 345 3240 Ὡς
358 3177 380 3231 δ’
394 3172 523 3252 ἐπῄνεσαν
545 3175 573 3232 αἱ
589 3178 721 3252 παροῦσαι
735 3174 779 3233 τδν
792 3173 883 3251 λύγον,
900 3175 945 3232 εὐ-

169 3265 269 3344 ξαμένη
290 3268 342 3330 τοῖς
363 3268 430 3330 θεοῖς
460 3265 542 3322 πειθῶ
563 3264 608 3323 καί
630 3263 708 3344 χοίριν
729 3265 815 3322 αὐτῶν
836 3267 948 3342 περιθεῖ·

169 3377 212 3412 ναι
228 3358 262 3434 τῇ
275 3352 379 3425 δεήσει,
398 3352 527 3431 προῆλθεν
542 3353 572 3410 ἐκ
584 3355 629 3409 τοῦ
644 3352 783 3427 τεμένους·
797 3353 826 3410 αἱ
841 3350 865 3408 θ’
879 3353 945 3421 τ’,κο-

111 3451 137 3491 ³⁵
169 3443 289 3503 λούθουν.
334 3440 389 3502 Καὶ
409 3441 477 3519 μετδι
493 3446 568 3500 τοῦτο
585 3438 789 3520 παραλαύοῦσαι
803 3438 850 3506 τάς
865 3437 947 3505 ἀλλας

169 3535 293 3605 γυναῖκας
308 3529 463 3612 ἐπορεύοντο
475 3531 519 3589 ἐπὶ
534 3529 582 3602 τὴν
596 3529 678 3588 οἰκίαν
693 3532 740 3600 τῆς
755 3527 877 3608 Μαρκίου
892 3552 947 3605 μη·

168 3623 227 3700 τρδς
253 3621 357 3700 ἀθρόαι.
401 3619 506 3680 Ἰδοῦσα
530 3621 557 3678 δὲ
579 3621 658 3684 αὐτὰς
682 3619 841 3698 προσιούσας
862 3622 878 3689 ἡ
903 3622 947 3675 τοῦ

169 3709 292 3788 Μαρκίου
311 3709 376 3785 γυνθ,
393 3710 579 3782 Οὐολουμνία,
605 3707 716 3778 πλησίον
737 3706 874 3783 καθημένη
903 3710 949 3776 τῆς

170 3802 277 3877 ἑκυρᾶς,
300 3796 433 3873 ἐθαύμασέ
444 3819 473 3853 τε
485 3796 530 3854 καλ
546 3788 613 3854 εἶπε·
629 3824 641 3849 ι
655 3796 731 3862 Τίνος
750 3795 885 3871 δεόμεναι,
899 3816 947 3870 γυ·

113 3892 140 3930 ⁴⁰
173 3912 185 3937 ιι
203 3895 305 3956 ναῖκες,
328 3885 471 3955 ἐληλύθατε
486 3883 556 3939 κατὰ
570 3886 668 3954 πλῆθος
688 3886 723 3948 εἰς
744 3883 829 3941 οἰκίαν
849 3883 948 3954 δύστη·

173 4000 185 4022 ιι
203 3995 247 4030 νον
263 3974 307 4029 καλ
322 3970 463 4042 ταπεινήνς
486 3967 563 4028 »Kal
584 3975 600 4042 ἡ
616 3970 750 4047 Οὐαλερία
766 3969 859 4037 ἔλεξεν·
872 3999 884 4022 ι
902 3969 948 4030 Ἐν

173 4087 186 4111 ιι
205 4062 325 4138 ἐσχάτοις
348 4050 424 4119 ούσαι
438 4060 565 4125 κινδύνοις
585 4059 631 4118 καὶ
645 4060 724 4115 αὐταὶ
744 4071 789 4115 καὶ
809 4059 843 4116 τὰ
866 4059 948 4129 νήπια

173 4176 185 4199 ιι
203 4151 278 4205 ταυτί
293 4149 529 4228 καταπεφεύγαμεν
545 4147 653 4214 ίκίτιδες
668 4147 711 4204 ἐπὶ
730 4145 775 4222 οῖ,
795 4134 946 4207 ῶΟύετου-

173 4266 185 4289 ιι
205 4237 263 4318 ρία,
290 4238 337 4309 τὴν
361 4240 442 4314 μόνην
465 4239 511 4298 καὶ
533 4239 594 4315 μίαν
620 4236 754 4315 βοήθειαν,
777 4237 895 4304 ἀξιοῦσαί
919 4262 948 4299 σε

114 4346 139 4383 tn
173 4355 185 4383 ιι
202 4331 305 4409 πρῶτον
321 4327 367 4404 μὲν
382 4330 507 4409 οἰκτεῖραι
517 4328 565 4398 τὴν
576 4326 662 4397 κοινὴν
678 4327 805 4405 πατρίδα,
819 4328 849 4399 ἣν
865 4328 948 4387 οὐδενί

172 4444 184 4468 ιι
203 4417 310 4474 πώποτε
325 4417 465 4491 γενομένην
490 4417 638 4495 ὑποχείριον
661 4416 697 4486 μὴ
728 4415 848 4495 περιίδῃς
870 4420 949 4496 ἀραι-

173 4532 185 4556 ιι
205 4509 321 4583 ρεθεῖσαν
348 4505 396 4561 ύπύ
421 4504 595 4563 Οὐολούσκων
619 4504 667 4575 τὴν
688 4505 851 4582 ἐλευθερίαν·
873 4510 895 4565 εἰ
916 4507 947 4579 δὴ

173 4621 185 4647 ιι
203 4592 246 4651 καὶ
261 4593 394 4672 φείσονται
410 4595 488 4663 αὐτῆς
502 4595 700 4672 κρατήσαντας,
716 4596 774 4651 ἀλλ’
795 4597 823 4653 οὐ
838 4595 948 4674 πρόρρι-

172 4712 184 4736 ιι
202 4687 243 4752 ζον
268 4683 479 4761 ἐπιχειρήσουσιν
512 4685 631 4742 ἀνελεῖν·
658 4684 748 4742 ἔπειτα
779 4685 845 4762 ὑπὲρ
871 4687 948 4759 ἡμῶν

114 4787 140 4822 ⁶⁰
173 4800 185 4823 ιι
204 4775 288 4831 αὐτῶν
315 4771 499 4830 ἀντιύολοῦσαι
527 4772 572 4830 καὶ
597 4777 648 4832 τῶν
680 4774 812 4845 δυστήνων
835 4773 947 4831 παιδίων

173 4886 185 4907 ιι
203 4863 316 4935 τούτων,
338 4858 380 4917 ἵνα
401 4863 437 4936 μδ,
451 4861 572 4937 πέσοιμεν
588 4864 624 4928 εἷς
639 4865 737 4943 ἐχθρῶν
754 4861 829 4941 ύῦριν
848 4863 948 4928 ούδενδς

173 4971 185 4991 ιι
203 4939 278 5003 οὐσαι
292 4955 343 5007 τῶν
357 4949 560 5024 συμῦεύηκότων
576 4952 636 5027 ύμῖν
652 4955 740 5010 κακῶν
757 4953 848 5011 αἴτιαι.
863 4950 899 5011 Εἴ
909 4975 948 5018 τις

175 5058 186 5081 ιι
205 5034 275 5092 ἐστίν
301 5037 326 5095 ἐν
342 5041 382 5097 σοί
404 5044 490 5121 ψυχῆς
514 5042 613 5119 Ιἡμέρου
635 5041 679 5098 καῖ
702 5041 885 5118 φιλανθρώπου
900 5063 947 5097 κα·

173 5144 186 5170 ιι
204 5119 379 5199 ταλειπομίνη
401 5129 491 5206 μερίς,
513 5128 637 5200 ἐλέησον,
658 5117 680 5184 ῶ
700 5127 864 5207 Οὐετουρία,
881 5127 946 5206 γυνὴ
974 5170 977 5187 .

688 303 856 368 prouisis
877 302 1253 368 nntlcsnnnsssttsls

993 446 1089 507 solata,
1101 448 1246 513 animosque
1255 461 1341 499 earum
1353 446 1519 508 confirmauit,
1530 460 1609 498 orans
1620 462 1655 498 ne
1674 446 1786 513 periculi

992 544 1162 609 magnitudine
1173 549 1390 598 consternarentur
1402 563 1409 595 ι
1422 543 1514 596 deinde
1533 544 1690 607 declararit,
1704 561 1786 599 unam

993 641 1081 694 edutis
1104 642 1210 708 publicas
1228 656 1315 709 spem,
1338 644 1403 693 banc
1429 656 1488 693 vero
1509 643 1536 694 in
1557 643 1621 709 ipsis
1641 645 1706 697 solis
1725 660 1786 699 esse

993 724 1116 803 mium,
1137 739 1158 789 si
1179 738 1318 790 necessaria
1334 739 1414 790 tacere
1439 739 1542 791 vellent.
1576 743 1649 793 'tunc
1672 757 1724 793 una
1747 759 1784 796 ex

994 848 1080 887 αεεοιιι
1103 850 1207 887 nurnero
1228 836 1354 901 respondit
1376 849 1410 880 :s
1431 838 1465 887 lit
1479 838 1609 902 quomodo
1625 853 1673 890 nos
1685 842 1781 893 mulie·

996 950 1009 976 ι
1025 944 1078 994 res,
1088 931 1156 997 quod
1172 932 1220 996 ipsi
1231 912 1288 982 'viri
1299 935 1417 997 praestare
1429 937 1572 997 nequeunt,
1594 936 1706 999 patriam
1724 951 1782 989 ser·

997 1049 1010 1073 ι
1026 1041 1084 1080 sare
1104 1030 1259 1094 poterimus?
1279 1043 1342 1096 quas
1366 1032 1448 1080 tantm
1467 1030 1533 1081 sires
1553 1045 1600 1083 nos
1617 1032 1741 1087 invalidas
1754 1040 1782 1087 et

996 1148 1010 1176 ιι
1025 1129 1122 1179 miserm
1131 1128 1271 1179 habemus?
1284 1148 1296 1173 ιι
1308 1155 1341 1166 -
1353 1149 1365 1172 ι
1379 1130 1433 1180 tlon
1446 1141 1510 1194 opus
1525 1134 1564 1181 est
1582 1131 1684 1198 (inquit
1704 1102 1780 1188 Vale·

998 1244 1010 1268 ι
1027 1225 1081 1288 ris)
1101 1225 1193 1287 armis,
1216 1239 1266 1276 non
1286 1225 1416 1286 manibus;
1432 1229 1529 1277 naturae
1552 1228 1620 1279 enim
1646 1232 1782 1295 privilegio

999 1342 1011 1368 ιι
1025 1323 1114 1375 borum
1122 1323 1246 1376 immunes
1260 1338 1349 1375 sumus
1363 1343 1370 1374 ι
1384 1323 1431 1376 sed
1448 1325 1621 1378 benevolentia
1630 1333 1656 1379 et
1666 1325 1777 1378 serbis..

997 1423 1086 1472 Postea
1105 1421 1204 1475 sublato
1232 1422 1356 1483 clamore,
1378 1426 1405 1474 et
1423 1422 1541 1474 omnibus
1566 1426 1730 1489 rogantibus,
1750 1431 1780 1476 nt

997 1519 1134 1571 declararet
1144 1519 1270 1586 quodnam
1281 1525 1348 1572 esset
1364 1520 1429 1572 illusi
1442 1520 1575 1582 auxilium,
1587 1522 1672 1576 dixit:
1687 1546 1700 1569 ιι
1714 1526 1779 1576 cnm

998 1635 1011 1661 ιι
1025 1617 1073 1668 hac
1090 1618 1191 1670 sordida
1210 1623 1236 1671 et
1252 1620 1346 1671 inculta
1362 1624 1445 1681 veste,
1461 1622 1598 1686 assumptis
1617 1636 1723 1689 quoqne
1737 1637 1784 1676 ce·

999 1736 1011 1760 ι
1028 1716 1088 1767 teris
1100 1718 1222 1769 matronis
1233 1718 1364 1783 Romanis,
1384 1723 1411 1770 et
1426 1720 1510 1772 allatis
1520 1721 1615 1772 nostris
1626 1721 1726 1780 filiolis,
1742 1737 1781 1774 ea·

1000 1833 1012 1858 ιι
1027 1828 1085 1864 mus
1094 1815 1127 1866 ad
1139 1816 1207 1868 aedes
1223 1817 1348 1875 veturiae,
1370 1817 1459 1870 matris
1478 1817 1586 1869 tiarcii:
1604 1823 1646 1879 et,
1659 1819 1782 1884 depositis

1000 1930 1013 1954 ι
1028 1916 1086 1961 ante
1097 1912 1174 1975 ipsius
1183 1928 1262 1977 genua
1275 1913 1367 1977 pueris,
1383 1927 1439 1964 eam
1452 1927 1567 1979 rogenrus
1578 1929 1638 1966 cum
1652 1916 1780 1980 lacrimis,

1000 2026 1014 2054 ιι
1029 2012 1057 2058 ut
1071 2022 1116 2059 nos
1132 2008 1226 2058 nullius
1238 2009 1299 2059 mali
1314 2011 1429 2061 auctores
1446 2009 1604 2075 patriamque
1616 2010 1643 2060 in
1657 2014 1783 2063 extremis

1000 2126 1014 2156 ιι
1029 2108 1146 2174 periculis
1156 2112 1297 2160 versantem
1311 2110 1440 2171 miserata,
1452 2108 1484 2159 ad
1495 2108 1606 2159 bostium
1620 2114 1705 2159 castra
1721 2127 1782 2175 pro

999 2228 1011 2249 ιι
1027 2208 1178 2269 proeliantur,
1196 2213 1347 2274 nepotesque
1361 2221 1417 2259 snos
1430 2207 1455 2257 et
1467 2217 1555 2255 eorum
1568 2210 1674 2257 matrem
1689 2214 1713 2258 et
1729 2223 1778 2259 nos

1002 2322 1014 2348 ι
1027 2316 1115 2354 omnes
1125 2316 1210 2354 secum
1224 2302 1336 2354 ducens:
1351 2314 1482 2369 εοησειαεε
1496 2300 1564 2353 enirn
1575 2314 1631 2352 eam
1646 2313 1706 2351 cum
1722 2301 1777 2351 iili-

1002 2421 1015 2446 «
1029 2402 1078 2453 olis
1095 2402 1199 2464 nostris;
1223 2399 1314 2452 deiude
1338 2399 1419 2453 tilitun
1441 2411 1515 2450 auum
1535 2396 1682 2463 suppliciter
1699 2401 1776 2456 oret,

1001 2497 1202 2562 «precibusque
1218 2495 1251 2545 ab
1274 2508 1305 2545 eo
1324 2493 1471 2554 contendat,
1490 2504 1522 2543 ne
1537 2504 1615 2557 quarn
1636 2491 1782 2556 graviorem

1003 2617 1016 2641 ι
1032 2597 1200 2648 calamitatem
1219 2595 1308 2660 patrias
1323 2594 1423 2646 inierat.
1445 2596 1509 2645 Nam
1521 2591 1554 2643 ob
1566 2591 1622 2644 eius
1634 2591 1746 2643 lamenta
1756 2595 1783 2643 et

1003 2713 1116 2764 «preces
1138 2698 1222 2762 aliqua
1247 2695 1418 2747 misericordia
1443 2694 1571 2747 bominem
1595 2693 1690 2746 subibit
1705 2697 1785 2759 atque

1004 2820 1017 2844 ι
1033 2802 1164 2852 consilium
1180 2799 1275 2850 mitius.
1308 2800 1395 2864 licque
1406 2798 1472 2850 enim
1482 2798 1546 2850 adeo
1563 2796 1656 2849 durum
1678 2799 1705 2847 et
1721 2810 1785 2847 cru-

1004 2921 1017 2946 ι
1034 2902 1116 2953 delcm
1129 2901 1239 2952 animum
1251 2898 1342 2959 babet,
1357 2902 1388 2949 ut
1402 2901 1510 2950 matrem
1522 2897 1556 2950 ad
1571 2911 1617 2949 sna
1629 2910 1708 2961 genua
1720 2910 1782 2961 pro-

1004 3023 1016 3043 ιι
1032 3007 1137 3052 stratam
1154 3000 1263 3052 solutari
1277 3000 1394 3064 patiatur.
1407 3020 1419 3043 ι

1038 3191 1086 3238 lib.
1103 3191 1158 3237 Hoc
1180 3187 1282 3237 consilio
1297 3185 1329 3236 ab
1348 3185 1479 3242 omnibus,
1499 3199 1558 3249 quas
1580 3185 1700 3246 aderant,
1725 3200 1785 3251 pro·

1004 3279 1079 3337 bato,
1098 3277 1158 3328 deos
1176 3280 1292 3341 precata,
1309 3278 1339 3325 ut
1362 3275 1414 3324 vim
1440 3274 1606 3339 persuadendi
1629 3279 1654 3326 et
1677 3275 1786 3339 gratiam

1004 3368 1057 3417 suis
1078 3366 1193 3431 precibus
1212 3363 1345 3427 adderent,
1362 3377 1394 3414 ex
1420 3362 1513 3426 templo
1535 3363 1671 3427 pmoessit;
1695 3368 1786 3414 ceterae

1003 3469 1062 3505 sero
1083 3468 1138 3504 eam
1157 3451 1333 3517 sequebantur.
1364 3452 1401 3500 Ac
1422 3462 1481 3499 mox
1505 3461 1563 3499 eum
1582 3449 1639 3499 aliis
1663 3449 1787 3500 matronis

1003 3557 1089 3593 omnes
1097 3556 1186 3606 magna
1197 3539 1336 3604 frequentia
1344 3537 1446 3588 domum
1458 3538 1547 3587 matris
1560 3537 1647 3587 llarcii
1658 3536 1785 3588 adierunt.

1003 3628 1100 3687 Quibus
1120 3627 1269 3690 conspectis,
1286 3625 1435 3682 Volumnia.
1459 3623 1546 3674 llarcii
1563 3638 1637 3686 uror,
1658 3638 1737 3690 prope
1750 3640 1788 3676 sn

1004 3730 1074 3767 erum
1084 3717 1180 3775 sedens,
1195 3716 1285 3765 rnirata
1295 3717 1342 3769 est,
1357 3713 1471 3779 dixitque
1482 3727 1488 3758 :
1498 3733 1510 3758 ι
1521 3712 1588 3772 Quid
1598 3713 1687 3777 vultis,
1697 3714 1786 3765 mulie·

1005 3823 1017 3848 ι
1033 3808 1128 3855 restet
1139 3818 1183 3854 cur
1192 3808 1261 3854 tanta
1272 3803 1414 3868 frequentia
1424 3802 1456 3852 ad
1467 3801 1570 3852 domum
1583 3802 1703 3854 miseram
1712 3807 1738 3854 et
1748 3804 1786 3853 ai·

1005 3916 1017 3940 ι
1033 3896 1125 3945 llictsm
1138 3895 1259 3945 venistis?
1278 3914 1290 3938 ι
1310 3893 1408 3945 valeria
1427 3893 1554 3957 respondit
1573 3907 1579 3937 :
1594 3913 1607 3938 ι
1624 3896 1653 3945 ln
1664 3893 1788 3944 extremis

1005 4004 1017 4027 ιι
1033 3987 1159 4033 versantes
1172 3983 1301 4047 periculis,
1316 3987 1371 4033 tum
1387 3982 1456 4046 ipsae,
1470 3986 1524 4032 turn
1538 3980 1608 4032 tilioli
1621 3982 1711 4044 nostri,
1730 3996 1788 4046 sup

1005 4094 1017 4117 ι
1034 4072 1112 4137 plices
1123 4072 1154 4122 ad
1167 4075 1200 4133 te,
1214 4072 1325 4132 Veturia,
1339 4070 1505 4135 confugimus,
1519 4074 1544 4120 te
1556 4069 1671 4121 solumet
1683 4071 1787 4121 unicum

1004 4183 1017 4207 ι
1034 4161 1157 4212 auxilium
1167 4160 1336 4224 imploraturn
1349 4178 1355 4208 :
1367 4159 1490 4224 primum,
1504 4161 1533 4208 ut
1544 4160 1685 4209 communis
1695 4159 1786 4223 patrie

1004 4275 1017 4298 ι
1032 4252 1200 4304 misericordia
1219 4252 1350 4313 movearis,
1363 4266 1408 4302 nec
1417 4251 1454 4313 ei,
1465 4250 1557 4315 quaein
1570 4250 1664 4301 nullius
1673 4265 1785 4316 unquam

1005 4362 1018 4388 ιι
1032 4346 1153 4407 potestate
1174 4342 1265 4401 luerit,
1288 4340 1428 4391 libertatem
1441 4355 1455 4389 a
1468 4339 1565 4389 Volscis
1584 4340 1645 4403 eripi
1663 4340 1785 4403 patiaris,

1006 4454 1017 4477 ιι
1033 4433 1053 4482 si
1069 4431 1142 4481 innodo
1155 4432 1261 4480 victores
1280 4431 1302 4480 ei
1318 4433 1434 4493 parcent,
1451 4442 1496 4478 noc
1514 4428 1629 4478 funditus
1644 4442 1697 4477 eam
1714 4441 1785 4479 eser·

1005 4543 1016 4565 ι
1035 4525 1087 4572 tere
1107 4520 1282 4591 conabuntur:
1303 4518 1392 4568 deinde
1404 4531 1449 4582 pro
1466 4517 1536 4566 nubis
1548 4516 1609 4580 ipsis
1620 4519 1645 4565 et
1661 4528 1706 4579 pro
1718 4513 1785 4564 inie-

1005 4634 1016 4658 ιι
1033 4613 1121 4664 licibus
1141 4611 1180 4660 bis
1192 4610 1276 4674 pueris
1292 4612 1317 4659 te
1334 4613 1466 4671 rogaturae.
1482 4622 1512 4657 ne
1525 4607 1549 4657 in
1573 4607 1683 4656 hostium
1695 4608 1784 4655 contu-

1004 4723 1016 4745 ιι
1034 4700 1120 4751 melias
1130 4699 1277 4756 incidamus,
1290 4711 1348 4761 quae
1359 4698 1453 4747 nullius
1465 4696 1542 4745 vestri
1555 4693 1685 4744 infortunii
1695 4707 1783 4742 caussa

1005 4804 1016 4827 ι
1031 4795 1126 4831 sumus
1168 4782 1192 4831 si
1206 4794 1256 4844 qua
1268 4780 1344 4843 igitur
1365 4778 1562 4830 mansuetudinis
1574 4781 1599 4827 et
1618 4776 1784 4827 humanitatis

1005 4891 1016 4914 ιι
1033 4869 1152 4930 inerticula
1170 4869 1194 4918 in
1212 4871 1311 4933 pectore
1335 4873 1378 4918 tuo
1396 4871 1486 4927 restat,
1509 4868 1643 4929 miserere,
1669 4868 1782 4923 Veturia,

1004 4985 1015 5007 ιι
1032 4959 1121 5010 mulier
1136 4959 1269 5018 mulieres,
1288 4971 1345 5023 quae
1358 4957 1483 5022 quondam
1501 4956 1637 5008 eorundem
1654 4966 1783 5005 sacrorum

1004 5069 1016 5094 ιι
1032 5052 1109 5113 atque
1127 5047 1238 5098 eiusdem
1260 5046 1386 5109 religionis
1402 5050 1487 5096 tecum
1510 5046 1641 5110 participes
1667 5046 1782 5096 inimus:

1006 5159 1017 5183 ι
1032 5142 1191 5202 assumtaque
1210 5141 1293 5187 tecum
1307 5135 1452 5193 Volumnia,
1473 5134 1536 5184 bona
1549 5135 1660 5192 muliere,
1676 5138 1783 5198 eiusque
