3772 5828
176 380 236 439 :itt

176 511 257 586 λεμυν
271 507 408 580 ἐπιτήδεια
423 509 552 586 εὐτρεπῆ,
566 503 702 584 προήγαγε
716 504 764 572 τάς
777 505 902 580 δυνάμεις
916 504 951 571 είς

131 653 133 656 .
178 595 317 677 ὐπαιθρον·
334 596 380 656 καί
394 595 492 654 τίθεται
507 592 671 675 στρατόπεδα
683 592 753 672 τρία,
768 597 827 653 καθ’
840 591 884 660 οὐς
896 592 951 668 μά-

125 1351 150 1390 10

122 2226 149 2265 θθ

121 2675 147 2712 25

178 685 255 744 λιστα
270 683 442 762 ὐπελάμύανε
461 683 558 751 τόπους
572 681 729 753 ποιήσεσθαι
752 681 811 748 τούς
825 682 953 745 Λατίνους

180 773 227 845 τῆν
243 771 343 852 ἔφοδον.
387 771 596 850 Ἐνθυμούμενος
614 771 642 830 δί
661 773 701 829 ὅτι
718 769 851 850 φρονίμων
873 792 954 850 ατρα-

180 865 268 940 τηγῶν
288 865 372 933 ἐστιν,
386 864 415 919 οὐ
431 861 508 937 μόνον
531 859 565 920 τδ
584 861 686 919 ἑαυτῶν
704 860 849 938 πράγματα
870 865 953 920 ποιεῖν

180 950 292 1030 ἰσχυρά,
319 947 387 1008 ἀλλά
411 948 456 1007 καὶ
480 948 514 1007 τά
541 952 592 1008 τῶν
615 947 748 1024 πολεμίων
774 949 887 1021 ἀσθενῆ,
908 946 953 1007 καλ

180 1040 297 1116 μάλιστα
312 1038 360 1115 μίν
375 1037 435 1097 ἀνευ
452 1037 542 1117 μάχης
555 1038 600 1096 καὶ
612 1036 691 1096 πόνου
706 1037 883 1097 καταλύεσθαι
893 1034 953 1102 τούς

179 1127 327 1204 πολέμους,
347 1128 371 1184 εί
385 1123 414 1184 dl
435 1127 472 1202 μή
486 1149 526 1205 γε,
539 1123 584 1184 σύν
607 1123 737 1205 ἐλαχίστῃ
760 1131 806 1185 τοῦ
820 1148 952 1208 στρατιω-

178 1221 252 1275 τικού
267 1214 383 1286 πλήθους
406 1214 527 1294 δαπάνη,
542 1214 666 1291 πολέμων
680 1238 708 1274 τε
728 1214 852 1274 ἁπάντων
874 1212 952 1273 κακί·

178 1326 254 1373 στους
275 1303 419 1382 ἡγούμενος
433 1300 478 1360 καλ
501 1302 613 1361 πλεῖστα
637 1302 743 1384 λυπηρά
761 1303 885 1383 ίχοντας,
909 1301 952 1370 οὐς

177 1391 241 1471 πρὸς
257 1393 388 1471 συγγενεῖς
402 1389 447 1448 καί
466 1387 556 1469 φίλους
569 1391 778 1470 ἀναγκαζόμενοί
788 1415 855 1459 τινες
876 1393 953 1449 ἀναι-

178 1487 296 1559 ροῦνται,
320 1477 517 1556 ἔπιεικεστίρων
536 1479 636 1556 μᾶλλον
656 1476 673 1536 b
697 1480 864 1560 δικαιοτίρων
886 1479 953 1561 ᾤετο

178 1570 231 1628 δεῖν
246 1569 334 1636 αὐτοῖς
349 1568 505 1629 διαλύσεων.
549 1567 644 1651 Κρύφα
658 1591 687 1627 τε
706 1567 739 1641 δῆ
758 1570 871 1646 πίμπων
888 1569 952 1646 πρὸς

176 1656 237 1725 τούς
252 1657 473 1738 ἐπιφανεστάτους
488 1661 541 1717 τῶν
555 1658 677 1717 Λατίνων
695 1659 859 1727 ἀνυπόπτως
881 1657 952 1725 τινδς

176 1744 265 1804 ίπτιθε
287 1744 375 1826 φιλίαν
396 1744 520 1824 πράττειν
536 1746 594 1812 ταῖς
612 1744 724 1820 πόλεσι,
741 1746 786 1805 καλ
800 1748 830 1806 lx
843 1749 888 1806 τοῦ
903 1769 952 1828 φα-

175 1839 250 1913 νεροῦ
276 1833 485 1912 πρεσύιυόμενος
509 1833 579 1894 κατὰ
604 1834 694 1902 πόλεις
715 1858 744 1894 τε
768 1835 814 1894 καί
837 1834 902 1914 πρδς
922 1833 953 1894 τδ

175 1922 259 1982 κοινὸν
286 1926 315 1982 οὐ
343 1926 468 2002 χαλεπῶς
488 1922 658 2003 ἐξειργάσατο
681 1922 776 2001 μηκίτι
799 1920 848 1996 τῆν
870 1921 951 1994 αὐτὴν

176 2011 295 2079 ἅπαντας
319 2011 404 2087 ὁρμὴν
430 2010 501 2091 ἔχειν
523 2010 588 2092 πρὸς
609 2012 653 2071 τὸν
678 2012 807 2089 πόλεμον·
833 2011 951 2090 μάλιστα

175 2100 202 2160 δὲ
218 2101 309 2166 αὐτοὺς
323 2099 506 2181 ἐξεθεράπευσε
519 2100 567 2160 καὶ
584 2101 722 2172 διαστῆναι
738 2100 803 2182 πρός
817 2099 878 2169 τούς
888 2106 951 2180 ἡγι-

175 2190 257 2267 μύνας
270 2190 378 2259 ἐποίησε
394 2187 437 2247 διό
445 2188 570 2260 τοιαύτης
579 2189 736 2268 εὐεργεσίας.
759 2192 794 2251 Ol
813 2189 863 2262 τῆν
876 2191 951 2250 αὐτο-

174 2280 291 2359 κράτορα
319 2277 508 2358 παρειληφότες
536 2279 656 2339 Λατίνων
687 2280 866 2360 στρατηγίαν,
887 2283 952 2341 Mu·

176 2366 262 2444 μίλιύς
276 2388 306 2424 τι
318 2365 363 2423 καί
383 2364 478 2433 Σέξτος
498 2369 524 2424 ἐν
541 2365 656 2445 Τύσκλῳ
678 2365 754 2427 πόλει
768 2366 815 2435 τύς
828 2366 951 2445 δυνάμεις

176 2457 342 2535 συνέχοντες,
371 2456 597 2534 παρεσκευάζοντο
618 2455 666 2532 μὲν
689 2460 724 2523 ὡς
745 2457 883 2524 ἐλάσοντες
907 2456 951 2516 ἐπὶ

174 2543 222 2618 τῆν
235 2543 361 2621 Ῥώμην,
377 2544 516 2605 ἐδαπάνων
529 2543 556 2605 dl
570 2543 652 2603 πολύν
669 2547 705 2613 είς
719 2544 750 2604 τὸ
764 2544 870 2623 μέλλειν
885 2544 951 2624 χρύ-

174 2656 231 2706 νον,
247 2631 297 2692 είτε
321 2633 368 2699 τόις
388 2619 570 2712 ὑστεριζούσας
591 2630 763 2709 ἀναμίνοντες
784 2634 873 2699 πόλεις
897 2630 950 2690 είτε

173 2723 225 2779 τῶν
237 2723 312 2796 ἱερῶν
325 2721 414 2787 αὐτοῖς
433 2722 462 2780 οὐ
474 2720 617 2799 γινομένων
633 2725 731 2783 καλῶν.
754 2721 802 2781 Ἐν
816 2720 900 2800 τούτῳ
917 2721 950 2792 δὴ

174 2812 211 2889 τῷ
226 2809 313 2888 χρόνῳ
328 2809 395 2877 τινὲς
411 2811 630 2885 ἀποσκιδνάμενοι
645 2817 691 2870 τοῦ
710 2811 888 2892 στρατοπέδω
902 2809 951 2883 τῆν

172 2897 264 2977 χώραν
290 2902 342 2956 τῶν
366 2897 510 2974 Ῥωμαίων
532 2900 668 2978 ἐπόρθουν.
712 2902 797 2959 Τοῦτο
821 2897 912 2974 μαθὼν
936 2901 951 2957 δ

174 2984 289 3065 Λάρκιος
304 2984 461 3045 ἀποστέλλει
474 2985 518 3043 τὸν
535 2985 657 3045 Κλοίλιον
677 2987 719 3044 ἀπ’
741 2987 834 3054 αὐτοὺς
852 2987 950 3063 ἀγοντα

696 372 862 434 nronrsrr
884 370 1263 436 aanrcnnnnssnnsrs
1352 352 1355 359 ’

1006 517 1131 576 parasset,
1141 515 1233 580 Teopies
1251 516 1274 566 in
1288 516 1342 568 toca
1357 521 1442 584 aperta
1453 517 1555 574 aduxit:
1569 522 1595 571 et
1613 523 1683 573 terna
1702 525 1785 578 casim

1007 616 1063 668 tecit
1079 617 1110 667 ab
1131 632 1161 669 ea
1182 622 1266 685 parte,
1285 636 1335 685 qua
1355 622 1511 686 potissimum
1534 622 1631 675 tatinus
1650 625 1784 678 adorturos

1007 718 1188 784 suspicabatur.
1221 721 1336 785 cogitans
1345 725 1427 773 autem
1441 721 1661 786 prudentiumesee
1672 724 1783 789 impera·

1008 824 1089 873 torum
1103 837 1151 873 non
1162 825 1241 875 solum
1253 840 1292 876 res
1306 840 1365 878 suaa
1381 826 1497 889 firmare,
1517 827 1560 879 sed
1576 828 1651 879 etlam
1668 842 1708 881 reu
1720 829 1782 882 hos·

1007 927 1069 978 tium
1079 927 1219 992 debilitare,
1233 929 1352 993 imprimis
1366 943 1425 982 veru
1436 932 1488 982 eine
1505 932 1653 997 ulluprretio
1663 935 1689 983 et
1700 933 1784 989 labore

1008 1028 1073 1080 bella
1084 1029 1212 1092 conticere,
1221 1034 1265 1081 aut
1275 1033 1424 1095 corioquam
1439 1033 1539 1084 minimo
1550 1033 1665 1086 militaris
1676 1037 1784 1088 multitu-

1007 1131 1071 1182 dinis
1083 1130 1247 1182 detrimento=
1267 1136 1469 1197 caquaomnium
1490 1132 1610 1188 balurum
1630 1140 1737 1203 pessima
1758 1144 1785 1192 et

1007 1234 1178 1286 molestissima
1195 1235 1301 1296 ducens,
1314 1250 1371 1300 qum
1382 1237 1494 1291 homines
1509 1240 1679 1295 coacticoutra
1692 1257 1782 1306 cogna-

1007 1340 1046 1388 tos
1060 1341 1086 1388 et
1100 1336 1191 1388 amieos
1209 1339 1376 1403 susceperint,
1399 1339 1454 1392 huc
1472 1342 1588 1407 mutata
1608 1345 1782 1409 potiusquam

1007 1454 1105 1492 summo
1118 1442 1172 1492 iure
1186 1441 1465 1498 finiendaexiatimabat.
1498 1448 1592 1513 Quare,
1608 1450 1671 1501 clam
1681 1451 1783 1503 mittens

1006 1549 1036 1599 ad
1052 1549 1170 1613 primores
1185 1549 1327 1602 Latinorum
1342 1551 1410 1602 rime
1423 1553 1524 1605 minime
1537 1560 1680 1620 suspectos,
1696 1559 1784 1610 suade·

1006 1649 1050 1700 bat
1061 1649 1120 1714 ipsis
1135 1653 1163 1701 ut
1177 1651 1208 1703 de
1221 1652 1328 1703 amicitia
1343 1653 1406 1705 inter
1425 1654 1540 1706 civitates
1556 1657 1707 1707 concilianda
1726 1672 1784 1722 age·

1007 1758 1061 1806 rent
1075 1777 1083 1806 ι
1099 1758 1125 1807 et
1145 1756 1225 1821 palam
1245 1757 1329 1808 missis
1351 1757 1454 1821 legatis,
1475 1760 1585 1810 eumad
1606 1760 1712 1826 singulos
1728 1764 1783 1813 turn

1006 1859 1080 1908 etiam
1095 1858 1127 1908 ad
1141 1873 1227 1910 eorum
1247 1850 1440 1924 rempublicam,
1460 1860 1529 1912 tacite
1549 1862 1633 1913 eilecit
1654 1877 1685 1914 ue
1698 1877 1782 1914 omnes

1005 1971 1076 2022 [amre
1089 1960 1121 2009 ad
1134 1960 1226 2011 bellum
1238 1962 1345 2025 amplius
1359 1966 1442 2014 essent
1457 1963 1580 2028 propensi.
1625 1965 1680 2016 Tali
1700 1970 1783 2017 autern

1005 2060 1140 2120 benetrdo.
1155 2062 1221 2128 ipsos
1232 2064 1337 2115 maxime
1348 2063 1395 2113 sibi
1404 2063 1541 2126 demeruit,
1554 2068 1581 2116 ot
1594 2066 1626 2116 ab
1639 2067 1699 2130 ipsis
1711 2069 1782 2118 duci-

1005 2164 1052 2215 bus
1064 2165 1185 2216 alienavit
1217 2166 1340 2217 tiarnilius
1349 2165 1415 2216 enim
1428 2168 1454 2217 et
1465 2168 1570 2227 Sextum
1584 2169 1616 2219 ad
1627 2183 1691 2231 quus
1704 2171 1781 2220 totius

1006 2266 1063 2317 belli
1077 2281 1201 2319 summam
1215 2268 1294 2318 Latini
1305 2267 1459 2328 demutant,
1470 2267 1496 2319 iu
1507 2267 1568 2320 urbo
1579 2270 1686 2319 Tusculo
1698 2271 1781 2334 copiae

1005 2373 1173 2436 continentes,
1190 2373 1384 2437 parabantseut
1396 2375 1498 2427 Romam
1518 2376 1640 2437 poterent,
1655 2375 1698 2424 sed
1719 2376 1781 2425 mul-

1004 2476 1058 2524 tum
1068 2473 1185 2537 temporis
1192 2472 1218 2523 tn
1229 2487 1259 2524 ea
1269 2472 1424 2525 cunctatione
1437 2473 1625 2536 consumebant,
1640 2473 1693 2526 aire
1712 2477 1781 2540 quod

1005 2578 1176 2641 exspectarent
1193 2575 1297 2640 populos
1310 2590 1370 2637 eos,
1388 2574 1431 2641 qui
1452 2577 1563 2628 noudum
1580 2583 1715 2643 venerant,
1730 2581 1783 2634 sire

1005 2680 1072 2743 quod
1083 2682 1138 2730 exta
1148 2679 1208 2730 nibil
1226 2678 1300 2729 fausti
1315 2679 1498 2746 promitterent.
1532 2684 1628 2733 luterea
1642 2696 1703 2732 vero
1712 2697 1782 2746 quae-

1004 2785 1061 2835 dam
1073 2798 1129 2848 para
1143 2798 1157 2834 a
1176 2783 1271 2848 reliquo
1289 2783 1400 2834 exercitu
1413 2789 1529 2851 reparata
1542 2799 1628 2851 agrum
1646 2789 1781 2837 Romanum

1005 2888 1176 2953 populabatur.
1210 2888 1321 2950 Lartius,
1334 2887 1383 2939 hac
1398 2898 1425 2939 re
1445 2889 1555 2953 cognita,
1570 2887 1681 2941 ciantium
1693 2889 1719 2938 in
1738 2902 1781 2940 eus

1004 2990 1119 3051 immisit,
1135 3003 1191 3039 cum
1200 2990 1342 3040 fortissimis
1356 2990 1497 3055 quibusque
1508 2994 1535 3042 et
1546 2991 1670 3056 equitibus
1684 2996 1710 3044 et
1719 2991 1779 3042 veli-

119 3114 146 3153 ³0
174 3075 225 3130 τῶν
248 3071 349 3131 ἱππίων
376 3097 404 3132 τε
427 3073 473 3132 καί
495 3073 579 3151 ψιλῶν
603 3070 663 3140 τοὺς
687 3073 898 3150 ἀνδρειοτάτους.
923 3073 951 3140 ὃς
1006 3090 1084 3153 tibus;
1099 3092 1205 3155 quiitlos
1224 3106 1256 3142 εκ
1270 3093 1402 3156 improviso
1416 3093 1532 3155 adortus,
1551 3108 1643 3158 paucos
1661 3096 1780 3159 quosdam

174 3163 307 3241 ίπῑθανῑί(
333 3163 421 3228 “W
449 3161 645 3240 ἀπροσδόκητοί
677 3160 778 3237 ὀλίγους
801 3160 849 3236 μέν
877 3184 950 3227 τινας
974 3212 977 3253 p
1004 3195 1167 3258 repugnantes
1188 3192 1324 3254 interiecit,
1348 3194 1456 3259 reliquos
1479 3196 1550 3246 rivos
1569 3198 1642 3262 cepit.
1685 3199 1781 3251 Lartlus

120 3557 146 3595 bt

119 4009 146 4048 to

119 4431 144 4469 45

117 4896 144 4934 to

173 3251 322 3310 ἀποκτείνει
338 3251 504 3330 μαχόμενος,
525 3249 585 3317 τούς
600 3248 627 3309 δὲ
645 3248 750 3315 λοιπούς
765 3247 950 3330 αἰχμαλώτους

172 3339 315 3418 λαμύάνει.
357 3340 470 3406 Τούτους
496 3341 510 3396 ύ
530 3338 645 3416 Λάρκιος
669 3341 699 3398 ἐκ
718 3341 770 3397 τῶν
789 3337 949 3418 τραυμάτων

173 3428 314 3488 ἀναλαύὼν
331 3427 376 3486 καί
390 3431 448 3494 ταῖς
471 3428 562 3492 ἀλλοις
583 3426 779 3508 ἐκθεραπεύσας
802 3429 949 3507 φιλανθρω-

172 3517 244 3584 πίαις
259 3519 412 3576 ἀπέστειλεν
433 3518 468 3582 είς
489 3516 610 3575 Τύσκλον
627 3517 734 3594 ἀθρόους
754 3515 815 3574 ἀνευ
829 3515 948 3594 λύτρων,

172 3606 335 3686 πρεσύευτδς
350 3605 395 3664 αὐν
410 3608 499 3673 αὐτοῖς
508 3606 616 3685 πέμψας
624 3604 770 3681 Ῥωμαίων
781 3602 840 3672 τούς
853 3607 949 3684 ἐπιφα·

172 3698 320 3762 νεατάτους.
363 3684 444 3753 Οὐτοι
465 3691 637 3771 διεπράξαντο
658 3695 812 3764 διαλυθῆναι
825 3693 855 3750 τδ
869 3691 951 3775 στρά·

172 3806 256 3860 τιυμα
266 3786 317 3840 τῶν
330 3780 463 3854 Λατίνων,
480 3781 525 3838 καί
536 3781 657 3858 γενίαθαι
667 3784 725 3846 ταῖς
738 3782 847 3840 πόλεσιν
859 3784 951 3840 ἐνιαυ-

173 3869 242 3936 σίους
264 3872 368 3951 ἀνοχάς.

172 4044 218 4112 τδις
235 4047 357 4121 δυνάμεις
368 4052 398 4107 ἐκ
410 4054 456 4120 τῆς
470 4048 616 4128 ὑπαίθρου,
631 4047 676 4105 καί
688 4045 750 4126 πρίν
764 4045 781 4117 ἢ
796 4046 884 4105 πάντα
904 4049 949 4108 τὸν

172 4135 218 4204 τῆς
238 4132 354 4202 ἐξουσίας
374 4138 546 4218 ἐκπληρῶσαι
562 4140 655 4217 χρόνον
676 4136 790 4203 ὑπάτους
811 4136 949 4205 ἀποδείξας

174 4222 283 4282 ἀπέθετο
303 4224 351 4294 τὴν
374 4225 474 4304 ἀρχὴν,
500 4226 560 4284 ούτε
586 4223 742 4291 ἀποκτείνας
763 4225 854 4284 οὐδένα
879 4222 949 4284 Ῥω-

173 4312 259 4390 μαίων
271 4313 324 4372 οὐτ’
341 4313 465 4383 ἐξελάσας
475 4321 521 4386 τῆς
536 4316 660 4396 πατρίδος
673 4314 727 4374 οὐτ’
744 4315 811 4394 ἀλλῃ
826 4327 948 4400 συμφορᾷ

174 4402 267 4482 βαρείᾳ
292 4401 443 4484 περιὸαλὼν
471 4405 591 4484 οὐδεμιᾷ.
646 4394 729 4471 Οὐτυς
757 4406 771 4461 b
801 4404 876 4474 ζῆλος
902 4406 948 4464 ἀπ’

173 4489 271 4548 ἐκείνου
292 4496 337 4550 τοῦ
354 4489 445 4569 ἀνδρὸς
468 4489 611 4571 ἀρξάμενος
631 4489 715 4548 ἀπασι
733 4491 876 4570 παρέμεινε
895 4497 948 4561 το”ς

172 4576 337 4654 λαμύάνουσι
351 4578 399 4650 τῆν
414 4579 497 4649 αὐτὴν
514 4578 641 4651 ἐξουσίαν,
658 4583 720 4657 άχρι
735 4584 781 4650 τῆς
794 4580 884 4659 τρίτης
898 4581 948 4660 πρὸ
972 4604 974 4629 ÷

171 4673 247 4746 ἡμῶν
261 4678 361 4746 γενεᾶς.
406 4667 509 4728 Οὐδένα
524 4675 586 4747 γοῦν
607 4672 636 4728 ἐκ
657 4676 704 4742 τῆς
725 4669 841 4749 ἱστορίας
854 4692 948 4748 παρετ·

172 4757 307 4837 λήφαμεν,
322 4757 349 4825 ὃς
372 4758 401 4815 οὐ
420 4754 531 4836 μετρίως
550 4759 617 4836 αὐτῇ
640 4757 686 4815 καί
710 4759 849 4823 πολιτικῶς
863 4757 947 4835 ἐχρή-

173 4863 253 4913 σατο,
276 4846 404 4912 πολλάκις
427 4843 638 4921 ἀναγκασθείσης
660 4848 706 4916 τῆς
719 4845 820 4909 πόλεως
834 4846 948 4903 καταλύ·

174 4949 219 4987 σαι
231 4934 277 4998 τὰς
287 4935 414 5011 νομίμους
426 4931 510 5012 ἀρχδις
524 4932 570 4991 καί
584 4933 672 4992 πάντα
689 4938 799 5004 ποιῆσαι
810 4930 844 4991 τδι
856 4931 946 5008 πράγ-

1004 3296 1050 3345 boe
1063 3308 1094 3343 ex
1103 3292 1246 3343 uulneribus
1260 3293 1376 3354 reiectos,
1387 3297 1414 3343 et
1426 3293 1514 3345 ceteris
1522 3293 1683 3344 humanitatis
1694 3294 1781 3343 ciliciis

1004 3397 1144 3458 devinctos,
1164 3396 1299 3447 incolumes
1319 3395 1470 3454 Tusculum,
1485 3396 1552 3445 nnlto
1567 3395 1722 3447 redemtionis
1736 3410 1778 3445 ae·

1004 3502 1075 3564 cepto
1088 3497 1181 3564 pretio,
1196 3498 1307 3561 remisit,
1321 3502 1346 3547 et
1364 3511 1421 3547 cum
1434 3498 1493 3561 ipsis
1509 3497 1602 3562 legatos
1613 3499 1779 3547 Romanorum

1004 3600 1166 3651 nobilissimos
1178 3600 1253 3651 misit.
1288 3601 1332 3651 leti
1344 3600 1492 3662 effecerunt,
1506 3605 1535 3650 ut
1547 3599 1688 3652 tatinmum
1703 3599 1780 3665 copia

1004 3706 1197 3767 dimitterentur,
1212 3708 1237 3757 et
1250 3705 1357 3757 inductu
1375 3705 1401 3756 in
1412 3718 1501 3756 annunt
1517 3706 1583 3758 inter
1605 3706 1720 3757 civitates
1738 3706 1781 3755 tie·

1005 3811 1066 3857 rent.

212 3960 473 4021 ultitimum
497 3956 707 4040 διαπραξάμενος
733 3963 746 4018 ό
770 3958 836 4037 ἀνὴρ
863 3963 950 4039 inp„
973 3950 976 4009 ζ
1035 3949 1156 3999 txxvtl.
1176 3947 1221 3999 llis
1233 3948 1306 3999 rebus
1320 3947 1523 4011 gestis,domum
1533 3960 1563 3998 ex
1573 3960 1632 4013 agro
1644 3947 1779 3998 exercitum

1004 4059 1100 4108 reduxit
1110 4062 1143 4118 et,
1157 4063 1287 4122 antequam
1303 4060 1384 4108 totum
1396 4058 1491 4121 imperii
1504 4061 1603 4123 tempus
1615 4057 1773 4122 explevisset,

1003 4168 1142 4221 consulibus
1157 4166 1288 4229 designatis
1298 4205 1304 4226 ‚
1316 4165 1440 4217 dictatura
1449 4179 1476 4217 ae
1488 4165 1626 4227 abdicavit,
1642 4164 1710 4215 nullu
1726 4165 1780 4214 cire

1002 4274 1111 4321 Romano
1125 4271 1259 4328 arciense,
1272 4270 1315 4315 aut
1326 4267 1406 4331 patria
1418 4266 1501 4330 pulso.
1513 4270 1557 4316 aut
1569 4266 1617 4316 alia
1633 4264 1700 4331 gravi
1712 4264 1777 4314 cala·

1002 4370 1087 4421 mitate
1103 4369 1201 4419 allecto.
1235 4366 1299 4415 Illud
1315 4366 1461 4429 praeclarum
1476 4366 1547 4415 istius
1571 4366 1618 4416 riri
1639 4363 1778 4429 exemplum

1002 4476 1088 4537 postea
1105 4482 1188 4520 omnes
1207 4468 1341 4518 dictatores
1356 4468 1516 4528 succusani,
1538 4481 1617 4530 usque
1633 4469 1663 4518 ad
1679 4470 1778 4518 actuum

1001 4583 1033 4632 ab
1044 4581 1091 4631 hac
1104 4580 1189 4629 nostra
1203 4576 1310 4626 tertiam.
1344 4580 1469 4639 Nusquam
1481 4575 1545 4624 enim
1559 4576 1583 4625 in
1602 4576 1706 4626 historia
1718 4590 1776 4641 pro·

1001 4681 1080 4732 ditum
1098 4671 1248 4745 reperimus,
1266 4690 1416 4742 quemquam
1434 4676 1509 4726 tuisse
1523 4677 1566 4739 qui
1580 4677 1605 4727 in
1621 4678 1668 4727 boc
1686 4679 1778 4743 magis·

1001 4787 1068 4835 tratu
1089 4798 1137 4833 nun
1162 4797 1189 4834 se
1214 4781 1340 4831 moderate
1364 4785 1389 4830 et
1410 4778 1514 4828 civiliter
1532 4780 1642 4842 gesserit,
1665 4782 1778 4843 quamvis

1002 4881 1141 4948 respublica
1161 4893 1227 4945 crepe
1246 4877 1321 4927 tuerit
1338 4880 1438 4938 coactu,
1458 4875 1574 4937 legitimis
1593 4875 1776 4942 magistratibus

1002 4995 1138 5058 abrogatis,
1154 5005 1237 5043 rerum
1256 5002 1378 5039 summam
1394 4986 1468 5037 unius
1486 4988 1603 5050 potestati
1624 4981 1773 5048 permittere.

970 5086 973 5122 ί
1003 5102 1049 5162 Et,
1073 5099 1093 5149 si
1122 5098 1147 5148 iu
1165 5092 1272 5147 extemis
1296 5094 1394 5142 tantum
1425 5087 1495 5138 bellis
1516 5074 1663 5139 dictaturam
1693 5082 1775 5146 adepti

174 5025 272 5094 ματαέ
294 5025 300 5047 ’
322 5026 369 5084 ἑνί.
417 5023 469 5084 Καὶ
490 5026 512 5083 εί
528 5022 575 5102 μὲν
591 5026 617 5082 ἐν
637 5030 689 5090 τοῖς
703 5024 810 5088 ὀθνείοις
823 5021 946 5097 πολέμοις

274 5045 340 5175 ῆσαν
359 5114 382 5168 ot
397 5112 578 5188 λαμύάνοντες
598 5110 645 5182 τῆν
665 5110 832 5189 δικτατορίαν
853 5109 946 5183 ἀγαθοί
970 5134 973 5189 γ

175 5105 251 5182 μόνον

175 5191 321 5273 προστάται
335 5199 381 5265 τῆς
395 5200 519 5278 πατρίδος
535 5199 615 5274 μηθὲν
631 5198 681 5256 ύπὸ
702 5204 746 5256 τοῦ
764 5198 886 5275 μεγέθους
899 5204 946 5268 τῆς
970 5198 973 5235 ¹
1004 5205 1099 5270 egregie
1113 5202 1217 5268 patriam
1228 5196 1409 5253 defendissent,
1421 5190 1603 5256 nequeimperii
1615 5187 1777 5252 amplitudine
