<?xml version="1.0" encoding="UTF-8"?>
<!DOCTYPE html PUBLIC "-//W3C//DTD XHTML 1.0 Transitional//EN"
    "http://www.w3.org/TR/xhtml1/DTD/xhtml1-transitional.dtd">
<html xmlns="http://www.w3.org/1999/xhtml" xml:lang="en" lang="en">
 <head>
  <title>
</title>
<meta http-equiv="Content-Type" content="text/html;charset=utf-8" />
  <meta name='ocr-system' content='tesseract 3.04.00' />
  <meta name='ocr-capabilities' content='ocr_page ocr_carea ocr_par ocr_line ocrx_word'/>
</head>
<body>
  <div class='ocr_page' id='page_1' title='image "./dionysiihalicar00prougoog/dionysiihalicar00prougoog_0610.png"; bbox 0 0 3772 5828; ppageno 0'>
   <div class='ocr_carea' id='block_1_1' title="bbox 656 344 1291 439">
    <p class='ocr_par' dir='ltr' id='par_1_1' title="bbox 656 344 1291 439">
     <span class='ocr_line' id='line_1_1' title="bbox 656 344 1291 439; baseline 0 -15"><span class='ocrx_word' id='word_1_1' title='bbox 656 348 955 439; x_wconf 72' lang='lat' dir='ltr'><strong>nuerurruruu&#39;</strong></span> <span class='ocrx_word' id='word_1_2' title='bbox 972 344 1119 425; x_wconf 78' lang='lat' dir='ltr'><strong>nounu.</strong></span> <span class='ocrx_word' id='word_1_3' title='bbox 1143 363 1214 423; x_wconf 83' lang='lat' dir='ltr'><strong>uro.</strong></span> <span class='ocrx_word' id='word_1_4' title='bbox 1237 364 1291 424; x_wconf 87' lang='lat' dir='ltr'><strong>rx.</strong></span> 
     </span>
    </p>
   </div>
   <div class='ocr_carea' id='block_1_2' title="bbox 111 483 969 5268">
    <p class='ocr_par' dir='ltr' id='par_1_2' title="bbox 111 483 943 4367">
     <span class='ocr_line' id='line_1_2' title="bbox 160 483 939 568; baseline -0.003 -22"><span class='ocrx_word' id='word_1_5' title='bbox 160 486 308 552; x_wconf 91' lang='grc' dir='ltr'>στείλαντες</span> <span class='ocrx_word' id='word_1_6' title='bbox 323 483 368 543; x_wconf 69' lang='lat' dir='ltr'><strong>inl</strong></span> <span class='ocrx_word' id='word_1_7' title='bbox 383 483 556 555; x_wconf 82' lang='grc' dir='ltr'>κατασκοπήν</span> <span class='ocrx_word' id='word_1_8' title='bbox 575 485 599 544; x_wconf 79' lang='grc' dir='ltr'><strong>οἱ</strong></span> <span class='ocrx_word' id='word_1_9' title='bbox 619 484 730 560; x_wconf 86' lang='grc' dir='ltr'>ὐπατοι,</span> <span class='ocrx_word' id='word_1_10' title='bbox 751 485 796 546; x_wconf 83' lang='grc' dir='ltr'><strong>καλ</strong></span> <span class='ocrx_word' id='word_1_11' title='bbox 819 486 939 568; x_wconf 77' lang='grc' dir='ltr'>φυλακάς</span> 
     </span>
     <span class='ocr_line' id='line_1_3' title="bbox 161 571 939 651; baseline 0.003 -19"><span class='ocrx_word' id='word_1_12' title='bbox 161 571 375 644; x_wconf 75' lang='grc' dir='ltr'>καταστήσαντες</span> <span class='ocrx_word' id='word_1_13' title='bbox 396 572 439 632; x_wconf 84' lang='grc' dir='ltr'><strong>ἐπὶ</strong></span> <span class='ocrx_word' id='word_1_14' title='bbox 460 572 514 639; x_wconf 82' lang='grc' dir='ltr'>τοῖς</span> <span class='ocrx_word' id='word_1_15' title='bbox 527 571 627 650; x_wconf 89' lang='grc' dir='ltr'>τείχεσι</span> <span class='ocrx_word' id='word_1_16' title='bbox 644 571 690 632; x_wconf 83' lang='grc' dir='ltr'><strong>καί</strong></span> <span class='ocrx_word' id='word_1_17' title='bbox 709 574 784 633; x_wconf 74' lang='grc' dir='ltr'>αὐτοί</span> <span class='ocrx_word' id='word_1_18' title='bbox 798 573 939 651; x_wconf 76' lang='grc' dir='ltr'>ταξάμενοι</span> 
     </span>
     <span class='ocr_line' id='line_1_4' title="bbox 162 658 940 742; baseline 0.004 -22"><span class='ocrx_word' id='word_1_19' title='bbox 162 662 213 740; x_wconf 84' lang='grc' dir='ltr'><strong>πρὸ</strong></span> <span class='ocrx_word' id='word_1_20' title='bbox 226 663 278 720; x_wconf 84' lang='grc' dir='ltr'><strong>τῶν</strong></span> <span class='ocrx_word' id='word_1_21' title='bbox 290 662 382 721; x_wconf 89' lang='grc' dir='ltr'>πυλῶν</span> <span class='ocrx_word' id='word_1_22' title='bbox 398 658 444 719; x_wconf 88' lang='grc' dir='ltr'>σύν</span> <span class='ocrx_word' id='word_1_23' title='bbox 459 663 513 727; x_wconf 85' lang='grc' dir='ltr'>τοῖς</span> <span class='ocrx_word' id='word_1_24' title='bbox 529 659 712 729; x_wconf 79' lang='grc' dir='ltr'>εὐζωνοτάτοις</span> <span class='ocrx_word' id='word_1_25' title='bbox 731 660 881 742; x_wconf 81' lang='grc' dir='ltr'>ἐξεδέχοντο</span> <span class='ocrx_word' id='word_1_26' title='bbox 894 662 940 731; x_wconf 83' lang='grc' dir='ltr'>τδις</span> 
     </span>
     <span class='ocr_line' id='line_1_5' title="bbox 162 748 939 834; baseline 0.004 -26"><span class='ocrx_word' id='word_1_27' title='bbox 162 751 235 830; x_wconf 77' lang='grc' dir='ltr'>παρά</span> <span class='ocrx_word' id='word_1_28' title='bbox 252 753 305 808; x_wconf 89' lang='grc' dir='ltr'><strong>τῶν</strong></span> <span class='ocrx_word' id='word_1_29' title='bbox 331 748 435 808; x_wconf 80' lang='grc' dir='ltr'>ἱππίων</span> <span class='ocrx_word' id='word_1_30' title='bbox 450 748 585 828; x_wconf 79' lang='grc' dir='ltr'>ἀγγελίας.</span> <span class='ocrx_word' id='word_1_31' title='bbox 630 748 680 815; x_wconf 82' lang='grc' dir='ltr'><strong>Ὡς</strong></span> <span class='ocrx_word' id='word_1_32' title='bbox 698 749 721 810; x_wconf 86' lang='grc' dir='ltr'><strong>δ’</strong></span> <span class='ocrx_word' id='word_1_33' title='bbox 734 749 823 834; x_wconf 81' lang='grc' dir='ltr'>ἠμίρα</span> <span class='ocrx_word' id='word_1_34' title='bbox 840 754 865 810; x_wconf 86' lang='grc' dir='ltr'><strong>τ’</strong></span> <span class='ocrx_word' id='word_1_35' title='bbox 879 751 939 829; x_wconf 87' lang='grc' dir='ltr'>ἐγί·</span> 
     </span>
     <span class='ocr_line' id='line_1_6' title="bbox 123 836 939 918; baseline 0.005 -24"><span class='ocrx_word' id='word_1_36' title='bbox 123 870 136 905; x_wconf 65' lang='lat' dir='ltr'><strong>f,</strong></span> <span class='ocrx_word' id='word_1_37' title='bbox 163 861 236 916; x_wconf 84' lang='grc' dir='ltr'>νετο,</span> <span class='ocrx_word' id='word_1_38' title='bbox 254 837 299 896; x_wconf 78' lang='grc' dir='ltr'><strong>καί</strong></span> <span class='ocrx_word' id='word_1_39' title='bbox 315 836 487 918; x_wconf 76' lang='grc' dir='ltr'>συνήθροιστο</span> <span class='ocrx_word' id='word_1_40' title='bbox 499 837 587 903; x_wconf 84' lang='grc' dir='ltr'>αὐτοῖς</span> <span class='ocrx_word' id='word_1_41' title='bbox 601 840 618 904; x_wconf 82' lang='grc' dir='ltr'>ἡ</span> <span class='ocrx_word' id='word_1_42' title='bbox 635 838 663 896; x_wconf 88' lang='grc' dir='ltr'>ἐν</span> <span class='ocrx_word' id='word_1_43' title='bbox 675 841 708 918; x_wconf 86' lang='grc' dir='ltr'><strong>τῇ</strong></span> <span class='ocrx_word' id='word_1_44' title='bbox 722 839 798 898; x_wconf 79' lang='grc' dir='ltr'>πόλει</span> <span class='ocrx_word' id='word_1_45' title='bbox 811 837 939 918; x_wconf 87' lang='grc' dir='ltr'>δύναμις,</span> 
     </span>
     <span class='ocr_line' id='line_1_7' title="bbox 164 921 941 1007; baseline 0.005 -22"><span class='ocrx_word' id='word_1_46' title='bbox 164 921 226 1006; x_wconf 70' lang='grc' dir='ltr'>ἦγον</span> <span class='ocrx_word' id='word_1_47' title='bbox 242 928 285 987; x_wconf 75' lang='grc' dir='ltr'><strong>ἐπὶ</strong></span> <span class='ocrx_word' id='word_1_48' title='bbox 305 925 365 995; x_wconf 88' lang='grc' dir='ltr'><strong>τούς</strong></span> <span class='ocrx_word' id='word_1_49' title='bbox 388 924 538 1004; x_wconf 87' lang='grc' dir='ltr'>πολεμίους.</span> <span class='ocrx_word' id='word_1_50' title='bbox 580 928 616 986; x_wconf 85' lang='lat' dir='ltr'><strong>Ol</strong></span> <span class='ocrx_word' id='word_1_51' title='bbox 636 925 664 985; x_wconf 79' lang='grc' dir='ltr'><strong>δέ</strong></span> <span class='ocrx_word' id='word_1_52' title='bbox 680 928 872 1007; x_wconf 84' lang='grc' dir='ltr'>διαρπάσαντες</span> <span class='ocrx_word' id='word_1_53' title='bbox 895 929 941 989; x_wconf 76' lang='grc' dir='ltr'><strong>καί</strong></span> 
     </span>
     <span class='ocr_line' id='line_1_8' title="bbox 164 1013 939 1096; baseline 0 -22"><span class='ocrx_word' id='word_1_54' title='bbox 164 1015 378 1082; x_wconf 80' lang='grc' dir='ltr'>κατακαύσαντες</span> <span class='ocrx_word' id='word_1_55' title='bbox 406 1013 437 1074; x_wconf 82' lang='grc' dir='ltr'><strong>τὸ</strong></span> <span class='ocrx_word' id='word_1_56' title='bbox 462 1014 583 1095; x_wconf 82' lang='grc' dir='ltr'>ρρούρεον</span> <span class='ocrx_word' id='word_1_57' title='bbox 610 1013 731 1093; x_wconf 77' lang='grc' dir='ltr'>ἀπῄεσαν</span> <span class='ocrx_word' id='word_1_58' title='bbox 759 1016 802 1076; x_wconf 75' lang='grc' dir='ltr'>διὰ</span> <span class='ocrx_word' id='word_1_59' title='bbox 831 1014 939 1096; x_wconf 88' lang='grc' dir='ltr'>τάχους.</span> 
     </span>
     <span class='ocr_line' id='line_1_9' title="bbox 165 1094 940 1179; baseline -0.005 -16"><span class='ocrx_word' id='word_1_60' title='bbox 165 1104 234 1164; x_wconf 83' lang='grc' dir='ltr'>Τότε</span> <span class='ocrx_word' id='word_1_61' title='bbox 256 1101 304 1178; x_wconf 82' lang='grc' dir='ltr'>μέν</span> <span class='ocrx_word' id='word_1_62' title='bbox 325 1094 368 1164; x_wconf 86' lang='grc' dir='ltr'>οὐν</span> <span class='ocrx_word' id='word_1_63' title='bbox 383 1105 407 1163; x_wconf 83' lang='lat' dir='ltr'><strong>ol</strong></span> <span class='ocrx_word' id='word_1_64' title='bbox 424 1101 520 1162; x_wconf 87' lang='grc' dir='ltr'>ὐπατοι</span> <span class='ocrx_word' id='word_1_65' title='bbox 540 1101 683 1169; x_wconf 83' lang='grc' dir='ltr'>αόέσαντες</span> <span class='ocrx_word' id='word_1_66' title='bbox 696 1101 731 1162; x_wconf 87' lang='grc' dir='ltr'><strong>τδι</strong></span> <span class='ocrx_word' id='word_1_67' title='bbox 749 1102 790 1163; x_wconf 84' lang='grc' dir='ltr'><strong>έτι</strong></span> <span class='ocrx_word' id='word_1_68' title='bbox 810 1103 940 1179; x_wconf 90' lang='grc' dir='ltr'>καιόμινα</span> 
     </span>
     <span class='ocr_line' id='line_1_10' title="bbox 165 1189 937 1274; baseline -0.005 -23"><span class='ocrx_word' id='word_1_69' title='bbox 165 1192 270 1253; x_wconf 78' lang='grc' dir='ltr'>καὶτοῦ</span> <span class='ocrx_word' id='word_1_70' title='bbox 285 1191 384 1274; x_wconf 81' lang='grc' dir='ltr'>χωρίου</span> <span class='ocrx_word' id='word_1_71' title='bbox 398 1190 520 1273; x_wconf 82' lang='grc' dir='ltr'>ρυλακήν</span> <span class='ocrx_word' id='word_1_72' title='bbox 533 1189 723 1258; x_wconf 75' lang='grc' dir='ltr'>καταλιπόντες</span> <span class='ocrx_word' id='word_1_73' title='bbox 738 1194 774 1259; x_wconf 82' lang='grc' dir='ltr'><strong>εἰς</strong></span> <span class='ocrx_word' id='word_1_74' title='bbox 787 1191 835 1264; x_wconf 86' lang='grc' dir='ltr'>τήν</span> <span class='ocrx_word' id='word_1_75' title='bbox 849 1191 937 1264; x_wconf 89' lang='grc' dir='ltr'>πόλιν,</span> 
     </span>
     <span class='ocr_line' id='line_1_11' title="bbox 114 1279 941 1361; baseline -0.004 -19"><span class='ocrx_word' id='word_1_76' title='bbox 114 1305 138 1344; x_wconf 88' lang='grc' dir='ltr'><strong>ιο</strong></span> <span class='ocrx_word' id='word_1_77' title='bbox 166 1282 266 1359; x_wconf 82' lang='grc' dir='ltr'>ὀλίγαις</span> <span class='ocrx_word' id='word_1_78' title='bbox 284 1284 307 1341; x_wconf 83' lang='grc' dir='ltr'><strong>θ’</strong></span> <span class='ocrx_word' id='word_1_79' title='bbox 329 1281 437 1361; x_wconf 88' lang='grc' dir='ltr'>ύστερον</span> <span class='ocrx_word' id='word_1_80' title='bbox 461 1279 574 1359; x_wconf 71' lang='grc' dir='ltr'>ἡμέραις</span> <span class='ocrx_word' id='word_1_81' title='bbox 599 1279 645 1347; x_wconf 85' lang='grc' dir='ltr'><strong>τάς</strong></span> <span class='ocrx_word' id='word_1_82' title='bbox 670 1303 697 1338; x_wconf 92' lang='grc' dir='ltr'><strong>τε</strong></span> <span class='ocrx_word' id='word_1_83' title='bbox 718 1280 814 1346; x_wconf 78' lang='grc' dir='ltr'>αἰκείας</span> <span class='ocrx_word' id='word_1_84' title='bbox 837 1279 941 1361; x_wconf 86' lang='grc' dir='ltr'>ἐχοντες</span> 
     </span>
     <span class='ocr_line' id='line_1_12' title="bbox 165 1366 942 1449; baseline -0.001 -23"><span class='ocrx_word' id='word_1_85' title='bbox 165 1370 287 1445; x_wconf 86' lang='grc' dir='ltr'>δυνάμεις</span> <span class='ocrx_word' id='word_1_86' title='bbox 310 1368 355 1428; x_wconf 79' lang='grc' dir='ltr'><strong>καὶ</strong></span> <span class='ocrx_word' id='word_1_87' title='bbox 370 1367 418 1435; x_wconf 80' lang='grc' dir='ltr'><strong>τδς</strong></span> <span class='ocrx_word' id='word_1_88' title='bbox 432 1366 506 1448; x_wconf 81' lang='grc' dir='ltr'><strong>παρά</strong></span> <span class='ocrx_word' id='word_1_89' title='bbox 521 1371 572 1426; x_wconf 87' lang='grc' dir='ltr'><strong>τῶν</strong></span> <span class='ocrx_word' id='word_1_90' title='bbox 590 1367 740 1449; x_wconf 84' lang='grc' dir='ltr'>συμμάχων</span> <span class='ocrx_word' id='word_1_91' title='bbox 762 1366 873 1449; x_wconf 79' lang='grc' dir='ltr'>ἐξήεσαν</span> <span class='ocrx_word' id='word_1_92' title='bbox 891 1369 942 1445; x_wconf 86' lang='grc' dir='ltr'>ἀμ·</span> 
     </span>
     <span class='ocr_line' id='line_1_13' title="bbox 165 1453 943 1538; baseline -0.005 -21"><span class='ocrx_word' id='word_1_93' title='bbox 165 1458 288 1538; x_wconf 83' lang='grc' dir='ltr'>ρότεροι,</span> <span class='ocrx_word' id='word_1_94' title='bbox 307 1456 459 1536; x_wconf 84' lang='grc' dir='ltr'>Οὐεργίνιος</span> <span class='ocrx_word' id='word_1_95' title='bbox 476 1455 524 1533; x_wconf 72' lang='grc' dir='ltr'><strong>μὲν</strong></span> <span class='ocrx_word' id='word_1_96' title='bbox 540 1453 585 1514; x_wconf 78' lang='grc' dir='ltr'><strong>ἐπί</strong></span> <span class='ocrx_word' id='word_1_97' title='bbox 600 1453 649 1526; x_wconf 84' lang='grc' dir='ltr'>τήν</span> <span class='ocrx_word' id='word_1_98' title='bbox 663 1458 801 1530; x_wconf 78' lang='grc' dir='ltr'>Αἰκανῶν,</span> <span class='ocrx_word' id='word_1_99' title='bbox 813 1455 943 1535; x_wconf 81' lang='grc' dir='ltr'>Νομίκιος</span> 
     </span>
     <span class='ocr_line' id='line_1_14' title="bbox 166 1542 940 1626; baseline -0.004 -21"><span class='ocrx_word' id='word_1_100' title='bbox 166 1548 187 1605; x_wconf 85' lang='grc' dir='ltr'><strong>δ’</strong></span> <span class='ocrx_word' id='word_1_101' title='bbox 207 1547 249 1605; x_wconf 88' lang='grc' dir='ltr'><strong>ἐπὶ</strong></span> <span class='ocrx_word' id='word_1_102' title='bbox 266 1547 314 1619; x_wconf 89' lang='grc' dir='ltr'>τήν</span> <span class='ocrx_word' id='word_1_103' title='bbox 330 1547 522 1606; x_wconf 89' lang='grc' dir='ltr'>Οὐολούσκων·</span> <span class='ocrx_word' id='word_1_104' title='bbox 534 1545 579 1603; x_wconf 84' lang='grc' dir='ltr'><strong>καὶ</strong></span> <span class='ocrx_word' id='word_1_105' title='bbox 591 1544 678 1611; x_wconf 83' lang='grc' dir='ltr'>αὐτοῖς</span> <span class='ocrx_word' id='word_1_106' title='bbox 693 1544 848 1626; x_wconf 85' lang='grc' dir='ltr'>ἀμρστίροις</span> <span class='ocrx_word' id='word_1_107' title='bbox 870 1542 940 1604; x_wconf 76' lang='grc' dir='ltr'>κατά</span> 
     </span>
     <span class='ocr_line' id='line_1_15' title="bbox 165 1632 941 1714; baseline -0.001 -21"><span class='ocrx_word' id='word_1_108' title='bbox 165 1633 272 1713; x_wconf 79' lang='grc' dir='ltr'>γνώμην</span> <span class='ocrx_word' id='word_1_109' title='bbox 298 1634 331 1694; x_wconf 82' lang='grc' dir='ltr'><strong>τὰ</strong></span> <span class='ocrx_word' id='word_1_110' title='bbox 352 1638 397 1694; x_wconf 81' lang='grc' dir='ltr'><strong>τοῦ</strong></span> <span class='ocrx_word' id='word_1_111' title='bbox 417 1633 542 1708; x_wconf 86' lang='grc' dir='ltr'><strong>πολέμουΙ</strong></span> <span class='ocrx_word' id='word_1_112' title='bbox 559 1632 703 1714; x_wconf 78' lang='grc' dir='ltr'>ἐχώρησεν.</span> <span class='ocrx_word' id='word_1_113' title='bbox 747 1632 896 1714; x_wconf 79' lang='grc' dir='ltr'>Οὐεργινίῳ</span> <span class='ocrx_word' id='word_1_114' title='bbox 911 1655 941 1692; x_wconf 89' lang='grc' dir='ltr'><strong>τε</strong></span> 
     </span>
     <span class='ocr_line' id='line_1_16' title="bbox 113 1721 941 1805; baseline 0.004 -25"><span class='ocrx_word' id='word_1_115' title='bbox 113 1744 137 1780; x_wconf 82' lang='lat' dir='ltr'><strong>rs</strong></span> <span class='ocrx_word' id='word_1_116' title='bbox 164 1725 215 1805; x_wconf 74' lang='grc' dir='ltr'><strong>γάρ</strong></span> <span class='ocrx_word' id='word_1_117' title='bbox 230 1724 341 1786; x_wconf 77' lang='grc' dir='ltr'>Αἰκανοί</span> <span class='ocrx_word' id='word_1_118' title='bbox 355 1725 461 1804; x_wconf 78' lang='grc' dir='ltr'>δῃοῦντι</span> <span class='ocrx_word' id='word_1_119' title='bbox 472 1722 520 1795; x_wconf 81' lang='grc' dir='ltr'>τήν</span> <span class='ocrx_word' id='word_1_120' title='bbox 533 1721 624 1804; x_wconf 86' lang='grc' dir='ltr'>χώραν</span> <span class='ocrx_word' id='word_1_121' title='bbox 637 1725 721 1782; x_wconf 89' lang='grc' dir='ltr'>αὐτῶν</span> <span class='ocrx_word' id='word_1_122' title='bbox 732 1725 781 1783; x_wconf 86' lang='grc' dir='ltr'><strong>οὐκ</strong></span> <span class='ocrx_word' id='word_1_123' title='bbox 791 1723 941 1797; x_wconf 83' lang='grc' dir='ltr'>ἐτολμησαν</span> 
     </span>
     <span class='ocr_line' id='line_1_17' title="bbox 166 1810 941 1893; baseline 0.004 -22"><span class='ocrx_word' id='word_1_124' title='bbox 166 1815 202 1879; x_wconf 83' lang='grc' dir='ltr'><strong>εἰς</strong></span> <span class='ocrx_word' id='word_1_125' title='bbox 216 1823 306 1893; x_wconf 83' lang='grc' dir='ltr'>χεῖρας</span> <span class='ocrx_word' id='word_1_126' title='bbox 320 1813 416 1887; x_wconf 86' lang='grc' dir='ltr'>ἐλθεῖν,</span> <span class='ocrx_word' id='word_1_127' title='bbox 430 1810 499 1870; x_wconf 78' lang='grc' dir='ltr'><strong>ἀλλά</strong></span> <span class='ocrx_word' id='word_1_128' title='bbox 513 1811 559 1870; x_wconf 82' lang='grc' dir='ltr'><strong>καί</strong></span> <span class='ocrx_word' id='word_1_129' title='bbox 573 1811 652 1890; x_wconf 83' lang='grc' dir='ltr'>λόχον</span> <span class='ocrx_word' id='word_1_130' title='bbox 664 1834 723 1871; x_wconf 92' lang='grc' dir='ltr'>τινα</span> <span class='ocrx_word' id='word_1_131' title='bbox 734 1813 941 1881; x_wconf 81' lang='grc' dir='ltr'>ὑποκαθίσαντες</span> 
     </span>
     <span class='ocr_line' id='line_1_18' title="bbox 167 1902 942 1982; baseline 0.001 -18"><span class='ocrx_word' id='word_1_132' title='bbox 167 1908 194 1964; x_wconf 80' lang='grc' dir='ltr'>έν</span> <span class='ocrx_word' id='word_1_133' title='bbox 213 1906 286 1971; x_wconf 86' lang='grc' dir='ltr'>ὐλαις</span> <span class='ocrx_word' id='word_1_134' title='bbox 297 1904 441 1963; x_wconf 80' lang='grc' dir='ltr'>ἐπιλέκτων</span> <span class='ocrx_word' id='word_1_135' title='bbox 453 1903 563 1981; x_wconf 87' lang='grc' dir='ltr'>ἀνδρῶν,</span> <span class='ocrx_word' id='word_1_136' title='bbox 577 1904 609 1960; x_wconf 73' lang='lat' dir='ltr'><strong>ci</strong></span> <span class='ocrx_word' id='word_1_137' title='bbox 620 1902 729 1979; x_wconf 87' lang='grc' dir='ltr'>ἐμελλον</span> <span class='ocrx_word' id='word_1_138' title='bbox 742 1906 942 1982; x_wconf 75' lang='grc' dir='ltr'>ἐσκεδασμένοις</span> 
     </span>
     <span class='ocr_line' id='line_1_19' title="bbox 168 1989 942 2070; baseline -0.001 -19"><span class='ocrx_word' id='word_1_139' title='bbox 168 1994 321 2062; x_wconf 85' lang='grc' dir='ltr'>έπιθήσεθαι</span> <span class='ocrx_word' id='word_1_140' title='bbox 342 2003 395 2058; x_wconf 88' lang='grc' dir='ltr'>τοῖς</span> <span class='ocrx_word' id='word_1_141' title='bbox 416 1989 568 2067; x_wconf 88' lang='grc' dir='ltr'>πολεμίοις,</span> <span class='ocrx_word' id='word_1_142' title='bbox 589 1989 733 2070; x_wconf 77' lang='grc' dir='ltr'>διήμαρτον</span> <span class='ocrx_word' id='word_1_143' title='bbox 757 1994 805 2063; x_wconf 77' lang='grc' dir='ltr'><strong>τῆς</strong></span> <span class='ocrx_word' id='word_1_144' title='bbox 824 1992 942 2066; x_wconf 81' lang='grc' dir='ltr'>ἐλπίδας,</span> 
     </span>
     <span class='ocr_line' id='line_1_20' title="bbox 166 2076 942 2160; baseline 0.004 -22"><span class='ocrx_word' id='word_1_145' title='bbox 166 2082 276 2160; x_wconf 85' lang='grc' dir='ltr'>ταχείας</span> <span class='ocrx_word' id='word_1_146' title='bbox 288 2080 429 2160; x_wconf 78' lang='grc' dir='ltr'>γενομένης</span> <span class='ocrx_word' id='word_1_147' title='bbox 443 2079 500 2146; x_wconf 82' lang='grc' dir='ltr'>ταῖς</span> <span class='ocrx_word' id='word_1_148' title='bbox 514 2076 658 2157; x_wconf 87' lang='grc' dir='ltr'>Ῥωμαίοις</span> <span class='ocrx_word' id='word_1_149' title='bbox 669 2077 813 2150; x_wconf 78' lang='grc' dir='ltr'>αἰσθήσεως</span> <span class='ocrx_word' id='word_1_150' title='bbox 831 2081 876 2141; x_wconf 79' lang='grc' dir='ltr'><strong>καί</strong></span> <span class='ocrx_word' id='word_1_151' title='bbox 890 2083 942 2160; x_wconf 86' lang='grc' dir='ltr'><strong>μά-</strong></span> 
     </span>
     <span class='ocr_line' id='line_1_21' title="bbox 113 2161 942 2251; baseline 0.004 -24"><span class='ocrx_word' id='word_1_152' title='bbox 113 2195 142 2236; x_wconf 76' lang='lat' dir='ltr'><strong>no</strong></span> <span class='ocrx_word' id='word_1_153' title='bbox 166 2192 216 2249; x_wconf 89' lang='grc' dir='ltr'><strong>χης</strong></span> <span class='ocrx_word' id='word_1_154' title='bbox 229 2180 367 2250; x_wconf 74' lang='grc' dir='ltr'>καρτερᾶς,</span> <span class='ocrx_word' id='word_1_155' title='bbox 382 2169 408 2236; x_wconf 77' lang='grc' dir='ltr'><strong>ἐξ</strong></span> <span class='ocrx_word' id='word_1_156' title='bbox 422 2161 453 2241; x_wconf 75' lang='grc' dir='ltr'><strong>ἧς</strong></span> <span class='ocrx_word' id='word_1_157' title='bbox 467 2166 579 2234; x_wconf 89' lang='grc' dir='ltr'>πολλούς</span> <span class='ocrx_word' id='word_1_158' title='bbox 590 2169 643 2226; x_wconf 90' lang='grc' dir='ltr'><strong>τῶν</strong></span> <span class='ocrx_word' id='word_1_159' title='bbox 654 2168 786 2251; x_wconf 85' lang='grc' dir='ltr'>αρετίρων</span> <span class='ocrx_word' id='word_1_160' title='bbox 798 2173 822 2230; x_wconf 82' lang='grc' dir='ltr'><strong>οἱ</strong></span> <span class='ocrx_word' id='word_1_161' title='bbox 832 2172 942 2231; x_wconf 77' lang='grc' dir='ltr'>Αἰκανοί</span> 
     </span>
     <span class='ocr_line' id='line_1_22' title="bbox 167 2254 941 2337; baseline 0.006 -24"><span class='ocrx_word' id='word_1_162' title='bbox 167 2255 319 2332; x_wconf 81' lang='grc' dir='ltr'>ἀπέόαλον,</span> <span class='ocrx_word' id='word_1_163' title='bbox 345 2255 409 2316; x_wconf 81' lang='grc' dir='ltr'>ὥστ’</span> <span class='ocrx_word' id='word_1_164' title='bbox 429 2257 477 2318; x_wconf 92' lang='grc' dir='ltr'><strong>οὐκ</strong></span> <span class='ocrx_word' id='word_1_165' title='bbox 505 2257 541 2323; x_wconf 78' lang='grc' dir='ltr'><strong>εἰς</strong></span> <span class='ocrx_word' id='word_1_166' title='bbox 563 2262 658 2336; x_wconf 87' lang='grc' dir='ltr'>πεῖραν</span> <span class='ocrx_word' id='word_1_167' title='bbox 679 2254 768 2336; x_wconf 86' lang='grc' dir='ltr'>ίτέρας</span> <span class='ocrx_word' id='word_1_168' title='bbox 791 2257 880 2337; x_wconf 88' lang='grc' dir='ltr'>μάχης</span> <span class='ocrx_word' id='word_1_169' title='bbox 903 2259 941 2319; x_wconf 85' lang='grc' dir='ltr'><strong>ίτι</strong></span> 
     </span>
     <span class='ocr_line' id='line_1_23' title="bbox 167 2343 941 2425; baseline 0.001 -20"><span class='ocrx_word' id='word_1_170' title='bbox 167 2346 290 2425; x_wconf 82' lang='grc' dir='ltr'>ἤρχοντο.</span> <span class='ocrx_word' id='word_1_171' title='bbox 335 2346 459 2424; x_wconf 82' lang='grc' dir='ltr'>Νομικίῳ</span> <span class='ocrx_word' id='word_1_172' title='bbox 475 2367 505 2404; x_wconf 89' lang='grc' dir='ltr'><strong>τε</strong></span> <span class='ocrx_word' id='word_1_173' title='bbox 521 2345 609 2419; x_wconf 84' lang='grc' dir='ltr'>ἀγοντι</span> <span class='ocrx_word' id='word_1_174' title='bbox 628 2343 678 2416; x_wconf 83' lang='grc' dir='ltr'>τήν</span> <span class='ocrx_word' id='word_1_175' title='bbox 694 2345 819 2424; x_wconf 79' lang='grc' dir='ltr'>στρατιάν</span> <span class='ocrx_word' id='word_1_176' title='bbox 834 2348 878 2405; x_wconf 69' lang='lat' dir='ltr'><strong>tel</strong></span> <span class='ocrx_word' id='word_1_177' title='bbox 894 2349 941 2420; x_wconf 82' lang='grc' dir='ltr'>τήν</span> 
     </span>
     <span class='ocr_line' id='line_1_24' title="bbox 167 2429 939 2512; baseline 0.003 -19"><span class='ocrx_word' id='word_1_178' title='bbox 167 2434 309 2493; x_wconf 73' lang='grc' dir='ltr'>Ἀντιατῶν</span> <span class='ocrx_word' id='word_1_179' title='bbox 328 2438 419 2510; x_wconf 87' lang='grc' dir='ltr'>πόλιν,</span> <span class='ocrx_word' id='word_1_180' title='bbox 438 2433 456 2505; x_wconf 83' lang='grc' dir='ltr'>ἠ</span> <span class='ocrx_word' id='word_1_181' title='bbox 474 2436 501 2492; x_wconf 92' lang='grc' dir='ltr'>ἐν</span> <span class='ocrx_word' id='word_1_182' title='bbox 517 2434 575 2499; x_wconf 83' lang='grc' dir='ltr'>ταῖς</span> <span class='ocrx_word' id='word_1_183' title='bbox 596 2429 712 2512; x_wconf 79' lang='grc' dir='ltr'>πρώταις</span> <span class='ocrx_word' id='word_1_184' title='bbox 726 2433 784 2493; x_wconf 91' lang='grc' dir='ltr'>τότε</span> <span class='ocrx_word' id='word_1_185' title='bbox 798 2437 850 2493; x_wconf 90' lang='grc' dir='ltr'><strong>τῶν</strong></span> <span class='ocrx_word' id='word_1_186' title='bbox 867 2437 939 2496; x_wconf 90' lang='grc' dir='ltr'>Οὐο-</span> 
     </span>
     <span class='ocr_line' id='line_1_25' title="bbox 167 2514 941 2601; baseline 0.003 -21"><span class='ocrx_word' id='word_1_187' title='bbox 167 2522 290 2582; x_wconf 90' lang='grc' dir='ltr'>λούσκων</span> <span class='ocrx_word' id='word_1_188' title='bbox 303 2524 411 2582; x_wconf 86' lang='grc' dir='ltr'>πόλεσιν</span> <span class='ocrx_word' id='word_1_189' title='bbox 419 2514 463 2594; x_wconf 80' lang='grc' dir='ltr'>ἠν,</span> <span class='ocrx_word' id='word_1_190' title='bbox 470 2520 579 2596; x_wconf 78' lang='grc' dir='ltr'>οὐδεμία</span> <span class='ocrx_word' id='word_1_191' title='bbox 589 2521 736 2595; x_wconf 78' lang='grc' dir='ltr'>ἠναντιώθη</span> <span class='ocrx_word' id='word_1_192' title='bbox 747 2523 864 2601; x_wconf 88' lang='grc' dir='ltr'>δύναμις,</span> <span class='ocrx_word' id='word_1_193' title='bbox 874 2524 941 2584; x_wconf 81' lang='grc' dir='ltr'><strong>ἀλλά</strong></span> 
     </span>
     <span class='ocr_line' id='line_1_26' title="bbox 111 2608 940 2690; baseline 0.006 -22"><span class='ocrx_word' id='word_1_194' title='bbox 111 2631 138 2668; x_wconf 75' lang='grc' dir='ltr'><strong>οε</strong></span> <span class='ocrx_word' id='word_1_195' title='bbox 167 2612 219 2670; x_wconf 79' lang='grc' dir='ltr'><strong>ἀπὸ</strong></span> <span class='ocrx_word' id='word_1_196' title='bbox 234 2614 285 2669; x_wconf 89' lang='grc' dir='ltr'><strong>τῶν</strong></span> <span class='ocrx_word' id='word_1_197' title='bbox 297 2613 391 2690; x_wconf 84' lang='grc' dir='ltr'>τειχῶν</span> <span class='ocrx_word' id='word_1_198' title='bbox 406 2608 586 2687; x_wconf 72' lang='grc' dir='ltr'>ἠναγκάζοντο</span> <span class='ocrx_word' id='word_1_199' title='bbox 601 2610 709 2671; x_wconf 83' lang='grc' dir='ltr'>ίκαστοι</span> <span class='ocrx_word' id='word_1_200' title='bbox 719 2612 875 2690; x_wconf 86' lang='grc' dir='ltr'>ἀμύνεσθαι.</span> <span class='ocrx_word' id='word_1_201' title='bbox 893 2612 940 2676; x_wconf 86' lang='grc' dir='ltr'>Ἐν</span> 
     </span>
     <span class='ocr_line' id='line_1_27' title="bbox 167 2700 943 2780; baseline 0.004 -20"><span class='ocrx_word' id='word_1_202' title='bbox 167 2701 193 2760; x_wconf 77' lang='grc' dir='ltr'><strong>δὲ</strong></span> <span class='ocrx_word' id='word_1_203' title='bbox 210 2700 294 2780; x_wconf 86' lang='grc' dir='ltr'>τούτῳ</span> <span class='ocrx_word' id='word_1_204' title='bbox 308 2700 326 2772; x_wconf 81' lang='grc' dir='ltr'>ἠ</span> <span class='ocrx_word' id='word_1_205' title='bbox 340 2722 369 2759; x_wconf 91' lang='grc' dir='ltr'><strong>τε</strong></span> <span class='ocrx_word' id='word_1_206' title='bbox 388 2703 423 2776; x_wconf 81' lang='grc' dir='ltr'><strong>γῆ</strong></span> <span class='ocrx_word' id='word_1_207' title='bbox 441 2701 527 2759; x_wconf 90' lang='grc' dir='ltr'>αὐτῶν</span> <span class='ocrx_word' id='word_1_208' title='bbox 548 2704 564 2772; x_wconf 84' lang='grc' dir='ltr'>ἠ</span> <span class='ocrx_word' id='word_1_209' title='bbox 587 2701 674 2774; x_wconf 91' lang='grc' dir='ltr'>πολλή</span> <span class='ocrx_word' id='word_1_210' title='bbox 690 2701 809 2780; x_wconf 78' lang='grc' dir='ltr'>ἐτμήθη,</span> <span class='ocrx_word' id='word_1_211' title='bbox 830 2703 876 2762; x_wconf 85' lang='grc' dir='ltr'><strong>καὶ</strong></span> <span class='ocrx_word' id='word_1_212' title='bbox 894 2725 943 2763; x_wconf 86' lang='grc' dir='ltr'><strong>πο·</strong></span> 
     </span>
     <span class='ocr_line' id='line_1_28' title="bbox 166 2781 942 2874; baseline 0.004 -26"><span class='ocrx_word' id='word_1_213' title='bbox 166 2791 245 2871; x_wconf 89' lang='grc' dir='ltr'>λίχνη</span> <span class='ocrx_word' id='word_1_214' title='bbox 260 2814 298 2858; x_wconf 87' lang='grc' dir='ltr'><strong>τις</strong></span> <span class='ocrx_word' id='word_1_215' title='bbox 313 2789 494 2858; x_wconf 82' lang='grc' dir='ltr'>ἐπιθαλάττιος</span> <span class='ocrx_word' id='word_1_216' title='bbox 507 2789 595 2866; x_wconf 77' lang='grc' dir='ltr'>ἑάλω,</span> <span class='ocrx_word' id='word_1_217' title='bbox 605 2781 626 2870; x_wconf 77' lang='grc' dir='ltr'>ή</span> <span class='ocrx_word' id='word_1_218' title='bbox 636 2790 742 2872; x_wconf 82' lang='grc' dir='ltr'>ἐπινείῳ</span> <span class='ocrx_word' id='word_1_219' title='bbox 755 2814 784 2851; x_wconf 90' lang='grc' dir='ltr'><strong>τε</strong></span> <span class='ocrx_word' id='word_1_220' title='bbox 798 2789 844 2850; x_wconf 83' lang='grc' dir='ltr'><strong>καλ</strong></span> <span class='ocrx_word' id='word_1_221' title='bbox 858 2793 942 2874; x_wconf 67' lang='grc' dir='ltr'>ἀγορᾷ</span> 
     </span>
     <span class='ocr_line' id='line_1_29' title="bbox 165 2877 941 2961; baseline 0.004 -24"><span class='ocrx_word' id='word_1_222' title='bbox 165 2882 217 2938; x_wconf 90' lang='grc' dir='ltr'><strong>τῶν</strong></span> <span class='ocrx_word' id='word_1_223' title='bbox 228 2881 265 2947; x_wconf 83' lang='grc' dir='ltr'><strong>εἰς</strong></span> <span class='ocrx_word' id='word_1_224' title='bbox 278 2880 321 2940; x_wconf 85' lang='grc' dir='ltr'><strong>τὸν</strong></span> <span class='ocrx_word' id='word_1_225' title='bbox 345 2878 401 2959; x_wconf 88' lang='grc' dir='ltr'>βίον</span> <span class='ocrx_word' id='word_1_226' title='bbox 423 2877 572 2954; x_wconf 77' lang='grc' dir='ltr'>ἀναγκαίων</span> <span class='ocrx_word' id='word_1_227' title='bbox 586 2880 704 2961; x_wconf 87' lang='grc' dir='ltr'>ἐχρῶντο</span> <span class='ocrx_word' id='word_1_228' title='bbox 718 2880 748 2938; x_wconf 81' lang='grc' dir='ltr'><strong>ίκ</strong></span> <span class='ocrx_word' id='word_1_229' title='bbox 764 2878 898 2952; x_wconf 90' lang='grc' dir='ltr'>θαλάττης</span> <span class='ocrx_word' id='word_1_230' title='bbox 911 2903 941 2940; x_wconf 93' lang='grc' dir='ltr'><strong>τε</strong></span> 
     </span>
     <span class='ocr_line' id='line_1_30' title="bbox 165 2965 937 3047; baseline 0.003 -22"><span class='ocrx_word' id='word_1_231' title='bbox 165 2969 210 3026; x_wconf 84' lang='grc' dir='ltr'><strong>καί</strong></span> <span class='ocrx_word' id='word_1_232' title='bbox 225 2967 268 3026; x_wconf 76' lang='lat' dir='ltr'><strong>ert</strong></span> <span class='ocrx_word' id='word_1_233' title='bbox 282 2966 432 3047; x_wconf 78' lang='grc' dir='ltr'>λῃστηρίων</span> <span class='ocrx_word' id='word_1_234' title='bbox 447 2965 494 3033; x_wconf 80' lang='grc' dir='ltr'><strong>τάς</strong></span> <span class='ocrx_word' id='word_1_235' title='bbox 508 2967 606 3035; x_wconf 75' lang='grc' dir='ltr'>πολλάς</span> <span class='ocrx_word' id='word_1_236' title='bbox 622 2967 782 3045; x_wconf 88' lang='grc' dir='ltr'>ἐπαγόμενοι</span> <span class='ocrx_word' id='word_1_237' title='bbox 798 2965 937 3047; x_wconf 73' lang='grc' dir='ltr'>εὐμελείας.</span> 
     </span>
     <span class='ocr_line' id='line_1_31' title="bbox 112 3047 940 3136; baseline 0 -19"><span class='ocrx_word' id='word_1_238' title='bbox 112 3079 139 3117; x_wconf 87' lang='lat' dir='ltr'><strong>au</strong></span> <span class='ocrx_word' id='word_1_239' title='bbox 165 3056 327 3135; x_wconf 75' lang='grc' dir='ltr'>Ἀνδράποδα</span> <span class='ocrx_word' id='word_1_240' title='bbox 342 3056 390 3134; x_wconf 74' lang='grc' dir='ltr'><strong>μέν</strong></span> <span class='ocrx_word' id='word_1_241' title='bbox 400 3047 446 3117; x_wconf 85' lang='grc' dir='ltr'>οὐν</span> <span class='ocrx_word' id='word_1_242' title='bbox 455 3056 500 3116; x_wconf 82' lang='grc' dir='ltr'><strong>καλ</strong></span> <span class='ocrx_word' id='word_1_243' title='bbox 518 3055 647 3136; x_wconf 87' lang='grc' dir='ltr'>χρήματα</span> <span class='ocrx_word' id='word_1_244' title='bbox 661 3057 706 3115; x_wconf 80' lang='grc' dir='ltr'><strong>καί</strong></span> <span class='ocrx_word' id='word_1_245' title='bbox 720 3054 880 3134; x_wconf 89' lang='grc' dir='ltr'>βοσκήματα</span> <span class='ocrx_word' id='word_1_246' title='bbox 894 3057 940 3118; x_wconf 82' lang='grc' dir='ltr'><strong>καί</strong></span> 
     </span>
     <span class='ocr_line' id='line_1_32' title="bbox 166 3143 941 3227; baseline 0.001 -23"><span class='ocrx_word' id='word_1_247' title='bbox 166 3144 224 3213; x_wconf 85' lang='grc' dir='ltr'><strong>τούς</strong></span> <span class='ocrx_word' id='word_1_248' title='bbox 240 3144 398 3226; x_wconf 76' lang='grc' dir='ltr'>ἐμπορικοὺς</span> <span class='ocrx_word' id='word_1_249' title='bbox 417 3144 527 3227; x_wconf 79' lang='grc' dir='ltr'>φόρτους</span> <span class='ocrx_word' id='word_1_250' title='bbox 548 3145 690 3226; x_wconf 74' lang='grc' dir='ltr'>ἠστρατιέ</span> <span class='ocrx_word' id='word_1_251' title='bbox 710 3143 876 3226; x_wconf 87' lang='grc' dir='ltr'>συγχωρήσει</span> <span class='ocrx_word' id='word_1_252' title='bbox 895 3150 941 3205; x_wconf 79' lang='grc' dir='ltr'><strong>τού</strong></span> 
     </span>
     <span class='ocr_line' id='line_1_33' title="bbox 165 3230 941 3314; baseline -0.004 -21"><span class='ocrx_word' id='word_1_253' title='bbox 165 3235 264 3294; x_wconf 82' lang='grc' dir='ltr'>ὑπάτου</span> <span class='ocrx_word' id='word_1_254' title='bbox 279 3234 417 3313; x_wconf 86' lang='grc' dir='ltr'>διήρπασε·</span> <span class='ocrx_word' id='word_1_255' title='bbox 435 3231 469 3291; x_wconf 76' lang='grc' dir='ltr'><strong>τά</strong></span> <span class='ocrx_word' id='word_1_256' title='bbox 482 3231 504 3293; x_wconf 89' lang='grc' dir='ltr'><strong>δ’</strong></span> <span class='ocrx_word' id='word_1_257' title='bbox 520 3232 643 3314; x_wconf 89' lang='grc' dir='ltr'>ἐλεύθερα</span> <span class='ocrx_word' id='word_1_258' title='bbox 663 3230 791 3310; x_wconf 87' lang='grc' dir='ltr'>σώματα,</span> <span class='ocrx_word' id='word_1_259' title='bbox 806 3232 890 3294; x_wconf 79' lang='grc' dir='ltr'>ὁπόσα</span> <span class='ocrx_word' id='word_1_260' title='bbox 903 3231 941 3310; x_wconf 80' lang='grc' dir='ltr'>μή</span> 
     </span>
     <span class='ocr_line' id='line_1_34' title="bbox 165 3321 939 3402; baseline 0.003 -23"><span class='ocrx_word' id='word_1_261' title='bbox 165 3325 179 3379; x_wconf 86' lang='grc' dir='ltr'>ό</span> <span class='ocrx_word' id='word_1_262' title='bbox 194 3323 308 3398; x_wconf 90' lang='grc' dir='ltr'>πόλεμος</span> <span class='ocrx_word' id='word_1_263' title='bbox 323 3321 388 3401; x_wconf 75' lang='grc' dir='ltr'>ἐρθη</span> <span class='ocrx_word' id='word_1_264' title='bbox 406 3321 621 3398; x_wconf 85' lang='grc' dir='ltr'>διειργασμένος,</span> <span class='ocrx_word' id='word_1_265' title='bbox 637 3322 681 3380; x_wconf 72' lang='grc' dir='ltr'><strong>ἐπὶ</strong></span> <span class='ocrx_word' id='word_1_266' title='bbox 695 3321 726 3381; x_wconf 77' lang='grc' dir='ltr'><strong>τὸ</strong></span> <span class='ocrx_word' id='word_1_267' title='bbox 738 3322 939 3402; x_wconf 66' lang='grc' dir='ltr'>λαφυροπώλιον</span> 
     </span>
     <span class='ocr_line' id='line_1_35' title="bbox 166 3409 940 3491; baseline 0.005 -23"><span class='ocrx_word' id='word_1_268' title='bbox 166 3411 285 3491; x_wconf 86' lang='grc' dir='ltr'>ἀπήχθη.</span> <span class='ocrx_word' id='word_1_269' title='bbox 327 3409 498 3489; x_wconf 84' lang='grc' dir='ltr'>Ἐλήρθησαν</span> <span class='ocrx_word' id='word_1_270' title='bbox 513 3410 557 3468; x_wconf 82' lang='grc' dir='ltr'><strong>καλ</strong></span> <span class='ocrx_word' id='word_1_271' title='bbox 570 3414 628 3482; x_wconf 77' lang='grc' dir='ltr'>νῆες</span> <span class='ocrx_word' id='word_1_272' title='bbox 641 3415 695 3470; x_wconf 87' lang='grc' dir='ltr'><strong>τῶν</strong></span> <span class='ocrx_word' id='word_1_273' title='bbox 706 3414 848 3472; x_wconf 81' lang='grc' dir='ltr'>Ἀντιατῶν</span> <span class='ocrx_word' id='word_1_274' title='bbox 858 3411 940 3473; x_wconf 87' lang='grc' dir='ltr'>είκοσι</span> 
     </span>
     <span class='ocr_line' id='line_1_36' title="bbox 111 3495 940 3584; baseline 0.005 -27"><span class='ocrx_word' id='word_1_275' title='bbox 111 3530 139 3570; x_wconf 65' lang='lat'><strong>35</strong></span> <span class='ocrx_word' id='word_1_276' title='bbox 166 3499 270 3558; x_wconf 73' lang='grc' dir='ltr'>καὶδύο</span> <span class='ocrx_word' id='word_1_277' title='bbox 285 3498 386 3579; x_wconf 80' lang='grc' dir='ltr'>μακραὶ</span> <span class='ocrx_word' id='word_1_278' title='bbox 399 3497 444 3556; x_wconf 80' lang='grc' dir='ltr'><strong>καὶ</strong></span> <span class='ocrx_word' id='word_1_279' title='bbox 463 3495 531 3556; x_wconf 87' lang='grc' dir='ltr'>ἀλλα</span> <span class='ocrx_word' id='word_1_280' title='bbox 546 3502 611 3557; x_wconf 89' lang='grc' dir='ltr'>νεῶν</span> <span class='ocrx_word' id='word_1_281' title='bbox 632 3498 703 3559; x_wconf 85' lang='grc' dir='ltr'>όπλα</span> <span class='ocrx_word' id='word_1_282' title='bbox 718 3524 747 3560; x_wconf 88' lang='grc' dir='ltr'><strong>τε</strong></span> <span class='ocrx_word' id='word_1_283' title='bbox 762 3498 808 3558; x_wconf 84' lang='grc' dir='ltr'><strong>καλ</strong></span> <span class='ocrx_word' id='word_1_284' title='bbox 831 3524 940 3584; x_wconf 89' lang='grc' dir='ltr'>παρασ-</span> 
     </span>
     <span class='ocr_line' id='line_1_37' title="bbox 168 3584 941 3662; baseline 0.004 -15"><span class='ocrx_word' id='word_1_285' title='bbox 168 3588 252 3648; x_wconf 90' lang='grc' dir='ltr'>κευαί.</span> <span class='ocrx_word' id='word_1_286' title='bbox 284 3589 363 3648; x_wconf 82' lang='grc' dir='ltr'>Μετὰ</span> <span class='ocrx_word' id='word_1_287' title='bbox 376 3590 461 3645; x_wconf 78' lang='grc' dir='ltr'>ταῦτα</span> <span class='ocrx_word' id='word_1_288' title='bbox 477 3584 647 3656; x_wconf 89' lang='grc' dir='ltr'>κελεύσαντος</span> <span class='ocrx_word' id='word_1_289' title='bbox 665 3592 712 3648; x_wconf 78' lang='grc' dir='ltr'><strong>τοῦ</strong></span> <span class='ocrx_word' id='word_1_290' title='bbox 732 3591 842 3662; x_wconf 85' lang='grc' dir='ltr'>ύπάτου,</span> <span class='ocrx_word' id='word_1_291' title='bbox 855 3590 901 3657; x_wconf 90' lang='grc' dir='ltr'><strong>τάς</strong></span> <span class='ocrx_word' id='word_1_292' title='bbox 912 3614 941 3650; x_wconf 94' lang='grc' dir='ltr'><strong>τε</strong></span> 
     </span>
     <span class='ocr_line' id='line_1_38' title="bbox 167 3674 940 3756; baseline 0.004 -20"><span class='ocrx_word' id='word_1_293' title='bbox 167 3677 250 3742; x_wconf 80' lang='grc' dir='ltr'>οἰκίας</span> <span class='ocrx_word' id='word_1_294' title='bbox 265 3674 462 3756; x_wconf 84' lang='grc' dir='ltr'>ἐνεπίμπρασαν</span> <span class='ocrx_word' id='word_1_295' title='bbox 480 3676 502 3734; x_wconf 89' lang='lat' dir='ltr'><strong>ol</strong></span> <span class='ocrx_word' id='word_1_296' title='bbox 518 3674 662 3751; x_wconf 81' lang='grc' dir='ltr'>Ῥωμαῖοι,</span> <span class='ocrx_word' id='word_1_297' title='bbox 681 3676 728 3736; x_wconf 79' lang='grc' dir='ltr'><strong>καλ</strong></span> <span class='ocrx_word' id='word_1_298' title='bbox 748 3676 808 3745; x_wconf 88' lang='grc' dir='ltr'><strong>τούς</strong></span> <span class='ocrx_word' id='word_1_299' title='bbox 829 3679 940 3739; x_wconf 87' lang='grc' dir='ltr'>νεωσοί·</span> 
     </span>
     <span class='ocr_line' id='line_1_39' title="bbox 167 3762 939 3845; baseline 0.004 -22"><span class='ocrx_word' id='word_1_300' title='bbox 167 3788 227 3832; x_wconf 90' lang='grc' dir='ltr'>κους</span> <span class='ocrx_word' id='word_1_301' title='bbox 241 3762 427 3824; x_wconf 82' lang='grc' dir='ltr'>κατέσκαπτον</span> <span class='ocrx_word' id='word_1_302' title='bbox 438 3762 485 3821; x_wconf 81' lang='grc' dir='ltr'><strong>καί</strong></span> <span class='ocrx_word' id='word_1_303' title='bbox 497 3762 527 3822; x_wconf 85' lang='grc' dir='ltr'>τύ</span> <span class='ocrx_word' id='word_1_304' title='bbox 541 3766 628 3844; x_wconf 85' lang='grc' dir='ltr'>τεῖχος</span> <span class='ocrx_word' id='word_1_305' title='bbox 638 3763 747 3845; x_wconf 89' lang='grc' dir='ltr'>ήρειπον</span> <span class='ocrx_word' id='word_1_306' title='bbox 760 3767 790 3825; x_wconf 86' lang='grc' dir='ltr'><strong>ἐκ</strong></span> <span class='ocrx_word' id='word_1_307' title='bbox 801 3766 939 3844; x_wconf 88' lang='grc' dir='ltr'>θεμελίων,</span> 
     </span>
     <span class='ocr_line' id='line_1_40' title="bbox 166 3850 941 3933; baseline 0.005 -21"><span class='ocrx_word' id='word_1_308' title='bbox 166 3853 233 3913; x_wconf 83' lang='grc' dir='ltr'>ὥστε</span> <span class='ocrx_word' id='word_1_309' title='bbox 250 3852 314 3926; x_wconf 89' lang='grc' dir='ltr'>μηδ’</span> <span class='ocrx_word' id='word_1_310' title='bbox 327 3850 491 3911; x_wconf 73' lang='grc' dir='ltr'>ἀπελθόντων</span> <span class='ocrx_word' id='word_1_311' title='bbox 507 3855 579 3933; x_wconf 85' lang='grc' dir='ltr'>σρῶν</span> <span class='ocrx_word' id='word_1_312' title='bbox 590 3854 707 3932; x_wconf 83' lang='grc' dir='ltr'>χρηστὸν</span> <span class='ocrx_word' id='word_1_313' title='bbox 721 3852 761 3913; x_wconf 86' lang='grc' dir='ltr'><strong>ἐτι</strong></span> <span class='ocrx_word' id='word_1_314' title='bbox 772 3855 826 3923; x_wconf 78' lang='grc' dir='ltr'>τοῖς</span> <span class='ocrx_word' id='word_1_315' title='bbox 838 3855 941 3917; x_wconf 83' lang='grc' dir='ltr'>Ἀντεά-</span> 
     </span>
     <span class='ocr_line' id='line_1_41' title="bbox 165 3933 941 4028; baseline 0.005 -27"><span class='ocrx_word' id='word_1_316' title='bbox 165 3966 223 4009; x_wconf 87' lang='grc' dir='ltr'>ταις</span> <span class='ocrx_word' id='word_1_317' title='bbox 238 3933 304 4002; x_wconf 77' lang='grc' dir='ltr'>εἶναι</span> <span class='ocrx_word' id='word_1_318' title='bbox 319 3941 350 4001; x_wconf 84' lang='grc' dir='ltr'><strong>τδ</strong></span> <span class='ocrx_word' id='word_1_319' title='bbox 370 3941 502 4022; x_wconf 80' lang='grc' dir='ltr'>φρούριον.</span> <span class='ocrx_word' id='word_1_320' title='bbox 546 3944 640 4003; x_wconf 85' lang='grc' dir='ltr'>Ταῦτα</span> <span class='ocrx_word' id='word_1_321' title='bbox 664 3943 696 4016; x_wconf 78' lang='grc' dir='ltr'><strong>δή</strong></span> <span class='ocrx_word' id='word_1_322' title='bbox 718 3945 838 4026; x_wconf 77' lang='grc' dir='ltr'>ἐπράχθη</span> <span class='ocrx_word' id='word_1_323' title='bbox 860 3947 941 4028; x_wconf 80' lang='grc' dir='ltr'>χωρίς</span> 
     </span>
     <span class='ocr_line' id='line_1_42' title="bbox 165 4030 940 4113; baseline 0.006 -23"><span class='ocrx_word' id='word_1_324' title='bbox 165 4032 283 4111; x_wconf 81' lang='grc' dir='ltr'>ἑκατέρῳ</span> <span class='ocrx_word' id='word_1_325' title='bbox 309 4034 361 4090; x_wconf 92' lang='grc' dir='ltr'><strong>τῶν</strong></span> <span class='ocrx_word' id='word_1_326' title='bbox 383 4031 507 4110; x_wconf 87' lang='grc' dir='ltr'>ύπάτων,</span> <span class='ocrx_word' id='word_1_327' title='bbox 531 4030 578 4091; x_wconf 79' lang='grc' dir='ltr'><strong>καλ</strong></span> <span class='ocrx_word' id='word_1_328' title='bbox 610 4032 765 4113; x_wconf 67' lang='grc' dir='ltr'>ἀμφοτέροις</span> <span class='ocrx_word' id='word_1_329' title='bbox 800 4032 839 4094; x_wconf 86' lang='grc' dir='ltr'><strong>ἐτι</strong></span> <span class='ocrx_word' id='word_1_330' title='bbox 866 4034 940 4109; x_wconf 86' lang='grc' dir='ltr'>κοινή</span> 
     </span>
     <span class='ocr_line' id='line_1_43' title="bbox 165 4117 939 4205; baseline 0.005 -25"><span class='ocrx_word' id='word_1_331' title='bbox 165 4120 288 4202; x_wconf 86' lang='grc' dir='ltr'>στρατεία</span> <span class='ocrx_word' id='word_1_332' title='bbox 301 4127 355 4185; x_wconf 85' lang='grc' dir='ltr'>τοῖς</span> <span class='ocrx_word' id='word_1_333' title='bbox 367 4117 493 4199; x_wconf 83' lang='grc' dir='ltr'>ἀνδράσιν</span> <span class='ocrx_word' id='word_1_334' title='bbox 506 4119 550 4179; x_wconf 82' lang='grc' dir='ltr'><strong>ἐπὶ</strong></span> <span class='ocrx_word' id='word_1_335' title='bbox 564 4120 612 4193; x_wconf 81' lang='grc' dir='ltr'>τήν</span> <span class='ocrx_word' id='word_1_336' title='bbox 628 4120 750 4182; x_wconf 77' lang='grc' dir='ltr'>Σαίίνων</span> <span class='ocrx_word' id='word_1_337' title='bbox 761 4127 827 4202; x_wconf 81' lang='grc' dir='ltr'>γῆν,</span> <span class='ocrx_word' id='word_1_338' title='bbox 838 4123 855 4195; x_wconf 83' lang='grc' dir='ltr'>ἠ</span> <span class='ocrx_word' id='word_1_339' title='bbox 871 4122 939 4205; x_wconf 83' lang='grc' dir='ltr'>δῃώ·</span> 
     </span>
     <span class='ocr_line' id='line_1_44' title="bbox 164 4208 939 4289; baseline 0.005 -19"><span class='ocrx_word' id='word_1_340' title='bbox 164 4233 256 4274; x_wconf 88' lang='grc' dir='ltr'>σαντες</span> <span class='ocrx_word' id='word_1_341' title='bbox 272 4212 374 4282; x_wconf 80' lang='grc' dir='ltr'>ἀπῆγον</span> <span class='ocrx_word' id='word_1_342' title='bbox 390 4210 432 4268; x_wconf 80' lang='grc' dir='ltr'><strong>ἀπ’</strong></span> <span class='ocrx_word' id='word_1_343' title='bbox 445 4208 516 4269; x_wconf 87' lang='grc' dir='ltr'>οίκου</span> <span class='ocrx_word' id='word_1_344' title='bbox 530 4210 578 4284; x_wconf 84' lang='grc' dir='ltr'>τήν</span> <span class='ocrx_word' id='word_1_345' title='bbox 592 4209 713 4289; x_wconf 89' lang='grc' dir='ltr'>δύναμιν.</span> <span class='ocrx_word' id='word_1_346' title='bbox 760 4212 814 4273; x_wconf 75' lang='grc' dir='ltr'><strong>Καὶ</strong></span> <span class='ocrx_word' id='word_1_347' title='bbox 829 4215 939 4273; x_wconf 86' lang='grc' dir='ltr'>ύένιαυ-</span> 
     </span>
     <span class='ocr_line' id='line_1_45' title="bbox 163 4290 446 4367; baseline -0.004 -8"><span class='ocrx_word' id='word_1_348' title='bbox 163 4300 206 4367; x_wconf 82' lang='grc' dir='ltr'><strong>τὸς</strong></span> <span class='ocrx_word' id='word_1_349' title='bbox 227 4290 299 4366; x_wconf 82' lang='grc' dir='ltr'>αὐτος</span> <span class='ocrx_word' id='word_1_350' title='bbox 313 4297 446 4359; x_wconf 81' lang='grc' dir='ltr'>ἐτελεύτα.</span> 
     </span>
    </p>

    <p class='ocr_par' dir='ltr' id='par_1_3' title="bbox 162 4386 969 5268">
     <span class='ocr_line' id='line_1_46' title="bbox 202 4386 938 4470; baseline 0.004 -20"><span class='ocrx_word' id='word_1_351' title='bbox 202 4391 292 4452; x_wconf 79' lang='lat' dir='ltr'><strong>ivit.</strong></span> <span class='ocrx_word' id='word_1_352' title='bbox 316 4393 364 4470; x_wconf 83' lang='grc' dir='ltr'><strong>Τῷ</strong></span> <span class='ocrx_word' id='word_1_353' title='bbox 379 4389 404 4449; x_wconf 83' lang='grc' dir='ltr'><strong>δ’</strong></span> <span class='ocrx_word' id='word_1_354' title='bbox 415 4387 474 4460; x_wconf 72' lang='grc' dir='ltr'>ἑξῆς</span> <span class='ocrx_word' id='word_1_355' title='bbox 490 4386 558 4465; x_wconf 88' lang='grc' dir='ltr'>ἐτει,</span> <span class='ocrx_word' id='word_1_356' title='bbox 573 4390 655 4450; x_wconf 85' lang='grc' dir='ltr'>Τίτου</span> <span class='ocrx_word' id='word_1_357' title='bbox 671 4389 793 4452; x_wconf 85' lang='grc' dir='ltr'>Κοΐντίου</span> <span class='ocrx_word' id='word_1_358' title='bbox 811 4395 938 4453; x_wconf 86' lang='grc' dir='ltr'>Καπιτω-</span> 
     </span>
     <span class='ocr_line' id='line_1_47' title="bbox 162 4473 939 4559; baseline 0.008 -23"><span class='ocrx_word' id='word_1_359' title='bbox 162 4478 233 4536; x_wconf 88' lang='grc' dir='ltr'>λίνου</span> <span class='ocrx_word' id='word_1_360' title='bbox 255 4479 299 4538; x_wconf 82' lang='grc' dir='ltr'><strong>καλ</strong></span> <span class='ocrx_word' id='word_1_361' title='bbox 316 4473 428 4538; x_wconf 87' lang='grc' dir='ltr'>Κοίντου</span> <span class='ocrx_word' id='word_1_362' title='bbox 446 4477 600 4557; x_wconf 82' lang='grc' dir='ltr'>Σερουϊλίου</span> <span class='ocrx_word' id='word_1_363' title='bbox 627 4477 746 4559; x_wconf 86' lang='grc' dir='ltr'>Πρίσκου</span> <span class='ocrx_word' id='word_1_364' title='bbox 765 4477 813 4552; x_wconf 83' lang='grc' dir='ltr'>τήν</span> <span class='ocrx_word' id='word_1_365' title='bbox 838 4481 939 4542; x_wconf 86' lang='grc' dir='ltr'>ὐπατον</span> 
     </span>
     <span class='ocr_line' id='line_1_48' title="bbox 164 4564 939 4649; baseline 0.012 -28"><span class='ocrx_word' id='word_1_366' title='bbox 164 4564 249 4645; x_wconf 88' lang='grc' dir='ltr'>ἀρχήν</span> <span class='ocrx_word' id='word_1_367' title='bbox 264 4565 513 4649; x_wconf 83' lang='grc' dir='ltr'>παρειληρότων,ή</span> <span class='ocrx_word' id='word_1_368' title='bbox 532 4568 556 4625; x_wconf 88' lang='grc' dir='ltr'><strong>τ’</strong></span> <span class='ocrx_word' id='word_1_369' title='bbox 570 4567 655 4627; x_wconf 86' lang='grc' dir='ltr'>οίκεία</span> <span class='ocrx_word' id='word_1_370' title='bbox 671 4567 780 4645; x_wconf 88' lang='grc' dir='ltr'>δύναμις</span> <span class='ocrx_word' id='word_1_371' title='bbox 795 4566 939 4645; x_wconf 84' lang='grc' dir='ltr'>Ῥωμαίων</span> 
     </span>
     <span class='ocr_line' id='line_1_49' title="bbox 164 4647 939 4737; baseline 0.014 -29"><span class='ocrx_word' id='word_1_372' title='bbox 164 4652 255 4711; x_wconf 82' lang='grc' dir='ltr'>ἅπασα</span> <span class='ocrx_word' id='word_1_373' title='bbox 270 4657 297 4714; x_wconf 89' lang='grc' dir='ltr'>ἐν</span> <span class='ocrx_word' id='word_1_374' title='bbox 313 4666 367 4725; x_wconf 84' lang='grc' dir='ltr'>τοῖς</span> <span class='ocrx_word' id='word_1_375' title='bbox 386 4656 477 4724; x_wconf 78' lang='grc' dir='ltr'>ὅπλοις</span> <span class='ocrx_word' id='word_1_376' title='bbox 491 4647 522 4726; x_wconf 75' lang='grc' dir='ltr'>ἠν</span> <span class='ocrx_word' id='word_1_377' title='bbox 545 4656 591 4716; x_wconf 83' lang='grc' dir='ltr'><strong>καὶ</strong></span> <span class='ocrx_word' id='word_1_378' title='bbox 604 4657 637 4716; x_wconf 79' lang='grc' dir='ltr'><strong>τά</strong></span> <span class='ocrx_word' id='word_1_379' title='bbox 652 4654 812 4737; x_wconf 70' lang='grc' dir='ltr'>συμμαχικὰ</span> <span class='ocrx_word' id='word_1_380' title='bbox 833 4658 939 4719; x_wconf 80' lang='grc' dir='ltr'>ἑκούσια</span> 
     </span>
     <span class='ocr_line' id='line_1_50' title="bbox 164 4743 939 4825; baseline 0.01 -28"><span class='ocrx_word' id='word_1_381' title='bbox 164 4744 266 4818; x_wconf 78' lang='grc' dir='ltr'>παρῆν,</span> <span class='ocrx_word' id='word_1_382' title='bbox 290 4743 350 4822; x_wconf 79' lang='grc' dir='ltr'>πρὶν</span> <span class='ocrx_word' id='word_1_383' title='bbox 375 4746 572 4824; x_wconf 77' lang='grc' dir='ltr'>ἐπαγγελθῆναι</span> <span class='ocrx_word' id='word_1_384' title='bbox 595 4745 682 4812; x_wconf 81' lang='grc' dir='ltr'>αὐτοῖς</span> <span class='ocrx_word' id='word_1_385' title='bbox 707 4744 854 4825; x_wconf 90' lang='grc' dir='ltr'>στρατείαν.</span> <span class='ocrx_word' id='word_1_386' title='bbox 885 4747 939 4808; x_wconf 78' lang='grc' dir='ltr'><strong>Καὶ</strong></span> 
     </span>
     <span class='ocr_line' id='line_1_51' title="bbox 165 4828 939 4911; baseline 0.009 -23"><span class='ocrx_word' id='word_1_387' title='bbox 165 4828 233 4908; x_wconf 85' lang='grc' dir='ltr'>μετδι</span> <span class='ocrx_word' id='word_1_388' title='bbox 247 4835 324 4891; x_wconf 83' lang='grc' dir='ltr'>τοῦτο</span> <span class='ocrx_word' id='word_1_389' title='bbox 335 4833 412 4911; x_wconf 89' lang='grc' dir='ltr'>εὐχάς</span> <span class='ocrx_word' id='word_1_390' title='bbox 428 4857 456 4892; x_wconf 91' lang='grc' dir='ltr'><strong>τε</strong></span> <span class='ocrx_word' id='word_1_391' title='bbox 468 4832 644 4910; x_wconf 87' lang='grc' dir='ltr'>ποιησάμενοι</span> <span class='ocrx_word' id='word_1_392' title='bbox 655 4837 709 4901; x_wconf 85' lang='grc' dir='ltr'>τοῖς</span> <span class='ocrx_word' id='word_1_393' title='bbox 724 4839 789 4900; x_wconf 87' lang='grc' dir='ltr'>θεοῖς</span> <span class='ocrx_word' id='word_1_394' title='bbox 805 4834 829 4894; x_wconf 92' lang='grc' dir='ltr'>οί</span> <span class='ocrx_word' id='word_1_395' title='bbox 844 4832 939 4895; x_wconf 85' lang='grc' dir='ltr'>ύπατοι</span> 
     </span>
     <span class='ocr_line' id='line_1_52' title="bbox 164 4919 940 5003; baseline 0.005 -23"><span class='ocrx_word' id='word_1_396' title='bbox 164 4919 209 4980; x_wconf 84' lang='grc' dir='ltr'><strong>καλ</strong></span> <span class='ocrx_word' id='word_1_397' title='bbox 232 4919 392 4998; x_wconf 88' lang='grc' dir='ltr'>καθήραντες</span> <span class='ocrx_word' id='word_1_398' title='bbox 404 4920 448 4980; x_wconf 83' lang='grc' dir='ltr'><strong>τδν</strong></span> <span class='ocrx_word' id='word_1_399' title='bbox 467 4921 580 4996; x_wconf 81' lang='grc' dir='ltr'>στρατὸν</span> <span class='ocrx_word' id='word_1_400' title='bbox 596 4922 706 5003; x_wconf 73' lang='grc' dir='ltr'>ἐξήισαν</span> <span class='ocrx_word' id='word_1_401' title='bbox 723 4922 767 4981; x_wconf 82' lang='grc' dir='ltr'><strong>ἐπὶ</strong></span> <span class='ocrx_word' id='word_1_402' title='bbox 786 4921 845 4991; x_wconf 86' lang='grc' dir='ltr'><strong>τούς</strong></span> <span class='ocrx_word' id='word_1_403' title='bbox 864 4926 940 4983; x_wconf 87' lang='grc' dir='ltr'>πολε·</span> 
     </span>
     <span class='ocr_line' id='line_1_53' title="bbox 164 5000 937 5091; baseline 0.005 -25"><span class='ocrx_word' id='word_1_404' title='bbox 164 5008 248 5084; x_wconf 87' lang='grc' dir='ltr'>μίους.</span> <span class='ocrx_word' id='word_1_405' title='bbox 295 5005 405 5067; x_wconf 81' lang='grc' dir='ltr'>Σαθῐνοε</span> <span class='ocrx_word' id='word_1_406' title='bbox 419 5007 466 5084; x_wconf 68' lang='grc' dir='ltr'><strong>μέν</strong></span> <span class='ocrx_word' id='word_1_407' title='bbox 481 5000 542 5084; x_wconf 79' lang='grc' dir='ltr'>οὐν,</span> <span class='ocrx_word' id='word_1_408' title='bbox 559 5009 600 5091; x_wconf 85' lang='grc' dir='ltr'><strong>ἐρ’</strong></span> <span class='ocrx_word' id='word_1_409' title='bbox 615 5009 686 5077; x_wconf 66' lang='lat' dir='ltr'><strong>otei</strong></span> <span class='ocrx_word' id='word_1_410' title='bbox 704 5006 855 5089; x_wconf 82' lang='grc' dir='ltr'>Σερουίλιος</span> <span class='ocrx_word' id='word_1_411' title='bbox 867 5011 937 5083; x_wconf 83' lang='grc' dir='ltr'>ήλα·</span> 
     </span>
     <span class='ocr_line' id='line_1_54' title="bbox 163 5094 938 5174; baseline 0.004 -21"><span class='ocrx_word' id='word_1_412' title='bbox 163 5116 225 5172; x_wconf 88' lang='grc' dir='ltr'>σεν,</span> <span class='ocrx_word' id='word_1_413' title='bbox 241 5094 295 5155; x_wconf 85' lang='grc' dir='ltr'>οὐτ’</span> <span class='ocrx_word' id='word_1_414' title='bbox 310 5097 345 5161; x_wconf 83' lang='grc' dir='ltr'><strong>είς</strong></span> <span class='ocrx_word' id='word_1_415' title='bbox 356 5096 446 5174; x_wconf 87' lang='grc' dir='ltr'>μάχην</span> <span class='ocrx_word' id='word_1_416' title='bbox 458 5095 626 5169; x_wconf 81' lang='grc' dir='ltr'>κατέστησαν</span> <span class='ocrx_word' id='word_1_417' title='bbox 640 5099 694 5159; x_wconf 86' lang='grc' dir='ltr'>οὐτ’</span> <span class='ocrx_word' id='word_1_418' title='bbox 714 5096 818 5170; x_wconf 80' lang='grc' dir='ltr'>ἐξῆλθον</span> <span class='ocrx_word' id='word_1_419' title='bbox 834 5100 872 5164; x_wconf 80' lang='grc' dir='ltr'><strong>εἰς</strong></span> <span class='ocrx_word' id='word_1_420' title='bbox 891 5097 938 5171; x_wconf 87' lang='grc' dir='ltr'>τήν</span> 
     </span>
     <span class='ocr_line' id='line_1_55' title="bbox 163 5181 969 5268; baseline 0.006 -28"><span class='ocrx_word' id='word_1_421' title='bbox 163 5181 301 5265; x_wconf 73' lang='grc' dir='ltr'>ὕπαιθρον·</span> <span class='ocrx_word' id='word_1_422' title='bbox 316 5183 437 5263; x_wconf 88' lang='grc' dir='ltr'>μένοντες</span> <span class='ocrx_word' id='word_1_423' title='bbox 447 5184 471 5242; x_wconf 88' lang='grc' dir='ltr'><strong>δ’</strong></span> <span class='ocrx_word' id='word_1_424' title='bbox 484 5187 510 5243; x_wconf 94' lang='grc' dir='ltr'>ἐν</span> <span class='ocrx_word' id='word_1_425' title='bbox 526 5185 579 5252; x_wconf 79' lang='grc' dir='ltr'>τοῖς</span> <span class='ocrx_word' id='word_1_426' title='bbox 594 5186 724 5268; x_wconf 76' lang='grc' dir='ltr'>φρουρίοις</span> <span class='ocrx_word' id='word_1_427' title='bbox 737 5186 874 5266; x_wconf 75' lang='grc' dir='ltr'>ἠνείχοντο</span> <span class='ocrx_word' id='word_1_428' title='bbox 888 5191 938 5266; x_wconf 72' lang='grc' dir='ltr'><strong>γῆς</strong></span> <span class='ocrx_word' id='word_1_429' title='bbox 966 5230 969 5245; x_wconf 86' lang='grc'>.</span> 
     </span>
    </p>
   </div>
   <div class='ocr_carea' id='block_1_3' title="bbox 994 371 1777 1144">
    <p class='ocr_par' dir='ltr' id='par_1_4' title="bbox 994 371 1777 1144">
     <span class='ocr_line' id='line_1_56' title="bbox 1713 371 1774 434; baseline 0.066 -4"><span class='ocrx_word' id='word_1_430' title='bbox 1713 371 1774 434; x_wconf 74' lang='lat' dir='ltr'><strong>tue</strong></span> 
     </span>
     <span class='ocr_line' id='line_1_57' title="bbox 995 494 1774 566; baseline 0.008 -20"><span class='ocrx_word' id='word_1_431' title='bbox 995 495 1086 546; x_wconf 76' lang='grc' dir='ltr'>ταναοῖο</span> <span class='ocrx_word' id='word_1_432' title='bbox 1107 494 1244 548; x_wconf 83' lang='lat' dir='ltr'><strong>custodiis,</strong></span> <span class='ocrx_word' id='word_1_433' title='bbox 1267 494 1314 558; x_wconf 87' lang='lat' dir='ltr'><strong>ipsi</strong></span> <span class='ocrx_word' id='word_1_434' title='bbox 1336 507 1395 544; x_wconf 89' lang='lat' dir='ltr'><strong>cum</strong></span> <span class='ocrx_word' id='word_1_435' title='bbox 1418 494 1610 558; x_wconf 75' lang='lat' dir='ltr'><strong>expeditissimis</strong></span> <span class='ocrx_word' id='word_1_436' title='bbox 1631 498 1774 566; x_wconf 82' lang='lat' dir='ltr'><strong>quibusque</strong></span> 
     </span>
     <span class='ocr_line' id='line_1_58' title="bbox 994 589 1775 659; baseline -0.003 -16"><span class='ocrx_word' id='word_1_437' title='bbox 994 592 1126 643; x_wconf 72' lang='lat' dir='ltr'><strong>stelionem</strong></span> <span class='ocrx_word' id='word_1_438' title='bbox 1143 603 1188 655; x_wconf 93' lang='lat' dir='ltr'><strong>pro</strong></span> <span class='ocrx_word' id='word_1_439' title='bbox 1212 590 1290 654; x_wconf 86' lang='lat' dir='ltr'><strong>portis</strong></span> <span class='ocrx_word' id='word_1_440' title='bbox 1313 589 1630 655; x_wconf 81' lang='lat' dir='ltr'><strong>habebant‚exspectnntes</strong></span> <span class='ocrx_word' id='word_1_441' title='bbox 1652 595 1715 659; x_wconf 84' lang='lat' dir='ltr'><strong>qnid</strong></span> <span class='ocrx_word' id='word_1_442' title='bbox 1734 612 1775 647; x_wconf 73' lang='lat' dir='ltr'><strong>re.</strong></span> 
     </span>
     <span class='ocr_line' id='line_1_59' title="bbox 995 687 1775 754; baseline 0.005 -15"><span class='ocrx_word' id='word_1_443' title='bbox 995 688 1139 740; x_wconf 87' lang='lat' dir='ltr'><strong>nuntiarent</strong></span> <span class='ocrx_word' id='word_1_444' title='bbox 1152 687 1257 754; x_wconf 87' lang='lat' dir='ltr'><strong>equites.</strong></span> <span class='ocrx_word' id='word_1_445' title='bbox 1291 691 1375 745; x_wconf 87' lang='lat' dir='ltr'><strong>Quum</strong></span> <span class='ocrx_word' id='word_1_446' title='bbox 1390 691 1473 738; x_wconf 82' lang='lat' dir='ltr'><strong>eutem</strong></span> <span class='ocrx_word' id='word_1_447' title='bbox 1486 687 1541 738; x_wconf 90' lang='lat' dir='ltr'><strong>dies</strong></span> <span class='ocrx_word' id='word_1_448' title='bbox 1551 687 1682 749; x_wconf 73' lang='lat' dir='ltr'><strong>illuxisset,</strong></span> <span class='ocrx_word' id='word_1_449' title='bbox 1694 697 1720 742; x_wconf 92' lang='lat' dir='ltr'><strong>et</strong></span> <span class='ocrx_word' id='word_1_450' title='bbox 1730 706 1775 743; x_wconf 93' lang='lat' dir='ltr'><strong>ur-</strong></span> 
     </span>
     <span class='ocr_line' id='line_1_60' title="bbox 995 785 1775 849; baseline 0.001 -11"><span class='ocrx_word' id='word_1_451' title='bbox 995 786 1065 838; x_wconf 83' lang='lat' dir='ltr'><strong>bonoe</strong></span> <span class='ocrx_word' id='word_1_452' title='bbox 1085 786 1161 849; x_wconf 76' lang='lat' dir='ltr'><strong>coptu</strong></span> <span class='ocrx_word' id='word_1_453' title='bbox 1184 785 1294 836; x_wconf 77' lang='lat' dir='ltr'><strong>collecta</strong></span> <span class='ocrx_word' id='word_1_454' title='bbox 1308 789 1403 844; x_wconf 88' lang='lat' dir='ltr'><strong>essent,</strong></span> <span class='ocrx_word' id='word_1_455' title='bbox 1427 799 1470 835; x_wconf 87' lang='lat' dir='ltr'><strong>eas</strong></span> <span class='ocrx_word' id='word_1_456' title='bbox 1489 789 1577 836; x_wconf 83' lang='lat' dir='ltr'><strong>contra</strong></span> <span class='ocrx_word' id='word_1_457' title='bbox 1598 788 1681 839; x_wconf 86' lang='lat' dir='ltr'><strong>trustes</strong></span> <span class='ocrx_word' id='word_1_458' title='bbox 1693 789 1775 839; x_wconf 85' lang='lat' dir='ltr'><strong>duxe-</strong></span> 
     </span>
     <span class='ocr_line' id='line_1_61' title="bbox 996 884 1777 950; baseline 0.001 -14"><span class='ocrx_word' id='word_1_459' title='bbox 996 888 1062 936; x_wconf 88' lang='lat' dir='ltr'><strong>ruut.</strong></span> <span class='ocrx_word' id='word_1_460' title='bbox 1100 885 1138 935; x_wconf 88' lang='lat' dir='ltr'><strong>lili</strong></span> <span class='ocrx_word' id='word_1_461' title='bbox 1157 899 1217 936; x_wconf 82' lang='lat' dir='ltr'><strong>vero</strong></span> <span class='ocrx_word' id='word_1_462' title='bbox 1241 884 1340 948; x_wconf 86' lang='lat' dir='ltr'><strong>direpto</strong></span> <span class='ocrx_word' id='word_1_463' title='bbox 1350 884 1501 950; x_wconf 90' lang='lat' dir='ltr'><strong>incensoque</strong></span> <span class='ocrx_word' id='word_1_464' title='bbox 1524 885 1642 945; x_wconf 79' lang='lat' dir='ltr'><strong>castello,</strong></span> <span class='ocrx_word' id='word_1_465' title='bbox 1663 887 1777 938; x_wconf 75' lang='lat' dir='ltr'><strong>celeriter</strong></span> 
     </span>
     <span class='ocr_line' id='line_1_62' title="bbox 995 981 1775 1050; baseline 0.001 -17"><span class='ocrx_word' id='word_1_466' title='bbox 995 981 1116 1034; x_wconf 81' lang='lat' dir='ltr'><strong>abierant.</strong></span> <span class='ocrx_word' id='word_1_467' title='bbox 1150 985 1214 1033; x_wconf 86' lang='lat' dir='ltr'><strong>Tum</strong></span> <span class='ocrx_word' id='word_1_468' title='bbox 1230 982 1306 1045; x_wconf 85' lang='lat' dir='ltr'><strong>igitur</strong></span> <span class='ocrx_word' id='word_1_469' title='bbox 1325 981 1448 1043; x_wconf 80' lang='lat' dir='ltr'><strong>consules,</strong></span> <span class='ocrx_word' id='word_1_470' title='bbox 1474 982 1598 1034; x_wconf 83' lang='lat' dir='ltr'><strong>exstincto</strong></span> <span class='ocrx_word' id='word_1_471' title='bbox 1621 984 1718 1050; x_wconf 91' lang='lat' dir='ltr'><strong>reliquo</strong></span> <span class='ocrx_word' id='word_1_472' title='bbox 1741 985 1775 1034; x_wconf 92' lang='lat' dir='ltr'><strong>in·</strong></span> 
     </span>
     <span class='ocr_line' id='line_1_63' title="bbox 996 1079 1775 1144; baseline 0.001 -12"><span class='ocrx_word' id='word_1_473' title='bbox 996 1079 1083 1132; x_wconf 86' lang='lat' dir='ltr'><strong>cendio</strong></span> <span class='ocrx_word' id='word_1_474' title='bbox 1095 1079 1262 1144; x_wconf 77' lang='lat' dir='ltr'><strong>presidioque</strong></span> <span class='ocrx_word' id='word_1_475' title='bbox 1280 1079 1367 1130; x_wconf 88' lang='lat' dir='ltr'><strong>relicto</strong></span> <span class='ocrx_word' id='word_1_476' title='bbox 1383 1079 1451 1144; x_wconf 92' lang='lat' dir='ltr'><strong>quod</strong></span> <span class='ocrx_word' id='word_1_477' title='bbox 1474 1081 1610 1133; x_wconf 74' lang='lat' dir='ltr'><strong>custodiret</strong></span> <span class='ocrx_word' id='word_1_478' title='bbox 1629 1083 1775 1142; x_wconf 84' lang='lat' dir='ltr'><strong>castellum,</strong></span> 
     </span>
    </p>
   </div>
   <div class='ocr_carea' id='block_1_4' title="bbox 995 1177 1882 1245">
    <p class='ocr_par' dir='ltr' id='par_1_5' title="bbox 995 1177 1882 1245">
     <span class='ocr_line' id='line_1_64' title="bbox 995 1177 1882 1245; baseline 0.001 -16"><span class='ocrx_word' id='word_1_479' title='bbox 995 1179 1022 1230; x_wconf 92' lang='lat' dir='ltr'><strong>in</strong></span> <span class='ocrx_word' id='word_1_480' title='bbox 1042 1178 1130 1229; x_wconf 87' lang='lat' dir='ltr'><strong>urbem</strong></span> <span class='ocrx_word' id='word_1_481' title='bbox 1156 1181 1216 1228; x_wconf 84' lang='lat' dir='ltr'><strong>suni</strong></span> <span class='ocrx_word' id='word_1_482' title='bbox 1238 1177 1341 1228; x_wconf 85' lang='lat' dir='ltr'><strong>reversi.</strong></span> <span class='ocrx_word' id='word_1_483' title='bbox 1375 1179 1465 1228; x_wconf 84' lang='lat' dir='ltr'><strong>Paucis</strong></span> <span class='ocrx_word' id='word_1_484' title='bbox 1482 1183 1566 1230; x_wconf 84' lang='lat' dir='ltr'><strong>sutem</strong></span> <span class='ocrx_word' id='word_1_485' title='bbox 1595 1187 1652 1245; x_wconf 89' lang='lat' dir='ltr'><strong>post</strong></span> <span class='ocrx_word' id='word_1_486' title='bbox 1676 1181 1774 1237; x_wconf 83' lang='lat' dir='ltr'><strong>diebus,</strong></span> <span class='ocrx_word' id='word_1_487' title='bbox 1879 1204 1882 1217; x_wconf 92' lang='lat'>·</span> 
     </span>
    </p>
   </div>
   <div class='ocr_carea' id='block_1_5' title="bbox 994 1276 1812 4285">
    <p class='ocr_par' dir='ltr' id='par_1_6' title="bbox 994 1276 1812 4285">
     <span class='ocr_line' id='line_1_65' title="bbox 996 1276 1777 1347; baseline 0.003 -20"><span class='ocrx_word' id='word_1_488' title='bbox 996 1277 1070 1328; x_wconf 82' lang='lat' dir='ltr'><strong>umbo</strong></span> <span class='ocrx_word' id='word_1_489' title='bbox 1085 1291 1143 1329; x_wconf 91' lang='lat' dir='ltr'><strong>cum</strong></span> <span class='ocrx_word' id='word_1_490' title='bbox 1154 1276 1297 1328; x_wconf 81' lang='lat' dir='ltr'><strong>domesticis</strong></span> <span class='ocrx_word' id='word_1_491' title='bbox 1310 1280 1387 1342; x_wconf 86' lang='lat' dir='ltr'><strong>alque</strong></span> <span class='ocrx_word' id='word_1_492' title='bbox 1404 1278 1527 1329; x_wconf 85' lang='lat' dir='ltr'><strong>sociorum</strong></span> <span class='ocrx_word' id='word_1_493' title='bbox 1540 1280 1618 1347; x_wconf 86' lang='lat' dir='ltr'><strong>copiis</strong></span> <span class='ocrx_word' id='word_1_494' title='bbox 1638 1280 1777 1345; x_wconf 80' lang='lat' dir='ltr'><strong>expeditio·</strong></span> 
     </span>
     <span class='ocr_line' id='line_1_66' title="bbox 996 1373 1774 1440; baseline 0.001 -14"><span class='ocrx_word' id='word_1_495' title='bbox 996 1389 1053 1427; x_wconf 91' lang='lat' dir='ltr'><strong>uern</strong></span> <span class='ocrx_word' id='word_1_496' title='bbox 1064 1373 1192 1438; x_wconf 77' lang='lat' dir='ltr'><strong>iecerunt3</strong></span> <span class='ocrx_word' id='word_1_497' title='bbox 1206 1374 1332 1439; x_wconf 80' lang='lat' dir='ltr'><strong>Virginius</strong></span> <span class='ocrx_word' id='word_1_498' title='bbox 1347 1374 1371 1424; x_wconf 93' lang='lat' dir='ltr'><strong>in</strong></span> <span class='ocrx_word' id='word_1_499' title='bbox 1390 1377 1493 1440; x_wconf 64' lang='lat' dir='ltr'><strong>liquos,</strong></span> <span class='ocrx_word' id='word_1_500' title='bbox 1511 1376 1640 1427; x_wconf 83' lang='lat' dir='ltr'><strong>Numicius</strong></span> <span class='ocrx_word' id='word_1_501' title='bbox 1658 1377 1682 1427; x_wconf 92' lang='lat' dir='ltr'><strong>in</strong></span> <span class='ocrx_word' id='word_1_502' title='bbox 1700 1378 1774 1428; x_wconf 82' lang='lat' dir='ltr'><strong>Vols·</strong></span> 
     </span>
     <span class='ocr_line' id='line_1_67' title="bbox 996 1471 1774 1536; baseline 0.003 -14"><span class='ocrx_word' id='word_1_503' title='bbox 996 1485 1039 1522; x_wconf 82' lang='lat' dir='ltr'><strong>cos</strong></span> <span class='ocrx_word' id='word_1_504' title='bbox 1061 1490 1068 1522; x_wconf 77' lang='lat' dir='ltr'><strong>r</strong></span> <span class='ocrx_word' id='word_1_505' title='bbox 1084 1471 1223 1536; x_wconf 74' lang='lat' dir='ltr'><strong>utrimque</strong></span> <span class='ocrx_word' id='word_1_506' title='bbox 1246 1471 1340 1522; x_wconf 90' lang='lat' dir='ltr'><strong>bellum</strong></span> <span class='ocrx_word' id='word_1_507' title='bbox 1354 1486 1385 1523; x_wconf 83' lang='lat' dir='ltr'><strong>ex</strong></span> <span class='ocrx_word' id='word_1_508' title='bbox 1404 1473 1480 1523; x_wconf 84' lang='lat' dir='ltr'><strong>animi</strong></span> <span class='ocrx_word' id='word_1_509' title='bbox 1497 1473 1619 1524; x_wconf 85' lang='lat' dir='ltr'><strong>sententia</strong></span> <span class='ocrx_word' id='word_1_510' title='bbox 1648 1475 1774 1525; x_wconf 85' lang='lat' dir='ltr'><strong>successit.</strong></span> 
     </span>
     <span class='ocr_line' id='line_1_68' title="bbox 996 1567 1777 1636; baseline 0.005 -20"><span class='ocrx_word' id='word_1_511' title='bbox 996 1567 1058 1617; x_wconf 85' lang='lat' dir='ltr'><strong>item</strong></span> <span class='ocrx_word' id='word_1_512' title='bbox 1073 1567 1146 1633; x_wconf 77' lang='lat' dir='ltr'><strong>AEqui</strong></span> <span class='ocrx_word' id='word_1_513' title='bbox 1160 1582 1217 1618; x_wconf 87' lang='lat' dir='ltr'><strong>curn</strong></span> <span class='ocrx_word' id='word_1_514' title='bbox 1229 1568 1349 1634; x_wconf 85' lang='lat' dir='ltr'><strong>Virginio,</strong></span> <span class='ocrx_word' id='word_1_515' title='bbox 1363 1583 1449 1633; x_wconf 85' lang='lat' dir='ltr'><strong>agrum</strong></span> <span class='ocrx_word' id='word_1_516' title='bbox 1464 1570 1574 1636; x_wconf 89' lang='lat' dir='ltr'><strong>ipsorum</strong></span> <span class='ocrx_word' id='word_1_517' title='bbox 1588 1572 1708 1628; x_wconf 71' lang='lat' dir='ltr'><strong>vasmnte,</strong></span> <span class='ocrx_word' id='word_1_518' title='bbox 1720 1583 1777 1620; x_wconf 90' lang='lat' dir='ltr'><strong>con-</strong></span> 
     </span>
     <span class='ocr_line' id='line_1_69' title="bbox 996 1664 1776 1734; baseline 0.004 -19"><span class='ocrx_word' id='word_1_519' title='bbox 996 1664 1076 1729; x_wconf 87' lang='lat' dir='ltr'><strong>gredit</strong></span> <span class='ocrx_word' id='word_1_520' title='bbox 1086 1670 1198 1716; x_wconf 87' lang='lat' dir='ltr'><strong>nonsunt</strong></span> <span class='ocrx_word' id='word_1_521' title='bbox 1207 1667 1262 1718; x_wconf 83' lang='lat' dir='ltr'><strong>ausi</strong></span> <span class='ocrx_word' id='word_1_522' title='bbox 1272 1687 1277 1716; x_wconf 92' lang='lat'>:</span> <span class='ocrx_word' id='word_1_523' title='bbox 1288 1668 1432 1733; x_wconf 86' lang='lat' dir='ltr'><strong>quinetiam,</strong></span> <span class='ocrx_word' id='word_1_524' title='bbox 1447 1683 1527 1734; x_wconf 90' lang='lat' dir='ltr'><strong>quum</strong></span> <span class='ocrx_word' id='word_1_525' title='bbox 1541 1683 1643 1719; x_wconf 83' lang='lat' dir='ltr'><strong>menum</strong></span> <span class='ocrx_word' id='word_1_526' title='bbox 1650 1666 1776 1734; x_wconf 87' lang='lat' dir='ltr'><strong>quandam</strong></span> 
     </span>
     <span class='ocr_line' id='line_1_70' title="bbox 996 1762 1777 1833; baseline 0.006 -20"><span class='ocrx_word' id='word_1_527' title='bbox 996 1762 1117 1814; x_wconf 86' lang='lat' dir='ltr'><strong>lectorum</strong></span> <span class='ocrx_word' id='word_1_528' title='bbox 1136 1763 1247 1814; x_wconf 86' lang='lat' dir='ltr'><strong>virorum</strong></span> <span class='ocrx_word' id='word_1_529' title='bbox 1267 1765 1292 1814; x_wconf 94' lang='lat' dir='ltr'><strong>in</strong></span> <span class='ocrx_word' id='word_1_530' title='bbox 1310 1765 1407 1816; x_wconf 87' lang='lat' dir='ltr'><strong>insidiis</strong></span> <span class='ocrx_word' id='word_1_531' title='bbox 1419 1767 1445 1817; x_wconf 92' lang='lat' dir='ltr'><strong>in</strong></span> <span class='ocrx_word' id='word_1_532' title='bbox 1462 1767 1532 1818; x_wconf 80' lang='lat' dir='ltr'><strong>silvis</strong></span> <span class='ocrx_word' id='word_1_533' title='bbox 1545 1769 1721 1828; x_wconf 76' lang='lat' dir='ltr'><strong>collocassent,</strong></span> <span class='ocrx_word' id='word_1_534' title='bbox 1731 1767 1777 1833; x_wconf 93' lang='lat' dir='ltr'><strong>qui</strong></span> 
     </span>
     <span class='ocr_line' id='line_1_71' title="bbox 997 1859 1776 1926; baseline 0.005 -18"><span class='ocrx_word' id='word_1_535' title='bbox 997 1859 1082 1910; x_wconf 85' lang='lat' dir='ltr'><strong>hostes</strong></span> <span class='ocrx_word' id='word_1_536' title='bbox 1103 1859 1215 1924; x_wconf 83' lang='lat' dir='ltr'><strong>polentes</strong></span> <span class='ocrx_word' id='word_1_537' title='bbox 1236 1860 1436 1924; x_wconf 77' lang='lat' dir='ltr'><strong>aggrederentur,</strong></span> <span class='ocrx_word' id='word_1_538' title='bbox 1449 1875 1495 1912; x_wconf 83' lang='lat' dir='ltr'><strong>sue</strong></span> <span class='ocrx_word' id='word_1_539' title='bbox 1510 1876 1553 1926; x_wconf 89' lang='lat' dir='ltr'><strong>spo</strong></span> <span class='ocrx_word' id='word_1_540' title='bbox 1572 1860 1685 1914; x_wconf 76' lang='lat' dir='ltr'><strong>frustrati</strong></span> <span class='ocrx_word' id='word_1_541' title='bbox 1700 1866 1776 1922; x_wconf 85' lang='lat' dir='ltr'><strong>sunt,</strong></span> 
     </span>
     <span class='ocr_line' id='line_1_72' title="bbox 996 1955 1776 2024; baseline 0.009 -19"><span class='ocrx_word' id='word_1_542' title='bbox 996 1955 1057 2022; x_wconf 87' lang='lat' dir='ltr'><strong>quia</strong></span> <span class='ocrx_word' id='word_1_543' title='bbox 1070 1956 1173 2007; x_wconf 77' lang='lat' dir='ltr'><strong>Romani</strong></span> <span class='ocrx_word' id='word_1_544' title='bbox 1181 1960 1278 2009; x_wconf 80' lang='lat' dir='ltr'><strong>mature</strong></span> <span class='ocrx_word' id='word_1_545' title='bbox 1291 1957 1377 2009; x_wconf 90' lang='lat' dir='ltr'><strong>dolum</strong></span> <span class='ocrx_word' id='word_1_546' title='bbox 1386 1962 1517 2009; x_wconf 87' lang='lat' dir='ltr'><strong>senserunt</strong></span> <span class='ocrx_word' id='word_1_547' title='bbox 1527 1973 1684 2024; x_wconf 83' lang='lat' dir='ltr'><strong>pugnumque</strong></span> <span class='ocrx_word' id='word_1_548' title='bbox 1695 1974 1776 2012; x_wconf 81' lang='lat' dir='ltr'><strong>uorem</strong></span> 
     </span>
     <span class='ocr_line' id='line_1_73' title="bbox 998 2055 1775 2122; baseline 0.005 -18"><span class='ocrx_word' id='word_1_549' title='bbox 998 2055 1182 2117; x_wconf 88' lang='lat' dir='ltr'><strong>commiserunt,</strong></span> <span class='ocrx_word' id='word_1_550' title='bbox 1200 2055 1225 2107; x_wconf 90' lang='lat' dir='ltr'><strong>in</strong></span> <span class='ocrx_word' id='word_1_551' title='bbox 1237 2071 1288 2121; x_wconf 85' lang='lat' dir='ltr'><strong>que</strong></span> <span class='ocrx_word' id='word_1_552' title='bbox 1301 2057 1395 2107; x_wconf 85' lang='lat' dir='ltr'><strong>multos</strong></span> <span class='ocrx_word' id='word_1_553' title='bbox 1409 2056 1441 2107; x_wconf 93' lang='lat' dir='ltr'><strong>de</strong></span> <span class='ocrx_word' id='word_1_554' title='bbox 1462 2057 1515 2106; x_wconf 88' lang='lat' dir='ltr'><strong>suis</strong></span> <span class='ocrx_word' id='word_1_555' title='bbox 1526 2058 1601 2122; x_wconf 82' lang='lat' dir='ltr'><strong>AEqui</strong></span> <span class='ocrx_word' id='word_1_556' title='bbox 1624 2059 1775 2116; x_wconf 82' lang='lat' dir='ltr'><strong>emiserunt,</strong></span> 
     </span>
     <span class='ocr_line' id='line_1_74' title="bbox 998 2151 1812 2219; baseline 0.001 -18"><span class='ocrx_word' id='word_1_557' title='bbox 998 2151 1033 2202; x_wconf 84' lang='lat' dir='ltr'><strong>its</strong></span> <span class='ocrx_word' id='word_1_558' title='bbox 1047 2152 1188 2204; x_wconf 85' lang='lat' dir='ltr'><strong>utalterius</strong></span> <span class='ocrx_word' id='word_1_559' title='bbox 1209 2154 1289 2219; x_wconf 85' lang='lat' dir='ltr'><strong>proelii</strong></span> <span class='ocrx_word' id='word_1_560' title='bbox 1306 2154 1430 2206; x_wconf 72' lang='lat' dir='ltr'><strong>somenam</strong></span> <span class='ocrx_word' id='word_1_561' title='bbox 1448 2169 1480 2205; x_wconf 92' lang='lat' dir='ltr'><strong>ne</strong></span> <span class='ocrx_word' id='word_1_562' title='bbox 1491 2157 1586 2204; x_wconf 75' lang='lat' dir='ltr'><strong>tentare</strong></span> <span class='ocrx_word' id='word_1_563' title='bbox 1606 2154 1708 2219; x_wconf 86' lang='lat' dir='ltr'><strong>quidem</strong></span> <span class='ocrx_word' id='word_1_564' title='bbox 1721 2154 1776 2203; x_wconf 88' lang='lat' dir='ltr'><strong>rel·</strong></span> <span class='ocrx_word' id='word_1_565' title='bbox 1810 2189 1812 2193; x_wconf 67' lang='lat'><strong>,</strong></span> 
     </span>
     <span class='ocr_line' id='line_1_75' title="bbox 998 2252 1776 2320; baseline 0.004 -19"><span class='ocrx_word' id='word_1_566' title='bbox 998 2252 1058 2302; x_wconf 89' lang='lat' dir='ltr'><strong>lent.</strong></span> <span class='ocrx_word' id='word_1_567' title='bbox 1090 2254 1203 2306; x_wconf 82' lang='lat' dir='ltr'><strong>Numicio</strong></span> <span class='ocrx_word' id='word_1_568' title='bbox 1226 2269 1326 2320; x_wconf 89' lang='lat' dir='ltr'><strong>quoque</strong></span> <span class='ocrx_word' id='word_1_569' title='bbox 1339 2255 1440 2306; x_wconf 88' lang='lat' dir='ltr'><strong>ducenti</strong></span> <span class='ocrx_word' id='word_1_570' title='bbox 1463 2255 1602 2306; x_wconf 78' lang='lat' dir='ltr'><strong>exereitum</strong></span> <span class='ocrx_word' id='word_1_571' title='bbox 1621 2255 1653 2305; x_wconf 78' lang='lat' dir='ltr'><strong>sd</strong></span> <span class='ocrx_word' id='word_1_572' title='bbox 1675 2255 1776 2305; x_wconf 79' lang='lat' dir='ltr'><strong>Antium</strong></span> 
     </span>
     <span class='ocr_line' id='line_1_76' title="bbox 998 2352 1774 2418; baseline 0 -16"><span class='ocrx_word' id='word_1_573' title='bbox 998 2353 1094 2414; x_wconf 88' lang='lat' dir='ltr'><strong>urbem,</strong></span> <span class='ocrx_word' id='word_1_574' title='bbox 1106 2367 1163 2418; x_wconf 78' lang='lat' dir='ltr'><strong>qum</strong></span> <span class='ocrx_word' id='word_1_575' title='bbox 1178 2358 1237 2405; x_wconf 92' lang='lat' dir='ltr'><strong>tuuc</strong></span> <span class='ocrx_word' id='word_1_576' title='bbox 1249 2353 1315 2404; x_wconf 90' lang='lat' dir='ltr'><strong>inter</strong></span> <span class='ocrx_word' id='word_1_577' title='bbox 1325 2352 1455 2417; x_wconf 84' lang='lat' dir='ltr'><strong>primarias</strong></span> <span class='ocrx_word' id='word_1_578' title='bbox 1467 2353 1613 2403; x_wconf 89' lang='lat' dir='ltr'><strong>Volscorum</strong></span> <span class='ocrx_word' id='word_1_579' title='bbox 1630 2352 1704 2403; x_wconf 89' lang='lat' dir='ltr'><strong>urbes</strong></span> <span class='ocrx_word' id='word_1_580' title='bbox 1713 2357 1774 2414; x_wconf 85' lang='lat' dir='ltr'><strong>cmi,</strong></span> 
     </span>
     <span class='ocr_line' id='line_1_77' title="bbox 998 2447 1777 2514; baseline 0 -15"><span class='ocrx_word' id='word_1_581' title='bbox 998 2449 1081 2500; x_wconf 88' lang='lat' dir='ltr'><strong>nullus</strong></span> <span class='ocrx_word' id='word_1_582' title='bbox 1101 2450 1225 2501; x_wconf 84' lang='lat' dir='ltr'><strong>exercitus</strong></span> <span class='ocrx_word' id='word_1_583' title='bbox 1242 2463 1269 2501; x_wconf 91' lang='lat' dir='ltr'><strong>se</strong></span> <span class='ocrx_word' id='word_1_584' title='bbox 1280 2448 1416 2514; x_wconf 86' lang='lat' dir='ltr'><strong>opposuit:</strong></span> <span class='ocrx_word' id='word_1_585' title='bbox 1439 2447 1484 2499; x_wconf 90' lang='lat' dir='ltr'><strong>sed</strong></span> <span class='ocrx_word' id='word_1_586' title='bbox 1502 2462 1587 2498; x_wconf 89' lang='lat' dir='ltr'><strong>omues</strong></span> <span class='ocrx_word' id='word_1_587' title='bbox 1601 2463 1632 2499; x_wconf 84' lang='lat' dir='ltr'><strong>ex</strong></span> <span class='ocrx_word' id='word_1_588' title='bbox 1654 2449 1777 2499; x_wconf 88' lang='lat' dir='ltr'><strong>moeuibus</strong></span> 
     </span>
     <span class='ocr_line' id='line_1_78' title="bbox 998 2548 1776 2614; baseline -0.003 -16"><span class='ocrx_word' id='word_1_589' title='bbox 998 2561 1024 2598; x_wconf 87' lang='lat' dir='ltr'><strong>se</strong></span> <span class='ocrx_word' id='word_1_590' title='bbox 1043 2548 1174 2600; x_wconf 81' lang='lat' dir='ltr'><strong>detondere</strong></span> <span class='ocrx_word' id='word_1_591' title='bbox 1188 2548 1346 2614; x_wconf 78' lang='lat' dir='ltr'><strong>cogebantur.</strong></span> <span class='ocrx_word' id='word_1_592' title='bbox 1381 2549 1477 2598; x_wconf 84' lang='lat' dir='ltr'><strong>Interea</strong></span> <span class='ocrx_word' id='word_1_593' title='bbox 1493 2560 1553 2597; x_wconf 85' lang='lat' dir='ltr'><strong>vero</strong></span> <span class='ocrx_word' id='word_1_594' title='bbox 1567 2551 1593 2597; x_wconf 90' lang='lat' dir='ltr'><strong>et</strong></span> <span class='ocrx_word' id='word_1_595' title='bbox 1615 2561 1673 2609; x_wconf 84' lang='lat' dir='ltr'><strong>ager</strong></span> <span class='ocrx_word' id='word_1_596' title='bbox 1690 2561 1776 2597; x_wconf 90' lang='lat' dir='ltr'><strong>curum</strong></span> 
     </span>
     <span class='ocr_line' id='line_1_79' title="bbox 998 2643 1777 2711; baseline -0.004 -15"><span class='ocrx_word' id='word_1_597' title='bbox 998 2645 1061 2696; x_wconf 91' lang='lat' dir='ltr'><strong>bonu</strong></span> <span class='ocrx_word' id='word_1_598' title='bbox 1073 2659 1103 2696; x_wconf 80' lang='lat' dir='ltr'><strong>ex</strong></span> <span class='ocrx_word' id='word_1_599' title='bbox 1115 2649 1185 2711; x_wconf 86' lang='lat' dir='ltr'><strong>purte</strong></span> <span class='ocrx_word' id='word_1_600' title='bbox 1198 2648 1313 2696; x_wconf 82' lang='lat' dir='ltr'><strong>vastatus</strong></span> <span class='ocrx_word' id='word_1_601' title='bbox 1321 2648 1367 2705; x_wconf 79' lang='lat' dir='ltr'><strong>est,</strong></span> <span class='ocrx_word' id='word_1_602' title='bbox 1382 2647 1406 2695; x_wconf 91' lang='lat' dir='ltr'><strong>ct</strong></span> <span class='ocrx_word' id='word_1_603' title='bbox 1416 2643 1562 2708; x_wconf 84' lang='lat' dir='ltr'><strong>oppidulum</strong></span> <span class='ocrx_word' id='word_1_604' title='bbox 1582 2643 1709 2707; x_wconf 78' lang='lat' dir='ltr'><strong>quoddam</strong></span> <span class='ocrx_word' id='word_1_605' title='bbox 1722 2657 1777 2693; x_wconf 90' lang='lat' dir='ltr'><strong>ma·</strong></span> 
     </span>
     <span class='ocr_line' id='line_1_80' title="bbox 998 2740 1777 2809; baseline 0 -17"><span class='ocrx_word' id='word_1_606' title='bbox 998 2743 1110 2794; x_wconf 90' lang='lat' dir='ltr'><strong>rilimum</strong></span> <span class='ocrx_word' id='word_1_607' title='bbox 1124 2747 1289 2809; x_wconf 85' lang='lat' dir='ltr'><strong>captumest,</strong></span> <span class='ocrx_word' id='word_1_608' title='bbox 1309 2743 1451 2808; x_wconf 88' lang='lat' dir='ltr'><strong>quoderat</strong></span> <span class='ocrx_word' id='word_1_609' title='bbox 1472 2740 1522 2792; x_wconf 89' lang='lat' dir='ltr'><strong>illis</strong></span> <span class='ocrx_word' id='word_1_610' title='bbox 1544 2742 1631 2792; x_wconf 75' lang='lat' dir='ltr'><strong>navale</strong></span> <span class='ocrx_word' id='word_1_611' title='bbox 1654 2741 1729 2792; x_wconf 89' lang='lat' dir='ltr'><strong>simul</strong></span> <span class='ocrx_word' id='word_1_612' title='bbox 1751 2746 1777 2792; x_wconf 88' lang='lat' dir='ltr'><strong>et</strong></span> 
     </span>
     <span class='ocr_line' id='line_1_81' title="bbox 998 2817 1776 2907; baseline 0 -16"><span class='ocrx_word' id='word_1_613' title='bbox 998 2842 1079 2892; x_wconf 87' lang='lat' dir='ltr'><strong>iorum</strong></span> <span class='ocrx_word' id='word_1_614' title='bbox 1101 2854 1185 2892; x_wconf 80' lang='lat' dir='ltr'><strong>renum</strong></span> <span class='ocrx_word' id='word_1_615' title='bbox 1202 2840 1325 2892; x_wconf 84' lang='lat' dir='ltr'><strong>renalium</strong></span> <span class='ocrx_word' id='word_1_616' title='bbox 1347 2839 1379 2891; x_wconf 91' lang='lat' dir='ltr'><strong>ad</strong></span> <span class='ocrx_word' id='word_1_617' title='bbox 1400 2839 1497 2889; x_wconf 85' lang='lat' dir='ltr'><strong>victum</strong></span> <span class='ocrx_word' id='word_1_618' title='bbox 1525 2839 1701 2899; x_wconf 83' lang='lat' dir='ltr'><strong>necessarium,</strong></span> <span class='ocrx_word' id='word_1_619' title='bbox 1725 2817 1776 2907; x_wconf 85' lang='lat' dir='ltr'><strong>quo</strong></span> 
     </span>
     <span class='ocr_line' id='line_1_82' title="bbox 998 2934 1776 2999; baseline -0.003 -10"><span class='ocrx_word' id='word_1_620' title='bbox 998 2942 1050 2989; x_wconf 92' lang='lat' dir='ltr'><strong>tum</strong></span> <span class='ocrx_word' id='word_1_621' title='bbox 1063 2953 1096 2990; x_wconf 80' lang='lat' dir='ltr'><strong>ex</strong></span> <span class='ocrx_word' id='word_1_622' title='bbox 1115 2939 1192 2999; x_wconf 80' lang='lat' dir='ltr'><strong>muri,</strong></span> <span class='ocrx_word' id='word_1_623' title='bbox 1209 2940 1263 2989; x_wconf 85' lang='lat' dir='ltr'><strong>turn</strong></span> <span class='ocrx_word' id='word_1_624' title='bbox 1285 2937 1361 2989; x_wconf 86' lang='lat' dir='ltr'><strong>etium</strong></span> <span class='ocrx_word' id='word_1_625' title='bbox 1375 2936 1542 2988; x_wconf 81' lang='lat' dir='ltr'><strong>terrestribus</strong></span> <span class='ocrx_word' id='word_1_626' title='bbox 1567 2934 1703 2986; x_wconf 85' lang='lat' dir='ltr'><strong>latrociniis</strong></span> <span class='ocrx_word' id='word_1_627' title='bbox 1719 2950 1776 2987; x_wconf 90' lang='lat' dir='ltr'><strong>ma·</strong></span> 
     </span>
     <span class='ocr_line' id='line_1_83' title="bbox 997 3034 1775 3105; baseline -0.003 -17"><span class='ocrx_word' id='word_1_628' title='bbox 997 3053 1071 3105; x_wconf 83' lang='lat' dir='ltr'><strong>gnum</strong></span> <span class='ocrx_word' id='word_1_629' title='bbox 1092 3037 1202 3104; x_wconf 76' lang='lat' dir='ltr'><strong>predam</strong></span> <span class='ocrx_word' id='word_1_630' title='bbox 1230 3036 1394 3088; x_wconf 76' lang='lat' dir='ltr'><strong>advehebant.</strong></span> <span class='ocrx_word' id='word_1_631' title='bbox 1427 3035 1551 3100; x_wconf 82' lang='lat' dir='ltr'><strong>Maucipia</strong></span> <span class='ocrx_word' id='word_1_632' title='bbox 1566 3034 1641 3099; x_wconf 91' lang='lat' dir='ltr'><strong>igitur</strong></span> <span class='ocrx_word' id='word_1_633' title='bbox 1659 3038 1684 3086; x_wconf 91' lang='lat' dir='ltr'><strong>et</strong></span> <span class='ocrx_word' id='word_1_634' title='bbox 1698 3049 1775 3100; x_wconf 90' lang='lat' dir='ltr'><strong>pecu-</strong></span> 
     </span>
     <span class='ocr_line' id='line_1_84' title="bbox 998 3132 1776 3203; baseline -0.005 -15"><span class='ocrx_word' id='word_1_635' title='bbox 998 3138 1052 3188; x_wconf 83' lang='lat' dir='ltr'><strong>nius</strong></span> <span class='ocrx_word' id='word_1_636' title='bbox 1070 3141 1095 3189; x_wconf 87' lang='lat' dir='ltr'><strong>et</strong></span> <span class='ocrx_word' id='word_1_637' title='bbox 1107 3151 1184 3203; x_wconf 90' lang='lat' dir='ltr'><strong>pecus</strong></span> <span class='ocrx_word' id='word_1_638' title='bbox 1205 3141 1232 3186; x_wconf 89' lang='lat' dir='ltr'><strong>et</strong></span> <span class='ocrx_word' id='word_1_639' title='bbox 1253 3149 1348 3188; x_wconf 86' lang='lat' dir='ltr'><strong>meroes</strong></span> <span class='ocrx_word' id='word_1_640' title='bbox 1371 3135 1496 3186; x_wconf 85' lang='lat' dir='ltr'><strong>exercitus</strong></span> <span class='ocrx_word' id='word_1_641' title='bbox 1519 3133 1627 3184; x_wconf 85' lang='lat' dir='ltr'><strong>consutis</strong></span> <span class='ocrx_word' id='word_1_642' title='bbox 1654 3132 1776 3197; x_wconf 86' lang='lat' dir='ltr'><strong>permissu</strong></span> 
     </span>
     <span class='ocr_line' id='line_1_85' title="bbox 997 3229 1775 3299; baseline -0.006 -14"><span class='ocrx_word' id='word_1_643' title='bbox 997 3233 1118 3299; x_wconf 75' lang='lat' dir='ltr'><strong>diripuitz</strong></span> <span class='ocrx_word' id='word_1_644' title='bbox 1144 3236 1172 3283; x_wconf 84' lang='lat' dir='ltr'><strong>ut</strong></span> <span class='ocrx_word' id='word_1_645' title='bbox 1186 3232 1263 3283; x_wconf 90' lang='lat' dir='ltr'><strong>libera</strong></span> <span class='ocrx_word' id='word_1_646' title='bbox 1278 3246 1393 3298; x_wconf 81' lang='lat' dir='ltr'><strong>corpore,</strong></span> <span class='ocrx_word' id='word_1_647' title='bbox 1418 3245 1477 3297; x_wconf 80' lang='lat' dir='ltr'><strong>qum</strong></span> <span class='ocrx_word' id='word_1_648' title='bbox 1494 3230 1553 3282; x_wconf 91' lang='lat' dir='ltr'><strong>belli</strong></span> <span class='ocrx_word' id='word_1_649' title='bbox 1569 3229 1638 3281; x_wconf 84' lang='lat' dir='ltr'><strong>clude</strong></span> <span class='ocrx_word' id='word_1_650' title='bbox 1660 3230 1775 3281; x_wconf 78' lang='lat' dir='ltr'><strong>absumta</strong></span> 
     </span>
     <span class='ocr_line' id='line_1_86' title="bbox 997 3327 1775 3391; baseline -0.003 -10"><span class='ocrx_word' id='word_1_651' title='bbox 997 3345 1046 3381; x_wconf 91' lang='lat' dir='ltr'><strong>non</strong></span> <span class='ocrx_word' id='word_1_652' title='bbox 1061 3330 1169 3391; x_wconf 84' lang='lat' dir='ltr'><strong>fuerunt,</strong></span> <span class='ocrx_word' id='word_1_653' title='bbox 1183 3329 1231 3380; x_wconf 84' lang='lat' dir='ltr'><strong>sub</strong></span> <span class='ocrx_word' id='word_1_654' title='bbox 1244 3329 1315 3379; x_wconf 84' lang='lat' dir='ltr'><strong>basta</strong></span> <span class='ocrx_word' id='word_1_655' title='bbox 1340 3329 1477 3379; x_wconf 80' lang='lat' dir='ltr'><strong>venierunt.</strong></span> <span class='ocrx_word' id='word_1_656' title='bbox 1522 3328 1606 3391; x_wconf 70' lang='lat' dir='ltr'><strong>capite</strong></span> <span class='ocrx_word' id='word_1_657' title='bbox 1626 3327 1701 3379; x_wconf 88' lang='lat' dir='ltr'><strong>etiam</strong></span> <span class='ocrx_word' id='word_1_658' title='bbox 1717 3334 1775 3380; x_wconf 91' lang='lat' dir='ltr'><strong>sunt</strong></span> 
     </span>
     <span class='ocr_line' id='line_1_87' title="bbox 997 3425 1775 3492; baseline -0.004 -11"><span class='ocrx_word' id='word_1_659' title='bbox 997 3430 1124 3482; x_wconf 87' lang='lat' dir='ltr'><strong>lintintum</strong></span> <span class='ocrx_word' id='word_1_660' title='bbox 1136 3442 1213 3480; x_wconf 82' lang='lat' dir='ltr'><strong>neves</strong></span> <span class='ocrx_word' id='word_1_661' title='bbox 1228 3428 1305 3492; x_wconf 82' lang='lat' dir='ltr'><strong>longae</strong></span> <span class='ocrx_word' id='word_1_662' title='bbox 1320 3427 1406 3492; x_wconf 86' lang='lat' dir='ltr'><strong>viginti</strong></span> <span class='ocrx_word' id='word_1_663' title='bbox 1419 3431 1444 3477; x_wconf 91' lang='lat' dir='ltr'><strong>et</strong></span> <span class='ocrx_word' id='word_1_664' title='bbox 1455 3426 1513 3476; x_wconf 77' lang='lat' dir='ltr'><strong>dure</strong></span> <span class='ocrx_word' id='word_1_665' title='bbox 1527 3429 1553 3476; x_wconf 87' lang='lat' dir='ltr'><strong>ct</strong></span> <span class='ocrx_word' id='word_1_666' title='bbox 1563 3425 1611 3476; x_wconf 81' lang='lat' dir='ltr'><strong>alla</strong></span> <span class='ocrx_word' id='word_1_667' title='bbox 1620 3427 1721 3477; x_wconf 83' lang='lat' dir='ltr'><strong>nuvium</strong></span> <span class='ocrx_word' id='word_1_668' title='bbox 1735 3442 1775 3478; x_wconf 84' lang='lat' dir='ltr'><strong>er·</strong></span> 
     </span>
     <span class='ocr_line' id='line_1_88' title="bbox 997 3523 1775 3589; baseline -0.003 -9"><span class='ocrx_word' id='word_1_669' title='bbox 997 3531 1123 3580; x_wconf 84' lang='lat' dir='ltr'><strong>momenta</strong></span> <span class='ocrx_word' id='word_1_670' title='bbox 1132 3531 1156 3578; x_wconf 94' lang='lat' dir='ltr'><strong>et</strong></span> <span class='ocrx_word' id='word_1_671' title='bbox 1167 3526 1340 3577; x_wconf 80' lang='lat' dir='ltr'><strong>instrumenta.</strong></span> <span class='ocrx_word' id='word_1_672' title='bbox 1364 3525 1532 3589; x_wconf 82' lang='lat' dir='ltr'><strong>i’ostcojussu</strong></span> <span class='ocrx_word' id='word_1_673' title='bbox 1544 3523 1663 3586; x_wconf 87' lang='lat' dir='ltr'><strong>consulis,</strong></span> <span class='ocrx_word' id='word_1_674' title='bbox 1674 3528 1775 3578; x_wconf 73' lang='lat' dir='ltr'><strong>Ronlani</strong></span> 
     </span>
     <span class='ocr_line' id='line_1_89' title="bbox 996 3621 1774 3682; baseline -0.003 -5"><span class='ocrx_word' id='word_1_675' title='bbox 996 3627 1086 3677; x_wconf 85' lang='lat' dir='ltr'><strong>domus</strong></span> <span class='ocrx_word' id='word_1_676' title='bbox 1106 3623 1283 3682; x_wconf 84' lang='lat' dir='ltr'><strong>incenderunt,</strong></span> <span class='ocrx_word' id='word_1_677' title='bbox 1306 3623 1401 3673; x_wconf 84' lang='lat' dir='ltr'><strong>navalia</strong></span> <span class='ocrx_word' id='word_1_678' title='bbox 1416 3621 1548 3672; x_wconf 90' lang='lat' dir='ltr'><strong>diruerunt</strong></span> <span class='ocrx_word' id='word_1_679' title='bbox 1569 3624 1594 3672; x_wconf 90' lang='lat' dir='ltr'><strong>et</strong></span> <span class='ocrx_word' id='word_1_680' title='bbox 1608 3622 1696 3672; x_wconf 83' lang='lat' dir='ltr'><strong>moenia</strong></span> <span class='ocrx_word' id='word_1_681' title='bbox 1719 3625 1774 3675; x_wconf 90' lang='lat' dir='ltr'><strong>lun·</strong></span> 
     </span>
     <span class='ocr_line' id='line_1_90' title="bbox 995 3719 1775 3785; baseline 0 -11"><span class='ocrx_word' id='word_1_682' title='bbox 995 3725 1065 3775; x_wconf 85' lang='lat' dir='ltr'><strong>ditus</strong></span> <span class='ocrx_word' id='word_1_683' title='bbox 1091 3723 1250 3783; x_wconf 80' lang='lat' dir='ltr'><strong>everterunt,</strong></span> <span class='ocrx_word' id='word_1_684' title='bbox 1281 3734 1311 3772; x_wconf 91' lang='lat' dir='ltr'><strong>ne</strong></span> <span class='ocrx_word' id='word_1_685' title='bbox 1332 3724 1387 3784; x_wconf 88' lang='lat' dir='ltr'><strong>post</strong></span> <span class='ocrx_word' id='word_1_686' title='bbox 1410 3733 1484 3770; x_wconf 86' lang='lat' dir='ltr'><strong>suurn</strong></span> <span class='ocrx_word' id='word_1_687' title='bbox 1508 3719 1609 3785; x_wconf 90' lang='lat' dir='ltr'><strong>quidem</strong></span> <span class='ocrx_word' id='word_1_688' title='bbox 1636 3720 1775 3773; x_wconf 88' lang='lat' dir='ltr'><strong>discessum</strong></span> 
     </span>
     <span class='ocr_line' id='line_1_91' title="bbox 995 3818 1775 3889; baseline 0 -16"><span class='ocrx_word' id='word_1_689' title='bbox 995 3822 1142 3889; x_wconf 87' lang='lat' dir='ltr'><strong>oppidulum</strong></span> <span class='ocrx_word' id='word_1_690' title='bbox 1160 3819 1302 3871; x_wconf 76' lang='lat' dir='ltr'><strong>Antiatibus</strong></span> <span class='ocrx_word' id='word_1_691' title='bbox 1321 3820 1400 3871; x_wconf 88' lang='lat' dir='ltr'><strong>ullum</strong></span> <span class='ocrx_word' id='word_1_692' title='bbox 1413 3818 1514 3870; x_wconf 79' lang='lat' dir='ltr'><strong>afferret</strong></span> <span class='ocrx_word' id='word_1_693' title='bbox 1534 3834 1615 3870; x_wconf 87' lang='lat' dir='ltr'><strong>usum.</strong></span> <span class='ocrx_word' id='word_1_694' title='bbox 1649 3823 1710 3873; x_wconf 84' lang='lat' dir='ltr'><strong>Haec</strong></span> <span class='ocrx_word' id='word_1_695' title='bbox 1729 3823 1775 3888; x_wconf 91' lang='lat' dir='ltr'><strong>igi·</strong></span> 
     </span>
     <span class='ocr_line' id='line_1_92' title="bbox 995 3918 1775 3986; baseline -0.001 -12"><span class='ocrx_word' id='word_1_696' title='bbox 995 3927 1038 3974; x_wconf 89' lang='lat' dir='ltr'><strong>tur</strong></span> <span class='ocrx_word' id='word_1_697' title='bbox 1049 3923 1081 3973; x_wconf 86' lang='lat' dir='ltr'><strong>ub</strong></span> <span class='ocrx_word' id='word_1_698' title='bbox 1094 3924 1202 3986; x_wconf 89' lang='lat' dir='ltr'><strong>utroque</strong></span> <span class='ocrx_word' id='word_1_699' title='bbox 1224 3918 1324 3971; x_wconf 80' lang='lat' dir='ltr'><strong>consule</strong></span> <span class='ocrx_word' id='word_1_700' title='bbox 1346 3918 1480 3983; x_wconf 85' lang='lat' dir='ltr'><strong>separatim</strong></span> <span class='ocrx_word' id='word_1_701' title='bbox 1497 3921 1557 3969; x_wconf 89' lang='lat' dir='ltr'><strong>sunt</strong></span> <span class='ocrx_word' id='word_1_702' title='bbox 1581 3923 1669 3982; x_wconf 78' lang='lat' dir='ltr'><strong>gesta:</strong></span> <span class='ocrx_word' id='word_1_703' title='bbox 1689 3925 1775 3984; x_wconf 88' lang='lat' dir='ltr'><strong>postea</strong></span> 
     </span>
     <span class='ocr_line' id='line_1_93' title="bbox 995 4013 1775 4085; baseline -0.001 -13"><span class='ocrx_word' id='word_1_704' title='bbox 995 4034 1055 4072; x_wconf 82' lang='lat' dir='ltr'><strong>vero</strong></span> <span class='ocrx_word' id='word_1_705' title='bbox 1067 4018 1205 4085; x_wconf 70' lang='lat' dir='ltr'><strong>coniunctis</strong></span> <span class='ocrx_word' id='word_1_706' title='bbox 1220 4016 1320 4068; x_wconf 89' lang='lat' dir='ltr'><strong>duobus</strong></span> <span class='ocrx_word' id='word_1_707' title='bbox 1342 4015 1495 4066; x_wconf 82' lang='lat' dir='ltr'><strong>exercitibus</strong></span> <span class='ocrx_word' id='word_1_708' title='bbox 1512 4019 1539 4066; x_wconf 88' lang='lat' dir='ltr'><strong>et</strong></span> <span class='ocrx_word' id='word_1_709' title='bbox 1556 4013 1623 4067; x_wconf 82' lang='lat' dir='ltr'><strong>iacta</strong></span> <span class='ocrx_word' id='word_1_710' title='bbox 1638 4015 1775 4082; x_wconf 90' lang='lat' dir='ltr'><strong>irruptione</strong></span> 
     </span>
     <span class='ocr_line' id='line_1_94' title="bbox 995 4115 1776 4185; baseline -0.005 -13"><span class='ocrx_word' id='word_1_711' title='bbox 995 4120 1119 4185; x_wconf 79' lang='lat' dir='ltr'><strong>inegram</strong></span> <span class='ocrx_word' id='word_1_712' title='bbox 1140 4118 1273 4178; x_wconf 77' lang='lat' dir='ltr'><strong>sabinum,</strong></span> <span class='ocrx_word' id='word_1_713' title='bbox 1294 4131 1373 4182; x_wconf 88' lang='lat' dir='ltr'><strong>eoque</strong></span> <span class='ocrx_word' id='word_1_714' title='bbox 1397 4119 1505 4179; x_wconf 80' lang='lat' dir='ltr'><strong>vastato,</strong></span> <span class='ocrx_word' id='word_1_715' title='bbox 1520 4117 1604 4182; x_wconf 83' lang='lat' dir='ltr'><strong>copias</strong></span> <span class='ocrx_word' id='word_1_716' title='bbox 1616 4115 1719 4168; x_wconf 90' lang='lat' dir='ltr'><strong>domum</strong></span> <span class='ocrx_word' id='word_1_717' title='bbox 1734 4131 1776 4169; x_wconf 90' lang='lat' dir='ltr'><strong>re-</strong></span> 
     </span>
     <span class='ocr_line' id='line_1_95' title="bbox 994 4215 1597 4285; baseline -0.007 -14"><span class='ocrx_word' id='word_1_718' title='bbox 994 4219 1129 4272; x_wconf 82' lang='lat' dir='ltr'><strong>duxerunt.</strong></span> <span class='ocrx_word' id='word_1_719' title='bbox 1163 4221 1245 4285; x_wconf 78' lang='lat' dir='ltr'><strong>Atque</strong></span> <span class='ocrx_word' id='word_1_720' title='bbox 1258 4217 1299 4268; x_wconf 88' lang='lat' dir='ltr'><strong>hic</strong></span> <span class='ocrx_word' id='word_1_721' title='bbox 1311 4230 1391 4268; x_wconf 85' lang='lat' dir='ltr'><strong>annus</strong></span> <span class='ocrx_word' id='word_1_722' title='bbox 1405 4216 1439 4267; x_wconf 89' lang='lat' dir='ltr'><strong>ita</strong></span> <span class='ocrx_word' id='word_1_723' title='bbox 1456 4215 1538 4266; x_wconf 83' lang='lat' dir='ltr'><strong>finitus</strong></span> <span class='ocrx_word' id='word_1_724' title='bbox 1551 4218 1597 4267; x_wconf 86' lang='lat' dir='ltr'><strong>est.</strong></span> 
     </span>
    </p>
   </div>
   <div class='ocr_carea' id='block_1_6' title="bbox 993 4397 1774 5252">
    <p class='ocr_par' dir='ltr' id='par_1_7' title="bbox 993 4397 1774 5252">
     <span class='ocr_line' id='line_1_96' title="bbox 1025 4397 1771 4464; baseline -0.008 -13"><span class='ocrx_word' id='word_1_725' title='bbox 1025 4402 1100 4451; x_wconf 81' lang='lat' dir='ltr'><strong>ivn.</strong></span> <span class='ocrx_word' id='word_1_726' title='bbox 1128 4402 1198 4450; x_wconf 79' lang='lat' dir='ltr'><strong>Anno</strong></span> <span class='ocrx_word' id='word_1_727' title='bbox 1212 4398 1336 4464; x_wconf 86' lang='lat' dir='ltr'><strong>sequenti,</strong></span> <span class='ocrx_word' id='word_1_728' title='bbox 1362 4399 1390 4448; x_wconf 85' lang='lat' dir='ltr'><strong>T.</strong></span> <span class='ocrx_word' id='word_1_729' title='bbox 1420 4397 1522 4455; x_wconf 83' lang='lat' dir='ltr'><strong>Quintio</strong></span> <span class='ocrx_word' id='word_1_730' title='bbox 1546 4397 1723 4461; x_wconf 81' lang='lat' dir='ltr'><strong>capitolinoet</strong></span> <span class='ocrx_word' id='word_1_731' title='bbox 1740 4398 1771 4454; x_wconf 81' lang='lat' dir='ltr'><strong>Q.</strong></span> 
     </span>
     <span class='ocr_line' id='line_1_97' title="bbox 995 4484 1774 4543; baseline -0.006 -4"><span class='ocrx_word' id='word_1_732' title='bbox 995 4488 1099 4540; x_wconf 80' lang='lat' dir='ltr'><strong>Servilio</strong></span> <span class='ocrx_word' id='word_1_733' title='bbox 1108 4487 1195 4538; x_wconf 82' lang='lat' dir='ltr'><strong>Prisco</strong></span> <span class='ocrx_word' id='word_1_734' title='bbox 1213 4487 1357 4538; x_wconf 89' lang='lat' dir='ltr'><strong>consulibus</strong></span> <span class='ocrx_word' id='word_1_735' title='bbox 1371 4485 1475 4543; x_wconf 87' lang='lat' dir='ltr'><strong>creatis,</strong></span> <span class='ocrx_word' id='word_1_736' title='bbox 1494 4489 1518 4535; x_wconf 84' lang='lat' dir='ltr'><strong>et</strong></span> <span class='ocrx_word' id='word_1_737' title='bbox 1533 4500 1619 4535; x_wconf 89' lang='lat' dir='ltr'><strong>omncs</strong></span> <span class='ocrx_word' id='word_1_738' title='bbox 1631 4484 1774 4535; x_wconf 72' lang='lat' dir='ltr'><strong>domesticas</strong></span> 
     </span>
     <span class='ocr_line' id='line_1_98' title="bbox 995 4574 1774 4642; baseline -0.008 -14"><span class='ocrx_word' id='word_1_739' title='bbox 995 4580 1161 4628; x_wconf 84' lang='lat' dir='ltr'><strong>Romanorum</strong></span> <span class='ocrx_word' id='word_1_740' title='bbox 1173 4578 1250 4642; x_wconf 78' lang='lat' dir='ltr'><strong>copiae</strong></span> <span class='ocrx_word' id='word_1_741' title='bbox 1264 4577 1288 4626; x_wconf 90' lang='lat' dir='ltr'><strong>in</strong></span> <span class='ocrx_word' id='word_1_742' title='bbox 1298 4576 1375 4626; x_wconf 86' lang='lat' dir='ltr'><strong>armis</strong></span> <span class='ocrx_word' id='word_1_743' title='bbox 1388 4574 1502 4631; x_wconf 84' lang='lat' dir='ltr'><strong>luerunt,</strong></span> <span class='ocrx_word' id='word_1_744' title='bbox 1517 4578 1541 4624; x_wconf 87' lang='lat' dir='ltr'><strong>el</strong></span> <span class='ocrx_word' id='word_1_745' title='bbox 1555 4575 1678 4624; x_wconf 85' lang='lat' dir='ltr'><strong>sociorum</strong></span> <span class='ocrx_word' id='word_1_746' title='bbox 1700 4574 1774 4623; x_wconf 83' lang='lat' dir='ltr'><strong>auxi·</strong></span> 
     </span>
     <span class='ocr_line' id='line_1_99' title="bbox 995 4661 1774 4728; baseline -0.012 -13"><span class='ocrx_word' id='word_1_747' title='bbox 995 4665 1028 4715; x_wconf 84' lang='lat' dir='ltr'><strong>lla</strong></span> <span class='ocrx_word' id='word_1_748' title='bbox 1043 4664 1110 4715; x_wconf 91' lang='lat' dir='ltr'><strong>ultro</strong></span> <span class='ocrx_word' id='word_1_749' title='bbox 1123 4663 1290 4720; x_wconf 84' lang='lat' dir='ltr'><strong>advenerunt,</strong></span> <span class='ocrx_word' id='word_1_750' title='bbox 1308 4666 1442 4728; x_wconf 86' lang='lat' dir='ltr'><strong>antequam</strong></span> <span class='ocrx_word' id='word_1_751' title='bbox 1461 4661 1586 4712; x_wconf 83' lang='lat' dir='ltr'><strong>exercilus</strong></span> <span class='ocrx_word' id='word_1_752' title='bbox 1605 4662 1656 4711; x_wconf 90' lang='lat' dir='ltr'><strong>illis</strong></span> <span class='ocrx_word' id='word_1_753' title='bbox 1667 4661 1774 4723; x_wconf 81' lang='lat' dir='ltr'><strong>imperu-</strong></span> 
     </span>
     <span class='ocr_line' id='line_1_100' title="bbox 994 4746 1772 4817; baseline -0.012 -14"><span class='ocrx_word' id='word_1_754' title='bbox 994 4756 1077 4813; x_wconf 80' lang='lat' dir='ltr'><strong>retur3</strong></span> <span class='ocrx_word' id='word_1_755' title='bbox 1097 4767 1205 4817; x_wconf 82' lang='lat' dir='ltr'><strong>moxque</strong></span> <span class='ocrx_word' id='word_1_756' title='bbox 1219 4752 1345 4813; x_wconf 87' lang='lat' dir='ltr'><strong>consules,</strong></span> <span class='ocrx_word' id='word_1_757' title='bbox 1367 4754 1432 4801; x_wconf 85' lang='lat' dir='ltr'><strong>rotis</strong></span> <span class='ocrx_word' id='word_1_758' title='bbox 1455 4751 1603 4813; x_wconf 83' lang='lat' dir='ltr'><strong>nuncupatis</strong></span> <span class='ocrx_word' id='word_1_759' title='bbox 1618 4752 1642 4796; x_wconf 85' lang='lat' dir='ltr'><strong>ei</strong></span> <span class='ocrx_word' id='word_1_760' title='bbox 1661 4746 1772 4796; x_wconf 83' lang='lat' dir='ltr'><strong>exercitu</strong></span> 
     </span>
     <span class='ocr_line' id='line_1_101' title="bbox 994 4837 1773 4905; baseline -0.01 -13"><span class='ocrx_word' id='word_1_761' title='bbox 994 4841 1109 4900; x_wconf 90' lang='lat' dir='ltr'><strong>lustrato,</strong></span> <span class='ocrx_word' id='word_1_762' title='bbox 1126 4842 1151 4891; x_wconf 90' lang='lat' dir='ltr'><strong>in</strong></span> <span class='ocrx_word' id='word_1_763' title='bbox 1166 4843 1249 4892; x_wconf 88' lang='lat' dir='ltr'><strong>hostes</strong></span> <span class='ocrx_word' id='word_1_764' title='bbox 1273 4845 1330 4891; x_wconf 89' lang='lat' dir='ltr'><strong>sunt</strong></span> <span class='ocrx_word' id='word_1_765' title='bbox 1345 4838 1457 4905; x_wconf 84' lang='lat' dir='ltr'><strong>protecti.</strong></span> <span class='ocrx_word' id='word_1_766' title='bbox 1481 4839 1565 4889; x_wconf 84' lang='lat' dir='ltr'><strong>Sabini</strong></span> <span class='ocrx_word' id='word_1_767' title='bbox 1581 4839 1671 4890; x_wconf 78' lang='lat' dir='ltr'><strong>arrium,</strong></span> <span class='ocrx_word' id='word_1_768' title='bbox 1687 4837 1773 4884; x_wconf 83' lang='lat' dir='ltr'><strong>contra</strong></span> 
     </span>
     <span class='ocr_line' id='line_1_102' title="bbox 993 4921 1770 4996; baseline -0.013 -15"><span class='ocrx_word' id='word_1_769' title='bbox 993 4944 1058 4996; x_wconf 89' lang='lat' dir='ltr'><strong>quos</strong></span> <span class='ocrx_word' id='word_1_770' title='bbox 1077 4931 1197 4980; x_wconf 86' lang='lat' dir='ltr'><strong>Servilius</strong></span> <span class='ocrx_word' id='word_1_771' title='bbox 1216 4931 1293 4986; x_wconf 88' lang='lat' dir='ltr'><strong>ierat,</strong></span> <span class='ocrx_word' id='word_1_772' title='bbox 1313 4943 1357 4978; x_wconf 89' lang='lat' dir='ltr'><strong>nec</strong></span> <span class='ocrx_word' id='word_1_773' title='bbox 1382 4931 1406 4978; x_wconf 91' lang='lat' dir='ltr'><strong>in</strong></span> <span class='ocrx_word' id='word_1_774' title='bbox 1428 4930 1552 4977; x_wconf 85' lang='lat' dir='ltr'><strong>certarnen</strong></span> <span class='ocrx_word' id='word_1_775' title='bbox 1578 4921 1770 4979; x_wconf 83' lang='lat' dir='ltr'><strong>descenderunt,</strong></span> 
     </span>
     <span class='ocr_line' id='line_1_103' title="bbox 994 5008 1772 5082; baseline -0.013 -11"><span class='ocrx_word' id='word_1_776' title='bbox 994 5034 1039 5071; x_wconf 89' lang='lat' dir='ltr'><strong>nec</strong></span> <span class='ocrx_word' id='word_1_777' title='bbox 1059 5018 1142 5082; x_wconf 88' lang='lat' dir='ltr'><strong>copias</strong></span> <span class='ocrx_word' id='word_1_778' title='bbox 1160 5020 1183 5070; x_wconf 87' lang='lat' dir='ltr'><strong>in</strong></span> <span class='ocrx_word' id='word_1_779' title='bbox 1205 5033 1304 5082; x_wconf 83' lang='lat' dir='ltr'><strong>campos</strong></span> <span class='ocrx_word' id='word_1_780' title='bbox 1316 5022 1415 5081; x_wconf 77' lang='lat' dir='ltr'><strong>apertos</strong></span> <span class='ocrx_word' id='word_1_781' title='bbox 1432 5013 1605 5078; x_wconf 82' lang='lat' dir='ltr'><strong>produxerunt</strong></span> <span class='ocrx_word' id='word_1_782' title='bbox 1622 5026 1627 5057; x_wconf 95' lang='lat'><strong>:</strong></span> <span class='ocrx_word' id='word_1_783' title='bbox 1645 5008 1688 5059; x_wconf 87' lang='lat' dir='ltr'><strong>sed</strong></span> <span class='ocrx_word' id='word_1_784' title='bbox 1707 5010 1772 5061; x_wconf 88' lang='lat' dir='ltr'><strong>intra</strong></span> 
     </span>
     <span class='ocr_line' id='line_1_104' title="bbox 994 5099 1769 5165; baseline -0.012 -7"><span class='ocrx_word' id='word_1_785' title='bbox 994 5107 1147 5158; x_wconf 87' lang='lat' dir='ltr'><strong>munimenta</strong></span> <span class='ocrx_word' id='word_1_786' title='bbox 1155 5121 1182 5157; x_wconf 86' lang='lat' dir='ltr'><strong>se</strong></span> <span class='ocrx_word' id='word_1_787' title='bbox 1193 5107 1347 5156; x_wconf 85' lang='lat' dir='ltr'><strong>continentes</strong></span> <span class='ocrx_word' id='word_1_788' title='bbox 1358 5117 1430 5165; x_wconf 82' lang='lat' dir='ltr'><strong>agros</strong></span> <span class='ocrx_word' id='word_1_789' title='bbox 1441 5114 1500 5150; x_wconf 88' lang='lat' dir='ltr'><strong>suos</strong></span> <span class='ocrx_word' id='word_1_790' title='bbox 1514 5100 1539 5148; x_wconf 93' lang='lat' dir='ltr'><strong>in</strong></span> <span class='ocrx_word' id='word_1_791' title='bbox 1553 5100 1685 5163; x_wconf 82' lang='lat' dir='ltr'><strong>conspectu</strong></span> <span class='ocrx_word' id='word_1_792' title='bbox 1700 5099 1769 5157; x_wconf 81' lang='lat' dir='ltr'><strong>cudi,</strong></span> 
     </span>
     <span class='ocr_line' id='line_1_105' title="bbox 996 5186 1770 5252; baseline -0.014 -5"><span class='ocrx_word' id='word_1_793' title='bbox 996 5198 1021 5247; x_wconf 89' lang='lat' dir='ltr'><strong>et</strong></span> <span class='ocrx_word' id='word_1_794' title='bbox 1030 5194 1133 5247; x_wconf 78' lang='lat' dir='ltr'><strong>aedilicia</strong></span> <span class='ocrx_word' id='word_1_795' title='bbox 1144 5195 1249 5251; x_wconf 83' lang='lat' dir='ltr'><strong>incendi,</strong></span> <span class='ocrx_word' id='word_1_796' title='bbox 1276 5198 1300 5243; x_wconf 91' lang='lat' dir='ltr'><strong>et</strong></span> <span class='ocrx_word' id='word_1_797' title='bbox 1312 5191 1414 5242; x_wconf 81' lang='lat' dir='ltr'><strong>servitia</strong></span> <span class='ocrx_word' id='word_1_798' title='bbox 1429 5186 1584 5252; x_wconf 83' lang='lat' dir='ltr'><strong>lrarrslugere</strong></span> <span class='ocrx_word' id='word_1_799' title='bbox 1595 5187 1770 5252; x_wconf 73' lang='lat' dir='ltr'><strong>patiebantur3</strong></span> 
     </span>
    </p>
   </div>
   <div class='ocr_carea' id='block_1_7' title="bbox 0 0 1890 5828">
    <p class='ocr_par' dir='ltr' id='par_1_8' title="bbox 0 0 1890 5828">
     <span class='ocr_line' id='line_1_106' title="bbox 0 0 1890 5828; baseline 0 0"><span class='ocrx_word' id='word_1_800' title='bbox 0 0 1890 5828; x_wconf 95' lang='lat' dir='ltr'><strong> </strong></span> 
     </span>
    </p>
   </div>
  </div>
 </body>
</html>
