<?xml version="1.0" encoding="UTF-8"?>
<!DOCTYPE html PUBLIC "-//W3C//DTD XHTML 1.0 Transitional//EN"
    "http://www.w3.org/TR/xhtml1/DTD/xhtml1-transitional.dtd">
<html xmlns="http://www.w3.org/1999/xhtml" xml:lang="en" lang="en">
 <head>
  <title>
</title>
<meta http-equiv="Content-Type" content="text/html;charset=utf-8" />
  <meta name='ocr-system' content='tesseract 3.04.00' />
  <meta name='ocr-capabilities' content='ocr_page ocr_carea ocr_par ocr_line ocrx_word'/>
</head>
<body>
  <div class='ocr_page' id='page_1' title='image "./dionysiihalicar00prougoog/dionysiihalicar00prougoog_0404.png"; bbox 0 0 3772 5828; ppageno 0'>
   <div class='ocr_carea' id='block_1_1' title="bbox 598 378 1233 456">
    <p class='ocr_par' dir='ltr' id='par_1_1' title="bbox 598 378 1233 456">
     <span class='ocr_line' id='line_1_1' title="bbox 598 378 1233 456; baseline -0.003 -14"><span class='ocrx_word' id='word_1_1' title='bbox 598 379 891 456; x_wconf 77' lang='lat' dir='ltr'>AN&#39;llQUlTATUM</span> <span class='ocrx_word' id='word_1_2' title='bbox 912 378 1059 441; x_wconf 72' lang='lat' dir='ltr'>Rollin,</span> <span class='ocrx_word' id='word_1_3' title='bbox 1083 379 1156 440; x_wconf 83' lang='lat' dir='ltr'>LlB.</span> <span class='ocrx_word' id='word_1_4' title='bbox 1181 380 1233 440; x_wconf 88' lang='lat' dir='ltr'>Vl.</span> 
     </span>
    </p>
   </div>
   <div class='ocr_carea' id='block_1_2' title="bbox 939 519 1721 1206">
    <p class='ocr_par' dir='ltr' id='par_1_2' title="bbox 939 519 1721 1206">
     <span class='ocr_line' id='line_1_2' title="bbox 939 519 1717 584; baseline 0.003 -13"><span class='ocrx_word' id='word_1_5' title='bbox 939 542 951 564; x_wconf 89' lang='grc' dir='ltr'>ι</span> <span class='ocrx_word' id='word_1_6' title='bbox 966 521 991 571; x_wconf 90' lang='lat' dir='ltr'>in</span> <span class='ocrx_word' id='word_1_7' title='bbox 1006 521 1092 571; x_wconf 88' lang='lat' dir='ltr'>eodem</span> <span class='ocrx_word' id='word_1_8' title='bbox 1103 519 1188 571; x_wconf 87' lang='lat' dir='ltr'>auimo</span> <span class='ocrx_word' id='word_1_9' title='bbox 1200 534 1258 584; x_wconf 82' lang='lat' dir='ltr'>erga</span> <span class='ocrx_word' id='word_1_10' title='bbox 1269 534 1315 570; x_wconf 82' lang='lat' dir='ltr'>ros</span> <span class='ocrx_word' id='word_1_11' title='bbox 1328 520 1563 584; x_wconf 82' lang='lat' dir='ltr'>perseverabamus‚</span> <span class='ocrx_word' id='word_1_12' title='bbox 1578 520 1717 573; x_wconf 87' lang='lat' dir='ltr'>desciscen-</span> 
     </span>
     <span class='ocr_line' id='line_1_3' title="bbox 939 607 1719 673; baseline -0.004 -12"><span class='ocrx_word' id='word_1_13' title='bbox 939 630 951 653; x_wconf 94' lang='grc' dir='ltr'>ιι</span> <span class='ocrx_word' id='word_1_14' title='bbox 967 609 1036 661; x_wconf 89' lang='lat' dir='ltr'>tibus</span> <span class='ocrx_word' id='word_1_15' title='bbox 1050 609 1149 660; x_wconf 90' lang='lat' dir='ltr'>interim</span> <span class='ocrx_word' id='word_1_16' title='bbox 1163 608 1269 660; x_wconf 86' lang='lat' dir='ltr'>subditis</span> <span class='ocrx_word' id='word_1_17' title='bbox 1280 622 1351 673; x_wconf 81' lang='lat' dir='ltr'>paene</span> <span class='ocrx_word' id='word_1_18' title='bbox 1362 609 1487 669; x_wconf 91' lang='lat' dir='ltr'>omnibus,</span> <span class='ocrx_word' id='word_1_19' title='bbox 1501 608 1569 659; x_wconf 88' lang='lat' dir='ltr'>initio</span> <span class='ocrx_word' id='word_1_20' title='bbox 1577 607 1719 660; x_wconf 87' lang='lat' dir='ltr'>defectionis</span> 
     </span>
     <span class='ocr_line' id='line_1_4' title="bbox 941 697 1718 763; baseline -0.003 -14"><span class='ocrx_word' id='word_1_21' title='bbox 941 718 954 743; x_wconf 92' lang='grc' dir='ltr'>ιι</span> <span class='ocrx_word' id='word_1_22' title='bbox 969 699 1178 759; x_wconf 76' lang='grc' dir='ltr'>ίιιοίοιινόίεοιε,</span> <span class='ocrx_word' id='word_1_23' title='bbox 1198 712 1305 762; x_wconf 87' lang='lat' dir='ltr'>quorum</span> <span class='ocrx_word' id='word_1_24' title='bbox 1325 698 1467 763; x_wconf 81' lang='lat' dir='ltr'>exemplum</span> <span class='ocrx_word' id='word_1_25' title='bbox 1491 697 1581 760; x_wconf 63' lang='lat' dir='ltr'>moui,</span> <span class='ocrx_word' id='word_1_26' title='bbox 1604 699 1718 755; x_wconf 78' lang='lat' dir='ltr'>liernici.</span> 
     </span>
     <span class='ocr_line' id='line_1_5' title="bbox 941 786 1720 851; baseline -0.004 -14"><span class='ocrx_word' id='word_1_27' title='bbox 941 808 952 831; x_wconf 94' lang='grc' dir='ltr'>ιι</span> <span class='ocrx_word' id='word_1_28' title='bbox 971 786 1071 846; x_wconf 80' lang='lat' dir='ltr'>sabini,</span> <span class='ocrx_word' id='word_1_29' title='bbox 1088 787 1211 851; x_wconf 89' lang='lat' dir='ltr'>multique</span> <span class='ocrx_word' id='word_1_30' title='bbox 1227 787 1270 838; x_wconf 87' lang='lat' dir='ltr'>alii</span> <span class='ocrx_word' id='word_1_31' title='bbox 1283 788 1364 838; x_wconf 88' lang='lat' dir='ltr'>seculi</span> <span class='ocrx_word' id='word_1_32' title='bbox 1383 790 1457 846; x_wconf 86' lang='lat' dir='ltr'>sunt,</span> <span class='ocrx_word' id='word_1_33' title='bbox 1477 790 1503 837; x_wconf 90' lang='lat' dir='ltr'>et</span> <span class='ocrx_word' id='word_1_34' title='bbox 1515 786 1613 836; x_wconf 76' lang='lat' dir='ltr'>occasio</span> <span class='ocrx_word' id='word_1_35' title='bbox 1635 799 1720 850; x_wconf 84' lang='lat' dir='ltr'>oppon·</span> 
     </span>
     <span class='ocr_line' id='line_1_6' title="bbox 942 875 1720 940; baseline -0.003 -15"><span class='ocrx_word' id='word_1_36' title='bbox 942 896 954 919; x_wconf 89' lang='grc' dir='ltr'>ιι</span> <span class='ocrx_word' id='word_1_37' title='bbox 969 879 1046 936; x_wconf 88' lang='lat' dir='ltr'>tuna,</span> <span class='ocrx_word' id='word_1_38' title='bbox 1058 876 1138 940; x_wconf 88' lang='lat' dir='ltr'>qualis</span> <span class='ocrx_word' id='word_1_39' title='bbox 1158 889 1285 939; x_wconf 86' lang='lat' dir='ltr'>nunquam</span> <span class='ocrx_word' id='word_1_40' title='bbox 1295 880 1368 937; x_wconf 81' lang='lat' dir='ltr'>ante,</span> <span class='ocrx_word' id='word_1_41' title='bbox 1384 875 1516 928; x_wconf 85' lang='lat' dir='ltr'>ridebatur</span> <span class='ocrx_word' id='word_1_42' title='bbox 1527 875 1625 932; x_wconf 86' lang='lat' dir='ltr'>oblata,</span> <span class='ocrx_word' id='word_1_43' title='bbox 1638 875 1659 925; x_wconf 91' lang='lat' dir='ltr'>si</span> <span class='ocrx_word' id='word_1_44' title='bbox 1676 887 1720 924; x_wconf 88' lang='lat' dir='ltr'>ro·</span> 
     </span>
     <span class='ocr_line' id='line_1_7' title="bbox 942 962 1721 1026; baseline -0.003 -11"><span class='ocrx_word' id='word_1_45' title='bbox 942 983 955 1008; x_wconf 91' lang='grc' dir='ltr'>ιι</span> <span class='ocrx_word' id='word_1_46' title='bbox 971 964 1118 1026; x_wconf 75' lang='lat' dir='ltr'>inimemor,</span> <span class='ocrx_word' id='word_1_47' title='bbox 1133 964 1270 1015; x_wconf 88' lang='lat' dir='ltr'>alterume</span> <span class='ocrx_word' id='word_1_48' title='bbox 1295 962 1393 1015; x_wconf 89' lang='lat' dir='ltr'>duobus</span> <span class='ocrx_word' id='word_1_49' title='bbox 1421 964 1517 1024; x_wconf 82' lang='lat' dir='ltr'>facere,</span> <span class='ocrx_word' id='word_1_50' title='bbox 1542 964 1582 1014; x_wconf 81' lang='lat' dir='ltr'>rel</span> <span class='ocrx_word' id='word_1_51' title='bbox 1607 965 1721 1014; x_wconf 82' lang='lat' dir='ltr'>vestrum</span> 
     </span>
     <span class='ocr_line' id='line_1_8' title="bbox 942 1051 1720 1117; baseline 0.005 -19"><span class='ocrx_word' id='word_1_52' title='bbox 942 1071 956 1098; x_wconf 89' lang='grc' dir='ltr'>ι</span> <span class='ocrx_word' id='word_1_53' title='bbox 969 1053 1100 1117; x_wconf 83' lang='lat' dir='ltr'>imperium</span> <span class='ocrx_word' id='word_1_54' title='bbox 1112 1055 1241 1115; x_wconf 86' lang='lat' dir='ltr'>evertere,</span> <span class='ocrx_word' id='word_1_55' title='bbox 1254 1053 1295 1103; x_wconf 81' lang='lat' dir='ltr'>rel</span> <span class='ocrx_word' id='word_1_56' title='bbox 1311 1053 1337 1102; x_wconf 92' lang='lat' dir='ltr'>in</span> <span class='ocrx_word' id='word_1_57' title='bbox 1353 1056 1479 1117; x_wconf 90' lang='lat' dir='ltr'>posterum</span> <span class='ocrx_word' id='word_1_58' title='bbox 1493 1053 1646 1104; x_wconf 84' lang='lat' dir='ltr'>moderatius</span> <span class='ocrx_word' id='word_1_59' title='bbox 1667 1051 1720 1102; x_wconf 86' lang='lat' dir='ltr'>red·</span> 
     </span>
     <span class='ocr_line' id='line_1_9' title="bbox 943 1141 1721 1206; baseline -0.001 -14"><span class='ocrx_word' id='word_1_60' title='bbox 943 1161 956 1186; x_wconf 91' lang='grc' dir='ltr'>ιι</span> <span class='ocrx_word' id='word_1_61' title='bbox 970 1142 1046 1204; x_wconf 81' lang='lat' dir='ltr'>dere;</span> <span class='ocrx_word' id='word_1_62' title='bbox 1063 1141 1242 1193; x_wconf 73' lang='lat' dir='ltr'>meministisne</span> <span class='ocrx_word' id='word_1_63' title='bbox 1268 1141 1293 1192; x_wconf 92' lang='lat' dir='ltr'>in</span> <span class='ocrx_word' id='word_1_64' title='bbox 1310 1146 1429 1204; x_wconf 88' lang='lat' dir='ltr'>quautam</span> <span class='ocrx_word' id='word_1_65' title='bbox 1449 1142 1546 1206; x_wconf 88' lang='lat' dir='ltr'>imperii</span> <span class='ocrx_word' id='word_1_66' title='bbox 1565 1141 1721 1205; x_wconf 84' lang='lat' dir='ltr'>desperatio·</span> 
     </span>
    </p>
   </div>
   <div class='ocr_carea' id='block_1_3' title="bbox 115 511 914 596">
    <p class='ocr_par' dir='ltr' id='par_1_3' title="bbox 115 511 914 596">
     <span class='ocr_line' id='line_1_10' title="bbox 115 511 914 596; baseline -0.005 -22"><span class='ocrx_word' id='word_1_67' title='bbox 115 543 127 568; x_wconf 92' lang='grc' dir='ltr'>ι</span> <span class='ocrx_word' id='word_1_68' title='bbox 143 514 208 596; x_wconf 83' lang='grc' dir='ltr'>πρὸς</span> <span class='ocrx_word' id='word_1_69' title='bbox 221 518 290 593; x_wconf 76' lang='grc' dir='ltr'>ὑμᾶς</span> <span class='ocrx_word' id='word_1_70' title='bbox 305 514 432 582; x_wconf 76' lang='grc' dir='ltr'>διανοίαις</span> <span class='ocrx_word' id='word_1_71' title='bbox 447 516 628 594; x_wconf 76' lang='grc' dir='ltr'>διαμένοντες,</span> <span class='ocrx_word' id='word_1_72' title='bbox 645 516 672 572; x_wconf 85' lang='grc' dir='ltr'>έν</span> <span class='ocrx_word' id='word_1_73' title='bbox 692 511 720 572; x_wconf 82' lang='grc' dir='ltr'>δὲ</span> <span class='ocrx_word' id='word_1_74' title='bbox 736 513 883 593; x_wconf 80' lang='grc' dir='ltr'>τούτῳκαὶ</span> <span class='ocrx_word' id='word_1_75' title='bbox 910 542 914 551; x_wconf 91' lang='grc'><em>·</em></span> 
     </span>
    </p>
   </div>
   <div class='ocr_carea' id='block_1_4' title="bbox 58 598 888 1388">
    <p class='ocr_par' dir='ltr' id='par_1_4' title="bbox 58 598 888 1388">
     <span class='ocr_line' id='line_1_11' title="bbox 114 598 882 682; baseline -0.007 -21"><span class='ocrx_word' id='word_1_76' title='bbox 114 629 125 655; x_wconf 94' lang='grc' dir='ltr'>ιι</span> <span class='ocrx_word' id='word_1_77' title='bbox 142 604 174 663; x_wconf 80' lang='grc' dir='ltr'>τὰ</span> <span class='ocrx_word' id='word_1_78' title='bbox 198 601 302 673; x_wconf 78' lang='grc' dir='ltr'>ὑπήκοα</span> <span class='ocrx_word' id='word_1_79' title='bbox 320 603 409 681; x_wconf 82' lang='grc' dir='ltr'>ὀλίγου</span> <span class='ocrx_word' id='word_1_80' title='bbox 424 603 476 662; x_wconf 95' lang='grc' dir='ltr'>δεῖν</span> <span class='ocrx_word' id='word_1_81' title='bbox 491 600 569 661; x_wconf 86' lang='grc' dir='ltr'>πάντ’</span> <span class='ocrx_word' id='word_1_82' title='bbox 584 599 761 673; x_wconf 80' lang='grc' dir='ltr'>έπανίστατο,</span> <span class='ocrx_word' id='word_1_83' title='bbox 783 598 882 682; x_wconf 77' lang='grc' dir='ltr'>ἀρξάν-</span> 
     </span>
     <span class='ocr_line' id='line_1_12' title="bbox 111 689 886 768; baseline -0.005 -18"><span class='ocrx_word' id='word_1_84' title='bbox 111 719 123 743; x_wconf 96' lang='grc' dir='ltr'>ιι</span> <span class='ocrx_word' id='word_1_85' title='bbox 139 715 191 751; x_wconf 90' lang='grc' dir='ltr'>των</span> <span class='ocrx_word' id='word_1_86' title='bbox 219 692 266 768; x_wconf 84' lang='grc' dir='ltr'>μὲν</span> <span class='ocrx_word' id='word_1_87' title='bbox 291 696 340 762; x_wconf 83' lang='grc' dir='ltr'>τῆς</span> <span class='ocrx_word' id='word_1_88' title='bbox 368 692 540 758; x_wconf 82' lang='grc' dir='ltr'>ἀποστάσεως</span> <span class='ocrx_word' id='word_1_89' title='bbox 564 689 756 765; x_wconf 76' lang='grc' dir='ltr'>Οὐολούσκων,</span> <span class='ocrx_word' id='word_1_90' title='bbox 778 691 886 749; x_wconf 88' lang='grc' dir='ltr'>ἀκολου-</span> 
     </span>
     <span class='ocr_line' id='line_1_13' title="bbox 110 776 885 857; baseline -0.006 -19"><span class='ocrx_word' id='word_1_91' title='bbox 110 805 123 832; x_wconf 84' lang='grc' dir='ltr'>ιι</span> <span class='ocrx_word' id='word_1_92' title='bbox 140 777 320 851; x_wconf 81' lang='grc' dir='ltr'>θησάντωνδί</span> <span class='ocrx_word' id='word_1_93' title='bbox 343 779 431 846; x_wconf 83' lang='grc' dir='ltr'>αὐτοῖς</span> <span class='ocrx_word' id='word_1_94' title='bbox 450 781 585 850; x_wconf 81' lang='grc' dir='ltr'>Αἰκανῶν,</span> <span class='ocrx_word' id='word_1_95' title='bbox 598 776 740 857; x_wconf 76' lang='grc' dir='ltr'>Ἑρνίκων,</span> <span class='ocrx_word' id='word_1_96' title='bbox 753 776 885 848; x_wconf 80' lang='grc' dir='ltr'>Σαόίνων,</span> 
     </span>
     <span class='ocr_line' id='line_1_14' title="bbox 65 853 887 947; baseline -0.001 -24"><span class='ocrx_word' id='word_1_97' title='bbox 65 889 76 923; x_wconf 87' lang='grc' dir='ltr'>ι</span> <span class='ocrx_word' id='word_1_98' title='bbox 111 895 124 921; x_wconf 89' lang='grc' dir='ltr'>ι</span> <span class='ocrx_word' id='word_1_99' title='bbox 140 868 229 926; x_wconf 82' lang='grc' dir='ltr'>ἄλλων</span> <span class='ocrx_word' id='word_1_100' title='bbox 242 889 272 926; x_wconf 88' lang='grc' dir='ltr'>τε</span> <span class='ocrx_word' id='word_1_101' title='bbox 286 871 402 946; x_wconf 80' lang='grc' dir='ltr'>συχνῶν,</span> <span class='ocrx_word' id='word_1_102' title='bbox 414 864 498 927; x_wconf 73' lang='grc' dir='ltr'>ἐδόκει</span> <span class='ocrx_word' id='word_1_103' title='bbox 518 856 571 932; x_wconf 82' lang='grc' dir='ltr'>οἷος</span> <span class='ocrx_word' id='word_1_104' title='bbox 583 868 634 944; x_wconf 87' lang='grc' dir='ltr'>οὐχ</span> <span class='ocrx_word' id='word_1_105' title='bbox 647 865 733 947; x_wconf 78' lang='grc' dir='ltr'>ἕτερος</span> <span class='ocrx_word' id='word_1_106' title='bbox 748 853 814 924; x_wconf 80' lang='grc' dir='ltr'>εῖναι</span> <span class='ocrx_word' id='word_1_107' title='bbox 828 888 887 924; x_wconf 89' lang='grc' dir='ltr'>και-</span> 
     </span>
     <span class='ocr_line' id='line_1_15' title="bbox 113 943 885 1035; baseline -0.005 -22"><span class='ocrx_word' id='word_1_108' title='bbox 113 982 125 1007; x_wconf 94' lang='grc' dir='ltr'>ιι</span> <span class='ocrx_word' id='word_1_109' title='bbox 142 954 198 1035; x_wconf 85' lang='grc' dir='ltr'>ρδς,</span> <span class='ocrx_word' id='word_1_110' title='bbox 212 956 235 1013; x_wconf 80' lang='grc' dir='ltr'>εἰ</span> <span class='ocrx_word' id='word_1_111' title='bbox 263 955 429 1033; x_wconf 78' lang='grc' dir='ltr'>βουλομένοις</span> <span class='ocrx_word' id='word_1_112' title='bbox 453 954 516 1032; x_wconf 82' lang='grc' dir='ltr'>ἡμῖν</span> <span class='ocrx_word' id='word_1_113' title='bbox 531 943 580 1026; x_wconf 71' lang='grc' dir='ltr'>ἦν,</span> <span class='ocrx_word' id='word_1_114' title='bbox 595 953 668 1012; x_wconf 87' lang='grc' dir='ltr'>δυσῑν</span> <span class='ocrx_word' id='word_1_115' title='bbox 691 951 885 1033; x_wconf 69' lang='grc' dir='ltr'>ἐξεργάσασθαι</span> 
     </span>
     <span class='ocr_line' id='line_1_16' title="bbox 114 1039 886 1122; baseline -0.004 -20"><span class='ocrx_word' id='word_1_116' title='bbox 114 1041 264 1122; x_wconf 77' lang='grc' dir='ltr'>«θάτερον,</span> <span class='ocrx_word' id='word_1_117' title='bbox 291 1039 308 1112; x_wconf 76' lang='grc' dir='ltr'>ἢ</span> <span class='ocrx_word' id='word_1_118' title='bbox 333 1041 535 1102; x_wconf 78' lang='grc' dir='ltr'>καταλύσασθαι</span> <span class='ocrx_word' id='word_1_119' title='bbox 564 1041 613 1114; x_wconf 80' lang='grc' dir='ltr'>τὴν</span> <span class='ocrx_word' id='word_1_120' title='bbox 637 1040 721 1122; x_wconf 77' lang='grc' dir='ltr'>ἀρχὴν</span> <span class='ocrx_word' id='word_1_121' title='bbox 749 1045 840 1118; x_wconf 85' lang='grc' dir='ltr'>ὑμῶν,</span> <span class='ocrx_word' id='word_1_122' title='bbox 869 1039 886 1112; x_wconf 76' lang='grc' dir='ltr'><strong>ἦ</strong></span> 
     </span>
     <span class='ocr_line' id='line_1_17' title="bbox 115 1124 886 1215; baseline -0.001 -22"><span class='ocrx_word' id='word_1_123' title='bbox 115 1161 127 1183; x_wconf 94' lang='grc' dir='ltr'>ιι</span> <span class='ocrx_word' id='word_1_124' title='bbox 143 1132 208 1214; x_wconf 83' lang='grc' dir='ltr'>πρὸς</span> <span class='ocrx_word' id='word_1_125' title='bbox 221 1135 251 1195; x_wconf 86' lang='grc' dir='ltr'>τὸ</span> <span class='ocrx_word' id='word_1_126' title='bbox 266 1135 356 1194; x_wconf 83' lang='grc' dir='ltr'>λοιπὸν</span> <span class='ocrx_word' id='word_1_127' title='bbox 372 1135 507 1205; x_wconf 78' lang='grc' dir='ltr'>ἀποδεῖξαι</span> <span class='ocrx_word' id='word_1_128' title='bbox 523 1134 711 1213; x_wconf 86' lang='grc' dir='ltr'>μετριωτέραν,</span> <span class='ocrx_word' id='word_1_129' title='bbox 736 1124 790 1215; x_wconf 79' lang='grc' dir='ltr'>ἀρα</span> <span class='ocrx_word' id='word_1_130' title='bbox 812 1133 886 1211; x_wconf 83' lang='grc' dir='ltr'>μίμ-</span> 
     </span>
     <span class='ocr_line' id='line_1_18' title="bbox 114 1220 888 1302; baseline 0 -23"><span class='ocrx_word' id='word_1_131' title='bbox 114 1247 126 1273; x_wconf 94' lang='grc' dir='ltr'>ιι</span> <span class='ocrx_word' id='word_1_132' title='bbox 144 1228 221 1293; x_wconf 91' lang='grc' dir='ltr'>νησθε</span> <span class='ocrx_word' id='word_1_133' title='bbox 235 1224 270 1290; x_wconf 85' lang='grc' dir='ltr'>εἷς</span> <span class='ocrx_word' id='word_1_134' title='bbox 288 1222 345 1282; x_wconf 86' lang='grc' dir='ltr'>οῖαν</span> <span class='ocrx_word' id='word_1_135' title='bbox 364 1222 514 1301; x_wconf 81' lang='grc' dir='ltr'>ἀπόγνωσιν</span> <span class='ocrx_word' id='word_1_136' title='bbox 529 1226 576 1293; x_wconf 75' lang='grc' dir='ltr'>τῆς</span> <span class='ocrx_word' id='word_1_137' title='bbox 598 1223 683 1302; x_wconf 83' lang='grc' dir='ltr'>ἀρχῆς</span> <span class='ocrx_word' id='word_1_138' title='bbox 708 1220 819 1294; x_wconf 81' lang='grc' dir='ltr'>ἤλθετε,</span> <span class='ocrx_word' id='word_1_139' title='bbox 842 1220 888 1279; x_wconf 88' lang='grc' dir='ltr'>καί</span> 
     </span>
     <span class='ocr_line' id='line_1_19' title="bbox 58 1308 888 1388; baseline 0.001 -21"><span class='ocrx_word' id='word_1_140' title='bbox 58 1329 81 1363; x_wconf 81' lang='grc' dir='ltr'>ιιι</span> <span class='ocrx_word' id='word_1_141' title='bbox 113 1311 176 1377; x_wconf 84' lang='grc' dir='ltr'>ιὼς</span> <span class='ocrx_word' id='word_1_142' title='bbox 191 1313 217 1370; x_wconf 76' lang='grc' dir='ltr'>ἐν</span> <span class='ocrx_word' id='word_1_143' title='bbox 235 1311 314 1370; x_wconf 83' lang='grc' dir='ltr'>παντί</span> <span class='ocrx_word' id='word_1_144' title='bbox 329 1309 362 1382; x_wconf 79' lang='grc' dir='ltr'>δὴ</span> <span class='ocrx_word' id='word_1_145' title='bbox 383 1311 496 1386; x_wconf 75' lang='grc' dir='ltr'>ἀθυμίας</span> <span class='ocrx_word' id='word_1_146' title='bbox 524 1308 663 1388; x_wconf 67' lang='grc' dir='ltr'>ἐγένεσθε,</span> <span class='ocrx_word' id='word_1_147' title='bbox 683 1311 735 1370; x_wconf 86' lang='grc' dir='ltr'>εἴτε</span> <span class='ocrx_word' id='word_1_148' title='bbox 751 1308 789 1385; x_wconf 80' lang='grc' dir='ltr'>μὴ</span> <span class='ocrx_word' id='word_1_149' title='bbox 805 1333 888 1370; x_wconf 89' lang='grc' dir='ltr'>συνα-</span> 
     </span>
    </p>
   </div>
   <div class='ocr_carea' id='block_1_5' title="bbox 115 1397 896 1480">
    <p class='ocr_par' dir='ltr' id='par_1_5' title="bbox 115 1397 896 1480">
     <span class='ocr_line' id='line_1_20' title="bbox 115 1397 896 1480; baseline 0 -23"><span class='ocrx_word' id='word_1_150' title='bbox 115 1397 315 1478; x_wconf 83' lang='grc' dir='ltr'>ιιρσύμιθα”</span> <span class='ocrx_word' id='word_1_151' title='bbox 279 1423 332 1458; x_wconf 90' lang='grc' dir='ltr'>των</span> <span class='ocrx_word' id='word_1_152' title='bbox 356 1398 463 1476; x_wconf 90' lang='grc' dir='ltr'>ἀγώνων</span> <span class='ocrx_word' id='word_1_153' title='bbox 486 1401 564 1476; x_wconf 89' lang='grc' dir='ltr'>ὑμῖν,</span> <span class='ocrx_word' id='word_1_154' title='bbox 581 1397 628 1457; x_wconf 77' lang='grc' dir='ltr'>εἴτ’</span> <span class='ocrx_word' id='word_1_155' title='bbox 649 1400 715 1480; x_wconf 84' lang='grc' dir='ltr'>ὀργῇ</span> <span class='ocrx_word' id='word_1_156' title='bbox 735 1398 837 1479; x_wconf 76' lang='grc' dir='ltr'>ἐρίντες</span> <span class='ocrx_word' id='word_1_157' title='bbox 852 1400 896 1466; x_wconf 83' lang='grc' dir='ltr'>ὡς’</span> 
     </span>
    </p>
   </div>
   <div class='ocr_carea' id='block_1_6' title="bbox 58 1484 903 5295">
    <p class='ocr_par' dir='ltr' id='par_1_6' title="bbox 113 1484 890 1654">
     <span class='ocr_line' id='line_1_21' title="bbox 113 1484 889 1568; baseline 0.001 -25.037"><span class='ocrx_word' id='word_1_158' title='bbox 113 1484 200 1554; x_wconf 85' lang='grc' dir='ltr'>ιιτοὺς</span> <span class='ocrx_word' id='word_1_159' title='bbox 214 1487 354 1563; x_wconf 89' lang='grc' dir='ltr'>πολεμίους</span> <span class='ocrx_word' id='word_1_160' title='bbox 386 1487 550 1568; x_wconf 84' lang='grc' dir='ltr'>τρεψόμεθα,</span> <span class='ocrx_word' id='word_1_161' title='bbox 572 1486 619 1546; x_wconf 83' lang='grc' dir='ltr'>καῖ</span> <span class='ocrx_word' id='word_1_162' title='bbox 641 1485 705 1555; x_wconf 86' lang='grc' dir='ltr'>ὀσας</span> <span class='ocrx_word' id='word_1_163' title='bbox 726 1487 828 1559; x_wconf 80' lang='grc' dir='ltr'>διήσεις</span> <span class='ocrx_word' id='word_1_164' title='bbox 842 1485 889 1545; x_wconf 85' lang='grc' dir='ltr'>καί</span> 
     </span>
     <span class='ocr_line' id='line_1_22' title="bbox 115 1565 890 1654; baseline 0.004 -24.121"><span class='ocrx_word' id='word_1_165' title='bbox 115 1574 298 1654; x_wconf 72' lang='grc' dir='ltr'>«ὑποσχέσεις</span> <span class='ocrx_word' id='word_1_166' title='bbox 330 1574 554 1653; x_wconf 77' lang='grc' dir='ltr'>ἐποιησαοθε;’</span> <span class='ocrx_word' id='word_1_167' title='bbox 527 1598 554 1633; x_wconf 90' lang='grc' dir='ltr'>τι</span> <span class='ocrx_word' id='word_1_168' title='bbox 582 1565 627 1634; x_wconf 88' lang='grc' dir='ltr'>ουν</span> <span class='ocrx_word' id='word_1_169' title='bbox 653 1578 676 1635; x_wconf 87' lang='grc' dir='ltr'>οῖ</span> <span class='ocrx_word' id='word_1_170' title='bbox 696 1575 814 1634; x_wconf 85' lang='grc' dir='ltr'>ταπεινοί</span> <span class='ocrx_word' id='word_1_171' title='bbox 843 1574 890 1633; x_wconf 88' lang='grc' dir='ltr'>καῖ</span> 
     </span>
    </p>

    <p class='ocr_par' dir='ltr' id='par_1_7' title="bbox 115 1661 889 1773">
     <span class='ocr_line' id='line_1_23' title="bbox 115 1661 889 1773; baseline 0.003 -53.016"><span class='ocrx_word' id='word_1_172' title='bbox 115 1688 127 1714; x_wconf 94' lang='grc' dir='ltr'>ι</span> <span class='ocrx_word' id='word_1_173' title='bbox 145 1685 208 1741; x_wconf 88' lang='grc' dir='ltr'>προς</span> <span class='ocrx_word' id='word_1_174' title='bbox 224 1664 281 1739; x_wconf 85' lang='grc' dir='ltr'>ὑμ</span> <span class='ocrx_word' id='word_1_175' title='bbox 265 1688 298 1721; x_wconf 86' lang='grc' dir='ltr'>ον</span> <span class='ocrx_word' id='word_1_176' title='bbox 319 1661 354 1722; x_wconf 82' lang='grc' dir='ltr'>ὑό</span> <span class='ocrx_word' id='word_1_177' title='bbox 357 1663 524 1773; x_wconf 84' lang='grc' dir='ltr'>ρισμίγοι’</span> <span class='ocrx_word' id='word_1_178' title='bbox 494 1687 540 1724; x_wconf 75' lang='lat' dir='ltr'>sor</span> <span class='ocrx_word' id='word_1_179' title='bbox 541 1662 748 1740; x_wconf 70' lang='grc' dir='ltr'>’ἀποιήταμενγ</span> <span class='ocrx_word' id='word_1_180' title='bbox 764 1661 889 1734; x_wconf 78' lang='grc' dir='ltr'>ἡττηθέν-</span> 
     </span>
    </p>

    <p class='ocr_par' dir='ltr' id='par_1_8' title="bbox 59 1749 892 2099">
     <span class='ocr_line' id='line_1_24' title="bbox 59 1749 889 1830; baseline 0.01 -27"><span class='ocrx_word' id='word_1_181' title='bbox 59 1767 82 1803; x_wconf 79' lang='lat' dir='ltr'>u,</span> <span class='ocrx_word' id='word_1_182' title='bbox 114 1775 127 1801; x_wconf 93' lang='grc' dir='ltr'>ιι</span> <span class='ocrx_word' id='word_1_183' title='bbox 143 1773 185 1816; x_wconf 88' lang='grc' dir='ltr'>τις</span> <span class='ocrx_word' id='word_1_184' title='bbox 199 1754 252 1808; x_wconf 82' lang='grc' dir='ltr'>τῶν</span> <span class='ocrx_word' id='word_1_185' title='bbox 269 1751 382 1823; x_wconf 82' lang='grc' dir='ltr'>δεησεων</span> <span class='ocrx_word' id='word_1_186' title='bbox 403 1774 449 1810; x_wconf 88' lang='grc' dir='ltr'>και</span> <span class='ocrx_word' id='word_1_187' title='bbox 468 1749 615 1817; x_wconf 88' lang='grc' dir='ltr'>πεισθέντες</span> <span class='ocrx_word' id='word_1_188' title='bbox 629 1751 687 1817; x_wconf 89' lang='grc' dir='ltr'>ταῖς</span> <span class='ocrx_word' id='word_1_189' title='bbox 703 1752 889 1830; x_wconf 76' lang='grc' dir='ltr'>ὑποσχέσεσιν,</span> 
     </span>
     <span class='ocr_line' id='line_1_25' title="bbox 115 1829 890 1919; baseline 0.003 -24"><span class='ocrx_word' id='word_1_190' title='bbox 115 1864 126 1890; x_wconf 89' lang='grc' dir='ltr'>ι</span> <span class='ocrx_word' id='word_1_191' title='bbox 142 1829 183 1905; x_wconf 77' lang='grc' dir='ltr'>αἶς</span> <span class='ocrx_word' id='word_1_192' title='bbox 200 1843 214 1897; x_wconf 87' lang='grc' dir='ltr'>θ</span> <span class='ocrx_word' id='word_1_193' title='bbox 230 1838 365 1918; x_wconf 84' lang='grc' dir='ltr'>βέλτιστος</span> <span class='ocrx_word' id='word_1_194' title='bbox 390 1837 477 1898; x_wconf 85' lang='grc' dir='ltr'>οὑτοσί</span> <span class='ocrx_word' id='word_1_195' title='bbox 500 1837 651 1919; x_wconf 83' lang='grc' dir='ltr'>Σερουίλιος</span> <span class='ocrx_word' id='word_1_196' title='bbox 675 1838 814 1896; x_wconf 88' lang='grc' dir='ltr'>ὑπατεύων</span> <span class='ocrx_word' id='word_1_197' title='bbox 829 1838 890 1900; x_wconf 88' lang='grc' dir='ltr'>τότε</span> 
     </span>
     <span class='ocr_line' id='line_1_26' title="bbox 116 1926 891 2006; baseline 0.005 -22"><span class='ocrx_word' id='word_1_198' title='bbox 116 1928 210 2006; x_wconf 77' lang='grc' dir='ltr'>«πρὸς</span> <span class='ocrx_word' id='word_1_199' title='bbox 223 1929 267 1988; x_wconf 81' lang='grc' dir='ltr'>τὸν</span> <span class='ocrx_word' id='word_1_200' title='bbox 282 1930 364 2006; x_wconf 72' lang='grc' dir='ltr'>δῆμον</span> <span class='ocrx_word' id='word_1_201' title='bbox 381 1930 543 2001; x_wconf 78' lang='grc' dir='ltr'>ἐποιήσατο,</span> <span class='ocrx_word' id='word_1_202' title='bbox 571 1926 643 1987; x_wconf 80' lang='grc' dir='ltr'>οὐθέν</span> <span class='ocrx_word' id='word_1_203' title='bbox 671 1927 719 2005; x_wconf 86' lang='grc' dir='ltr'>μῖν</span> <span class='ocrx_word' id='word_1_204' title='bbox 747 1930 891 2004; x_wconf 82' lang='grc' dir='ltr'>ε’μνησικα·</span> 
     </span>
     <span class='ocr_line' id='line_1_27' title="bbox 117 2016 892 2099; baseline 0.005 -26"><span class='ocrx_word' id='word_1_205' title='bbox 117 2016 266 2093; x_wconf 79' lang='grc' dir='ltr'>ικήσαμεν</span> <span class='ocrx_word' id='word_1_206' title='bbox 293 2021 353 2095; x_wconf 88' lang='grc' dir='ltr'>ὑμῖν</span> <span class='ocrx_word' id='word_1_207' title='bbox 375 2021 426 2076; x_wconf 84' lang='grc' dir='ltr'>τῶν</span> <span class='ocrx_word' id='word_1_208' title='bbox 451 2017 554 2088; x_wconf 91' lang='grc' dir='ltr'>πάλαι,</span> <span class='ocrx_word' id='word_1_209' title='bbox 580 2016 686 2097; x_wconf 86' lang='grc' dir='ltr'>χρηστά</span> <span class='ocrx_word' id='word_1_210' title='bbox 713 2016 740 2074; x_wconf 87' lang='grc' dir='ltr'>δὲ</span> <span class='ocrx_word' id='word_1_211' title='bbox 760 2018 822 2099; x_wconf 79' lang='grc' dir='ltr'>περὶ</span> <span class='ocrx_word' id='word_1_212' title='bbox 845 2024 892 2078; x_wconf 84' lang='grc' dir='ltr'>τοὺ</span> 
     </span>
    </p>

    <p class='ocr_par' dir='ltr' id='par_1_9' title="bbox 58 2104 893 2365">
     <span class='ocr_line' id='line_1_28' title="bbox 117 2104 891 2186; baseline 0.001 -23"><span class='ocrx_word' id='word_1_213' title='bbox 117 2132 129 2156; x_wconf 93' lang='grc' dir='ltr'>ιι</span> <span class='ocrx_word' id='word_1_214' title='bbox 147 2105 286 2181; x_wconf 85' lang='grc' dir='ltr'>μέλλοντος</span> <span class='ocrx_word' id='word_1_215' title='bbox 311 2106 463 2174; x_wconf 78' lang='grc' dir='ltr'>ἐλπίσαντες</span> <span class='ocrx_word' id='word_1_216' title='bbox 498 2104 593 2185; x_wconf 92' lang='grc' dir='ltr'>χρόνου</span> <span class='ocrx_word' id='word_1_217' title='bbox 624 2104 795 2186; x_wconf 85' lang='grc' dir='ltr'>παρέσχομεν</span> <span class='ocrx_word' id='word_1_218' title='bbox 829 2106 891 2182; x_wconf 88' lang='grc' dir='ltr'>ὑμῖν</span> 
     </span>
     <span class='ocr_line' id='line_1_29' title="bbox 58 2192 893 2303; baseline -0.002 -48"><span class='ocrx_word' id='word_1_219' title='bbox 58 2220 70 2255; x_wconf 77' lang='grc' dir='ltr'>τ</span> <span class='ocrx_word' id='word_1_220' title='bbox 117 2220 129 2245; x_wconf 93' lang='grc' dir='ltr'>ιι</span> <span class='ocrx_word' id='word_1_221' title='bbox 147 2194 271 2303; x_wconf 70' lang='grc' dir='ltr'>ἑαυτοὺς,</span> <span class='ocrx_word' id='word_1_222' title='bbox 287 2196 333 2254; x_wconf 83' lang='grc' dir='ltr'>καί</span> <span class='ocrx_word' id='word_1_223' title='bbox 347 2198 434 2254; x_wconf 85' lang='grc' dir='ltr'>πάντα</span> <span class='ocrx_word' id='word_1_224' title='bbox 448 2192 609 2271; x_wconf 84' lang='grc' dir='ltr'>τάπολέμια</span> <span class='ocrx_word' id='word_1_225' title='bbox 638 2196 665 2252; x_wconf 76' lang='grc' dir='ltr'>ἐν</span> <span class='ocrx_word' id='word_1_226' title='bbox 691 2194 772 2274; x_wconf 88' lang='grc' dir='ltr'>ὀλίγῳ</span> <span class='ocrx_word' id='word_1_227' title='bbox 798 2217 893 2276; x_wconf 86' lang='grc' dir='ltr'>κατερ-</span> 
     </span>
     <span class='ocr_line' id='line_1_30' title="bbox 117 2281 893 2365; baseline 0 -23"><span class='ocrx_word' id='word_1_228' title='bbox 117 2310 129 2335; x_wconf 94' lang='grc' dir='ltr'>ιι</span> <span class='ocrx_word' id='word_1_229' title='bbox 145 2285 291 2362; x_wconf 87' lang='grc' dir='ltr'>γασάμενοι</span> <span class='ocrx_word' id='word_1_230' title='bbox 317 2286 415 2365; x_wconf 85' lang='grc' dir='ltr'>χρόνῳ,</span> <span class='ocrx_word' id='word_1_231' title='bbox 437 2285 561 2363; x_wconf 84' lang='grc' dir='ltr'>παρῆμεν</span> <span class='ocrx_word' id='word_1_232' title='bbox 579 2283 685 2360; x_wconf 88' lang='grc' dir='ltr'>ἀγοντες</span> <span class='ocrx_word' id='word_1_233' title='bbox 708 2281 893 2361; x_wconf 79' lang='grc' dir='ltr'>αἰχμαλώτους</span> 
     </span>
    </p>

    <p class='ocr_par' dir='ltr' id='par_1_10' title="bbox 116 2361 890 2454">
     <span class='ocr_line' id='line_1_31' title="bbox 116 2361 890 2454; baseline -0.001 -23"><span class='ocrx_word' id='word_1_234' title='bbox 116 2398 128 2423; x_wconf 89' lang='grc' dir='ltr'>ιι</span> <span class='ocrx_word' id='word_1_235' title='bbox 145 2371 256 2437; x_wconf 85' lang='grc' dir='ltr'>πολλοὺς</span> <span class='ocrx_word' id='word_1_236' title='bbox 270 2373 316 2431; x_wconf 84' lang='grc' dir='ltr'>καί</span> <span class='ocrx_word' id='word_1_237' title='bbox 330 2371 402 2438; x_wconf 84' lang='grc' dir='ltr'>λείας</span> <span class='ocrx_word' id='word_1_238' title='bbox 417 2369 511 2437; x_wconf 85' lang='grc' dir='ltr'>καλάς.</span> <span class='ocrx_word' id='word_1_239' title='bbox 528 2361 636 2429; x_wconf 72' lang='lat' dir='ltr'>&#39;1er&#39;</span> <span class='ocrx_word' id='word_1_240' title='bbox 616 2394 653 2429; x_wconf 90' lang='grc' dir='ltr'>ων</span> <span class='ocrx_word' id='word_1_241' title='bbox 663 2393 736 2437; x_wconf 84' lang='grc' dir='ltr'>τινας</span> <span class='ocrx_word' id='word_1_242' title='bbox 757 2370 872 2446; x_wconf 73' lang='grc' dir='ltr'>ἡμῖν</span> <span class='ocrx_word' id='word_1_243' title='bbox 835 2395 890 2454; x_wconf 81' lang='grc' dir='ltr'>χα-</span> 
     </span>
    </p>

    <p class='ocr_par' dir='ltr' id='par_1_11' title="bbox 116 2450 892 2539">
     <span class='ocr_line' id='line_1_32' title="bbox 116 2450 892 2539; baseline 0.003 -22"><span class='ocrx_word' id='word_1_244' title='bbox 116 2489 128 2511; x_wconf 89' lang='grc' dir='ltr'>ι</span> <span class='ocrx_word' id='word_1_245' title='bbox 147 2483 218 2538; x_wconf 89' lang='grc' dir='ltr'>ριτας</span> <span class='ocrx_word' id='word_1_246' title='bbox 237 2460 408 2539; x_wconf 68' lang='grc' dir='ltr'>ἀπεδώκατε,</span> <span class='ocrx_word' id='word_1_247' title='bbox 431 2450 486 2539; x_wconf 76' lang='grc' dir='ltr'>ἀρά</span> <span class='ocrx_word' id='word_1_248' title='bbox 501 2482 530 2537; x_wconf 86' lang='grc' dir='ltr'>γε</span> <span class='ocrx_word' id='word_1_249' title='bbox 551 2458 654 2526; x_wconf 85' lang='grc' dir='ltr'>δικαίας</span> <span class='ocrx_word' id='word_1_250' title='bbox 668 2459 763 2517; x_wconf 84' lang='grc' dir='ltr'>καί</span> <span class='ocrx_word' id='word_1_251' title='bbox 728 2482 780 2518; x_wconf 91' lang='grc' dir='ltr'>των</span> <span class='ocrx_word' id='word_1_252' title='bbox 797 2460 892 2519; x_wconf 90' lang='grc' dir='ltr'>κινδύ-</span> 
     </span>
    </p>

    <p class='ocr_par' dir='ltr' id='par_1_12' title="bbox 117 2546 891 2629">
     <span class='ocr_line' id='line_1_33' title="bbox 117 2546 891 2629; baseline 0.003 -23"><span class='ocrx_word' id='word_1_253' title='bbox 117 2577 128 2599; x_wconf 94' lang='grc' dir='ltr'>ιι</span> <span class='ocrx_word' id='word_1_254' title='bbox 146 2572 197 2607; x_wconf 92' lang='grc' dir='ltr'>νων</span> <span class='ocrx_word' id='word_1_255' title='bbox 213 2548 299 2623; x_wconf 73' lang='grc' dir='ltr'>ἀξίας,</span> <span class='ocrx_word' id='word_1_256' title='bbox 322 2550 418 2622; x_wconf 73' lang='grc' dir='ltr'>πόθεν,</span> <span class='ocrx_word' id='word_1_257' title='bbox 442 2551 539 2607; x_wconf 77' lang='grc' dir='ltr'>πολλοῦ</span> <span class='ocrx_word' id='word_1_258' title='bbox 556 2570 585 2625; x_wconf 90' lang='grc' dir='ltr'>γε</span> <span class='ocrx_word' id='word_1_259' title='bbox 611 2570 657 2606; x_wconf 90' lang='grc' dir='ltr'>και</span> <span class='ocrx_word' id='word_1_260' title='bbox 647 2547 721 2610; x_wconf 81' lang='grc' dir='ltr'>δεῖ.</span> <span class='ocrx_word' id='word_1_261' title='bbox 739 2546 891 2629; x_wconf 71' lang='grc' dir='ltr'>Διεύεύσα-</span> 
     </span>
    </p>

    <p class='ocr_par' dir='ltr' id='par_1_13' title="bbox 95 2634 892 2716">
     <span class='ocr_line' id='line_1_34' title="bbox 95 2634 892 2716; baseline 0.004 -21"><span class='ocrx_word' id='word_1_262' title='bbox 95 2653 97 2656; x_wconf 79' lang='grc'>’</span> <span class='ocrx_word' id='word_1_263' title='bbox 117 2665 128 2686; x_wconf 92' lang='grc' dir='ltr'>ιι</span> <span class='ocrx_word' id='word_1_264' title='bbox 148 2638 239 2695; x_wconf 88' lang='grc' dir='ltr'>σ’θε</span> <span class='ocrx_word' id='word_1_265' title='bbox 204 2661 253 2714; x_wconf 89' lang='grc' dir='ltr'>μεν</span> <span class='ocrx_word' id='word_1_266' title='bbox 269 2661 299 2716; x_wconf 91' lang='grc' dir='ltr'>γε</span> <span class='ocrx_word' id='word_1_267' title='bbox 320 2638 365 2697; x_wconf 82' lang='grc' dir='ltr'>καί</span> <span class='ocrx_word' id='word_1_268' title='bbox 384 2636 430 2704; x_wconf 84' lang='grc' dir='ltr'>τάς</span> <span class='ocrx_word' id='word_1_269' title='bbox 453 2634 654 2716; x_wconf 83' lang='grc' dir='ltr'>ὑποσχέσεις,ἀς</span> <span class='ocrx_word' id='word_1_270' title='bbox 675 2637 870 2697; x_wconf 80' lang='grc' dir='ltr'>ἐκελεύσατε</span> <span class='ocrx_word' id='word_1_271' title='bbox 845 2661 892 2699; x_wconf 89' lang='grc' dir='ltr'>τον</span> 
     </span>
    </p>

    <p class='ocr_par' dir='ltr' id='par_1_14' title="bbox 117 2723 890 2805">
     <span class='ocr_line' id='line_1_35' title="bbox 117 2723 890 2805; baseline 0.005 -22"><span class='ocrx_word' id='word_1_272' title='bbox 117 2752 128 2776; x_wconf 94' lang='grc' dir='ltr'>ιι</span> <span class='ocrx_word' id='word_1_273' title='bbox 147 2723 246 2785; x_wconf 87' lang='grc' dir='ltr'>ὑπατον</span> <span class='ocrx_word' id='word_1_274' title='bbox 262 2724 327 2805; x_wconf 77' lang='grc' dir='ltr'>ὑπέρ</span> <span class='ocrx_word' id='word_1_275' title='bbox 340 2733 386 2786; x_wconf 83' lang='grc' dir='ltr'>τοῦ</span> <span class='ocrx_word' id='word_1_276' title='bbox 403 2730 488 2785; x_wconf 79' lang='grc' dir='ltr'>κοινοῦ</span> <span class='ocrx_word' id='word_1_277' title='bbox 507 2723 687 2802; x_wconf 79' lang='grc' dir='ltr'>ποιήσασθαι,</span> <span class='ocrx_word' id='word_1_278' title='bbox 703 2726 782 2785; x_wconf 84' lang='grc' dir='ltr'>αὑτὸν</span> <span class='ocrx_word' id='word_1_279' title='bbox 803 2728 831 2786; x_wconf 83' lang='grc' dir='ltr'>δῖ</span> <span class='ocrx_word' id='word_1_280' title='bbox 846 2728 890 2787; x_wconf 89' lang='grc' dir='ltr'>τόν</span> 
     </span>
    </p>

    <p class='ocr_par' dir='ltr' id='par_1_15' title="bbox 116 2804 892 2922">
     <span class='ocr_line' id='line_1_36' title="bbox 116 2804 892 2922; baseline 0.005 -49"><span class='ocrx_word' id='word_1_281' title='bbox 116 2842 129 2867; x_wconf 93' lang='grc' dir='ltr'>ιι</span> <span class='ocrx_word' id='word_1_282' title='bbox 147 2814 230 2894; x_wconf 87' lang='grc' dir='ltr'>ἀνδρα</span> <span class='ocrx_word' id='word_1_283' title='bbox 242 2812 345 2873; x_wconf 88' lang='grc' dir='ltr'>τουτονι</span> <span class='ocrx_word' id='word_1_284' title='bbox 361 2813 405 2873; x_wconf 80' lang='grc' dir='ltr'>τὸν</span> <span class='ocrx_word' id='word_1_285' title='bbox 417 2804 598 2895; x_wconf 43' lang='lat' dir='ltr'>debetorum?</span> <span class='ocrx_word' id='word_1_286' title='bbox 578 2839 600 2874; x_wconf 99' lang='grc' dir='ltr'>ω</span> <span class='ocrx_word' id='word_1_287' title='bbox 611 2836 709 2922; x_wconf 84' lang='grc' dir='ltr'>κατεχρ</span> <span class='ocrx_word' id='word_1_288' title='bbox 696 2814 809 2892; x_wconf 78' lang='grc' dir='ltr'>ρήσασθε</span> <span class='ocrx_word' id='word_1_289' title='bbox 826 2816 892 2898; x_wconf 81' lang='grc' dir='ltr'>πρὸς</span> 
     </span>
    </p>

    <p class='ocr_par' dir='ltr' id='par_1_16' title="bbox 97 2902 888 2986">
     <span class='ocr_line' id='line_1_37' title="bbox 97 2902 888 2986; baseline 0.011 -29"><span class='ocrx_word' id='word_1_290' title='bbox 97 2965 99 2968; x_wconf 46' lang='grc'>,</span> <span class='ocrx_word' id='word_1_291' title='bbox 118 2933 130 2957; x_wconf 88' lang='grc' dir='ltr'>ιι</span> <span class='ocrx_word' id='word_1_292' title='bbox 146 2927 190 2964; x_wconf 92' lang='grc' dir='ltr'>τον</span> <span class='ocrx_word' id='word_1_293' title='bbox 204 2925 374 2984; x_wconf 85' lang='grc' dir='ltr'>ρενακισμον,</span> <span class='ocrx_word' id='word_1_294' title='bbox 389 2902 497 2983; x_wconf 76' lang='grc' dir='ltr'>ἄμοιρον</span> <span class='ocrx_word' id='word_1_295' title='bbox 512 2903 705 2975; x_wconf 78' lang='grc' dir='ltr'>έποιή”σατε</span> <span class='ocrx_word' id='word_1_296' title='bbox 669 2929 721 2963; x_wconf 89' lang='grc' dir='ltr'>των</span> <span class='ocrx_word' id='word_1_297' title='bbox 739 2905 888 2986; x_wconf 83' lang='grc' dir='ltr'>θριάμόων,</span> 
     </span>
    </p>

    <p class='ocr_par' dir='ltr' id='par_1_17' title="bbox 117 2989 891 3074">
     <span class='ocr_line' id='line_1_38' title="bbox 117 2989 891 3074; baseline 0.005 -24"><span class='ocrx_word' id='word_1_298' title='bbox 117 3020 129 3045; x_wconf 90' lang='grc' dir='ltr'>ιι</span> <span class='ocrx_word' id='word_1_299' title='bbox 153 2994 258 3052; x_wconf 89' lang='grc' dir='ltr'>πάντων</span> <span class='ocrx_word' id='word_1_300' title='bbox 276 2991 392 3069; x_wconf 88' lang='grc' dir='ltr'>μάλιστα</span> <span class='ocrx_word' id='word_1_301' title='bbox 419 2989 563 3070; x_wconf 87' lang='grc' dir='ltr'>ἀνθρώπων</span> <span class='ocrx_word' id='word_1_302' title='bbox 578 2989 649 3059; x_wconf 77' lang='grc' dir='ltr'>ἀξιον</span> <span class='ocrx_word' id='word_1_303' title='bbox 668 2991 782 3052; x_wconf 75' lang='grc' dir='ltr'>ὀντα”</span> <span class='ocrx_word' id='word_1_304' title='bbox 748 3017 795 3066; x_wconf 91' lang='grc' dir='ltr'>της</span> <span class='ocrx_word' id='word_1_305' title='bbox 809 2999 891 3074; x_wconf 71' lang='grc' dir='ltr'>τιμῆς</span> 
     </span>
    </p>

    <p class='ocr_par' dir='ltr' id='par_1_18' title="bbox 63 3079 894 3343">
     <span class='ocr_line' id='line_1_39' title="bbox 63 3079 891 3166; baseline 0.01 -30"><span class='ocrx_word' id='word_1_306' title='bbox 63 3098 91 3136; x_wconf 82' lang='lat' dir='ltr'>eo</span> <span class='ocrx_word' id='word_1_307' title='bbox 117 3110 129 3134; x_wconf 91' lang='grc' dir='ltr'>ιι</span> <span class='ocrx_word' id='word_1_308' title='bbox 147 3081 243 3153; x_wconf 88' lang='grc' dir='ltr'>ταύτης</span> <span class='ocrx_word' id='word_1_309' title='bbox 259 3088 358 3160; x_wconf 86' lang='grc' dir='ltr'>τυχεῖν·</span> <span class='ocrx_word' id='word_1_310' title='bbox 376 3082 424 3142; x_wconf 86' lang='grc' dir='ltr'>οὑκ</span> <span class='ocrx_word' id='word_1_311' title='bbox 444 3079 525 3139; x_wconf 87' lang='grc' dir='ltr'>άλλου</span> <span class='ocrx_word' id='word_1_312' title='bbox 539 3079 608 3148; x_wconf 79' lang='grc' dir='ltr'>τινὸς</span> <span class='ocrx_word' id='word_1_313' title='bbox 629 3081 785 3163; x_wconf 83' lang='grc' dir='ltr'>προσθέντες</span> <span class='ocrx_word' id='word_1_314' title='bbox 819 3086 891 3166; x_wconf 76' lang='grc' dir='ltr'>αὑτῷ</span> 
     </span>
     <span class='ocr_line' id='line_1_40' title="bbox 118 3167 894 3252; baseline 0.008 -28"><span class='ocrx_word' id='word_1_315' title='bbox 118 3199 131 3224; x_wconf 91' lang='grc' dir='ltr'>ι</span> <span class='ocrx_word' id='word_1_316' title='bbox 147 3170 194 3243; x_wconf 74' lang='grc' dir='ltr'>τὴν</span> <span class='ocrx_word' id='word_1_317' title='bbox 224 3169 314 3252; x_wconf 70' lang='lat' dir='ltr'>depo,</span> <span class='ocrx_word' id='word_1_318' title='bbox 339 3168 396 3230; x_wconf 88' lang='grc' dir='ltr'>ἀλλ’</span> <span class='ocrx_word' id='word_1_319' title='bbox 424 3168 464 3229; x_wconf 88' lang='grc' dir='ltr'>ὀτι</span> <span class='ocrx_word' id='word_1_320' title='bbox 488 3167 524 3228; x_wconf 89' lang='grc' dir='ltr'>τόι</span> <span class='ocrx_word' id='word_1_321' title='bbox 544 3167 634 3229; x_wconf 85' lang='grc' dir='ltr'>δίκαια</span> <span class='ocrx_word' id='word_1_322' title='bbox 660 3172 743 3231; x_wconf 83' lang='grc' dir='ltr'>ποιεῖν</span> <span class='ocrx_word' id='word_1_323' title='bbox 767 3177 836 3249; x_wconf 70' lang='grc' dir='ltr'>ὑμᾶς</span> <span class='ocrx_word' id='word_1_324' title='bbox 858 3176 894 3240; x_wconf 80' lang='grc' dir='ltr'>ὡς</span> 
     </span>
     <span class='ocr_line' id='line_1_41' title="bbox 119 3257 894 3343; baseline 0.003 -25"><span class='ocrx_word' id='word_1_325' title='bbox 119 3259 291 3338; x_wconf 85' lang='grc' dir='ltr'>«ὑπέσχεσθε</span> <span class='ocrx_word' id='word_1_326' title='bbox 305 3257 395 3332; x_wconf 73' lang='grc' dir='ltr'>ἠξίου,</span> <span class='ocrx_word' id='word_1_327' title='bbox 415 3257 460 3318; x_wconf 86' lang='grc' dir='ltr'>καῖ</span> <span class='ocrx_word' id='word_1_328' title='bbox 479 3261 635 3336; x_wconf 79' lang='grc' dir='ltr'>ἀγανακτῶν</span> <span class='ocrx_word' id='word_1_329' title='bbox 652 3259 697 3319; x_wconf 78' lang='grc' dir='ltr'>ἐπὶ</span> <span class='ocrx_word' id='word_1_330' title='bbox 716 3264 754 3343; x_wconf 79' lang='grc' dir='ltr'>τῷ</span> <span class='ocrx_word' id='word_1_331' title='bbox 768 3283 894 3341; x_wconf 81' lang='grc' dir='ltr'>ρενακισ-</span> 
     </span>
    </p>

    <p class='ocr_par' dir='ltr' id='par_1_19' title="bbox 119 3339 342 3427">
     <span class='ocr_line' id='line_1_42' title="bbox 119 3339 342 3427; baseline 0.018 -26"><span class='ocrx_word' id='word_1_332' title='bbox 119 3375 131 3401; x_wconf 90' lang='grc' dir='ltr'>ιι</span> <span class='ocrx_word' id='word_1_333' title='bbox 149 3351 191 3427; x_wconf 82' lang='grc' dir='ltr'>μῷ</span> <span class='ocrx_word' id='word_1_334' title='bbox 207 3353 284 3420; x_wconf 77' lang='grc' dir='ltr'>δῆλος</span> <span class='ocrx_word' id='word_1_335' title='bbox 300 3339 342 3421; x_wconf 66' lang='grc' dir='ltr'>ἦν.</span> 
     </span>
    </p>

    <p class='ocr_par' dir='ltr' id='par_1_20' title="bbox 154 3434 892 3519">
     <span class='ocr_line' id='line_1_43' title="bbox 154 3434 892 3519; baseline 0.003 -23"><span class='ocrx_word' id='word_1_336' title='bbox 154 3438 295 3497; x_wconf 75' lang='lat' dir='ltr'>Lxxl&#39;ll.</span> <span class='ocrx_word' id='word_1_337' title='bbox 319 3463 330 3490; x_wconf 85' lang='grc' dir='ltr'>ι</span> <span class='ocrx_word' id='word_1_338' title='bbox 344 3435 477 3517; x_wconf 78' lang='grc' dir='ltr'>Ἔναγχος</span> <span class='ocrx_word' id='word_1_339' title='bbox 493 3435 520 3496; x_wconf 80' lang='grc' dir='ltr'>δὲ</span> <span class='ocrx_word' id='word_1_340' title='bbox 536 3434 568 3507; x_wconf 79' lang='grc' dir='ltr'>δὴ</span> <span class='ocrx_word' id='word_1_341' title='bbox 581 3443 628 3497; x_wconf 76' lang='grc' dir='ltr'>τοῦ</span> <span class='ocrx_word' id='word_1_342' title='bbox 638 3438 743 3518; x_wconf 84' lang='grc' dir='ltr'>χρόνον·</span> <span class='ocrx_word' id='word_1_343' title='bbox 756 3437 827 3497; x_wconf 82' lang='grc' dir='ltr'>τουτὶ</span> <span class='ocrx_word' id='word_1_344' title='bbox 840 3438 892 3519; x_wconf 81' lang='grc' dir='ltr'>γάρ</span> 
     </span>
    </p>

    <p class='ocr_par' dir='ltr' id='par_1_21' title="bbox 66 3523 895 3689">
     <span class='ocr_line' id='line_1_44' title="bbox 66 3523 895 3606; baseline 0.005 -24"><span class='ocrx_word' id='word_1_345' title='bbox 66 3543 93 3578; x_wconf 66' lang='lat' dir='ltr'>:ts</span> <span class='ocrx_word' id='word_1_346' title='bbox 120 3551 132 3575; x_wconf 90' lang='grc' dir='ltr'>ι</span> <span class='ocrx_word' id='word_1_347' title='bbox 150 3524 189 3582; x_wconf 80' lang='grc' dir='ltr'>ἔτι</span> <span class='ocrx_word' id='word_1_348' title='bbox 210 3523 332 3602; x_wconf 77' lang='grc' dir='ltr'>προσθείς</span> <span class='ocrx_word' id='word_1_349' title='bbox 361 3528 400 3603; x_wconf 85' lang='grc' dir='ltr'>τῷ</span> <span class='ocrx_word' id='word_1_350' title='bbox 421 3526 548 3603; x_wconf 76' lang='grc' dir='ltr'>περὶτοῦ</span> <span class='ocrx_word' id='word_1_351' title='bbox 572 3526 673 3585; x_wconf 84' lang='grc' dir='ltr'>δικαίου</span> <span class='ocrx_word' id='word_1_352' title='bbox 699 3527 769 3606; x_wconf 85' lang='grc' dir='ltr'>λόγῳ</span> <span class='ocrx_word' id='word_1_353' title='bbox 797 3525 895 3586; x_wconf 87' lang='grc' dir='ltr'>παύσο-</span> 
     </span>
     <span class='ocr_line' id='line_1_45' title="bbox 121 3613 893 3689; baseline 0.006 -21"><span class='ocrx_word' id='word_1_354' title='bbox 121 3639 134 3664; x_wconf 93' lang='grc' dir='ltr'>ιι</span> <span class='ocrx_word' id='word_1_355' title='bbox 154 3634 209 3689; x_wconf 89' lang='grc' dir='ltr'>μαι·</span> <span class='ocrx_word' id='word_1_356' title='bbox 228 3614 263 3671; x_wconf 77' lang='grc' dir='ltr'>δύ’</span> <span class='ocrx_word' id='word_1_357' title='bbox 280 3616 341 3689; x_wconf 89' lang='grc' dir='ltr'>ὑμῖν</span> <span class='ocrx_word' id='word_1_358' title='bbox 355 3613 464 3672; x_wconf 81' lang='grc' dir='ltr'>Αἰκανοί</span> <span class='ocrx_word' id='word_1_359' title='bbox 478 3637 508 3672; x_wconf 91' lang='grc' dir='ltr'>τε</span> <span class='ocrx_word' id='word_1_360' title='bbox 523 3613 568 3672; x_wconf 84' lang='grc' dir='ltr'>καῖ</span> <span class='ocrx_word' id='word_1_361' title='bbox 585 3613 696 3674; x_wconf 79' lang='grc' dir='ltr'>Σαόῐνοι</span> <span class='ocrx_word' id='word_1_362' title='bbox 715 3614 760 3674; x_wconf 79' lang='grc' dir='ltr'>καί</span> <span class='ocrx_word' id='word_1_363' title='bbox 778 3616 893 3676; x_wconf 82' lang='grc' dir='ltr'>Οὑολοὺ·</span> 
     </span>
    </p>

    <p class='ocr_par' dir='ltr' id='par_1_22' title="bbox 122 3700 893 3874">
     <span class='ocr_line' id='line_1_46' title="bbox 122 3700 893 3781; baseline 0.003 -22"><span class='ocrx_word' id='word_1_364' title='bbox 122 3728 135 3753; x_wconf 96' lang='grc' dir='ltr'>ιι</span> <span class='ocrx_word' id='word_1_365' title='bbox 153 3723 210 3759; x_wconf 89' lang='grc' dir='ltr'>σκοι</span> <span class='ocrx_word' id='word_1_366' title='bbox 225 3710 274 3781; x_wconf 73' lang='grc' dir='ltr'>μιᾷ</span> <span class='ocrx_word' id='word_1_367' title='bbox 298 3700 391 3781; x_wconf 83' lang='grc' dir='ltr'>γνώμη</span> <span class='ocrx_word' id='word_1_368' title='bbox 412 3701 575 3781; x_wconf 89' lang='grc' dir='ltr'>χρησάμενοι</span> <span class='ocrx_word' id='word_1_369' title='bbox 593 3701 668 3761; x_wconf 85' lang='grc' dir='ltr'>αὗταί</span> <span class='ocrx_word' id='word_1_370' title='bbox 688 3706 712 3761; x_wconf 86' lang='grc' dir='ltr'>τ’</span> <span class='ocrx_word' id='word_1_371' title='bbox 728 3703 893 3762; x_wconf 81' lang='grc' dir='ltr'>ἐπανίσταν-</span> 
     </span>
     <span class='ocr_line' id='line_1_47' title="bbox 122 3791 893 3874; baseline 0.013 -29"><span class='ocrx_word' id='word_1_372' title='bbox 122 3815 200 3863; x_wconf 86' lang='grc' dir='ltr'>ιιτο,</span> <span class='ocrx_word' id='word_1_373' title='bbox 227 3791 351 3858; x_wconf 83' lang='grc' dir='ltr'>καὶτοὺς</span> <span class='ocrx_word' id='word_1_374' title='bbox 374 3791 468 3860; x_wconf 85' lang='grc' dir='ltr'>άλλσυς</span> <span class='ocrx_word' id='word_1_375' title='bbox 490 3791 671 3871; x_wconf 85' lang='grc' dir='ltr'>παρεκάλουν,</span> <span class='ocrx_word' id='word_1_376' title='bbox 697 3798 744 3854; x_wconf 86' lang='grc' dir='ltr'>οὑκ</span> <span class='ocrx_word' id='word_1_377' title='bbox 769 3798 893 3874; x_wconf 76' lang='grc' dir='ltr'>ἐφ’ἡμᾶς</span> 
     </span>
    </p>

    <p class='ocr_par' dir='ltr' id='par_1_23' title="bbox 67 3880 898 4583">
     <span class='ocr_line' id='line_1_48' title="bbox 120 3880 895 3965; baseline 0.006 -28"><span class='ocrx_word' id='word_1_378' title='bbox 120 3907 133 3932; x_wconf 95' lang='grc' dir='ltr'>ιι</span> <span class='ocrx_word' id='word_1_379' title='bbox 152 3882 333 3959; x_wconf 73' lang='grc' dir='ltr'>ἠναγκάσθητε</span> <span class='ocrx_word' id='word_1_380' title='bbox 347 3889 507 3960; x_wconf 81' lang='grc' dir='ltr'>καταρυγιῖν</span> <span class='ocrx_word' id='word_1_381' title='bbox 523 3880 581 3949; x_wconf 88' lang='grc' dir='ltr'>τοὺς</span> <span class='ocrx_word' id='word_1_382' title='bbox 595 3881 735 3948; x_wconf 80' lang='grc' dir='ltr'>ταπεινοὺς</span> <span class='ocrx_word' id='word_1_383' title='bbox 759 3883 804 3940; x_wconf 84' lang='grc' dir='ltr'>καῖ</span> <span class='ocrx_word' id='word_1_384' title='bbox 829 3883 895 3965; x_wconf 77' lang='lat' dir='ltr'>poui-</span> 
     </span>
     <span class='ocr_line' id='line_1_49' title="bbox 67 3969 895 4050; baseline 0.005 -24"><span class='ocrx_word' id='word_1_385' title='bbox 67 3997 132 4036; x_wconf 68' lang='lat'>40«</span> <span class='ocrx_word' id='word_1_386' title='bbox 120 3971 209 4037; x_wconf 88' lang='grc' dir='ltr'>ιλους</span> <span class='ocrx_word' id='word_1_387' title='bbox 232 3972 256 4027; x_wconf 78' lang='grc' dir='ltr'>οἱ</span> <span class='ocrx_word' id='word_1_388' title='bbox 279 3969 369 4046; x_wconf 79' lang='grc' dir='ltr'>σεμνοὶ</span> <span class='ocrx_word' id='word_1_389' title='bbox 390 3969 486 4049; x_wconf 87' lang='grc' dir='ltr'>καίβα</span> <span class='ocrx_word' id='word_1_390' title='bbox 471 3977 559 4049; x_wconf 88' lang='grc' dir='ltr'>αρεῖς,</span> <span class='ocrx_word' id='word_1_391' title='bbox 580 3969 668 4028; x_wconf 86' lang='grc' dir='ltr'>πάντα</span> <span class='ocrx_word' id='word_1_392' title='bbox 692 3970 895 4050; x_wconf 83' lang='grc' dir='ltr'>ὑπισχνούμενοι</span> 
     </span>
     <span class='ocr_line' id='line_1_50' title="bbox 120 4055 897 4138; baseline 0.007 -23.194"><span class='ocrx_word' id='word_1_393' title='bbox 120 4081 195 4127; x_wconf 87' lang='grc' dir='ltr'>ιιτης</span> <span class='ocrx_word' id='word_1_394' title='bbox 217 4057 276 4117; x_wconf 85' lang='grc' dir='ltr'>τότε</span> <span class='ocrx_word' id='word_1_395' title='bbox 299 4059 449 4137; x_wconf 78' lang='grc' dir='ltr'>σωτηρίας;</span> <span class='ocrx_word' id='word_1_396' title='bbox 470 4059 514 4117; x_wconf 83' lang='grc' dir='ltr'>καὶ</span> <span class='ocrx_word' id='word_1_397' title='bbox 529 4055 572 4116; x_wconf 78' lang='grc' dir='ltr'>ἵνα</span> <span class='ocrx_word' id='word_1_398' title='bbox 601 4056 639 4136; x_wconf 77' lang='grc' dir='ltr'>μὴ</span> <span class='ocrx_word' id='word_1_399' title='bbox 668 4057 800 4126; x_wconf 77' lang='grc' dir='ltr'>ίξαπαταν</span> <span class='ocrx_word' id='word_1_400' title='bbox 825 4065 897 4138; x_wconf 73' lang='grc' dir='ltr'>ἡμᾶς</span> 
     </span>
     <span class='ocr_line' id='line_1_51' title="bbox 120 4136 893 4227; baseline 0.003 -21.081"><span class='ocrx_word' id='word_1_401' title='bbox 120 4136 223 4213; x_wconf 60' lang='lat' dir='ltr'>«aiau</span> <span class='ocrx_word' id='word_1_402' title='bbox 244 4149 352 4218; x_wconf 85' lang='grc' dir='ltr'>δοκῆτε,</span> <span class='ocrx_word' id='word_1_403' title='bbox 369 4145 523 4213; x_wconf 88' lang='grc' dir='ltr'>δπολλάκις</span> <span class='ocrx_word' id='word_1_404' title='bbox 541 4147 732 4219; x_wconf 60' lang='lat' dir='ltr'>ruariorum</span> <span class='ocrx_word' id='word_1_405' title='bbox 711 4148 893 4227; x_wconf 82' lang='grc' dir='ltr'>προκάλυμμα</span> 
     </span>
     <span class='ocr_line' id='line_1_52' title="bbox 121 4235 896 4318; baseline 0.005 -25.159"><span class='ocrx_word' id='word_1_406' title='bbox 121 4239 196 4307; x_wconf 76' lang='grc' dir='ltr'>«τῆς</span> <span class='ocrx_word' id='word_1_407' title='bbox 215 4236 319 4308; x_wconf 89' lang='grc' dir='ltr'>ἀπάτης</span> <span class='ocrx_word' id='word_1_408' title='bbox 333 4235 435 4296; x_wconf 85' lang='grc' dir='ltr'>Μάνιον</span> <span class='ocrx_word' id='word_1_409' title='bbox 450 4235 596 4314; x_wconf 80' lang='grc' dir='ltr'>Οὐαλέριον</span> <span class='ocrx_word' id='word_1_410' title='bbox 612 4235 750 4295; x_wconf 85' lang='grc' dir='ltr'>τουτονί</span> <span class='ocrx_word' id='word_1_411' title='bbox 727 4259 771 4295; x_wconf 89' lang='grc' dir='ltr'>τον</span> <span class='ocrx_word' id='word_1_412' title='bbox 787 4240 896 4318; x_wconf 79' lang='grc' dir='ltr'>φιλοδη-</span> 
     </span>
     <span class='ocr_line' id='line_1_53' title="bbox 122 4316 897 4405; baseline 0.003 -21"><span class='ocrx_word' id='word_1_413' title='bbox 103 4324 296 4415; x_wconf 60' lang='lat' dir='ltr'>spuatur*</span> <span class='ocrx_word' id='word_1_414' title='bbox 278 4326 342 4402; x_wconf 87' lang='grc' dir='ltr'>ανδρ</span> <span class='ocrx_word' id='word_1_415' title='bbox 345 4348 361 4382; x_wconf 92' lang='grc' dir='ltr'>α</span> <span class='ocrx_word' id='word_1_416' title='bbox 377 4316 523 4405; x_wconf 84' lang='grc' dir='ltr'>εὑρεθι·</span> <span class='ocrx_word' id='word_1_417' title='bbox 503 4351 525 4405; x_wconf 75' lang='lat' dir='ltr'>m</span> <span class='ocrx_word' id='word_1_418' title='bbox 541 4323 726 4393; x_wconf 87' lang='grc' dir='ltr'>πιστεύσαντες</span> <span class='ocrx_word' id='word_1_419' title='bbox 746 4330 876 4405; x_wconf 70' lang='grc' dir='ltr'>ἡμεῖς,“</span> <span class='ocrx_word' id='word_1_420' title='bbox 861 4352 897 4395; x_wconf 92' lang='grc' dir='ltr'>ως</span> 
     </span>
     <span class='ocr_line' id='line_1_54' title="bbox 69 4349 898 4495; baseline 0 -22"><span class='ocrx_word' id='word_1_421' title='bbox 69 4441 96 4481; x_wconf 76' lang='grc' dir='ltr'>ις</span> <span class='ocrx_word' id='word_1_422' title='bbox 121 4439 134 4465; x_wconf 86' lang='grc' dir='ltr'>ιι</span> <span class='ocrx_word' id='word_1_423' title='bbox 150 4416 196 4474; x_wconf 85' lang='grc' dir='ltr'>οὑκ</span> <span class='ocrx_word' id='word_1_424' title='bbox 216 4414 273 4472; x_wconf 42' lang='grc' dir='ltr'>ἂν(</span> <span class='ocrx_word' id='word_1_425' title='bbox 263 4412 314 4472; x_wconf 82' lang='grc' dir='ltr'>υπὸ</span> <span class='ocrx_word' id='word_1_426' title='bbox 329 4349 481 4493; x_wconf 80' lang='grc' dir='ltr'>δικτάτορός</span> <span class='ocrx_word' id='word_1_427' title='bbox 494 4436 523 4473; x_wconf 90' lang='grc' dir='ltr'>τε</span> <span class='ocrx_word' id='word_1_428' title='bbox 537 4414 584 4472; x_wconf 84' lang='grc' dir='ltr'>καὶ</span> <span class='ocrx_word' id='word_1_429' title='bbox 599 4418 685 4473; x_wconf 79' lang='grc' dir='ltr'>ταῦτα</span> <span class='ocrx_word' id='word_1_430' title='bbox 700 4420 816 4495; x_wconf 82' lang='grc' dir='ltr'>χρηστοῦ</span> <span class='ocrx_word' id='word_1_431' title='bbox 837 4417 898 4493; x_wconf 74' lang='grc' dir='ltr'>περὶ</span> 
     </span>
     <span class='ocr_line' id='line_1_55' title="bbox 121 4501 898 4583; baseline 0.004 -23.12"><span class='ocrx_word' id='word_1_432' title='bbox 121 4504 256 4579; x_wconf 78' lang='grc' dir='ltr'>ι’ἡμᾶς</span> <span class='ocrx_word' id='word_1_433' title='bbox 242 4503 332 4583; x_wconf 83' lang='grc' dir='ltr'>ανδρός</span> <span class='ocrx_word' id='word_1_434' title='bbox 355 4501 623 4583; x_wconf 78' lang='grc' dir='ltr'>φενακισθησόμενοι,</span> <span class='ocrx_word' id='word_1_435' title='bbox 649 4503 859 4583; x_wconf 87' lang='grc' dir='ltr'>συνηράμεθα</span> <span class='ocrx_word' id='word_1_436' title='bbox 837 4505 898 4563; x_wconf 76' lang='grc' dir='ltr'>ὑμῖν</span> 
     </span>
    </p>

    <p class='ocr_par' dir='ltr' id='par_1_24' title="bbox 123 4590 901 4760">
     <span class='ocr_line' id='line_1_56' title="bbox 123 4590 898 4671; baseline 0.005 -22"><span class='ocrx_word' id='word_1_437' title='bbox 123 4616 135 4640; x_wconf 93' lang='grc' dir='ltr'>ιι</span> <span class='ocrx_word' id='word_1_438' title='bbox 151 4591 197 4649; x_wconf 79' lang='grc' dir='ltr'>καί</span> <span class='ocrx_word' id='word_1_439' title='bbox 211 4594 285 4652; x_wconf 88' lang='grc' dir='ltr'>τουδι</span> <span class='ocrx_word' id='word_1_440' title='bbox 298 4614 344 4653; x_wconf 88' lang='grc' dir='ltr'>του</span> <span class='ocrx_word' id='word_1_441' title='bbox 327 4590 474 4668; x_wconf 87' lang='grc' dir='ltr'>πολέμου</span> <span class='ocrx_word' id='word_1_442' title='bbox 487 4635 495 4664; x_wconf 89' lang='grc'>,</span> <span class='ocrx_word' id='word_1_443' title='bbox 507 4592 553 4651; x_wconf 83' lang='grc' dir='ltr'>καί</span> <span class='ocrx_word' id='word_1_444' title='bbox 566 4590 625 4657; x_wconf 86' lang='grc' dir='ltr'>τοὺς</span> <span class='ocrx_word' id='word_1_445' title='bbox 637 4591 746 4671; x_wconf 79' lang='grc' dir='ltr'>ἐχθροὺς</span> <span class='ocrx_word' id='word_1_446' title='bbox 759 4595 898 4669; x_wconf 83' lang='grc' dir='ltr'>ίνικῶμεν,</span> 
     </span>
     <span class='ocr_line' id='line_1_57' title="bbox 125 4679 901 4760; baseline 0.006 -24"><span class='ocrx_word' id='word_1_447' title='bbox 125 4706 138 4729; x_wconf 93' lang='grc' dir='ltr'>ιι</span> <span class='ocrx_word' id='word_1_448' title='bbox 155 4680 185 4736; x_wconf 82' lang='grc' dir='ltr'>οὗ</span> <span class='ocrx_word' id='word_1_449' title='bbox 199 4680 306 4759; x_wconf 81' lang='grc' dir='ltr'>μικρούς</span> <span class='ocrx_word' id='word_1_450' title='bbox 326 4680 385 4741; x_wconf 73' lang='grc' dir='ltr'>οὐδὲ</span> <span class='ocrx_word' id='word_1_451' title='bbox 402 4680 504 4760; x_wconf 83' lang='grc' dir='ltr'>ὀλίγους</span> <span class='ocrx_word' id='word_1_452' title='bbox 525 4679 583 4738; x_wconf 74' lang='grc' dir='ltr'>οὐδὲ</span> <span class='ocrx_word' id='word_1_453' title='bbox 601 4684 707 4759; x_wconf 72' lang='grc' dir='ltr'>ἀφανεῖς</span> <span class='ocrx_word' id='word_1_454' title='bbox 721 4683 824 4760; x_wconf 86' lang='grc' dir='ltr'>ἀγῶνας</span> <span class='ocrx_word' id='word_1_455' title='bbox 836 4684 901 4741; x_wconf 90' lang='grc' dir='ltr'>ὑπο-</span> 
     </span>
    </p>

    <p class='ocr_par' dir='ltr' id='par_1_25' title="bbox 70 4767 903 5116">
     <span class='ocr_line' id='line_1_58' title="bbox 125 4767 900 4843; baseline 0.005 -17"><span class='ocrx_word' id='word_1_456' title='bbox 125 4796 138 4821; x_wconf 96' lang='grc' dir='ltr'>ιι</span> <span class='ocrx_word' id='word_1_457' title='bbox 155 4767 296 4843; x_wconf 87' lang='grc' dir='ltr'>μείναντες.</span> <span class='ocrx_word' id='word_1_458' title='bbox 312 4772 419 4832; x_wconf 67' lang='lat' dir='ltr'>Ouum</span> <span class='ocrx_word' id='word_1_459' title='bbox 430 4770 485 4842; x_wconf 65' lang='lat'>88⁰8</span> <span class='ocrx_word' id='word_1_460' title='bbox 500 4770 570 4829; x_wconf 86' lang='grc' dir='ltr'>κατά</span> <span class='ocrx_word' id='word_1_461' title='bbox 589 4767 694 4828; x_wconf 89' lang='grc' dir='ltr'>πάντοιν</span> <span class='ocrx_word' id='word_1_462' title='bbox 712 4770 807 4829; x_wconf 75' lang='grc' dir='ltr'>ἐλπίδα</span> <span class='ocrx_word' id='word_1_463' title='bbox 826 4771 900 4840; x_wconf 83' lang='grc' dir='ltr'>τίλας</span> 
     </span>
     <span class='ocr_line' id='line_1_59' title="bbox 70 4856 902 4939; baseline 0.004 -23"><span class='ocrx_word' id='word_1_464' title='bbox 70 4886 99 4926; x_wconf 63' lang='lat' dir='ltr'>su</span> <span class='ocrx_word' id='word_1_465' title='bbox 125 4885 137 4911; x_wconf 90' lang='grc' dir='ltr'>ι</span> <span class='ocrx_word' id='word_1_466' title='bbox 157 4856 293 4939; x_wconf 80' lang='grc' dir='ltr'>εἰληρότος</span> <span class='ocrx_word' id='word_1_467' title='bbox 303 4858 332 4919; x_wconf 66' lang='lat' dir='ltr'>at</span> <span class='ocrx_word' id='word_1_468' title='bbox 346 4860 487 4920; x_wconf 85' lang='grc' dir='ltr'>κάλλιστον</span> <span class='ocrx_word' id='word_1_469' title='bbox 498 4863 544 4918; x_wconf 81' lang='grc' dir='ltr'>τοῦ</span> <span class='ocrx_word' id='word_1_470' title='bbox 556 4856 682 4934; x_wconf 84' lang='grc' dir='ltr'>πολέμου,</span> <span class='ocrx_word' id='word_1_471' title='bbox 696 4863 818 4918; x_wconf 79' lang='grc' dir='ltr'>τοσοῦτον</span> <span class='ocrx_word' id='word_1_472' title='bbox 834 4857 902 4919; x_wconf 87' lang='grc' dir='ltr'>ἀπί-</span> 
     </span>
     <span class='ocr_line' id='line_1_60' title="bbox 124 4944 903 5029; baseline 0.006 -29"><span class='ocrx_word' id='word_1_473' title='bbox 124 4972 138 5000; x_wconf 90' lang='grc' dir='ltr'>ιι</span> <span class='ocrx_word' id='word_1_474' title='bbox 155 4968 233 5026; x_wconf 87' lang='grc' dir='ltr'>σχετε</span> <span class='ocrx_word' id='word_1_475' title='bbox 256 4949 303 5005; x_wconf 83' lang='grc' dir='ltr'>τοῦ</span> <span class='ocrx_word' id='word_1_476' title='bbox 326 4948 429 5026; x_wconf 89' lang='grc' dir='ltr'>χαίρειν</span> <span class='ocrx_word' id='word_1_477' title='bbox 457 4947 505 5007; x_wconf 82' lang='grc' dir='ltr'>καὶ</span> <span class='ocrx_word' id='word_1_478' title='bbox 525 4945 626 5015; x_wconf 77' lang='grc' dir='ltr'>πολλὴν</span> <span class='ocrx_word' id='word_1_479' title='bbox 647 4947 742 5005; x_wconf 79' lang='grc' dir='ltr'>εἰδέναι</span> <span class='ocrx_word' id='word_1_480' title='bbox 764 4949 802 5026; x_wconf 76' lang='grc' dir='ltr'>τῷ</span> <span class='ocrx_word' id='word_1_481' title='bbox 824 4944 903 5029; x_wconf 84' lang='grc' dir='ltr'>δημιρ</span> 
     </span>
     <span class='ocr_line' id='line_1_61' title="bbox 123 5032 902 5116; baseline 0.003 -25"><span class='ocrx_word' id='word_1_482' title='bbox 123 5060 138 5091; x_wconf 91' lang='grc' dir='ltr'>ιι</span> <span class='ocrx_word' id='word_1_483' title='bbox 154 5037 249 5116; x_wconf 88' lang='grc' dir='ltr'>χάριν,</span> <span class='ocrx_word' id='word_1_484' title='bbox 276 5034 345 5096; x_wconf 82' lang='grc' dir='ltr'>ὥστε</span> <span class='ocrx_word' id='word_1_485' title='bbox 366 5035 487 5116; x_wconf 76' lang='grc' dir='ltr'>κατέχειν</span> <span class='ocrx_word' id='word_1_486' title='bbox 509 5039 581 5109; x_wconf 76' lang='grc' dir='ltr'>ἡμᾶς</span> <span class='ocrx_word' id='word_1_487' title='bbox 601 5034 639 5094; x_wconf 78' lang='grc' dir='ltr'>ἔτ’</span> <span class='ocrx_word' id='word_1_488' title='bbox 664 5032 768 5106; x_wconf 72' lang='grc' dir='ltr'>ἠξιοῦτε</span> <span class='ocrx_word' id='word_1_489' title='bbox 789 5034 902 5103; x_wconf 87' lang='grc' dir='ltr'>άκοντας</span> 
     </span>
    </p>

    <p class='ocr_par' dir='ltr' id='par_1_26' title="bbox 122 5120 901 5202">
     <span class='ocr_line' id='line_1_62' title="bbox 122 5120 901 5202; baseline 0.004 -23"><span class='ocrx_word' id='word_1_490' title='bbox 122 5151 137 5179; x_wconf 92' lang='grc' dir='ltr'>ιι</span> <span class='ocrx_word' id='word_1_491' title='bbox 153 5125 204 5185; x_wconf 80' lang='grc' dir='ltr'>ὑπὸ</span> <span class='ocrx_word' id='word_1_492' title='bbox 227 5126 285 5192; x_wconf 88' lang='grc' dir='ltr'>ταῖς</span> <span class='ocrx_word' id='word_1_493' title='bbox 304 5122 432 5199; x_wconf 88' lang='grc' dir='ltr'>σημαίαις</span> <span class='ocrx_word' id='word_1_494' title='bbox 452 5127 479 5183; x_wconf 82' lang='grc' dir='ltr'>ἀν</span> <span class='ocrx_word' id='word_1_495' title='bbox 494 5125 546 5190; x_wconf 88' lang='grc' dir='ltr'>τοῖς</span> <span class='ocrx_word' id='word_1_496' title='bbox 567 5121 672 5194; x_wconf 81' lang='grc' dir='ltr'>ὅπλοις,</span> <span class='ocrx_word' id='word_1_497' title='bbox 685 5120 729 5183; x_wconf 80' lang='grc' dir='ltr'>ἵνα</span> <span class='ocrx_word' id='word_1_498' title='bbox 744 5122 901 5202; x_wconf 87' lang='grc' dir='ltr'>παρίλθαιτε</span> 
     </span>
    </p>

    <p class='ocr_par' dir='ltr' id='par_1_27' title="bbox 118 5210 900 5295">
     <span class='ocr_line' id='line_1_63' title="bbox 118 5210 900 5295; baseline -0.01 -21"><span class='ocrx_word' id='word_1_499' title='bbox 118 5235 137 5274; x_wconf 78' lang='grc' dir='ltr'>ιι</span> <span class='ocrx_word' id='word_1_500' title='bbox 153 5213 199 5281; x_wconf 86' lang='grc' dir='ltr'>τάς</span> <span class='ocrx_word' id='word_1_501' title='bbox 218 5214 389 5295; x_wconf 74' lang='grc' dir='ltr'>ὑποσχέσεις,</span> <span class='ocrx_word' id='word_1_502' title='bbox 412 5211 503 5295; x_wconf 80' lang='grc' dir='ltr'>ὥσπερ</span> <span class='ocrx_word' id='word_1_503' title='bbox 521 5212 549 5283; x_wconf 63' lang='lat' dir='ltr'>i}</span> <span class='ocrx_word' id='word_1_504' title='bbox 565 5215 651 5293; x_wconf 77' lang='grc' dir='ltr'>ἀρχῆς</span> <span class='ocrx_word' id='word_1_505' title='bbox 670 5210 802 5290; x_wconf 83' lang='grc' dir='ltr'>διέγνωτε.</span> <span class='ocrx_word' id='word_1_506' title='bbox 838 5212 900 5293; x_wconf 74' lang='grc' dir='ltr'>Οὑχ</span> 
     </span>
    </p>
   </div>
   <div class='ocr_carea' id='block_1_7' title="bbox 1655 383 1712 442">
    <p class='ocr_par' dir='ltr' id='par_1_28' title="bbox 1655 383 1712 442">
     <span class='ocr_line' id='line_1_64' title="bbox 1655 383 1712 442; baseline 0.035 -2"><span class='ocrx_word' id='word_1_507' title='bbox 1655 383 1712 442; x_wconf 76' lang='grc' dir='ltr'>3ῖί</span> 
     </span>
    </p>
   </div>
   <div class='ocr_carea' id='block_1_8' title="bbox 944 1227 1721 1381">
    <p class='ocr_par' dir='ltr' id='par_1_29' title="bbox 944 1227 1721 1381">
     <span class='ocr_line' id='line_1_65' title="bbox 944 1227 1721 1292; baseline 0.003 -14"><span class='ocrx_word' id='word_1_508' title='bbox 944 1248 955 1270; x_wconf 87' lang='grc' dir='ltr'>ιι</span> <span class='ocrx_word' id='word_1_509' title='bbox 970 1240 1027 1278; x_wconf 90' lang='lat' dir='ltr'>nem</span> <span class='ocrx_word' id='word_1_510' title='bbox 1049 1228 1181 1287; x_wconf 84' lang='lat' dir='ltr'>veneritis,</span> <span class='ocrx_word' id='word_1_511' title='bbox 1199 1232 1226 1279; x_wconf 91' lang='lat' dir='ltr'>et</span> <span class='ocrx_word' id='word_1_512' title='bbox 1243 1241 1318 1292; x_wconf 88' lang='lat' dir='ltr'>quam</span> <span class='ocrx_word' id='word_1_513' title='bbox 1342 1227 1439 1279; x_wconf 86' lang='lat' dir='ltr'>solicito</span> <span class='ocrx_word' id='word_1_514' title='bbox 1458 1229 1539 1278; x_wconf 88' lang='lat' dir='ltr'>animo</span> <span class='ocrx_word' id='word_1_515' title='bbox 1560 1229 1672 1292; x_wconf 81' lang='lat' dir='ltr'>fueritis,</span> <span class='ocrx_word' id='word_1_516' title='bbox 1690 1241 1721 1280; x_wconf 90' lang='lat' dir='ltr'>ne</span> 
     </span>
     <span class='ocr_line' id='line_1_66' title="bbox 944 1317 1721 1381; baseline 0.004 -15"><span class='ocrx_word' id='word_1_517' title='bbox 944 1337 956 1361; x_wconf 90' lang='grc' dir='ltr'>ιι</span> <span class='ocrx_word' id='word_1_518' title='bbox 974 1317 1013 1367; x_wconf 85' lang='lat' dir='ltr'>vel</span> <span class='ocrx_word' id='word_1_519' title='bbox 1036 1331 1135 1380; x_wconf 87' lang='lat' dir='ltr'>operam</span> <span class='ocrx_word' id='word_1_520' title='bbox 1158 1320 1267 1368; x_wconf 87' lang='lat' dir='ltr'>nostram</span> <span class='ocrx_word' id='word_1_521' title='bbox 1291 1317 1363 1368; x_wconf 83' lang='lat' dir='ltr'>vobis</span> <span class='ocrx_word' id='word_1_522' title='bbox 1390 1318 1415 1368; x_wconf 91' lang='lat' dir='ltr'>in</span> <span class='ocrx_word' id='word_1_523' title='bbox 1440 1318 1505 1368; x_wconf 90' lang='lat' dir='ltr'>bello</span> <span class='ocrx_word' id='word_1_524' title='bbox 1527 1318 1721 1381; x_wconf 80' lang='lat' dir='ltr'>denegaremus.</span> 
     </span>
    </p>
   </div>
   <div class='ocr_carea' id='block_1_9' title="bbox 945 1407 1722 1472">
    <p class='ocr_par' dir='ltr' id='par_1_30' title="bbox 945 1407 1722 1472">
     <span class='ocr_line' id='line_1_67' title="bbox 945 1407 1722 1472; baseline 0.004 -15"><span class='ocrx_word' id='word_1_525' title='bbox 945 1426 958 1451; x_wconf 90' lang='grc' dir='ltr'>ιι</span> <span class='ocrx_word' id='word_1_526' title='bbox 971 1407 1012 1458; x_wconf 82' lang='lat' dir='ltr'>vel</span> <span class='ocrx_word' id='word_1_527' title='bbox 1031 1407 1068 1457; x_wconf 87' lang='lat' dir='ltr'>ira</span> <span class='ocrx_word' id='word_1_528' title='bbox 1081 1408 1168 1472; x_wconf 75' lang='lat' dir='ltr'>perciti</span> <span class='ocrx_word' id='word_1_529' title='bbox 1179 1407 1212 1458; x_wconf 85' lang='lat' dir='ltr'>ad</span> <span class='ocrx_word' id='word_1_530' title='bbox 1229 1408 1315 1459; x_wconf 83' lang='lat' dir='ltr'>hostes</span> <span class='ocrx_word' id='word_1_531' title='bbox 1329 1409 1503 1464; x_wconf 85' lang='lat' dir='ltr'>transiremus.</span> <span class='ocrx_word' id='word_1_532' title='bbox 1523 1411 1636 1471; x_wconf 80' lang='lat' dir='ltr'>ecquam</span> <span class='ocrx_word' id='word_1_533' title='bbox 1654 1408 1722 1460; x_wconf 85' lang='lat' dir='ltr'>mul·</span> 
     </span>
    </p>
   </div>
   <div class='ocr_carea' id='block_1_10' title="bbox 944 1496 1723 1649">
    <p class='ocr_par' dir='ltr' id='par_1_31' title="bbox 944 1496 1723 1649">
     <span class='ocr_line' id='line_1_68' title="bbox 944 1496 1723 1561; baseline 0.001 -14"><span class='ocrx_word' id='word_1_534' title='bbox 944 1515 957 1540; x_wconf 92' lang='grc' dir='ltr'>ιι</span> <span class='ocrx_word' id='word_1_535' title='bbox 970 1498 1011 1547; x_wconf 83' lang='lat' dir='ltr'>ras</span> <span class='ocrx_word' id='word_1_536' title='bbox 1031 1509 1117 1561; x_wconf 79' lang='lat' dir='ltr'><strong>preces</strong></span> <span class='ocrx_word' id='word_1_537' title='bbox 1141 1499 1166 1547; x_wconf 92' lang='lat' dir='ltr'>et</span> <span class='ocrx_word' id='word_1_538' title='bbox 1186 1496 1375 1561; x_wconf 77' lang='lat' dir='ltr'>pollicitationes</span> <span class='ocrx_word' id='word_1_539' title='bbox 1395 1496 1551 1547; x_wconf 74' lang='lat' dir='ltr'>effuderitis?</span> <span class='ocrx_word' id='word_1_540' title='bbox 1565 1497 1628 1554; x_wconf 86' lang='lat' dir='ltr'>Quid</span> <span class='ocrx_word' id='word_1_541' title='bbox 1648 1497 1723 1561; x_wconf 79' lang='lat' dir='ltr'>igitur</span> 
     </span>
     <span class='ocr_line' id='line_1_69' title="bbox 945 1586 1723 1649; baseline 0.009 -19"><span class='ocrx_word' id='word_1_542' title='bbox 945 1600 1020 1636; x_wconf 79' lang='lat' dir='ltr'>«nos</span> <span class='ocrx_word' id='word_1_543' title='bbox 1036 1586 1142 1635; x_wconf 88' lang='lat' dir='ltr'>bumiles</span> <span class='ocrx_word' id='word_1_544' title='bbox 1160 1590 1237 1649; x_wconf 85' lang='lat' dir='ltr'>atque</span> <span class='ocrx_word' id='word_1_545' title='bbox 1260 1599 1276 1635; x_wconf 87' lang='lat' dir='ltr'>a</span> <span class='ocrx_word' id='word_1_546' title='bbox 1301 1586 1370 1636; x_wconf 89' lang='lat' dir='ltr'>robis</span> <span class='ocrx_word' id='word_1_547' title='bbox 1395 1586 1544 1637; x_wconf 84' lang='lat' dir='ltr'>contumelia</span> <span class='ocrx_word' id='word_1_548' title='bbox 1560 1587 1642 1637; x_wconf 81' lang='lat' dir='ltr'>nitenti</span> <span class='ocrx_word' id='word_1_549' title='bbox 1662 1591 1723 1637; x_wconf 90' lang='lat' dir='ltr'>tune</span> 
     </span>
    </p>
   </div>
   <div class='ocr_carea' id='block_1_11' title="bbox 946 1673 1724 2180">
    <p class='ocr_par' dir='ltr' id='par_1_32' title="bbox 946 1673 1724 2180">
     <span class='ocr_line' id='line_1_70' title="bbox 946 1673 1723 1740; baseline 0.001 -16"><span class='ocrx_word' id='word_1_550' title='bbox 946 1694 959 1718; x_wconf 89' lang='grc' dir='ltr'>ιι</span> <span class='ocrx_word' id='word_1_551' title='bbox 974 1673 1093 1735; x_wconf 82' lang='lat' dir='ltr'>fecimus,</span> <span class='ocrx_word' id='word_1_552' title='bbox 1112 1674 1202 1724; x_wconf 83' lang='lat' dir='ltr'>restris</span> <span class='ocrx_word' id='word_1_553' title='bbox 1219 1674 1279 1725; x_wconf 81' lang='lat' dir='ltr'>victi</span> <span class='ocrx_word' id='word_1_554' title='bbox 1299 1675 1429 1740; x_wconf 84' lang='lat' dir='ltr'>precibus,</span> <span class='ocrx_word' id='word_1_555' title='bbox 1447 1679 1473 1726; x_wconf 89' lang='lat' dir='ltr'>et</span> <span class='ocrx_word' id='word_1_556' title='bbox 1485 1675 1587 1726; x_wconf 86' lang='lat' dir='ltr'>adducti</span> <span class='ocrx_word' id='word_1_557' title='bbox 1604 1675 1723 1740; x_wconf 88' lang='lat' dir='ltr'>pollicita-</span> 
     </span>
     <span class='ocr_line' id='line_1_71' title="bbox 946 1761 1724 1828; baseline 0.003 -17"><span class='ocrx_word' id='word_1_558' title='bbox 946 1781 958 1805; x_wconf 93' lang='grc' dir='ltr'>ι</span> <span class='ocrx_word' id='word_1_559' title='bbox 975 1761 1098 1823; x_wconf 80' lang='lat' dir='ltr'>tionibus,</span> <span class='ocrx_word' id='word_1_560' title='bbox 1111 1775 1174 1824; x_wconf 85' lang='lat' dir='ltr'>quas</span> <span class='ocrx_word' id='word_1_561' title='bbox 1184 1762 1293 1825; x_wconf 89' lang='lat' dir='ltr'>optimus</span> <span class='ocrx_word' id='word_1_562' title='bbox 1307 1763 1355 1812; x_wconf 90' lang='lat' dir='ltr'>isle</span> <span class='ocrx_word' id='word_1_563' title='bbox 1366 1762 1485 1813; x_wconf 77' lang='lat' dir='ltr'>semibus</span> <span class='ocrx_word' id='word_1_564' title='bbox 1496 1764 1646 1813; x_wconf 87' lang='lat' dir='ltr'>lunceonsul</span> <span class='ocrx_word' id='word_1_565' title='bbox 1659 1763 1724 1828; x_wconf 89' lang='lat' dir='ltr'>plebi</span> 
     </span>
     <span class='ocr_line' id='line_1_72' title="bbox 946 1852 1724 1918; baseline 0.004 -16"><span class='ocrx_word' id='word_1_566' title='bbox 946 1872 959 1896; x_wconf 90' lang='grc' dir='ltr'>ι</span> <span class='ocrx_word' id='word_1_567' title='bbox 974 1852 1084 1902; x_wconf 74' lang='lat' dir='ltr'>obtulit?</span> <span class='ocrx_word' id='word_1_568' title='bbox 1102 1856 1205 1902; x_wconf 87' lang='lat' dir='ltr'>ornnem</span> <span class='ocrx_word' id='word_1_569' title='bbox 1215 1866 1230 1902; x_wconf 90' lang='grc' dir='ltr'>ιι</span> <span class='ocrx_word' id='word_1_570' title='bbox 1240 1852 1311 1902; x_wconf 90' lang='lat' dir='ltr'>vobis</span> <span class='ocrx_word' id='word_1_571' title='bbox 1327 1856 1385 1903; x_wconf 88' lang='lat' dir='ltr'>aule</span> <span class='ocrx_word' id='word_1_572' title='bbox 1401 1860 1558 1918; x_wconf 86' lang='lat' dir='ltr'>acceptarum</span> <span class='ocrx_word' id='word_1_573' title='bbox 1579 1855 1724 1905; x_wconf 86' lang='lat' dir='ltr'>iniuriarum</span> 
     </span>
     <span class='ocr_line' id='line_1_73' title="bbox 947 1940 1722 2006; baseline 0.001 -16"><span class='ocrx_word' id='word_1_574' title='bbox 947 1961 958 1983; x_wconf 91' lang='grc' dir='ltr'>ιι</span> <span class='ocrx_word' id='word_1_575' title='bbox 974 1940 1119 1991; x_wconf 88' lang='lat' dir='ltr'>memoriam</span> <span class='ocrx_word' id='word_1_576' title='bbox 1140 1940 1314 2005; x_wconf 84' lang='lat' dir='ltr'>deposuimus,</span> <span class='ocrx_word' id='word_1_577' title='bbox 1335 1946 1361 1992; x_wconf 89' lang='lat' dir='ltr'>et</span> <span class='ocrx_word' id='word_1_578' title='bbox 1372 1956 1429 1991; x_wconf 87' lang='lat' dir='ltr'>eum</span> <span class='ocrx_word' id='word_1_579' title='bbox 1451 1943 1476 1991; x_wconf 89' lang='lat' dir='ltr'>in</span> <span class='ocrx_word' id='word_1_580' title='bbox 1494 1947 1621 2006; x_wconf 87' lang='lat' dir='ltr'>posterum</span> <span class='ocrx_word' id='word_1_581' title='bbox 1635 1942 1722 1993; x_wconf 84' lang='lat' dir='ltr'>melio·</span> 
     </span>
     <span class='ocr_line' id='line_1_74' title="bbox 947 2029 1723 2095; baseline 0.001 -16"><span class='ocrx_word' id='word_1_582' title='bbox 947 2050 959 2073; x_wconf 93' lang='grc' dir='ltr'>ιι</span> <span class='ocrx_word' id='word_1_583' title='bbox 975 2043 1028 2080; x_wconf 89' lang='lat' dir='ltr'>reru</span> <span class='ocrx_word' id='word_1_584' title='bbox 1040 2043 1124 2079; x_wconf 88' lang='lat' dir='ltr'>rerum</span> <span class='ocrx_word' id='word_1_585' title='bbox 1138 2034 1231 2079; x_wconf 86' lang='lat' dir='ltr'>statum</span> <span class='ocrx_word' id='word_1_586' title='bbox 1244 2044 1413 2095; x_wconf 80' lang='lat' dir='ltr'>speraremus,</span> <span class='ocrx_word' id='word_1_587' title='bbox 1424 2043 1470 2080; x_wconf 88' lang='lat' dir='ltr'>nos</span> <span class='ocrx_word' id='word_1_588' title='bbox 1487 2029 1559 2079; x_wconf 85' lang='lat' dir='ltr'>robis</span> <span class='ocrx_word' id='word_1_589' title='bbox 1571 2030 1723 2093; x_wconf 69' lang='lat' dir='ltr'>praebuimus</span> 
     </span>
     <span class='ocr_line' id='line_1_75' title="bbox 948 2115 1722 2180; baseline 0.001 -15"><span class='ocrx_word' id='word_1_590' title='bbox 948 2136 960 2159; x_wconf 93' lang='grc' dir='ltr'>ιι</span> <span class='ocrx_word' id='word_1_591' title='bbox 974 2118 1008 2175; x_wconf 87' lang='lat' dir='ltr'>et,</span> <span class='ocrx_word' id='word_1_592' title='bbox 1019 2116 1135 2166; x_wconf 90' lang='lat' dir='ltr'>omuibus</span> <span class='ocrx_word' id='word_1_593' title='bbox 1152 2115 1266 2166; x_wconf 82' lang='lat' dir='ltr'>hostibus</span> <span class='ocrx_word' id='word_1_594' title='bbox 1278 2117 1349 2166; x_wconf 82' lang='lat' dir='ltr'>brevi</span> <span class='ocrx_word' id='word_1_595' title='bbox 1358 2116 1476 2180; x_wconf 87' lang='lat' dir='ltr'>temporis</span> <span class='ocrx_word' id='word_1_596' title='bbox 1492 2117 1571 2180; x_wconf 88' lang='lat' dir='ltr'>spatio</span> <span class='ocrx_word' id='word_1_597' title='bbox 1585 2117 1722 2175; x_wconf 73' lang='lat' dir='ltr'>debellatis,</span> 
     </span>
    </p>
   </div>
   <div class='ocr_carea' id='block_1_12' title="bbox 946 2204 1759 3321">
    <p class='ocr_par' dir='ltr' id='par_1_33' title="bbox 946 2204 1759 3321">
     <span class='ocr_line' id='line_1_76' title="bbox 947 2204 1725 2270; baseline 0.001 -15"><span class='ocrx_word' id='word_1_598' title='bbox 947 2224 960 2247; x_wconf 91' lang='grc' dir='ltr'>ιι</span> <span class='ocrx_word' id='word_1_599' title='bbox 973 2218 1031 2255; x_wconf 92' lang='lat' dir='ltr'>eum</span> <span class='ocrx_word' id='word_1_600' title='bbox 1050 2204 1136 2255; x_wconf 91' lang='lat' dir='ltr'>multis</span> <span class='ocrx_word' id='word_1_601' title='bbox 1150 2204 1255 2270; x_wconf 86' lang='lat' dir='ltr'>captivis</span> <span class='ocrx_word' id='word_1_602' title='bbox 1273 2209 1298 2256; x_wconf 92' lang='lat' dir='ltr'>et</span> <span class='ocrx_word' id='word_1_603' title='bbox 1317 2205 1400 2270; x_wconf 81' lang='lat' dir='ltr'>praeda</span> <span class='ocrx_word' id='word_1_604' title='bbox 1419 2206 1501 2269; x_wconf 91' lang='lat' dir='ltr'>opima</span> <span class='ocrx_word' id='word_1_605' title='bbox 1517 2206 1643 2256; x_wconf 88' lang='lat' dir='ltr'>rediimus.</span> <span class='ocrx_word' id='word_1_606' title='bbox 1678 2208 1725 2256; x_wconf 89' lang='lat' dir='ltr'>Pro</span> 
     </span>
     <span class='ocr_line' id='line_1_77' title="bbox 947 2293 1725 2359; baseline 0.001 -15"><span class='ocrx_word' id='word_1_607' title='bbox 947 2313 960 2337; x_wconf 89' lang='grc' dir='ltr'>ι</span> <span class='ocrx_word' id='word_1_608' title='bbox 974 2307 1004 2344; x_wconf 88' lang='lat' dir='ltr'>ea</span> <span class='ocrx_word' id='word_1_609' title='bbox 1022 2307 1098 2357; x_wconf 88' lang='lat' dir='ltr'>opera</span> <span class='ocrx_word' id='word_1_610' title='bbox 1112 2307 1186 2357; x_wconf 87' lang='lat' dir='ltr'>qnam</span> <span class='ocrx_word' id='word_1_611' title='bbox 1208 2293 1311 2359; x_wconf 64' lang='lat' dir='ltr'>patiam</span> <span class='ocrx_word' id='word_1_612' title='bbox 1330 2293 1402 2344; x_wconf 92' lang='lat' dir='ltr'>nobis</span> <span class='ocrx_word' id='word_1_613' title='bbox 1421 2294 1561 2344; x_wconf 83' lang='lat' dir='ltr'>retulistis?</span> <span class='ocrx_word' id='word_1_614' title='bbox 1582 2309 1613 2343; x_wconf 88' lang='lat' dir='ltr'>arr</span> <span class='ocrx_word' id='word_1_615' title='bbox 1633 2295 1725 2345; x_wconf 88' lang='lat' dir='ltr'>iustam</span> 
     </span>
     <span class='ocr_line' id='line_1_78' title="bbox 947 2381 1726 2448; baseline 0.001 -16"><span class='ocrx_word' id='word_1_616' title='bbox 947 2399 960 2424; x_wconf 90' lang='grc' dir='ltr'>ιι</span> <span class='ocrx_word' id='word_1_617' title='bbox 974 2386 1000 2432; x_wconf 90' lang='lat' dir='ltr'>et</span> <span class='ocrx_word' id='word_1_618' title='bbox 1022 2381 1070 2432; x_wconf 90' lang='lat' dir='ltr'>illis</span> <span class='ocrx_word' id='word_1_619' title='bbox 1085 2382 1200 2448; x_wconf 87' lang='lat' dir='ltr'>periculis</span> <span class='ocrx_word' id='word_1_620' title='bbox 1214 2382 1330 2447; x_wconf 79' lang='lat' dir='ltr'>dignam?</span> <span class='ocrx_word' id='word_1_621' title='bbox 1351 2381 1418 2432; x_wconf 90' lang='lat' dir='ltr'>unde</span> <span class='ocrx_word' id='word_1_622' title='bbox 1436 2382 1519 2432; x_wconf 86' lang='lat' dir='ltr'>enirn?</span> <span class='ocrx_word' id='word_1_623' title='bbox 1537 2386 1604 2433; x_wconf 86' lang='lat' dir='ltr'>certe</span> <span class='ocrx_word' id='word_1_624' title='bbox 1620 2383 1726 2433; x_wconf 92' lang='lat' dir='ltr'>mullum</span> 
     </span>
     <span class='ocr_line' id='line_1_79' title="bbox 947 2472 1723 2531; baseline -0.001 -9"><span class='ocrx_word' id='word_1_625' title='bbox 947 2492 959 2514; x_wconf 93' lang='grc' dir='ltr'>ιι</span> <span class='ocrx_word' id='word_1_626' title='bbox 975 2472 1059 2523; x_wconf 82' lang='lat' dir='ltr'>abest.</span> <span class='ocrx_word' id='word_1_627' title='bbox 1094 2475 1156 2523; x_wconf 87' lang='lat' dir='ltr'>Nam</span> <span class='ocrx_word' id='word_1_628' title='bbox 1169 2472 1280 2523; x_wconf 87' lang='lat' dir='ltr'>frustrati</span> <span class='ocrx_word' id='word_1_629' title='bbox 1301 2485 1346 2522; x_wconf 87' lang='lat' dir='ltr'>nus</span> <span class='ocrx_word' id='word_1_630' title='bbox 1368 2472 1428 2522; x_wconf 87' lang='lat' dir='ltr'>estis</span> <span class='ocrx_word' id='word_1_631' title='bbox 1443 2472 1558 2521; x_wconf 86' lang='lat' dir='ltr'>ornnibus</span> <span class='ocrx_word' id='word_1_632' title='bbox 1581 2473 1611 2521; x_wconf 89' lang='lat' dir='ltr'>iis</span> <span class='ocrx_word' id='word_1_633' title='bbox 1636 2473 1723 2531; x_wconf 82' lang='lat' dir='ltr'>rebus,</span> 
     </span>
     <span class='ocr_line' id='line_1_80' title="bbox 947 2560 1759 2626; baseline 0.001 -16"><span class='ocrx_word' id='word_1_634' title='bbox 947 2580 959 2604; x_wconf 95' lang='grc' dir='ltr'>ιι</span> <span class='ocrx_word' id='word_1_635' title='bbox 972 2574 1035 2624; x_wconf 88' lang='lat' dir='ltr'>quas</span> <span class='ocrx_word' id='word_1_636' title='bbox 1056 2562 1182 2613; x_wconf 85' lang='lat' dir='ltr'>consulem</span> <span class='ocrx_word' id='word_1_637' title='bbox 1213 2561 1354 2626; x_wconf 74' lang='lat' dir='ltr'>reipublicae</span> <span class='ocrx_word' id='word_1_638' title='bbox 1376 2561 1473 2610; x_wconf 91' lang='lat' dir='ltr'>nomine</span> <span class='ocrx_word' id='word_1_639' title='bbox 1491 2561 1561 2610; x_wconf 86' lang='lat' dir='ltr'>nobis</span> <span class='ocrx_word' id='word_1_640' title='bbox 1581 2560 1726 2625; x_wconf 87' lang='lat' dir='ltr'>promittere</span> <span class='ocrx_word' id='word_1_641' title='bbox 1756 2592 1759 2597; x_wconf 80' lang='lat'><em>,</em></span> 
     </span>
     <span class='ocr_line' id='line_1_81' title="bbox 947 2649 1725 2715; baseline -0.001 -14"><span class='ocrx_word' id='word_1_642' title='bbox 947 2668 960 2693; x_wconf 92' lang='grc' dir='ltr'>ι</span> <span class='ocrx_word' id='word_1_643' title='bbox 974 2649 1108 2701; x_wconf 82' lang='lat' dir='ltr'>iusseratis.</span> <span class='ocrx_word' id='word_1_644' title='bbox 1142 2655 1222 2715; x_wconf 75' lang='lat' dir='ltr'>Atque</span> <span class='ocrx_word' id='word_1_645' title='bbox 1234 2653 1314 2714; x_wconf 87' lang='lat' dir='ltr'>ipsum</span> <span class='ocrx_word' id='word_1_646' title='bbox 1323 2651 1398 2701; x_wconf 89' lang='lat' dir='ltr'>istum</span> <span class='ocrx_word' id='word_1_647' title='bbox 1411 2650 1533 2714; x_wconf 90' lang='lat' dir='ltr'>optimum</span> <span class='ocrx_word' id='word_1_648' title='bbox 1546 2652 1640 2709; x_wconf 83' lang='lat' dir='ltr'>virum,</span> <span class='ocrx_word' id='word_1_649' title='bbox 1655 2650 1725 2700; x_wconf 88' lang='lat' dir='ltr'>cuius</span> 
     </span>
     <span class='ocr_line' id='line_1_82' title="bbox 947 2738 1726 2804; baseline 0.003 -17"><span class='ocrx_word' id='word_1_650' title='bbox 947 2758 959 2781; x_wconf 91' lang='grc' dir='ltr'>ι</span> <span class='ocrx_word' id='word_1_651' title='bbox 977 2751 1052 2802; x_wconf 86' lang='lat' dir='ltr'>opera</span> <span class='ocrx_word' id='word_1_652' title='bbox 1071 2738 1102 2789; x_wconf 85' lang='lat' dir='ltr'>ud</span> <span class='ocrx_word' id='word_1_653' title='bbox 1121 2753 1165 2789; x_wconf 88' lang='lat' dir='ltr'>nos</span> <span class='ocrx_word' id='word_1_654' title='bbox 1196 2738 1368 2804; x_wconf 86' lang='lat' dir='ltr'>decipiendum</span> <span class='ocrx_word' id='word_1_655' title='bbox 1389 2738 1460 2790; x_wconf 89' lang='lat' dir='ltr'>abusi</span> <span class='ocrx_word' id='word_1_656' title='bbox 1486 2738 1574 2793; x_wconf 87' lang='lat' dir='ltr'>eratis.</span> <span class='ocrx_word' id='word_1_657' title='bbox 1593 2738 1726 2789; x_wconf 74' lang='lat' dir='ltr'>fraudastis</span> 
     </span>
     <span class='ocr_line' id='line_1_83' title="bbox 946 2827 1724 2892; baseline 0.005 -18"><span class='ocrx_word' id='word_1_658' title='bbox 946 2849 959 2874; x_wconf 88' lang='grc' dir='ltr'>ιι</span> <span class='ocrx_word' id='word_1_659' title='bbox 973 2827 1114 2891; x_wconf 79' lang='lat' dir='ltr'>triumpho,</span> <span class='ocrx_word' id='word_1_660' title='bbox 1126 2843 1182 2879; x_wconf 87' lang='lat' dir='ltr'>cnm</span> <span class='ocrx_word' id='word_1_661' title='bbox 1198 2832 1280 2880; x_wconf 85' lang='lat' dir='ltr'>tomen</span> <span class='ocrx_word' id='word_1_662' title='bbox 1300 2828 1321 2878; x_wconf 92' lang='lat' dir='ltr'>is</span> <span class='ocrx_word' id='word_1_663' title='bbox 1339 2827 1448 2878; x_wconf 90' lang='lat' dir='ltr'>omnium</span> <span class='ocrx_word' id='word_1_664' title='bbox 1472 2828 1631 2892; x_wconf 82' lang='lat' dir='ltr'>dignissimus</span> <span class='ocrx_word' id='word_1_665' title='bbox 1646 2831 1724 2887; x_wconf 82' lang='lat' dir='ltr'>esset,</span> 
     </span>
     <span class='ocr_line' id='line_1_84' title="bbox 946 2915 1726 2982; baseline 0.004 -18"><span class='ocrx_word' id='word_1_666' title='bbox 946 2935 959 2958; x_wconf 93' lang='grc' dir='ltr'>ι</span> <span class='ocrx_word' id='word_1_667' title='bbox 970 2915 1014 2978; x_wconf 82' lang='lat' dir='ltr'>qui</span> <span class='ocrx_word' id='word_1_668' title='bbox 1027 2915 1093 2965; x_wconf 87' lang='lat' dir='ltr'>bunc</span> <span class='ocrx_word' id='word_1_669' title='bbox 1104 2915 1224 2966; x_wconf 82' lang='lat' dir='ltr'>honorem</span> <span class='ocrx_word' id='word_1_670' title='bbox 1248 2922 1440 2982; x_wconf 83' lang='lat' dir='ltr'>consequeretur</span> <span class='ocrx_word' id='word_1_671' title='bbox 1458 2937 1464 2967; x_wconf 92' lang='lat'><strong>:</strong></span> <span class='ocrx_word' id='word_1_672' title='bbox 1487 2921 1513 2968; x_wconf 91' lang='lat' dir='ltr'>et</span> <span class='ocrx_word' id='word_1_673' title='bbox 1530 2916 1577 2967; x_wconf 87' lang='lat' dir='ltr'>bac</span> <span class='ocrx_word' id='word_1_674' title='bbox 1596 2920 1726 2967; x_wconf 86' lang='lat' dir='ltr'>contume·</span> 
     </span>
     <span class='ocr_line' id='line_1_85' title="bbox 947 3001 1727 3068; baseline 0.001 -15"><span class='ocrx_word' id='word_1_675' title='bbox 947 3022 959 3045; x_wconf 93' lang='grc' dir='ltr'>ιι</span> <span class='ocrx_word' id='word_1_676' title='bbox 974 3001 1007 3053; x_wconf 92' lang='lat' dir='ltr'>lia</span> <span class='ocrx_word' id='word_1_677' title='bbox 1018 3015 1075 3053; x_wconf 92' lang='lat' dir='ltr'>eum</span> <span class='ocrx_word' id='word_1_678' title='bbox 1089 3003 1218 3064; x_wconf 79' lang='lat' dir='ltr'>affecistis,</span> <span class='ocrx_word' id='word_1_679' title='bbox 1238 3005 1306 3055; x_wconf 83' lang='lat' dir='ltr'>nuda</span> <span class='ocrx_word' id='word_1_680' title='bbox 1328 3004 1377 3056; x_wconf 83' lang='lat' dir='ltr'>aba</span> <span class='ocrx_word' id='word_1_681' title='bbox 1395 3006 1427 3056; x_wconf 92' lang='lat' dir='ltr'>de</span> <span class='ocrx_word' id='word_1_682' title='bbox 1450 3018 1556 3065; x_wconf 78' lang='lat' dir='ltr'>caussa,</span> <span class='ocrx_word' id='word_1_683' title='bbox 1571 3020 1645 3068; x_wconf 87' lang='lat' dir='ltr'>quam</span> <span class='ocrx_word' id='word_1_684' title='bbox 1669 3006 1727 3068; x_wconf 86' lang='lat' dir='ltr'>quia</span> 
     </span>
     <span class='ocr_line' id='line_1_86' title="bbox 948 3092 1727 3158; baseline 0.004 -17"><span class='ocrx_word' id='word_1_685' title='bbox 948 3092 1131 3155; x_wconf 81' lang='lat' dir='ltr'>«postulabat,</span> <span class='ocrx_word' id='word_1_686' title='bbox 1155 3096 1183 3143; x_wconf 91' lang='lat' dir='ltr'>ut</span> <span class='ocrx_word' id='word_1_687' title='bbox 1203 3092 1228 3142; x_wconf 93' lang='lat' dir='ltr'>id</span> <span class='ocrx_word' id='word_1_688' title='bbox 1243 3094 1311 3158; x_wconf 91' lang='lat' dir='ltr'>quod</span> <span class='ocrx_word' id='word_1_689' title='bbox 1327 3107 1427 3158; x_wconf 82' lang='lat' dir='ltr'>aequum</span> <span class='ocrx_word' id='word_1_690' title='bbox 1447 3098 1501 3145; x_wconf 88' lang='lat' dir='ltr'>erat</span> <span class='ocrx_word' id='word_1_691' title='bbox 1523 3093 1604 3158; x_wconf 88' lang='lat' dir='ltr'>(sicut</span> <span class='ocrx_word' id='word_1_692' title='bbox 1626 3094 1727 3157; x_wconf 83' lang='lat' dir='ltr'>polliciti</span> 
     </span>
     <span class='ocr_line' id='line_1_87' title="bbox 948 3180 1727 3247; baseline 0.004 -17"><span class='ocrx_word' id='word_1_693' title='bbox 948 3199 961 3223; x_wconf 91' lang='grc' dir='ltr'>ιι</span> <span class='ocrx_word' id='word_1_694' title='bbox 975 3180 1094 3243; x_wconf 87' lang='lat' dir='ltr'>fueratis)</span> <span class='ocrx_word' id='word_1_695' title='bbox 1107 3181 1225 3240; x_wconf 86' lang='lat' dir='ltr'>faceretis.</span> <span class='ocrx_word' id='word_1_696' title='bbox 1238 3183 1329 3246; x_wconf 83' lang='lat' dir='ltr'>etquia</span> <span class='ocrx_word' id='word_1_697' title='bbox 1340 3183 1470 3235; x_wconf 85' lang='lat' dir='ltr'>constabat</span> <span class='ocrx_word' id='word_1_698' title='bbox 1480 3196 1537 3234; x_wconf 91' lang='lat' dir='ltr'>eum</span> <span class='ocrx_word' id='word_1_699' title='bbox 1545 3182 1630 3247; x_wconf 90' lang='lat' dir='ltr'>iniquo</span> <span class='ocrx_word' id='word_1_700' title='bbox 1645 3184 1727 3233; x_wconf 89' lang='lat' dir='ltr'>animo</span> 
     </span>
     <span class='ocr_line' id='line_1_88' title="bbox 949 3267 1416 3321; baseline 0.004 -4"><span class='ocrx_word' id='word_1_701' title='bbox 949 3285 962 3310; x_wconf 89' lang='grc' dir='ltr'>ι</span> <span class='ocrx_word' id='word_1_702' title='bbox 975 3267 1048 3318; x_wconf 91' lang='lat' dir='ltr'>nobis</span> <span class='ocrx_word' id='word_1_703' title='bbox 1062 3268 1146 3318; x_wconf 86' lang='lat' dir='ltr'>fucum</span> <span class='ocrx_word' id='word_1_704' title='bbox 1163 3270 1257 3319; x_wconf 86' lang='lat' dir='ltr'>factum</span> <span class='ocrx_word' id='word_1_705' title='bbox 1272 3282 1327 3320; x_wconf 85' lang='lat' dir='ltr'>esse</span> <span class='ocrx_word' id='word_1_706' title='bbox 1343 3269 1416 3321; x_wconf 91' lang='lat' dir='ltr'>ferre.</span> 
     </span>
    </p>
   </div>
   <div class='ocr_carea' id='block_1_13' title="bbox 978 3439 1726 3503">
    <p class='ocr_par' dir='ltr' id='par_1_34' title="bbox 978 3439 1726 3503">
     <span class='ocr_line' id='line_1_89' title="bbox 978 3439 1726 3503; baseline 0.003 -14"><span class='ocrx_word' id='word_1_707' title='bbox 978 3440 1099 3489; x_wconf 84' lang='lat' dir='ltr'>Lilllvll.</span> <span class='ocrx_word' id='word_1_708' title='bbox 1117 3458 1130 3482; x_wconf 93' lang='grc' dir='ltr'>ιι</span> <span class='ocrx_word' id='word_1_709' title='bbox 1143 3441 1227 3503; x_wconf 82' lang='lat' dir='ltr'>Nuper</span> <span class='ocrx_word' id='word_1_710' title='bbox 1240 3442 1323 3490; x_wconf 88' lang='lat' dir='ltr'>autem</span> <span class='ocrx_word' id='word_1_711' title='bbox 1339 3440 1415 3503; x_wconf 88' lang='lat' dir='ltr'>(nam</span> <span class='ocrx_word' id='word_1_712' title='bbox 1438 3439 1481 3491; x_wconf 92' lang='lat' dir='ltr'>ubi</span> <span class='ocrx_word' id='word_1_713' title='bbox 1501 3441 1548 3491; x_wconf 88' lang='lat' dir='ltr'>boe</span> <span class='ocrx_word' id='word_1_714' title='bbox 1562 3454 1639 3490; x_wconf 91' lang='lat' dir='ltr'>onum</span> <span class='ocrx_word' id='word_1_715' title='bbox 1657 3439 1726 3491; x_wconf 89' lang='lat' dir='ltr'>addi·</span> 
     </span>
    </p>
   </div>
   <div class='ocr_carea' id='block_1_14' title="bbox 949 3525 1732 4481">
    <p class='ocr_par' dir='ltr' id='par_1_35' title="bbox 949 3525 1732 4481">
     <span class='ocr_line' id='line_1_90' title="bbox 950 3525 1728 3591; baseline 0.003 -16"><span class='ocrx_word' id='word_1_716' title='bbox 950 3546 963 3569; x_wconf 89' lang='grc' dir='ltr'>ι</span> <span class='ocrx_word' id='word_1_717' title='bbox 977 3526 1037 3575; x_wconf 88' lang='lat' dir='ltr'>dero</span> <span class='ocrx_word' id='word_1_718' title='bbox 1058 3525 1090 3576; x_wconf 89' lang='lat' dir='ltr'>ad</span> <span class='ocrx_word' id='word_1_719' title='bbox 1108 3539 1190 3576; x_wconf 91' lang='lat' dir='ltr'>meam</span> <span class='ocrx_word' id='word_1_720' title='bbox 1212 3526 1276 3576; x_wconf 87' lang='lat' dir='ltr'>banc</span> <span class='ocrx_word' id='word_1_721' title='bbox 1300 3526 1332 3577; x_wconf 88' lang='lat' dir='ltr'>de</span> <span class='ocrx_word' id='word_1_722' title='bbox 1352 3527 1407 3578; x_wconf 87' lang='lat' dir='ltr'>iure</span> <span class='ocrx_word' id='word_1_723' title='bbox 1427 3528 1577 3591; x_wconf 84' lang='lat' dir='ltr'>orationem,</span> <span class='ocrx_word' id='word_1_724' title='bbox 1595 3529 1669 3578; x_wconf 87' lang='lat' dir='ltr'>linem</span> <span class='ocrx_word' id='word_1_725' title='bbox 1686 3527 1728 3577; x_wconf 88' lang='lat' dir='ltr'>di-</span> 
     </span>
     <span class='ocr_line' id='line_1_91' title="bbox 950 3615 1728 3680; baseline 0.006 -18"><span class='ocrx_word' id='word_1_726' title='bbox 950 3636 962 3659; x_wconf 85' lang='grc' dir='ltr'>ιι</span> <span class='ocrx_word' id='word_1_727' title='bbox 977 3616 1049 3665; x_wconf 85' lang='lat' dir='ltr'>eerrdi</span> <span class='ocrx_word' id='word_1_728' title='bbox 1072 3615 1173 3679; x_wconf 88' lang='lat' dir='ltr'>faciam)</span> <span class='ocrx_word' id='word_1_729' title='bbox 1195 3629 1254 3666; x_wconf 89' lang='lat' dir='ltr'>oum</span> <span class='ocrx_word' id='word_1_730' title='bbox 1291 3617 1365 3680; x_wconf 82' lang='lat' dir='ltr'>AEqui</span> <span class='ocrx_word' id='word_1_731' title='bbox 1383 3621 1410 3668; x_wconf 91' lang='lat' dir='ltr'>et</span> <span class='ocrx_word' id='word_1_732' title='bbox 1431 3618 1513 3670; x_wconf 86' lang='lat' dir='ltr'>Sabini</span> <span class='ocrx_word' id='word_1_733' title='bbox 1537 3621 1562 3669; x_wconf 90' lang='lat' dir='ltr'>et</span> <span class='ocrx_word' id='word_1_734' title='bbox 1592 3618 1673 3668; x_wconf 84' lang='lat' dir='ltr'>volsci</span> <span class='ocrx_word' id='word_1_735' title='bbox 1696 3617 1728 3667; x_wconf 93' lang='lat' dir='ltr'>de</span> 
     </span>
     <span class='ocr_line' id='line_1_92' title="bbox 950 3703 1730 3771; baseline 0.003 -18"><span class='ocrx_word' id='word_1_736' title='bbox 950 3704 1100 3754; x_wconf 77' lang='lat' dir='ltr'>«communi</span> <span class='ocrx_word' id='word_1_737' title='bbox 1122 3703 1257 3767; x_wconf 87' lang='lat' dir='ltr'>sententia,</span> <span class='ocrx_word' id='word_1_738' title='bbox 1269 3705 1317 3770; x_wconf 91' lang='lat' dir='ltr'>ipsi</span> <span class='ocrx_word' id='word_1_739' title='bbox 1325 3706 1350 3757; x_wconf 92' lang='lat' dir='ltr'>iu</span> <span class='ocrx_word' id='word_1_740' title='bbox 1364 3720 1411 3758; x_wconf 81' lang='lat' dir='ltr'>ros</span> <span class='ocrx_word' id='word_1_741' title='bbox 1433 3721 1501 3758; x_wconf 85' lang='lat' dir='ltr'>anna</span> <span class='ocrx_word' id='word_1_742' title='bbox 1515 3707 1691 3771; x_wconf 85' lang='lat' dir='ltr'>sumpsissent,</span> <span class='ocrx_word' id='word_1_743' title='bbox 1703 3709 1730 3755; x_wconf 89' lang='lat' dir='ltr'>et</span> 
     </span>
     <span class='ocr_line' id='line_1_93' title="bbox 949 3792 1727 3857; baseline 0.004 -15"><span class='ocrx_word' id='word_1_744' title='bbox 949 3813 961 3837; x_wconf 96' lang='grc' dir='ltr'>ιι</span> <span class='ocrx_word' id='word_1_745' title='bbox 982 3794 1044 3843; x_wconf 89' lang='lat' dir='ltr'>alios</span> <span class='ocrx_word' id='word_1_746' title='bbox 1057 3792 1133 3844; x_wconf 92' lang='lat' dir='ltr'>etiam</span> <span class='ocrx_word' id='word_1_747' title='bbox 1142 3793 1174 3843; x_wconf 88' lang='lat' dir='ltr'>ad</span> <span class='ocrx_word' id='word_1_748' title='bbox 1183 3792 1249 3844; x_wconf 90' lang='lat' dir='ltr'>idem</span> <span class='ocrx_word' id='word_1_749' title='bbox 1262 3794 1414 3846; x_wconf 87' lang='lat' dir='ltr'>solicifarent</span> <span class='ocrx_word' id='word_1_750' title='bbox 1425 3834 1431 3857; x_wconf 90' lang='lat'><strong>‚</strong></span> <span class='ocrx_word' id='word_1_751' title='bbox 1444 3809 1523 3846; x_wconf 90' lang='lat' dir='ltr'>nonne</span> <span class='ocrx_word' id='word_1_752' title='bbox 1536 3797 1616 3847; x_wconf 87' lang='lat' dir='ltr'>eoacti</span> <span class='ocrx_word' id='word_1_753' title='bbox 1634 3794 1727 3855; x_wconf 88' lang='lat' dir='ltr'>fuistis,</span> 
     </span>
     <span class='ocr_line' id='line_1_94' title="bbox 950 3875 1730 3948; baseline 0.005 -17"><span class='ocrx_word' id='word_1_754' title='bbox 950 3902 963 3925; x_wconf 93' lang='grc' dir='ltr'>ιι</span> <span class='ocrx_word' id='word_1_755' title='bbox 979 3895 1023 3933; x_wconf 89' lang='lat' dir='ltr'>ms</span> <span class='ocrx_word' id='word_1_756' title='bbox 1047 3883 1177 3933; x_wconf 88' lang='lat' dir='ltr'>venerandi</span> <span class='ocrx_word' id='word_1_757' title='bbox 1192 3875 1241 3932; x_wconf 87' lang='lat' dir='ltr'>viri</span> <span class='ocrx_word' id='word_1_758' title='bbox 1254 3887 1396 3948; x_wconf 78' lang='lat' dir='ltr'>etgraves,</span> <span class='ocrx_word' id='word_1_759' title='bbox 1423 3883 1455 3934; x_wconf 85' lang='lat' dir='ltr'>ad</span> <span class='ocrx_word' id='word_1_760' title='bbox 1468 3897 1514 3935; x_wconf 88' lang='lat' dir='ltr'>nos</span> <span class='ocrx_word' id='word_1_761' title='bbox 1531 3884 1641 3935; x_wconf 88' lang='lat' dir='ltr'>abiectos</span> <span class='ocrx_word' id='word_1_762' title='bbox 1654 3886 1730 3947; x_wconf 87' lang='lat' dir='ltr'>atque</span> 
     </span>
     <span class='ocr_line' id='line_1_95' title="bbox 951 3973 1730 4041; baseline -0.004 -16"><span class='ocrx_word' id='word_1_763' title='bbox 951 3995 963 4018; x_wconf 92' lang='grc' dir='ltr'>ι</span> <span class='ocrx_word' id='word_1_764' title='bbox 978 3976 1040 4027; x_wconf 80' lang='lat' dir='ltr'>viles</span> <span class='ocrx_word' id='word_1_765' title='bbox 1050 3977 1196 4041; x_wconf 76' lang='lat' dir='ltr'>confugere,</span> <span class='ocrx_word' id='word_1_766' title='bbox 1210 3975 1271 4026; x_wconf 91' lang='lat' dir='ltr'>nibil</span> <span class='ocrx_word' id='word_1_767' title='bbox 1288 3989 1338 4026; x_wconf 90' lang='lat' dir='ltr'>non</span> <span class='ocrx_word' id='word_1_768' title='bbox 1359 3973 1502 4040; x_wconf 87' lang='lat' dir='ltr'>pollicentes</span> <span class='ocrx_word' id='word_1_769' title='bbox 1525 3974 1654 4037; x_wconf 74' lang='lat' dir='ltr'>praesentis</span> <span class='ocrx_word' id='word_1_770' title='bbox 1665 3973 1730 4024; x_wconf 85' lang='lat' dir='ltr'>salu·</span> 
     </span>
     <span class='ocr_line' id='line_1_96' title="bbox 951 4062 1731 4129; baseline -0.003 -14"><span class='ocrx_word' id='word_1_771' title='bbox 951 4083 963 4108; x_wconf 92' lang='grc' dir='ltr'>ι</span> <span class='ocrx_word' id='word_1_772' title='bbox 978 4065 1010 4115; x_wconf 88' lang='lat' dir='ltr'>tis</span> <span class='ocrx_word' id='word_1_773' title='bbox 1024 4066 1119 4128; x_wconf 81' lang='lat' dir='ltr'>gratia?</span> <span class='ocrx_word' id='word_1_774' title='bbox 1131 4071 1154 4117; x_wconf 86' lang='lat' dir='ltr'>et</span> <span class='ocrx_word' id='word_1_775' title='bbox 1168 4065 1300 4116; x_wconf 82' lang='lat' dir='ltr'>deiferum</span> <span class='ocrx_word' id='word_1_776' title='bbox 1312 4077 1355 4114; x_wconf 86' lang='lat' dir='ltr'>nos</span> <span class='ocrx_word' id='word_1_777' title='bbox 1370 4063 1481 4127; x_wconf 86' lang='lat' dir='ltr'>decipere</span> <span class='ocrx_word' id='word_1_778' title='bbox 1492 4062 1646 4125; x_wconf 79' lang='lat' dir='ltr'>videremini,</span> <span class='ocrx_word' id='word_1_779' title='bbox 1665 4063 1731 4129; x_wconf 87' lang='lat' dir='ltr'>quod</span> 
     </span>
     <span class='ocr_line' id='line_1_97' title="bbox 952 4149 1729 4216; baseline -0.004 -14"><span class='ocrx_word' id='word_1_780' title='bbox 952 4168 964 4193; x_wconf 89' lang='grc' dir='ltr'>ι</span> <span class='ocrx_word' id='word_1_781' title='bbox 981 4152 1072 4216; x_wconf 81' lang='lat' dir='ltr'>sepius</span> <span class='ocrx_word' id='word_1_782' title='bbox 1086 4151 1193 4211; x_wconf 86' lang='lat' dir='ltr'>fecistis,</span> <span class='ocrx_word' id='word_1_783' title='bbox 1206 4154 1295 4201; x_wconf 79' lang='lat' dir='ltr'>restrae</span> <span class='ocrx_word' id='word_1_784' title='bbox 1310 4150 1405 4201; x_wconf 78' lang='lat' dir='ltr'>bandis</span> <span class='ocrx_word' id='word_1_785' title='bbox 1416 4149 1582 4200; x_wconf 84' lang='lat' dir='ltr'>velamentum</span> <span class='ocrx_word' id='word_1_786' title='bbox 1593 4151 1729 4210; x_wconf 85' lang='lat' dir='ltr'>invenistis,</span> 
     </span>
     <span class='ocr_line' id='line_1_98' title="bbox 952 4237 1730 4303; baseline 0.004 -18"><span class='ocrx_word' id='word_1_787' title='bbox 952 4239 1055 4291; x_wconf 75' lang='lat' dir='ltr'>«istum</span> <span class='ocrx_word' id='word_1_788' title='bbox 1082 4243 1192 4292; x_wconf 80' lang='lat' dir='ltr'>Manium</span> <span class='ocrx_word' id='word_1_789' title='bbox 1214 4238 1355 4300; x_wconf 79' lang='lat' dir='ltr'>Valerium,</span> <span class='ocrx_word' id='word_1_790' title='bbox 1379 4237 1463 4289; x_wconf 87' lang='lat' dir='ltr'>vlrum</span> <span class='ocrx_word' id='word_1_791' title='bbox 1487 4239 1564 4303; x_wconf 90' lang='lat' dir='ltr'>plebis</span> <span class='ocrx_word' id='word_1_792' title='bbox 1587 4238 1730 4289; x_wconf 87' lang='lat' dir='ltr'>amantissi-</span> 
     </span>
     <span class='ocr_line' id='line_1_99' title="bbox 953 4325 1732 4390; baseline -0.008 -11"><span class='ocrx_word' id='word_1_793' title='bbox 953 4350 965 4372; x_wconf 86' lang='grc' dir='ltr'>ιι</span> <span class='ocrx_word' id='word_1_794' title='bbox 979 4342 1066 4388; x_wconf 90' lang='lat' dir='ltr'>runm;</span> <span class='ocrx_word' id='word_1_795' title='bbox 1081 4330 1121 4379; x_wconf 90' lang='lat' dir='ltr'>cui</span> <span class='ocrx_word' id='word_1_796' title='bbox 1132 4342 1178 4378; x_wconf 90' lang='lat' dir='ltr'>nos</span> <span class='ocrx_word' id='word_1_797' title='bbox 1192 4326 1277 4378; x_wconf 89' lang='lat' dir='ltr'>habita</span> <span class='ocrx_word' id='word_1_798' title='bbox 1289 4326 1338 4377; x_wconf 90' lang='lat' dir='ltr'>fide</span> <span class='ocrx_word' id='word_1_799' title='bbox 1359 4325 1463 4390; x_wconf 88' lang='lat' dir='ltr'>(utpote</span> <span class='ocrx_word' id='word_1_800' title='bbox 1475 4326 1517 4390; x_wconf 86' lang='lat' dir='ltr'>qui</span> <span class='ocrx_word' id='word_1_801' title='bbox 1537 4326 1732 4376; x_wconf 83' lang='lat' dir='ltr'>existimaremus</span> 
     </span>
     <span class='ocr_line' id='line_1_100' title="bbox 953 4412 1730 4481; baseline -0.008 -14"><span class='ocrx_word' id='word_1_802' title='bbox 953 4438 965 4461; x_wconf 91' lang='grc' dir='ltr'>ι</span> <span class='ocrx_word' id='word_1_803' title='bbox 980 4432 1025 4467; x_wconf 89' lang='lat' dir='ltr'>nos</span> <span class='ocrx_word' id='word_1_804' title='bbox 1040 4417 1201 4477; x_wconf 80' lang='lat' dir='ltr'>edictalem,</span> <span class='ocrx_word' id='word_1_805' title='bbox 1217 4415 1355 4481; x_wconf 79' lang='lat' dir='ltr'>praesertim</span> <span class='ocrx_word' id='word_1_806' title='bbox 1372 4418 1496 4478; x_wconf 66' lang='lat' dir='ltr'>rlrorerga</span> <span class='ocrx_word' id='word_1_807' title='bbox 1517 4428 1561 4464; x_wconf 86' lang='lat' dir='ltr'>nos</span> <span class='ocrx_word' id='word_1_808' title='bbox 1583 4415 1660 4471; x_wconf 84' lang='lat' dir='ltr'>bono,</span> <span class='ocrx_word' id='word_1_809' title='bbox 1682 4412 1730 4462; x_wconf 92' lang='lat' dir='ltr'>mi·</span> 
     </span>
    </p>
   </div>
   <div class='ocr_carea' id='block_1_15' title="bbox 954 4502 1733 4569">
    <p class='ocr_par' dir='ltr' id='par_1_36' title="bbox 954 4502 1733 4569">
     <span class='ocr_line' id='line_1_101' title="bbox 954 4502 1733 4569; baseline -0.005 -14"><span class='ocrx_word' id='word_1_810' title='bbox 954 4526 966 4549; x_wconf 96' lang='grc' dir='ltr'>ιι</span> <span class='ocrx_word' id='word_1_811' title='bbox 981 4506 1047 4556; x_wconf 92' lang='lat' dir='ltr'>uirue</span> <span class='ocrx_word' id='word_1_812' title='bbox 1057 4504 1188 4569; x_wconf 88' lang='lat' dir='ltr'>deceptum</span> <span class='ocrx_word' id='word_1_813' title='bbox 1199 4503 1244 4566; x_wconf 85' lang='lat' dir='ltr'>tri)</span> <span class='ocrx_word' id='word_1_814' title='bbox 1257 4502 1330 4554; x_wconf 82' lang='lat' dir='ltr'>robis</span> <span class='ocrx_word' id='word_1_815' title='bbox 1341 4503 1366 4553; x_wconf 89' lang='lat' dir='ltr'>in</span> <span class='ocrx_word' id='word_1_816' title='bbox 1379 4502 1427 4553; x_wconf 91' lang='lat' dir='ltr'>boc</span> <span class='ocrx_word' id='word_1_817' title='bbox 1440 4516 1540 4567; x_wconf 90' lang='lat' dir='ltr'>quoque</span> <span class='ocrx_word' id='word_1_818' title='bbox 1549 4502 1615 4552; x_wconf 90' lang='lat' dir='ltr'>bello</span> <span class='ocrx_word' id='word_1_819' title='bbox 1625 4505 1733 4552; x_wconf 90' lang='lat' dir='ltr'>nostram</span> 
     </span>
    </p>
   </div>
   <div class='ocr_carea' id='block_1_16' title="bbox 954 4593 1733 4659">
    <p class='ocr_par' dir='ltr' id='par_1_37' title="bbox 954 4593 1733 4659">
     <span class='ocr_line' id='line_1_102' title="bbox 954 4593 1733 4659; baseline 0.004 -20"><span class='ocrx_word' id='word_1_820' title='bbox 954 4616 968 4639; x_wconf 86' lang='grc' dir='ltr'>ιι</span> <span class='ocrx_word' id='word_1_821' title='bbox 983 4607 1084 4659; x_wconf 90' lang='lat' dir='ltr'>operam</span> <span class='ocrx_word' id='word_1_822' title='bbox 1094 4595 1254 4649; x_wconf 85' lang='lat' dir='ltr'>nararlmus.</span> <span class='ocrx_word' id='word_1_823' title='bbox 1266 4594 1401 4658; x_wconf 83' lang='lat' dir='ltr'>hostesque</span> <span class='ocrx_word' id='word_1_824' title='bbox 1413 4595 1509 4658; x_wconf 81' lang='lat' dir='ltr'>maguis</span> <span class='ocrx_word' id='word_1_825' title='bbox 1523 4597 1548 4644; x_wconf 88' lang='lat' dir='ltr'>et</span> <span class='ocrx_word' id='word_1_826' title='bbox 1562 4593 1646 4643; x_wconf 91' lang='lat' dir='ltr'>mullis</span> <span class='ocrx_word' id='word_1_827' title='bbox 1659 4597 1733 4655; x_wconf 88' lang='lat' dir='ltr'>alque</span> 
     </span>
    </p>
   </div>
   <div class='ocr_carea' id='block_1_17' title="bbox 955 4683 1734 5156">
    <p class='ocr_par' dir='ltr' id='par_1_38' title="bbox 955 4683 1733 5101">
     <span class='ocr_line' id='line_1_103' title="bbox 955 4683 1733 4750; baseline -0.009 -14"><span class='ocrx_word' id='word_1_828' title='bbox 955 4704 969 4728; x_wconf 89' lang='grc' dir='ltr'>ι</span> <span class='ocrx_word' id='word_1_829' title='bbox 982 4685 1118 4748; x_wconf 79' lang='lat' dir='ltr'>insignibus</span> <span class='ocrx_word' id='word_1_830' title='bbox 1139 4685 1238 4750; x_wconf 88' lang='lat' dir='ltr'>proeliis</span> <span class='ocrx_word' id='word_1_831' title='bbox 1260 4684 1374 4735; x_wconf 83' lang='lat' dir='ltr'>vicimus.</span> <span class='ocrx_word' id='word_1_832' title='bbox 1408 4685 1472 4736; x_wconf 76' lang='lat' dir='ltr'>tium</span> <span class='ocrx_word' id='word_1_833' title='bbox 1493 4687 1574 4735; x_wconf 89' lang='lat' dir='ltr'>aulem</span> <span class='ocrx_word' id='word_1_834' title='bbox 1597 4683 1622 4733; x_wconf 94' lang='lat' dir='ltr'>id</span> <span class='ocrx_word' id='word_1_835' title='bbox 1642 4683 1733 4732; x_wconf 92' lang='lat' dir='ltr'>bellum</span> 
     </span>
     <span class='ocr_line' id='line_1_104' title="bbox 956 4770 1731 4838; baseline -0.009 -13"><span class='ocrx_word' id='word_1_836' title='bbox 956 4796 969 4819; x_wconf 89' lang='grc' dir='ltr'>ι</span> <span class='ocrx_word' id='word_1_837' title='bbox 983 4775 1095 4825; x_wconf 90' lang='lat' dir='ltr'>omnium</span> <span class='ocrx_word' id='word_1_838' title='bbox 1117 4786 1160 4838; x_wconf 93' lang='lat' dir='ltr'>spe</span> <span class='ocrx_word' id='word_1_839' title='bbox 1192 4772 1267 4824; x_wconf 88' lang='lat' dir='ltr'>citius</span> <span class='ocrx_word' id='word_1_840' title='bbox 1292 4773 1431 4824; x_wconf 86' lang='lat' dir='ltr'>felicissime</span> <span class='ocrx_word' id='word_1_841' title='bbox 1459 4772 1600 4823; x_wconf 90' lang='lat' dir='ltr'>confectum</span> <span class='ocrx_word' id='word_1_842' title='bbox 1630 4770 1731 4829; x_wconf 85' lang='lat' dir='ltr'>fuisset,</span> 
     </span>
     <span class='ocr_line' id='line_1_105' title="bbox 957 4857 1732 4924; baseline -0.008 -9"><span class='ocrx_word' id='word_1_843' title='bbox 957 4884 971 4909; x_wconf 91' lang='grc' dir='ltr'>ιι</span> <span class='ocrx_word' id='word_1_844' title='bbox 983 4866 1080 4915; x_wconf 85' lang='lat' dir='ltr'>tautum</span> <span class='ocrx_word' id='word_1_845' title='bbox 1100 4862 1180 4914; x_wconf 79' lang='lat' dir='ltr'>abfuIt</span> <span class='ocrx_word' id='word_1_846' title='bbox 1194 4865 1223 4913; x_wconf 93' lang='lat' dir='ltr'>ut</span> <span class='ocrx_word' id='word_1_847' title='bbox 1236 4861 1396 4923; x_wconf 82' lang='lat' dir='ltr'>laetsremlni,</span> <span class='ocrx_word' id='word_1_848' title='bbox 1411 4866 1437 4913; x_wconf 87' lang='lat' dir='ltr'>et</span> <span class='ocrx_word' id='word_1_849' title='bbox 1450 4874 1564 4924; x_wconf 77' lang='lat' dir='ltr'>magnam</span> <span class='ocrx_word' id='word_1_850' title='bbox 1576 4857 1642 4922; x_wconf 90' lang='lat' dir='ltr'>plebi</span> <span class='ocrx_word' id='word_1_851' title='bbox 1654 4858 1732 4909; x_wconf 89' lang='lat' dir='ltr'>lrabe-</span> 
     </span>
     <span class='ocr_line' id='line_1_106' title="bbox 956 4944 1734 5014; baseline -0.009 -13"><span class='ocrx_word' id='word_1_852' title='bbox 956 4970 970 4995; x_wconf 93' lang='grc' dir='ltr'>ιι</span> <span class='ocrx_word' id='word_1_853' title='bbox 983 4950 1044 5001; x_wconf 87' lang='lat' dir='ltr'>retis</span> <span class='ocrx_word' id='word_1_854' title='bbox 1052 4949 1168 5014; x_wconf 74' lang='lat' dir='ltr'>grafium</span> <span class='ocrx_word' id='word_1_855' title='bbox 1178 4951 1208 4999; x_wconf 88' lang='lat' dir='ltr'>ut</span> <span class='ocrx_word' id='word_1_856' title='bbox 1218 4948 1295 5000; x_wconf 79' lang='grc' dir='ltr'>εθίειιν</span> <span class='ocrx_word' id='word_1_857' title='bbox 1309 4960 1357 4999; x_wconf 80' lang='lat' dir='ltr'>bos</span> <span class='ocrx_word' id='word_1_858' title='bbox 1367 4946 1450 4999; x_wconf 80' lang='lat' dir='ltr'>adbuc</span> <span class='ocrx_word' id='word_1_859' title='bbox 1460 4945 1552 4997; x_wconf 85' lang='lat' dir='ltr'>inritos</span> <span class='ocrx_word' id='word_1_860' title='bbox 1566 4944 1671 4994; x_wconf 88' lang='lat' dir='ltr'>retinere</span> <span class='ocrx_word' id='word_1_861' title='bbox 1686 4958 1734 4994; x_wconf 88' lang='lat' dir='ltr'>vo·</span> 
     </span>
     <span class='ocr_line' id='line_1_107' title="bbox 957 5028 1732 5156; baseline -0.007 -70"><span class='ocrx_word' id='word_1_862' title='bbox 957 5059 969 5086; x_wconf 88' lang='grc' dir='ltr'>ι</span> <span class='ocrx_word' id='word_1_863' title='bbox 983 5037 1081 5090; x_wconf 84' lang='lat' dir='ltr'>fueritis</span> <span class='ocrx_word' id='word_1_864' title='bbox 1094 5038 1142 5090; x_wconf 90' lang='lat' dir='ltr'>snb</span> <span class='ocrx_word' id='word_1_865' title='bbox 1155 5034 1232 5101; x_wconf 70' lang='lat' dir='ltr'>sigub</span> <span class='ocrx_word' id='word_1_866' title='bbox 1241 5036 1268 5087; x_wconf 82' lang='lat' dir='ltr'>ln</span> <span class='ocrx_word' id='word_1_867' title='bbox 1281 5034 1374 5156; x_wconf 72' lang='lat' dir='ltr'>amis,</span> <span class='ocrx_word' id='word_1_868' title='bbox 1384 5036 1416 5085; x_wconf 84' lang='lat' dir='ltr'>ot</span> <span class='ocrx_word' id='word_1_869' title='bbox 1428 5028 1664 5099; x_wconf 77' lang='lat' dir='ltr'>porsetlspromlssa</span> <span class='ocrx_word' id='word_1_870' title='bbox 1675 5043 1732 5081; x_wconf 86' lang='lat' dir='ltr'>res·</span> 
     </span>
    </p>
   </div>
   <div class='ocr_carea' id='block_1_18' title="bbox 0 0 1907 5828">
    <p class='ocr_par' dir='ltr' id='par_1_39' title="bbox 0 0 1907 5828">
     <span class='ocr_line' id='line_1_108' title="bbox 0 0 1907 5828; baseline 0 0"><span class='ocrx_word' id='word_1_871' title='bbox 0 0 1907 5828; x_wconf 95' lang='lat' dir='ltr'> </span> 
     </span>
    </p>
   </div>
  </div>
 </body>
</html>
