3772 5828
162 304 222 363 570

163 436 188 491 τ’
212 434 300 495 αὐτοῖς
324 424 516 502 ἐκτεμννμίνης
544 422 590 482 καί
613 426 701 482 οίκιῶν
726 422 936 501 ἐμπιπραμένων

164 518 303 597 θεραπείας
323 518 348 573 τ’
364 514 574 587 αὐτομολούσης·
593 510 661 570 ὥστε
685 512 755 571 κατὰ
772 510 873 584 πολλήν
898 514 942 571 εὐ-

166 608 272 667 πέτειαν
287 602 408 663 ἀπελθεῖν
420 604 450 659 ἐκ
457 604 505 671 τῆς
514 600 603 679 χώρας
617 602 702 659 αὐτῶν
713 598 774 667 τούς
788 600 942 678 Ῥωμαίους

165 693 302 771 ωρελείαις
315 714 346 749 τε
359 695 447 771 βαρεῖς
458 691 504 748 καὶ
517 688 656 768 αὐχήμασι
670 686 820 768 λαμπρούς.
860 687 942 759 Καλή

124 808 137 845 a
167 781 215 853 μέν
229 781 383 860 Σερουϊλίου
403 777 528 859 στρατεία
548 780 618 837 τοῦτ’
635 776 697 856 έοχε
720 776 750 835 τό
764 776 852 843 τέλος·
875 773 942 835 αἱδί

167 869 214 928 σύν
227 872 266 947 τῷ
283 868 396 949 Ιίοίντίῳ
417 866 625 949 στρατεύσαντες
649 866 693 924 ἐπί
708 866 731 924 τ’
753 863 883 931 ,θίκανούς
896 864 942 923 καί

163 958 358 1025 Οὐολούσκους·
370 958 576 1029 συνεληλύθεσαν
589 954 641 1034 γὰρ
654 959 691 1021 εἰς
705 954 749 1014 τύν
764 956 846 1013 αὐτὸν
861 953 942 1013 τόπον

165 1046 192 1115 ἐξ
205 1049 360 1129 δμροτέρων
379 1052 430 1106 τῶν
441 1050 521 1105 ἐθνῶν
534 1048 559 1103 ai
573 1044 814 1121 προαγωνιούμενοι
828 1045 880 1101 τῶν
893 1044 943 1102 dl-

164 1137 218 1194 λων
232 1137 278 1195 καὶ
292 1138 345 1215 πρὸ
358 1139 405 1205 τῆς
419 1134 559 1193 Ἀντιατῶν
574 1133 675 1197 πόλεως
691 1128 943 1209 ἀντεστρατοπεδεύ·

165 1248 259 1284 σαντα·
272 1223 398 1293 fasmate,
416 1222 500 1300 βάδην
519 1224 668 1299 χωροῦντες
689 1218 871 1298 ἐπεραίνονται
890 1219 941 1275 αὐ-

164 1322 231 1379 τοῖς·
246 1312 291 1371 καί
309 1313 339 1371 οὐ
357 1310 438 1369 πολύν
453 1308 532 1366 τόπον
553 1310 599 1363 τοῦ
619 1306 735 1382 χαίρπκος
752 1308 839 1363 αὐτῶν
855 1307 941 1363 ἄπυσ-

164 1401 269 1480 χόντες,
285 1390 349 1476 ἐνῷ
366 1400 469 1476 πρῶτον
484 1391 611 1473 ὧρθησιίν
627 1415 656 1449 τε
674 1392 720 1450 καί
738 1385 806 1450 εἶδον
826 1392 939 1459 ἐκείνους

165 1488 254 1567 χωρίῳ
272 1488 388 1563 ταπεινῷ
404 1484 458 1541 ὄντι
477 1480 524 1547 τύς
545 1480 694 1547 inmissi<
710 1480 815 1551 ἔθεντο,
841 1484 887 1541 τού
903 1482 941 1556 μή

165 1576 309 1635 δεδοικέναι
329 1573 363 1632 τὰ
378 1572 493 1645 πολέμια
512 1570 607 1641 πλήθει
622 1572 718 1648 μακρῷ
735 1569 885 1649 προύχοντα
899 1570 942 1630 δό-

124 1672 136 1703 ·“·
166 1666 211 1734 ξαν
233 1669 344 1737 ποιήσαι
372 1662 538 1741 βουλόμενοι.
582 1659 632 1728 Ὡς
659 1660 682 1719 δ’
707 1660 822 1739 εὐτρεπῆ
846 1659 878 1718 τδι
907 1664 942 1727 εἷς

166 1752 257 1833 μάχην
272 1750 405 1833 ἑκατέροις
419 1747 505 1808 πάντα
516 1740 566 1825 ἦν,
578 1748 687 1829 ἐξήισαν
700 1750 736 1815 τίς
744 1748 775 1807 τύ
784 1748 884 1822 πεδίον,
896 1749 943 1808 καί

166 1838 345 1919 συμπεσόντες
355 1838 513 1921 ἠγωνίζοντο
524 1836 605 1917 μέχρι
613 1835 748 1917 μεσούσης
757 1838 868 1918 ἡμέρας,
882 1836 942 1899 οὐτε

166 1932 277 1998 εἴκοντες
297 1935 350 1997 τοῖς
371 1927 507 2005 πολεμίοις
520 1926 574 1987 οὐτ’
593 1926 786 1997 ἐπιόαίνοντες,
812 1928 853 1986 iat
869 1950 897 1986 τε
912 1928 942 1985 τύ

165 2022 264 2097 κοίμνον
276 2019 354 2098 μέρος
369 2022 517 2084 ἀνισοῦντες
536 2024 590 2083 τοῖς
609 2017 653 2077 ἐπί
665 2026 723 2083 ταῖς
741 2017 885 2096 ίρεδρείαις
901 2040 944 2075 τε·

164 2110 305 2187 ταγμένοις
320 2108 453 2186 ίκαίτιροι.
477 2105 524 2166 Ἐν
538 2104 566 2164 δέ
580 2106 665 2183 ταύτην
679 2106 797 2181 μάλιστα
812 2109 836 2163 ai
853 2108 941 2164 Δίκα-

165 2200 203 2255 νοί
217 2196 262 2257 καί
276 2197 439 2255 Οὐολοῦσκοι
453 2194 548 2265 πλήθει
560 2196 612 2251 τῶν
626 2192 770 2269 Ῥωμαίων
785 2193 943 2274 προύχοντες

166 2285 289 2365 οὶνέρερον
310 2284 356 2342 καὶ
371 2288 518 2363 περιῆσαν,
534 2285 588 2341 τῶν
609 2284 744 2359 πολεμίων
758 2284 807 2341 οὐκ
828 2286 942 2364 ἐχόντων

165 2370 220 2429 ἴσον
241 2372 275 2445 τῇ
289 2372 423 2452 προθυμίᾳ
443 2372 474 2431 τύ
494 2374 601 2443 πλῆθος.
645 2369 681 2431 ‘0
694 2368 721 2430 δέ
740 2368 858 2439 Κοίντιος
875 2375 942 2450 δρῶν

164 2459 270 2539 νεκρούς
284 2484 312 2519 τε
328 2462 441 2528 πολλοὺς
456 2464 509 2519 τῶν
528 2460 677 2541 σρετίρων,
693 2458 739 2518 καὶ
761 2464 813 2518 τῶν
829 2462 942 2541 περιόν-

111 2570 129 2601 ·..
165 2571 217 2605 των
230 2548 291 2613 τούς
306 2548 411 2614 πλείους
427 2547 611 2628 τραυματίας,
627 2548 758 2623 ἐμέλλησε
774 2548 822 2623 μέν
840 2549 942 2606 ἀνακα-

165 2639 267 2695 λεῖσθαι
288 2635 335 2708 τήν
360 2637 490 2714 δύναμιν,
515 2638 603 2705 δείσας
623 2636 651 2695 δέ
666 2636 703 2714 μή
718 2635 795 2703 δόξαν
815 2639 942 2716 παροίσχη

166 2733 219 2789 τοῖς
233 2724 369 2802 πολεμίοις
383 2733 484 2807 ρυγῆς,
501 2728 757 2806 παρακινδυνευτέον
775 2725 863 2807 σρίσιν
875 2714 942 2784 εἶναι

166 2812 244 2889 ἔγνω.
271 2814 477 2893 Ἐπιλεξοίμενσς
492 2815 520 2875 δέ
530 2820 583 2874 τῶν
599 2816 702 2875 ἱππέων
715 2815 773 2881 τούς
788 2815 944 2894 κρατίστους

165 2900 235 2959 κατύ
254 2904 285 2961 τδ
304 2902 400 2973 δεξιόν,
413 2894 436 2984 ᾧ
451 2902 569 2980 μάλιστα
586 2903 717 2981 ἔκαμνον,
737 2904 790 2969 τοῖς
808 2905 943 2983 σρετέροις

111 3000 139 3039 3⁰
166 2989 334 3067 παρεόοήθει.
380 2991 431 3049 Καὶ
455 2990 488 3047 τὰ
512 2992 560 3066 μὲν
584 2993 712 3065 ἐπιτιμῶν
734 2993 788 3055 τοῖς
814 2990 941 3065 ἡγεμόσιν

167 3080 252 3148 αὐτοῖς
266 3083 312 3149 τῆς
328 3078 484 3156 ἀνανδρίας,
497 3077 530 3135 ria
542 3078 564 3133 δ’
581 3077 792 3152 ὑπομιμνήσκων
808 3080 860 3133 τῶν
877 3100 942 3156 προ·

166 3168 248 3249 σέρων
264 3169 388 3247 ἀγώνοιν,
404 3166 437 3225 τί
451 3167 478 3225 δὲ
493 3166 541 3237 τήν
554 3166 683 3246 αἰσχύνην
700 3166 882 3243 ἐπιλεγόμενος
896 3168 942 3226 καὶ

165 3257 208 3317 τὸν
230 3260 363 3325 κίνδυνον,
390 3258 417 3322 δς
438 3256 640 3324 καταλήψεσθαι
669 3255 761 3321 αὐτούς
781 3254 890 3324 ἔμελλεν
914 3258 941 3313 ἐν

165 3345 198 3415 τῇ
227 3344 306 3415 ρυγῇ,
330 3339 458 3394 τελευτῶν
482 3328 553 3393 εἶπεν
587 3338 635 3393 οὐκ
662 3330 765 3403 ἀληθές,
786 3330 800 3389 δ
825 3330 941 3406 μάλιστα

114 3451 140 3489 τα
166 3429 213 3505 μίν
229 3438 281 3493 τοῖς
304 3424 436 3507 σρετέροις
458 3425 551 3504 θύρσος
569 3423 734 3503 παρέστησε,
750 3422 801 3488 τοῖς
817 3420 844 3479 δὲ
862 3423 940 3478 πολε·

167 3518 236 3593 μίοις
251 3516 316 3581 δέος.
363 3514 437 3594 'Ean
456 3514 518 3596 γύρ,
534 3514 573 3573 ότι
584 3514 690 3594 θάτερον
703 3514 788 3571 αὐτῶν
800 3511 851 3583 ήδη
864 3510 942 3591 κέρας

166 3606 258 3674 ἐξέωσε
275 3604 331 3671 τούς
344 3603 486 3679 πολεμίους
501 3604 545 3663 καί
562 3604 637 3681 ἐγγύς
651 3605 703 3674 ήδη
716 3602 771 3659 ἐστί
783 3607 828 3660 τοῦ
839 3599 941 3659 ἐκείνων

166 3696 295 3774 χάρακος.
341 3697 434 3754 Ταῦτα
459 3694 539 3751 εἰπὼν
553 3696 646 3751 ἐνσείει
666 3697 719 3756 τοῖς
733 3692 875 3765 πολεμίοις,
897 3688 940 3748 καί

168 3781 290 3849 neratde
304 3782 357 3841 ἀπὸ
371 3787 416 3840 τοῦ
431 3778 516 3837 ίππου
534 3782 579 3838 οὐν
593 3784 646 3847 τοῖς
660 3783 725 3857 ἀμφ’
742 3781 820 3839 αὐτὸν
835 3778 941 3837 ἐπιλέκ-

113 3903 140 3941 lo
169 3898 223 3938 τοις
241 3875 292 3929 τῶν
309 3870 411 3929 ίππέων
426 3868 558 3937 συστοίδην
572 3869 696 3945 ἐμάχετο.
738 3867 789 3927 Ἐκ
805 3868 833 3925 δέ
852 3866 942 3926 τούτου

169 3966 256 4036 τόλμα
267 3986 305 4027 τις
319 3958 444 4037 ἐμπίπτει
456 3954 510 4021 τοῖς
524 3955 654 4031 κάμνουσι
668 3956 741 4025 τέως,
752 3956 798 4014 καί
814 3958 942 4014 ὠθοῦνται

170 4052 284 4114 ἅπαντες
295 4048 385 4124 ὥσπερ
395 4044 478 4125 ἕτεροί
491 4067 557 4111 τινες
566 4044 713 4120 γεγονότες·
729 4043 775 4102 καί
789 4048 812 4101 oi
822 4045 940 4103 Οὐολού-

170 4159 238 4207 σκοι,
249 4139 312 4206 τῆδε
323 4139 374 4214 γὰρ
386 4136 479 4193 ἐκεῖνοι
488 4133 625 4208 ἐτάξαντο,
634 4132 714 4211 μέχρι
723 4134 820 4191 πολλοῦ
832 4134 942 4209 διακαρ-

167 4228 321 4309 τερήσαντες
331 4227 476 4285 ἐνέκλιναν.
488 4222 534 4291 Ὡς
543 4223 570 4281 δέ
582 4221 684 4287 τούτους
698 4224 711 4277 ὁ
723 4217 841 4289 Κοίντιος
852 4218 939 4279 ἀπιόν·

114 4348 141 4383 ης
167 4341 239 4381 σατο,
249 4314 348 4380 α’ναόδς
359 4314 402 4371 ἐπί
417 4314 460 4372 τόν
468 4311 549 4371 ἵππον
557 4311 724 4393 παρήλαυνεν
736 4312 779 4368 ἐπὶ
789 4311 836 4382 τήν
851 4311 941 4389 ἑτέραν

167 4406 247 4477 τάξιν,
263 4416 307 4462 καί
323 4404 437 4462 ἐδείκνυε
452 4411 506 4469 τοῖς
520 4406 574 4461 ἐκεῖ
589 4401 675 4470 πεζοῖς
688 4399 716 4458 τὸ
729 4400 879 4476 ἡττώμενον
889 4403 939 4457 τῶν

164 4496 296 4569 πολεμίων
306 4496 395 4573 μέρος,
408 4493 452 4550 καί
465 4491 654 4570 παρεκελεύετο
664 4491 701 4566 μὴ
712 4492 848 4550 λείπεσθαι
861 4493 939 4570 ἀρετῇ

164 4590 214 4644 τίον
235 4585 337 4655 ἐτέρων.

215 4666 315 4727 ΙΧΙΙΙ.
350 4663 401 4723 Καί
429 4665 496 4739 μετὰ
519 4669 676 4728 τούτόὐδέν
704 4667 742 4727 ἔτι
767 4668 868 4746 διέμενε
888 4674 939 4729 τῶν

110 4776 135 4810 il·
165 4758 313 4832 πολεμίοιν,
335 4753 403 4811 ἀλλὰ
424 4754 518 4817 πάντες
543 4756 577 4820 εἰς
593 4755 636 4812 τὸν
661 4758 770 4835 χάρακα
787 4758 936 4840 {maipa-(ov,

165 4845 307 4918 (νομένων
324 4842 408 4911 δίωξίς
430 4864 459 4917 γε
475 4845 559 4897 αὐτῶν
583 4843 625 4902 ἐπὶ
647 4846 714 4905 πολύ
731 4848 849 4923 ἐγένετο,
870 4848 938 4905 ἀλλὰ

165 4931 236 4995 εὐθύς
252 4937 275 4989 οἱ
295 4932 429 5008 Ῥωμαῖοι
453 4931 650 5007 ἀπετράποντο,
668 4934 719 4994 ὐπὸ
737 4936 819 4994 κόπου
840 4936 873 4996 ei
887 4934 938 4994 σώ-

164 5038 235 5087 ματα
252 5022 426 5095 παρειμένοι,
442 5021 485 5078 καὶ
502 5020 560 5079 οὐδὲ
575 5022 608 5080 τδι
621 5023 692 5081 όπλα
708 5024 746 5081 ἐτι
762 5023 842 5099 όμοια
859 5023 936 5103 έχον-

156 5103 321 5178 τε;.λλίγων
344 5108 370 5162 δὲ
393 5109 548 5167 διελθουσῶν
570 5114 697 5189 ήμεριύν,
727 5112 755 5177 τίς
781 5114 935 5172 ἐσπείσαντο
963 5124 967 5155 ¹

683 292 852 353 DIONYSH
875 290 1262 353 usslcaasssssssls

996 434 1032 483 ita
1047 438 1075 483 ut
1086 432 1203 483 facillime
1215 432 1318 483 limnani
1341 445 1436 495 magas
1462 432 1548 499 praeda
1564 438 1593 485 et
1609 436 1693 489 sinam
1705 439 1783 503 splen·

995 527 1054 578 dida
1074 527 1152 593 gloria
1172 527 1249 585 aucti.
1275 542 1307 579 er
1322 542 1413 579 eorum
1429 542 1490 593 agro
1509 528 1687 591 discesserint,
1710 540 1785 601 alque

996 624 1092 675 Servilii
1117 624 1243 689 expeditio
1264 626 1331 676 huuc
1355 624 1431 677 finem
1456 626 1554 679 babuit.
1591 634 1623 681 lt
1650 634 1697 697 qui
1726 648 1785 685 cum

996 722 1099 779 Quintio
1127 721 1153 771 in
1175 724 1270 787 Equos
1296 725 1326 771 et
1353 721 1462 773 Volscos
1485 722 1595 787 profecti
1621 724 1723 778 fuerunt
1747 730 1786 789 (in

997 832 1074 868 unum
1084 818 1149 868 enim
1162 818 1321 884 eundemque
1335 817 1419 869 locum
1430 824 1621 887 convenerant)
1632 838 1666 875 cx
1680 829 1786 891 iitroque

996 919 1076 979 gente,
1087 916 1131 980 qui
1144 930 1190 981 pro
1200 915 1302 982 reliquis
1311 915 1433 967 certaturi
1449 920 1539 979 erant,
1557 923 1586 970 ct
1598 926 1685 971 castra
1696 922 1730 972 ad
1739 928 1783 973 ln·

997 1010 1061 1061 tium
1074 1014 1207 1075 pmsuerant
1222 1030 1229 1061 τ
1251 1010 1357 1062 ceterius
1370 1014 1469 1071 euntes,
1483 1012 1511 1063 in
1519 1028 1613 1065 eorum
1625 1023 1783 1082 conspectum

997 1122 1030 1159 εε
1048 1110 1185 1175 improuiso
1206 1114 1329 1160 venerunt
1349 1122 1417 1159 :nec
1435 1110 1575 1175 proculab
1592 1128 1684 1165 eorum
1700 1116 1781 1165 castris

998 1206 1022 1257 in
1036 1208 1091 1257 Ιυιυ
1110 1207 1214 1266 humili,
1232 1206 1274 1257 ubi
1298 1206 1408 1271 primum
1421 1210 1555 1273 conspecti
1573 1216 1663 1271 mant,
1680 1214 1781 1279 illesam

998 1310 1186 1370 conspexerant.
1226 1303 1405 1370 impedimenta
1430 1304 1622 1371 deposuerunt,
1639 1312 1702 1376 quia
1720 1312 1781 1361 aule

998 1402 1055 1453 bant
1069 1401 1148 1453 videri
1166 1402 1250 1452 hostes
1265 1416 1369 1451 nurnero
1381 1401 1456 1465 longe
1474 1404 1623 1469 superiores
1641 1406 1778 1458 funilidare.

998 1499 1081 1550 liebus
1096 1502 1181 1549 aulem
1190 1497 1306 1547 omnibus
1323 1496 1356 1547 ab
1368 1498 1486 1563 utrisque
1499 1500 1534 1551 ad
1546 1503 1667 1567 proelium
1677 1504 1777 1568 punitis.

999 1596 1151 1661 incarnpum
1175 1598 1370 1661 processerunt:
1394 1600 1421 1647 cl
1442 1600 1574 1663 congressi
1596 1602 1630 1653 ad
1656 1604 1777 1654 meridiem

1000 1708 1080 1759 usque
1093 1698 1248 1758 pugnarunt.
1263 1692 1344 1744 neutri
1363 1693 1484 1747 sedenim
1505 1698 1628 1751 hostibus
1645 1716 1720 1765 nopae
1732 1702 1775 1751 ad·

998 1792 1121 1843 versarios
1133 1796 1288 1855 superantes.
1307 1798 1475 1857 exoramus
1487 1810 1550 1848 νετα
1565 1800 1669 1865 utrique
1685 1814 1775 1866 εετορετ

999 1892 1093 1952 ρατιονε]
1103 1888 1255 1939 laborantem
1271 1888 1390 1940 subsidiis
1400 1890 1434 1942 ad
1453 1892 1504 1945 boe
1517 1894 1604 1959 ipsum
1617 1896 1776 1963 disposiliset

999 1986 1135 2036 instructis,
1154 1987 1205 2036 llac
1218 1989 1301 2035 aulem
1312 1984 1337 2033 in
1350 1999 1378 2035 re
1387 1988 1547 2051 potissimum
1557 1996 1636 2059 AEqui
1645 2002 1673 2047 et
1689 1999 1776 2057 t'ulsci.

997 2081 1057 2147 «pria
1069 2081 1185 2131 Romanis
1209 2094 1315 2131 nunaem
1328 2083 1492 2145 prmtabanl,
1508 2100 1535 2137 se.
1548 2086 1690 2141 efferebant
1704 2098 1730 2143 et
1741 2109 1779 2143 su·

998 2178 1107 2244 perfores
1128 2182 1198 2230 erant
1223 2178 1352 2237 luctatibus,
1376 2182 1424 2246 qui
1445 2184 1631 2235 multitudinem
1650 2188 1777 2241 alacritati

998 2290 1082 2343 parem
1095 2291 1143 2326 non
1169 2276 1301 2329 habebunt.
1328 2277 1366 2329 lbi
1386 2280 1504 2339 Quintius
1531 2282 1620 2335 ridens
1634 2288 1729 2337 multos
1741 2288 1774 2339 de.

998 2373 1184 2433 suiacecidisse.
1201 2378 1226 2425 et
1240 2390 1272 2426 ex
1286 2377 1326 2438 iis,
1346 2376 1392 2441 qui
1406 2382 1564 2443 supererant.
1582 2380 1705 2445 plurimos
1715 2398 1776 2433 sau-

999 2473 1058 2531 cios,
1073 2474 1185 2538 receptui
1205 2474 1304 2537 signum
1319 2474 1429 2525 daturus
1450 2479 1506 2525 erat
1524 2493 1533 2525 ε
1553 2476 1600 2529 sed
1617 2480 1730 2535 veritus.
1747 2496 1778 2533 nc

999 2572 1114 2622 fastibus
1131 2570 1197 2635 fugas
1216 2572 1355 2635 opinionem
1371 2574 1506 2637 recubaret,
1519 2574 1567 2625 sibi
1587 2576 1776 2641 periclitandum

999 2682 1053 2718 esse
1070 2668 1167 2718 statuit.
1200 2670 1283 2725 Quare
1307 2668 1378 2719 lectis
1393 2669 1538 2723 fortissimis
1548 2672 1695 2740 quibusque
1706 2676 1776 2741 opni-

999 2764 1067 2814 libus
1082 2764 1171 2814 dextro
1186 2777 1288 2813 suorum
1300 2778 1392 2826 minu,
1405 2780 1458 2829 qua
1473 2772 1548 2831 parte
1560 2772 1670 2823 manime
1683 2773 1776 2823 labora·

998 2861 1072 2923 bant,
1092 2863 1218 2923 succuril;
1240 2866 1264 2913 et
1279 2862 1353 2913 modo
1372 2862 1441 2927 ipsos
1461 2864 1586 2919 duoesob
1605 2870 1720 2935 ἱματίων
1735 2871 1773 2919 in·

999 2974 1116 3023 crepans,
1143 2960 1217 3010 riiodo
1239 2958 1366 3024 superiora
1393 2959 1481 3026 proelia
1503 2961 1566 3026 ipsis
1586 2962 1613 3014 in
1635 2964 1770 3015 nerooriam

1000 3072 1131 3119 revocans,
1151 3058 1226 3109 llltliltt
1236 3058 1395 3123 ignominiasti
1419 3074 1563 3112 rnetnorons
1580 3066 1607 3113 et
1629 3063 1772 3129 periculum,

1000 3156 1023 3205 in
1033 3155 1100 3219 «prod
1112 3154 1170 3217 fuga
1179 3157 1303 3207 incmsuri
1314 3160 1405 3219 essent,
1420 3158 1521 3208 landam
1532 3160 1652 3223 hgrrrento
1662 3176 1722 3213 usus
1732 3168 1776 3224 esi,

998 3270 1049 3318 epm
1062 3254 1113 3304 suis
1122 3253 1267 3314 cadmiam,
1281 3256 1345 3306 bosli
1359 3268 1477 3319 pavorem
1492 3257 1591 3307 attulit.
1626 3260 1695 3309 ltirit
1704 3262 1773 3315 enim,

998 3354 1104 3402 alteram
1126 3366 1212 3401 reorum
1241 3367 1327 3411 celano,
1354 3352 1445 3417 fugatis
1468 3353 1603 3415 hostibus,
1623 3358 1675 3421 jam
1691 3358 1774 3407 castris

998 3452 1097 3502 illorum
1118 3453 1258 3516 proximum
1277 3466 1339 3503 csse.
1373 3454 1434 3502 llaec
1460 3452 1561 3503 locutus
1590 3456 1774 3522 impressionem

998 3558 1023 3603 in
1033 3552 1117 3602 lmslcs
1137 3552 1212 3609 fecit;
1226 3555 1251 3601 ct
1266 3568 1298 3601 ea
1310 3565 1376 3615 cepm
1386 3551 1539 3601 descendens
1552 3566 1612 3603 cum
1628 3555 1699 3607 lectis
1709 3559 1776 3621 (ηυί-

999 3648 1073 3701 tibus.
1091 3663 1155 3711 epms
1166 3650 1233 3698 circo
1245 3662 1271 3697 so
1293 3646 1408 3705 babebat,
1424 3647 1537 3697 corninus
1561 3663 1675 3715 pugnare
1695 3654 1774 3718 coepil.

999 3747 1105 3809 Moxque
1123 3744 1226 3794 audacia
1240 3744 1356 3808 quodam
1375 3744 1465 3793 invasit
1479 3758 1530 3803 eos,
1552 3747 1597 3810 spui
1613 3754 1674 3800 anic
1685 3751 1777 3802 labora·

997 3844 1176 3906 veranhalque
1190 3842 1295 3892 rinircrsi
1307 3882 1313 3903 ‚
1325 3844 1396 3908 quusi
1410 3844 1450 3893 atii
1463 3848 1546 3895 esseut
1565 3844 1641 3909 lacti,
1654 3850 1678 3899 in
1692 3851 1773 3901 hostes

998 3936 1118 3999 inipclum
1135 3935 1254 3985 fecerunt.
1290 3939 1372 3988 t'olsci
1385 3954 1443 3989 vero
1458 3939 1501 4001 (in
1512 3953 1542 3990 ca
1555 3941 1623 3992 enirn
1640 3950 1713 4009 perric
1726 3947 1775 3995 col·

998 4036 1070 4085 laicali
1084 4035 1197 4097 fuerant)
1216 4050 1294 4098 lpuum
1309 4038 1352 4087 iliu
1366 4038 1530 4101 restitissent,
1545 4042 1654 4092 tandem
1671 4046 1774 4095 inelina-

998 4136 1064 4183 rrmt.
1081 4132 1198 4189 Quintius
1217 4133 1256 4181 bis
1268 4136 1402 4197 profligatis
1415 4150 1508 4201 caluom
1525 4140 1684 4199 conscendit,
1697 4146 1724 4192 et
1741 4143 1779 4193 al·

999 4233 1078 4279 terum
1091 4244 1167 4279 cornu
1184 4230 1270 4294 petiil;
1285 4237 1307 4282 el
1324 4234 1457 4297 peditibus,
1471 4235 1517 4299 qui
1533 4235 1567 4286 ibi
1582 4240 1667 4300 crant,
1679 4246 1778 4301 partem

997 4327 1107 4376 bestium
1125 4328 1215 4377 siclam
1227 4330 1441 4396 ostendiaeosqm
1455 4334 1602 4384 cohortatus
1612 4338 1660 4388 cst,
1672 4349 1703 4383 ue
1717 4336 1774 4385 aliis

998 4424 1090 4475 virtute
1100 4424 1203 4474 cederem
1211 4433 1226 4478 t.

1026 4678 1112 4727 Lt'lll.
1132 4681 1184 4728 lloc
1203 4682 1275 4742 facto,
1293 4684 1359 4732 cirilla
1380 4682 1486 4747 aiiiplius
1501 4683 1611 4734 hostium
1627 4685 1694 4736 acies
1727 4700 1776 4737 res·

996 4764 1062 4823 lilit;
1076 4766 1119 4815 sed
1135 4784 1220 4818 citrinos
1242 4771 1315 4819 sinunt
1332 4772 1389 4834 liam
1413 4776 1494 4820 eastra
1514 4777 1625 4835 repetere
1637 4781 1774 4839 ceperunt.

994 4855 1047 4902 Nem
1062 4858 1142 4904 lillllfll
1155 4858 1224 4920 Ιωηςυ
1237 4859 1339 4908 llormmi
1355 4873 1397 4908 eos
1410 4865 1465 4908 silut
1480 4860 1612 4924 persecuti.
1626 4863 1671 4913 scd
1688 4865 1775 4916 statim

995 4942 1086 4991 reversi
1100 4950 1171 4995 silut.
1187 4961 1265 5009 (titillet
1280 4962 1383 5011 cmpom
1398 4948 1541 5011 peculatore
1553 4949 1668 5014 languida
1680 4960 1773 5012 essenii,

994 5045 1038 5081 uec
1060 5034 1166 5096 arriiplius
1188 5050 1256 5084 alana
1276 5037 1342 5098 paria
1356 5036 1489 5097 lialieri·ul;
1511 5038 1598 5100 ρτιυυίε
1611 5053 1670 5089 ιντο
1690 5040 1774 5091 inicer-

993 5123 1066 5183 jeclis
1085 5124 1240 5174 induciarum
1251 5124 1354 5183 elichum,
1380 5127 1423 5188 ‹pni
1438 5127 1469 5175 ab
1486 5126 1601 5190 uilisque
1626 5128 1651 5178 in
1668 5143 1774 5182 suorum
