<?xml version="1.0" encoding="UTF-8"?>
<!DOCTYPE html PUBLIC "-//W3C//DTD XHTML 1.0 Transitional//EN"
    "http://www.w3.org/TR/xhtml1/DTD/xhtml1-transitional.dtd">
<html xmlns="http://www.w3.org/1999/xhtml" xml:lang="en" lang="en">
 <head>
  <title>
</title>
<meta http-equiv="Content-Type" content="text/html;charset=utf-8" />
  <meta name='ocr-system' content='tesseract 3.04.00' />
  <meta name='ocr-capabilities' content='ocr_page ocr_carea ocr_par ocr_line ocrx_word'/>
</head>
<body>
  <div class='ocr_page' id='page_1' title='image "./dionysiihalicar00prougoog_0580.png"; bbox 0 0 3772 5828; ppageno 0'>
   <div class='ocr_carea' id='block_1_1' title="bbox 564 349 1203 424">
    <p class='ocr_par' dir='ltr' id='par_1_1' title="bbox 564 349 1203 424">
     <span class='ocr_line' id='line_1_1' title="bbox 564 349 1203 424; baseline 0.016 -16"><span class='ocrx_word' id='word_1_1' title='bbox 564 349 858 424; x_wconf 76' lang='lat' dir='ltr'><strong>ANTlQUlTATUM</strong></span> <span class='ocrx_word' id='word_1_2' title='bbox 880 352 1029 414; x_wconf 78' lang='lat' dir='ltr'><strong>uonlAN.</strong></span> <span class='ocrx_word' id='word_1_3' title='bbox 1054 355 1127 416; x_wconf 82' lang='lat' dir='ltr'><strong>LlB.</strong></span> <span class='ocrx_word' id='word_1_4' title='bbox 1151 358 1203 417; x_wconf 84' lang='lat' dir='ltr'>lX.</span> 
     </span>
    </p>
   </div>
   <div class='ocr_carea' id='block_1_2' title="bbox 17 478 858 3480">
    <p class='ocr_par' dir='ltr' id='par_1_2' title="bbox 17 478 858 3480">
     <span class='ocr_line' id='line_1_2' title="bbox 80 478 854 564; baseline 0.006 -27"><span class='ocrx_word' id='word_1_5' title='bbox 80 501 134 557; x_wconf 90' lang='grc' dir='ltr'>ριον</span> <span class='ocrx_word' id='word_1_6' title='bbox 146 479 299 539; x_wconf 73' lang='grc' dir='ltr'>ἐκλίπωσιν.</span> <span class='ocrx_word' id='word_1_7' title='bbox 344 480 385 539; x_wconf 78' lang='lat' dir='ltr'>os</span> <span class='ocrx_word' id='word_1_8' title='bbox 402 478 622 556; x_wconf 77' lang='grc' dir='ltr'>προσδεξαμένων</span> <span class='ocrx_word' id='word_1_9' title='bbox 639 481 666 539; x_wconf 85' lang='grc' dir='ltr'>δὲ</span> <span class='ocrx_word' id='word_1_10' title='bbox 685 488 737 541; x_wconf 84' lang='grc' dir='ltr'>τῶν</span> <span class='ocrx_word' id='word_1_11' title='bbox 754 486 854 564; x_wconf 80' lang='grc' dir='ltr'>ἀνδρῶν</span> 
     </span>
     <span class='ocr_line' id='line_1_3' title="bbox 80 563 858 649; baseline 0.006 -24"><span class='ocrx_word' id='word_1_12' title='bbox 80 567 126 634; x_wconf 80' lang='grc' dir='ltr'>τδς</span> <span class='ocrx_word' id='word_1_13' title='bbox 145 567 322 648; x_wconf 80' lang='grc' dir='ltr'>προκλήσεις,</span> <span class='ocrx_word' id='word_1_14' title='bbox 342 563 410 625; x_wconf 72' lang='grc' dir='ltr'>ἀλλὰ</span> <span class='ocrx_word' id='word_1_15' title='bbox 425 567 469 625; x_wconf 85' lang='grc' dir='ltr'>τὸν</span> <span class='ocrx_word' id='word_1_16' title='bbox 492 568 583 643; x_wconf 82' lang='grc' dir='ltr'>εὐγενῆ</span> <span class='ocrx_word' id='word_1_17' title='bbox 599 569 708 628; x_wconf 86' lang='grc' dir='ltr'>θάνατον</span> <span class='ocrx_word' id='word_1_18' title='bbox 730 572 858 649; x_wconf 78' lang='grc' dir='ltr'>αἱρουμέ-</span> 
     </span>
     <span class='ocr_line' id='line_1_4' title="bbox 79 645 857 738; baseline 0.008 -25"><span class='ocrx_word' id='word_1_19' title='bbox 79 679 148 727; x_wconf 86' lang='grc' dir='ltr'>νων,</span> <span class='ocrx_word' id='word_1_20' title='bbox 180 660 296 738; x_wconf 71' lang='grc' dir='ltr'>ἐπῄεσαν</span> <span class='ocrx_word' id='word_1_21' title='bbox 321 657 408 721; x_wconf 82' lang='grc' dir='ltr'>αὐτοῖς</span> <span class='ocrx_word' id='word_1_22' title='bbox 424 645 498 722; x_wconf 73' lang='grc' dir='ltr'>α’ύθις</span> <span class='ocrx_word' id='word_1_23' title='bbox 516 657 547 714; x_wconf 83' lang='grc' dir='ltr'>ίκ</span> <span class='ocrx_word' id='word_1_24' title='bbox 568 656 709 737; x_wconf 79' lang='grc' dir='ltr'>διαδοχῆς,</span> <span class='ocrx_word' id='word_1_25' title='bbox 723 657 857 732; x_wconf 78' lang='grc' dir='ltr'>συστάδην</span> 
     </span>
     <span class='ocr_line' id='line_1_5' title="bbox 67 741 857 826; baseline 0.01 -24"><span class='ocrx_word' id='word_1_26' title='bbox 67 744 126 821; x_wconf 78' lang='grc' dir='ltr'>μέν</span> <span class='ocrx_word' id='word_1_27' title='bbox 141 745 187 803; x_wconf 82' lang='grc' dir='ltr'>καὶ</span> <span class='ocrx_word' id='word_1_28' title='bbox 207 749 237 803; x_wconf 82' lang='grc' dir='ltr'>ἐκ</span> <span class='ocrx_word' id='word_1_29' title='bbox 258 742 346 824; x_wconf 84' lang='grc' dir='ltr'>χειρδς</span> <span class='ocrx_word' id='word_1_30' title='bbox 372 741 460 802; x_wconf 78' lang='grc' dir='ltr'>οὐκέτι</span> <span class='ocrx_word' id='word_1_31' title='bbox 482 743 648 824; x_wconf 83' lang='grc' dir='ltr'>μαχόμενοι,</span> <span class='ocrx_word' id='word_1_32' title='bbox 668 744 803 826; x_wconf 73' lang='grc' dir='ltr'>πρόσωθεν</span> <span class='ocrx_word' id='word_1_33' title='bbox 829 749 857 810; x_wconf 82' lang='grc' dir='ltr'>δέ</span> 
     </span>
     <span class='ocr_line' id='line_1_6' title="bbox 40 828 857 916; baseline 0.01 -28"><span class='ocrx_word' id='word_1_34' title='bbox 40 842 51 880; x_wconf 77' lang='lat'><strong>⁶</strong></span> <span class='ocrx_word' id='word_1_35' title='bbox 80 831 220 910; x_wconf 74' lang='grc' dir='ltr'>βάλλοντες</span> <span class='ocrx_word' id='word_1_36' title='bbox 236 830 325 912; x_wconf 77' lang='grc' dir='ltr'>ἀθρόοι</span> <span class='ocrx_word' id='word_1_37' title='bbox 345 831 456 913; x_wconf 81' lang='grc' dir='ltr'>λόγχαις</span> <span class='ocrx_word' id='word_1_38' title='bbox 469 832 516 892; x_wconf 84' lang='grc' dir='ltr'>καί</span> <span class='ocrx_word' id='word_1_39' title='bbox 536 833 671 914; x_wconf 78' lang='grc' dir='ltr'>χερμάσι·</span> <span class='ocrx_word' id='word_1_40' title='bbox 683 828 773 908; x_wconf 79' lang='grc' dir='ltr'>καλήν</span> <span class='ocrx_word' id='word_1_41' title='bbox 785 860 857 916; x_wconf 81' lang='grc' dir='ltr'>νερε-</span> 
     </span>
     <span class='ocr_line' id='line_1_7' title="bbox 77 919 857 1002; baseline 0.01 -25"><span class='ocrx_word' id='word_1_42' title='bbox 77 923 116 998; x_wconf 81' lang='grc' dir='ltr'>τῷ</span> <span class='ocrx_word' id='word_1_43' title='bbox 129 922 316 997; x_wconf 87' lang='grc' dir='ltr'>παραπλήσιος</span> <span class='ocrx_word' id='word_1_44' title='bbox 331 924 347 992; x_wconf 78' lang='grc' dir='ltr'>ἡ</span> <span class='ocrx_word' id='word_1_45' title='bbox 363 919 462 991; x_wconf 79' lang='grc' dir='ltr'>πληθύς</span> <span class='ocrx_word' id='word_1_46' title='bbox 475 925 528 980; x_wconf 82' lang='grc' dir='ltr'>τῶν</span> <span class='ocrx_word' id='word_1_47' title='bbox 549 926 645 1002; x_wconf 82' lang='grc' dir='ltr'>βελῶν.</span> <span class='ocrx_word' id='word_1_48' title='bbox 690 927 728 986; x_wconf 87' lang='grc' dir='ltr'>Οἱ</span> <span class='ocrx_word' id='word_1_49' title='bbox 743 925 771 983; x_wconf 79' lang='grc' dir='ltr'>δέ</span> <span class='ocrx_word' id='word_1_50' title='bbox 789 925 857 987; x_wconf 85' lang='grc' dir='ltr'>Ῥω-</span> 
     </span>
     <span class='ocr_line' id='line_1_8' title="bbox 79 1007 856 1093; baseline 0.012 -28"><span class='ocrx_word' id='word_1_51' title='bbox 79 1015 153 1081; x_wconf 83' lang='grc' dir='ltr'>μαῖοι</span> <span class='ocrx_word' id='word_1_52' title='bbox 173 1007 378 1089; x_wconf 77' lang='grc' dir='ltr'>συστρεφόμενοι</span> <span class='ocrx_word' id='word_1_53' title='bbox 402 1007 471 1068; x_wconf 78' lang='grc' dir='ltr'>κατὰ</span> <span class='ocrx_word' id='word_1_54' title='bbox 492 1009 588 1089; x_wconf 86' lang='grc' dir='ltr'>λόχους</span> <span class='ocrx_word' id='word_1_55' title='bbox 610 1010 788 1093; x_wconf 77' lang='grc' dir='ltr'>προσέτρεχον</span> <span class='ocrx_word' id='word_1_56' title='bbox 807 1018 856 1074; x_wconf 82' lang='grc' dir='ltr'>οὐ·</span> 
     </span>
     <span class='ocr_line' id='line_1_9' title="bbox 78 1094 856 1179; baseline 0.009 -28"><span class='ocrx_word' id='word_1_57' title='bbox 78 1103 132 1160; x_wconf 86' lang='grc' dir='ltr'>τοῖς</span> <span class='ocrx_word' id='word_1_58' title='bbox 146 1099 197 1176; x_wconf 87' lang='grc' dir='ltr'>οὐχ</span> <span class='ocrx_word' id='word_1_59' title='bbox 210 1094 415 1178; x_wconf 83' lang='grc' dir='ltr'>θρισταμένοις,</span> <span class='ocrx_word' id='word_1_60' title='bbox 440 1095 487 1156; x_wconf 87' lang='grc' dir='ltr'>καλ</span> <span class='ocrx_word' id='word_1_61' title='bbox 502 1097 602 1164; x_wconf 73' lang='grc' dir='ltr'>πολλὰς</span> <span class='ocrx_word' id='word_1_62' title='bbox 619 1097 724 1179; x_wconf 77' lang='grc' dir='ltr'>πληγάς</span> <span class='ocrx_word' id='word_1_63' title='bbox 746 1100 856 1177; x_wconf 80' lang='grc' dir='ltr'>λαμόά-</span> 
     </span>
     <span class='ocr_line' id='line_1_10' title="bbox 77 1183 854 1270; baseline 0.009 -30"><span class='ocrx_word' id='word_1_64' title='bbox 77 1205 163 1251; x_wconf 83' lang='grc' dir='ltr'>νοντας</span> <span class='ocrx_word' id='word_1_65' title='bbox 178 1185 228 1245; x_wconf 82' lang='grc' dir='ltr'>ὑπὸ</span> <span class='ocrx_word' id='word_1_66' title='bbox 241 1187 294 1243; x_wconf 83' lang='grc' dir='ltr'>τῶν</span> <span class='ocrx_word' id='word_1_67' title='bbox 308 1183 382 1264; x_wconf 80' lang='grc' dir='ltr'>πέριξ</span> <span class='ocrx_word' id='word_1_68' title='bbox 398 1184 540 1263; x_wconf 69' lang='grc' dir='ltr'>ὑπέμενον.</span> <span class='ocrx_word' id='word_1_69' title='bbox 587 1185 637 1253; x_wconf 86' lang='grc' dir='ltr'>Ὦς</span> <span class='ocrx_word' id='word_1_70' title='bbox 651 1187 678 1246; x_wconf 81' lang='grc' dir='ltr'>δὲ</span> <span class='ocrx_word' id='word_1_71' title='bbox 690 1188 726 1246; x_wconf 88' lang='grc' dir='ltr'>τά</span> <span class='ocrx_word' id='word_1_72' title='bbox 745 1211 774 1246; x_wconf 92' lang='grc' dir='ltr'>τε</span> <span class='ocrx_word' id='word_1_73' title='bbox 794 1188 854 1270; x_wconf 79' lang='grc' dir='ltr'>ξίρη</span> 
     </span>
     <span class='ocr_line' id='line_1_11' title="bbox 25 1265 855 1353; baseline 0.004 -19"><span class='ocrx_word' id='word_1_74' title='bbox 25 1298 50 1336; x_wconf 91' lang='lat' dir='ltr'><strong>ro</strong></span> <span class='ocrx_word' id='word_1_75' title='bbox 78 1274 185 1339; x_wconf 81' lang='grc' dir='ltr'>πολλοῖς</span> <span class='ocrx_word' id='word_1_76' title='bbox 199 1274 323 1353; x_wconf 84' lang='grc' dir='ltr'>ἄχρηστα</span> <span class='ocrx_word' id='word_1_77' title='bbox 335 1265 368 1346; x_wconf 83' lang='grc' dir='ltr'>ήν</span> <span class='ocrx_word' id='word_1_78' title='bbox 380 1318 389 1348; x_wconf 92' lang='grc'>,</span> <span class='ocrx_word' id='word_1_79' title='bbox 402 1274 436 1333; x_wconf 76' lang='grc' dir='ltr'>τὰ</span> <span class='ocrx_word' id='word_1_80' title='bbox 451 1273 499 1350; x_wconf 83' lang='grc' dir='ltr'>μέν</span> <span class='ocrx_word' id='word_1_81' title='bbox 520 1273 731 1351; x_wconf 77' lang='grc' dir='ltr'>ἀπεστομωμένα</span> <span class='ocrx_word' id='word_1_82' title='bbox 745 1277 792 1345; x_wconf 77' lang='grc' dir='ltr'>τὰς</span> <span class='ocrx_word' id='word_1_83' title='bbox 808 1280 855 1337; x_wconf 76' lang='grc' dir='ltr'>ἀκ-</span> 
     </span>
     <span class='ocr_line' id='line_1_12' title="bbox 79 1358 854 1447; baseline 0.01 -29"><span class='ocrx_word' id='word_1_84' title='bbox 79 1358 146 1435; x_wconf 86' lang='grc' dir='ltr'>μάς,</span> <span class='ocrx_word' id='word_1_85' title='bbox 162 1360 195 1420; x_wconf 75' lang='grc' dir='ltr'>τά</span> <span class='ocrx_word' id='word_1_86' title='bbox 210 1362 236 1421; x_wconf 87' lang='grc' dir='ltr'>δὲ</span> <span class='ocrx_word' id='word_1_87' title='bbox 252 1363 420 1441; x_wconf 80' lang='grc' dir='ltr'>κατεαγότα,</span> <span class='ocrx_word' id='word_1_88' title='bbox 440 1363 487 1423; x_wconf 81' lang='grc' dir='ltr'>καί</span> <span class='ocrx_word' id='word_1_89' title='bbox 507 1366 560 1423; x_wconf 84' lang='grc' dir='ltr'>τῶν</span> <span class='ocrx_word' id='word_1_90' title='bbox 582 1362 700 1423; x_wconf 74' lang='grc' dir='ltr'>ἀσπίδων</span> <span class='ocrx_word' id='word_1_91' title='bbox 725 1363 759 1423; x_wconf 86' lang='grc' dir='ltr'>τδι</span> <span class='ocrx_word' id='word_1_92' title='bbox 780 1366 854 1447; x_wconf 80' lang='grc' dir='ltr'>πέριξ</span> 
     </span>
     <span class='ocr_line' id='line_1_13' title="bbox 76 1447 854 1531; baseline 0.013 -26"><span class='ocrx_word' id='word_1_93' title='bbox 76 1447 144 1516; x_wconf 79' lang='grc' dir='ltr'>ἴτυος</span> <span class='ocrx_word' id='word_1_94' title='bbox 160 1448 273 1529; x_wconf 78' lang='grc' dir='ltr'>ἐχόμενα</span> <span class='ocrx_word' id='word_1_95' title='bbox 289 1449 477 1530; x_wconf 81' lang='grc' dir='ltr'>διετέθρυπτο,</span> <span class='ocrx_word' id='word_1_96' title='bbox 493 1450 597 1531; x_wconf 74' lang='grc' dir='ltr'>ἔξαιμοί</span> <span class='ocrx_word' id='word_1_97' title='bbox 613 1476 640 1512; x_wconf 91' lang='grc' dir='ltr'>τε</span> <span class='ocrx_word' id='word_1_98' title='bbox 651 1456 674 1511; x_wconf 85' lang='lat' dir='ltr'><strong>oi</strong></span> <span class='ocrx_word' id='word_1_99' title='bbox 689 1453 794 1521; x_wconf 91' lang='grc' dir='ltr'>πλείους</span> <span class='ocrx_word' id='word_1_100' title='bbox 809 1455 854 1515; x_wconf 88' lang='grc' dir='ltr'>καί</span> 
     </span>
     <span class='ocr_line' id='line_1_14' title="bbox 75 1539 848 1623; baseline 0.008 -29"><span class='ocrx_word' id='word_1_101' title='bbox 75 1539 228 1604; x_wconf 78' lang='grc' dir='ltr'>καταόελεῖς</span> <span class='ocrx_word' id='word_1_102' title='bbox 242 1539 289 1597; x_wconf 83' lang='grc' dir='ltr'>καὶ</span> <span class='ocrx_word' id='word_1_103' title='bbox 301 1540 449 1617; x_wconf 81' lang='grc' dir='ltr'>παράλυτοι</span> <span class='ocrx_word' id='word_1_104' title='bbox 463 1541 497 1598; x_wconf 81' lang='grc' dir='ltr'>τδ</span> <span class='ocrx_word' id='word_1_105' title='bbox 513 1541 580 1617; x_wconf 87' lang='grc' dir='ltr'>μέλη</span> <span class='ocrx_word' id='word_1_106' title='bbox 597 1540 641 1599; x_wconf 85' lang='grc' dir='ltr'>διθι</span> <span class='ocrx_word' id='word_1_107' title='bbox 655 1544 755 1613; x_wconf 78' lang='grc' dir='ltr'>πλῆθος</span> <span class='ocrx_word' id='word_1_108' title='bbox 768 1567 848 1623; x_wconf 92' lang='grc' dir='ltr'>τραυ-</span> 
     </span>
     <span class='ocr_line' id='line_1_15' title="bbox 76 1619 852 1712; baseline 0.01 -28"><span class='ocrx_word' id='word_1_109' title='bbox 76 1628 166 1703; x_wconf 82' lang='grc' dir='ltr'>μάτων</span> <span class='ocrx_word' id='word_1_110' title='bbox 187 1619 275 1702; x_wconf 75' lang='grc' dir='ltr'>ήσαν,</span> <span class='ocrx_word' id='word_1_111' title='bbox 298 1628 543 1709; x_wconf 84' lang='grc' dir='ltr'>καταρρονήσαντες</span> <span class='ocrx_word' id='word_1_112' title='bbox 564 1632 651 1690; x_wconf 82' lang='grc' dir='ltr'>αὐτῶν</span> <span class='ocrx_word' id='word_1_113' title='bbox 673 1634 697 1690; x_wconf 87' lang='grc' dir='ltr'>οί</span> <span class='ocrx_word' id='word_1_114' title='bbox 720 1633 852 1712; x_wconf 81' lang='grc' dir='ltr'>Τυρρηνοί</span> 
     </span>
     <span class='ocr_line' id='line_1_16' title="bbox 22 1717 851 1800; baseline 0.013 -29"><span class='ocrx_word' id='word_1_115' title='bbox 22 1731 47 1771; x_wconf 75' lang='lat'>15</span> <span class='ocrx_word' id='word_1_116' title='bbox 74 1722 204 1795; x_wconf 73' lang='grc' dir='ltr'>χωροῦσιν</span> <span class='ocrx_word' id='word_1_117' title='bbox 219 1718 309 1793; x_wconf 83' lang='grc' dir='ltr'>δμόσε·</span> <span class='ocrx_word' id='word_1_118' title='bbox 325 1717 371 1775; x_wconf 79' lang='grc' dir='ltr'>καί</span> <span class='ocrx_word' id='word_1_119' title='bbox 385 1719 409 1776; x_wconf 88' lang='grc' dir='ltr'>οί</span> <span class='ocrx_word' id='word_1_120' title='bbox 422 1717 552 1794; x_wconf 87' lang='grc' dir='ltr'>Ῥωμαῖοι</span> <span class='ocrx_word' id='word_1_121' title='bbox 562 1718 782 1800; x_wconf 87' lang='grc' dir='ltr'>προσπίπτοντες,</span> <span class='ocrx_word' id='word_1_122' title='bbox 796 1720 851 1782; x_wconf 83' lang='grc' dir='ltr'>ὥσ·</span> 
     </span>
     <span class='ocr_line' id='line_1_17' title="bbox 74 1805 847 1887; baseline 0.008 -26"><span class='ocrx_word' id='word_1_123' title='bbox 74 1827 125 1883; x_wconf 90' lang='grc' dir='ltr'>περ</span> <span class='ocrx_word' id='word_1_124' title='bbox 138 1805 233 1880; x_wconf 85' lang='grc' dir='ltr'>θηρία,</span> <span class='ocrx_word' id='word_1_125' title='bbox 250 1806 348 1878; x_wconf 59' lang='lat' dir='ltr'><strong>lopati</strong></span> <span class='ocrx_word' id='word_1_126' title='bbox 363 1829 390 1864; x_wconf 88' lang='grc' dir='ltr'>τε</span> <span class='ocrx_word' id='word_1_127' title='bbox 407 1807 492 1866; x_wconf 80' lang='grc' dir='ltr'>αὐτῶν</span> <span class='ocrx_word' id='word_1_128' title='bbox 510 1806 751 1887; x_wconf 77' lang='grc' dir='ltr'>ἐπιλαμθανόμενοι</span> <span class='ocrx_word' id='word_1_129' title='bbox 767 1809 847 1867; x_wconf 89' lang='grc' dir='ltr'>κατέ-</span> 
     </span>
     <span class='ocr_line' id='line_1_18' title="bbox 73 1891 850 1972; baseline 0.008 -22"><span class='ocrx_word' id='word_1_130' title='bbox 73 1894 144 1950; x_wconf 93' lang='grc' dir='ltr'>κλων</span> <span class='ocrx_word' id='word_1_131' title='bbox 158 1891 204 1950; x_wconf 84' lang='grc' dir='ltr'>καὶ</span> <span class='ocrx_word' id='word_1_132' title='bbox 219 1891 278 1972; x_wconf 80' lang='grc' dir='ltr'>ξίρη</span> <span class='ocrx_word' id='word_1_133' title='bbox 294 1892 464 1971; x_wconf 85' lang='grc' dir='ltr'>δραττόμενοι</span> <span class='ocrx_word' id='word_1_134' title='bbox 475 1895 544 1953; x_wconf 80' lang='grc' dir='ltr'>κατὰ</span> <span class='ocrx_word' id='word_1_135' title='bbox 559 1894 606 1963; x_wconf 88' lang='grc' dir='ltr'>τδις</span> <span class='ocrx_word' id='word_1_136' title='bbox 619 1897 706 1972; x_wconf 82' lang='grc' dir='ltr'>άκμδις</span> <span class='ocrx_word' id='word_1_137' title='bbox 723 1895 850 1956; x_wconf 78' lang='grc' dir='ltr'>ἀπέσπων</span> 
     </span>
     <span class='ocr_line' id='line_1_19' title="bbox 74 1981 852 2067; baseline 0.008 -29"><span class='ocrx_word' id='word_1_138' title='bbox 74 1981 120 2038; x_wconf 85' lang='grc' dir='ltr'>καί</span> <span class='ocrx_word' id='word_1_139' title='bbox 135 1983 328 2060; x_wconf 80' lang='grc' dir='ltr'>περικυλίοντες</span> <span class='ocrx_word' id='word_1_140' title='bbox 347 1984 383 2049; x_wconf 82' lang='grc' dir='ltr'>είς</span> <span class='ocrx_word' id='word_1_141' title='bbox 400 1981 448 2057; x_wconf 76' lang='grc' dir='ltr'>τὴν</span> <span class='ocrx_word' id='word_1_142' title='bbox 470 1986 520 2061; x_wconf 85' lang='grc' dir='ltr'>γῆν</span> <span class='ocrx_word' id='word_1_143' title='bbox 542 1983 576 2045; x_wconf 71' lang='grc' dir='ltr'>τά</span> <span class='ocrx_word' id='word_1_144' title='bbox 601 1984 713 2063; x_wconf 85' lang='grc' dir='ltr'>σώματα</span> <span class='ocrx_word' id='word_1_145' title='bbox 737 1985 852 2067; x_wconf 80' lang='grc' dir='ltr'>συνερύ-</span> 
     </span>
     <span class='ocr_line' id='line_1_20' title="bbox 79 2066 854 2149; baseline 0.013 -25"><span class='ocrx_word' id='word_1_146' title='bbox 79 2089 164 2143; x_wconf 92' lang='grc' dir='ltr'>ρυντο,</span> <span class='ocrx_word' id='word_1_147' title='bbox 188 2069 263 2147; x_wconf 80' lang='grc' dir='ltr'>θυμῷ</span> <span class='ocrx_word' id='word_1_148' title='bbox 292 2067 322 2126; x_wconf 82' lang='grc' dir='ltr'>τὸ</span> <span class='ocrx_word' id='word_1_149' title='bbox 346 2069 436 2125; x_wconf 86' lang='grc' dir='ltr'>πλεῖον</span> <span class='ocrx_word' id='word_1_150' title='bbox 458 2066 476 2141; x_wconf 76' lang='grc' dir='ltr'>ἢ</span> <span class='ocrx_word' id='word_1_151' title='bbox 499 2070 608 2145; x_wconf 87' lang='grc' dir='ltr'>δυνάμει</span> <span class='ocrx_word' id='word_1_152' title='bbox 631 2070 854 2149; x_wconf 81' lang='grc' dir='ltr'>διαγωνιζόμενοι.</span> 
     </span>
     <span class='ocr_line' id='line_1_21' title="bbox 22 2154 855 2239; baseline 0.008 -28"><span class='ocrx_word' id='word_1_153' title='bbox 22 2175 50 2213; x_wconf 84' lang='lat' dir='ltr'>ao</span> <span class='ocrx_word' id='word_1_154' title='bbox 76 2154 166 2217; x_wconf 84' lang='grc' dir='ltr'>Ὥστε</span> <span class='ocrx_word' id='word_1_155' title='bbox 180 2154 267 2215; x_wconf 80' lang='grc' dir='ltr'>οὐκέτι</span> <span class='ocrx_word' id='word_1_156' title='bbox 284 2154 415 2234; x_wconf 83' lang='grc' dir='ltr'>συνήισαν</span> <span class='ocrx_word' id='word_1_157' title='bbox 430 2158 519 2225; x_wconf 77' lang='grc' dir='ltr'>αὐτοῖς</span> <span class='ocrx_word' id='word_1_158' title='bbox 533 2159 569 2226; x_wconf 88' lang='grc' dir='ltr'>είς</span> <span class='ocrx_word' id='word_1_159' title='bbox 585 2166 676 2239; x_wconf 89' lang='grc' dir='ltr'>χεῖρας</span> <span class='ocrx_word' id='word_1_160' title='bbox 687 2161 710 2218; x_wconf 89' lang='grc' dir='ltr'>οί</span> <span class='ocrx_word' id='word_1_161' title='bbox 724 2160 855 2236; x_wconf 87' lang='grc' dir='ltr'>πολέμιοι,</span> 
     </span>
     <span class='ocr_line' id='line_1_22' title="bbox 76 2243 856 2328; baseline 0.006 -25"><span class='ocrx_word' id='word_1_162' title='bbox 76 2245 107 2304; x_wconf 89' lang='grc' dir='ltr'>τθ</span> <span class='ocrx_word' id='word_1_163' title='bbox 120 2269 148 2303; x_wconf 88' lang='grc' dir='ltr'>τε</span> <span class='ocrx_word' id='word_1_164' title='bbox 167 2243 321 2324; x_wconf 83' lang='grc' dir='ltr'>καρτερικὸν</span> <span class='ocrx_word' id='word_1_165' title='bbox 336 2244 545 2322; x_wconf 79' lang='grc' dir='ltr'>ἐκπληττόμενοι</span> <span class='ocrx_word' id='word_1_166' title='bbox 560 2249 612 2304; x_wconf 87' lang='grc' dir='ltr'>τῶν</span> <span class='ocrx_word' id='word_1_167' title='bbox 628 2249 727 2328; x_wconf 78' lang='grc' dir='ltr'>ἀνδρῶν</span> <span class='ocrx_word' id='word_1_168' title='bbox 747 2248 793 2307; x_wconf 78' lang='grc' dir='ltr'>καί</span> <span class='ocrx_word' id='word_1_169' title='bbox 808 2249 856 2319; x_wconf 77' lang='grc' dir='ltr'>τήν</span> 
     </span>
     <span class='ocr_line' id='line_1_23' title="bbox 77 2329 856 2412; baseline 0.012 -25"><span class='ocrx_word' id='word_1_170' title='bbox 77 2329 218 2406; x_wconf 77' lang='grc' dir='ltr'>ἀπόνοιαν,</span> <span class='ocrx_word' id='word_1_171' title='bbox 244 2331 276 2404; x_wconf 81' lang='grc' dir='ltr'>ἣν</span> <span class='ocrx_word' id='word_1_172' title='bbox 300 2333 513 2411; x_wconf 70' lang='grc' dir='ltr'>προσειλήφεσαν</span> <span class='ocrx_word' id='word_1_173' title='bbox 539 2333 610 2394; x_wconf 79' lang='grc' dir='ltr'>κατθ</span> <span class='ocrx_word' id='word_1_174' title='bbox 635 2333 682 2405; x_wconf 74' lang='grc' dir='ltr'>τήν</span> <span class='ocrx_word' id='word_1_175' title='bbox 706 2336 856 2412; x_wconf 74' lang='grc' dir='ltr'>ἀπόγνωσιν</span> 
     </span>
     <span class='ocr_line' id='line_1_24' title="bbox 75 2415 856 2491; baseline 0.013 -15"><span class='ocrx_word' id='word_1_176' title='bbox 75 2425 121 2477; x_wconf 82' lang='grc' dir='ltr'>τοῦ</span> <span class='ocrx_word' id='word_1_177' title='bbox 141 2423 188 2491; x_wconf 77' lang='grc' dir='ltr'>ζῆν</span> <span class='ocrx_word' id='word_1_178' title='bbox 219 2420 349 2488; x_wconf 82' lang='grc' dir='ltr'>δεδιότες·</span> <span class='ocrx_word' id='word_1_179' title='bbox 378 2422 436 2479; x_wconf 74' lang='grc' dir='ltr'>ἀλλ’</span> <span class='ocrx_word' id='word_1_180' title='bbox 460 2422 620 2489; x_wconf 77' lang='grc' dir='ltr'>ἀποστάντες</span> <span class='ocrx_word' id='word_1_181' title='bbox 643 2415 715 2491; x_wconf 73' lang='grc' dir='ltr'>αὖθις</span> <span class='ocrx_word' id='word_1_182' title='bbox 744 2425 856 2486; x_wconf 80' lang='grc' dir='ltr'>ίόαλλον</span> 
     </span>
     <span class='ocr_line' id='line_1_25' title="bbox 77 2505 854 2594; baseline 0.015 -31"><span class='ocrx_word' id='word_1_183' title='bbox 77 2506 167 2586; x_wconf 83' lang='grc' dir='ltr'>ἀθρόοι</span> <span class='ocrx_word' id='word_1_184' title='bbox 180 2507 225 2565; x_wconf 82' lang='grc' dir='ltr'>καὶ</span> <span class='ocrx_word' id='word_1_185' title='bbox 244 2505 330 2573; x_wconf 77' lang='grc' dir='ltr'>ξύλοις</span> <span class='ocrx_word' id='word_1_186' title='bbox 344 2509 390 2566; x_wconf 80' lang='grc' dir='ltr'>καὶ</span> <span class='ocrx_word' id='word_1_187' title='bbox 406 2509 486 2575; x_wconf 88' lang='grc' dir='ltr'>λίθοις</span> <span class='ocrx_word' id='word_1_188' title='bbox 502 2511 548 2568; x_wconf 81' lang='grc' dir='ltr'>καὶ</span> <span class='ocrx_word' id='word_1_189' title='bbox 557 2509 611 2589; x_wconf 84' lang='grc' dir='ltr'>ότῳ</span> <span class='ocrx_word' id='word_1_190' title='bbox 625 2513 699 2594; x_wconf 81' lang='grc' dir='ltr'>ἄλλῳ</span> <span class='ocrx_word' id='word_1_191' title='bbox 713 2515 854 2594; x_wconf 72' lang='grc' dir='ltr'>ἐντύχοιεν.</span> 
     </span>
     <span class='ocr_line' id='line_1_26' title="bbox 17 2599 852 2679; baseline 0.005 -22"><span class='ocrx_word' id='word_1_192' title='bbox 17 2621 44 2658; x_wconf 79' lang='lat' dir='ltr'>as</span> <span class='ocrx_word' id='word_1_193' title='bbox 73 2600 129 2664; x_wconf 75' lang='grc' dir='ltr'>Καὶ</span> <span class='ocrx_word' id='word_1_194' title='bbox 147 2603 318 2667; x_wconf 85' lang='grc' dir='ltr'>τελευτῶντες</span> <span class='ocrx_word' id='word_1_195' title='bbox 331 2600 520 2679; x_wconf 78' lang='grc' dir='ltr'>ἐγκατέχωσαν</span> <span class='ocrx_word' id='word_1_196' title='bbox 534 2601 626 2669; x_wconf 84' lang='grc' dir='ltr'>αύτοθς</span> <span class='ocrx_word' id='word_1_197' title='bbox 640 2606 679 2679; x_wconf 80' lang='grc' dir='ltr'>τῷ</span> <span class='ocrx_word' id='word_1_198' title='bbox 691 2599 786 2674; x_wconf 89' lang='grc' dir='ltr'>πλήθει</span> <span class='ocrx_word' id='word_1_199' title='bbox 799 2607 852 2662; x_wconf 83' lang='grc' dir='ltr'>τῶν</span> 
     </span>
     <span class='ocr_line' id='line_1_27' title="bbox 74 2688 852 2771; baseline 0.005 -24"><span class='ocrx_word' id='word_1_200' title='bbox 74 2692 171 2768; x_wconf 85' lang='grc' dir='ltr'>βελῶν.</span> <span class='ocrx_word' id='word_1_201' title='bbox 214 2688 418 2768; x_wconf 75' lang='grc' dir='ltr'>Διαρθείραντες</span> <span class='ocrx_word' id='word_1_202' title='bbox 433 2690 460 2748; x_wconf 84' lang='grc' dir='ltr'>δέ</span> <span class='ocrx_word' id='word_1_203' title='bbox 475 2689 534 2756; x_wconf 88' lang='grc' dir='ltr'>τοθς</span> <span class='ocrx_word' id='word_1_204' title='bbox 553 2690 648 2771; x_wconf 76' lang='grc' dir='ltr'>ἄνδρας</span> <span class='ocrx_word' id='word_1_205' title='bbox 668 2690 738 2749; x_wconf 86' lang='grc' dir='ltr'>ίθεον</span> <span class='ocrx_word' id='word_1_206' title='bbox 760 2691 805 2750; x_wconf 76' lang='lat' dir='ltr'><strong>inti</strong></span> <span class='ocrx_word' id='word_1_207' title='bbox 820 2691 852 2751; x_wconf 84' lang='grc' dir='ltr'>τὸ</span> 
     </span>
     <span class='ocr_line' id='line_1_28' title="bbox 73 2776 850 2860; baseline 0.006 -25"><span class='ocrx_word' id='word_1_208' title='bbox 73 2776 211 2858; x_wconf 78' lang='grc' dir='ltr'>φρούριον,</span> <span class='ocrx_word' id='word_1_209' title='bbox 230 2777 332 2858; x_wconf 83' lang='grc' dir='ltr'>ἔχοντες</span> <span class='ocrx_word' id='word_1_210' title='bbox 347 2777 393 2845; x_wconf 77' lang='grc' dir='ltr'>τὰς</span> <span class='ocrx_word' id='word_1_211' title='bbox 415 2781 468 2837; x_wconf 82' lang='grc' dir='ltr'>τῶν</span> <span class='ocrx_word' id='word_1_212' title='bbox 482 2778 698 2860; x_wconf 85' lang='grc' dir='ltr'>έπιρανεστάτων</span> <span class='ocrx_word' id='word_1_213' title='bbox 712 2781 850 2859; x_wconf 81' lang='grc' dir='ltr'>κεφαλάς,</span> 
     </span>
     <span class='ocr_line' id='line_1_29' title="bbox 72 2866 852 2948; baseline 0.003 -24"><span class='ocrx_word' id='word_1_214' title='bbox 72 2871 107 2933; x_wconf 83' lang='grc' dir='ltr'>ὡς</span> <span class='ocrx_word' id='word_1_215' title='bbox 127 2867 153 2935; x_wconf 81' lang='grc' dir='ltr'>ἐξ</span> <span class='ocrx_word' id='word_1_216' title='bbox 175 2866 268 2948; x_wconf 82' lang='grc' dir='ltr'>ε”ρόδον</span> <span class='ocrx_word' id='word_1_217' title='bbox 289 2866 349 2932; x_wconf 80' lang='grc' dir='ltr'>τοὺς</span> <span class='ocrx_word' id='word_1_218' title='bbox 373 2868 428 2925; x_wconf 73' lang='lat' dir='ltr'><strong>ixei</strong></span> <span class='ocrx_word' id='word_1_219' title='bbox 449 2866 679 2948; x_wconf 80' lang='grc' dir='ltr'>παραληψόμενοι.</span> <span class='ocrx_word' id='word_1_220' title='bbox 730 2869 772 2927; x_wconf 87' lang='grc' dir='ltr'>οθ</span> <span class='ocrx_word' id='word_1_221' title='bbox 797 2869 852 2945; x_wconf 81' lang='grc' dir='ltr'>μὴν</span> 
     </span>
     <span class='ocr_line' id='line_1_30' title="bbox 72 2952 850 3036; baseline 0.001 -23"><span class='ocrx_word' id='word_1_222' title='bbox 72 2956 192 3036; x_wconf 75' lang='grc' dir='ltr'>ἐχώρησέ</span> <span class='ocrx_word' id='word_1_223' title='bbox 216 2977 246 3032; x_wconf 92' lang='grc' dir='ltr'>γε</span> <span class='ocrx_word' id='word_1_224' title='bbox 262 2955 349 3021; x_wconf 83' lang='grc' dir='ltr'>αὐτοῖς</span> <span class='ocrx_word' id='word_1_225' title='bbox 369 2953 437 3014; x_wconf 82' lang='grc' dir='ltr'>κατδ</span> <span class='ocrx_word' id='word_1_226' title='bbox 452 2952 500 3027; x_wconf 75' lang='grc' dir='ltr'>τήν</span> <span class='ocrx_word' id='word_1_227' title='bbox 517 2955 613 3013; x_wconf 82' lang='grc' dir='ltr'>ίλπίδα</span> <span class='ocrx_word' id='word_1_228' title='bbox 633 2955 665 3013; x_wconf 85' lang='grc' dir='ltr'>πθ</span> <span class='ocrx_word' id='word_1_229' title='bbox 685 2957 771 3035; x_wconf 87' lang='grc' dir='ltr'>έργον.</span> <span class='ocrx_word' id='word_1_230' title='bbox 814 2959 850 3017; x_wconf 80' lang='lat' dir='ltr'><strong>Oi</strong></span> 
     </span>
     <span class='ocr_line' id='line_1_31' title="bbox 18 3043 851 3124; baseline 0.002 -23"><span class='ocrx_word' id='word_1_231' title='bbox 18 3070 45 3110; x_wconf 68' lang='grc' dir='ltr'>το</span> <span class='ocrx_word' id='word_1_232' title='bbox 71 3051 122 3124; x_wconf 85' lang='grc' dir='ltr'>γὰρ</span> <span class='ocrx_word' id='word_1_233' title='bbox 138 3043 356 3124; x_wconf 82' lang='grc' dir='ltr'>καταλειρθέντες</span> <span class='ocrx_word' id='word_1_234' title='bbox 376 3045 403 3101; x_wconf 80' lang='grc' dir='ltr'>έν</span> <span class='ocrx_word' id='word_1_235' title='bbox 419 3044 508 3123; x_wconf 80' lang='grc' dir='ltr'>αύτῷ,</span> <span class='ocrx_word' id='word_1_236' title='bbox 528 3045 693 3112; x_wconf 81' lang='grc' dir='ltr'>ζηλώσαντες</span> <span class='ocrx_word' id='word_1_237' title='bbox 707 3043 737 3102; x_wconf 87' lang='grc' dir='ltr'>τδ</span> <span class='ocrx_word' id='word_1_238' title='bbox 751 3045 851 3120; x_wconf 82' lang='grc' dir='ltr'>εὐγενές</span> 
     </span>
     <span class='ocr_line' id='line_1_32' title="bbox 70 3131 850 3211; baseline 0.001 -20"><span class='ocrx_word' id='word_1_239' title='bbox 70 3139 116 3192; x_wconf 82' lang='grc' dir='ltr'>τοῦ</span> <span class='ocrx_word' id='word_1_240' title='bbox 131 3133 243 3191; x_wconf 84' lang='grc' dir='ltr'>θανάτου</span> <span class='ocrx_word' id='word_1_241' title='bbox 253 3137 305 3191; x_wconf 87' lang='grc' dir='ltr'>τῶν</span> <span class='ocrx_word' id='word_1_242' title='bbox 318 3157 348 3192; x_wconf 90' lang='grc' dir='ltr'>τε</span> <span class='ocrx_word' id='word_1_243' title='bbox 365 3131 476 3211; x_wconf 83' lang='grc' dir='ltr'>ἑταίρων</span> <span class='ocrx_word' id='word_1_244' title='bbox 489 3131 536 3192; x_wconf 88' lang='grc' dir='ltr'>καλ</span> <span class='ocrx_word' id='word_1_245' title='bbox 549 3136 601 3190; x_wconf 88' lang='grc' dir='ltr'>τῶν</span> <span class='ocrx_word' id='word_1_246' title='bbox 612 3136 759 3210; x_wconf 82' lang='grc' dir='ltr'>συγγενῶν,</span> <span class='ocrx_word' id='word_1_247' title='bbox 774 3133 850 3206; x_wconf 82' lang='grc' dir='ltr'>έξῆλ-</span> 
     </span>
     <span class='ocr_line' id='line_1_33' title="bbox 72 3219 849 3301; baseline 0 -20"><span class='ocrx_word' id='word_1_248' title='bbox 72 3228 114 3281; x_wconf 92' lang='grc' dir='ltr'>θον</span> <span class='ocrx_word' id='word_1_249' title='bbox 130 3222 214 3301; x_wconf 78' lang='grc' dir='ltr'>ὀλίγοι</span> <span class='ocrx_word' id='word_1_250' title='bbox 230 3223 398 3281; x_wconf 87' lang='grc' dir='ltr'>παντάπασιν</span> <span class='ocrx_word' id='word_1_251' title='bbox 414 3219 501 3296; x_wconf 82' lang='grc' dir='ltr'>ὄντες,</span> <span class='ocrx_word' id='word_1_252' title='bbox 523 3221 569 3281; x_wconf 81' lang='grc' dir='ltr'>καί</span> <span class='ocrx_word' id='word_1_253' title='bbox 583 3220 664 3281; x_wconf 86' lang='grc' dir='ltr'>πολθν</span> <span class='ocrx_word' id='word_1_254' title='bbox 682 3223 849 3301; x_wconf 63' lang='grc' dir='ltr'>δγωνισάμν</span> 
     </span>
     <span class='ocr_line' id='line_1_34' title="bbox 70 3308 848 3390; baseline 0.001 -22"><span class='ocrx_word' id='word_1_255' title='bbox 70 3334 109 3369; x_wconf 91' lang='grc' dir='ltr'>νοι</span> <span class='ocrx_word' id='word_1_256' title='bbox 124 3313 216 3390; x_wconf 89' lang='grc' dir='ltr'>χρόνον</span> <span class='ocrx_word' id='word_1_257' title='bbox 233 3311 277 3368; x_wconf 87' lang='grc' dir='ltr'>τδν</span> <span class='ocrx_word' id='word_1_258' title='bbox 293 3310 371 3369; x_wconf 83' lang='grc' dir='ltr'>αδτθν</span> <span class='ocrx_word' id='word_1_259' title='bbox 388 3308 484 3389; x_wconf 89' lang='grc' dir='ltr'>τρόπον</span> <span class='ocrx_word' id='word_1_260' title='bbox 498 3310 595 3387; x_wconf 83' lang='grc' dir='ltr'>ἑτέροις</span> <span class='ocrx_word' id='word_1_261' title='bbox 614 3309 727 3378; x_wconf 79' lang='grc' dir='ltr'>ἅπαντας</span> <span class='ocrx_word' id='word_1_262' title='bbox 741 3312 848 3390; x_wconf 79' lang='grc' dir='ltr'>διερθοί·</span> 
     </span>
     <span class='ocr_line' id='line_1_35' title="bbox 72 3396 847 3480; baseline 0.005 -23"><span class='ocrx_word' id='word_1_263' title='bbox 72 3422 170 3478; x_wconf 90' lang='grc' dir='ltr'>ρησαν·</span> <span class='ocrx_word' id='word_1_264' title='bbox 191 3398 221 3458; x_wconf 83' lang='grc' dir='ltr'>εδ</span> <span class='ocrx_word' id='word_1_265' title='bbox 239 3398 267 3457; x_wconf 84' lang='grc' dir='ltr'>δδ</span> <span class='ocrx_word' id='word_1_266' title='bbox 281 3398 377 3477; x_wconf 90' lang='grc' dir='ltr'>χωρίον</span> <span class='ocrx_word' id='word_1_267' title='bbox 391 3396 491 3478; x_wconf 80' lang='grc' dir='ltr'>ἔρημον</span> <span class='ocrx_word' id='word_1_268' title='bbox 504 3401 528 3457; x_wconf 85' lang='lat' dir='ltr'><strong>oi</strong></span> <span class='ocrx_word' id='word_1_269' title='bbox 544 3400 675 3479; x_wconf 82' lang='grc' dir='ltr'>Τυρρηνοί</span> <span class='ocrx_word' id='word_1_270' title='bbox 687 3400 847 3480; x_wconf 76' lang='grc' dir='ltr'>παρίλαόον.</span> 
     </span>
    </p>
   </div>
   <div class='ocr_carea' id='block_1_3' title="bbox 16 3476 1681 4095">
    <p class='ocr_par' dir='ltr' id='par_1_3' title="bbox 17 3476 849 3570">
     <span class='ocr_line' id='line_1_36' title="bbox 17 3476 849 3570; baseline 0.002 -22"><span class='ocrx_word' id='word_1_271' title='bbox 17 3509 43 3548; x_wconf 77' lang='lat' dir='ltr'>aa</span> <span class='ocrx_word' id='word_1_272' title='bbox 71 3484 150 3562; x_wconf 85' lang='grc' dir='ltr'>Ἐμοὶ</span> <span class='ocrx_word' id='word_1_273' title='bbox 176 3485 223 3563; x_wconf 81' lang='grc' dir='ltr'>μέν</span> <span class='ocrx_word' id='word_1_274' title='bbox 257 3486 289 3556; x_wconf 85' lang='grc' dir='ltr'>δὴ</span> <span class='ocrx_word' id='word_1_275' title='bbox 313 3489 327 3545; x_wconf 85' lang='grc' dir='ltr'>ό</span> <span class='ocrx_word' id='word_1_276' title='bbox 350 3483 426 3563; x_wconf 82' lang='grc' dir='ltr'>λόγος</span> <span class='ocrx_word' id='word_1_277' title='bbox 451 3476 525 3553; x_wconf 68' lang='grc' dir='ltr'>οὗτος</span> <span class='ocrx_word' id='word_1_278' title='bbox 551 3487 703 3566; x_wconf 90' lang='grc' dir='ltr'>πιστότερος</span> <span class='ocrx_word' id='word_1_279' title='bbox 729 3489 849 3570; x_wconf 82' lang='grc' dir='ltr'>ίραίνετο</span> 
     </span>
    </p>

    <p class='ocr_par' dir='ltr' id='par_1_4' title="bbox 71 3571 849 3742">
     <span class='ocr_line' id='line_1_37' title="bbox 71 3571 849 3658; baseline 0.009 -28"><span class='ocrx_word' id='word_1_280' title='bbox 71 3571 137 3631; x_wconf 75' lang='grc' dir='ltr'>πολὺ</span> <span class='ocrx_word' id='word_1_281' title='bbox 152 3577 196 3631; x_wconf 75' lang='grc' dir='ltr'>τοῦ</span> <span class='ocrx_word' id='word_1_282' title='bbox 217 3571 356 3654; x_wconf 89' lang='grc' dir='ltr'>προτέρου.</span> <span class='ocrx_word' id='word_1_283' title='bbox 409 3572 543 3653; x_wconf 81' lang='grc' dir='ltr'>Φέρονται</span> <span class='ocrx_word' id='word_1_284' title='bbox 561 3576 583 3633; x_wconf 84' lang='grc' dir='ltr'>δ’</span> <span class='ocrx_word' id='word_1_285' title='bbox 608 3578 635 3634; x_wconf 77' lang='grc' dir='ltr'>ἓν</span> <span class='ocrx_word' id='word_1_286' title='bbox 650 3579 764 3658; x_wconf 79' lang='grc' dir='ltr'>γραφαῖς</span> <span class='ocrx_word' id='word_1_287' title='bbox 780 3575 849 3637; x_wconf 87' lang='grc' dir='ltr'>Ῥω-</span> 
     </span>
     <span class='ocr_line' id='line_1_38' title="bbox 72 3660 489 3742; baseline 0.014 -26"><span class='ocrx_word' id='word_1_288' title='bbox 72 3663 157 3737; x_wconf 86' lang='grc' dir='ltr'>μαίων</span> <span class='ocrx_word' id='word_1_289' title='bbox 172 3660 315 3738; x_wconf 78' lang='grc' dir='ltr'>ἀξιοχρέοις</span> <span class='ocrx_word' id='word_1_290' title='bbox 336 3662 489 3742; x_wconf 79' lang='grc' dir='ltr'>ἀμφότεροι.</span> 
     </span>
    </p>

    <p class='ocr_par' dir='ltr' id='par_1_5' title="bbox 112 3747 846 3828">
     <span class='ocr_line' id='line_1_39' title="bbox 112 3747 846 3828; baseline 0.003 -17"><span class='ocrx_word' id='word_1_291' title='bbox 112 3752 206 3811; x_wconf 77' lang='grc' dir='ltr'>ΧΧίί.</span> <span class='ocrx_word' id='word_1_292' title='bbox 230 3750 271 3809; x_wconf 76' lang='lat' dir='ltr'>&#39;lo</span> <span class='ocrx_word' id='word_1_293' title='bbox 295 3747 325 3808; x_wconf 86' lang='grc' dir='ltr'>δδ</span> <span class='ocrx_word' id='word_1_294' title='bbox 339 3750 535 3828; x_wconf 83' lang='grc' dir='ltr'>συναπτόμενον</span> <span class='ocrx_word' id='word_1_295' title='bbox 559 3750 659 3819; x_wconf 82' lang='grc' dir='ltr'>τούτοις</span> <span class='ocrx_word' id='word_1_296' title='bbox 683 3752 733 3813; x_wconf 84' lang='grc' dir='ltr'>ύπό</span> <span class='ocrx_word' id='word_1_297' title='bbox 752 3776 846 3827; x_wconf 91' lang='grc' dir='ltr'>τινων,</span> 
     </span>
    </p>

    <p class='ocr_par' dir='ltr' id='par_1_6' title="bbox 71 3837 847 3923">
     <span class='ocr_line' id='line_1_40' title="bbox 71 3837 847 3923; baseline 0.006 -26"><span class='ocrx_word' id='word_1_298' title='bbox 71 3839 128 3898; x_wconf 87' lang='grc' dir='ltr'>ούτε</span> <span class='ocrx_word' id='word_1_299' title='bbox 144 3839 237 3910; x_wconf 79' lang='grc' dir='ltr'>ἀληθές</span> <span class='ocrx_word' id='word_1_300' title='bbox 259 3837 288 3898; x_wconf 91' lang='grc' dir='ltr'>δν</span> <span class='ocrx_word' id='word_1_301' title='bbox 303 3837 361 3898; x_wconf 87' lang='grc' dir='ltr'>ούτε</span> <span class='ocrx_word' id='word_1_302' title='bbox 382 3842 505 3913; x_wconf 83' lang='grc' dir='ltr'>πιθανόν,</span> <span class='ocrx_word' id='word_1_303' title='bbox 528 3843 559 3900; x_wconf 89' lang='grc' dir='ltr'>έκ</span> <span class='ocrx_word' id='word_1_304' title='bbox 575 3839 797 3923; x_wconf 87' lang='grc' dir='ltr'>παρακούσματος</span> <span class='ocrx_word' id='word_1_305' title='bbox 819 3844 847 3902; x_wconf 87' lang='grc' dir='ltr'>δέ</span> 
     </span>
    </p>

    <p class='ocr_par' dir='ltr' id='par_1_7' title="bbox 16 3928 848 4012">
     <span class='ocr_line' id='line_1_41' title="bbox 16 3928 848 4012; baseline 0.006 -26"><span class='ocrx_word' id='word_1_306' title='bbox 16 3952 43 3992; x_wconf 75' lang='lat' dir='ltr'>ao</span> <span class='ocrx_word' id='word_1_307' title='bbox 69 3951 137 3994; x_wconf 88' lang='grc' dir='ltr'>τινος</span> <span class='ocrx_word' id='word_1_308' title='bbox 151 3928 337 4004; x_wconf 86' lang='grc' dir='ltr'>πεπλασμένον</span> <span class='ocrx_word' id='word_1_309' title='bbox 353 3928 405 3988; x_wconf 82' lang='grc' dir='ltr'>ὑπὸ</span> <span class='ocrx_word' id='word_1_310' title='bbox 419 3933 466 3988; x_wconf 81' lang='grc' dir='ltr'>τοῦ</span> <span class='ocrx_word' id='word_1_311' title='bbox 479 3929 609 4002; x_wconf 88' lang='grc' dir='ltr'>πλήθους,</span> <span class='ocrx_word' id='word_1_312' title='bbox 625 3929 694 3998; x_wconf 82' lang='grc' dir='ltr'>ἄξιον</span> <span class='ocrx_word' id='word_1_313' title='bbox 710 3931 747 4010; x_wconf 79' lang='grc' dir='ltr'>μὴ</span> <span class='ocrx_word' id='word_1_314' title='bbox 761 3955 848 4012; x_wconf 85' lang='grc' dir='ltr'>παρα·</span> 
     </span>
    </p>

    <p class='ocr_par' dir='ltr' id='par_1_8' title="bbox 71 4010 1681 4095">
     <span class='ocr_line' id='line_1_42' title="bbox 71 4010 1681 4095; baseline 0.004 -29"><span class='ocrx_word' id='word_1_315' title='bbox 71 4013 158 4068; x_wconf 80' lang='grc' dir='ltr'>λιπεῖν</span> <span class='ocrx_word' id='word_1_316' title='bbox 181 4010 362 4078; x_wconf 70' lang='grc' dir='ltr'>ἀνεξέταστον.</span> <span class='ocrx_word' id='word_1_317' title='bbox 408 4013 521 4092; x_wconf 84' lang='grc' dir='ltr'>Λέγουσι</span> <span class='ocrx_word' id='word_1_318' title='bbox 537 4015 588 4095; x_wconf 81' lang='grc' dir='ltr'>γὰρ</span> <span class='ocrx_word' id='word_1_319' title='bbox 606 4017 638 4088; x_wconf 86' lang='grc' dir='ltr'>δή</span> <span class='ocrx_word' id='word_1_320' title='bbox 660 4041 737 4091; x_wconf 88' lang='grc' dir='ltr'>τινες,</span> <span class='ocrx_word' id='word_1_321' title='bbox 755 4023 806 4078; x_wconf 82' lang='grc' dir='ltr'>τῶν</span> <span class='ocrx_word' id='word_1_322' title='bbox 826 4020 854 4091; x_wconf 82' lang='grc' dir='ltr'>ἓξ</span> <span class='ocrx_word' id='word_1_323' title='bbox 902 4024 951 4075; x_wconf 91' lang='lat' dir='ltr'><strong>hoc</strong></span> <span class='ocrx_word' id='word_1_324' title='bbox 968 4024 1108 4083; x_wconf 80' lang='lat' dir='ltr'><strong>discutere,</strong></span> <span class='ocrx_word' id='word_1_325' title='bbox 1122 4037 1168 4073; x_wconf 88' lang='lat' dir='ltr'>nec</span> <span class='ocrx_word' id='word_1_326' title='bbox 1180 4022 1281 4073; x_wconf 89' lang='lat' dir='ltr'><strong>silentio</strong></span> <span class='ocrx_word' id='word_1_327' title='bbox 1292 4023 1429 4087; x_wconf 85' lang='lat' dir='ltr'><strong>praeterire.</strong></span> <span class='ocrx_word' id='word_1_328' title='bbox 1472 4024 1594 4074; x_wconf 82' lang='lat' dir='ltr'>Nonnulli</span> <span class='ocrx_word' id='word_1_329' title='bbox 1612 4025 1681 4075; x_wconf 87' lang='lat' dir='ltr'><strong>euim</strong></span> 
     </span>
    </p>
   </div>
   <div class='ocr_carea' id='block_1_4' title="bbox 911 373 1693 767">
    <p class='ocr_par' dir='ltr' id='par_1_9' title="bbox 911 373 1693 767">
     <span class='ocr_line' id='line_1_43' title="bbox 1634 373 1693 435; baseline 0.051 -3"><span class='ocrx_word' id='word_1_330' title='bbox 1634 373 1693 435; x_wconf 78' lang='lat'>539</span> 
     </span>
     <span class='ocr_line' id='line_1_44' title="bbox 911 495 1693 567; baseline 0.029 -23"><span class='ocrx_word' id='word_1_331' title='bbox 911 495 978 558; x_wconf 89' lang='lat' dir='ltr'><strong>plius</strong></span> <span class='ocrx_word' id='word_1_332' title='bbox 990 500 1095 548; x_wconf 88' lang='lat' dir='ltr'><strong>stataria</strong></span> <span class='ocrx_word' id='word_1_333' title='bbox 1108 503 1134 548; x_wconf 90' lang='lat' dir='ltr'><strong>ct</strong></span> <span class='ocrx_word' id='word_1_334' title='bbox 1144 500 1258 550; x_wconf 88' lang='lat' dir='ltr'><strong>corninus</strong></span> <span class='ocrx_word' id='word_1_335' title='bbox 1269 508 1427 566; x_wconf 72' lang='lat' dir='ltr'><strong>pugnantes,</strong></span> <span class='ocrx_word' id='word_1_336' title='bbox 1443 505 1487 556; x_wconf 89' lang='lat' dir='ltr'>sed</span> <span class='ocrx_word' id='word_1_337' title='bbox 1500 521 1587 560; x_wconf 89' lang='lat' dir='ltr'><strong>omnes</strong></span> <span class='ocrx_word' id='word_1_338' title='bbox 1599 512 1693 567; x_wconf 88' lang='lat' dir='ltr'><strong>lanceis</strong></span> 
     </span>
     <span class='ocr_line' id='line_1_45' title="bbox 912 591 1691 661; baseline 0.023 -19"><span class='ocrx_word' id='word_1_339' title='bbox 912 591 1087 659; x_wconf 83' lang='lat' dir='ltr'><strong>lapidibusque</strong></span> <span class='ocrx_word' id='word_1_340' title='bbox 1108 611 1151 645; x_wconf 86' lang='lat' dir='ltr'>eos</span> <span class='ocrx_word' id='word_1_341' title='bbox 1171 602 1285 661; x_wconf 86' lang='lat' dir='ltr'><strong>petentes</strong></span> <span class='ocrx_word' id='word_1_342' title='bbox 1309 618 1316 650; x_wconf 85' lang='grc' dir='ltr'>ε</span> <span class='ocrx_word' id='word_1_343' title='bbox 1337 600 1446 652; x_wconf 89' lang='lat' dir='ltr'><strong>telomm</strong></span> <span class='ocrx_word' id='word_1_344' title='bbox 1467 617 1526 653; x_wconf 86' lang='lat' dir='ltr'><strong>roro</strong></span> <span class='ocrx_word' id='word_1_345' title='bbox 1553 608 1691 661; x_wconf 87' lang='lat' dir='ltr'><strong>multitudo</strong></span> 
     </span>
     <span class='ocr_line' id='line_1_46' title="bbox 911 697 1693 767; baseline 0.017 -23"><span class='ocrx_word' id='word_1_346' title='bbox 911 699 965 745; x_wconf 85' lang='lat' dir='ltr'><strong>crat</strong></span> <span class='ocrx_word' id='word_1_347' title='bbox 982 697 1062 747; x_wconf 91' lang='lat' dir='ltr'><strong>instar</strong></span> <span class='ocrx_word' id='word_1_348' title='bbox 1079 699 1144 747; x_wconf 81' lang='lat' dir='ltr'><strong>niuis</strong></span> <span class='ocrx_word' id='word_1_349' title='bbox 1161 699 1280 750; x_wconf 76' lang='lat' dir='ltr'><strong>hibernes.</strong></span> <span class='ocrx_word' id='word_1_350' title='bbox 1314 703 1346 750; x_wconf 80' lang='lat' dir='ltr'>at</span> <span class='ocrx_word' id='word_1_351' title='bbox 1359 703 1464 752; x_wconf 82' lang='lat' dir='ltr'><strong>llomani</strong></span> <span class='ocrx_word' id='word_1_352' title='bbox 1475 740 1481 763; x_wconf 90' lang='lat'>‚</span> <span class='ocrx_word' id='word_1_353' title='bbox 1494 703 1520 753; x_wconf 93' lang='lat' dir='ltr'><strong>in</strong></span> <span class='ocrx_word' id='word_1_354' title='bbox 1532 705 1619 767; x_wconf 77' lang='lat' dir='ltr'>globos</span> <span class='ocrx_word' id='word_1_355' title='bbox 1631 720 1693 759; x_wconf 89' lang='lat' dir='ltr'><strong>con-</strong></span> 
     </span>
    </p>
   </div>
   <div class='ocr_carea' id='block_1_5' title="bbox 910 793 1692 961">
    <p class='ocr_par' dir='ltr' id='par_1_10' title="bbox 910 793 1692 961">
     <span class='ocr_line' id='line_1_47' title="bbox 910 793 1690 860; baseline 0.015 -19"><span class='ocrx_word' id='word_1_356' title='bbox 910 793 1024 856; x_wconf 87' lang='lat' dir='ltr'><strong>densati,</strong></span> <span class='ocrx_word' id='word_1_357' title='bbox 1044 795 1069 844; x_wconf 94' lang='lat' dir='ltr'><strong>in</strong></span> <span class='ocrx_word' id='word_1_358' title='bbox 1084 808 1209 846; x_wconf 88' lang='lat' dir='ltr'><strong>cossuum</strong></span> <span class='ocrx_word' id='word_1_359' title='bbox 1226 795 1347 860; x_wconf 82' lang='lat' dir='ltr'><strong>impetum</strong></span> <span class='ocrx_word' id='word_1_360' title='bbox 1368 812 1418 848; x_wconf 90' lang='lat' dir='ltr'>non</span> <span class='ocrx_word' id='word_1_361' title='bbox 1438 799 1590 851; x_wconf 66' lang='lat' dir='ltr'><strong>sustinentes</strong></span> <span class='ocrx_word' id='word_1_362' title='bbox 1609 803 1690 853; x_wconf 89' lang='lat' dir='ltr'><strong>irruo·</strong></span> 
     </span>
     <span class='ocr_line' id='line_1_48' title="bbox 910 887 1692 961; baseline 0.017 -26"><span class='ocrx_word' id='word_1_363' title='bbox 910 887 984 947; x_wconf 87' lang='lat' dir='ltr'><strong>hant;</strong></span> <span class='ocrx_word' id='word_1_364' title='bbox 1009 891 1035 937; x_wconf 87' lang='lat' dir='ltr'><strong>ct</strong></span> <span class='ocrx_word' id='word_1_365' title='bbox 1061 889 1141 939; x_wconf 90' lang='lat' dir='ltr'><strong>mulla</strong></span> <span class='ocrx_word' id='word_1_366' title='bbox 1163 889 1270 940; x_wconf 84' lang='lat' dir='ltr'><strong>vulnera</strong></span> <span class='ocrx_word' id='word_1_367' title='bbox 1299 905 1313 940; x_wconf 91' lang='lat' dir='ltr'>a</span> <span class='ocrx_word' id='word_1_368' title='bbox 1338 891 1560 946; x_wconf 72' lang='lat' dir='ltr'><strong>circumstantibus</strong></span> <span class='ocrx_word' id='word_1_369' title='bbox 1579 896 1692 961; x_wconf 86' lang='lat' dir='ltr'><strong>undique</strong></span> 
     </span>
    </p>
   </div>
   <div class='ocr_carea' id='block_1_6' title="bbox 911 985 1691 1055">
    <p class='ocr_par' dir='ltr' id='par_1_11' title="bbox 911 985 1691 1055">
     <span class='ocr_line' id='line_1_49' title="bbox 911 985 1691 1055; baseline 0.015 -21"><span class='ocrx_word' id='word_1_370' title='bbox 911 985 1025 1036; x_wconf 79' lang='lat' dir='ltr'><strong>hostibus</strong></span> <span class='ocrx_word' id='word_1_371' title='bbox 1042 985 1111 1037; x_wconf 91' lang='lat' dir='ltr'><strong>illata</strong></span> <span class='ocrx_word' id='word_1_372' title='bbox 1124 986 1288 1050; x_wconf 77' lang='lat' dir='ltr'><strong>perferebant.</strong></span> <span class='ocrx_word' id='word_1_373' title='bbox 1300 989 1349 1039; x_wconf 89' lang='lat' dir='ltr'>Sed</span> <span class='ocrx_word' id='word_1_374' title='bbox 1360 1004 1438 1054; x_wconf 92' lang='lat' dir='ltr'><strong>quum</strong></span> <span class='ocrx_word' id='word_1_375' title='bbox 1450 991 1528 1055; x_wconf 72' lang='lat' dir='ltr'><strong>gladii</strong></span> <span class='ocrx_word' id='word_1_376' title='bbox 1543 994 1592 1044; x_wconf 91' lang='lat' dir='ltr'>iam</span> <span class='ocrx_word' id='word_1_377' title='bbox 1603 996 1691 1047; x_wconf 89' lang='lat' dir='ltr'><strong>multis</strong></span> 
     </span>
    </p>
   </div>
   <div class='ocr_carea' id='block_1_7' title="bbox 904 1092 1688 3587">
    <p class='ocr_par' dir='ltr' id='par_1_12' title="bbox 904 1092 1688 3587">
     <span class='ocr_line' id='line_1_50' title="bbox 910 1092 1687 1165; baseline 0.012 -24"><span class='ocrx_word' id='word_1_378' title='bbox 910 1092 1006 1143; x_wconf 91' lang='lat' dir='ltr'><strong>nullum</strong></span> <span class='ocrx_word' id='word_1_379' title='bbox 1029 1094 1145 1145; x_wconf 83' lang='lat' dir='ltr'><strong>ah&#39;errent</strong></span> <span class='ocrx_word' id='word_1_380' title='bbox 1163 1109 1249 1154; x_wconf 84' lang='lat' dir='ltr'><strong>usum.</strong></span> <span class='ocrx_word' id='word_1_381' title='bbox 1273 1098 1362 1160; x_wconf 86' lang='lat' dir='ltr'><strong>partim</strong></span> <span class='ocrx_word' id='word_1_382' title='bbox 1376 1099 1429 1149; x_wconf 86' lang='lat' dir='ltr'><strong>acio</strong></span> <span class='ocrx_word' id='word_1_383' title='bbox 1453 1100 1577 1160; x_wconf 87' lang='lat' dir='ltr'><strong>hebetati,</strong></span> <span class='ocrx_word' id='word_1_384' title='bbox 1599 1103 1687 1165; x_wconf 86' lang='lat' dir='ltr'><strong>partim</strong></span> 
     </span>
     <span class='ocr_line' id='line_1_51' title="bbox 910 1179 1688 1254; baseline 0.015 -25"><span class='ocrx_word' id='word_1_385' title='bbox 910 1179 992 1241; x_wconf 86' lang='lat' dir='ltr'><strong>iracti,</strong></span> <span class='ocrx_word' id='word_1_386' title='bbox 1002 1197 1128 1249; x_wconf 90' lang='lat' dir='ltr'><strong>quumque</strong></span> <span class='ocrx_word' id='word_1_387' title='bbox 1137 1186 1207 1249; x_wconf 80' lang='lat' dir='ltr'><strong>clipei</strong></span> <span class='ocrx_word' id='word_1_388' title='bbox 1218 1187 1328 1252; x_wconf 86' lang='lat' dir='ltr'><strong>undique</strong></span> <span class='ocrx_word' id='word_1_389' title='bbox 1336 1189 1456 1252; x_wconf 82' lang='lat' dir='ltr'><strong>perforati</strong></span> <span class='ocrx_word' id='word_1_390' title='bbox 1463 1195 1554 1254; x_wconf 79' lang='lat' dir='ltr'><strong>essem,</strong></span> <span class='ocrx_word' id='word_1_391' title='bbox 1565 1197 1592 1243; x_wconf 88' lang='lat' dir='ltr'>et</span> <span class='ocrx_word' id='word_1_392' title='bbox 1602 1207 1688 1243; x_wconf 87' lang='lat' dir='ltr'><strong>crucu-</strong></span> 
     </span>
     <span class='ocr_line' id='line_1_52' title="bbox 910 1280 1685 1355; baseline 0.014 -24"><span class='ocrx_word' id='word_1_393' title='bbox 910 1280 955 1331; x_wconf 85' lang='lat' dir='ltr'>tau</span> <span class='ocrx_word' id='word_1_394' title='bbox 974 1280 1085 1346; x_wconf 88' lang='lat' dir='ltr'><strong>plerique</strong></span> <span class='ocrx_word' id='word_1_395' title='bbox 1104 1288 1130 1334; x_wconf 88' lang='lat' dir='ltr'>et</span> <span class='ocrx_word' id='word_1_396' title='bbox 1148 1285 1206 1336; x_wconf 88' lang='lat' dir='ltr'><strong>telis</strong></span> <span class='ocrx_word' id='word_1_397' title='bbox 1225 1285 1344 1344; x_wconf 83' lang='lat' dir='ltr'><strong>ooulossi.</strong></span> <span class='ocrx_word' id='word_1_398' title='bbox 1363 1289 1529 1353; x_wconf 82' lang='lat' dir='ltr'><strong>membrisque</strong></span> <span class='ocrx_word' id='word_1_399' title='bbox 1550 1305 1600 1355; x_wconf 78' lang='lat' dir='ltr'>prm</span> <span class='ocrx_word' id='word_1_400' title='bbox 1620 1293 1685 1341; x_wconf 91' lang='lat' dir='ltr'><strong>mul-</strong></span> 
     </span>
     <span class='ocr_line' id='line_1_53' title="bbox 908 1375 1685 1447; baseline 0.018 -22"><span class='ocrx_word' id='word_1_401' title='bbox 908 1375 1017 1429; x_wconf 89' lang='lat' dir='ltr'><strong>titudiue</strong></span> <span class='ocrx_word' id='word_1_402' title='bbox 1034 1379 1162 1430; x_wconf 86' lang='lat' dir='ltr'><strong>vulnerum</strong></span> <span class='ocrx_word' id='word_1_403' title='bbox 1179 1382 1308 1434; x_wconf 84' lang='lat' dir='ltr'><strong>dissolutis</strong></span> <span class='ocrx_word' id='word_1_404' title='bbox 1325 1387 1431 1447; x_wconf 85' lang='lat' dir='ltr'><strong>starent,</strong></span> <span class='ocrx_word' id='word_1_405' title='bbox 1451 1389 1564 1446; x_wconf 82' lang='lat' dir='ltr'><strong>Etrusci,</strong></span> <span class='ocrx_word' id='word_1_406' title='bbox 1579 1388 1610 1437; x_wconf 89' lang='lat' dir='ltr'>iis</span> <span class='ocrx_word' id='word_1_407' title='bbox 1626 1403 1685 1438; x_wconf 91' lang='lat' dir='ltr'><strong>con·</strong></span> 
     </span>
     <span class='ocr_line' id='line_1_54' title="bbox 909 1471 1685 1543; baseline 0.017 -25"><span class='ocrx_word' id='word_1_408' title='bbox 909 1471 1005 1531; x_wconf 84' lang='lat' dir='ltr'><strong>ieratis,</strong></span> <span class='ocrx_word' id='word_1_409' title='bbox 1025 1486 1114 1524; x_wconf 85' lang='lat' dir='ltr'><strong>manus</strong></span> <span class='ocrx_word' id='word_1_410' title='bbox 1138 1489 1195 1526; x_wconf 91' lang='lat' dir='ltr'>cum</span> <span class='ocrx_word' id='word_1_411' title='bbox 1214 1476 1273 1541; x_wconf 90' lang='lat' dir='ltr'><strong>ipsis</strong></span> <span class='ocrx_word' id='word_1_412' title='bbox 1297 1484 1483 1530; x_wconf 85' lang='lat' dir='ltr'><strong>conseruerunt.</strong></span> <span class='ocrx_word' id='word_1_413' title='bbox 1518 1483 1550 1529; x_wconf 78' lang='lat' dir='ltr'>at</span> <span class='ocrx_word' id='word_1_414' title='bbox 1575 1482 1685 1543; x_wconf 85' lang='lat' dir='ltr'><strong>llomani,</strong></span> 
     </span>
     <span class='ocr_line' id='line_1_55' title="bbox 909 1561 1685 1637; baseline 0.019 -26"><span class='ocrx_word' id='word_1_415' title='bbox 909 1561 1016 1616; x_wconf 79' lang='lat' dir='ltr'><strong>serarum</strong></span> <span class='ocrx_word' id='word_1_416' title='bbox 1035 1568 1085 1618; x_wconf 90' lang='lat' dir='ltr'><strong>ritu</strong></span> <span class='ocrx_word' id='word_1_417' title='bbox 1105 1575 1260 1633; x_wconf 81' lang='lat' dir='ltr'><strong>proruentes,</strong></span> <span class='ocrx_word' id='word_1_418' title='bbox 1279 1586 1367 1624; x_wconf 89' lang='lat' dir='ltr'><strong>eorum</strong></span> <span class='ocrx_word' id='word_1_419' title='bbox 1386 1573 1470 1624; x_wconf 88' lang='lat' dir='ltr'><strong>hastas</strong></span> <span class='ocrx_word' id='word_1_420' title='bbox 1490 1573 1685 1637; x_wconf 75' lang='lat' dir='ltr'><strong>prehenderunt,</strong></span> 
     </span>
     <span class='ocr_line' id='line_1_56' title="bbox 908 1657 1688 1730; baseline 0.014 -25"><span class='ocrx_word' id='word_1_421' title='bbox 908 1669 1000 1720; x_wconf 88' lang='lat' dir='ltr'><strong>easque</strong></span> <span class='ocrx_word' id='word_1_422' title='bbox 1012 1657 1205 1724; x_wconf 76' lang='lat' dir='ltr'><strong>perfringehant,</strong></span> <span class='ocrx_word' id='word_1_423' title='bbox 1220 1663 1365 1730; x_wconf 82' lang='lat' dir='ltr'><strong>gladiosque</strong></span> <span class='ocrx_word' id='word_1_424' title='bbox 1375 1678 1421 1729; x_wconf 90' lang='lat' dir='ltr'>per</span> <span class='ocrx_word' id='word_1_425' title='bbox 1430 1666 1495 1729; x_wconf 90' lang='lat' dir='ltr'><strong>ipsas</strong></span> <span class='ocrx_word' id='word_1_426' title='bbox 1505 1666 1570 1716; x_wconf 88' lang='lat' dir='ltr'><strong>acies</strong></span> <span class='ocrx_word' id='word_1_427' title='bbox 1582 1665 1688 1730; x_wconf 86' lang='lat' dir='ltr'><strong>prehen-</strong></span> 
     </span>
     <span class='ocr_line' id='line_1_57' title="bbox 907 1745 1688 1823; baseline 0.019 -26"><span class='ocrx_word' id='word_1_428' title='bbox 907 1745 995 1798; x_wconf 89' lang='lat' dir='ltr'><strong>dentes</strong></span> <span class='ocrx_word' id='word_1_429' title='bbox 1009 1748 1060 1800; x_wconf 91' lang='lat' dir='ltr'><strong>illis</strong></span> <span class='ocrx_word' id='word_1_430' title='bbox 1073 1754 1253 1816; x_wconf 79' lang='lat' dir='ltr'><strong>extorquebant</strong></span> <span class='ocrx_word' id='word_1_431' title='bbox 1268 1773 1273 1805; x_wconf 94' lang='lat'><strong>:</strong></span> <span class='ocrx_word' id='word_1_432' title='bbox 1290 1757 1393 1820; x_wconf 90' lang='lat' dir='ltr'><strong>quidam</strong></span> <span class='ocrx_word' id='word_1_433' title='bbox 1409 1758 1484 1807; x_wconf 87' lang='lat' dir='ltr'><strong>etiam</strong></span> <span class='ocrx_word' id='word_1_434' title='bbox 1498 1772 1528 1809; x_wconf 85' lang='lat' dir='ltr'>ex</span> <span class='ocrx_word' id='word_1_435' title='bbox 1544 1759 1596 1822; x_wconf 88' lang='lat' dir='ltr'><strong>ipsa</strong></span> <span class='ocrx_word' id='word_1_436' title='bbox 1606 1763 1688 1823; x_wconf 82' lang='lat' dir='ltr'><strong>straga</strong></span> 
     </span>
     <span class='ocr_line' id='line_1_58' title="bbox 908 1845 1686 1916; baseline 0.014 -25"><span class='ocrx_word' id='word_1_437' title='bbox 908 1845 1036 1906; x_wconf 85' lang='lat' dir='ltr'><strong>surgentes</strong></span> <span class='ocrx_word' id='word_1_438' title='bbox 1056 1857 1109 1895; x_wconf 88' lang='lat' dir='ltr'><strong>sese</strong></span> <span class='ocrx_word' id='word_1_439' title='bbox 1127 1845 1176 1895; x_wconf 92' lang='lat' dir='ltr'><strong>illis</strong></span> <span class='ocrx_word' id='word_1_440' title='bbox 1196 1847 1384 1908; x_wconf 76' lang='lat' dir='ltr'><strong>immiscebant,</strong></span> <span class='ocrx_word' id='word_1_441' title='bbox 1406 1850 1496 1901; x_wconf 90' lang='lat' dir='ltr'><strong>animis</strong></span> <span class='ocrx_word' id='word_1_442' title='bbox 1516 1854 1594 1916; x_wconf 87' lang='lat' dir='ltr'><strong>magis</strong></span> <span class='ocrx_word' id='word_1_443' title='bbox 1611 1866 1686 1916; x_wconf 74' lang='lat' dir='ltr'><strong>equam</strong></span> 
     </span>
     <span class='ocr_line' id='line_1_59' title="bbox 908 1937 1687 2010; baseline 0.009 -24"><span class='ocrx_word' id='word_1_444' title='bbox 908 1937 1004 1988; x_wconf 84' lang='lat' dir='ltr'><strong>viribus</strong></span> <span class='ocrx_word' id='word_1_445' title='bbox 1028 1944 1177 2003; x_wconf 59' lang='lat' dir='ltr'><strong>pugnantem</strong></span> <span class='ocrx_word' id='word_1_446' title='bbox 1199 1940 1233 1991; x_wconf 84' lang='lat' dir='ltr'>ita</span> <span class='ocrx_word' id='word_1_447' title='bbox 1259 1947 1288 1992; x_wconf 93' lang='lat' dir='ltr'>ut</span> <span class='ocrx_word' id='word_1_448' title='bbox 1311 1943 1396 1994; x_wconf 88' lang='lat' dir='ltr'><strong>hostes</strong></span> <span class='ocrx_word' id='word_1_449' title='bbox 1423 1959 1480 1995; x_wconf 90' lang='lat' dir='ltr'>cum</span> <span class='ocrx_word' id='word_1_450' title='bbox 1507 1945 1555 1996; x_wconf 87' lang='lat' dir='ltr'><strong>illis</strong></span> <span class='ocrx_word' id='word_1_451' title='bbox 1582 1948 1687 2010; x_wconf 82' lang='lat' dir='ltr'><strong>amplius</strong></span> 
     </span>
     <span class='ocr_line' id='line_1_60' title="bbox 906 2038 1684 2106; baseline 0.005 -17"><span class='ocrx_word' id='word_1_452' title='bbox 906 2038 1025 2102; x_wconf 82' lang='lat' dir='ltr'><strong>congredi</strong></span> <span class='ocrx_word' id='word_1_453' title='bbox 1038 2053 1087 2088; x_wconf 90' lang='lat' dir='ltr'>non</span> <span class='ocrx_word' id='word_1_454' title='bbox 1108 2039 1245 2098; x_wconf 86' lang='lat' dir='ltr'><strong>auderent,</strong></span> <span class='ocrx_word' id='word_1_455' title='bbox 1258 2044 1314 2091; x_wconf 89' lang='lat' dir='ltr'><strong>tom</strong></span> <span class='ocrx_word' id='word_1_456' title='bbox 1329 2055 1415 2092; x_wconf 85' lang='lat' dir='ltr'><strong>corum</strong></span> <span class='ocrx_word' id='word_1_457' title='bbox 1437 2040 1577 2106; x_wconf 85' lang='lat' dir='ltr'><strong>pervicacia</strong></span> <span class='ocrx_word' id='word_1_458' title='bbox 1590 2043 1684 2104; x_wconf 88' lang='lat' dir='ltr'><strong>territi,</strong></span> 
     </span>
     <span class='ocr_line' id='line_1_61' title="bbox 907 2131 1685 2198; baseline 0.005 -17"><span class='ocrx_word' id='word_1_459' title='bbox 907 2136 962 2182; x_wconf 89' lang='lat' dir='ltr'><strong>tum</strong></span> <span class='ocrx_word' id='word_1_460' title='bbox 977 2133 1053 2182; x_wconf 89' lang='lat' dir='ltr'><strong>ctiam</strong></span> <span class='ocrx_word' id='word_1_461' title='bbox 1065 2131 1264 2196; x_wconf 81' lang='lat' dir='ltr'><strong>desperationem</strong></span> <span class='ocrx_word' id='word_1_462' title='bbox 1279 2133 1351 2192; x_wconf 79' lang='lat' dir='ltr'><strong>vitm,</strong></span> <span class='ocrx_word' id='word_1_463' title='bbox 1367 2133 1393 2181; x_wconf 95' lang='lat' dir='ltr'><strong>in</strong></span> <span class='ocrx_word' id='word_1_464' title='bbox 1410 2147 1484 2195; x_wconf 91' lang='lat' dir='ltr'><strong>quam</strong></span> <span class='ocrx_word' id='word_1_465' title='bbox 1497 2133 1534 2182; x_wconf 93' lang='lat' dir='ltr'><strong>illi</strong></span> <span class='ocrx_word' id='word_1_466' title='bbox 1547 2140 1685 2198; x_wconf 81' lang='lat' dir='ltr'><strong>venerant,</strong></span> 
     </span>
     <span class='ocr_line' id='line_1_62' title="bbox 908 2222 1686 2286; baseline 0.008 -15"><span class='ocrx_word' id='word_1_467' title='bbox 908 2222 1086 2283; x_wconf 86' lang='lat' dir='ltr'><strong>lormidantcs;</strong></span> <span class='ocrx_word' id='word_1_468' title='bbox 1111 2222 1155 2273; x_wconf 83' lang='lat' dir='ltr'><strong>secl</strong></span> <span class='ocrx_word' id='word_1_469' title='bbox 1176 2223 1268 2275; x_wconf 90' lang='lat' dir='ltr'><strong>iterum</strong></span> <span class='ocrx_word' id='word_1_470' title='bbox 1289 2225 1388 2274; x_wconf 88' lang='lat' dir='ltr'><strong>eminus</strong></span> <span class='ocrx_word' id='word_1_471' title='bbox 1404 2238 1492 2275; x_wconf 85' lang='lat' dir='ltr'><strong>omncs</strong></span> <span class='ocrx_word' id='word_1_472' title='bbox 1514 2224 1638 2286; x_wconf 80' lang='lat' dir='ltr'><strong>mirlerti,</strong></span> <span class='ocrx_word' id='word_1_473' title='bbox 1660 2229 1686 2277; x_wconf 87' lang='lat' dir='ltr'>et</span> 
     </span>
     <span class='ocr_line' id='line_1_63' title="bbox 907 2312 1686 2381; baseline 0.005 -18"><span class='ocrx_word' id='word_1_474' title='bbox 907 2312 1014 2364; x_wconf 88' lang='lat' dir='ltr'><strong>lustihus</strong></span> <span class='ocrx_word' id='word_1_475' title='bbox 1029 2317 1055 2364; x_wconf 92' lang='lat' dir='ltr'>et</span> <span class='ocrx_word' id='word_1_476' title='bbox 1071 2313 1195 2377; x_wconf 89' lang='lat' dir='ltr'><strong>lapidibus</strong></span> <span class='ocrx_word' id='word_1_477' title='bbox 1207 2315 1312 2379; x_wconf 84' lang='lat' dir='ltr'><strong>aliisque</strong></span> <span class='ocrx_word' id='word_1_478' title='bbox 1325 2314 1397 2374; x_wconf 85' lang='lat' dir='ltr'><strong>telis,</strong></span> <span class='ocrx_word' id='word_1_479' title='bbox 1411 2329 1567 2381; x_wconf 74' lang='lat' dir='ltr'><strong>quacunque</strong></span> <span class='ocrx_word' id='word_1_480' title='bbox 1580 2331 1606 2368; x_wconf 89' lang='lat' dir='ltr'>se</span> <span class='ocrx_word' id='word_1_481' title='bbox 1625 2317 1686 2381; x_wconf 87' lang='lat' dir='ltr'><strong>ipsis</strong></span> 
     </span>
     <span class='ocr_line' id='line_1_64' title="bbox 905 2405 1685 2471; baseline 0.004 -15"><span class='ocrx_word' id='word_1_482' title='bbox 905 2405 1071 2466; x_wconf 86' lang='lat' dir='ltr'><strong>obtulissent,</strong></span> <span class='ocrx_word' id='word_1_483' title='bbox 1087 2422 1130 2456; x_wconf 89' lang='lat' dir='ltr'>cos</span> <span class='ocrx_word' id='word_1_484' title='bbox 1147 2410 1269 2471; x_wconf 84' lang='lat' dir='ltr'><strong>peterent.</strong></span> <span class='ocrx_word' id='word_1_485' title='bbox 1303 2411 1385 2466; x_wconf 88' lang='lat' dir='ltr'><strong>Quare</strong></span> <span class='ocrx_word' id='word_1_486' title='bbox 1403 2408 1505 2459; x_wconf 86' lang='lat' dir='ltr'><strong>tandem</strong></span> <span class='ocrx_word' id='word_1_487' title='bbox 1517 2424 1560 2458; x_wconf 92' lang='lat' dir='ltr'>eos</span> <span class='ocrx_word' id='word_1_488' title='bbox 1576 2409 1685 2460; x_wconf 89' lang='lat' dir='ltr'><strong>telorum</strong></span> 
     </span>
     <span class='ocr_line' id='line_1_65' title="bbox 905 2497 1683 2561; baseline 0.001 -12"><span class='ocrx_word' id='word_1_489' title='bbox 905 2497 1068 2550; x_wconf 86' lang='lat' dir='ltr'><strong>multitudiue</strong></span> <span class='ocrx_word' id='word_1_490' title='bbox 1084 2498 1231 2548; x_wconf 82' lang='lat' dir='ltr'><strong>obruerunt.</strong></span> <span class='ocrx_word' id='word_1_491' title='bbox 1265 2499 1362 2558; x_wconf 86' lang='lat' dir='ltr'><strong>Quibus</strong></span> <span class='ocrx_word' id='word_1_492' title='bbox 1378 2501 1465 2561; x_wconf 88' lang='lat' dir='ltr'><strong>caesis,</strong></span> <span class='ocrx_word' id='word_1_493' title='bbox 1485 2514 1561 2550; x_wconf 92' lang='lat' dir='ltr'><strong>cursu</strong></span> <span class='ocrx_word' id='word_1_494' title='bbox 1576 2501 1610 2550; x_wconf 90' lang='lat' dir='ltr'>ad</span> <span class='ocrx_word' id='word_1_495' title='bbox 1629 2516 1683 2550; x_wconf 89' lang='lat' dir='ltr'><strong>cas·</strong></span> 
     </span>
     <span class='ocr_line' id='line_1_66' title="bbox 906 2591 1685 2655; baseline -0.003 -14"><span class='ocrx_word' id='word_1_496' title='bbox 906 2591 996 2642; x_wconf 90' lang='lat' dir='ltr'><strong>tellum</strong></span> <span class='ocrx_word' id='word_1_497' title='bbox 1008 2591 1209 2653; x_wconf 81' lang='lat' dir='ltr'><strong>contendemnt,</strong></span> <span class='ocrx_word' id='word_1_498' title='bbox 1230 2591 1461 2642; x_wconf 88' lang='lat' dir='ltr'><strong>illustrissimorum</strong></span> <span class='ocrx_word' id='word_1_499' title='bbox 1476 2591 1589 2641; x_wconf 85' lang='lat' dir='ltr'><strong>viromm</strong></span> <span class='ocrx_word' id='word_1_500' title='bbox 1603 2592 1685 2655; x_wconf 87' lang='lat' dir='ltr'><strong>capita</strong></span> 
     </span>
     <span class='ocr_line' id='line_1_67' title="bbox 905 2682 1685 2748; baseline 0.003 -18"><span class='ocrx_word' id='word_1_501' title='bbox 905 2685 1084 2748; x_wconf 77' lang='lat' dir='ltr'><strong>praeferentes,</strong></span> <span class='ocrx_word' id='word_1_502' title='bbox 1097 2687 1125 2733; x_wconf 88' lang='lat' dir='ltr'>ut</span> <span class='ocrx_word' id='word_1_503' title='bbox 1142 2684 1223 2746; x_wconf 91' lang='lat' dir='ltr'><strong>primo</strong></span> <span class='ocrx_word' id='word_1_504' title='bbox 1239 2683 1335 2748; x_wconf 87' lang='lat' dir='ltr'><strong>impetu</strong></span> <span class='ocrx_word' id='word_1_505' title='bbox 1353 2682 1522 2747; x_wconf 83' lang='lat' dir='ltr'><strong>praesidiarios</strong></span> <span class='ocrx_word' id='word_1_506' title='bbox 1534 2682 1565 2732; x_wconf 89' lang='lat' dir='ltr'>ad</span> <span class='ocrx_word' id='word_1_507' title='bbox 1578 2682 1685 2733; x_wconf 88' lang='lat' dir='ltr'><strong>deditio-</strong></span> 
     </span>
     <span class='ocr_line' id='line_1_68' title="bbox 906 2776 1684 2844; baseline -0.005 -14"><span class='ocrx_word' id='word_1_508' title='bbox 906 2794 963 2831; x_wconf 86' lang='lat' dir='ltr'><strong>nem</strong></span> <span class='ocrx_word' id='word_1_509' title='bbox 979 2779 1141 2844; x_wconf 89' lang='lat' dir='ltr'><strong>compulsuri.</strong></span> <span class='ocrx_word' id='word_1_510' title='bbox 1175 2779 1249 2829; x_wconf 89' lang='lat' dir='ltr'><strong>llaud</strong></span> <span class='ocrx_word' id='word_1_511' title='bbox 1264 2781 1347 2829; x_wconf 88' lang='lat' dir='ltr'><strong>tamen</strong></span> <span class='ocrx_word' id='word_1_512' title='bbox 1371 2791 1411 2827; x_wconf 89' lang='lat' dir='ltr'>res</span> <span class='ocrx_word' id='word_1_513' title='bbox 1431 2777 1482 2827; x_wconf 90' lang='lat' dir='ltr'><strong>illis</strong></span> <span class='ocrx_word' id='word_1_514' title='bbox 1503 2776 1637 2838; x_wconf 86' lang='lat' dir='ltr'><strong>successit,</strong></span> <span class='ocrx_word' id='word_1_515' title='bbox 1655 2781 1684 2827; x_wconf 85' lang='lat' dir='ltr'>ut</span> 
     </span>
     <span class='ocr_line' id='line_1_69' title="bbox 905 2868 1683 2936; baseline -0.008 -13"><span class='ocrx_word' id='word_1_516' title='bbox 905 2874 1045 2936; x_wconf 86' lang='lat' dir='ltr'><strong>sperarant.</strong></span> <span class='ocrx_word' id='word_1_517' title='bbox 1077 2873 1138 2920; x_wconf 77' lang='lat' dir='ltr'><strong>llam</strong></span> <span class='ocrx_word' id='word_1_518' title='bbox 1148 2910 1154 2931; x_wconf 96' lang='lat'><strong>,</strong></span> <span class='ocrx_word' id='word_1_519' title='bbox 1165 2871 1207 2935; x_wconf 91' lang='lat' dir='ltr'><strong>qui</strong></span> <span class='ocrx_word' id='word_1_520' title='bbox 1225 2871 1249 2919; x_wconf 91' lang='lat' dir='ltr'><strong>in</strong></span> <span class='ocrx_word' id='word_1_521' title='bbox 1263 2884 1292 2920; x_wconf 89' lang='lat' dir='ltr'>eo</span> <span class='ocrx_word' id='word_1_522' title='bbox 1307 2872 1405 2920; x_wconf 84' lang='lat' dir='ltr'><strong>lucrant</strong></span> <span class='ocrx_word' id='word_1_523' title='bbox 1417 2868 1513 2930; x_wconf 88' lang='lat' dir='ltr'><strong>relicti,</strong></span> <span class='ocrx_word' id='word_1_524' title='bbox 1524 2869 1683 2919; x_wconf 80' lang='lat' dir='ltr'><strong>aemulatione,</strong></span> 
     </span>
     <span class='ocr_line' id='line_1_70' title="bbox 905 2960 1684 3028; baseline -0.005 -14"><span class='ocrx_word' id='word_1_525' title='bbox 905 2964 994 3014; x_wconf 89' lang='lat' dir='ltr'><strong>mortis</strong></span> <span class='ocrx_word' id='word_1_526' title='bbox 1016 2975 1143 3028; x_wconf 81' lang='lat' dir='ltr'><strong>generosas</strong></span> <span class='ocrx_word' id='word_1_527' title='bbox 1163 2962 1288 3011; x_wconf 89' lang='lat' dir='ltr'><strong>sociorum</strong></span> <span class='ocrx_word' id='word_1_528' title='bbox 1314 2974 1465 3025; x_wconf 85' lang='lat' dir='ltr'><strong>suorumque</strong></span> <span class='ocrx_word' id='word_1_529' title='bbox 1491 2960 1621 3023; x_wconf 80' lang='lat' dir='ltr'><strong>gentilium</strong></span> <span class='ocrx_word' id='word_1_530' title='bbox 1641 2976 1684 3012; x_wconf 87' lang='lat' dir='ltr'>ac-</span> 
     </span>
     <span class='ocr_line' id='line_1_71' title="bbox 904 3052 1682 3119; baseline -0.006 -13"><span class='ocrx_word' id='word_1_531' title='bbox 904 3054 1124 3119; x_wconf 84' lang='lat' dir='ltr'><strong>censi‚perexigui</strong></span> <span class='ocrx_word' id='word_1_532' title='bbox 1144 3067 1251 3104; x_wconf 86' lang='lat' dir='ltr'><strong>numero</strong></span> <span class='ocrx_word' id='word_1_533' title='bbox 1269 3052 1429 3116; x_wconf 79' lang='lat' dir='ltr'><strong>prodierunt3</strong></span> <span class='ocrx_word' id='word_1_534' title='bbox 1456 3055 1482 3101; x_wconf 84' lang='lat' dir='ltr'><strong>ct</strong></span> <span class='ocrx_word' id='word_1_535' title='bbox 1503 3056 1559 3114; x_wconf 88' lang='lat' dir='ltr'><strong>post</strong></span> <span class='ocrx_word' id='word_1_536' title='bbox 1582 3052 1682 3113; x_wconf 83' lang='lat' dir='ltr'><strong>longum</strong></span> 
     </span>
     <span class='ocr_line' id='line_1_72' title="bbox 905 3143 1681 3208; baseline -0.004 -9"><span class='ocrx_word' id='word_1_537' title='bbox 905 3151 1040 3208; x_wconf 88' lang='lat' dir='ltr'><strong>certamen,</strong></span> <span class='ocrx_word' id='word_1_538' title='bbox 1053 3146 1142 3197; x_wconf 84' lang='lat' dir='ltr'><strong>eodem</strong></span> <span class='ocrx_word' id='word_1_539' title='bbox 1151 3144 1227 3195; x_wconf 88' lang='lat' dir='ltr'><strong>modo</strong></span> <span class='ocrx_word' id='word_1_540' title='bbox 1238 3157 1289 3207; x_wconf 89' lang='lat' dir='ltr'>quo</span> <span class='ocrx_word' id='word_1_541' title='bbox 1298 3143 1399 3206; x_wconf 93' lang='lat' dir='ltr'><strong>reliqui,</strong></span> <span class='ocrx_word' id='word_1_542' title='bbox 1412 3156 1500 3193; x_wconf 86' lang='lat' dir='ltr'><strong>omnes</strong></span> <span class='ocrx_word' id='word_1_543' title='bbox 1512 3143 1663 3193; x_wconf 84' lang='lat' dir='ltr'><strong>interierunt</strong></span> <span class='ocrx_word' id='word_1_544' title='bbox 1675 3166 1681 3196; x_wconf 77' lang='grc' dir='ltr'>ι</span> 
     </span>
     <span class='ocr_line' id='line_1_73' title="bbox 905 3236 1684 3298; baseline -0.004 -9"><span class='ocrx_word' id='word_1_545' title='bbox 905 3240 1036 3290; x_wconf 83' lang='lat' dir='ltr'><strong>castellum</strong></span> <span class='ocrx_word' id='word_1_546' title='bbox 1050 3253 1111 3288; x_wconf 84' lang='lat' dir='ltr'><strong>vero</strong></span> <span class='ocrx_word' id='word_1_547' title='bbox 1120 3237 1247 3288; x_wconf 82' lang='lat' dir='ltr'><strong>desertum</strong></span> <span class='ocrx_word' id='word_1_548' title='bbox 1261 3236 1360 3286; x_wconf 80' lang='lat' dir='ltr'><strong>Etrusci</strong></span> <span class='ocrx_word' id='word_1_549' title='bbox 1375 3240 1503 3298; x_wconf 73' lang='lat' dir='ltr'><strong>ceperunt.</strong></span> <span class='ocrx_word' id='word_1_550' title='bbox 1537 3238 1595 3284; x_wconf 78' lang='lat' dir='ltr'><strong>llaec</strong></span> <span class='ocrx_word' id='word_1_551' title='bbox 1610 3236 1684 3298; x_wconf 77' lang='lat' dir='ltr'><strong>igitur</strong></span> 
     </span>
     <span class='ocr_line' id='line_1_74' title="bbox 904 3326 1681 3394; baseline 0 -16"><span class='ocrx_word' id='word_1_552' title='bbox 904 3331 989 3394; x_wconf 92' lang='lat' dir='ltr'><strong>opinio</strong></span> <span class='ocrx_word' id='word_1_553' title='bbox 1005 3330 1066 3379; x_wconf 91' lang='lat' dir='ltr'><strong>mihi</strong></span> <span class='ocrx_word' id='word_1_554' title='bbox 1087 3329 1169 3378; x_wconf 90' lang='lat' dir='ltr'><strong>multo</strong></span> <span class='ocrx_word' id='word_1_555' title='bbox 1187 3326 1357 3392; x_wconf 87' lang='lat' dir='ltr'><strong>probabilior,</strong></span> <span class='ocrx_word' id='word_1_556' title='bbox 1371 3340 1447 3392; x_wconf 85' lang='lat' dir='ltr'><strong>quam</strong></span> <span class='ocrx_word' id='word_1_557' title='bbox 1469 3327 1551 3389; x_wconf 87' lang='lat' dir='ltr'><strong>prior,</strong></span> <span class='ocrx_word' id='word_1_558' title='bbox 1572 3327 1681 3378; x_wconf 82' lang='lat' dir='ltr'><strong>ridetur.</strong></span> 
     </span>
     <span class='ocr_line' id='line_1_75' title="bbox 904 3423 1684 3491; baseline -0.004 -14"><span class='ocrx_word' id='word_1_559' title='bbox 904 3430 1041 3491; x_wconf 86' lang='lat' dir='ltr'><strong>Utramque</strong></span> <span class='ocrx_word' id='word_1_560' title='bbox 1059 3430 1143 3476; x_wconf 87' lang='lat' dir='ltr'><strong>tamen</strong></span> <span class='ocrx_word' id='word_1_561' title='bbox 1159 3425 1252 3490; x_wconf 86' lang='lat' dir='ltr'><strong>scripta</strong></span> <span class='ocrx_word' id='word_1_562' title='bbox 1264 3427 1433 3475; x_wconf 83' lang='lat' dir='ltr'><strong>Romanorum</strong></span> <span class='ocrx_word' id='word_1_563' title='bbox 1447 3423 1495 3474; x_wconf 85' lang='lat' dir='ltr'><strong>lrdo</strong></span> <span class='ocrx_word' id='word_1_564' title='bbox 1506 3424 1582 3488; x_wconf 79' lang='lat' dir='ltr'><strong>digna</strong></span> <span class='ocrx_word' id='word_1_565' title='bbox 1592 3438 1684 3474; x_wconf 87' lang='lat' dir='ltr'><strong>memo·</strong></span> 
     </span>
     <span class='ocr_line' id='line_1_76' title="bbox 904 3522 1141 3587; baseline -0.013 -13"><span class='ocrx_word' id='word_1_566' title='bbox 904 3524 949 3574; x_wconf 77' lang='lat' dir='ltr'><strong>rico</strong></span> <span class='ocrx_word' id='word_1_567' title='bbox 967 3522 1141 3587; x_wconf 89' lang='lat' dir='ltr'><strong>prodiderunt.</strong></span> 
     </span>
    </p>
   </div>
   <div class='ocr_carea' id='block_1_8' title="bbox 903 3756 1684 3999">
    <p class='ocr_par' dir='ltr' id='par_1_13' title="bbox 903 3756 1684 3999">
     <span class='ocr_line' id='line_1_77' title="bbox 935 3756 1683 3823; baseline 0.001 -15"><span class='ocrx_word' id='word_1_568' title='bbox 935 3760 1010 3809; x_wconf 85' lang='lat' dir='ltr'><strong>llllll.</strong></span> <span class='ocrx_word' id='word_1_569' title='bbox 1028 3758 1102 3817; x_wconf 85' lang='lat' dir='ltr'><strong>Quod</strong></span> <span class='ocrx_word' id='word_1_570' title='bbox 1118 3772 1179 3807; x_wconf 85' lang='lat' dir='ltr'><strong>roro</strong></span> <span class='ocrx_word' id='word_1_571' title='bbox 1193 3756 1308 3808; x_wconf 91' lang='lat' dir='ltr'><strong>nonnulli</strong></span> <span class='ocrx_word' id='word_1_572' title='bbox 1323 3757 1363 3807; x_wconf 93' lang='lat' dir='ltr'>his</span> <span class='ocrx_word' id='word_1_573' title='bbox 1376 3757 1488 3820; x_wconf 85' lang='lat' dir='ltr'><strong>addunt,</strong></span> <span class='ocrx_word' id='word_1_574' title='bbox 1508 3757 1624 3823; x_wconf 84' lang='lat' dir='ltr'><strong>quamvis</strong></span> <span class='ocrx_word' id='word_1_575' title='bbox 1637 3772 1683 3808; x_wconf 88' lang='lat' dir='ltr'>nec</span> 
     </span>
     <span class='ocr_line' id='line_1_78' title="bbox 904 3845 1683 3910; baseline 0.003 -14"><span class='ocrx_word' id='word_1_576' title='bbox 904 3862 1007 3906; x_wconf 86' lang='lat' dir='ltr'><strong>rerum,</strong></span> <span class='ocrx_word' id='word_1_577' title='bbox 1031 3861 1077 3898; x_wconf 89' lang='lat' dir='ltr'>nec</span> <span class='ocrx_word' id='word_1_578' title='bbox 1099 3846 1248 3905; x_wconf 85' lang='lat' dir='ltr'><strong>verisimile,</strong></span> <span class='ocrx_word' id='word_1_579' title='bbox 1265 3845 1309 3896; x_wconf 91' lang='lat' dir='ltr'>sed</span> <span class='ocrx_word' id='word_1_580' title='bbox 1327 3845 1478 3910; x_wconf 87' lang='lat' dir='ltr'><strong>quibusdam</strong></span> <span class='ocrx_word' id='word_1_581' title='bbox 1504 3846 1647 3897; x_wconf 89' lang='lat' dir='ltr'><strong>rumoribus</strong></span> <span class='ocrx_word' id='word_1_582' title='bbox 1667 3862 1683 3898; x_wconf 88' lang='lat' dir='ltr'>a</span> 
     </span>
     <span class='ocr_line' id='line_1_79' title="bbox 903 3934 1684 3999; baseline -0.001 -14"><span class='ocrx_word' id='word_1_583' title='bbox 903 3936 1008 3986; x_wconf 83' lang='lat' dir='ltr'><strong>veritate</strong></span> <span class='ocrx_word' id='word_1_584' title='bbox 1021 3934 1110 3984; x_wconf 89' lang='lat' dir='ltr'><strong>alienis</strong></span> <span class='ocrx_word' id='word_1_585' title='bbox 1122 3934 1155 3984; x_wconf 89' lang='lat' dir='ltr'>sit</span> <span class='ocrx_word' id='word_1_586' title='bbox 1170 3935 1270 3995; x_wconf 83' lang='lat' dir='ltr'><strong>lictum,</strong></span> <span class='ocrx_word' id='word_1_587' title='bbox 1284 3938 1368 3985; x_wconf 85' lang='lat' dir='ltr'><strong>tamen</strong></span> <span class='ocrx_word' id='word_1_588' title='bbox 1387 3947 1470 3998; x_wconf 73' lang='lat' dir='ltr'><strong>opera</strong></span> <span class='ocrx_word' id='word_1_589' title='bbox 1484 3934 1592 3999; x_wconf 90' lang='lat' dir='ltr'><strong>pretium</strong></span> <span class='ocrx_word' id='word_1_590' title='bbox 1608 3934 1684 3985; x_wconf 89' lang='lat' dir='ltr'><strong>luerit</strong></span> 
     </span>
    </p>
   </div>
   <div class='ocr_carea' id='block_1_9' title="bbox 18 4099 1684 4447">
    <p class='ocr_par' dir='ltr' id='par_1_14' title="bbox 18 4099 1684 4447">
     <span class='ocr_line' id='line_1_80' title="bbox 72 4099 1684 4185; baseline 0.003 -27"><span class='ocrx_word' id='word_1_591' title='bbox 72 4101 118 4159; x_wconf 87' lang='grc' dir='ltr'>καὶ</span> <span class='ocrx_word' id='word_1_592' title='bbox 142 4099 301 4178; x_wconf 83' lang='grc' dir='ltr'>τριακοσίων</span> <span class='ocrx_word' id='word_1_593' title='bbox 319 4101 432 4162; x_wconf 78' lang='grc' dir='ltr'>Φαόίων</span> <span class='ocrx_word' id='word_1_594' title='bbox 458 4105 640 4180; x_wconf 72' lang='grc' dir='ltr'>ἀπολομένων,</span> <span class='ocrx_word' id='word_1_595' title='bbox 653 4106 703 4177; x_wconf 85' lang='grc' dir='ltr'>Ιδτι</span> <span class='ocrx_word' id='word_1_596' title='bbox 724 4107 752 4167; x_wconf 81' lang='grc' dir='ltr'>έν</span> <span class='ocrx_word' id='word_1_597' title='bbox 775 4108 853 4185; x_wconf 90' lang='grc' dir='ltr'>μόνον</span> <span class='ocrx_word' id='word_1_598' title='bbox 903 4113 1004 4174; x_wconf 79' lang='lat' dir='ltr'><strong>dicunt,</strong></span> <span class='ocrx_word' id='word_1_599' title='bbox 1019 4128 1090 4166; x_wconf 81' lang='lat' dir='ltr'><strong>cccvi</strong></span> <span class='ocrx_word' id='word_1_600' title='bbox 1106 4113 1191 4164; x_wconf 83' lang='lat' dir='ltr'><strong>Fabiis</strong></span> <span class='ocrx_word' id='word_1_601' title='bbox 1209 4113 1294 4172; x_wconf 72' lang='lat' dir='ltr'><strong>caus,</strong></span> <span class='ocrx_word' id='word_1_602' title='bbox 1308 4126 1339 4163; x_wconf 81' lang='lat' dir='ltr'>ex</span> <span class='ocrx_word' id='word_1_603' title='bbox 1354 4115 1409 4162; x_wconf 87' lang='lat' dir='ltr'><strong>tota</strong></span> <span class='ocrx_word' id='word_1_604' title='bbox 1423 4116 1495 4176; x_wconf 77' lang='lat' dir='ltr'><strong>gente</strong></span> <span class='ocrx_word' id='word_1_605' title='bbox 1507 4112 1609 4162; x_wconf 89' lang='lat' dir='ltr'><strong>unicum</strong></span> <span class='ocrx_word' id='word_1_606' title='bbox 1622 4126 1684 4175; x_wconf 88' lang='lat' dir='ltr'><strong>pue-</strong></span> 
     </span>
     <span class='ocr_line' id='line_1_81' title="bbox 72 4187 1682 4272; baseline -0.005 -12"><span class='ocrx_word' id='word_1_607' title='bbox 72 4189 176 4271; x_wconf 68' lang='grc' dir='ltr'>ἕθῑίφθθ</span> <span class='ocrx_word' id='word_1_608' title='bbox 187 4196 232 4249; x_wconf 68' lang='grc' dir='ltr'>τοῦ</span> <span class='ocrx_word' id='word_1_609' title='bbox 243 4189 333 4268; x_wconf 63' lang='grc' dir='ltr'>γένους</span> <span class='ocrx_word' id='word_1_610' title='bbox 344 4187 460 4266; x_wconf 63' lang='grc' dir='ltr'>παιδίον,</span> <span class='ocrx_word' id='word_1_611' title='bbox 472 4201 583 4272; x_wconf 76' lang='grc' dir='ltr'>πρᾶγμα</span> <span class='ocrx_word' id='word_1_612' title='bbox 594 4197 624 4254; x_wconf 82' lang='grc' dir='ltr'>οὐ</span> <span class='ocrx_word' id='word_1_613' title='bbox 638 4196 716 4272; x_wconf 88' lang='grc' dir='ltr'>μόνον</span> <span class='ocrx_word' id='word_1_614' title='bbox 729 4197 854 4258; x_wconf 78' lang='grc' dir='ltr'>ἀπίθανον</span> <span class='ocrx_word' id='word_1_615' title='bbox 902 4218 959 4254; x_wconf 88' lang='lat' dir='ltr'>mm</span> <span class='ocrx_word' id='word_1_616' title='bbox 974 4203 1088 4254; x_wconf 90' lang='lat' dir='ltr'><strong>relictum</strong></span> <span class='ocrx_word' id='word_1_617' title='bbox 1099 4217 1105 4245; x_wconf 76' lang='grc' dir='ltr'><strong><em>τ</em></strong></span> <span class='ocrx_word' id='word_1_618' title='bbox 1123 4216 1175 4253; x_wconf 89' lang='lat' dir='ltr'>rem</span> <span class='ocrx_word' id='word_1_619' title='bbox 1190 4217 1240 4252; x_wconf 91' lang='lat' dir='ltr'>non</span> <span class='ocrx_word' id='word_1_620' title='bbox 1251 4201 1331 4251; x_wconf 89' lang='lat' dir='ltr'><strong>solum</strong></span> <span class='ocrx_word' id='word_1_621' title='bbox 1344 4200 1533 4262; x_wconf 90' lang='lat' dir='ltr'><strong>incredibilem,</strong></span> <span class='ocrx_word' id='word_1_622' title='bbox 1548 4201 1592 4251; x_wconf 89' lang='lat' dir='ltr'>sed</span> <span class='ocrx_word' id='word_1_623' title='bbox 1606 4202 1682 4252; x_wconf 85' lang='lat' dir='ltr'><strong>etiam</strong></span> 
     </span>
     <span class='ocr_line' id='line_1_82' title="bbox 72 4280 1682 4364; baseline 0.002 -28"><span class='ocrx_word' id='word_1_624' title='bbox 72 4281 140 4338; x_wconf 80' lang='grc' dir='ltr'>ἀλλὰ</span> <span class='ocrx_word' id='word_1_625' title='bbox 151 4281 335 4341; x_wconf 85' lang='grc' dir='ltr'>καὶάδύνατον</span> <span class='ocrx_word' id='word_1_626' title='bbox 347 4280 504 4359; x_wconf 81' lang='grc' dir='ltr'>εἰσάγοντες.</span> <span class='ocrx_word' id='word_1_627' title='bbox 550 4283 620 4344; x_wconf 84' lang='grc' dir='ltr'>Οὔτε</span> <span class='ocrx_word' id='word_1_628' title='bbox 630 4285 683 4364; x_wconf 82' lang='grc' dir='ltr'>γθρ</span> <span class='ocrx_word' id='word_1_629' title='bbox 692 4286 815 4354; x_wconf 75' lang='grc' dir='ltr'>ἀτέκνους</span> <span class='ocrx_word' id='word_1_630' title='bbox 824 4312 853 4346; x_wconf 89' lang='grc' dir='ltr'>τε</span> <span class='ocrx_word' id='word_1_631' title='bbox 901 4307 959 4358; x_wconf 78' lang='lat' dir='ltr'><strong>queo</strong></span> <span class='ocrx_word' id='word_1_632' title='bbox 973 4293 1026 4342; x_wconf 86' lang='lat' dir='ltr'><strong>lieri</strong></span> <span class='ocrx_word' id='word_1_633' title='bbox 1048 4306 1099 4342; x_wconf 89' lang='lat' dir='ltr'>nou</span> <span class='ocrx_word' id='word_1_634' title='bbox 1118 4293 1215 4356; x_wconf 87' lang='lat' dir='ltr'><strong>potuit,</strong></span> <span class='ocrx_word' id='word_1_635' title='bbox 1238 4290 1435 4341; x_wconf 81' lang='lat' dir='ltr'><strong>introducentes.</strong></span> <span class='ocrx_word' id='word_1_636' title='bbox 1473 4293 1523 4341; x_wconf 84' lang='lat' dir='ltr'>Nec</span> <span class='ocrx_word' id='word_1_637' title='bbox 1543 4291 1609 4341; x_wconf 87' lang='lat' dir='ltr'><strong>enim</strong></span> <span class='ocrx_word' id='word_1_638' title='bbox 1629 4290 1682 4341; x_wconf 80' lang='lat' dir='ltr'><strong>sieri</strong></span> 
     </span>
     <span class='ocr_line' id='line_1_83' title="bbox 18 4359 1683 4447; baseline 0.002 -22"><span class='ocrx_word' id='word_1_639' title='bbox 18 4387 44 4425; x_wconf 82' lang='lat' dir='ltr'>ss</span> <span class='ocrx_word' id='word_1_640' title='bbox 71 4369 116 4427; x_wconf 83' lang='grc' dir='ltr'>καί</span> <span class='ocrx_word' id='word_1_641' title='bbox 132 4369 249 4447; x_wconf 83' lang='grc' dir='ltr'>ἀγάμους</span> <span class='ocrx_word' id='word_1_642' title='bbox 267 4368 386 4436; x_wconf 80' lang='grc' dir='ltr'>ἅπαντας</span> <span class='ocrx_word' id='word_1_643' title='bbox 408 4359 474 4429; x_wconf 74' lang='grc' dir='ltr'>εἶναι</span> <span class='ocrx_word' id='word_1_644' title='bbox 492 4370 598 4430; x_wconf 87' lang='grc' dir='ltr'>δυνατὸν</span> <span class='ocrx_word' id='word_1_645' title='bbox 620 4362 653 4444; x_wconf 68' lang='grc' dir='ltr'>ἦν</span> <span class='ocrx_word' id='word_1_646' title='bbox 667 4372 726 4441; x_wconf 79' lang='grc' dir='ltr'>τοὺς</span> <span class='ocrx_word' id='word_1_647' title='bbox 740 4373 854 4443; x_wconf 84' lang='grc' dir='ltr'>έξελθόν-</span> <span class='ocrx_word' id='word_1_648' title='bbox 902 4385 1017 4447; x_wconf 89' lang='lat' dir='ltr'><strong>poterat,</strong></span> <span class='ocrx_word' id='word_1_649' title='bbox 1038 4384 1066 4430; x_wconf 93' lang='lat' dir='ltr'>ut</span> <span class='ocrx_word' id='word_1_650' title='bbox 1082 4394 1167 4430; x_wconf 87' lang='lat' dir='ltr'><strong>omnes</strong></span> <span class='ocrx_word' id='word_1_651' title='bbox 1185 4378 1267 4439; x_wconf 87' lang='lat' dir='ltr'><strong>Fabii,</strong></span> <span class='ocrx_word' id='word_1_652' title='bbox 1284 4380 1328 4444; x_wconf 94' lang='lat' dir='ltr'><strong>qui</strong></span> <span class='ocrx_word' id='word_1_653' title='bbox 1350 4381 1376 4429; x_wconf 93' lang='lat' dir='ltr'><strong>in</strong></span> <span class='ocrx_word' id='word_1_654' title='bbox 1396 4378 1457 4430; x_wconf 90' lang='lat' dir='ltr'><strong>illud</strong></span> <span class='ocrx_word' id='word_1_655' title='bbox 1478 4379 1610 4430; x_wconf 87' lang='lat' dir='ltr'><strong>castellum</strong></span> <span class='ocrx_word' id='word_1_656' title='bbox 1628 4379 1683 4429; x_wconf 86' lang='lat' dir='ltr'><strong>ire·</strong></span> 
     </span>
    </p>
   </div>
   <div class='ocr_carea' id='block_1_10' title="bbox 72 4459 850 4542">
    <p class='ocr_par' dir='ltr' id='par_1_15' title="bbox 72 4459 850 4542">
     <span class='ocr_line' id='line_1_84' title="bbox 72 4459 850 4542; baseline 0.008 -26"><span class='ocrx_word' id='word_1_657' title='bbox 72 4482 118 4524; x_wconf 89' lang='grc' dir='ltr'>τας</span> <span class='ocrx_word' id='word_1_658' title='bbox 132 4466 167 4525; x_wconf 80' lang='grc' dir='ltr'>είς</span> <span class='ocrx_word' id='word_1_659' title='bbox 184 4460 215 4520; x_wconf 86' lang='grc' dir='ltr'>τδ</span> <span class='ocrx_word' id='word_1_660' title='bbox 231 4466 354 4540; x_wconf 75' lang='grc' dir='ltr'>φρούριον</span> <span class='ocrx_word' id='word_1_661' title='bbox 373 4459 503 4525; x_wconf 65' lang='lat' dir='ltr'><strong>hostete.</strong></span> <span class='ocrx_word' id='word_1_662' title='bbox 551 4459 585 4520; x_wconf 88' lang='lat'>‘0</span> <span class='ocrx_word' id='word_1_663' title='bbox 602 4460 653 4541; x_wconf 83' lang='grc' dir='ltr'>γὰρ</span> <span class='ocrx_word' id='word_1_664' title='bbox 675 4463 784 4542; x_wconf 77' lang='grc' dir='ltr'>ἀρχαῖος</span> <span class='ocrx_word' id='word_1_665' title='bbox 801 4466 850 4522; x_wconf 85' lang='grc' dir='ltr'>αύ-</span> 
     </span>
    </p>
   </div>
   <div class='ocr_carea' id='block_1_11' title="bbox 902 4468 1682 4533">
    <p class='ocr_par' dir='ltr' id='par_1_16' title="bbox 902 4468 1682 4533">
     <span class='ocr_line' id='line_1_85' title="bbox 902 4468 1682 4533; baseline -0.006 -12"><span class='ocrx_word' id='word_1_666' title='bbox 902 4474 975 4529; x_wconf 87' lang='lat' dir='ltr'><strong>rant,</strong></span> <span class='ocrx_word' id='word_1_667' title='bbox 992 4472 1078 4520; x_wconf 82' lang='lat' dir='ltr'><strong>esseut</strong></span> <span class='ocrx_word' id='word_1_668' title='bbox 1089 4470 1143 4519; x_wconf 86' lang='lat' dir='ltr'><strong>sina</strong></span> <span class='ocrx_word' id='word_1_669' title='bbox 1162 4468 1248 4519; x_wconf 87' lang='lat' dir='ltr'><strong>liberis</strong></span> <span class='ocrx_word' id='word_1_670' title='bbox 1265 4472 1291 4518; x_wconf 88' lang='lat' dir='ltr'>et</span> <span class='ocrx_word' id='word_1_671' title='bbox 1311 4468 1417 4519; x_wconf 86' lang='lat' dir='ltr'><strong>caelihes.</strong></span> <span class='ocrx_word' id='word_1_672' title='bbox 1453 4471 1516 4519; x_wconf 87' lang='lat' dir='ltr'>Nam</span> <span class='ocrx_word' id='word_1_673' title='bbox 1537 4469 1619 4533; x_wconf 88' lang='lat' dir='ltr'><strong>prisca</strong></span> <span class='ocrx_word' id='word_1_674' title='bbox 1636 4470 1682 4517; x_wconf 82' lang='lat' dir='ltr'>llo</span> 
     </span>
    </p>
   </div>
   <div class='ocr_carea' id='block_1_12' title="bbox 73 4547 1681 4633">
    <p class='ocr_par' dir='ltr' id='par_1_17' title="bbox 73 4547 1681 4633">
     <span class='ocr_line' id='line_1_86' title="bbox 73 4547 1681 4633; baseline 0 -30"><span class='ocrx_word' id='word_1_675' title='bbox 73 4550 124 4604; x_wconf 79' lang='grc' dir='ltr'>τῶν</span> <span class='ocrx_word' id='word_1_676' title='bbox 140 4547 217 4621; x_wconf 88' lang='grc' dir='ltr'>νόμος</span> <span class='ocrx_word' id='word_1_677' title='bbox 232 4552 326 4627; x_wconf 84' lang='grc' dir='ltr'>γαμεῖν</span> <span class='ocrx_word' id='word_1_678' title='bbox 342 4551 367 4607; x_wconf 82' lang='grc' dir='ltr'>τ’</span> <span class='ocrx_word' id='word_1_679' title='bbox 383 4550 516 4628; x_wconf 81' lang='grc' dir='ltr'>ἠνάγκαζε</span> <span class='ocrx_word' id='word_1_680' title='bbox 532 4547 629 4617; x_wconf 79' lang='grc' dir='ltr'>τοθςέν</span> <span class='ocrx_word' id='word_1_681' title='bbox 642 4553 745 4633; x_wconf 77' lang='grc' dir='ltr'>ήλικέσρ,</span> <span class='ocrx_word' id='word_1_682' title='bbox 761 4553 852 4613; x_wconf 77' lang='grc' dir='ltr'>καὶτὰ</span> <span class='ocrx_word' id='word_1_683' title='bbox 900 4571 1030 4608; x_wconf 90' lang='lat' dir='ltr'><strong>manorum</strong></span> <span class='ocrx_word' id='word_1_684' title='bbox 1051 4557 1092 4608; x_wconf 83' lang='lat' dir='ltr'>lex</span> <span class='ocrx_word' id='word_1_685' title='bbox 1112 4557 1213 4620; x_wconf 79' lang='lat' dir='ltr'><strong>cogebat</strong></span> <span class='ocrx_word' id='word_1_686' title='bbox 1237 4570 1292 4619; x_wconf 90' lang='lat' dir='ltr'><strong>cos,</strong></span> <span class='ocrx_word' id='word_1_687' title='bbox 1318 4558 1362 4620; x_wconf 90' lang='lat' dir='ltr'><strong>qui</strong></span> <span class='ocrx_word' id='word_1_688' title='bbox 1385 4572 1428 4620; x_wconf 88' lang='lat' dir='ltr'>per</span> <span class='ocrx_word' id='word_1_689' title='bbox 1454 4561 1555 4607; x_wconf 68' lang='lat' dir='ltr'><strong>aetatem</strong></span> <span class='ocrx_word' id='word_1_690' title='bbox 1579 4558 1681 4620; x_wconf 87' lang='lat' dir='ltr'><strong>possent</strong></span> 
     </span>
    </p>
   </div>
   <div class='ocr_carea' id='block_1_13' title="bbox 13 4634 850 5251">
    <p class='ocr_par' dir='ltr' id='par_1_18' title="bbox 13 4634 850 5251">
     <span class='ocr_line' id='line_1_87' title="bbox 74 4634 850 4722; baseline 0.015 -33"><span class='ocrx_word' id='word_1_691' title='bbox 74 4634 223 4708; x_wconf 82' lang='grc' dir='ltr'>γεννώμενα</span> <span class='ocrx_word' id='word_1_692' title='bbox 234 4634 342 4699; x_wconf 74' lang='grc' dir='ltr'>’ἅπαντα</span> <span class='ocrx_word' id='word_1_693' title='bbox 354 4639 500 4712; x_wconf 80' lang='grc' dir='ltr'>έπαναγκες</span> <span class='ocrx_word' id='word_1_694' title='bbox 508 4637 754 4722; x_wconf 61' lang='grc' dir='ltr'>τρὲρεινονούκδν</span> <span class='ocrx_word' id='word_1_695' title='bbox 765 4640 850 4714; x_wconf 84' lang='grc' dir='ltr'>δήπου</span> 
     </span>
     <span class='ocr_line' id='line_1_88' title="bbox 67 4725 846 4807; baseline -0.001 -21"><span class='ocrx_word' id='word_1_696' title='bbox 67 4725 215 4786; x_wconf 80' lang='grc' dir='ltr'>κατελνσαν</span> <span class='ocrx_word' id='word_1_697' title='bbox 230 4730 254 4786; x_wconf 82' lang='lat' dir='ltr'><strong>oi</strong></span> <span class='ocrx_word' id='word_1_698' title='bbox 273 4726 375 4787; x_wconf 84' lang='grc' dir='ltr'>Φάόιοι</span> <span class='ocrx_word' id='word_1_699' title='bbox 395 4726 471 4803; x_wconf 90' lang='grc' dir='ltr'>μόνοι</span> <span class='ocrx_word' id='word_1_700' title='bbox 493 4728 697 4806; x_wconf 74' lang='grc' dir='ltr'>πεφυλαγμένον</span> <span class='ocrx_word' id='word_1_701' title='bbox 722 4727 785 4807; x_wconf 74' lang='grc' dir='ltr'>ἄχρι</span> <span class='ocrx_word' id='word_1_702' title='bbox 799 4732 846 4799; x_wconf 74' lang='grc' dir='ltr'>τῆς</span> 
     </span>
     <span class='ocr_line' id='line_1_89' title="bbox 13 4814 845 4895; baseline -0.001 -18"><span class='ocrx_word' id='word_1_703' title='bbox 13 4841 40 4877; x_wconf 84' lang='grc' dir='ltr'>ου</span> <span class='ocrx_word' id='word_1_704' title='bbox 67 4818 168 4875; x_wconf 79' lang='grc' dir='ltr'>ἑαυτῶν</span> <span class='ocrx_word' id='word_1_705' title='bbox 191 4815 297 4883; x_wconf 77' lang='grc' dir='ltr'>ἡλικίας</span> <span class='ocrx_word' id='word_1_706' title='bbox 318 4815 370 4873; x_wconf 80' lang='grc' dir='ltr'>ὑπὸ</span> <span class='ocrx_word' id='word_1_707' title='bbox 393 4818 444 4874; x_wconf 82' lang='grc' dir='ltr'>τῶν</span> <span class='ocrx_word' id='word_1_708' title='bbox 463 4814 595 4895; x_wconf 81' lang='grc' dir='ltr'>πατέρων.</span> <span class='ocrx_word' id='word_1_709' title='bbox 639 4817 672 4875; x_wconf 79' lang='lat' dir='ltr'>El</span> <span class='ocrx_word' id='word_1_710' title='bbox 694 4816 722 4875; x_wconf 87' lang='grc' dir='ltr'>δέ</span> <span class='ocrx_word' id='word_1_711' title='bbox 747 4817 779 4888; x_wconf 80' lang='grc' dir='ltr'>δὴ</span> <span class='ocrx_word' id='word_1_712' title='bbox 800 4818 845 4878; x_wconf 86' lang='grc' dir='ltr'>καί</span> 
     </span>
     <span class='ocr_line' id='line_1_90' title="bbox 66 4903 845 4986; baseline 0 -22"><span class='ocrx_word' id='word_1_713' title='bbox 66 4910 143 4964; x_wconf 77' lang='grc' dir='ltr'>τοῦτο</span> <span class='ocrx_word' id='word_1_714' title='bbox 159 4903 215 4973; x_wconf 90' lang='grc' dir='ltr'>θείη</span> <span class='ocrx_word' id='word_1_715' title='bbox 230 4926 285 4974; x_wconf 89' lang='grc' dir='ltr'>τις,</span> <span class='ocrx_word' id='word_1_716' title='bbox 299 4903 358 4961; x_wconf 76' lang='grc' dir='ltr'>ἀλλ’</span> <span class='ocrx_word' id='word_1_717' title='bbox 379 4904 465 4964; x_wconf 78' lang='grc' dir='ltr'>ἐκεῖνό</span> <span class='ocrx_word' id='word_1_718' title='bbox 480 4927 510 4982; x_wconf 88' lang='grc' dir='ltr'>γε</span> <span class='ocrx_word' id='word_1_719' title='bbox 526 4909 574 4965; x_wconf 86' lang='grc' dir='ltr'>ούκ</span> <span class='ocrx_word' id='word_1_720' title='bbox 598 4904 630 4964; x_wconf 83' lang='grc' dir='ltr'>διν</span> <span class='ocrx_word' id='word_1_721' title='bbox 644 4903 684 4964; x_wconf 84' lang='grc' dir='ltr'>ίτι</span> <span class='ocrx_word' id='word_1_722' title='bbox 701 4906 845 4986; x_wconf 81' lang='grc' dir='ltr'>συγχωρή-</span> 
     </span>
     <span class='ocr_line' id='line_1_91' title="bbox 67 4985 844 5070; baseline -0.001 -17"><span class='ocrx_word' id='word_1_723' title='bbox 67 5017 137 5069; x_wconf 89' lang='grc' dir='ltr'>σειε,</span> <span class='ocrx_word' id='word_1_724' title='bbox 154 4992 183 5050; x_wconf 85' lang='grc' dir='ltr'>τθ</span> <span class='ocrx_word' id='word_1_725' title='bbox 199 4989 267 5067; x_wconf 71' lang='grc' dir='ltr'>μηδὲ</span> <span class='ocrx_word' id='word_1_726' title='bbox 284 4991 409 5070; x_wconf 65' lang='grc' dir='ltr'>ἀδελφοὺς</span> <span class='ocrx_word' id='word_1_727' title='bbox 427 4995 515 5054; x_wconf 84' lang='grc' dir='ltr'>αὐτῶν</span> <span class='ocrx_word' id='word_1_728' title='bbox 538 4985 608 5053; x_wconf 77' lang='grc' dir='ltr'>εἶναί</span> <span class='ocrx_word' id='word_1_729' title='bbox 626 5017 710 5067; x_wconf 91' lang='grc' dir='ltr'>τισιν,</span> <span class='ocrx_word' id='word_1_730' title='bbox 738 4995 844 5066; x_wconf 81' lang='grc' dir='ltr'>ἡλικίαν</span> 
     </span>
     <span class='ocr_line' id='line_1_92' title="bbox 67 5077 844 5162; baseline 0.003 -22"><span class='ocrx_word' id='word_1_731' title='bbox 67 5081 106 5141; x_wconf 85' lang='grc' dir='ltr'>ἔτι</span> <span class='ocrx_word' id='word_1_732' title='bbox 131 5083 233 5140; x_wconf 79' lang='grc' dir='ltr'>παίδοιν</span> <span class='ocrx_word' id='word_1_733' title='bbox 259 5077 381 5157; x_wconf 79' lang='grc' dir='ltr'>ἔχοντας·</span> <span class='ocrx_word' id='word_1_734' title='bbox 400 5080 489 5154; x_wconf 86' lang='grc' dir='ltr'>μύθοις</span> <span class='ocrx_word' id='word_1_735' title='bbox 510 5079 564 5162; x_wconf 78' lang='grc' dir='ltr'>γάρ</span> <span class='ocrx_word' id='word_1_736' title='bbox 593 5081 625 5154; x_wconf 76' lang='grc' dir='ltr'>δὴ</span> <span class='ocrx_word' id='word_1_737' title='bbox 643 5081 729 5142; x_wconf 80' lang='grc' dir='ltr'>ταῦτά</span> <span class='ocrx_word' id='word_1_738' title='bbox 744 5106 775 5162; x_wconf 92' lang='grc' dir='ltr'>γε</span> <span class='ocrx_word' id='word_1_739' title='bbox 798 5083 844 5142; x_wconf 82' lang='grc' dir='ltr'>καὶ</span> 
     </span>
     <span class='ocr_line' id='line_1_93' title="bbox 68 5166 842 5251; baseline 0 -22"><span class='ocrx_word' id='word_1_740' title='bbox 68 5168 223 5247; x_wconf 83' lang='grc' dir='ltr'>πλάσμασιν</span> <span class='ocrx_word' id='word_1_741' title='bbox 238 5166 305 5229; x_wconf 82' lang='grc' dir='ltr'>ἔοικε</span> <span class='ocrx_word' id='word_1_742' title='bbox 319 5171 470 5243; x_wconf 72' lang='grc' dir='ltr'>θεατρικοῖς.</span> <span class='ocrx_word' id='word_1_743' title='bbox 522 5172 558 5233; x_wconf 75' lang='grc'>01</span> <span class='ocrx_word' id='word_1_744' title='bbox 571 5167 599 5228; x_wconf 76' lang='grc' dir='ltr'>δέ</span> <span class='ocrx_word' id='word_1_745' title='bbox 611 5168 721 5251; x_wconf 88' lang='grc' dir='ltr'>πατέρες</span> <span class='ocrx_word' id='word_1_746' title='bbox 736 5172 842 5250; x_wconf 80' lang='grc' dir='ltr'>αὐτῶν,</span> 
     </span>
    </p>
   </div>
   <div class='ocr_carea' id='block_1_14' title="bbox 898 4643 1680 5244">
    <p class='ocr_par' dir='ltr' id='par_1_19' title="bbox 898 4643 1680 5244">
     <span class='ocr_line' id='line_1_94' title="bbox 901 4643 1680 4709; baseline -0.005 -13"><span class='ocrx_word' id='word_1_747' title='bbox 901 4658 993 4696; x_wconf 84' lang='lat' dir='ltr'><strong>uxores</strong></span> <span class='ocrx_word' id='word_1_748' title='bbox 1003 4644 1108 4705; x_wconf 89' lang='lat' dir='ltr'><strong>ducere,</strong></span> <span class='ocrx_word' id='word_1_749' title='bbox 1120 4647 1146 4694; x_wconf 89' lang='lat' dir='ltr'>et</span> <span class='ocrx_word' id='word_1_750' title='bbox 1162 4646 1190 4694; x_wconf 90' lang='lat' dir='ltr'>ut</span> <span class='ocrx_word' id='word_1_751' title='bbox 1201 4657 1286 4693; x_wconf 88' lang='lat' dir='ltr'><strong>omnes</strong></span> <span class='ocrx_word' id='word_1_752' title='bbox 1298 4643 1391 4694; x_wconf 86' lang='lat' dir='ltr'><strong>liberos</strong></span> <span class='ocrx_word' id='word_1_753' title='bbox 1406 4649 1535 4709; x_wconf 85' lang='lat' dir='ltr'><strong>susceptos</strong></span> <span class='ocrx_word' id='word_1_754' title='bbox 1546 4645 1680 4694; x_wconf 83' lang='lat' dir='ltr'><strong>educarent</strong></span> 
     </span>
     <span class='ocr_line' id='line_1_95' title="bbox 901 4732 1678 4798; baseline -0.008 -14"><span class='ocrx_word' id='word_1_755' title='bbox 901 4749 999 4786; x_wconf 87' lang='lat' dir='ltr'><strong>necesse</strong></span> <span class='ocrx_word' id='word_1_756' title='bbox 1012 4739 1068 4784; x_wconf 89' lang='lat' dir='ltr'><strong>erat</strong></span> <span class='ocrx_word' id='word_1_757' title='bbox 1081 4748 1175 4798; x_wconf 87' lang='lat' dir='ltr'><strong>:quam</strong></span> <span class='ocrx_word' id='word_1_758' title='bbox 1192 4732 1271 4796; x_wconf 82' lang='lat' dir='ltr'><strong>legem</strong></span> <span class='ocrx_word' id='word_1_759' title='bbox 1285 4732 1418 4795; x_wconf 70' lang='lat' dir='ltr'><strong>diligenter</strong></span> <span class='ocrx_word' id='word_1_760' title='bbox 1434 4747 1512 4796; x_wconf 85' lang='lat' dir='ltr'><strong>usque</strong></span> <span class='ocrx_word' id='word_1_761' title='bbox 1530 4733 1562 4781; x_wconf 92' lang='lat' dir='ltr'>ad</span> <span class='ocrx_word' id='word_1_762' title='bbox 1578 4735 1678 4780; x_wconf 78' lang='lat' dir='ltr'><strong>estatem</strong></span> 
     </span>
     <span class='ocr_line' id='line_1_96' title="bbox 900 4816 1677 4885; baseline -0.009 -11"><span class='ocrx_word' id='word_1_763' title='bbox 900 4837 972 4875; x_wconf 90' lang='lat' dir='ltr'><strong>suam</strong></span> <span class='ocrx_word' id='word_1_764' title='bbox 991 4823 1158 4874; x_wconf 74' lang='lat' dir='ltr'><strong>amarioribus</strong></span> <span class='ocrx_word' id='word_1_765' title='bbox 1174 4826 1317 4881; x_wconf 86' lang='lat' dir='ltr'><strong>servatam,</strong></span> <span class='ocrx_word' id='word_1_766' title='bbox 1336 4822 1529 4885; x_wconf 83' lang='lat' dir='ltr'><strong>haudquaquam</strong></span> <span class='ocrx_word' id='word_1_767' title='bbox 1548 4818 1594 4867; x_wconf 93' lang='lat' dir='ltr'><strong>soli</strong></span> <span class='ocrx_word' id='word_1_768' title='bbox 1609 4816 1677 4867; x_wconf 83' lang='lat' dir='ltr'><strong>Fabii</strong></span> 
     </span>
     <span class='ocr_line' id='line_1_97' title="bbox 899 4903 1677 4972; baseline -0.008 -10"><span class='ocrx_word' id='word_1_769' title='bbox 899 4910 1099 4962; x_wconf 81' lang='lat' dir='ltr'><strong>contemsissem.</strong></span> <span class='ocrx_word' id='word_1_770' title='bbox 1125 4910 1173 4960; x_wconf 86' lang='lat' dir='ltr'>Sed</span> <span class='ocrx_word' id='word_1_771' title='bbox 1183 4909 1203 4958; x_wconf 92' lang='lat' dir='ltr'>si</span> <span class='ocrx_word' id='word_1_772' title='bbox 1218 4910 1275 4972; x_wconf 90' lang='lat' dir='ltr'><strong>quis</strong></span> <span class='ocrx_word' id='word_1_773' title='bbox 1291 4909 1338 4957; x_wconf 92' lang='lat' dir='ltr'><strong>hoc</strong></span> <span class='ocrx_word' id='word_1_774' title='bbox 1351 4922 1451 4972; x_wconf 86' lang='lat' dir='ltr'><strong>quoquc</strong></span> <span class='ocrx_word' id='word_1_775' title='bbox 1464 4904 1597 4963; x_wconf 87' lang='lat' dir='ltr'><strong>concedat,</strong></span> <span class='ocrx_word' id='word_1_776' title='bbox 1614 4903 1677 4956; x_wconf 83' lang='lat' dir='ltr'><strong>illud</strong></span> 
     </span>
     <span class='ocr_line' id='line_1_98' title="bbox 898 4990 1677 5056; baseline -0.006 -5"><span class='ocrx_word' id='word_1_777' title='bbox 898 5003 983 5051; x_wconf 86' lang='lat' dir='ltr'><strong>tamen</strong></span> <span class='ocrx_word' id='word_1_778' title='bbox 1003 5013 1053 5048; x_wconf 91' lang='lat' dir='ltr'>non</span> <span class='ocrx_word' id='word_1_779' title='bbox 1077 4998 1152 5049; x_wconf 91' lang='lat' dir='ltr'><strong>etiam</strong></span> <span class='ocrx_word' id='word_1_780' title='bbox 1172 4996 1305 5056; x_wconf 86' lang='lat' dir='ltr'><strong>concedet,</strong></span> <span class='ocrx_word' id='word_1_781' title='bbox 1332 5012 1362 5046; x_wconf 89' lang='lat' dir='ltr'>ne</span> <span class='ocrx_word' id='word_1_782' title='bbox 1382 4997 1472 5044; x_wconf 82' lang='lat' dir='ltr'><strong>iratres</strong></span> <span class='ocrx_word' id='word_1_783' title='bbox 1491 4990 1592 5055; x_wconf 86' lang='lat' dir='ltr'><strong>quidem</strong></span> <span class='ocrx_word' id='word_1_784' title='bbox 1614 4992 1677 5046; x_wconf 92' lang='lat' dir='ltr'><strong>ullos</strong></span> 
     </span>
     <span class='ocr_line' id='line_1_99' title="bbox 898 5079 1677 5141; baseline -0.008 0"><span class='ocrx_word' id='word_1_785' title='bbox 898 5088 981 5141; x_wconf 77' lang='lat' dir='ltr'><strong>emtis</strong></span> <span class='ocrx_word' id='word_1_786' title='bbox 994 5088 1077 5138; x_wconf 89' lang='lat' dir='ltr'><strong>adhuc</strong></span> <span class='ocrx_word' id='word_1_787' title='bbox 1095 5087 1193 5139; x_wconf 82' lang='lat' dir='ltr'><strong>tenellae</strong></span> <span class='ocrx_word' id='word_1_788' title='bbox 1209 5087 1258 5137; x_wconf 88' lang='lat' dir='ltr'><strong>illis</strong></span> <span class='ocrx_word' id='word_1_789' title='bbox 1275 5086 1358 5134; x_wconf 84' lang='lat' dir='ltr'><strong>luisse.</strong></span> <span class='ocrx_word' id='word_1_790' title='bbox 1392 5086 1452 5133; x_wconf 81' lang='lat' dir='ltr'><strong>llaec</strong></span> <span class='ocrx_word' id='word_1_791' title='bbox 1468 5081 1533 5131; x_wconf 89' lang='lat' dir='ltr'><strong>enim</strong></span> <span class='ocrx_word' id='word_1_792' title='bbox 1544 5079 1636 5133; x_wconf 88' lang='lat' dir='ltr'><strong>labulis</strong></span> <span class='ocrx_word' id='word_1_793' title='bbox 1651 5088 1677 5135; x_wconf 91' lang='lat' dir='ltr'>et</span> 
     </span>
     <span class='ocr_line' id='line_1_100' title="bbox 899 5171 1675 5244; baseline -0.005 -17"><span class='ocrx_word' id='word_1_794' title='bbox 899 5178 1022 5244; x_wconf 82' lang='lat' dir='ltr'><strong>tigmentis</strong></span> <span class='ocrx_word' id='word_1_795' title='bbox 1042 5177 1171 5229; x_wconf 88' lang='lat' dir='ltr'><strong>theatricis</strong></span> <span class='ocrx_word' id='word_1_796' title='bbox 1190 5179 1250 5228; x_wconf 92' lang='lat' dir='ltr'><strong>sunt</strong></span> <span class='ocrx_word' id='word_1_797' title='bbox 1262 5171 1359 5225; x_wconf 90' lang='lat' dir='ltr'><strong>similia.</strong></span> <span class='ocrx_word' id='word_1_798' title='bbox 1394 5172 1480 5222; x_wconf 88' lang='lat' dir='ltr'><strong>Patres</strong></span> <span class='ocrx_word' id='word_1_799' title='bbox 1494 5185 1553 5222; x_wconf 82' lang='lat' dir='ltr'><strong>vero</strong></span> <span class='ocrx_word' id='word_1_800' title='bbox 1573 5187 1675 5236; x_wconf 84' lang='lat' dir='ltr'><strong>eorum,</strong></span> 
     </span>
    </p>
   </div>
   <div class='ocr_carea' id='block_1_15' title="bbox 0 0 1890 5828">
    <p class='ocr_par' dir='ltr' id='par_1_20' title="bbox 0 0 1890 5828">
     <span class='ocr_line' id='line_1_101' title="bbox 0 0 1890 5828; baseline 0 5"><span class='ocrx_word' id='word_1_801' title='bbox 0 0 1890 5828; x_wconf 95' lang='lat' dir='ltr'> </span> 
     </span>
    </p>
   </div>
  </div>
 </body>
</html>
