3772 5828
187 342 246 403 668

186 494 275 551 γουσι,
289 473 335 533 καί
347 473 459 532 καλοῦσι
475 469 519 530 τόν
531 472 615 548 δῆμον
628 471 672 531 ini
687 472 733 542 τὴν
749 472 911 552 θλευθερίαν.
928 470 962 533 ‘0

187 560 216 620 δέ
228 565 271 622 ὑπ’
287 565 384 641 ὀργῆς,
403 564 439 627 ῶς
451 549 506 640 εἶχε
527 560 644 640 τάχους,
665 562 766 636 πίμπιι
783 565 835 620 τῶν
852 560 965 643 ραόδού·

186 674 242 730 χων
256 652 344 724 τινάς,
359 650 485 715 κελεύσας
500 648 611 727 σἰπάγειν
622 651 658 716 είς
669 650 699 708 τ“ο
708 649 888 731 δεσμωτήριον
904 649 965 718 τούς

185 740 345 821 κεκραγότας
359 738 404 797 καί
420 737 451 796 τδ
465 741 564 814 πτῶμα
581 737 736 818 μιταράρειν
750 743 779 800 ix
792 744 838 811 τῆς
853 743 962 820 ἀγορᾶς,

147 843 160 881 ⁶
187 831 379 912 ἆρρσνέστατον
393 837 506 908 πρᾶγμα
528 829 610 886 ποιῶν
632 828 678 888 καὶ
703 836 756 896 τοῖς
781 827 839 888 τότε
865 837 965 907 καιροῖς

187 918 283 992 ἥκιστα
294 917 434 997 άρμόττον.
455 915 520 976 Δέον
532 913 584 995 γάρ
599 915 803 998 ἀποθεραπεύειν
825 915 868 974 τδν
883 915 963 996 ὄχλον

187 1010 267 1090 δργῆς
288 1005 414 1088 είληρότα
426 1005 531 1064 δικαίαν
543 1002 690 1084 πρόρασιν,
703 1003 808 1072 εἴξαντα
824 1004 872 1082 μίν
886 1006 913 1065 ίν
927 1008 965 1086 τῷ

187 1101 355 1177 παραχρῆμα
369 1094 468 1174 χρόνῳ,
481 1091 588 1172 ύστερσν
600 1090 627 1149 δέ
638 1092 672 1149 τά
682 1090 730 1168 μίν
743 1090 964 1169 ἀπολογούμενον,

186 1184 220 1245 τά
235 1183 263 1244 δέ
277 1181 505 1263 παραιτούμενον,
520 1179 554 1238 τθ
565 1179 588 1237 δ’
601 1178 702 1260 έτίραις
720 1182 788 1239 τισὶν
803 1180 964 1260 εὐεργεσίαις

136 1278 161 1317 ¹⁰
188 1272 371 1344 σίναλαάόντα,
387 1270 430 1330 ἐπὶ
446 1270 476 1329 τό
496 1267 640 1348 βιαιότερον
656 1268 768 1348 ἐνεχθείς
790 1272 826 1336 εἰς
839 1270 963 1328 άκόνοιαν

188 1360 282 1429 αὐτούς
293 1362 428 1438 ἠνάγκασε
440 1358 597 1438 τραπέσθαι.
640 1359 681 1416 oi
694 1354 744 1436 γάρ
755 1356 898 1437 ἀνίσχοντα
912 1361 964 1416 τῶν

188 1448 403 1525 ίπιύαλλομένων
418 1446 502 1506 ἕλκειν
522 1445 569 1517 τὴν
581 1442 691 1523 νεκράν,
707 1440 724 1514 ἢ
740 1442 799 1512 τοὺς
818 1445 915 1521 ἄνδρας
930 1446 965 1512 εἷς

187 1537 219 1597 τ“ο
234 1537 411 1614 δεσμωτήριον
431 1532 562 1612 ἁπάγειν,
581 1532 640 1590 ἀλλ’
660 1529 837 1608 ίμθοήσαντες
863 1533 965 1599 ίαυτοῐς

188 1623 234 1682 σὺν
250 1623 359 1701 ὠθισμῷ
372 1645 401 1680 τε
416 1621 462 1680 καί
477 1622 591 1696 πληγαῖς
605 1621 658 1678 τῶν
675 1619 853 1699 βιαζομένων,
869 1618 964 1688 έξέὸα·

136 1732 160 1770 ιε
186 1713 233 1770 λον
243 1709 335 1777 αὐτούς
350 1713 379 1770 ίκ
390 1713 436 1781 τῆς
447 1713 550 1787 ἀγορᾶς.
565 1707 650 1768 Ὥστε
663 1708 834 1785 ἠναγκάσθη,
851 1708 965 1776 ἀκούσας

187 1802 295 1859 ταῦταὸ
309 1795 435 1870 Ἄππιος,
450 1797 507 1873 ἅμα
527 1796 632 1875 συχνοῖς
648 1797 760 1876 ἑταίροις
779 1799 823 1855 καί
836 1799 964 1865 πελάταις

188 1888 223 1955 είς
235 1888 284 1962 τήν
298 1887 395 1969 άγορθν
408 1885 579 1967 πορεύεσθαι,
592 1888 679 1944 παίειν
689 1884 802 1946 κελεύων
817 1887 863 1946 καὶ
878 1888 965 1966 άνείρ-

187 1999 242 2055 γειν
262 1978 378 2037 ἐκποδὼν
392 1974 450 2042 τούς
471 1977 498 2033 ίν
513 1976 566 2042 τοῖς
583 1983 735 2041 στενωποῖς.
778 1976 922 2051 Πυθόμενοι
936 1975 965 2035 δί

188 2064 237 2138 rip
266 2067 381 2124 διάνοιαν
407 2065 485 2122 αὐτοῦ
508 2067 556 2136 τῆς
583 2060 670 2130 ἰξόδσν
698 2063 842 2143 Οὐαλέριός
863 2086 892 2122 τε
918 2062 965 2122 καί

135 2191 163 2233 ,0
189 2150 329 2231 Ὁράτιος,
346 2151 389 2219 οθς
403 2150 466 2230 ἔρην
485 2149 730 2228 ἡγεμονικωτάτους
743 2139 809 2208 εἶναι
823 2153 875 2209 τῶν
890 2151 963 2210 άντι·

188 2241 350 2317 ποιουμένων
372 2244 418 2311 τῆς
438 2239 599 2319 ἐλευθερίας,
613 2237 713 2310 πολλὴν
727 2237 773 2298 καὶ
789 2237 889 2316 ἀγαθὴν
907 2242 965 2298 νεό·

188 2352 256 2401 τητα
271 2329 332 2408 περὶ
347 2326 441 2393 αύτούς
462 2327 579 2405 ἄγοντες,
597 2324 721 2387 ἵστανται
733 2326 785 2407 πρὸ
796 2332 841 2387 τοῦ
858 2333 964 2408 νεκροῦ·

188 2417 235 2478 καί
248 2416 337 2488 ἐπειδὴ
358 2416 469 2491 πλησίον
485 2419 572 2476 αὐτῶν
586 2418 610 2477 οἱ
628 2418 689 2495 περί
710 2416 756 2476 τὸν
777 2413 889 2475 Ἄππιον
905 2415 964 2496 tpi-

187 2529 275 2577 νοντο,
292 2507 459 2588 πρῶτονμὲν
481 2507 517 2574 είς
539 2507 630 2584 λόγους
647 2506 771 2585 ἐπαχθεῖς
789 2503 834 2564 καί
855 2528 964 2584 προπη-

135 2620 161 2658 εε
187 2595 331 2674 λακισμοδς
345 2596 413 2655 κατὰ
428 2599 475 2668 τῆς
488 2595 606 2665 ἔξουσίας
621 2595 707 2655 αύτῶν
722 2597 854 2677 ίχόιραεν,
871 2594 964 2655 ἔπειτα

188 2685 234 2745 καί
248 2686 281 2744 ni
297 2686 360 2766 ἔργα
375 2685 454 2762 ὅμοια
474 2690 527 2751 τοῖς
542 2683 629 2761 λόγοις
648 2684 821 2765 παρείχοντο,
843 2683 964 2752 παίοντές

187 2797 217 2833 τε
232 2773 276 2833 καί
291 2775 479 2854 ἀνατρέποντες
492 2771 550 2840 τοὺς
560 2773 641 2849 δμύσε
651 2779 809 2854 χωροῦντας.

228 2865 364 2925 xxxix.
388 2861 420 2923 ‘0
435 2862 462 2920 δὲ
476 2860 602 2937 Ἄππιος,
621 2862 759 2938 ἀδημονῶν
772 2862 817 2922 ἐπὶ
840 2866 879 2944 τῷ
891 2862 964 2943 παρὰ

189 2950 284 3009 linita
299 2954 346 3020 τῆς
371 2949 524 3020 κωλύσεως,
547 2948 593 3008 καί
609 2951 655 3007 οὐκ
669 2947 737 3028 έχων
758 2948 774 3006 δ
794 2972 820 3007 τι
835 2950 965 3028 χρήσεται

134 3070 162 3111 30
188 3047 241 3104 τοῖς
259 3037 385 3117 άνδράσι,
401 3035 448 3106 τὴν
467 3036 659 3114 ὀλεθριωτάτην
673 3037 741 3112 ἔγνω
756 3035 871 3114 βαδίζειν
891 3038 961 3095 θδόν.

189 3124 236 3193 Ὡς
248 3127 299 3207 γάρ
317 3124 355 3184 ἔτι
378 3130 423 3183 τοῦ
445 3125 559 3194 πλήθους
578 3126 650 3203 αὐτῷ
666 3122 831 3198 διαμένοντος
851 3124 963 3197 οἰκείου,

190 3216 290 3281 άναύθς
306 3214 348 3275 ἐπί
362 3219 409 3273 τοῦ
425 3213 570 3294 Ἡφαίστου
586 3212 616 3271 τὸ
632 3213 700 3291 ἱερὸν
716 3213 805 3272 ἐκάλει
822 3213 865 3273 τὸν
881 3215 963 3290 δῆμον

191 3308 226 3372 εἷς
238 3306 393 3379 ἐκκλησίαν,
409 3302 452 3362 καὶ
475 3303 630 3382 κατηγορεῖν
653 3303 775 3382 ίπειρᾶτο
795 3305 847 3362 τῶν
862 3306 963 3382 ἀνδρῶν

188 3394 355 3475 παρανομίαν
378 3393 468 3451 τεκαὶ
488 3390 581 3471 ύόριν,
611 3389 714 3470 ἐξουσία
740 3392 894 3472 δημαρχικῇ
919 3394 965 3451 καί

135 3514 161 3554 ³5
189 3483 275 3540 ἑλπίδι
300 3481 383 3562 κούρη
410 3481 594 3559 ἐπαιρόμενος,
623 3479 662 3539 ὅτι
692 3482 926 3558 συναγανακτήσας
951 3485 965 3540 θ

189 3571 272 3644 δῆμος
292 3570 361 3648 αὐτῷ
385 3569 499 3648 παρήσει
523 3571 597 3649 ῥίψαι
622 3567 681 3633 τοὺς
703 3567 799 3646 ἄνδρας
828 3567 897 3626 κατδι
917 3575 964 3641 τῆς

159 3668 162 3673 ’
189 3659 296 3739 πέτρας.
338 3660 374 3717 Οἱ
387 3657 414 3716 δέ
429 3658 488 3736 περὶ
499 3658 542 3714 τόν
556 3657 710 3736 Οὐαλέριον,
724 3656 813 3737 ἕτερον
828 3657 906 3717 τόπον
919 3663 966 3729 τῆς

191 3747 288 3823 ἀγορᾶς
311 3743 538 3821 καταλαθόμενοι,
555 3743 600 3803 καί
615 3746 645 3804 τὸ
661 3749 759 3821 πτῶμα
774 3750 821 3817 τῆς
836 3745 965 3823 παρθένου

190 3834 273 3900 θέντες
291 3834 347 3892 len
370 3834 420 3892 ὑπὸ
442 3834 548 3892 πάντων
570 3832 732 3913 ὀρθῆσεσθαι
753 3834 880 3910 ἔμελλεν,
909 3835 967 3894 ἑτέ-

138 3947 163 3986 ιο
191 3946 238 4000 ραν
255 3927 364 4002 συνῆγον
381 3923 543 3998 ἐκκλησίαν,
570 3922 615 3980 καί
640 3919 742 3994 πολλὴν
768 3925 900 3982 ίετοιοῦντο
921 3929 967 3982 τοῦ

191 4033 218 4066 τε
233 4009 342 4068 ’λππίου
360 4013 469 4069 καὶτῶν
491 4010 578 4069 σίλλων
594 4011 771 4089 ὀλιγαρχικῶν
794 4009 964 4089 κατηγορίαν.

190 4094 309 4171 'tinelli
322 4121 368 4168 τε,
389 4097 452 4175 ὅπερ
478 4099 545 4166 εἰκὸς
561 4090 606 4171 ἦν,
622 4096 664 4164 οὓς
680 4098 728 4175 μέν
746 4097 776 4155 τὸ
790 4097 893 4173 ἀξίωμα
916 4101 968 4157 τῶν

193 4185 309 4262 ἀνδρῶν,
333 4183 374 4247 οθς
393 4185 449 4242 δὲθ
470 4191 516 4256 τῆς
531 4187 608 4269 κόρης
634 4188 719 4263 ἔλεος,
747 4186 817 4245 δεινά
837 4184 881 4244 καὶ
898 4185 967 4267 πέρα

193 4273 281 4329 δεινῶν
297 4271 382 4329 διὰτὸ
399 4273 493 4351 ἀτυχές
510 4275 605 4343 κάλλος
621 4276 771 4348 παθούσης,
789 4273 833 4342 οὓς
849 4273 876 4332 δὲ
892 4276 968 4343 αὐτὸς

138 4390 164 4428 45
193 4368 206 4420 ό
227 4364 271 4429 τῆς
296 4361 407 4438 ἀρχαίας
430 4364 619 4434 καταστάσεως
644 4365 721 4430 πόθος
746 4368 780 4431 εἰς
805 4364 901 4436 ταύτην
921 4364 968 4435 τὴν

193 4451 334 4522 ἐκκλησίαν
349 4456 527 4529 παρακαλῶν,
542 4458 647 4522 πλείους
662 4458 713 4512 τῶν
726 4453 822 4533 ἐτέρων
838 4454 966 4526 συνάξειν,

192 4540 260 4599 ὥστε
280 4542 379 4617 ὀλίγους
395 4541 466 4608 τινάς
485 4547 674 4626 ύπολειρθῆναι
696 4545 755 4623 περί
776 4547 820 4604 τὸν
842 4540 969 4616 Ἄππιον,

193 4629 285 4694 αὐτούς
306 4630 365 4697 τοὺς
391 4632 591 4711 ὀλιγαρχικούς·
617 4626 692 4699 inni<
708 4625 775 4704 ἦσάν
791 4656 859 4700 τινες
883 4632 968 4692 οὐκέτι

193 4721 239 4788 τῆς
254 4717 408 4797 ὀλιγαρχίας
430 4719 515 4777 αὐτῶν
542 4722 703 4800 ἀκροώμενοι
726 4722 768 4780 διά
787 4722 885 4786 πολλὰς
904 4743 968 4799 προ·

139 4830 166 4868 ου
193 4806 300 4885 φάσεις,
326 4807 405 4882 ἀλλὰ,
429 4811 451 4866 εί
468 4810 567 4883 γένοιτο
587 4811 682 4888 ἰσχυρά
707 4812 739 4867 τδι
763 4808 968 4882 τῶνέναντίων,

194 4896 302 4970 άσμενσι
327 4898 460 4977 χαιρήσειν
486 4900 527 4954 ἐπ’
553 4898 674 4963 ἐκείνους.
718 4898 916 4979 Ἐρημούμενσν
936 4896 967 4966 δὴ

194 4985 296 5058 θεωρῶν
322 4986 411 5042 ἑαυτὸν
437 4991 450 5044 ό
476 4982 600 5057 Ἄππιος,
624 4989 778 5061 ἠναγκάσθη
804 4986 968 5063 μεταγνῶναι

193 5064 239 5123 καὶ
255 5068 374 5126 άπελθεῑν
391 5074 420 5127 ἐκ
435 5076 480 5140 τῆς
504 5076 616 5151 ἀγορᾶς·
640 5073 654 5130 ὃ
675 5073 720 5129 καί
734 5074 851 5147 μάλιστα
866 5071 967 5145 ὤνησεν

194 5152 283 5212 αὐτόν.
329 5157 493 5233 Βαλλόμενος
504 5161 554 5239 γὰρ
568 5160 617 5218 ύπδ
629 5166 675 5218 τοῦ
688 5161 829 5235 δημοτικοῦ
842 5161 965 5233 πλήθους,

713 326 878 402 bloblsli
900 340 1281 403 HALICARNASSENSIS

1020 495 1071 543 eos,
1086 482 1128 545 qui
1138 483 1265 533 vociterati
1286 483 1397 542 fuerant,
1418 479 1444 533 et
1456 481 1562 533 οεθενετ
1577 496 1592 534 e
1613 482 1671 534 torn
1685 483 1715 533 in
1728 484 1810 537 alium

1019 574 1102 624 locum
1114 574 1249 624 transferre
1271 593 1278 623 ι
1294 586 1346 624 rem
1359 572 1531 625 stultissimam
1543 577 1570 625 et
1582 573 1634 625 illis
1647 576 1815 640 temporibus

1019 663 1118 715 minime
1142 663 1330 715 convenientem
1344 663 1444 715 taciens.
1472 668 1555 724 Quum
1579 664 1648 716 enirn
1674 665 1815 720 debuisset

1019 757 1126 807 delenire
1137 755 1250 816 turbam,
1261 770 1319 819 quae
1337 756 1430 818 justam
1450 756 1495 807 ire
1507 769 1624 807 caussam
1646 756 1775 819 babebat,
1785 763 1813 811 et

1019 849 1079 898 tunc
1088 845 1190 910 quidem
1203 845 1305 905 ωθετε,
1321 848 1405 908 postea
1423 858 1482 896 vern
1504 845 1595 911 partim
1608 861 1666 897 sese
1682 862 1812 913 purgare.

1018 938 1108 1001 prrtirn
1121 934 1261 999 deprecari.
1271 935 1361 999 partim
1376 935 1499 1000 aliquibus
1507 936 1562 987 aliis
1570 937 1702 989 benefidis
1714 952 1813 992 eorum

1019 1027 1224 1078 beneolentiam
1242 1025 1331 1076 iterum
1353 1027 1401 1078 sibi
1418 1029 1561 1089 conciliare,
1583 1031 1633 1081 tlte
1660 1035 1756 1084 temen
1778 1035 1811 1083 ael

1018 1119 1138 1168 rationem
1160 1117 1330 1169 violentiorem
1344 1123 1492 1183 provectus,
1503 1134 1547 1172 eos
1559 1120 1591 1171 ad
1602 1121 1810 1187 desperationem

1019 1208 1108 1272 adegit.
1123 1206 1285 1271 nequeenim
1309 1210 1420 1261 tulerunt
1434 1224 1489 1270 eos.
1513 1211 1556 1275 qui
1578 1215 1691 1278 amussi
1708 1216 1810 1268 inerant

1019 1300 1125 1351 cadaver
1153 1299 1267 1361 trabere,
1297 1304 1323 1351 el
1349 1303 1415 1354 viros
1446 1305 1472 1356 in
1498 1319 1622 1357 earoerem
1646 1308 1776 1361 abducere
1801 1328 1807 1358 :

1018 1391 1062 1442 sed
1083 1390 1158 1456 seipsi
1183 1392 1290 1444 clanme
1308 1394 1406 1446 sublato
1424 1396 1549 1449 adhortati
1570 1412 1627 1458 eos.
1640 1402 1685 1464 qui
1699 1402 1754 1453 vim
1768 1403 1808 1453 ta-

1018 1481 1130 1541 ciebant‚
1144 1481 1238 1545 impetu
1255 1487 1281 1534 et
1301 1485 1444 1537 vuinenbnn
1460 1486 1514 1538 foro
1522 1489 1681 1553 expulerunt.
1724 1496 1765 1543 ita
1780 1498 1808 1544 ut

1019 1571 1125 1636 appius,
1139 1571 1293 1636 huaudiiis,
1313 1579 1413 1626 coactus
1433 1577 1507 1628 luerit
1519 1593 1579 1631 curn
1613 1583 1702 1633 multis
1717 1584 1810 1636 amieis

1019 1665 1045 1712 et
1057 1662 1187 1712 clientibus
1198 1663 1224 1712 iu
1243 1664 1323 1714 iorum
1345 1667 1442 1730 renue,
1464 1669 1554 1731 jubens
1568 1673 1632 1724 cedi
1652 1678 1681 1725 et
1695 1675 1805 1727 submo-

1021 1752 1088 1812 veri,
1105 1764 1135 1800 ac
1147 1751 1179 1801 ue
1194 1753 1354 1818 medietati,
1366 1757 1410 1821 qui
1427 1757 1451 1807 in
1471 1760 1586 1825 compitis
1599 1768 1680 1815 uani.
1716 1769 1804 1824 Quum

1022 1860 1119 1922 autern,
1135 1875 1185 1926 quo
1199 1859 1299 1911 oonsilio
1309 1857 1351 1908 ille
1371 1870 1402 1908 en
1414 1855 1467 1907 auis
1479 1855 1576 1908 cedibus
1590 1861 1657 1908 esset
1673 1870 1804 1922 egressus,

1023 1946 1198 2001 intellexissent
1210 1949 1325 2000 Valerius
1336 1952 1362 1998 et
1380 1946 1497 1998 Horatius
1512 1948 1645 2012 (ηυοοθίκί
1661 1950 1806 2014 precipuos

1023 2038 1099 2090 duces
1115 2042 1190 2092 luisse
1203 2055 1303 2102 eorum,
1316 2041 1361 2104 qui
1373 2053 1400 2091 se
1423 2040 1449 2091 in
1462 2039 1598 2091 libertatern
1615 2040 1780 2092 vindicabant
1794 2047 1803 2105 l

1023 2130 1136 2182 multant
1151 2137 1250 2184 strenua
1262 2133 1391 2182 inventute
1405 2130 1497 2195 stipati,
1516 2133 1571 2181 anta
1582 2129 1689 2179 οεθειεε
1699 2132 1801 2181 eonsti-

1023 2226 1113 2275 terunt.
1147 2227 1179 2275 lit
1194 2239 1274 2290 quum
1295 2224 1388 2290 Appius
1401 2237 1461 2274 curn
1474 2234 1517 2273 εαε
1529 2221 1631 2273 amane
1641 2222 1745 2285 propius
1759 2225 1793 2274 ad

1022 2333 1065 2369 eos
1083 2323 1239 2382 accessisset,
1256 2323 1362 2388 primurn
1377 2320 1479 2385 quiden
1491 2316 1523 2371 εθ
1535 2317 1609 2369 rerba
1618 2317 1706 2368 acerba
1718 2321 1744 2368 et
1759 2318 1792 2367 ud

1021 2407 1182 2457 contumelias
1200 2413 1285 2458 contra
1313 2421 1398 2458 eorum
1420 2408 1565 2472 potestaten
1586 2405 1695 2473 provecti
1710 2408 1794 2455 sunt:

1020 2494 1109 2545 deinde
1119 2509 1178 2546 vero
1198 2498 1262 2547 iacta
1278 2496 1360 2547 verbis
1374 2495 1550 2560 respondentia
1567 2493 1729 2555 οθθίθειτιιιε,
1747 2508 1799 2544 ce·

1020 2582 1102 2634 dendo
1115 2587 1140 2635 et
1156 2584 1298 2649 evertendo,
1317 2587 1440 2650 quotquot
1460 2598 1547 2637 secura
1565 2583 1681 2649 mugreui
1695 2584 1802 2635 luissent

1022 2685 1082 2723 anst.

1053 2865 1159 2912 xxxix.
1176 2865 1208 2915 nt
1219 2864 1325 2928 Appius,
1346 2865 1451 2914 mestus
1472 2865 1499 2913 ei
1510 2861 1597 2928 iniquo
1618 2863 1703 2914 animo
1721 2862 1805 2914 tereus

1021 2949 1089 3000 illnrn
1103 2951 1353 3011 animadversionem,
1371 2964 1429 3016 quae
1440 2953 1526 3003 σοαίιε
1537 2965 1608 3017 spem
1621 2966 1694 3003 susm
1706 2952 1803 3004 aecide-

1022 3042 1069 3098 rnt,
1088 3053 1165 3103 quum
1187 3040 1302 3100 nesciret,
1325 3041 1450 3103 quomodo
1463 3055 1489 3091 se
1514 3055 1572 3091 curu
1596 3040 1644 3092 illis
1661 3041 1805 3093 bominibus

1022 3143 1106 3192 gerere
1115 3131 1224 3190 deberet,
1240 3131 1305 3180 viam
1328 3133 1434 3183 rnafirne
1455 3131 1579 3183 exitialem
1594 3132 1691 3196 ingredi
1703 3131 1801 3185 statuit.

1022 3221 1090 3278 Nam,
1112 3220 1183 3283 quasi
1213 3220 1295 3272 adbuc
1312 3220 1380 3285 plebs
1400 3222 1424 3271 in
1451 3221 1538 3271 eodem
1562 3235 1646 3272 amore
1664 3235 1720 3285 erga
1743 3234 1801 3270 euru

1023 3314 1199 3370 perseveraret,
1219 3309 1346 3361 adscendit
1361 3311 1385 3360 in
1411 3309 1515 3360 Vulcani
1535 3309 1614 3359 eedem
1636 3313 1663 3360 ct
1683 3309 1798 3374 populum

1023 3396 1204 3446 adconeionenn
1220 3401 1330 3459 vocavit,
1354 3402 1379 3448 et
1394 3398 1491 3449 illorum
1513 3388 1622 3447 rubrum
1646 3397 1799 3461 iniquitatem

1023 3488 1097 3548 atque
1119 3485 1293 3535 contumeliam
1322 3499 1440 3536 accusare
1465 3488 1567 3536 conatus
1598 3489 1651 3542 est.
1673 3485 1803 3538 tribunitia

1023 3576 1145 3636 potestate
1160 3576 1186 3624 et
1204 3587 1249 3638 spe
1263 3573 1327 3623 inani
1340 3574 1428 3633 elatus,
1445 3586 1496 3635 qua
1507 3573 1623 3637 sperabat
1639 3572 1691 3622 lore
1712 3578 1740 3624 ut
1756 3588 1804 3647 ρο-

1022 3663 1097 3724 pulus
1108 3677 1194 3712 seeum
1205 3661 1346 3726 indignatus
1356 3661 1402 3712 sibi
1422 3662 1576 3725 permitteret
1594 3661 1661 3711 viros
1674 3663 1732 3712 iilos
1742 3678 1807 3728 prae·

1024 3754 1111 3816 cipites
1123 3753 1190 3804 dare.
1225 3757 1256 3802 At
1267 3752 1379 3803 l'ulerius
1400 3755 1500 3817 ejusqrne
1515 3753 1593 3812 socii,
1614 3758 1737 3817 occupata
1755 3756 1805 3805 alia

1024 3842 1070 3891 lori
1084 3847 1161 3906 parte,
1174 3849 1198 3894 et
1216 3843 1334 3893 cadavere
1346 3842 1447 3906 virginis
1459 3842 1592 3902 collocato,
1606 3841 1649 3892 ubi
1670 3842 1703 3892 ab
1720 3843 1803 3893 omni·

1023 3927 1070 3979 bus
1083 3930 1190 3992 conspici
1208 3931 1308 3992 posset,
1324 3929 1428 3979 alteram
1449 3929 1592 3980 concionem
1616 3933 1805 3989 convocarunt,

1023 4021 1048 4068 et
1060 4019 1130 4084 longa
1142 4020 1296 4070 accusatione
1311 4020 1335 4070 in
1356 4019 1461 4083 Appium
1479 4019 1505 4068 et
1529 4017 1591 4068 aiios
1615 4017 1806 4069 decemviratus

1023 4109 1200 4161 lautoressunt
1219 4111 1317 4162 insecti.
1358 4113 1438 4174 λιηυε
1463 4106 1552 4158 accidit
1568 4110 1596 4158 ut
1617 4106 1679 4156 alies
1700 4107 1806 4170 quidem

1024 4199 1071 4259 (uti
1090 4200 1223 4253 verisimile
1244 4199 1313 4261 erat)
1339 4199 1438 4249 illorum
1462 4197 1570 4246 virorum
1591 4195 1715 4258 dignitas,
1740 4197 1809 4248 alios

1024 4286 1100 4349 ipsius
1115 4288 1203 4351 puellre
1228 4286 1364 4344 miseratio,
1387 4299 1443 4348 que
1468 4285 1568 4349 iujurias
1592 4286 1688 4333 atroces
1708 4287 1735 4333 et
1747 4283 1810 4347 ptus

1023 4388 1096 4437 quarn
1120 4380 1231 4434 atroces,
1259 4375 1290 4423 ob
1312 4389 1381 4424 suern
1400 4374 1520 4423 inielieern
1549 4374 1652 4423 termam
1682 4385 1808 4434 perpessa

1024 4463 1113 4525 iuerat,
1126 4464 1187 4512 ulios
1200 4464 1280 4527 ipsum
1291 4463 1379 4527 prioris
1394 4461 1533 4526 reipublicae
1546 4464 1625 4512 status
1637 4459 1807 4519 desiderium,

1023 4550 1089 4610 ηιιιιιί
1106 4565 1148 4599 ens
1161 4551 1191 4599 erl
1210 4551 1350 4600 concionem
1366 4551 1437 4601 istarn
1453 4550 1584 4611 inritabat,
1596 4553 1705 4613 engeren
1720 4549 1758 4599 ita
1775 4555 1807 4602 ut

1023 4635 1063 4684 isti
1082 4639 1230 4687 contrariam
1248 4641 1378 4689 lectionem
1409 4655 1513 4691 numero
1534 4644 1679 4705 superarent
1695 4659 1701 4688 ι
1723 4655 1808 4703 qirnre

1024 4726 1093 4786 pauci
1115 4727 1215 4787 quidam
1235 4729 1299 4777 eirca
1325 4730 1430 4792 Appium
1458 4735 1641 4787 remanserunt,
1673 4731 1807 4781 nimirum

1024 4812 1055 4860 illi
1075 4813 1135 4876 ipsi,
1158 4814 1200 4878 qui
1218 4816 1400 4866 decemviratus
1423 4819 1532 4867 lautores
1547 4823 1616 4867 erait
1633 4817 1718 4867 :inter
1741 4833 1808 4881 quos

1023 4903 1130 4951 nonnulii
1152 4907 1238 4962 crunt,
1260 4906 1303 4968 qui
1328 4919 1413 4955 eorum
1438 4907 1592 4970 magistratui
1620 4907 1727 4970 amplius
1754 4922 1807 4958 non

1022 4993 1225 5056 obtemperabant
1238 4993 1269 5041 ob
1280 4994 1373 5044 multas
1386 5008 1503 5052 earnssas;
1519 4994 1571 5055 scd,
1588 4996 1609 5045 si
1625 5008 1665 5044 res
1684 4994 1805 5046 adversa·

1022 5079 1115 5128 riorum
1129 5080 1294 5129 corroboratae
1310 5078 1428 5141 luissent,
1445 5080 1557 5131 lubenter
1573 5082 1596 5129 in
1611 5081 1666 5133 iilos
1680 5083 1807 5148 impetum

1023 5169 1111 5219 lecturi
1132 5172 1209 5219 erant.
1243 5171 1325 5226 Quum
1351 5173 1434 5220 autem
1455 5172 1547 5235 Appius
1571 5184 1598 5221 se
1623 5172 1658 5222 αθ
1682 5173 1807 5226 omnibus
