3772 5828
194 355 254 414 466

200 515 211 539 ιι
232 487 266 548 Ei
283 484 312 542 δέ
331 482 363 553 δὴ
383 479 511 541 τάναντία
525 477 625 539 τούτων
641 469 694 556 ἦν,
710 477 793 538 ἐκεῖνό
810 479 840 557 γί
853 502 895 538 τοι
910 483 973 538 θου-

200 603 212 628 ιι
231 574 323 652 μάζειν
350 570 441 643 άξιον,
469 571 525 637 πῶς
556 567 651 640 λέληθέ
681 590 711 626 σε
735 570 887 645 πολεμικῶν
910 567 974 628 ὄντα

202 691 213 715 ιι
232 659 398 743 πραγμάτων
422 657 562 739 ἔμπειρον,
587 655 628 716 ὅτι
649 655 679 717 si
699 655 774 736 παρὰ
789 655 822 715 τὰ
841 655 913 717 διινά
929 655 973 716 εύ-

202 780 213 802 ιι
231 752 327 825 τολμον
343 749 391 806 οὐκ
405 746 431 814 ἐξ
446 745 503 805 ἴσου
514 744 706 824 παραγίνεσθαι
718 744 788 824 φιλεῖ
801 750 855 811 τοῖς
868 766 897 802 τε
911 744 976 826 θπάρ

202 869 213 891 ιι
234 838 335 898 οἰκείων
351 839 457 914 ἀγαθῶν
481 832 680 913 ἀγωνιζομένοις
705 834 751 892 καί
774 838 828 902 τοῖς
850 835 893 895 ἐπὶ
908 837 978 894 τάλ-

202 957 213 980 ιι
231 928 323 1005 λότρια
341 923 533 1005 πορευομένοις·
555 925 578 982 οἱ
601 921 649 998 μέν
667 945 697 1000 γε
712 920 797 994 οὐδέν,
809 921 854 983 ἐδιν
877 922 914 1000 μὴ
928 947 977 982 κα·

202 1046 214 1069 ιι
232 1015 393 1098 τορθόισοισι,
408 1013 585 1092 βλάπτονται,
604 1020 657 1078 τοῖς
677 1011 705 1070 δέ
729 1011 809 1088 ούδέν,
824 1012 869 1072 ἐὰν
896 1013 978 1072 πταί-

202 1134 216 1158 ιι
232 1128 310 1176 σωσι,
325 1101 527 1163 καταλείπεται.
586 1101 640 1161 liat
664 1103 711 1160 τοῖῖ
742 1100 907 1182 σφάλλεσθαι
931 1100 979 1171 τθς

202 1195 350 1273 ιιμεγάλας
376 1189 498 1266 δυνάμεις
525 1187 578 1248 ὑπὸ
598 1191 652 1246 τῶν
677 1188 840 1264 ἐλαττόνων,
866 1189 912 1250 καλ
932 1190 980 1259 τδις

202 1309 215 1333 ιι
234 1283 366 1360 κρείττους
372 1279 424 1338 ὑπὸ
436 1281 487 1337 τῶν
498 1278 665 1358 φαυλοτέρων
675 1283 751 1338 τοῦτο
761 1279 789 1336 ἐν
798 1287 852 1347 τοῖς
862 1280 980 1357 μάλιστα

203 1400 216 1425 ιι
234 1373 317 1432 αἴτιον
333 1362 375 1442 ήν.
394 1367 473 1438 Δεινὴ
494 1366 545 1447 γάρ
560 1372 578 1439 ἡ
594 1366 715 1446 ἀνάγκη,
735 1366 781 1427 καί
804 1370 819 1426 θ
841 1370 903 1451 περὶ
926 1375 979 1430 τῶν

203 1492 215 1515 ιι
234 1462 355 1541 ἐσχάτων
369 1457 485 1524 κίνδυνος
500 1454 589 1522 ἱκανὸς
611 1454 645 1514 θοί
662 1478 706 1522 σος
726 1455 836 1514 ἐνθεῖναί
859 1480 912 1516 τινι
933 1458 980 1519 καὶ

203 1579 215 1602 ιι
234 1549 272 1624 μὴ
290 1548 462 1629 προϋπάρχον
486 1544 573 1626 φύσει.
627 1477 708 1624 Εέχον
728 1544 767 1602 ἔτι
786 1547 871 1604 πλείω
894 1546 979 1627 λέγειν

204 1665 216 1690 ιι
236 1638 302 1714 ὑπὲρ
322 1639 367 1695 τοῦ
388 1633 533 1706 ἀδυνάτου,
550 1632 619 1692 ἀλλά
633 1633 678 1690 καί
693 1636 778 1692 ταῦτα
794 1634 879 1695 ῖκανά.

241 1726 360 1787 xlel.
385 1752 398 1775 ιι
414 1713 461 1790 Εἷς
475 1721 514 1783 ἔτι
537 1746 582 1799 μοι
596 1719 785 1783 καταλείπεται
806 1723 900 1805 λόγος,
917 1724 945 1784 θν
958 1729 981 1786 εἰ

205 1844 216 1867 ιι
235 1815 272 1893 μή
296 1813 353 1894 μετ’
368 1815 465 1893 ἀργῆς,
485 1813 545 1872 ἀλλ’
560 1814 590 1872 ἐκ
613 1813 742 1890 λογισμοῦ
766 1821 879 1892 κρινεῖς,
899 1816 981 1895 ὀρθῶς

204 1932 216 1956 ιι
233 1928 262 1963 τε
272 1906 391 1984 εἰρῆσθαι
402 1900 479 1973 δόξει,
491 1899 537 1959 καλ
550 1899 753 1979 παραστήσεταί
765 1924 806 1960 σοι
819 1903 979 1979 μεταμέλεια

204 2019 216 2046 ιι
234 1997 286 2052 τῶν
307 1990 507 2073 πραττομένων.
562 1991 610 2058 Τίς
631 1990 654 2047 δ’
671 1993 742 2050 ἐστιν
762 1982 865 2059 ούτοςθ
884 1993 979 2074 λόγοςς

205 2110 217 2134 ιι
235 2080 320 2142 οὐδενί
341 2083 428 2160 θνητῷ
451 2079 527 2160 φύντι
554 2078 606 2138 θεολ
625 2079 678 2136 τῶν
701 2077 850 2155 μελλόντων
875 2079 981 2141 ἐσεσθαι

147 2203 160 2240 2>
204 2197 217 2223 ιι
236 2169 346 2250 βεόαίαν
361 2167 511 2243 ἐπιστήμην
526 2165 627 2227 ἔδωκαν
642 2165 723 2245 ἔχειν,
741 2165 794 2225 οὐδ’
809 2167 841 2225 διν
853 2165 937 2247 εύροις
950 2173 981 2230 ἐκ

205 2288 216 2311 ιι
234 2265 281 2317 τοῦ
301 2256 399 2323 παντὸς
413 2257 504 2322 αἰῶνος
520 2254 571 2335 ὅτῳ
587 2255 674 2314 πάντα
695 2253 763 2314 κατθ
782 2260 841 2315 νοῦν
860 2257 981 2340 ἐχώρησε

205 2374 217 2399 ιι
234 2347 268 2404 cd
293 2346 461 2425 πράγματα,
489 2342 571 2422 μηδέν
594 2343 795 2417 ἐναντιωθείσης
822 2349 869 2417 τῆς
889 2346 980 2427 τύχης·

205 2462 218 2486 ιι
237 2433 294 2494 Καὶ
307 2435 350 2494 διδ
366 2438 442 2493 τοῦτο
457 2435 481 2493 οῖ
495 2432 618 2514 φρονήσει
632 2431 791 2512 προύχοντες
805 2435 911 2516 ἑτέρων,
922 2439 981 2511 ἣνθ

195 2512 218 2575 ἰι
236 2524 336 2604 μακρὸς
351 2523 405 2600 βίος
422 2525 468 2582 καλ
482 2522 516 2580 τά
530 2520 617 2582 πολλὰ
642 2521 789 2599 παθήματα
807 2522 894 2604 φέρει,
919 2527 981 2607 πρὶν

148 2641 172 2678 2·
205 2640 217 2665 ιι
239 2617 365 2692 ἐγχειρεῖν
373 2611 518 2693 ὁτῳδήποτε
529 2611 614 2692 ἔργῳ,
639 2609 758 2679 τὸτέλος
782 2613 862 2672 αὐτοῦ
877 2617 981 2694 πρῶτον

206 2728 217 2753 ι
235 2699 335 2759 οἴονται
352 2709 403 2759 δεῖν
418 2708 542 2776 σκοπεῖν,
557 2701 586 2760 ού
599 2698 707 2780 θάτερον
722 2699 801 2776 μόνον
816 2699 830 2760 θ
844 2702 982 2781 βούλονται

205 2816 217 2839 ιι
235 2787 355 2866 γενέσθαι
370 2790 476 2866 σφίσιν,
494 2784 623 2848 ἀλλὰκαὶ
643 2789 673 2848 τὸ
687 2789 760 2870 παρὰ
774 2790 882 2870 γνώμην
898 2791 980 2864 ἐκόη-

206 2905 218 2930 ιι
237 2875 354 2952 σύμενον·
368 2876 486 2954 μάλιστα
496 2873 523 2935 δέ
531 2880 557 2936 οἱ
566 2878 620 2934 τῶν
631 2876 756 2954 πολέμοιν
768 2878 895 2957 ἡγεμόνες
902 2926 912 2955 ,
925 2878 979 2961 ὅσῳ

207 2993 218 3017 ιι
239 2965 362 3032 μειζόνων
384 2988 414 3022 τε
433 2964 551 3042 γίνονται
569 2963 733 3043 πραγμάτων
755 2965 854 3044 κύριοι,
876 2968 982 3035 καὶτὰς

207 3083 219 3107 ιι
238 3054 322 3120 αἰτίας
336 3056 388 3111 τῶν
410 3052 623 3131 κατορθωμάτων
640 3050 658 3122 ἢ
679 3054 845 3132 σφαλμάτων
868 3056 981 3124 ἅπαντες

206 3171 218 3196 ιι
236 3144 279 3202 ἐπὶ
294 3142 399 3208 τούτους
414 3141 600 3221 ἀναφέρουσιν.
644 3135 760 3199 Ἔπειτα
778 3139 809 3198 ἂν
825 3140 872 3215 μέν
888 3142 982 3222 εθρωσι

205 3259 217 3286 ιι
236 3230 368 3307 μηδεμίαν
383 3232 490 3288 ἐνοῦσαν
502 3226 520 3298 ἢ
532 3224 627 3307 μικράς
637 3225 683 3286 καί
693 3226 782 3302 ὀλίγας
795 3230 821 3286 ἐν
833 3232 871 3310 τῷ
884 3229 921 3307 μή
937 3255 983 3290 κα-

205 3348 217 3372 ιι
235 3322 366 3399 τορθῶσαι
380 3319 491 3397 βλάύας,
504 3316 633 3375 ἅπτονται
647 3320 699 3375 τῶν
712 3315 804 3396 ἐργων·
820 3314 904 3378 ἐὰνδὲ
917 3324 982 3381 πολ-

206 3437 218 3462 ιι
236 3408 282 3475 li<
295 3409 340 3467 καὶ
353 3407 479 3485 μεγάλας,
491 3406 659 3486 ἀφίστανται.
671 3409 759 3466 Τοῦτο
768 3405 800 3479 δή
811 3406 856 3466 καί
865 3407 896 3467 σθ
908 3412 982 3484 ποίη·

206 3524 217 3548 ιι
236 3521 280 3555 σον
295 3496 341 3555 καί
358 3496 450 3554 σκόπει
465 3496 516 3574 πρὸ
532 3497 584 3553 τῶν
599 3493 697 3574 ἔργων,
727 3493 772 3552 ilo
792 3498 894 3576 σφαλῇς
912 3498 981 3556 κατὰ

206 3614 218 3638 ιι
236 3586 281 3642 τὸν
296 3584 468 3662 πόλεμονκαὶ
481 3582 518 3657 μή
532 3582 620 3642 πάντα
631 3581 733 3663 ὑπάρξῃ
746 3583 813 3643 κατδι
823 3584 944 3664 γνώμην,
955 3588 981 3645 τί

207 3702 218 3725 ιι
238 3672 405 3748 ουμόήοεταί
425 3697 465 3732 σοι
486 3679 589 3733 παθεῖν.
613 3676 665 3734 Διά
683 3671 767 3740 αἰτίας
783 3671 830 3749 μέν
846 3673 980 3760 ἔσηιπαρθι

207 3789 218 3812 ιι
237 3766 289 3828 τοῖς
312 3760 510 3838 ὑποδεξαμένοις
524 3760 536 3843 [
542 3762 635 3841 μέμψῃ
652 3760 679 3820 δέ
698 3762 743 3819 καί
758 3760 851 3840 αὐτὸς]
868 3763 981 3842 σαυτὸν,

207 3876 218 3902 ιι
236 3854 271 3916 ὡς
293 3853 406 3927 μείζοσιν
433 3850 604 3930 ἐπιχειρήσας
628 3848 782 3929 πράγμασιν
806 3850 823 3922 ή
853 3852 980 3922 δυνατοῖς·

208 3968 219 3989 ιι
240 3950 363 4016 στρατιᾶς
378 3941 402 3997 δ’
416 3938 547 4017 ἡμετέρας
568 3937 647 3997 πάλιν
663 3939 745 3996 ἐκεῖσε
761 3940 920 4018 ἀφικομένης
936 3941 982 4001 καὶ

209 4053 221 4077 ιι
239 4028 392 4105 φθειρούσης
406 4028 454 4098 τήν
475 4026 579 4086 ἐκείνων
599 4030 657 4101 γῆν·
671 4027 700 4084 οὗ
716 4025 766 4104 γάρ
782 4025 926 4103 ἀνεξόμεθα
943 4029 980 4107 μή

209 4139 221 4163 ιι
240 4113 491 4194 ἀντιτιμωρούμενοι
502 4112 562 4181 τοὺς
573 4113 701 4193 άρξαντας
709 4118 781 4190 ἡμᾶς
790 4117 876 4181 κακῶς
886 4125 980 4181 ποιεῖν.

209 4227 220 4252 ιι
239 4204 315 4259 Δυεῖν
339 4205 386 4260 οὐκ
409 4203 440 4260 ἂν
465 4205 593 4284 ἁμάρτοις
616 4206 741 4284 θατέρου,
763 4202 781 4274 ἢ
806 4202 870 4284 πρὸς
896 4207 981 4265 αὐτῶν

209 4317 221 4342 ιι
238 4289 361 4364 ἐκείνων,
384 4283 422 4357 οἷς
438 4294 518 4360 αἴτιος
540 4294 587 4372 ἔσῃ
603 4297 743 4373 συμφορῶν
767 4293 907 4370 μεγάλων,
924 4297 983 4354 αἰσ-

209 4408 221 4432 ιι
239 4385 309 4461 χρῶς
331 4383 514 4458 ἀναιρεθῆναι,
536 4383 553 4454 ἢ
574 4385 638 4463 πρὸς
654 4388 749 4461 ἡμῶν,
766 4381 810 4449 οὓς
831 4386 982 4444 ἀποκτενῶν

209 4496 220 4519 ιι
239 4494 267 4528 τε
288 4470 333 4528 καί
356 4471 548 4548 δουλωσόμενος
570 4466 658 4546 ήλθες·
681 4473 751 4553 τάχα
772 4473 799 4532 δέ
818 4472 851 4531 ἂν
867 4476 980 4554 ἐκεῖνοι,

208 4586 220 4609 ιι
238 4559 298 4638 πρὶν
325 4564 351 4618 ἐν
380 4563 416 4635 τῷ
439 4562 530 4619 παθεῖν
547 4586 572 4620 τι
593 4564 673 4623 κακὸν
696 4561 835 4640 γενέσθαι,
852 4565 982 4631 διαλύσεις

208 4676 219 4699 ιι
240 4654 370 4707 ποιεῖσθαι
397 4648 461 4725 πρὸς
477 4654 548 4726 ἡμᾶς
574 4653 764 4732 ἐπιχειροῦντες
780 4652 883 4711 ἔκδοτον
905 4650 982 4720 ἀξιώ-

208 4767 219 4791 ιι
238 4763 310 4798 οειαν
324 4738 367 4798 ε’πλ
377 4739 491 4820 τιμωρία
505 4764 533 4800 σε
543 4743 715 4821 παραδιδόναι
726 4741 839 4802 θπολλοὶ
853 4741 983 4821 βάρθαροί

208 4857 218 4879 ιι
239 4853 266 4890 τε
285 4831 474 4902 καὶἝλληνες
498 4832 533 4896 είς
556 4830 679 4898 τοιαύτας
699 4831 879 4899 καταστάντες
899 4831 982 4911 τύχας

209 4946 221 4965 ιι
239 4923 443 4999 ἠναγκάσθησαν
456 4922 607 4997 ὑπομεῖναι.
650 4912 719 5000 Ἆρά
734 4943 763 4997 γε
779 4920 861 4998 μικρδι
876 4919 920 4979 καὶ
935 4923 982 4979 οὐκ

209 5031 221 5055 u
240 5007 297 5073 ἄξια
319 5011 396 5086 λόγου
420 5014 505 5070 ταῦτα
527 4999 594 5069 εἶναί
615 5033 656 5070 σοι
671 5010 757 5079 δοκεῖ,
771 5006 817 5066 καί
834 5008 875 5067 δεῖ
894 5008 980 5066 αὐτῶν

209 5119 220 5142 ν
240 5094 385 5172 ὑπεριδεῖν,
400 5100 417 5169 ἢ
431 5104 520 5157 κακῶν
539 5097 698 5175 συμπάντων
709 5096 744 5155 sd
761 5095 861 5176 ἔσχατα
877 5100 979 5157 παθεῖν.

722 345 886 406 DlONYSll
908 344 1285 408 Helicauuassanffls

1033 506 1045 529 ιι
1060 483 1121 535 dum
1135 489 1200 536 esset
1213 490 1253 546 ie,
1267 484 1304 536 rel
1320 485 1436 536 militaris
1448 486 1558 552 peritum
1572 487 1685 552 ignorare
1702 489 1729 540 in
1749 486 1821 556 peri·

1031 611 1044 635 ι
1060 592 1124 642 culis
1136 606 1185 642 uon
1198 606 1284 658 parom
1295 591 1427 643 audaciam
1439 592 1519 644 solere
1534 607 1589 645 ease
1608 594 1634 644 in
1645 594 1692 658 iis,
1709 597 1759 662 qui
1772 612 1823 663 pro

1032 695 1114 747 «suis
1132 695 1240 747 fortunis
1256 696 1390 757 dimicant,
1410 700 1436 748 ct
1459 698 1486 748 in
1508 699 1555 759 iis,
1579 699 1624 762 qui
1643 699 1724 751 aliena
1748 702 1822 753 bona

1033 825 1046 849 ιι
1062 803 1193 855 invadunt.
1217 805 1245 856 Si
1256 804 1322 855 enim
1337 804 1399 855 ¹istis
1419 817 1460 856 res
1480 804 1565 856 minus
1581 806 1717 868 succedat,
1732 808 1821 860 levem

1034 910 1156 963 «cladem
1179 911 1323 975 amipiunt:
1348 910 1398 962 illis
1412 924 1487 971 vero,
1509 911 1531 962 ai
1554 926 1607 963 rem
1629 914 1695 964 male
1711 921 1819 979 gerant,

1035 1038 1047 1061 ι
1062 1017 1123 1068 uilril
1136 1017 1296 1083 relinquitur.
1309 1021 1390 1081 litque
1399 1016 1457 1068 hinc
1468 1017 1627 1082 potissimum
1641 1020 1693 1083 sit,
1706 1024 1738 1070 ut
1749 1035 1819 1088 saepe

1035 1143 1047 1166 ι
1061 1123 1194 1174 maioresa
1214 1121 1368 1184 minoribus,
1380 1123 1407 1174 et
1420 1121 1609 1187 prestantiores
1621 1138 1636 1173 a
1646 1123 1823 1177 deterioribus

1036 1250 1049 1274 ιι
1062 1229 1132 1281 clade
1152 1227 1301 1279 alliciantur.
1323 1229 1463 1280 vehemens
1475 1230 1542 1280 enim
1558 1232 1598 1281 est
1618 1232 1773 1291 necessitas,
1794 1237 1822 1284 et

1036 1340 1203 1387 «extremum
1218 1334 1357 1399 periculum
1378 1335 1454 1386 etiam
1471 1335 1494 1386 ei
1506 1337 1589 1399 potest
1603 1336 1737 1389 audaciam
1753 1338 1823 1390 inse-

1038 1460 1050 1485 ι
1062 1453 1130 1498 rere,
1153 1439 1193 1489 cui
1214 1453 1263 1488 raon
1275 1438 1309 1489 ait
1324 1439 1418 1490 inuata.
1451 1440 1529 1490 Plura
1542 1439 1635 1501 habui,
1651 1455 1711 1507 quaa
1723 1442 1757 1494 da
1769 1443 1822 1494 irn-

1037 1568 1049 1592 ιι
1063 1545 1175 1612 ροιιὶοὶὶι
1188 1543 1295 1596 dicerem
1310 1565 1316 1595 ι
1335 1544 1379 1596 aed
1402 1545 1457 1596 hac
1472 1545 1566 1598 dixisse
1577 1544 1696 1599 sufficiat

1067 1718 1166 1767 lllllill.
1184 1733 1198 1762 ιι
1212 1717 1295 1765 Unum
1305 1712 1388 1764 adhuc
1397 1712 1460 1764 mihi
1469 1712 1605 1765 dicendum
1621 1717 1720 1777 restat,
1735 1718 1817 1782 quod,

1037 1812 1283 1869 ednoucumira.
1299 1809 1344 1861 aad
1364 1809 1463 1860 ratione
1482 1808 1616 1873 iudicaria,
1636 1815 1706 1862 recte
1719 1812 1818 1864 dotum

1036 1925 1048 1948 ι
1064 1905 1172 1972 putabis,
1183 1908 1209 1955 ei
1218 1903 1426 1969 adpoenitentium
1438 1901 1563 1954 factorum
1575 1902 1720 1958 adduceris.
1735 1907 1819 1966 Quid·

1036 2025 1049 2051 ι
1065 2018 1123 2055 narn
1142 2007 1226 2053 autem
1246 1999 1309 2051 illud
1332 2002 1391 2051 est?
1407 1999 1476 2050 Nulli
1495 2000 1640 2051 mortalium
1664 2001 1700 2051 dil
1723 2000 1820 2054 certam

1036 2119 1048 2144 ιι
1064 2096 1208 2148 futurorum
1221 2096 1351 2146 scientiam
1361 2093 1499 2159 dederunt;
1510 2108 1555 2145 nec
1571 2107 1690 2158 umquam
1703 2097 1820 2148 invenias

1036 2211 1049 2237 ι
1060 2189 1219 2257 quempiam,
1234 2188 1275 2239 cui
1286 2187 1369 2237 omnia
1378 2200 1410 2237 ex
1420 2184 1498 2237 animi
1507 2186 1626 2236 serimus
1636 2188 1815 2248 successerint,

1036 2304 1048 2327 ι
1063 2283 1098 2334 ita
1111 2285 1141 2332 ut
1153 2280 1222 2331 nulla
1234 2279 1258 2330 in
1276 2293 1303 2329 re
1316 2277 1417 2328 fortuna
1431 2277 1454 2328 ei
1469 2275 1596 2327 adversata
1607 2275 1648 2326 ait.
1674 2278 1815 2341 Propterea

1037 2398 1050 2422 ιι
1066 2375 1185 2431 homiues.
1200 2373 1243 2439 qui
1258 2373 1314 2423 aliie
1327 2370 1461 2437 prudentia
1474 2356 1629 2431 auteoellunt,
1646 2383 1723 2434 φυοιιι
1738 2371 1815 2436 longa

1036 2488 1048 2512 ιι
1064 2471 1126 2519 setas
1142 2470 1165 2517 el
1191 2479 1279 2529 magna
1304 2463 1458 2529 experientia
1483 2461 1578 2526 adteri,
1601 2464 1736 2528 autequam
1759 2476 1815 2514 rem

1036 2581 1049 2605 ι
1064 2557 1247 2625 aggrediantur,
1259 2559 1379 2607 eventum
1398 2553 1562 2621 spectandum
1573 2556 1680 2620 patant3
1701 2568 1753 2606 nan
1776 2557 1816 2607 al-

1038 2675 1050 2698 ιι
1066 2656 1148 2703 terum
1175 2653 1288 2707 mutum,
1306 2662 1382 2713 quem
1404 2647 1453 2712 lpsi
1469 2649 1558 2712 optant
1568 2683 1576 2710 ,
1588 2646 1633 2700 aad
1651 2659 1712 2699 aum
1725 2648 1818 2707 aliun,

1037 2766 1049 2790 ι
1066 2745 1109 2810 qui
1124 2744 1216 2808 praeter
1226 2739 1437 2805 exspectationem
1450 2738 1564 2792 accidere
1575 2741 1658 2805 potest
1672 2759 1680 2791 ι
1692 2741 1819 2807 praecipue

1036 2861 1049 2886 ι
1064 2854 1124 2891 vero
1139 2841 1217 2890 duces
1232 2838 1369 2895 beliorum,
1386 2835 1506 2900 inquos,
1530 2848 1582 2899 quo
1596 2834 1704 2887 maiores
1721 2849 1762 2888 rea
1778 2851 1819 2887 eo

1037 2955 1049 2979 ι
1064 2949 1120 2985 rum
1144 2932 1261 2999 potestati
1276 2931 1466 2996 permittuntur,
1489 2943 1520 2982 εο
1532 2933 1621 2998 monis
1643 2930 1753 2990 laticem,
1772 2939 1818 2986 aut

1037 3028 1186 3082 «inteliceur
1209 3027 1294 3078 exitus
1315 3039 1411 3076 caussae
1429 3024 1462 3076 ab
1490 3025 1607 3078 omnibus
1636 3025 1817 3085 couiemniur.

1036 3147 1048 3171 ι
1063 3125 1153 3178 deinde
1175 3124 1196 3174 ai
1211 3122 1295 3181 nulla,
1314 3125 1359 3172 aut
1374 3120 1452 3179 levia,
1473 3124 1518 3172 aut
1534 3135 1614 3186 pauca
1626 3122 1718 3173 damna
1733 3122 1756 3172 si
1767 3121 1818 3173 bel·

1037 3240 1049 3264 ι
1064 3218 1116 3268 Ιιιιιι
1135 3229 1224 3282 parum
1242 3213 1348 3265 feliciter
1378 3217 1476 3275 gestum
1499 3213 1532 3264 sit
1557 3217 1675 3264 mouture
1701 3214 1817 3272 rideant,

1037 3329 1049 3353 ι
1065 3312 1123 3360 tune
1134 3321 1187 3358 rem
1203 3305 1397 3371 aggrediuntur,
1412 3303 1450 3354 sin
1462 3304 1541 3354 multa
1551 3308 1577 3354 et
1591 3318 1680 3368 magna
1691 3343 1697 3362 ‚
1709 3303 1741 3354 ab
1751 3320 1820 3370 ccep-

1038 3424 1049 3450 ιι
1066 3407 1093 3452 to
1119 3400 1244 3451 desistunt
1299 3401 1352 3448 lloc
1370 3401 1398 3447 tu
1416 3410 1517 3462 quoque
1544 3396 1598 3459 iac,
1619 3400 1661 3455 et,
1684 3401 1821 3463 antequam

1038 3515 1049 3537 ιι
1068 3509 1120 3545 rem
1138 3491 1302 3559 aggrediaris,
1317 3489 1461 3548 considera,
1483 3489 1504 3539 si
1520 3489 1546 3538 in
1559 3487 1623 3539 bello
1637 3502 1677 3540 res
1689 3489 1736 3539 tibi
1755 3492 1820 3541 male

1039 3610 1050 3634 ι
1069 3587 1231 3644 successerit,
1246 3598 1291 3634 nec
1301 3582 1384 3632 oninia
1397 3595 1454 3647 quae
1470 3596 1555 3650 speras
1565 3588 1715 3634 consecutus
1726 3584 1821 3646 fueris,

1039 3680 1125 3747 «quid
1144 3679 1189 3730 tibi
1203 3679 1236 3728 sit
1252 3680 1410 3727 eventurum.
1444 3674 1607 3725 accusaberis
1621 3675 1653 3726 ab
1665 3676 1817 3740 hospitibus.

1039 3771 1133 3839 equod
1148 3785 1189 3821 res
1201 3782 1331 3834 aggressus
1347 3766 1425 3818 fueris
1442 3767 1523 3817 mulio
1535 3766 1656 3825 maiores,
1671 3781 1750 3832 quam
1761 3782 1820 3833 quae

1039 3866 1118 3916 «fieri
1136 3866 1236 3929 possent
1257 3864 1309 3921 :Jet
1328 3860 1407 3911 sicubi
1427 3862 1511 3910 noster
1532 3859 1658 3910 exercitus
1678 3874 1768 3911 rursus
1789 3876 1820 3912 eo

1038 3978 1051 4003 ι
1066 3956 1162 4014 veniet,
1178 3954 1329 4018 illorumque
1339 3966 1426 4016 agrum
1437 3951 1547 4002 vastabit
1559 3953 1654 4017 (napus
1675 3953 1742 4003 euim
1760 3953 1819 4004 illos

1038 4070 1050 4094 ιι
1067 4048 1159 4098 inultos
1179 4061 1279 4097 manere
1304 4045 1446 4110 patiemur,
1468 4044 1513 4108 qui
1541 4057 1585 4094 nos
1609 4043 1705 4107 priores
1728 4045 1820 4095 iniuria

1038 4157 1050 4182 ιι
1066 4134 1219 4195 affecerunt)
1236 4135 1385 4184 alterutrum
1398 4131 1477 4182 uitare
1489 4144 1537 4181 non
1549 4132 1643 4195 poteris
1653 4172 1659 4192 ,
1670 4147 1723 4196 quo
1735 4134 1820 4185 miuus

1038 4246 1050 4269 ιι
1067 4224 1107 4276 rel
1128 4224 1159 4275 ab
1181 4224 1231 4274 illis
1260 4223 1339 4287 ipsis,
1368 4221 1462 4286 quibus
1480 4220 1650 4270 calamitatum
1671 4235 1820 4287 magnarum

1039 4335 1050 4358 ιι
1067 4317 1155 4364 auctor
1178 4311 1269 4372 fueris,
1295 4311 1402 4375 turpiter
1434 4309 1608 4369 immisistis,
1630 4310 1670 4359 rel
1694 4326 1709 4360 a
1733 4312 1819 4373 uobis,

1039 4428 1050 4450 ιι
1066 4420 1129 4470 quos
1148 4403 1325 4454 interfecturus
1346 4405 1370 4450 ei
1385 4402 1409 4450 iu
1430 4398 1581 4455 servitutem
1601 4400 1750 4452 redacturus
1769 4403 1821 4452 huc

1039 4517 1050 4538 ιι
1066 4493 1164 4545 venisli.
1211 4491 1260 4542 Sed
1283 4490 1389 4539 fortasse
1405 4489 1481 4538 ctiam
1509 4488 1546 4537 illi
1565 4491 1698 4551 antequam
1722 4489 1819 4554 aliquid

1038 4606 1050 4627 ιι
1067 4584 1125 4633 nauli
1150 4597 1164 4630 a
1186 4579 1256 4630 nobis
1286 4578 1427 4641 patiantur,
1455 4576 1523 4640 pacis
1543 4575 1672 4625 nobiscum
1697 4575 1820 4630 iaciendas

1039 4693 1050 4714 ι
1065 4669 1186 4720 desiderio
1200 4672 1224 4718 te
1235 4667 1266 4717 ad
1280 4667 1430 4731 supplicium
1440 4666 1530 4717 dedere
1544 4680 1591 4715 non
1603 4666 1756 4718 dubitabunt
1772 4687 1779 4716 ι
1794 4668 1819 4718 id

1039 4778 1049 4800 ιι
1065 4755 1133 4819 qrrud
1153 4753 1242 4811 multi,
1263 4757 1314 4802 tam
1339 4751 1454 4811 barbari,
1474 4765 1549 4814 quam
1575 4751 1672 4811 Graeci,
1695 4751 1722 4801 in
1743 4752 1817 4802 talem

1038 4867 1049 4889 ιι
1067 4844 1173 4893 fortunae
1191 4846 1285 4892 statum
1300 4841 1436 4906 compulsi,
1456 4840 1535 4889 iacere
1547 4840 1625 4889 coacti
1645 4843 1715 4890 saint.
1748 4844 1819 4891 llaec·

1039 4954 1050 4977 ιι
1066 4933 1119 4982 cine
1140 4931 1215 5003 igiipr
1227 4946 1304 4996 {larva
1316 4934 1340 4981 et
1353 4930 1445 4980 nullius
1465 4928 1582 4978 momenti
1601 4929 1646 4979 titi
1661 4929 1778 4980 ridentur
1792 4934 1816 4981 et

1039 5039 1050 5061 ιι
1064 5017 1257 5077 contemnenda,
1272 5031 1303 5066 an
1315 5016 1399 5081 potius
1411 5019 1524 5066 extrema
1540 5014 1606 5065 mala
1620 5028 1678 5080 quaa
1693 5017 1751 5081 quis
1764 5018 1818 5082 pati

1039 5129 1049 5151 Ιι
1065 5108 1165 5172 possit?
