3772 5828
173 333 233 393 200

171 464 280 545 χρέους,
297 463 353 522 ὅσοι
374 462 422 535 τὴν
442 469 531 525 πίστιν
555 462 678 521 ἀδύνατοι
701 453 768 534 ῆσαν
790 462 947 543 φυλάττειν,

171 557 238 612 τίσιν
252 550 385 632 ὀφείλουσι
403 553 448 610 καὶ
467 555 547 610 πόσον
563 552 690 627 ἕκαστος,
708 551 798 622 ἐπειδὴ
815 552 862 617 τδις
883 553 950 609 ἀπο-

171 641 273 723 γραφδις
288 640 366 699 έλαὸε
377 643 524 718 ,τραπέζας
538 641 589 706 θεῖς
601 641 628 698 ἐν
645 643 740 719 ἀγορᾷ,
751 641 856 699 τάντων
868 638 948 718 δρύιν-

171 753 233 801 των,
244 729 388 807 ἀπηρίθμει
397 738 448 794 τοῖς
459 727 650 806 δανεισταῖςζτδι
662 728 740 807 χρέα.
785 731 879 788 Ταῦτα
893 729 950 787 δια,

130 841 143 880 ε
172 817 348 898 πραξάμενος,
364 817 481 888 ἐξέθηκεν
492 819 518 875 ἐν
530 820 635 896 φανερῷ
648 815 782 894 διάταγμα
793 816 948 895 βασιλικὸν,

171 909 297 987 ἐκχωρεῖν
308 910 355 977 τῆς
372 904 500 979 δημοσίας
510 905 570 970 τοὺς
586 903 783 985 καρπουμένους
793 928 822 964 τε
836 904 881 963 καὶ
892 906 949 963 δια-

172 994 334 1074 κατέχοντας
356 992 436 1063 αὐτήν
453 994 479 1050 ἐν
494 991 633 1073 ὡρισμένῳ
647 993 697 1050 τινὶ
712 994 816 1074 χρόνῳ,
831 993 877 1051 καὶ
892 991 951 1059 τούς

171 1091 262 1151 ούδένα
287 1093 383 1169 κλῆρον
407 1087 517 1170 ἔχοντας
543 1092 595 1148 τῶν
620 1090 734 1148 πολιτῶν
762 1089 827 1170 πρδς
860 1088 950 1148 ἑαυτὸν

171 1180 382 1259 ἀπογράφεσθαι·
407 1180 502 1254 νόμους
524 1201 553 1236 τε
576 1176 753 1260 συνέγραφεν,
770 1180 800 1237 ἐκ
822 1181 874 1236 τῶν
903 1179 950 1256 ἀρ·

118 1298 145 1340 10
169 1269 254 1351 χαίων
280 1269 325 1327 καὶ
347 1268 579 1348 παρημελημένων
595 1269 797 1344 ἀνανεούμενος,
819 1266 862 1332 οὒς
879 1264 951 1326 Ῥω-

171 1361 252 1442 μύλος
273 1363 298 1417 τ’
312 1358 472 1436 εἰσηγήσατο
486 1358 531 1417 καὶ
553 1360 646 1435 Νομᾶς
670 1358 834 1434 Πομπιλιος,
859 1353 903 1423 οθς
923 1354 951 1412 δέ

171 1448 248 1514 αὐτὸς
261 1448 461 1524 καθιστάμενος.
504 1450 529 1507 Τ
531 1452 598 1507 aare
611 1447 638 1506 δὲ
654 1449 732 1505 αὐτοῦ
748 1444 950 1516 πολιτευομένου

170 1539 296 1617 χαλεπῶς
309 1536 398 1617 ἔφερον
416 1539 440 1595 οἱ
454 1535 598 1614 πατρίκιοι,
614 1533 813 1611 καταλυομένην
834 1531 883 1602 τήν
902 1532 950 1589 δυ·

170 1626 292 1687 ναστείαν
315 1631 361 1698 τῆς
379 1626 473 1705 βουλῆς
495 1628 621 1704 δρῶντες,
644 1625 689 1684 καὶ
710 1620 851 1703 λογισμοὺς
865 1618 951 1681 οὐκέτι

117 1733 142 1774 1⁵
169 1712 229 1782 τοὺς
243 1713 344 1787 αὐτούς,
360 1715 419 1773 ἀλλ’
428 1712 557 1780 ἐναντίους
570 1722 623 1779 τοῖς
635 1713 770 1794 προτέροις
786 1709 947 1789 ἐλάμύανον.

170 1802 218 1865 Ἐν
239 1807 334 1885 ἀρχαῖς
364 1801 411 1878 μέν
429 1801 481 1883 γὰρ
508 1800 638 1883 ὥρμησαν
665 1803 809 1883 ἀφελέσθαι
825 1798 874 1872 τὴν
894 1822 950 1858 πα-

173 1893 285 1971 ράνομον
296 1893 376 1950 αὑτοῦ
391 1890 546 1950 δυναστείαν
554 1890 736 1960 ἀποδείξαντες
752 1889 950 1968 μεσούασιλεῖς,

169 1980 215 2039 καὶ
234 1981 268 2039 δι’
289 1978 394 2040 ἐκείνων
414 1978 519 2038 ίλέσθαι
538 1979 581 2038 τδν
603 1983 672 2038 κατδι
686 1981 780 2056 νόμους
795 1978 885 2045 ἕξοντα
902 1977 950 2049 τήν

170 2069 270 2150 ἀρχήν·
282 2068 342 2127 τότε
358 2064 385 2126 δέ
400 2067 517 2148 στέργειν
528 2069 571 2127 ἐπὶ
588 2076 641 2136 τοῖς
654 2073 783 2150 παροῦσιν
797 2065 879 2148 ᾤοντο
894 2071 947 2124 δεῖν

116 2175 145 2218 so
169 2157 216 2215 xci
234 2151 316 2231 μηδέν
329 2156 569 2233 πολυπραγμονεῖν.
615 2156 708 2235 Εέσήει
728 2156 779 2236 γδρ
802 2155 890 2220 αὐτοῖς
904 2154 948 2211 λο-

169 2245 275 2322 γισμδς,
286 2244 326 2302 δτι
341 2247 389 2313 τῆς
400 2243 446 2320 μὲν
462 2246 566 2323 βουλῆς,
579 2244 607 2304 δν
622 2245 689 2315 αὐτὴ
700 2250 853 2324 προῃρεῖτο,
864 2265 950 2323 παρα-

169 2333 266 2411 γούσης
288 2330 332 2390 ἐπὶ
345 2333 379 2389 τδν
391 2332 536 2410 πράγματα
553 2338 567 2393 δ
583 2336 664 2411 δῆμος
683 2334 880 2405 ἐναντιώσεται,
900 2329 949 2403 τὴν

167 2424 255 2500 ψῆφον
272 2419 431 2480 ἀναλαύύιν·
446 2421 491 2479 ἐὰν
510 2422 533 2480 δ’
548 2422 592 2481 ἐπὶ
610 2426 648 2504 τῷ
667 2422 744 2501 δήμῳ
758 2421 886 2494 ποιήσωσι
900 2421 948 2490 τήν

168 2511 214 2565 τοῦ
237 2506 367 2585 βασιλέως
387 2505 501 2587 αἵρεσιν,
516 2508 619 2569 ἅπασαι
639 2509 683 2568 τδν
698 2511 813 2570 Τύλλιον
830 2512 950 2591 ψηφοφο-

115 2625 142 2666 25
170 2595 295 2673 ρήσουσιν
310 2599 337 2654 αἱ
345 2605 473 2677 φρᾶτραι,
484 2598 530 2656 καὶ
538 2599 674 2677 περίεσται
684 2602 723 2679 τῷ
736 2598 810 2678 ἀνδρὶ
825 2598 854 2656 τὸ
865 2600 949 2656 δοκεῖν

171 2685 241 2743 κατὰ
268 2686 362 2763 νόμους
384 2685 488 2766 ἄρχειν.
531 2685 641 2757 Ἔδοξεν
661 2677 705 2747 ούν
732 2688 819 2754 αὐτοῖς
840 2687 946 2765 ἄμεινον

169 2763 236 2832 εἶναι
250 2775 397 2832 κλέπτοντα
407 2775 455 2845 τὴν
468 2777 554 2857 ἀρχὴν
568 2779 611 2835 τὸν
632 2776 713 2856 ἄνδρα
725 2777 769 2835 καὶ
780 2775 946 2856 παρακρουό-

169 2885 248 2938 μενον
262 2863 321 2932 τούς
337 2865 445 2931 πολίτας
461 2867 579 2941 μᾶλλον,
592 2866 609 2936 θ,
624 2868 754 2924 πείσαντα
769 2864 814 2923 καὶ
829 2868 948 2946 φανερῶς

167 2951 285 3011 λαθόντα
295 2953 429 3032 κατέχειν.
454 2949 948 3030 Ἀλλόιίδὲναύτοῐςε’γένετοπροθργοιι

9 3074 18 3089 ι
114 3064 142 3106 30
169 3043 221 3098 τῶν
235 3042 441 3120 λελογισμένων·
468 3040 537 3101 οθτιο
556 3043 804 3121 κατεστρατήγησεν
826 3039 947 3104 αὖτοὺςδ

167 3128 297 3204 Τύλλιος,
309 3132 354 3190 καί
369 3129 484 3209 κατέσχε
493 3130 541 3202 τήν
554 3130 691 3209 βασιλείαν
703 3130 819 3187 ἀκόντων
831 3126 946 3186 ἐκείνων.

168 3218 379 3286 Κατασκευάσας
394 3217 444 3297 γθιρ
462 3222 493 3279 ἐκ
512 3219 612 3278 πολλοῦ
627 3217 716 3297 φήμας
735 3218 856 3294 λέγεσθαι
877 3215 946 3274 κατδι

166 3304 215 3376 τὴν
232 3308 326 3380 πόλιν,
342 3311 377 3374 ύις
396 3306 616 3366 ἐπιύουλειιύντων
631 3311 702 3387 αὐτῷ
715 3310 767 3365 τῶν
779 3305 942 3386 πατρικίων,

165 3397 294 3476 προῆλθεν
308 3400 342 3464 εἷς
360 3396 409 3468 τήν
422 3395 531 3476 ἀγορὰν,
545 3398 643 3469 ἐσθῆτα
659 3394 773 3476 πιναρδιν
786 3395 944 3476 περιύεύλη·

112 3502 139 3544 to
167 3485 243 3560 μένος
257 3486 302 3543 καὶ
323 3483 460 3563 κατηφὴς,
479 3484 606 3557 συνούσης
626 3484 759 3563 αὐτῷκαὶ
777 3488 823 3554 τῆς
846 3486 944 3563 μητρὸς

166 3572 316 3656 Ὀκρισίας,
329 3574 374 3632 καὶ
389 3578 435 3646 τῆς
449 3573 599 3654 Ταρκυνίου
615 3575 737 3650 γυναικὸς
750 3575 776 3632 Τ
779 3573 942 3638 ανακυλίδος,

166 3666 271 3734 καὶτῆς
286 3663 438 3741 συγγενείας
455 3667 502 3733 τῆς
516 3663 655 3740 βασιλικῆς
677 3661 752 3734 ὅλης.
795 3660 899 3741 ’(λχλου
917 3662 943 3720 δέ

166 3751 358 3829 συνδραμόντος
364 3751 462 3810 πολλοῦ
471 3750 534 3831 πρδς
545 3750 574 3808 τὸ
585 3750 732 3830 παράδοξον
741 3755 788 3821 τῆς
798 3750 893 3830 ὄψεως,
903 3753 944 3808 ἐκ·

165 3839 276 3911 κλησίαν
291 3839 465 3916 συγκαλέσας,
476 3842 610 3920 παρῆλθεν
625 3839 668 3898 ἐπὶ
683 3839 712 3897 τδ
736 3843 810 3918 βῆμα
831 3838 875 3896 καί
890 3839 945 3895 διε-

111 3946 139 3985 lo
169 3924 244 3998 ξῆλθε
258 3928 372 3988 τοιοῦτόν
391 3953 448 3987 τινα
466 3929 553 4007 λόγον.

204 4015 256 4075 ΧΙ.
270 4042 281 4067 ι
302 4018 398 4076 Οὐκέτι
409 4042 453 4093 μοι
464 4020 578 4099 περὶτῶν
590 4015 738 4097 Ταρκυνίου
754 4018 855 4078 παίδοιν
867 4016 943 4094 μένον

165 4127 177 4155 ι
200 4102 338 4169 δκίνδυνός
356 4109 442 4175 ἐστιν,
456 4105 499 4163 ἴνα
515 4105 596 4182 μηδὲν
611 4106 662 4164 ύπδ
676 4109 727 4163 τῶν
743 4109 842 4185 ἐχθρῶν
863 4106 944 4165 δεινὸν

166 4219 178 4245 ι
199 4191 327 4265 πάθωσιν,
348 4194 406 4252 ἀλλ’
425 4196 478 4266 ήδη
498 4198 543 4253 καὶ
564 4194 624 4274 περὶ
639 4200 685 4265 τῆς
706 4197 771 4272 ἐμῆς
790 4198 877 4276 ψυχῆς
890 4194 946 4264 δέος

167 4307 180 4332 ⁸
199 4279 392 4358 ἐπεισέρχεται,
411 4283 448 4357 μὴ
465 4282 561 4363 πικρδις
580 4283 694 4362 ἀμοιύδις
716 4286 763 4353 τῆς
781 4282 945 4355 δικαιοσύνης

110 4392 137 4432 tt
167 4397 178 4424 ι
201 4368 340 4429 inolito.
382 4369 605 4450 Ἔπιύουλεύομαι
615 4374 777 4451 γαρυποτῶν
787 4372 942 4448 πατρικίων,

165 4486 178 4510 ιι
200 4459 245 4516 καὶ
265 4458 428 4535 μεμήνυνταί
444 4461 488 4536 μοί
503 4485 569 4528 τινες
581 4461 606 4530 ἐξ
628 4463 721 4532 αὐτῶν,
737 4460 890 4519 ἀποκτεῖναί
912 4482 944 4536 με

165 4575 177 4599 ι
200 4556 406 4624 συνομνύμενοι,
426 4550 543 4626 ἀδίκημα
559 4552 606 4628 μὲν
621 4548 694 4610 οὐδέν
710 4548 769 4610 ούτε
784 4554 870 4624 μεῖζον
889 4550 943 4608 οὔτ’

164 4664 176 4691 ι
197 4635 306 4695 ἔλαττον
327 4637 428 4716 ἔχοντες
444 4641 580 4715 ἐγκαλεῖν,
596 4632 632 4700 ῶν
648 4639 675 4699 δέ
689 4639 733 4698 τὸν
755 4641 836 4716 δῆμον
855 4629 883 4697 εδ
899 4661 944 4698 πε-

164 4754 176 4779 ι
198 4726 297 4800 ποίηκα
317 4728 363 4786 καὶ
386 4733 608 4807 παρεσκεύασμαι
632 4730 727 4800 ποιεῖν,
746 4729 887 4807 ἀχθόμενοί
915 4753 944 4788 τε

109 4835 136 4875 so
165 4844 176 4868 ι
198 4819 242 4877 καλ
265 4818 514 4888 ἀναξιοπαθοῦντες·
542 4823 564 4879 οἱ
593 4819 726 4879 δανεισταί
741 4818 804 4894 μὲν,
826 4817 866 4878 ὅτι
887 4819 944 4886 τούς

164 4931 177 4959 α
199 4906 313 4980 πένητας
324 4913 397 4985 ὑμῶν
408 4912 455 4968 οὐκ
470 4908 545 4968 είασα
557 4909 604 4980 τήν
616 4909 763 4988 ἐλευθερίαν
772 4910 943 4986 ἀφαιρεθῆναι

165 5020 177 5047 a
199 4995 264 5070 πρὸς
275 4997 307 5054 tir
319 4997 385 5076 χρέα
398 5000 443 5057 ὑπ’
460 5001 545 5058 αὐτῶν
559 5000 737 5077 ἀπαχθέντας·
750 4999 773 5057 oi
788 4997 815 5055 δέ
828 5020 942 5056 κατανο-

165 5106 178 5132 ι
199 5080 348 5157 σφιζύμενοι
357 5084 391 5143 τδι
403 5087 517 5163 δημόσια
530 5085 576 5145 καὶ
592 5085 764 5164 κατέχοντες,
775 5083 808 5156 ἢν
821 5087 895 5160 ὑμεῖς
910 5083 942 5140 δι’

167 5193 179 5221 ν
200 5164 311 5245 αἵματος
334 5171 481 5242 ἐκτήσασθε
503 5178 553 5252 γῆν
577 5175 692 5233 ἐκλιπεῖν
718 5173 940 5252 ἀναγκαζόμενοι,

695 330 861 392 DIONYSll
886 328 1262 391 flautcnaaassan'sts

1004 471 1070 520 mma
1083 470 1265 532 oneratorum,
1282 474 1405 534 quotquot
1424 470 1496 522 fidem
1511 471 1674 525 creditoribus
1685 489 1787 530 serrare

1004 578 1053 615 non
1074 566 1204 629 poterant,
1221 569 1247 615 et
1259 568 1379 628 quantum
1394 566 1563 631 unusquisque
1577 567 1681 620 dederet
1693 585 1703 618 .·
1719 576 1786 635 post-

1004 671 1078 721 quam
1101 659 1200 709 nomina
1219 661 1245 708 et
1269 656 1352 706 debita
1374 657 1400 706 in
1425 655 1516 706 tabulis
1533 657 1656 723 descripta
1676 664 1783 727 accepit.

1005 750 1096 801 mensis
1110 752 1135 801 in
1150 750 1307 815 locopositis,
1316 750 1342 801 in
1355 750 1467 801 omnium
1481 757 1614 816 conspectu
1623 754 1786 807 creditoribus

1003 845 1133 909 pecuniam
1147 845 1320 896 dinumeravit.
1353 844 1398 895 llis
1427 847 1541 910 peractis,
1556 849 1637 913 palam
1658 852 1785 914 proposuit

1005 939 1099 1004 regium
1110 939 1218 990 edictum
1231 942 1276 999 ‚ut
1289 939 1353 990 intra
1363 945 1461 992 certum
1471 945 1569 1007 tempus
1578 958 1665 996 ornnes
1675 946 1719 1010 qui
1728 959 1786 1011 agro

1005 1032 1103 1098 publico
1125 1031 1275 1093 fruerentur,
1293 1047 1400 1099 eumque
1417 1035 1531 1098 privatim
1550 1039 1712 1102 possiderent,
1729 1040 1786 1093 iude

1005 1128 1132 1186 cederem:
1143 1133 1262 1179 eteorum
1278 1128 1388 1193 civium,
1407 1129 1451 1195 qui
1468 1131 1560 1182 nullam
1575 1133 1626 1197 agri
1642 1135 1784 1199 portionem

1005 1223 1139 1284 traherent,
1154 1224 1253 1274 nomina
1277 1224 1309 1274 ad
1323 1237 1350 1274 se
1371 1224 1539 1289 delementum
1554 1231 1628 1292 alque
1644 1229 1721 1293 leges,
1732 1233 1786 1280 tum

1004 1321 1129 1370 vetustate
1152 1319 1200 1369 iarn
1223 1319 1360 1383 neglectas,
1383 1334 1490 1384 quarum
1511 1324 1632 1374 Romulus
1654 1329 1680 1376 ct
1705 1329 1786 1377 liunra

1005 1412 1140 1478 Pompilius
1160 1417 1273 1464 auctores
1296 1413 1409 1473 inerant,
1436 1415 1526 1466 iterum
1554 1418 1714 1483 conscripsit,
1732 1424 1786 1471 turn

1006 1506 1066 1557 alias
1090 1519 1168 1556 novas
1188 1506 1241 1570 ipse
1261 1506 1326 1556 tulit.
1360 1510 1431 1558 Hanc
1454 1522 1514 1560 vero
1538 1510 1681 1576 reipublicae
1710 1513 1787 1564 admi·

1004 1699 1106 1747 senatus
1123 1695 1257 1760 potentiano
1272 1693 1321 1747 hoc
1332 1696 1406 1748 modo
1424 1699 1476 1749 tolli
1497 1699 1622 1761 ridebant,
1639 1715 1684 1752 nec
1697 1701 1784 1752 eadem

1004 1789 1109 1853 amplius
1132 1789 1249 1848 consilia,
1267 1789 1312 1840 sed
1327 1791 1495 1855 superioribus
1517 1795 1638 1845 contraria
1657 1799 1782 1859 ceperunt.

1004 1883 1126 1948 Principio
1138 1879 1203 1934 enim
1220 1884 1399 1949 principatum,
1411 1899 1486 1951 σοειιι
1498 1893 1585 1940 contro
1597 1889 1663 1954 leges
1674 1903 1784 1957 occupa·

1004 1983 1088 2037 verat,
1100 1979 1123 2028 ei
1138 1977 1232 2042 eripere
1249 1983 1275 2029 et
1287 1979 1421 2044 interreges
1432 1993 1514 2031 creare
1525 1986 1554 2031 et
1561 1995 1605 2046 per
1621 1982 1676 2032 illos
1696 1984 1785 2049 eligere

1004 2083 1085 2135 νοςενιι
1108 2070 1242 2135 legitimum
1270 2072 1295 2121 in
1319 2071 1400 2123 auium
1424 2071 1576 2133 imbuerant3
1603 2077 1662 2124 tunc
1679 2090 1740 2128 vero
1759 2078 1784 2127 in

1005 2167 1121 2231 presenti
1144 2180 1226 2216 rerurn
1250 2169 1318 2217 statu
1347 2165 1552 2232 adquiescendum
1584 2171 1610 2219 ct
1634 2169 1694 2218 nihil
1725 2172 1783 2221 novi

1004 2259 1152 2312 moliendum
1171 2259 1362 2333 arbitrabantur.
1396 2261 1469 2311 venit
1486 2261 1553 2310 enirn
1570 2261 1607 2312 eis
1626 2261 1651 2311 in
1673 2267 1783 2314 mentem

1004 2355 1057 2406 iore
1079 2357 1122 2416 ut,
1147 2355 1169 2406 si
1189 2359 1291 2405 senatus
1314 2355 1420 2418 aliquem
1441 2353 1584 2418 reipublice
1609 2355 1783 2420 gubernaculis

1003 2448 1164 2511 admovisset,
1175 2463 1249 2515 quem
1259 2450 1311 2514 ipse
1326 2448 1447 2513 elegisset,
1458 2448 1529 2513 plebs
1540 2448 1566 2499 iu
1576 2448 1682 2500 terendis
1690 2451 1781 2500 sotira·

1003 2543 1049 2606 giis
1062 2541 1086 2592 ei
1101 2542 1286 2601 adversancium
1300 2543 1320 2593 si
1338 2555 1397 2593 vero
1407 2543 1488 2608 populi
1500 2543 1602 2594 arbitrio
1617 2544 1784 2607 permisissent

1003 2651 1084 2703 regem
1103 2651 1187 2689 creare
1200 2652 1274 2702 quem
1298 2638 1388 2699 vellet,
1412 2638 1507 2688 Tullius
1531 2639 1642 2689 omniurn
1664 2639 1784 2692 triduum

1003 2733 1126 2797 sutlragiis
1147 2737 1295 2784 crearetur:
1312 2736 1387 2797 atque
1407 2735 1443 2785 ita
1460 2733 1495 2784 ilii
1509 2734 1661 2798 contingeret
1674 2738 1704 2785 ut
1721 2736 1782 2801 legi·

1002 2827 1062 2877 time
1088 2840 1190 2890 regnare
1212 2826 1346 2879 rideretur.
1381 2831 1469 2893 ltaque
1488 2828 1525 2879 eis
1543 2829 1622 2878 visum
1644 2833 1683 2880 est
1703 2829 1783 2880 satius

1002 2934 1057 2971 esse
1078 2919 1186 2972 Tullium
1210 2933 1312 2984 regnum
1336 2935 1380 2986 per
1397 2922 1510 2973 troadem
1531 2926 1679 2987 occupatum
1700 2923 1782 2986 potius

1001 3027 1076 3078 quam
1087 3019 1171 3078 aperte
1186 3016 1325 3078 occeptum,
1340 3019 1366 3066 et
1378 3015 1475 3067 civibus
1488 3016 1571 3082 potius
1585 3014 1694 3080 deceptis
1704 3029 1780 3080 quarn

1002 3107 1125 3172 persuasis
1138 3107 1251 3158 retinere.
1284 3108 1332 3158 Sed
1345 3109 1403 3159 nitril
1416 3123 1502 3161 eorum
1517 3123 1574 3173 qum
1592 3122 1676 3161 secum
1690 3110 1782 3175 cogita·

1002 3202 1422 3253 rontcisexsententiecessit:odeo
1431 3202 1782 3254 callidisartibusTulliuseos

1001 3297 1082 3357 elusit,
1092 3296 1173 3348 etillis
1189 3295 1272 3347 invitis
1282 3310 1382 3360 reguum
1396 3296 1500 3361 adeptus
1513 3299 1636 3348 osteum
1649 3297 1715 3347 enim
1730 3297 1781 3348 iam

1001 3392 1079 3441 marito
1099 3395 1157 3443 ante
1175 3395 1287 3442 curasset
1300 3405 1413 3442 rumores
1435 3405 1478 3455 per
1495 3391 1581 3443 urbem
1599 3390 1688 3457 spargi,
1708 3390 1779 3454 quasi

999 3486 1095 3550 patricii
1104 3486 1151 3537 sibi
1161 3487 1342 3547 insidiarentur,
1351 3486 1377 3536 in
1393 3487 1474 3536 lorum
1487 3486 1588 3549 prodiit,
1599 3488 1668 3536 veste
1681 3484 1780 3535 sordida

999 3577 1024 3625 et
1034 3580 1146 3637 maestus,
1159 3577 1292 3626 comitante
1313 3579 1392 3626 matre
1409 3575 1504 3624 ocrisia
1518 3579 1543 3625 et
1554 3574 1696 3638 Tanaquile,
1716 3576 1778 3623 Tac·

998 3665 1077 3728 quinii
1085 3680 1166 3729 uxore,
1178 3664 1325 3718 etomnibus
1334 3665 1406 3730 regiis
1420 3664 1536 3726 cognatis.
1570 3666 1635 3713 Curn
1645 3666 1729 3714 autern
1742 3663 1780 3714 in·

998 3769 1057 3819 gons
1075 3757 1149 3807 turba
1161 3770 1190 3807 co
1205 3757 1365 3807 confluxisset
1376 3755 1407 3805 olr
1427 3754 1578 3818 inopinatum
1599 3753 1778 3817 spectaculum,

998 3851 1132 3895 convocata
1146 3846 1377 3898 concionatrilrunul
1390 3844 1541 3908 conscendit,
1557 3847 1582 3895 et
1599 3842 1673 3894 talern
1692 3842 1780 3893 habuit

998 3935 1144 3985 orationem.

1030 4037 1073 4085 xl.
1092 4054 1104 4078 ι
1121 4037 1175 4084 Non
1193 4035 1307 4099 amplius,
1328 4035 1445 4092 Quirites,
1465 4034 1526 4083 solis
1545 4033 1670 4096 Tarquinii
1695 4033 1780 4085 liberis

1000 4160 1012 4184 ιι
1028 4140 1166 4205 periculum
1186 4140 1313 4200 imminet,
1336 4139 1442 4203 nequid
1464 4139 1547 4189 damni
1567 4139 1598 4189 alr
1613 4138 1718 4189 inimicis
1740 4151 1780 4188 ao-

1000 4267 1012 4290 «
1030 4248 1129 4311 cipiant,
1144 4246 1187 4298 sed
1200 4247 1274 4297 etiarn
1284 4260 1324 4296 mo
1338 4246 1416 4310 ipsam
1427 4249 1506 4296 metus
1518 4246 1566 4296 iam
1579 4245 1653 4307 subit,
1666 4259 1696 4296 ne
1708 4245 1779 4296 triste

999 4378 1011 4402 a
1029 4355 1128 4420 aliquod
1143 4369 1187 4420 pro
1204 4368 1260 4405 mea
1281 4354 1374 4404 iustitia
1391 4353 1520 4418 praemium
1536 4353 1661 4416 accipiam.
1679 4351 1778 4402 insidiis

1000 4484 1012 4508 «ι
1029 4464 1093 4514 enirn
1105 4478 1121 4514 a
1133 4463 1242 4528 patriciis
1254 4466 1364 4526 appetnr,
1379 4465 1404 4511 et
1418 4459 1552 4510 indicatum
1564 4464 1602 4509 cst
1614 4459 1675 4510 milri
1685 4459 1780 4522 aliquot

1000 4590 1012 4614 a
1031 4583 1062 4620 ex
1076 4568 1124 4618 illis
1137 4567 1161 4617 in
1176 4570 1280 4618 mortem
1291 4580 1370 4616 meam
1381 4565 1530 4624 coniurasse,
1546 4578 1605 4614 curn
1615 4567 1699 4614 tumen
1710 4562 1779 4614 nulla

1000 4691 1012 4715 a
1030 4669 1118 4719 iniuria
1131 4671 1174 4718 aut
1194 4667 1305 4732 grauiore
1316 4672 1360 4718 aut
1379 4667 1470 4718 leviore
1479 4680 1505 4717 se
1520 4680 1535 4717 a
1548 4680 1589 4715 me
1601 4667 1705 4715 allectos
1715 4679 1778 4716 con-

999 4797 1010 4819 ι
1027 4775 1098 4839 queri
1108 4774 1202 4838 possint
1218 4792 1223 4822 :
1240 4772 1283 4823 scd
1301 4772 1368 4837 quod
1390 4771 1423 4820 dc
1439 4771 1508 4835 plebe
1528 4772 1661 4822 bonosum
1675 4771 1778 4823 meritus

999 4898 1011 4920 ι
1028 4881 1053 4929 et
1066 4877 1186 4936 merebor,
1197 4875 1220 4925 id
1232 4875 1316 4938 iniquo
1325 4873 1405 4922 animo
1415 4874 1497 4922 ierunt
1510 4877 1533 4923 et
1542 4872 1671 4937 indignum
1685 4872 1777 4922 lacinus

998 5003 1011 5027 ι
1030 4997 1056 5035 se
1066 4983 1159 5048 perpeti
1170 4985 1258 5047 putaui
1270 5000 1276 5030 :
1289 4983 1438 5032 feneratores
1452 4980 1561 5044 quidem,
1576 4981 1644 5046 quod
1657 4991 1777 5046 pauperes

998 5109 1010 5133 ι
1027 5090 1059 5141 de
1074 5090 1144 5141 vobis
1164 5091 1247 5153 raptos
1268 5088 1292 5137 in
1315 5085 1394 5136 vincla
1420 5085 1532 5138 libertale
1556 5087 1587 5138 ab
1608 5086 1656 5137 illis
1677 5084 1776 5149 spoliari

998 5210 1011 5236 ι
1028 5205 1076 5242 non
1090 5204 1178 5255 passus
1196 5203 1250 5239 suro
1265 5209 1272 5238 ι
1288 5186 1473 5251 depredatores
1486 5201 1544 5238 vcro
1557 5185 1719 5251 Reipublicae,
1731 5183 1776 5251 qul
