3772 5828
620 386 914 460 ANllQUlTATUM
933 389 1081 452 boumn.
1105 394 1178 453 LlB.
1203 395 1252 455 lli.

110 516 137 575 δὲ
153 516 297 596 ἀνθρώπων
312 518 336 575 oi
357 517 403 592 μὲν
424 519 450 576 ἐν
471 519 530 584 ταῖς
545 517 644 584 κοίταις
660 515 700 578 ἔτι
721 517 793 584 ὄντες
807 543 887 579 κατε-

109 603 264 684 σφάγησαν,
279 608 302 663 ol
315 604 338 662 δ’
354 604 524 680 ἀνιστάμενοι
540 605 637 685 ἀρτίως
651 605 697 665 καί
712 605 746 665 τά
759 605 830 665 ὅπλα
845 610 887 667 ἀν-

109 692 227 770 δυόμενοι
241 737 248 766 ,
265 696 288 752 ai
300 695 322 751 δ’
333 693 497 770 ὡπλισμένοι
510 693 556 772 μίν
569 736 577 764 ,
592 694 723 774 σποράδες
735 694 763 754 δὲ
775 696 820 754 καί
837 698 886 754 οὐκ

109 784 135 840 ἐν
155 782 227 850 τάξει
246 781 426 858 ἀμυνόμενοι,
441 785 465 841 ol
491 783 518 841 δὲ
542 784 663 843 πλεῖστοι
679 783 817 864 φεύγοντες
840 785 884 844 itti

69 889 81 924 a
108 870 152 929 τὸν
169 871 256 950 ἕτερον
281 871 390 952 χάρακα
411 871 463 932 ὑπὸ
481 875 534 932 τῶν
554 873 656 934 ἱππίων
679 872 887 947 καταλαμθανό-

112 980 186 1033 μενοι
201 959 390 1038 διεφθάρησαν.

152 1048 273 1108 XXXV.
295 1051 397 1107 Τοῦτον
417 1045 445 1104 δί
465 1045 509 1104 τδν
532 1046 629 1125 τρόπον
646 1047 753 1115 ἁλόντος
776 1052 822 1108 τοῦ
834 1051 887 1108 τῶν

112 1135 233 1195 Σαύίνων
250 1136 383 1215 χάρακος,
398 1125 446 1212 ἦγε
461 1134 508 1208 τὴν
531 1135 641 1212 δύναμιν
657 1141 672 1196 δ
685 1135 829 1215 Οὐαλέριος
845 1136 888 1195 tat

111 1226 154 1281 τὸν
169 1223 256 1303 ίτερον
264 1269 273 1297 ,
286 1225 347 1282 ἔνθα
359 1214 428 1295 ἦσαν
443 1225 467 1282 οἱ
480 1223 651 1295 Οὐιεντανοί,
661 1222 757 1304 χωρίον
772 1226 801 1282 οὗ
816 1223 884 1283 πάνυ

61 1336 85 1373 ro
110 1314 202 1392 ἐχυρὸν
215 1311 414 1392 κατειληφότες.
460 1314 555 1371 Λαθεῖν
571 1312 618 1388 μίν
634 1305 679 1371 οὖν
694 1312 780 1373 οὗκίτι
799 1311 888 1372 ἀνεδί-

109 1423 172 1481 χετο
192 1399 251 1468 τοὺς
267 1401 424 1480 προσιόντας
442 1403 480 1481 τῷ
500 1399 616 1479 χάρακι·
640 1400 728 1481 ἠμάρα
742 1424 772 1460 τε
790 1399 841 1481 χδρ
856 1392 888 1473 ἦν

111 1489 162 1561 ἤδη
177 1491 305 1570 λαμπρά,
320 1489 366 1548 καί
388 1491 440 1546 τῶν
457 1486 580 1549 Σαθίνων
604 1493 628 1548 ai
643 1489 780 1571 paliperna<
801 1492 888 1568 ἀπάγ-

96 1582 200 1658 Ιγειλαν
219 1588 274 1646 τοῖς
295 1582 442 1657 Τυρρηνοῖς
455 1578 503 1650 τήν
524 1601 553 1638 τε
574 1582 660 1637 αὑτῶν
680 1578 820 1659 συμφοράν
842 1578 888 1638 καί

111 1667 160 1738 τὴν
183 1669 224 1726 ἐπ’
252 1667 367 1733 ίκείνους
387 1668 489 1726 ἔλασιν·
511 1669 653 1746 ἀναγκαῖον
680 1667 702 1726 δ’
727 1659 759 1739 ἦν
783 1670 814 1727 ἐκ
841 1673 887 1726 τοῦ

61 1784 85 1822 p,
111 1760 240 1835 καρτεροῦ
262 1757 314 1821 τοῖς
337 1756 471 1832 πολεμίοις
494 1758 682 1837 συμφέρεσθαι.
728 1756 834 1817 Γίνεται
858 1757 886 1815 δὲ

112 1842 180 1919 μετά
197 1848 275 1903 τοῦτο
289 1843 363 1922 πάσῃ
383 1843 515 1925 προθυμίᾳ
536 1849 589 1903 τῶν
602 1847 746 1926 Τυρρηνῶν
762 1847 889 1922 ἀγωνιζο·

113 1933 196 2009 μένων
223 1935 342 2013 πρὸτῆς
368 1933 539 2012 παρεμόολῆς
559 1934 630 2003 ὀξεῖα
650 1935 726 2015 μάχη
748 1935 793 1995 καί
814 1936 888 2016 φόνος

113 2022 267 2100 ἀμροτίρων
282 2019 380 2097 πολύς,
408 2022 547 2105 ἰσόρροπός
561 2046 589 2084 τε
613 2024 659 2083 καί
683 2024 763 2104 με’χρι
788 2023 886 2082 πολλοῦ

113 2109 327 2188 ταλαντευομένη
342 2110 405 2190 τῇδε
417 2111 463 2170 καί
483 2113 542 2192 τῇδ’
558 2118 575 2185 ἡ
599 2111 683 2190 κρίσις
699 2117 745 2170 τοῦ
760 2110 887 2188 πολέμου.

60 2223 86 2259 au
113 2196 227 2259 Ἔπειτα
250 2199 372 2259 ἐνέδοσαν
397 2203 421 2258 οἱ
436 2199 569 2281 Τυρρηνοί
594 2200 645 2261 tub
665 2204 713 2272 τῆς
733 2198 889 2276 Ῥωμαῖκῆς

112 2287 267 2356 ἐξωσθέντες
284 2285 384 2360 ἵππου,
400 2288 446 2347 καί
460 2289 638 2370 ἀπεχώρησαν
659 2292 696 2355 είς
709 2287 753 2347 τὸν
769 2289 887 2368 χάρακα.

112 2376 147 2438 Ὁ
164 2380 186 2436 δ’
202 2377 300 2444 ύπατος
314 2377 462 2448 ἠκολούθει·
476 2379 522 2437 καί
546 2378 637 2450 ἐπειδὴ
652 2376 764 2449 πλησίον
786 2377 889 2455 ίγίνετο

113 2470 164 2525 τῶν
189 2466 341 2544 ἐρυμάτων·
365 2457 398 2537 νίν
414 2466 442 2525 δὲ
457 2465 564 2547 φαύλως
580 2464 827 2540 κατεσκευασμένα,
843 2465 889 2524 καλ

112 2554 142 2613 τδ
156 2554 263 2634 χωρίον,
277 2553 366 2633 ὥσπερ
379 2553 499 2634 ἔρην,οθ
514 2555 584 2615 πάνυ
597 2553 722 2636 ἀσραλάς·
739 2552 889 2630 προσίθαλε

61 2661 86 2699 aa
113 2641 183 2700 κατά
198 2641 286 2700 πολλδι
305 2640 373 2719 με’ρη
397 2641 475 2701 τότε
497 2641 587 2701 λοιπθν
606 2642 706 2720 ἐκείνης
726 2646 772 2711 τῆς
788 2642 888 2722 ἠμάρας

114 2730 191 2810 αίρος
213 2732 433 2810 ἐπιταλαιπωρῶν
453 2731 499 2789 καί
520 2732 579 2790 οὐδὲ
600 2727 650 2803 τὴν
666 2732 790 2790 ἀπιοῦσαν
807 2730 888 2790 νύκτα

113 2820 342 2892 ἀναπαυσάμενος.
386 2821 421 2878 Oi
437 2819 464 2878 δὲ
478 2819 610 2900 Τυρρηνοί
622 2829 680 2890 ταῖς
701 2818 821 2898 συνεχέσι
836 2843 888 2879 κα-

112 2905 264 2975 κοπαθείαις
282 2907 453 2987 ἀπειρηκότες
476 2908 627 2968 θκλείπουσι
647 2907 690 2967 ab
705 2905 814 2988 χάρακα
827 2907 888 2986 περὶ

111 2997 156 3057 τὸν
170 2998 275 3078 ὄρθρον·
292 2997 337 3056 καί
357 2997 441 3075 οἱμὲν
459 2999 496 3065 είς
516 2998 566 3070 τλν
582 2998 659 3057 πόλιν
675 2999 799 3076 ἔφευγον,
813 3002 838 3058 oi
857 2995 885 3056 δί

59 3102 85 3142 ou
112 3092 148 3156 εἰς
164 3089 210 3155 τάς
227 3085 339 3157 πλησίον
357 3085 420 3154 tna<
446 3087 653 3157 ίσκεδάσθησαν.
698 3086 841 3163 Γενόμενος
862 3083 888 3145 δδ

112 3177 157 3237 καί
172 3176 262 3237 τούτου
277 3181 323 3233 τοῦ
344 3174 462 3255 χάρακος
482 3173 628 3254 ἐγκρατὴς,
643 3172 744 3247 ἐκείνην
768 3173 816 3250 μὲν
839 3173 888 3247 τὴν

112 3265 212 3344 ἡμέραν
228 3264 361 3323 ἀνέπαυσε
377 3263 425 3335 τὴν
440 3262 581 3345 στρατιάν·
596 3262 667 3345 τῇδ’
680 3261 737 3334 ἑξῆς
751 3263 786 3323 τά
796 3285 826 3321 τε
838 3262 888 3322 λά·

112 3379 200 3436 ρυρα,
221 3354 270 3412 ὅσα
286 3352 312 3422 ἐξ
327 3353 483 3433 ἀμροτίρων
502 3350 600 3437 ellipse
613 3356 667 3412 τῶν
686 3351 886 3433 στρατοπέδων,

113 3442 225 3516 διένειμε
249 3443 303 3508 τοῖς
319 3441 523 3519 ἀγωνισαμένοις
546 3434 636 3500 πολλά
657 3440 737 3513 ὄντα,
760 3439 805 3499 καί
829 3438 888 3507 τούς

59 3550 86 3589 :to
115 3532 320 3610 ἀριστεύσαντας
336 3532 363 3588 lu
384 3537 442 3595 ταῖς
463 3528 564 3607 μάχαις
580 3530 633 3597 τοῖς
650 3532 767 3589 είωθόοιν
782 3529 889 3602 ἐκόσμει

116 3617 261 3699 στεφάνοις.
302 3606 359 3676 Ἦν
375 3614 402 3674 δὲ
417 3619 431 3674 δ
445 3616 573 3696 κράτιστα
588 3619 692 3678 πάντων
707 3616 886 3695 ἀγωνίσασθαι

116 3707 190 3777 δόξας
205 3706 251 3765 καί
270 3705 431 3785 τρεψάμενος
446 3702 494 3775 τὴν
518 3706 684 3766 Οὐιεντανῶν
704 3705 815 3780 δύναμιν
839 3708 889 3766 Σε·

117 3794 244 3878 ρουίλιος,
263 3799 328 3876 tib
343 3792 463 3874 προτίρῳ
483 3797 631 3881 ὑπατεύσας
651 3796 703 3855 ίτει
721 3795 766 3853 καί
783 3794 831 3866 τὴν
846 3795 890 3854 ἐπί

112 3895 156 3950 τοῦ
171 3890 255 3967 δι’,μου
267 3889 341 3962 δίκην
355 3886 507 3971 ἀποφυγὼν,
520 3882 685 3968 πρισθευτὴς
696 3880 755 3942 τότε
767 3881 806 3960 τῷ
817 3881 887 3939 ota·

58 4004 85 4041 ιο
110 3980 189 4059 λερίιμ
201 3977 394 4059 συμπεμφθείς,
404 3978 450 4037 καί
465 3978 508 4036 ἀπὶ
525 3982 556 4056 τῇ
575 3972 694 4057 ἀριστεία
709 3971 774 4049 τῇδε
787 3965 834 4035 τδις
845 3989 887 4025 νο-

113 4066 253 4144 μιζομένας
267 4057 333 4124 εἶναι
349 4063 473 4144 μεγίστας
485 4066 558 4146 παρά
574 4062 717 4141 Ῥωμαίοις
736 4056 834 4140 dmpsit
845 4059 887 4117 οὗ·

111 4178 154 4223 τος
167 4147 198 4228 ἦν
214 4158 228 4213 θ
241 4160 344 4236 πρῶτος
357 4155 565 4234 ἐξενεγκάμενος.
608 4152 688 4215 Mart
698 4154 781 4210 ταῦτα
793 4144 850 4214 τούς
858 4168 887 4206 τε

111 4248 163 4303 τῶν
181 4244 316 4320 πολεμίων
332 4245 477 4312 σκυλεύσας
490 4241 596 4323 νεκροὺς
612 4245 626 4302 δ
642 4240 750 4313 ύπατος,
768 4235 814 4296 καί
835 4237 887 4293 τῶν

111 4334 184 4393 ἰδίων
191 4333 275 4415 ταράς
283 4333 471 4411 ποιησάμενος,
478 4331 552 4411 ίξῆγε
560 4331 608 4402 την
619 4327 755 4410 στρατιάν,
766 4324 812 4384 καί
819 4325 888 4394 πλη·

57 4439 83 4478 lu
112 4419 166 4478 σίον
176 4423 223 4489 τῆς
233 4415 399 4478 Οὐιεντανῶν
409 4411 511 4482 πόλεως
523 4413 696 4486 καταστήσας
712 4414 889 4493 προθκαλεῑτο

112 4507 171 4574 τούς
185 4508 268 4566 ἔνδον.
314 4503 364 4570 Ὧς
383 4503 407 4561 δ’
422 4503 505 4569 ούδείς
522 4502 592 4583 ἐξῄει
607 4502 810 4583 μαχησόμενος,
825 4502 889 4562 ἀπυ-

113 4618 156 4675 ρον
173 4599 239 4674 δρῶν
251 4600 345 4675 χρῆμα
363 4593 394 4651 ia
405 4593 582 4672 τειχομαχίας
597 4591 693 4656 αύτούς
707 4593 775 4648 alato
792 4591 887 4669 ἐχυράν

113 4682 212 4764 σρόδρα
227 4683 335 4760 ἔχοντας
350 4682 426 4741 πόλιν
438 4725 447 4756 ,
460 4684 507 4751 τῆς
521 4684 569 4756 γῆς
585 4680 671 4738 αὐτῶν
686 4677 786 4750 πολλὴν
803 4700 888 4736 κατα-

112 4770 220 4851 δραμὼν
235 4774 271 4836 at<
290 4771 338 4845 τλν
362 4771 485 4834 Σαθίνων
507 4768 626 4830 ε’νάόαλε.
669 4767 844 4842 Λεηλατήσας
860 4765 888 4826 δδ

58 4892 85 4928 ευ
112 4859 236 4931 κάκείνην
254 4859 292 4918 ἔτι
307 4862 429 4938 ἀκέραιον
448 4850 528 4917 οὖσαν
549 4859 595 4916 ἀπὶ
609 4855 708 4926 πολλάς
726 4857 826 4937 ἡμέρας
843 4854 887 4913 καί

113 4949 222 5030 βαρεῖαν
244 4947 296 5019 ἤδη
317 4946 365 5018 <lv
389 4944 538 5017 ἀποσκευὴν
561 4944 631 5025 ἔχων
653 4946 711 5012 ταῖς
734 4942 885 5025 ὠρελείαις,

111 5043 214 5117 ἀπῆγεν
229 5036 270 5095 ἔπ’
282 5033 355 5093 οἴκου
369 5034 417 5106 τὴν
430 5033 555 5113 δύναμιν·
571 5034 617 5093 καί
631 5036 703 5112 αύτῷ
718 5036 732 5093 δ
744 5035 791 5112 μίν
805 5033 887 5107 δῆμος

110 5129 162 5209 πρδ
175 5127 275 5186 πολλοῦ
294 5125 342 5193 τῆς
356 5121 456 5188 πόλεως
469 5120 523 5182 ὄντι
532 5122 744 5202 ἀετερανωμίνος
765 5118 886 5197 ὑπήντα,

58 5240 61 5245 ·
110 5217 303 5283 λιόανωτοῑςτε
315 5212 415 5288 θυμιῶν
429 5208 477 5281 τὴν
493 5211 610 5291 πάροδον
624 5212 670 5271 καί
687 5211 819 5291 κρατῆρσι
834 5230 885 5285 με·

1660 410 1717 470 551

942 527 1067 579 cubilibus
1084 529 1168 579 adbuc
1179 530 1328 582 accubantes
1348 533 1455 598 jugulati
1471 541 1544 598 sunt3
1564 539 1619 597 alii,
1639 556 1723 593 recena

942 647 1073 708 surgentes
1082 647 1107 695 et
1119 659 1146 696 aa
1162 651 1294 705 armantes.
1317 647 1359 698 alii
1370 650 1422 713 jam
1442 653 1549 711 armati,
1566 655 1609 705 sed
1628 659 1722 721 possim

942 760 968 806 et
981 757 1155 823 nullouordinc
1174 766 1353 825 repugnantes;
1376 765 1479 828 plurimi
1500 781 1560 818 vero
1590 769 1622 819 ad
1646 771 1724 824 altera

942 879 1024 926 castra
1033 874 1154 940 lrrgientes
1165 876 1197 927 ab
1206 878 1335 943 equilibus
1345 879 1475 946 intercepti
1493 884 1628 947 perierunt.

974 1081 1069 1129 xxxv.
1088 1081 1141 1129 lloc
1154 1081 1227 1129 modo
1242 1082 1320 1145 caplis
1337 1084 1485 1136 Sabinorum
1497 1089 1595 1147 castris,
1608 1089 1725 1141 l'olerius

942 1196 1000 1232 cum
1015 1182 1092 1246 copiis
1103 1183 1231 1235 contendit
1247 1185 1279 1234 ad
1293 1187 1371 1237 altera
1384 1192 1483 1250 castra,
1498 1190 1522 1240 in
1544 1192 1638 1255 quibus
1655 1198 1726 1245 eraut

943 1287 1066 1347 Veientes,
1077 1290 1121 1352 qui
1146 1291 1228 1342 locum
1247 1307 1297 1343 non
1320 1294 1393 1344 valde
1414 1295 1538 1347 munitum
1563 1304 1723 1364 occuparant.

943 1393 979 1444 Ad
992 1409 1021 1446 aa
1032 1411 1093 1448 raro
1104 1404 1187 1450 castra
1201 1400 1345 1451 accedentes
1365 1400 1441 1453 latere
1460 1404 1568 1467 amplius
1589 1419 1636 1454 non
1653 1410 1726 1470 pote-

943 1503 1077 1552 rentiam
1090 1505 1155 1553 enim
1166 1503 1219 1554 dies
1230 1504 1296 1554 clara
1307 1509 1373 1564 emt,
1386 1510 1411 1555 et
1425 1506 1524 1566 Sabini,
1539 1509 1583 1572 qui
1598 1508 1722 1573 fugerant,

943 1606 1057 1656 Etruscis
1068 1609 1181 1659 similem
1191 1608 1287 1659 cladem
1300 1613 1325 1660 et
1335 1610 1397 1674 ipsis
1408 1611 1578 1663 imminentem
1593 1615 1725 1667 nuntiare·

944 1715 1008 1761 rant.
1041 1715 1146 1763 Necesse
1159 1714 1235 1778 igitur
1247 1713 1307 1773 luit,
1324 1719 1353 1764 ut
1368 1717 1459 1766 acriter
1474 1732 1531 1768 curn
1548 1720 1664 1771 hostibus
1678 1735 1727 1785 pu·

943 1820 1053 1880 gnorent.
1087 1820 1145 1868 Mox
1158 1819 1248 1883 igitur,
1268 1820 1381 1870 Etruscis
1396 1835 1440 1885 pro
1458 1823 1547 1873 castris
1560 1826 1626 1874 orani
1640 1825 1724 1876 studio

943 1921 1131 1981 dimicantibus.
1158 1937 1214 1974 acre
1237 1924 1352 1988 proelium
1375 1926 1540 1976 committitur
1556 1941 1614 1979 cum
1635 1943 1724 1995 magna

943 2029 1107 2090 utrorumque
1128 2030 1224 2091 straga;
1241 2031 1266 2078 et
1280 2027 1325 2077 diu
1345 2029 1446 2091 ancipiti
1460 2032 1555 2090 Marte,
1577 2031 1651 2080 modo
1673 2032 1723 2083 buo

944 2126 1018 2177 modo
1033 2127 1092 2178 illue
1104 2127 1236 2180 inclinante
1245 2127 1361 2185 victoria,
1377 2132 1514 2193 pugnatum
1532 2133 1578 2179 est.
1613 2131 1723 2181 Tandem

943 2233 1054 2290 Etrusci,
1077 2247 1092 2282 a
1107 2235 1273 2284 Romanorum
1290 2234 1405 2299 equitatu
1427 2235 1490 2298 pulsi
1508 2235 1562 2284 loco
1580 2241 1720 2297 cesserunt.

944 2346 968 2392 et
984 2341 1142 2391 incastratae
1160 2344 1315 2406 receperunt.
1348 2345 1380 2392 nt
1397 2343 1483 2393 consul
1499 2358 1541 2394 eos
1558 2344 1721 2409 sequebatur,

943 2449 969 2495 et
980 2459 1059 2511 quum
1074 2445 1106 2496 ad
1122 2446 1280 2507 munitiones,
1287 2447 1429 2497 accessisset
1450 2448 1537 2512 (erant
1555 2453 1640 2500 autern
1659 2451 1725 2501 male

944 2552 1079 2599 exstructae
1106 2553 1131 2600 el
1157 2549 1242 2611 locus,
1269 2554 1297 2600 ut
1322 2551 1388 2610 dixi,
1407 2566 1456 2602 non
1480 2552 1553 2603 valde
1578 2557 1662 2616 tutus)
1683 2568 1726 2604 eas

943 2654 1031 2705 multis
1048 2656 1162 2718 partibus
1181 2669 1323 2720 oppugnare
1344 2657 1429 2721 erepit,
1451 2672 1494 2722 per
1510 2658 1634 2723 reliquum
1655 2659 1723 2709 illius

943 2761 993 2811 diei
1013 2761 1122 2825 spatium
1146 2762 1290 2811 continuato
1307 2762 1407 2822 labore,
1436 2767 1461 2813 et
1479 2779 1511 2814 ue
1531 2763 1645 2828 sequenti
1668 2763 1725 2828 qui·

944 2868 1001 2918 dem
1024 2872 1096 2918 nocte
1123 2868 1272 2919 intermisso.
1295 2870 1396 2920 Etrusci
1418 2885 1476 2920 vero
1501 2871 1624 2921 continuis
1652 2871 1725 2921 malis

944 2972 1026 3029 fracti,
1040 2973 1105 3023 eirea
1121 2973 1259 3024 diluculunt
1279 2977 1360 3025 eastra
1382 2975 1545 3025 deseruerunt
1566 2979 1610 3024 :et
1635 2975 1678 3024 alii
1699 2975 1724 3024 in

945 3080 1033 3131 urbem
1042 3078 1169 3145 fugerunt,
1181 3080 1222 3129 alii
1233 3080 1257 3130 in
1269 3079 1395 3144 proximas
1411 3079 1487 3130 silvas
1498 3083 1557 3129 aunt
1566 3078 1664 3143 dilapsi.
1680 3079 1725 3129 llis

944 3200 1044 3252 quoque
1056 3187 1257 3251 castrispotitus‚
1268 3185 1340 3236 illum
1354 3185 1421 3236 diem
1436 3185 1557 3236 exercitui
1571 3185 1604 3236 nd
1613 3185 1725 3251 quietem

944 3291 1014 3343 dudit
1029 3312 1034 3342 :
1048 3293 1167 3358 postridie
1180 3307 1239 3341 vero
1255 3293 1363 3356 praedam
1378 3306 1409 3342 ex
1425 3293 1540 3357 utrisque
1559 3294 1647 3343 castris
1667 3307 1725 3357 cap-

946 3400 996 3446 lam
1021 3397 1144 3447 militibus
1166 3396 1265 3457 divlsit‚
1281 3411 1338 3462 quaa
1355 3411 1443 3460 magna
1461 3401 1552 3452 embol
1566 3412 1617 3459 eos,
1640 3397 1725 3463 quiin

945 3503 1040 3568 proeliis
1060 3501 1157 3552 fortiter
1170 3516 1196 3551 se
1216 3505 1349 3566 gesserant,
1368 3500 1478 3552 demere
1493 3503 1591 3552 coronis
1611 3503 1720 3553 ornarit.

944 3608 1063 3660 Servilius
1074 3610 1158 3658 autern
1170 3607 1304 3671 superioris
1321 3607 1378 3657 anni
1389 3608 1488 3665 censui,
1501 3611 1526 3658 et
1536 3622 1614 3673 nuper
1638 3610 1723 3675 populi

942 3713 1035 3779 judicio
1059 3712 1201 3774 absolutus,
1222 3716 1283 3764 tunc
1307 3727 1366 3765 vero
1393 3714 1489 3778 legatus
1509 3715 1609 3766 Valerio
1635 3716 1723 3782 datus,

945 3813 1056 3864 omniurn
1074 3815 1206 3867 fortissima
1224 3816 1354 3868 dimicasse
1370 3821 1395 3867 et
1414 3817 1553 3867 Veientium
1572 3819 1655 3883 rapias
1667 3833 1725 3883 pro-

944 3905 1040 3970 lligasse
1056 3907 1126 3959 visus
1137 3914 1176 3960 est
1192 3928 1197 3961 :
1213 3915 1238 3962 et
1252 3911 1285 3962 ob
1298 3911 1362 3962 banc
1385 3910 1554 3962 fortitudinem
1570 3912 1609 3963 bic
1628 3914 1723 3978 primus

944 4030 1061 4096 praemia,
1074 4041 1133 4095 quae
1140 4028 1205 4092 apud
1216 4029 1339 4077 Romanos
1353 4025 1460 4076 maxima
1478 4025 1612 4088 habentur,
1626 4026 1722 4079 retulit.

945 4134 1141 4193 consuldeinda,
1152 4133 1263 4200 spoliatis
1282 4132 1393 4182 bostium
1407 4130 1604 4183 cadaveribusat
1618 4133 1670 4183 suia
1683 4146 1724 4186 so·

944 4248 1030 4314 pultis,
1045 4245 1128 4310 copias
1144 4243 1244 4303 eduxil;
1262 4243 1342 4306 iisque
1353 4241 1385 4290 ad
1398 4240 1517 4291 Veiorum
1534 4242 1626 4291 moenia
1641 4242 1724 4292 admo·

944 4353 984 4411 tis,
998 4364 1087 4416 pugnae
1096 4350 1244 4413 potestatem
1261 4344 1389 4410 oppidanis
1406 4343 1471 4395 leeit.
1490 4345 1538 4395 Sed
1548 4359 1626 4410 quum
1641 4344 1725 4394 nullus

944 4458 976 4508 ad
989 4460 1114 4507 certamen
1134 4453 1253 4519 prodiret,
1275 4450 1379 4502 dillicile
1405 4465 1459 4501 esse.
1479 4452 1565 4502 ridens
1586 4465 1628 4499 eos
1647 4464 1724 4515 erpu-

943 4579 1031 4629 gnare,
1052 4563 1144 4628 quippe
1166 4561 1233 4628 quod
1262 4559 1350 4610 urbem
1375 4558 1569 4609 munitissImam
1592 4555 1720 4613 haberent,

944 4671 1134 4721 excursionibus
1150 4683 1194 4733 per
1217 4681 1331 4732 irruguam
1346 4679 1432 4717 corum
1457 4665 1508 4729 agri
1525 4667 1620 4729 partem
1636 4661 1720 4717 lactis.

943 4782 1083 4833 insubinos
1105 4780 1204 4843 irrupit.
1240 4782 1291 4828 llos
1310 4792 1424 4843 quoque,
1446 4777 1527 4827 adhuc
1542 4775 1656 4827 intactos,
1679 4783 1723 4832 per

943 4888 1100 4939 multosdies
1121 4887 1267 4950 populatus.
1288 4886 1371 4948 murias
1386 4885 1482 4945 magnis
1498 4876 1681 4942 impedimentis
1696 4880 1721 4927 ei

943 4996 1026 5062 praeda
1038 4998 1141 5045 onustas
1166 4994 1287 5043 reduxit:
1307 4993 1380 5055 eique
1396 4988 1504 5038 venienti
1526 4983 1632 5048 populus
1651 4984 1720 5050 louge

942 5104 974 5154 ab
984 5104 1044 5153 urbe
1053 5103 1152 5153 obviam
1163 5105 1294 5151 coronatus
1303 5097 1432 5162 processit,
1443 5099 1466 5145 el
1482 5095 1539 5145 llius
1550 5093 1572 5143 ei
1583 5095 1720 5146 transeunti

943 5213 1052 5274 adolens,
1071 5211 1207 5263 exercitum
1234 5207 1328 5273 poculis
1348 5205 1423 5255 mulsi
1445 5203 1577 5268 excipiens.
1613 5205 1719 5254 Senatus
