3772 5828
213 285 274 344 706

255 414 320 478 Xll.
345 412 404 490 (22)
432 410 579 494 Ὑπερφνές
607 434 634 471 τι
656 414 751 493 χρῆμα
779 411 901 490 σώματος
922 402 955 485 ἦν
978 415 993 471 θ

736 280 904 344 dionisii
925 280 1305 344 unuicnitunssuusts

1093 427 1151 477 xit.
1168 427 1203 491 (ι)
1220 427 1328 478 iiirabiii
1346 441 1451 494 corpore
1471 430 1526 478 erat
1545 426 1646 488 Galim,
1670 425 1835 492 multumque

215 503 326 575 Κελτὸς,
358 491 411 566 οἶος
439 500 590 582 ὑπεραίρειν
617 499 686 560 πολύ
716 499 765 574 τλν
790 501 880 573 κοινὴν
906 502 992 582 φύσιν.
1045 511 1296 575 vulgaremnaturam
1309 513 1455 566 excedente.

213 595 319 661 Ambr.

254 682 370 746 Λικίνιος
392 678 519 750 Στόλων,
535 681 550 737 θ
563 675 670 745 δεκάκις
683 677 862 759 δημαρχιίσας
873 675 919 737 καί
933 675 993 745 τούς

174 799 188 840 ς
213 776 308 852 νόμους
328 767 536 846 είσηγησάμινος
555 765 621 847 θπίρ
645 756 682 826 ῶν
710 772 726 840 ἡ
751 766 875 839 δεκαετὴς
902 768 993 836 στάσις

213 865 334 943 ίγένετο,
351 856 430 925 άλούς
445 859 472 916 ίν
490 856 551 936 δίκη
566 853 613 914 καί
627 855 678 914 ὐπὸ
693 859 741 915 τοῦ
755 854 841 933 δήμου
866 858 992 936 καταψη-

213 952 312 1034 φισθείς
334 950 442 1025 τίμημα
469 944 608 1027 ἀργυρικὸν
625 934 715 1022 εἶπεν,
740 943 779 1004 ὅτι
803 943 893 1023 θηρίον
919 943 991 1003 οὐδέν

213 1045 270 1102 έστι
285 1040 369 1117 δήμου
385 1032 563 1116 μιαρώτιρον,
582 1031 610 1100 te
623 1033 681 1093 otti
700 1035 754 1091 τῶν
768 1031 917 1102 σιτιζόντων
930 1033 992 1092 trt-

213 1152 302 1210 χεται.
319 1127 421 1190 Ambr.

160 1238 187 1278 re
254 1219 336 1279 Xlli.
361 1214 425 1295 (23)
454 1215 509 1275 Τοῦ
534 1210 635 1270 ὑπάτου
660 1207 782 1290 Μαρκίου
811 1208 993 1290 Πριόερνάτας

213 1310 430 1388 πολιορκοῦντος,
446 1303 504 1362 ίπεί
518 1298 628 1376 οὐδεμία
645 1298 747 1366 τούτοις
771 1299 903 1379 σωτηρίας
919 1298 992 1366 ἐλπίς

213 1397 389 1465 ίιπιλιίπιτο,
409 1389 600 1471 ίπρεσόιύοντο
615 1389 680 1470 πρὸς
694 1389 784 1448 αὐτόν·
804 1392 852 1448 τοῦ
867 1387 890 1446 δ’
908 1387 993 1448 εἰπόν-

213 1507 269 1551 τος·
286 1512 298 1537 ιι
309 1480 438 1561 ψριίσατί
449 1502 504 1557 μοι,
517 1482 575 1545 πῶς
586 1477 661 1537 αὐτοὶ
671 1479 795 1547 κολάζετε
807 1474 867 1544 τούς
879 1479 992 1557 α’φιστα·

216 1601 229 1627 ιι
246 1572 337 1650 μένους
351 1574 425 1647 ὑμῶν
438 1567 556 1638 οίκίταςς
571 1594 584 1620 ιι
600 1566 770 1647 ἀποκρίνεται
791 1565 857 1645 πρὸς
884 1566 962 1625 αὐτὸν
978 1568 992 1624 θ

161 1687 188 1727 to
216 1658 394 1743 πρισόιυτής·
421 1686 434 1712 ιι
449 1662 484 1724 ὡς
512 1658 550 1715 δεῖ
577 1657 733 1725 κολάζεσθαι
757 1654 817 1723 τούς
848 1658 992 1721 ποθοῦντας

216 1776 229 1803 ι
244 1747 389 1809 άπολαόιῑν
405 1747 453 1819 τὴν
466 1745 580 1826 ἔμφυτον
596 1745 758 1824 ίλιυθερίαν.
775 1771 787 1795 ν
815 1741 871 1805 Καὶ
887 1748 901 1803 ὁ
916 1744 992 1822 Μάρ-

214 1859 270 1904 κιος
282 1834 475 1912 ἀποδιξάμινος
486 1834 565 1892 αὐτοῦ
578 1831 626 1905 τὴν
636 1838 787 1911 παρρησίαν
797 1830 891 1912 φησίν·
904 1857 916 1883 e
926 1829 992 1891 Ἐὰν

215 1952 228 1978 ι
244 1924 271 1983 δέ
283 1923 315 1997 δὴ
331 1924 377 1984 καί
392 1925 541 1998 πεισθῶμεν
556 1925 617 1998 ὐμῖν
633 1922 738 2002 ἀφεῖναι
754 1919 800 1988 τλς
814 1917 909 2000 ὀργάς,
930 1918 990 1977 τίνα

216 2039 229 2067 ιι
244 2012 341 2072 δώσετε
354 2013 442 2072 πίστιν
458 2009 523 2089 ὐπίρ
544 2014 591 2068 τοῦ
606 2007 687 2086 μηδίν
702 2007 741 2067 ίτι
756 2007 875 2077 ποιήσειν
889 2008 991 2086 ἐχθρῶν

160 2115 188 2155 2⁰
217 2129 229 2156 u
244 2102 334 2182 ίργον;
347 2130 358 2154 ν
381 2098 563 2179 ’λποκρίνιται
578 2097 658 2156 πάλιν
671 2100 686 2155 θ
705 2094 879 2176 πρεσόευτής·
899 2120 912 2147 ι
928 2093 993 2155 Ἐπί

216 2216 230 2244 e
244 2192 285 2250 σοί
296 2190 374 2249 τοῦτό
387 2192 443 2248 ίστι
458 2189 503 2248 καὶ
516 2190 570 2254 τοῖς
582 2186 674 2251 ἄλλοις
692 2184 850 2262 Ῥωμαίοις,
873 2182 992 2262 Μάρκιε·

216 2305 230 2332 α
245 2279 420 2356 κομισάμενοι
436 2275 483 2354 μίν
496 2276 547 2354 γάρ
560 2274 617 2353 άμα
629 2277 663 2350 τῇ
677 2275 785 2354 πατρίδι
800 2273 846 2332 καί
860 2270 908 2343 τήν
923 2272 998 2332 ἐλευ-

216 2366 333 2445 «θερίαν
359 2363 473 2445 βιίίαίοις
498 2361 542 2423 td
562 2362 661 2431 παντὸς
681 2361 743 2440 ὐμῖν
769 2359 884 2440 ίοόμιθα
905 2360 993 2442 φίλοι·

217 2452 377 2513 «δουλεύειν
396 2454 424 2514 dl
439 2453 647 2532 ἀναγκασθέντες
664 2450 797 2513 οὐδέποτε.
816 2477 830 2504 ν
871 2449 992 2528 Ἥγάσθη

160 2559 188 2600 τε
216 2565 245 2601 τε
270 2544 301 2614 δὴ
316 2548 364 2615 τῆς
385 2539 617 2622 μεγαλοφροσύνης
634 2538 695 2606 τούς
713 2539 810 2620 ἄνδρας
823 2541 838 2598 θ
853 2538 989 2618 Μάρκιος,

214 2631 260 2692 καὶ
273 2633 319 2703 τὴν
335 2631 489 2711 πολιορκίαν
504 2629 592 2690 ίλυσι.
611 2628 712 2690 Anibr.

1077 697 1111 762 (t)
1126 698 1234 749 Licinius
1256 697 1351 758 stolon,
1375 697 1422 763 qui
1441 697 1526 751 decies
1547 697 1703 750 tribunatum
1725 698 1836 764 adepturi

1046 791 1109 847 erat,
1124 789 1150 837 et
1159 787 1225 851 legen
1236 789 1387 852 patraverat,
1403 785 1437 838 ob
1451 801 1515 850 quas
1528 786 1668 838 decennalis
1677 786 1773 838 seditio
1790 801 1836 838 er·

1047 875 1118 934 stitit.
1131 873 1225 937 judicio
1243 875 1325 926 vicine
1342 878 1368 926 et
1382 889 1398 926 u
1411 877 1501 940 populo
1515 875 1647 926 damnatus
1662 874 1696 925 ad
1711 875 1834 927 mulctam

1047 962 1223 1027 pecuniariam,
1237 962 1291 1012 nit:
1314 983 1326 1006 ι
1342 965 1403 1013 Fera
1426 964 1493 1014 nulla
1517 966 1556 1014 est
1576 963 1667 1028 populo
1682 962 1834 1028 improbior,

1047 1050 1090 1116 qui
1104 1051 1385 1116 pingueiantoribuanou
1401 1052 1517 1103 obstinet.
1534 1073 1547 1098 ιι

1081 1228 1147 1279 lilii.
1159 1227 1194 1290 (ί)
1205 1227 1312 1278 conante
1321 1226 1415 1277 biarcio
1428 1226 1590 1278 Privernates
1600 1224 1770 1282 obeidmteii.
1780 1228 1836 1294 qui-

1048 1328 1168 1380 busuuliu
1175 1327 1326 1392 euiutisspeu
1334 1327 1486 1389 remanebat,
1496 1327 1590 1392 legatos
1597 1328 1833 1381 miseruntadeum.

1048 1439 1104 1496 Quo
1113 1436 1213 1497 regante
1228 1450 1234 1480 ι
1250 1451 1262 1474 ι
1275 1429 1311 1494 (2)
1322 1427 1405 1479 Dicite
1414 1427 1476 1478 mihi
1490 1442 1541 1491 quo
1550 1428 1625 1478 modo
1639 1441 1687 1479 νοι
1696 1429 1790 1494 punitis
1797 1427 1833 1481 iu·

1051 1552 1062 1574 ι
1080 1531 1171 1596 gitivoo
1183 1529 1289 1582 iarnulos
1301 1534 1407 1590 rentrou,
1417 1546 1431 1574 ιι
1445 1525 1573 1592 respondit
1586 1526 1717 1590 eilegetun
1727 1545 1736 1575 .·
1747 1548 1760 1571 ι
1769 1528 1833 1588 Quia

1049 1652 1062 1675 a
1079 1646 1143 1696 opus
1157 1634 1196 1682 est
1216 1631 1336 1694 castigem
1355 1644 1398 1680 eos
1420 1628 1466 1694 qui
1479 1627 1583 1692 cupiunt
1599 1640 1746 1692 recuperem
1760 1641 1831 1678 suun

1050 1753 1062 1776 ι
1081 1732 1215 1797 ingenitam
1231 1731 1407 1783 libertatem.»
1430 1731 1464 1794 (³)
1477 1732 1542 1781 Turn
1554 1729 1674 1791 bimoins,
1693 1728 1829 1793 intelligens

1050 1831 1104 1894 eiua
1122 1833 1293 1897 probitatem:
1321 1852 1334 1875 a
1348 1831 1416 1891 Quid
1429 1831 1459 1892 εἰ,
1483 1830 1553 1892 ιίίοίί,
1572 1843 1619 1881 ros
1638 1830 1786 1882 induamus
1798 1831 1828 1881 ad

1051 1955 1063 1984 ι
1078 1936 1226 1987 oblivionem
1242 1936 1344 1999 irarum,
1359 1949 1435 2000 quum
1457 1933 1532 1985 iidem
1542 1932 1634 1985 dabitis
1646 1934 1744 1986 nullum
1762 1933 1833 1986 dein·

1051 2059 1063 2082 ι
1075 2052 1134 2102 ceps
1148 2036 1259 2088 boatium
1270 2050 1333 2100 npun
1345 2035 1467 2100 aggredi?
1480 2055 1492 2079 ν
1508 2034 1646 2099 Respondit
1657 2035 1749 2086 iterum
1765 2035 1831 2101 iege·

1052 2142 1093 2188 tua
1112 2156 1117 2186 :
1142 2159 1154 2183 ι
1171 2140 1257 2188 intua
1277 2140 1400 2202 potenute
1420 2135 1446 2186 id
1460 2139 1507 2197 ent,
1523 2135 1610 2199 iiaroi,
1628 2134 1831 2200 reliquorumque

1051 2259 1063 2282 ι
1081 2241 1266 2290 Romanorum:
1282 2251 1340 2288 nam
1352 2238 1375 2288 si
1389 2236 1537 2302 recipiamus
1552 2235 1654 2301 patrium
1668 2234 1778 2298 itemque
1795 2234 1828 2284 li·

1051 2361 1063 2384 ι
1084 2340 1217 2402 berlaum.
1233 2338 1322 2390 eterni
1334 2338 1407 2388 robis
1419 2336 1492 2388 amini
1504 2337 1597 2388 erimus
1608 2353 1616 2386 ι
1629 2333 1722 2385 servire
1735 2333 1825 2394 coacti,

1050 2460 1062 2483 ι
1079 2453 1213 2504 nunquam.
1223 2459 1235 2483 ν
1246 2438 1299 2488 Viri
1305 2436 1533 2504 magnanimitatem
1539 2438 1644 2488 miratus
1651 2434 1758 2486 ludus
1763 2435 1829 2487 obal·

1049 2535 1148 2589 dionem
1164 2537 1249 2589 solvit.

773 2863 979 2924 EXCERPTA
999 2859 1051 2921 Ex
1071 2860 1182 2922 LIBRO
1205 2860 1268 2920 Xl'.

255 3079 279 3139 l.
299 3079 324 3136 Τ
325 3078 360 3133 ῶν
373 3076 481 3134 Κελτῶν
493 3071 755 3154 ἐπιστρατευσάντων
769 3076 803 3152 τῇ
819 3071 933 3153 Ῥώμη,
947 3072 994 3134 καί

216 3189 285 3233 τινος
310 3162 440 3243 βασιλέως
464 3162 499 3227 είς
515 3160 682 3240 μονομαχίαν
706 3162 923 3239 προκαλουμένου
941 3167 993 3221 τῶν

216 3253 359 3330 Ῥωμαίων
384 3251 454 3316 ὅστις
470 3249 511 3321 εἴη
539 3247 620 3329 ἀνὴρ,
647 3250 755 3326 Μάρκος
779 3250 942 3328 Οὐαλέριος,
958 3243 994 3319 εἷς

163 3363 189 3400 uo
216 3347 268 3402 τῶν
282 3340 444 3422 χιλιάρχων,
460 3337 587 3416 α’πόγονος
605 3335 642 3396 ῶν
664 3337 813 3417 Οὐαλερίου
838 3341 994 3399 Ποπλικόλα

217 3440 264 3492 τοῦ
278 3428 548 3508 συνελευθερώσαντος
564 3428 617 3487 ἀπὸ
630 3431 682 3486 τῶν
699 3427 831 3507 βασιλέοιν
843 3430 891 3498 τὴν
904 3432 995 3503 πόλιν,

218 3521 287 3595 ἐξῄει
307 3521 345 3598 τῷ
369 3520 463 3596 Κελεῷ
480 3516 697 3596 διαγωνίσασθαι.
742 3515 792 3583 Ὡς
814 3517 840 3576 δέ
866 3517 994 3598 συνῄεσαν

218 3609 318 3685 ὁμόσε,
341 3605 421 3686 κόραξ
446 3604 618 3681 καθεζόμενος
646 3603 690 3664 ἐπί
710 3611 755 3665 τοῦ
780 3605 892 3685 κράνους
915 3610 994 3666 αὐτοῦ

219 3699 356 3777 ἐκεκράγει
384 3718 410 3754 τι
441 3694 522 3752 διινύν
550 3695 586 3761 εἷς
606 3693 650 3752 τὸν
677 3694 811 3773 βόρὸαρον
839 3700 923 3778 δρῶν,
951 3696 996 3757 καί

164 3813 190 3852 ις
219 3787 297 3846 ὁπότε
314 3785 406 3860 μέλλοι
421 3781 527 3859 πληγὴν
538 3781 672 3864 ἐκφέρειν,
688 3785 779 3853 πηδῶν
796 3783 838 3842 ἐπ’
850 3784 928 3843 αὐτὸν
938 3782 996 3842 τοτέ

220 3874 268 3949 μὲν
292 3883 345 3939 τοῖς
372 3870 456 3939 ὄνυξιν
476 3870 578 3947 ἦμυττε
603 3871 650 3937 τὰς
675 3871 799 3949 παρειὰς,
823 3873 882 3933 τοτὲ
905 3872 932 3930 δὲ
959 3875 997 3951 τῷ

219 3963 311 4041 ῥύγχει
333 3959 392 4027 τοὺς
411 3959 563 4041 όφθαλμούς
590 3960 715 4032 ἔκοπτεν,
735 3961 803 4020 ὥστε
826 3961 871 4018 τὸν
895 3960 995 4022 Κελτύν

218 4051 268 4120 ἔξω
293 4050 413 4127 γενέσθαι
441 4053 493 4106 τῶν
519 4051 636 4128 φρενῶν,
668 4048 721 4107 οὗθ’
740 4051 810 4114 ὅπως
841 4048 885 4106 τὸν
913 4048 995 4129 ἄνδρα

218 4135 342 4214 ἀμύνοιτο
364 4137 506 4212 δυνάμενον
533 4137 695 4212 συμόαλεῐν,
714 4137 768 4196 οὐθ’
791 4135 861 4202 ὅπως
886 4141 929 4194 τὸν
949 4139 994 4196 κό·

165 4263 191 4302 40
219 4249 286 4304 ρακα
305 4227 469 4306 φυλάττοιτο.
483 4227 524 4305 (2)
544 4226 590 4293 Ὡς
604 4227 632 4284 δὲ
648 4225 729 4292 πολὺς
747 4223 860 4302 ἐγεγόνει
873 4228 905 4303 τῇ
920 4223 994 4304 μάχη

219 4314 324 4395 χρόνος,
340 4319 353 4371 ό
374 4316 420 4388 μέν
439 4315 538 4381 Κελτὸς
554 4315 638 4395 φέροιν
654 4315 697 4373 ἐπὶ
712 4316 757 4373 τὸν
779 4315 925 4393 Οὐαλέριον
947 4314 994 4385 τὴν

219 4404 354 4482 μάχαιραν
368 4406 402 4467 ὁις
414 4404 456 4459 διὰ
473 4407 519 4474 τῆς
534 4404 667 4483 προόολῆς
684 4406 720 4470 είς
735 4402 768 4460 τὰ
783 4404 884 4483 πλευρὰ
898 4404 995 4482 βάψας,

219 4493 310 4550 ἔπειτα
335 4492 493 4557 ἐπιπτάντος
510 4495 581 4571 αὐτῷ
604 4498 648 4551 τοῦ
661 4492 771 4572 κόρακος
795 4492 901 4557 καὶτὰς
925 4493 995 4572 ὄψεις

219 4582 370 4660 ὀρόττοντος
398 4579 512 4640 ἀνέτεινε
537 4582 581 4640 τὸν
600 4582 701 4660 θυρεὸν,
722 4585 757 4648 ὡς
786 4580 927 4639 ἀπελάσυιν
952 4579 994 4636 τὸν

164 4688 190 4725 tu
219 4669 303 4745 ὄρνιν·
325 4666 379 4725 θδὲ
395 4666 539 4747 Ῥωμαῖος,
561 4669 599 4727 ἔτι
616 4671 817 4749 μετεωρίζοντος
832 4674 876 4727 τοῦ
893 4670 994 4727 liniret

218 4757 247 4815 τὸ
263 4758 351 4827 όπλον,
366 4759 546 4829 ἀκολουθήσας
561 4761 677 4818 κάτωθεν
690 4759 814 4838 ὑποφέρει
826 4760 854 4818 τὸ
868 4757 937 4835 ξίφος
949 4758 994 4814 καὶ

217 4847 343 4924 διακείρει
358 4855 447 4904 πᾶσαν
468 4849 519 4906 ἀπὸ
539 4854 585 4906 τοῦ
602 4849 734 4925 pontino<
746 4849 795 4915 ἕως
811 4848 931 4926 ὀμφαλοῦ
945 4845 993 4916 τὴν

218 4936 334 5012 λαγόνα,
358 4935 402 4992 καί
423 4941 524 5016 ἀναιρεῖ
539 4939 583 4994 τὸν
600 4938 709 4998 Κελτόν.
754 4937 788 4996 Ὁ
803 4936 830 4994 δέ
848 4944 995 5014 στρατηγὸς

219 5025 356 5099 Κάμιλλος
370 5025 476 5104 χρυσέῳ
491 5029 580 5082 τοῦτον
596 5027 717 5105 στεφάνῳ
740 5026 904 5100 ἐκόσμησεν,
923 5025 993 5079 ἐποι-

164 5140 191 5178 ,ο
216 5111 310 5187 νυμίαν
329 5110 434 5186 θέμενος
449 5114 525 5175 αὐτόν
545 5112 690 5193 Κορόῖνον,
711 5114 822 5172 ἀπὸτοῦ
845 5134 992 5192 συναγωνι-

1082 3065 1102 3113 i.
1130 3062 1163 3124 (l)
1179 3060 1254 3112 Gallia
1267 3059 1349 3110 denuo
1362 3060 1480 3109 Romanu
1491 3058 1544 3110 urbi
1556 3058 1649 3111 bellurn
1660 3058 1832 3121 inferentibus,

1050 3171 1075 3219 et
1086 3167 1192 3232 quodam
1210 3181 1240 3216 ex
1255 3180 1340 3215 eorum
1351 3165 1512 3229 principibus,
1530 3165 1693 3216 fortissimum
1705 3179 1833 3231 quemque

1051 3277 1217 3324 Romanorum
1232 3269 1265 3319 ud
1281 3268 1402 3333 singulare
1415 3274 1540 3321 certamen
1554 3273 1711 3334 provocante.
1730 3273 1833 3322 Marcus

1051 3375 1173 3436 valerius,
1189 3389 1255 3425 unus
1268 3389 1282 3426 e
1296 3374 1402 3425 tribunis
1411 3374 1444 3424 nb
1458 3390 1488 3426 eo
1503 3376 1602 3427 i'nlerio
1618 3375 1742 3426 Publicola
1753 3390 1834 3438 genus

1051 3481 1153 3541 ducens,
1167 3480 1211 3544 qui
1228 3480 1359 3531 iiberaude
1374 3481 1433 3533 olim
1447 3484 1513 3548 regia
1523 3483 1691 3535 dominatione
1702 3484 1759 3534 urbi
1772 3498 1832 3549 ope-

1053 3602 1105 3639 ram
1130 3586 1240 3645 neverit.
1272 3587 1393 3650 prooessit
1410 3589 1436 3639 in
1459 3590 1576 3650 inedium,
1605 3595 1749 3641 certaturus
1775 3605 1833 3642 cum

1053 3694 1131 3746 Gallo.
1162 3693 1194 3757 (2)
1218 3695 1354 3757 Postquam
1379 3709 1466 3746 manua
1483 3703 1672 3760 conseruerunt,
1696 3712 1787 3748 corvus
1806 3700 1834 3750 iu

1051 3801 1142 3851 Valerii
1160 3803 1229 3866 gelen
1246 3799 1367 3860 censedit,
1388 3798 1575 3861 crncitnbulque
1589 3798 1614 3848 in
1633 3798 1767 3850 barbarum
1780 3800 1832 3849 mi·

1052 3902 1146 3950 unciter
1172 3901 1270 3948 intuens
1291 3919 1297 3948 ι
1314 3912 1343 3948 uc
1361 3898 1556 3962 quotiescunque
1567 3898 1608 3948 hic
1624 3899 1701 3948 ictum
1718 3900 1833 3951 emittere

1052 4003 1140 4060 vellet,
1158 4002 1216 4060 ales,
1230 4001 1255 4050 in
1273 4013 1332 4050 eum
1345 4000 1448 4060 umens,
1461 4012 1526 4048 nunu
1540 3999 1666 4062 unguibus
1686 4001 1739 4063 ejus
1757 4015 1833 4063 genas

1051 4104 1183 4165 lacerabat,
1197 4119 1261 4154 nunc
1272 4107 1352 4154 rostro
1367 4103 1487 4155 tundebat
1508 4101 1603 4164 οε-ιιίοε,
1618 4106 1645 4151 ut
1661 4101 1832 4164 pirmenius

1051 4204 1082 4254 de
1104 4210 1187 4256 mente
1209 4205 1374 4255 deduceretur
1388 4202 1442 4268 qui,
1458 4215 1538 4266 neque
1555 4216 1605 4265 qua
1627 4202 1722 4251 ratione
1746 4202 1828 4250 virum

1051 4306 1143 4369 inritet,
1160 4311 1268 4357 statuere
1281 4310 1386 4371 poteret,
1395 4318 1475 4367 neque
1488 4318 1502 4352 a
1514 4316 1590 4352 corvo
1601 4316 1697 4352 carere.
1730 4305 1760 4360 (3)
1771 4303 1829 4351 Cer·

1051 4410 1142 4458 tamine
1158 4409 1200 4458 diu
1217 4412 1350 4473 protracto,
1365 4406 1397 4456 ad
1409 4409 1546 4455 extremum
1560 4404 1647 4454 Gallus
1666 4401 1762 4450 Valerio
1772 4403 1829 4465 glu-

1050 4509 1118 4558 dium
1133 4510 1252 4562 intentet:
1276 4508 1443 4571 impetumque
1462 4505 1528 4564 iacit,
1544 4504 1609 4552 utin
1629 4504 1691 4552 lutus
1715 4502 1829 4562 eiuselem

1051 4611 1177 4660 eurrderet.
1211 4610 1257 4658 Sed
1270 4624 1325 4658 ιιιοι
1341 4609 1492 4673 appetitusa
1511 4618 1592 4664 norro,
1607 4602 1651 4666 qui
1674 4603 1722 4653 sibi
1744 4608 1831 4656 ucrrlns

1053 4711 1170 4772 fodiebat,
1187 4711 1299 4773 elypeum
1316 4711 1410 4774 oincil,
1427 4708 1539 4783 abigendi
1548 4721 1618 4757 nvem
1627 4719 1715 4757 enusu.
1737 4709 1771 4772 (i)
1786 4713 1831 4758 ilo

1050 4823 1137 4859 munus
1152 4814 1209 4858 tunc
1223 4808 1382 4858 extollentem
1395 4822 1464 4858 arma
1470 4809 1629 4867 consecutus,
1641 4822 1725 4857 ensem
1737 4808 1830 4859 interne

1050 4909 1157 4970 subjicit,
1186 4909 1332 4972 Geilnrnque
1366 4909 1495 4962 interimit.
1529 4911 1563 4976 (5)
1595 4910 1721 4961 Valerium
1752 4911 1829 4974 impe·

1048 5021 1115 5065 rator
1132 5015 1250 5066 Camillus
1269 5030 1344 5066 aurea
1365 5030 1456 5066 corone
1474 5016 1586 5079 donavit,
1608 5032 1792 5082 ‹eognomenque
1806 5019 1829 5067 ei

1048 5121 1106 5175 iecit
1119 5126 1270 5186 Coruinum,
1291 5123 1348 5175 avis
1366 5136 1511 5190 causaque
1523 5137 1584 5177 ουιιι
1598 5125 1624 5176 in
1642 5127 1776 5176 certamine
1791 5125 1831 5190 ju-
