3772 5828
157 317 215 375 522

158 444 190 504 δν
210 448 380 531 διίρθαρτοθΙ
396 442 580 525 στρατεύσασα
594 446 636 503 ἐπ’
649 444 741 513 αύτούς
753 444 871 522 δύναμις·
886 450 933 503 νῦν

159 534 188 593 δὲ
204 538 269 615 πρὸς
292 534 412 617 ἁρπαγάς
438 557 467 594 τε
488 539 540 593 τῶν
564 534 822 613 ἐγκαταλειφθέντων
847 536 874 591 ἰν
895 534 935 612 τῷ

159 623 258 703 χάρακι
272 625 493 706 τραπόμενοι,ιιαί
507 622 653 681 ἀναπαύσει
668 622 700 680 τὰ
715 622 829 700 σώματα
839 621 936 690 δόντες,

160 714 276 789 μεγάλου
288 713 444 793 αὐχήματος
457 711 566 779 ίαυτοὺς
581 710 734 790 ἐστέρησαν.
787 713 830 784 Τῇ
846 710 869 769 δ’
879 708 938 779 ἑξῆς

120 820 133 856 ε
160 800 248 881 ἡμέρα
262 803 309 869 τὰς
323 801 445 878 δυνάμεις
459 800 567 872 άγοντες
580 798 624 858 tut
635 798 683 868 τὴν
693 798 805 875 Ῥώμην
817 797 862 856 καί
877 819 938 855 στα·

160 890 229 959 δίονς
243 894 311 975 cinai
332 893 390 958 τοὺς
406 890 548 949 ἑκκαίδεκα
568 885 745 964 ἀποσχόντες,
766 886 845 966 όρος,
861 883 886 952 ἐξ
907 873 937 943 σθ

160 979 286 1048 σύνοπτός
308 984 378 1040 ἐστιν
400 978 545 1056 ήῬώμη,
569 975 600 1035 τδ
621 977 783 1053 χαλώμενον
808 974 937 1037 Ἰάνικλον

161 1071 429 1146 καταλαμύάνονται·
460 1067 517 1127 ὅθεν
544 1066 696 1146 ὁρμώμενοι
720 1066 768 1138 τὴν
794 1064 938 1140 Ῥωμαίων

160 1157 249 1236 χώραν
264 1151 328 1239 ἦγόν
342 1159 428 1218 τεκαὶ
443 1159 532 1238 ἔφερον
543 1155 675 1215 ἀκώλυτοι
686 1155 756 1215 κατά
772 1152 872 1224 πολλὴν
886 1155 938 1211 τῶν

109 1258 134 1297 Ιυ
160 1244 233 1304 ἐνδον
248 1246 410 1327 ὑπεροψίαν,
426 1245 506 1326 μέχρι
520 1249 566 1303 τοῦ
580 1243 776 1323 παραγενέσθαι
791 1242 835 1301 τδν
850 1240 937 1319 ἕτερον

160 1336 213 1390 τῶν
228 1336 335 1394 ὑπάτων
350 1333 473 1413 Ὁράτιον
494 1333 592 1410 ἄγοντα
606 1332 654 1401 τὴν
670 1333 697 1389 ἐν
713 1327 938 1394 Οὐολούσκοιςδύ·

160 1442 251 1496 ναμιν.
294 1424 363 1482 Τότε
375 1422 406 1490 δί,
419 1424 445 1480 ἐν
460 1424 497 1500 τῷ
512 1421 626 1500 άσραλεῖ
640 1420 772 1496 Ῥωμαῖοι
786 1417 939 1493 νομίσαντες

161 1499 229 1566 εἰναι
254 1511 299 1568 καί
316 1509 364 1581 τὴν
386 1512 412 1567 ἐν
432 1515 464 1588 τῇ
490 1508 565 1568 πολει
586 1508 699 1579 νεότητα
714 1506 939 1577 καθοπλίσαντες,

163 1595 269 1666 ἐξῆλθον
289 1602 326 1667 είς
345 1598 392 1669 τὴν
412 1597 548 1678 ὕπαιθρον.
593 1595 644 1665 Ὧς
668 1598 695 1656 δὲ
716 1597 764 1670 τήν
779 1619 808 1655 τε
830 1593 939 1678 πρώτην

111 1705 135 1743 to
164 1685 259 1764 μάχην]
274 1688 327 1746 άπὸ
349 1688 463 1746 σταδίων
488 1684 558 1746 ὀκτώ
571 1690 619 1758 τῆς
641 1687 741 1753 πόλεως
765 1685 940 1762 ποιησάμενοι

163 1774 236 1853 παρὰ
252 1776 342 1847 τὸτῆς
362 1772 488 1844 Ἐλπίδος
504 1777 573 1858 ἱερδν
590 1776 714 1848 ἐνίκησάν
729 1798 758 1834 τε
778 1776 824 1834 καί
848 1772 938 1832 ἀπεώ-

163 1883 244 1922 σαντο
258 1863 317 1931 τοὺς
337 1864 574 1942 άντιταξαμίνους,
595 1864 640 1924 καὶ
657 1863 725 1941 μετὰ
746 1862 845 1932 ταύτην
867 1851 940 1927 αὖθις

163 1949 240 2030 έτέρορ
268 1951 369 2011 πλείονι
389 1952 499 2028 δυνάμει
527 1954 579 2010 τῶν
598 1953 747 2032 ΤυρρηνῶνΙ
762 1947 939 2019 ἐπελθόντων,

162 2040 236 2118 παρὰ
259 2049 317 2108 ταῖς
331 2040 474 2107 Κολλίναις
498 2040 673 2117 καλουμέναις
694 2036 788 2102 πύλαις
809 2035 939 2115 [ποιησά-

110 2144 137 2184 ao
164 2128 253 2210 μενοι]
281 2132 411 2211 λαμπρῶς
437 2129 619 2208 ἠγωνίσαντο,
650 2128 812 2188 ἀνέπνευσαν
832 2126 862 2182 ἐκ
894 2128 940 2181 τοῦ

163 2215 234 2282 δέους
250 2219 296 2275 καί
311 2216 342 2275 τὸ
352 2218 409 2285 ἔτος
423 2224 500 2278 τοῦτο
510 2216 645 2278 ἐτελεύτα.

203 2306 294 2365 lixt'.
316 2308 365 2385 Τῷ
385 2304 408 2364 δ’
423 2305 481 2379 ἑξῆς
493 2304 546 2367 ίτει
559 2305 620 2385 περὶ
637 2303 685 2374 τδις
699 2302 801 2384 θερινδις
823 2302 940 2375 μάλιστα

162 2391 262 2470 witi<
271 2392 406 2462 Σεξτιλίου
416 2393 749 2477 μηνδςπαραλαμόάνουσι
757 2394 804 2464 τὴν
814 2392 941 2451 ὑπατείαν

165 2478 255 2559 ἄνδρες
279 2482 400 2562 ἔμπειροι
423 2482 562 2561 πολέμων,
594 2482 718 2561 Σερούῑός
742 2504 770 2539 τε
792 2476 942 2559 Σερουίλιος

110 2593 137 2631 aa
164 2570 210 2628 καί
224 2561 310 2639 Λύλος
325 2573 491 2654 Οὐεργίνιος·
511 2563 578 2640 οἶςθ
600 2573 664 2652 πρὸς
679 2570 779 2649 [τοὺς]
790 2566 943 2647 Τυρρηνούς

165 2659 279 2734 πολεμος
289 2704 298 2734 ,
309 2661 395 2719 καίτοι
406 2662 489 2737 μέγας
501 2661 546 2719 καὶ
557 2660 674 2739 χαλεπὸς
687 2657 723 2718 ῶν
735 2703 743 2730 ,
757 2658 855 2738 χρυσὸς
869 2656 943 2739 ἐφαί-

165 2770 222 2805 νετο
235 2750 308 2828 παρὰ
324 2750 369 2808 τδν
385 2751 456 2818 ἐντδς
475 2751 578 2829 τείχους
593 2750 784 2826 ἐξεταζόμενος.
815 2747 942 2825 Ἀσπόρου

166 2835 218 2913 γὰρ
231 2841 279 2907 τῆς
296 2837 386 2918 χώρας
409 2843 435 2898 ἐν
460 2844 498 2919 τῷ
519 2839 676 2918 παρελθόντι
701 2839 815 2915 χειμῶνι
835 2837 879 2893 δεδι
899 2835 943 2893 τὸν

165 2925 345 3005 ἐπιτειχισμὸν
363 2932 408 2985 τοῦ
421 2927 534 2997 πλησίον
549 2928 623 3005 ὄρους
642 2927 686 2984 καί
699 2926 746 2991 τδις
761 2927 879 3003 συνεχεῖς
894 2946 943 2981 κα·

114 3040 141 3079 αι)
165 3015 300 3093 ταδρομδις
312 3017 468 3094 γενομένης,
491 3016 536 3074 καί
552 3015 610 3075 odit
625 3019 678 3074 τῶν
700 3013 823 3092 ἐμπόρων
843 3014 881 3071 ἔτι
896 3012 943 3079 τδις

166 3102 257 3170 ἔξωθεν
283 3104 474 3182 ἐπεισαγόντων
495 3106 609 3182 ἀγοράς,
638 3103 732 3168 σπάνις
748 3100 844 3182 ἰσχυρά
870 3100 942 3159 σίτου

165 3193 213 3264 τὴν
228 3192 335 3270 Ῥώμην
350 3194 463 3272 κατέσχε
481 3197 579 3270 μεστὴν
595 3185 675 3252 οὖσαν
691 3190 772 3270 ὄχλου
785 3194 831 3248 τοῦ
850 3213 877 3247 τε
890 3213 943 3247 κα-

165 3284 288 3341 τοικιδίου
309 3282 354 3340 καί
368 3289 414 3342 τοῦ
429 3281 635 3362 συνερρυηκότος
653 3283 682 3339 ἐκ
702 3284 754 3338 τῶν
769 3283 867 3358 ἀγρῶν,
881 3281 942 3338 Τῶν

166 3372 212 3447 μὲν
229 3375 279 3451 γὰρ
294 3376 321 3431 ἐν
340 3373 395 3453 ἤδη
410 3375 524 3433 πολιτῶν
546 3372 611 3454 ὑπὲρ
625 3371 672 3440 τάς
695 3371 788 3431 ἕνδεκα
814 3372 943 3452 μυριάδας

112 3480 138 3519 aa
165 3453 248 3533 ἦσαν,
263 3467 297 3527 ώς
313 3466 342 3521 ἐκ
353 3467 400 3534 τῆς
416 3463 524 3541 ἔγγιστα
540 3462 673 3539 τιμήσεως
686 3462 794 3543 εὑρέθη,
807 3464 939 3538 γυναικῶν

166 3550 250 3608 δὲκαὶ
270 3552 370 3609 παίδων
384 3552 430 3609 καί
445 3555 491 3622 τῆς
511 3555 641 3623 οἰκετικῆς
663 3549 803 3629 θεραπείας
818 3550 940 3629 ἐμπόρων

165 3663 194 3698 τε
214 3642 258 3697 καί
284 3642 369 3718 [τῶν]
394 3639 575 3722 ἐργαζομένων
599 3641 644 3709 τδις
672 3642 820 3721 βαναύσους
846 3641 941 3721 τέχνας

166 3728 310 3804 μετοίκων·
326 3731 409 3788 οὐδενί
429 3730 480 3809 γὰρ
501 3730 559 3801 ἐξῆν
577 3730 720 3807 Ῥωμαίων
744 3728 804 3788 ούτι
823 3729 943 3799 κάπηλον

166 3817 225 3876 ούτε
237 3821 406 3899 χειροτέχνην
424 3820 479 3898 βίον
502 3821 587 3900 ἐχειν·
608 3823 655 3878 ούκ
675 3819 782 3877 ἔλαττον
797 3818 814 3889 ῆ
829 3820 943 3898 τριπλά-

114 3921 141 3963 to
166 3928 222 3965 σιον
235 3912 280 3964 τού
294 3912 429 3966 πολιτικοῦ
454 3908 584 3978 πλήθους·
609 3907 714 3973 οθςούιι
729 3900 761 3977 ἦν
783 3906 944 3983 παραμυθή-

167 3997 263 4053 σασθαι
281 3995 367 4074 ῥηίδιον
384 4000 597 4074 ἀγανακτοῦντας
613 3995 656 4054 ἐπί
671 3998 708 4073 τῷ
723 3994 802 4052 πάθει
817 3995 861 4050 καὶ
883 4017 944 4053 συν-

166 4078 309 4159 τρέχοντας
324 4085 359 4149 εἶς
379 4084 428 4156 τὴν
444 4088 559 4165 ἀγορὰν,
584 4085 630 4142 καί
642 4081 830 4148 καταύοῶντας
849 4085 901 4139 τῶν
917 4088 943 4142 ἐν

167 4176 220 4233 τοῖς
241 4170 340 4226 τέλεσιν
364 4172 408 4229 ἐπί
431 4196 459 4230 τε
473 4175 520 4241 τὰς
539 4172 624 4239 οἰκίας
649 4175 702 4230 τῶν
726 4169 860 4230 πλουσίων
875 4171 945 4230 κατδι

168 4257 268 4325 πλῆθος
292 4257 454 4334 ὠθουμένους
488 4261 533 4320 καί
564 4260 714 4340 διαρπάζειν
745 4261 945 4339 ἐπιχειροῦντας

128 4363 136 4373 ’
168 4341 229 4417 ἄτερ
242 4341 309 4409 ώνῆς
320 4343 547 4418 τὰςοίποκειμένας
556 4349 641 4413 αὐτοῖς
649 4349 755 4430 τροράς.
764 4354 798 4410 Ol
811 4352 837 4409 δὲ
846 4352 949 4432 δήμαρ.

167 4431 373 4507 χοισονάγοντες
388 4432 480 4500 αὐτούς
493 4438 528 4501 εἰς
536 4437 730 4502 ἐκκλησίανκαί
739 4448 946 4522 κατηγοροῦντες
961 4486 962 4492 ,

167 4522 218 4576 τῶν
226 4519 381 4597 πατρικίων,
389 4523 422 4586 ὡς
430 4521 470 4578 tet
477 4545 502 4579 τι
514 4526 596 4582 κακδν
609 4525 652 4584 ἐπί
660 4528 712 4594 τοῖς
719 4528 812 4601 πένησι
820 4554 948 4610 μηχανω-

168 4609 263 4685 μένων,
271 4607 316 4665 καί
325 4608 411 4665 πάντα
423 4607 472 4666 θ’σα
480 4611 588 4672 πώποτε
599 4615 671 4673 δεινδι
682 4615 803 4687 κατδιτὴν
814 4619 948 4696 ἀτέκμαρ-

167 4699 210 4757 τόν
222 4722 249 4757 τε
258 4696 302 4756 καί
313 4696 462 4776 οἰρύλακτυν
474 4699 619 4778 ἀνθρώποις
628 4701 824 4783 τύχηνέκείνων
830 4704 894 4784 ἔργα
905 4708 948 4765 λε’·

169 4784 398 4868 γοντες,ύόριστάς
414 4776 479 4844 εἰναι
489 4789 598 4865 πικρούς
611 4791 802 4870 ἐξειργάσαντο.
814 4798 948 4866 Τοιούτοις

169 4876 338 4952 συνεχόμενοι
353 4880 488 4947 κακοῖς,οί
504 4876 599 4937 ύπατοι
609 4881 744 4957 πέμπουσι
755 4880 815 4947 τοὺς
829 4906 945 4953 συνωνη-

170 4963 294 5034 σομένους
310 4976 381 5026 σῖτον
397 4970 426 5026 ἐκ
441 4971 492 5026 τῶν
506 4966 630 5046 σύνεγγυς
645 4970 733 5030 τόπων
755 4971 823 5046 μετά
838 4975 944 5031 πολλῶν

169 5053 329 5127 χρημάτων,
346 5057 390 5114 καί
412 5056 454 5114 τὸν
469 5059 495 5115 ἐν
511 5064 568 5122 ταῖς
582 5058 676 5123 οἰκίαις
692 5056 786 5125 ἔταξαν
800 5062 836 5126 εἰς
849 5060 878 5117 τὸ
895 5062 943 5130 δη-

168 5134 259 5211 μόσιον
281 5141 418 5224 οἰναρέρειν
439 5143 498 5210 τοὺς
519 5146 555 5210 εἰς
573 5144 618 5201 τὸν
633 5147 734 5202 ἑαυτῶν
751 5145 809 5223 βίον
832 5146 941 5204 πλείονα

682 311 849 375 ntontstt
871 308 1250 374 ttnttcnnrtlssnttsts

990 464 1094 515 corpora
1105 448 1182 513 quieti
1195 447 1298 508 danica,
1312 459 1402 510 magua
1418 445 1496 511 gloria
1506 459 1536 497 so
1553 444 1610 511 ipsi
1624 444 1785 497 fraudarunt.

991 562 1111 615 Postridie
1121 576 1181 614 roro
1193 563 1277 627 copias
1286 565 1391 613 Romam
1403 574 1492 615 versus
1505 560 1651 623 duxerunt,
1665 564 1694 612 ct
1707 575 1786 627 quum

991 679 1090 732 circiter
1103 677 1227 729 sexdecim
1242 677 1323 729 stadia
1332 677 1364 728 ab
1379 678 1442 729 urbo
1458 676 1608 737 distarent,
1619 680 1736 727 montom
1750 679 1786 728 la·

992 794 1116 855 ninnium,
1129 794 1194 844 undo
1212 792 1273 843 urbs
1289 793 1501 857 conspiciebatur,
1519 796 1688 858 occuparunt
1703 810 1711 841 ε
1727 790 1783 843 iudo

991 925 1047 961 cnm
1064 911 1156 975 impetn
1172 909 1274 974 proiecti
1283 908 1382 973 prodas
1396 924 1428 959 cx
1442 922 1503 973 agro
1519 912 1639 960 Romano
1654 914 1734 972 agunt
1744 911 1780 961 d·-

992 1030 1112 1092 matqne,
1123 1025 1218 1075 nomino
1229 1038 1272 1076 cos
1284 1024 1439 1090 proldbcntc,
1448 1038 1507 1075 cnm
1521 1039 1617 1089 magno
1626 1026 1778 1079 urbanorum

991 1146 1133 1202 contemtu,
1151 1141 1230 1191 donec
1244 1143 1306 1191 altar
1317 1140 1403 1191 consul
1427 1141 1551 1191 Horatius
1574 1155 1637 1191 cum
1651 1143 1734 1207 copiis
1752 1158 1777 1193 ετ

991 1257 1087 1308 volscis
1098 1256 1197 1307 rcdirct.
1229 1255 1410 1307 runcdemum
1424 1256 1549 1317 Romani,
1569 1270 1599 1307 sc
1619 1257 1714 1309 intuto
1727 1272 1776 1311 arse

993 1374 1040 1425 rati
1050 1413 1057 1435 ,
1068 1380 1163 1427 armata
1177 1377 1305 1428 iuventute
1318 1377 1411 1427 urbana
1422 1390 1455 1427 en
1466 1375 1530 1427 urbo
1540 1376 1567 1427 iu
1589 1386 1696 1443 campos
1711 1393 1775 1445 aper·

992 1493 1032 1541 tos
1042 1490 1161 1545 eximunt.
1172 1496 1257 1552 Quom
1268 1497 1352 1543 autcm
1365 1492 1445 1556 primo
1458 1491 1561 1557 proetio.
1572 1496 1666 1544 octaro
1676 1494 1708 1544 ab
1719 1496 1775 1546 urbe

994 1606 1074 1655 stadio
1089 1606 1121 1656 ad
1140 1607 1196 1671 spei
1218 1608 1302 1657 lanum
1323 1605 1473 1667 commisso,
1499 1606 1590 1658 hortas
1613 1608 1730 1660 vicissent
1745 1622 1772 1660 ac

994 1726 1173 1790 prodigasscut,
1183 1722 1582 1791 quumqucitcrnmadcolliuaur
1590 1730 1772 1791 portamttru·

995 1840 1117 1891 sciscam
1138 1841 1232 1891 maiora¹
1248 1838 1359 1891 exercitu
1376 1842 1464 1890 contra
1482 1854 1511 1891 sc
1534 1839 1672 1906 proiectis,
1696 1842 1770 1894 altaro

994 1952 1260 2018 pruciiotactocnmgic
1276 1956 1451 2016 dimicassent,
1469 1955 1624 2020 msrirarant
1645 1961 1670 2011 ot
1688 1974 1717 2009 er
1730 1974 1774 2024 ρι-

994 2081 1053 2118 roro
1067 2081 1093 2117 sn.
1105 2073 1258 2131 rcccpcrnnt.
1293 2072 1373 2133 arque
1388 2068 1429 2119 hic
1444 2082 1524 2121 annus
1536 2068 1607 2121 abiit.

1028 2316 1101 2366 xxv.
1119 2319 1188 2363 Auno
1201 2313 1313 2378 soquenti
1324 2311 1424 2363 circiter
1435 2310 1570 2363 solstitium
1578 2313 1694 2364 antinum
1705 2316 1766 2365 Sex·

996 2407 1032 2457 titt
1046 2418 1129 2455 mcnsc
1140 2401 1295 2453 consulatum
1313 2401 1422 2451 inicrnnt
1436 2402 1486 2452 riri
1506 2402 1544 2452 rai
1557 2400 1668 2452 militatis
1681 2403 1771 2467 periti,

997 2497 1039 2559 Sp.
1062 2493 1182 2546 Servilius
1198 2496 1222 2543 el
1239 2495 1269 2542 Α.
1289 2490 1415 2555 Virginius
1438 2510 1446 2540 τ
1472 2491 1565 2555 quibus
1578 2490 1670 2541 bollum
1684 2493 1772 2541 Etrus-

997 2598 1065 2644 cum,
1079 2581 1194 2646 quamvis
1209 2592 1284 2643 grave
1294 2584 1375 2638 asset,
1387 2583 1471 2630 tamon
1481 2594 1573 2630 aurum
1586 2578 1717 2631 ridebatur
1727 2594 1775 2644 pra

997 2670 1072 2721 rebus
1086 2671 1197 2721 urbanis.
1212 2672 1274 2720 Nun
1284 2682 1365 2733 quum
1375 2667 1505 2732 superiora
1515 2667 1598 2719 hicme
1609 2667 1678 2719 nnita
1687 2682 1777 2719 seracu-

998 2762 1031 2810 tis
1047 2762 1072 2810 in
1090 2775 1149 2824 agro
1170 2762 1238 2809 ossct
1266 2758 1346 2817 lacta,
1369 2760 1473 2822 proptor
1493 2761 1649 2822 occupatum
1672 2759 1776 2809 ricinum

997 2854 1105 2899 montom
1118 2852 1141 2898 cl
1152 2847 1311 2898 crcnrsioncs
1325 2846 1467 2907 continuas,
1486 2860 1516 2895 ac-
1528 2859 1559 2896 nc
1573 2847 1671 2897 artemi
1680 2847 1775 2911 qnidam

998 2941 1152 2986 conmeatus
1165 2951 1179 2986 a
1191 2934 1373 2985 mercatoribus
1389 2935 1497 2998 amptius
1511 2936 1536 2984 in
1558 2935 1648 2987 arbom
1664 2936 1776 3003 importa-

999 3031 1093 3084 rcntur‚
1106 3024 1167 3073 urbs
1180 3038 1268 3087 inagna
1287 3022 1369 3086 inopia
1385 3021 1503 3073 frumeuti
1522 3020 1646 3072 laborarit
1664 3042 1672 3072 ι
1687 3023 1743 3087 qnia
1753 3025 1778 3073 et

998 3113 1132 3165 domrsticn
1146 3114 1218 3161 turba
1232 3117 1257 3161 ct
1272 3110 1432 3163 multitudino
1446 3124 1534 3161 eorum
1545 3150 1551 3167 ‚
1564 3111 1612 3174 qut
1628 3127 1660 3162 cn
1675 3112 1739 3177 agris
1751 3126 1778 3162 co

997 3202 1182 3262 conduxerant,
1195 3200 1285 3250 retorta
1299 3204 1361 3251 crat.
1394 3203 1457 3250 Nam
1476 3200 1485 3256 l
1493 3201 1520 3249 ut
1534 3213 1564 3249 cx
1581 3201 1697 3262 proximo
1706 3215 1778 3251 consu

997 3296 1150 3358 compertum
1162 3291 1216 3355 ost)
1228 3295 1298 3341 crant
1312 3291 1435 3355 puberum
1445 3293 1613 3340 itonnanomm
1628 3293 1712 3355 capita
1723 3307 1776 3343 aru·

997 3381 1063 3446 plius
1096 3394 1172 3444 qnam
1184 3383 1284 3430 centum
1299 3382 1324 3427 ct
1338 3378 1423 3428 decom
1445 3376 1544 3426 millia:
1565 3376 1703 3428 muliorum
1721 3391 1778 3429 reno

997 3474 1022 3520 ct
1035 3484 1181 3534 puoromm,
1195 3472 1220 3519 ct
1236 3468 1394 3519 servitiorum
1408 3466 1619 3526 domesticorum,
1632 3470 1657 3517 ct
1673 3467 1779 3531 nogotia·

998 3565 1082 3611 torum
1099 3565 1121 3610 et
1145 3560 1261 3625 opificum
1274 3557 1386 3608 sordidas
1407 3559 1474 3607 artas
1489 3556 1658 3607 cxcrccntinm
1676 3558 1778 3621 (nomini

998 3650 1063 3699 cuim
1084 3650 1130 3699 ciri
1147 3651 1254 3697 Romano
1280 3649 1321 3694 atil
1340 3645 1469 3708 prolatam
1483 3658 1573 3708 agorn,
1588 3649 1631 3695 ant
1650 3648 1707 3696 arto
1725 3661 1779 3697 rna·

998 3739 1084 3788 nuaria
1108 3738 1203 3786 rictum
1223 3748 1334 3796 ηιιιιιτττο
1349 3733 1455 3795 Ιίτιώοῑ)
1470 3746 1590 3783 numerus
1607 3734 1684 3798 triplo
1703 3736 1779 3786 maior

999 3832 1067 3885 crat,
1088 3840 1162 3887 cruam
1177 3824 1231 3885 ipsa
1245 3822 1338 3870 civium
1352 3821 1490 3873 multitudo
1505 3835 1511 3864 τ
1525 3835 1591 3885 quos
1608 3822 1714 3875 diiticilc
1726 3828 1779 3875 crat

999 3912 1135 3973 consolari,
1155 3909 1323 3961 calamitatium
1333 3925 1398 3975 oegrn
1413 3913 1533 3971 ferentes,
1544 3913 1570 3961 ct
1584 3910 1611 3961 in
1626 3913 1710 3964 sorum
1724 3928 1780 3964 con·

999 4003 1144 4060 cnrrcntcs,
1168 3999 1193 4046 ct
1207 3996 1370 4061 magistratus
1381 3997 1477 4061 magnis
1489 3997 1642 4049 clamoribus
1657 4014 1778 4052 accusan-

999 4096 1051 4148 τοο,
1071 4092 1145 4152 atquc.
1163 4089 1308 4138 catervatim
1322 4090 1346 4138 in
1366 4089 1471 4139 olivitam
1495 4088 1564 4138 mdes
1577 4088 1717 4148 irrncntcs,
1740 4106 1780 4143 το·

999 4193 1103 4242 rurnquc
1115 4178 1230 4228 alimenta
1243 4178 1267 4226 in
1280 4176 1350 4227 collis
1367 4178 1473 4240 lactariis
1491 4177 1618 4228 rccoudita
1634 4180 1689 4229 sinc
1702 4183 1781 4245 pretio

999 4268 1111 4332 doripcrc
1132 4271 1256 4316 consutos.
1291 4265 1393 4315 Tribuni
1416 4279 1488 4324 vcro,
1517 4279 1561 4316 eos
1581 4266 1614 4316 ad
1636 4270 1782 4320 concionem

999 4357 1171 4409 cormmnudo.
1195 4352 1218 4401 cl
1242 4355 1358 4417 patricios
1381 4355 1534 4413 incusando,
1553 4358 1594 4416 nl,
1611 4357 1654 4419 qni
1680 4372 1781 4421 sempor

999 4444 1092 4507 aliquid
1115 4443 1172 4491 urnii
1197 4446 1282 4491 (trinita
1302 4456 1422 4505 paupcrcs
1441 4442 1597 4499 molirentur.
1619 4450 1644 4494 cl
1665 4446 1780 4497 omnium

999 4534 1135 4590 aratorum,
1151 4534 1269 4593 ιμιυιιμιιιΙ
1288 4545 1396 4595 unquam
1415 4531 1577 4590 accidissrnt,
1594 4547 1653 4597 quta
1670 4534 1783 4585 homini·

999 4624 1045 4672 nus
1065 4621 1189 4683 inopinata
1203 4624 1228 4669 ct
1244 4620 1397 4669 inevitabilis
1423 4621 1582 4670 fortunatis
1601 4623 1693 4672 allcrrc
1717 4624 1781 4675 solcl

999 4714 1112 4759 anctnros
1129 4708 1254 4765 vocando,
1276 4708 1386 4772 platonis
1398 4714 1577 4773 ruammrarunt
1598 4714 1622 4760 et
1643 4711 1781 4764 insolcnlos

1000 4797 1167 4848 militarunt.
1204 4799 1230 4845 ln
1246 4802 1296 4845 tarn
1307 4798 1398 4846 miscro
1413 4813 1498 4847 rcrnm
1512 4802 1580 4847 stain
1597 4799 1716 4851 consules
1732 4803 1780 4852 mi·

999 4889 1083 4939 serunt
1106 4900 1163 4934 cnm
1182 4899 1268 4948 inagna
1283 4886 1385 4948 pecnnia
1410 4888 1537 4946 hominos,
1558 4888 1602 4950 qni
1623 4887 1781 4951 irnnncntum

1000 4993 1029 5028 ox
1065 4976 1209 5039 priminqrris
1232 4974 1293 5024 locis
1319 4980 1478 5036 cocmcrcnl,
1502 4976 1780 5039 ‹·ti1n1nrar‘cmntut

999 5081 1099 5125 (mmm,
1113 5065 1155 5128 qni
1166 5066 1190 5114 in
1201 5064 1255 5112 suis
1271 5063 1368 5113 milibus
1386 5066 1442 5128 ptus
1454 5066 1570 5115 frumcnti
1588 5067 1780 5128 τιγνιειιίεςιιοῖ,

998 5169 1073 5220 qnam
1083 5158 1177 5219 quanto
1190 5151 1223 5202 ad
1241 5151 1370 5203 modicum
1388 5152 1500 5217 ipsorum
1518 5153 1611 5204 rictum
1624 5169 1690 5218 opus
1713 5161 1788 5215 assat,
