3772 5828
604 346 894 422 nNttQttt'raTtJM
914 346 1063 408 ROMAN.
1086 349 1159 408 LlB.
1184 348 1261 408 Vlll.

107 487 149 546 Ού
172 484 222 565 γάρ
249 483 326 561 μόνον
355 480 513 543 ἐλλείπουσα
548 483 595 541 τού
619 478 724 560 μετρίου
747 479 882 562 πίρυκεν,

108 573 177 636 ἀλλά
190 574 236 633 καί
251 571 554 655 ύπερύάλλουααμύτοῖς
563 592 593 629 τε
603 571 633 629 ού
648 569 799 644 λυσιτελὴς,
813 566 883 627 ἀλλά

108 663 176 722 ἔστιν
191 661 228 720 δι’
244 660 317 720 αἰτία
340 661 464 737 μεγάλων
484 660 627 740 συμφορῶν
641 655 688 716 καί
703 659 739 724 είς
759 655 885 724 θανάτους

108 749 224 832 οἰκτρούς
260 749 307 809 καὶ
345 748 433 825 λύμας
459 747 619 821 ἀνηκέστους
652 743 881 826 καταστρέφουσα.

67 849 82 886 ⁵
111 838 229 919 Μάρκιόν
244 836 270 916 γ’
282 834 355 896 οὐδὲν
375 827 406 910 ἦν
418 835 506 916 ἕτερον
523 834 574 913 ἀρα
589 832 603 893 δ
620 836 667 906 τῆς
681 834 806 914 πατρίδος
823 832 884 905 ἐξή-

108 929 172 985 λασε
188 926 233 984 καὶ
249 927 302 984 τῶν
316 925 402 984 ἀλλων
416 926 522 1003 ἀγαθῶν
535 924 660 997 ἀνόνητον
672 923 810 995 ἐποίησεν,
822 921 841 994 ἢ
854 921 884 981 τό

107 1014 215 1097 ἀκριθὲς
225 1013 271 1074 καί
282 1013 360 1093 άιιρον
372 1011 484 1074 δίκαιον.
528 1016 594 1081 Τοῖς
602 1034 632 1071 τε
643 1009 695 1092 γάρ
705 1009 832 1089 δημόταις
839 1010 879 1070 εί-

107 1127 163 1164 κειν
175 1103 208 1163 τάι
221 1102 316 1183 μέτρια
328 1101 384 1161 δίον
396 1100 443 1161 καί
456 1100 556 1183 ἐφιέναι
571 1123 597 1159 τι
610 1107 668 1166 ταῖς
682 1098 831 1175 ἐπιθυμίαις
840 1100 885 1160 καὶ

109 1191 200 1271 [οὕτω]
209 1191 242 1250 riv
257 1195 349 1271 πρῶτα
359 1189 483 1272 φέρεσθαι
493 1188 556 1271 παρ’
564 1190 661 1261 αὐτοῖς,
675 1190 723 1248 ούκ
732 1187 883 1261 ἠθουλήθη,

55 1295 81 1335 to
108 1281 176 1341 ἀλλά
201 1281 265 1363 πρὸς
289 1281 396 1341 ἅπαντα
418 1280 452 1340 τδι
467 1280 504 1359 μὴ
530 1280 620 1339 δίκαια
636 1279 790 1357 ἀντιλέγων,
808 1286 885 1355 μῖσος

107 1370 195 1451 ἤγειρε
211 1372 256 1431 καί
268 1371 382 1444 ἐξηλάθη
401 1369 466 1450 πρὸς
482 1371 583 1428 αὐτῶν·
603 1372 650 1439 τῆς
665 1391 694 1426 τε
708 1367 885 1429 Οὐολούσκων

108 1459 268 1538 στρατηγίας
296 1457 370 1525 εὐθύς
396 1455 454 1533 ἅμα
483 1460 521 1538 τῷ
546 1457 668 1516 διαλῦσαι
696 1456 739 1516 τὸν
770 1455 885 1531 πόλεμον

109 1549 298 1626 ἀπαλλαγῆναι
312 1550 419 1626 παρὸν,
439 1545 486 1604 καί
500 1543 707 1622 μετενέγκασθαι
722 1542 770 1616 τλν
782 1542 886 1616 οἴκησιν

109 1635 222 1716 ἐτέρωσέ
242 1658 302 1707 ποι,
325 1634 375 1701 ἕως
389 1632 454 1704 ἀνὴ
474 1632 584 1701 κάθοδος
597 1634 670 1712 αύτῷ
689 1632 752 1709 δοθῇ
774 1631 825 1691 ύπὸ
839 1636 886 1704 τῆς

57 1743 81 1781 ιε»
108 1725 250 1807 πατρίδος,
265 1722 360 1800 καὶμὴ
373 1726 521 1805 παρασχεῖν
533 1721 610 1782 αὑτὸν
626 1724 726 1805 ἐχθρῶν
736 1720 887 1789 ἐπεύουλαῖς

107 1814 153 1874 καί
186 1813 273 1891 όχλων
296 1810 421 1889 ἀμαθίαις
444 1809 558 1885 σκοπδν,
587 1813 635 1870 ούκ
658 1809 786 1884 ἠξίωσεν,
817 1809 886 1871 ἀλλά

98 1903 251 1960 ’ὑπεύθυνον
276 1902 391 1979 οἰόμενος
416 1901 469 1960 δεῖν
498 1900 529 1960 τὸ
556 1903 635 1977 σῶμα
658 1907 807 1981 παρασχεῖν
833 1908 888 1969 τοῖς

110 1988 298 2050 πεπιστευκόσι
328 1986 375 2062 τλν
402 1987 506 2071 ἀρχὴν,
533 1989 579 2049 καὶ
603 1986 679 2068 λόγον
708 1987 818 2057 ἀποδούς
849 1978 886 2048 ῶν

110 2075 207 2156 ἔπραξε
227 2076 296 2134 κατὰ
308 2075 357 2148 τὴν
380 2078 536 2154 ἡγεμονίαν,
553 2077 579 2136 εί
598 2100 624 2135 τι
640 2075 757 2157 ιραίνοιτο
773 2077 886 2152 ἀδικῶν,

55 2194 83 2233 20
113 2164 158 2238 τὴν
170 2165 238 2224 κατὰ
254 2166 347 2244 νόμους
362 2166 488 2246 ὑποσχεῖν
512 2165 604 2239 δίκην,
627 2168 674 2236 τῆς
688 2165 772 2244 ἀκρας
785 2166 884 2225 δικαιο·

110 2253 188 2326 σύνης
204 2256 233 2313 οὗ
247 2253 343 2322 καλούς
358 2253 476 2314 ἀπέλαότ
492 2253 607 2332 μισθούς.

148 2345 236 2404 Lxlt.
262 2345 294 2402 Et
308 2340 355 2419 μέν
370 2333 415 2402 ούν
430 2342 488 2418 ἅμα
510 2350 564 2407 τοῖς
586 2340 693 2419 σώμασι
708 2340 887 2417 διαλυομένοις

110 2432 156 2490 καί
170 2433 200 2489 τὸ
215 2434 261 2500 τῆς
275 2433 362 2509 ψυχῆς
374 2428 390 2487 ὅ
401 2453 426 2487 τι
438 2427 471 2500 δή
485 2426 545 2486 πότ’
557 2429 627 2487 ἐστιν
642 2430 725 2487 ἐκεῖνο
735 2425 886 2486 συνδιαλύε-

110 2542 172 2592 ται,
184 2518 230 2577 καὶ
248 2519 352 2596 οὐδαμῇ
368 2517 440 2577 ούδέν
461 2517 501 2577 ἐτι
517 2514 605 2587 ἐστίν,
616 2519 664 2577 ούκ
676 2505 734 2575 uita
749 2514 820 2583 ὅπως
831 2538 887 2592 μα-

54 2624 82 2663 κε
112 2605 219 2687 καρίους
233 2605 360 2665 ύπολάύω
371 2604 429 2672 τοὺς
447 2604 528 2681 μηδὲν
544 2605 591 2680 μέν
623 2603 828 2672 ἀπολαύσαντας
842 2607 889 2675 τῆς

113 2696 208 2775 ἀρετῆς
233 2692 350 2771 ἀγαθὸν,
369 2693 402 2752 δι’
426 2691 508 2766 αιἰτὴν
529 2692 558 2752 δέ
579 2690 678 2763 ταύτην
701 2692 887 2769 ἀπολομένους.

112 2786 147 2845 Et
163 2785 187 2842 δ’
199 2782 327 2865 ἀρθαρτοι
337 2783 417 2863 μέχρι
430 2786 476 2842 ποῶ
493 2781 590 2849 παντὸς
601 2785 628 2841 αί
641 2780 725 2862 ψυχαὶ
738 2779 888 2861 τυγχάνον·

111 2896 152 2931 σιν
174 2876 251 2949 ἡμῶν
270 2863 362 2944 ούσαι,
385 2871 504 2952 καθάπερ
526 2869 626 2930 οίονταί
646 2892 731 2942 τινες,
752 2865 770 2942 ἢ
792 2868 887 2948 χρόνον

108 2959 165 3015 τινά
186 2957 254 3035 μετὰ
271 2957 318 3028 τὴν
336 2959 496 3037 ἀπαλλαγὴν
512 2963 565 3018 τῶν
583 2960 714 3037 σωμάτων
735 2961 773 3020 ἔτι
794 2960 886 3039 διαμέ-

53 3067 82 3106 aa
108 3069 199 3123 νουσι,
215 3045 343 3122 μήκιστον
359 3045 407 3124 μὲν
421 3049 449 3106 αἱ
464 3050 515 3106 τῶν
539 3049 644 3122 ἀγαθῶν
666 3049 779 3128 ἀνδρῶν,
791 3049 884 3130 ἐλάχι-

108 3159 168 3196 στον
187 3135 213 3194 δὲ
229 3141 256 3195 αί
278 3139 329 3194 τῶν
344 3141 448 3208 κακῶν,
466 3139 613 3214 ἀποχρῶσα
634 3136 700 3209 τιμὴ
708 3137 834 3225 ,φαίνοιτο
854 3140 885 3200 ἀν

110 3215 147 3293 οἷς
162 3226 257 3305 ἀρετὴν
270 3227 395 3285 ἀσκοῦσιν
409 3224 558 3298 ἠναντιώθη
577 3223 611 3302 τά
638 3225 669 3282 έκ
681 3226 729 3294 τῆς
752 3222 855 3303 τύχης,
869 3226 886 3295 ἡ

109 3313 184 3393 παρά
196 3317 249 3373 τῶν
265 3313 368 3382 ζώντων
384 3311 491 3392 εύλογέα
504 3313 551 3371 καὶ
563 3309 657 3389 μνήμη
669 3310 748 3390 μέχρι
763 3312 888 3370 πλείστου

111 3401 300 3481 παραμείνασα
314 3404 426 3482 χρόνου·
439 3399 453 3460 δ
469 3400 516 3460 καλ
531 3403 571 3480 τῷ
585 3400 660 3480 ἀνδρὶ
672 3399 765 3479 ἐκείνῳ
780 3397 887 3471 συνέύη.

112 3490 153 3549 tii
176 3490 227 3568 γὰρ
250 3489 327 3565 μόνον
354 3491 516 3550 Οὐολοῦσκοι
538 3489 584 3548 τδν
604 3489 716 3549 θάνατον
741 3488 888 3558 ἐπένθησαν

113 3581 192 3636 αὐτοῦ
206 3578 251 3636 καί
265 3580 300 3642 ὡς
314 3582 365 3636 τῶν
378 3579 490 3657 ἀρίστων
505 3576 641 3656 γενόμενον
657 3579 684 3636 έν
697 3580 761 3656 τιμῇ
771 3573 886 3657 ἔχουσιν·

113 3664 184 3726 ἀλλά
196 3666 241 3723 καὶ
258 3665 403 3742 Ῥωμαῖοι,
427 3664 518 3736 ἐπειδὴ
534 3664 564 3724 τὸ
586 3662 668 3734 πάθας
682 3664 820 3743 ἐγνώσθη,
836 3688 887 3743 με·

111 3753 196 3827 γάλην
233 3753 369 3834 συμφορὰν
404 3751 587 3823 θπολαδόντες
612 3744 679 3812 εἶναι
708 3758 755 3825 τῆς
787 3754 889 3823 πόλεως

112 3841 204 3909 πένθος
227 3842 383 3914 ἐποιήσαντο
399 3840 454 3926 ίδίρ
474 3842 519 3901 καί
543 3842 678 3924 δημοσίᾳ·
699 3841 744 3901 καί
770 3844 890 3921 γυναῖκες

114 3932 220 4003 αύτῶν,
243 3929 352 4007 ἀνόμυς
366 3930 436 3990 ἐστὶν
458 3931 549 3998 αιίταῖς
562 3930 607 3990 ἐπὶ
626 3939 679 3999 τοῖς
707 3931 780 3998 ἰδίοις
800 3954 829 3990 τε
844 3931 890 3992 καί

114 4017 267 4098 ἀναγκαίοις
277 4026 360 4079 ποιεῖν
374 4017 499 4097 κήδεσιν,
514 4018 676 4097 ἀποθέμεναι
694 4020 792 4100 χρυσόν
804 4043 832 4079 τε
845 4021 889 4081 καί

113 4107 248 4189 πορφύραν
267 4107 314 4168 καί
338 4107 382 4167 τδν
407 4108 486 4170 ἀλλον
504 4108 610 4169 ἅπαντα
634 4108 751 4186 κόσμον,
778 4108 889 4187 μέλασιν

112 4199 277 4275 ἀμφιασμοῖς
302 4197 460 4277 χρώμεναι,
485 4195 563 4257 αθτδν
588 4198 719 4258 ἐνιαύσιον
743 4198 889 4274 ἐπένθησαν

111 4285 216 4366 χρόνον.
261 4285 346 4346 Ἐτῶν
359 4285 386 4345 δέ
409 4284 477 4364 μετά
488 4286 518 4345 et
531 4287 612 4354 πάθος
632 4291 696 4365 ὁμοῦ
711 4309 737 4345 τι
757 4309 889 4347 πεντακο·

71 4392 83 4426 ⁵
112 4374 175 4434 σίων
189 4375 240 4449 ἤδη
259 4373 447 4454 διαγεγονότων
462 4378 498 4443 είς
513 4374 586 4436 τόνδε
598 4373 643 4435 τδν
660 4374 755 4455 χρόνον
765 4377 796 4435 ού
808 4375 890 4456 γέγο-

111 4486 153 4521 νεν
167 4463 275 4535 ἐξίτηλος
296 4468 313 4536 ἡ
339 4470 384 4524 τοῦ
400 4463 491 4546 ἀνδρὸς
512 4466 622 4543 μνήμη,
650 4462 708 4523 ἀλλ’
735 4464 827 4546 ᾄδεται
844 4465 890 4524 καὶ

112 4556 230 4625 ύμνεῖται
244 4554 309 4632 πρδς
323 4553 447 4630 πάντων,
459 4558 494 4620 ῶς
517 4552 628 4626 εύσεόης
642 4553 688 4612 καί
698 4552 797 4623 δίκαιος
810 4552 887 4633 ἀνήρ.

112 4637 148 4698 Ὁ
174 4639 221 4714 μέν
251 4639 283 4711 δὴ
309 4641 454 4722 κατασχὼν
468 4641 618 4719 Ῥωμαίους
644 4640 759 4710 κίνδυνος
786 4644 817 4701 ἐκ
842 4647 890 4714 τῆς

113 4723 287 4786 Οὐολούσκων
301 4752 329 4786 τε
348 4730 395 4788 καὶ
414 4731 538 4790 Αἰκανῶν
560 4730 743 4809 ἐπιστρατείας
768 4730 889 4810 Μάρκιον

59 4829 87 4875 ap
113 4812 247 4884 λαύούσης
263 4816 397 4892 ἡγεμόνα,
418 4817 540 4898 μέγιστος
550 4818 602 4876 τῶν
618 4814 670 4898 πρὸ
684 4820 761 4878 αὐτοῦ
774 4817 888 4897 γενόμε-

112 4925 154 4968 νος
173 4902 219 4961 καί
231 4905 324 4981 μικρὸν
341 4903 466 4987 ἀποσχὼν
479 4911 524 4965 τοῦ
537 4912 625 4967 πᾶσαν
639 4904 687 4977 την
699 4904 774 4966 πόλιν
787 4907 888 4965 ἀνελεῖν

110 4994 139 5050 ἐκ
154 4992 268 5068 βάθρων,
285 4987 401 5045 τοιούτου
417 4988 506 5053 τέλους
519 4991 620 5064 ἔτυχεν.

153 5082 262 5141 Lxltl.
287 5077 420 5159 Ἡμέραις
440 5079 468 5140 δέ
489 5081 589 5161 όλίγαις
603 5082 728 5161 ὕστερον,
744 5082 889 5151 ἐξελθόντες

112 5167 148 5232 εἷς
167 5167 213 5238 riv
229 5167 355 5248 ὕπαιθρον
374 5166 505 5245 Ῥωμαῖοι
523 5171 609 5249 πολλῇ
625 5178 736 5252 στρατιᾷ
751 5173 801 5228 τῶν
814 5171 888 5229 ύπά-

1655 353 1716 413 tat

938 500 986 537 uon
995 485 1066 547 solet,
1075 486 1116 536 sed
1126 485 1250 537 interdum
1261 498 1362 550 magnas
1374 484 1412 536 eis
1424 485 1578 538 calamitates
1588 486 1663 538 uiiert
1672 526 1679 550 ,
1689 494 1715 542 et

938 595 981 633 eos
994 581 1018 632 in
1031 583 1124 632 mortes
1136 580 1288 633 miserabiles
1306 583 1332 632 et
1349 579 1462 630 miserias
1476 581 1589 632 coniecit.
1622 584 1715 634 biarcio

938 689 997 726 sane
1009 675 1069 726 nibil
1081 672 1151 724 aliud
1163 673 1277 725 exsilium
1290 673 1382 736 attulit,
1395 676 1584 739 ceterorumque
1596 673 1714 726 bonorum

939 769 1048 820 tractura
1064 768 1180 831 abstulit,
1194 782 1269 832 quam
1288 768 1362 820 nimis
1376 769 1494 820 accurata
1506 770 1532 820 et
1551 783 1637 820 severa
1654 770 1716 822 iuris

939 861 1101 913 observantia.
1135 863 1218 920 Quum
1234 861 1299 913 euim
1312 861 1414 925 plebeiis
1430 861 1462 913 de
1475 877 1547 926 aeque
1566 862 1653 914 cedere
1669 863 1715 914 de-

938 954 1050 1017 buisset,
1069 969 1205 1021 eurumque
1221 955 1400 1020 cupiditatibus
1418 957 1512 1021 aliquid
1536 957 1677 1014 remittere,
1690 961 1716 1008 et

939 1051 1003 1101 inter
1023 1063 1066 1101 eos
1080 1050 1245 1114 principatum
1263 1049 1388 1109 obtinere,
1403 1050 1428 1100 id
1452 1051 1531 1101 lacere
1550 1049 1631 1101 noluit
1650 1050 1715 1102 :sed

939 1140 1007 1205 quod
1021 1140 1095 1192 rebus
1118 1140 1231 1191 amnibus
1250 1139 1349 1190 iniustis
1370 1140 1514 1203 obsisteret,
1536 1143 1663 1206 expulsus.
1684 1144 1716 1192 El

939 1249 1017 1302 quum
1028 1234 1176 1286 volscorum
1191 1234 1337 1298 imperium,
1352 1235 1436 1285 statim
1450 1235 1608 1300 simulatque
1622 1236 1715 1287 bellum

940 1329 1038 1380 linitum
1055 1329 1108 1388 est,
1123 1327 1245 1393 deponere
1262 1327 1285 1378 ei
1296 1327 1406 1379 licuisset
1416 1368 1423 1390 ,
1433 1332 1460 1380 et
1472 1329 1520 1380 ulio
1535 1330 1654 1394 migrare,
1668 1330 1714 1382 do·

940 1434 985 1471 nec
998 1419 1021 1471 ei
1033 1418 1128 1469 reditus
1140 1433 1154 1469 a
1167 1420 1249 1484 patria
1259 1419 1449 1483 concederetur,
1470 1424 1554 1487 neque}
1564 1436 1591 1473 se
1602 1422 1713 1473 inimico·

940 1528 998 1568 rum
1043 1511 1138 1563 insidiis
1159 1515 1185 1562 el
1197 1511 1319 1577 imperita
1333 1513 1485 1564 multitudini
1499 1512 1621 1578 objicere,
1635 1513 1715 1566 lacere

940 1609 1025 1656 mmen
1045 1603 1138 1663 noluit,
1161 1603 1204 1654 sed
1218 1603 1362 1656 existimans
1383 1611 1497 1671 oportere
1512 1619 1540 1657 se
1554 1608 1592 1657 sui
1605 1606 1715 1673 corporis
1808 1638 1812 1649 ·

940 1698 1035 1762 copiam
1058 1696 1154 1755 lacere,
1172 1709 1248 1760 seque
1269 1696 1402 1747 reddendis
1420 1698 1557 1749 rationibus
1578 1689 1714 1753 obnoxium

942 1791 1045 1844 reddere
1061 1789 1104 1851 iis,
1122 1787 1166 1853 qul
1180 1788 1369 1854 sibiimperium
1384 1793 1572 1855 commiserant,
1586 1809 1718 1861 rerumque

941 1888 967 1938 in
979 1885 1082 1953 imperio
1095 1901 1111 1937 a
1126 1900 1153 1938 se
1173 1888 1297 1953 gestarum
1310 1883 1448 1935 rationibus
1467 1884 1583 1944 redditis,
1602 1888 1623 1937 si
1640 1890 1717 1940 male·

943 1980 1005 2032 liciis
1024 1980 1152 2031 convietus
1170 1982 1251 2038 esset,
1274 1990 1357 2042 poeuas
1380 1977 1474 2042 legibus
1492 1981 1599 2028 statutas
1619 1979 1716 2041 subire.

943 2089 996 2127 suae
1007 2075 1074 2127 illius
1084 2073 1157 2125 nimis
1172 2075 1296 2124 accurata
1315 2072 1378 2124 luris
1390 2072 1554 2123 observantiae
1568 2072 1633 2124 baud
1652 2090 1716 2140 prae·

943 2171 1034 2222 claram
1049 2169 1186 2220 mercedem
1198 2166 1272 2232 cepit.

973 2372 1049 2421 bllll.
1067 2370 1093 2419 si
1106 2367 1181 2434 igitur
1198 2380 1248 2417 una
1262 2379 1319 2417 euro
1338 2365 1483 2431 corporibus
1497 2370 1524 2418 et
1546 2365 1600 2432 ipsa
1619 2383 1719 2435 queque

943 2468 1023 2519 enirm
1035 2471 1203 2531 (quaecuuque
1215 2464 1315 2515 tandem
1327 2463 1369 2514 illa
1382 2464 1428 2526 sit)
1439 2462 1584 2515 dissolvitur
1599 2470 1625 2517 et
1647 2470 1719 2532 peni-

944 2572 986 2617 tus
1003 2564 1102 2625 interit,
1126 2562 1225 2623 nescio,
1248 2560 1372 2626 quomodo
1394 2559 1480 2611 beatos
1499 2561 1590 2612 ducere
1612 2562 1718 2616 debeam

944 2663 1059 2727 eosqui,
1072 2661 1139 2711 nullo
1155 2658 1254 2710 virtutis
1275 2659 1358 2709 lruetu
1377 2661 1506 2722 percepto,
1521 2659 1553 2710 ob
1569 2672 1624 2712 eam
1638 2660 1719 2726 ipsam

944 2763 1078 2829 perierunt.
1094 2759 1143 2812 sed
1156 2760 1178 2809 si
1192 2761 1282 2810 animae
1293 2762 1384 2810 nostrae
1398 2758 1470 2823 plane
1481 2758 1634 2814 immortales
1646 2768 1719 2828 sunt,

948 2867 975 2916 ut
994 2863 1096 2928 quidam
1116 2860 1262 2925 opinantur,
1285 2863 1330 2910 aut
1350 2860 1372 2911 ai
1388 2859 1534 2924 cerporibus
1557 2861 1668 2914 liberata
1688 2867 1719 2917 ad

944 2960 1046 3028 aliquod
1061 2964 1161 3026 tempus
1175 2959 1282 3020 durant,
1296 2958 1406 3009 virorum
1427 2959 1528 3022 quidem
1546 2960 1668 3014 bonorum
1687 2964 1720 3016 ad

944 3060 1128 3126 longissimum,
1146 3059 1267 3109 malorum
1296 3072 1355 3110 vero
1376 3057 1408 3107 ad
1429 3058 1605 3111 brevissimum
1631 3075 1638 3103 ι
1660 3064 1721 3114 satis

944 3174 1049 3226 magnus
1069 3159 1148 3209 bonor
1167 3156 1267 3207 virtutis
1287 3155 1425 3215 studiosos,
1446 3157 1537 3219 quibus
1556 3158 1654 3208 fortuna
1672 3160 1719 3211 ad-

945 3261 1043 3311 versata
1053 3256 1142 3315 iuerit,
1156 3255 1226 3318 sequi
1237 3254 1344 3315 videtur,
1363 3255 1430 3319 quod
1442 3269 1457 3305 a
1468 3255 1608 3307 viventibus
1619 3257 1722 3308 lauden·

945 3363 995 3419 tur,
1008 3367 1144 3418 eorumque
1155 3354 1275 3403 memoria
1295 3351 1435 3403 diutissime
1445 3357 1599 3416 permaneat.
1611 3357 1684 3414 Quod
1696 3360 1723 3407 el

945 3453 1044 3505 illiviro
1063 3450 1173 3515 contigit.
1206 3450 1260 3499 lton
1280 3448 1361 3499 solum
1376 3448 1442 3500 enim
1451 3450 1534 3501 Volsci
1546 3455 1653 3502 mortem
1668 3455 1722 3504 eius

944 3549 1073 3605 luxerunt,
1090 3549 1115 3596 et
1128 3547 1157 3596 ut
1168 3544 1248 3595 virum
1263 3543 1386 3609 optimum
1396 3545 1482 3598 colunt
1495 3568 1501 3598 :
1517 3548 1562 3599 ced
1571 3552 1597 3600 et
1610 3552 1721 3613 liomaui,

945 3647 988 3700 ubi
1002 3646 1055 3697 eius
1073 3657 1159 3694 casum
1182 3645 1363 3706 cognoverunt,
1379 3657 1492 3709 maguam
1507 3647 1532 3697 id
1555 3648 1722 3703 calamitatem

945 3743 1089 3809 reipublice
1104 3740 1249 3801 iudicantes,
1260 3740 1368 3805 primum
1378 3742 1404 3792 et
1413 3741 1512 3806 publice
1521 3759 1581 3796 eum
1590 3746 1720 3800 luxerunt:

946 3849 972 3898 et
981 3850 1112 3907 matronae,
1123 3846 1217 3895 ulmos
1227 3841 1267 3894 est
1276 3840 1325 3892 illis
1336 3841 1361 3891 iu
1374 3840 1446 3891 luctu
1454 3841 1624 3894 domesticaet
1635 3857 1720 3894 neces·
1824 3864 1829 3879 ι

944 3935 1068 3986 sariorum
1098 3932 1242 3995 funeribus,
1257 3929 1370 3993 deposito
1382 3944 1444 3979 auro
1463 3935 1489 3981 et
1504 3944 1613 3995 purpura
1627 3933 1721 3983 cetero·

944 4038 994 4089 que
1007 4025 1111 4084 ornatu,
1127 4023 1216 4073 atrata
1233 4032 1291 4070 eum
1303 4031 1348 4083 per
1361 4031 1452 4068 aunum
1462 4017 1584 4082 integrum
1598 4019 1719 4071 luxerunt.

945 4118 1010 4179 Quin
1026 4118 1100 4170 εέῖιιιιι
1116 4118 1174 4169 licet
1195 4115 1227 4167 ab
1249 4113 1316 4166 illius
1333 4127 1393 4164 casu
1412 4114 1443 4164 ad
1463 4115 1512 4165 boc
1530 4129 1610 4180 usque
1623 4120 1723 4184 tempus

946 4215 995 4267 iam
1013 4214 1141 4281 quingenti
1162 4214 1241 4264 terme
1260 4210 1317 4262 anni
1342 4209 1541 4274 intercesserint,
1564 4215 1647 4265 mmen
1669 4216 1724 4265 eius

944 4313 1063 4365 memoria
1077 4326 1125 4362 uon
1139 4309 1239 4361 evanuit
1254 4328 1260 4358 :
1275 4307 1320 4359 sed
1332 4307 1364 4358 ab
1374 4308 1490 4358 omnibus
1501 4346 1508 4369 ,
1521 4313 1550 4359 ut
1569 4310 1608 4360 vir
1625 4310 1682 4374 pius
1696 4313 1722 4361 et

945 4410 1039 4472 iustus,
1053 4408 1151 4460 canitur
1162 4410 1187 4459 et
1200 4406 1348 4458 celebratur.
1382 4406 1523 4458 Periculum
1537 4408 1621 4470 igitur,
1637 4409 1723 4474 inquo

944 4507 1048 4559 Romani
1062 4506 1153 4558 versuti
1174 4506 1286 4564 inerant,
1311 4503 1344 4553 ob
1359 4503 1452 4553 bellum
1474 4504 1534 4567 ipsis
1554 4504 1679 4554 avolscis
1696 4509 1722 4556 et

944 4612 1032 4678 aliquis
1045 4610 1130 4662 Marcii
1143 4608 1222 4660 ductu
1237 4606 1402 4672 auspiciisque
1414 4605 1519 4667 illatum,
1533 4606 1722 4672 quodomnium

944 4707 1099 4774 superiorum
1118 4705 1254 4755 maximum
1273 4701 1370 4764 iuerat,
1396 4717 1453 4753 eum
1477 4717 1564 4768 parum
1589 4703 1719 4755 abluisset,

943 4805 1003 4870 quin
1016 4817 1046 4855 eo
1068 4804 1122 4853 tota
1144 4800 1205 4852 urbs
1222 4799 1338 4850 funditus
1358 4802 1522 4860 everteretur,
1545 4799 1611 4847 bunc
1634 4794 1721 4844 lrubuit

944 4900 1047 4950 exitum.

975 5087 1063 5138 Llilll.
1078 5084 1169 5136 Paucis
1179 5087 1263 5136 autem
1273 5088 1328 5150 post
1342 5081 1430 5135 diebus
1443 5080 1545 5131 Romani
1555 5093 1612 5129 cum
1625 5083 1721 5145 maguis

946 5175 1039 5242 copiis,
1059 5173 1188 5226 amborum
1205 5173 1333 5225 consulum
1350 5171 1443 5231 ductu,
1454 5169 1514 5221 urbe
1527 5170 1619 5234 egressi
1632 5174 1657 5220 et
1677 5185 1720 5220 us-
