3772 5828
203 327 263 386 620

202 457 230 516 δί
248 456 436 535 προθυμότατα
461 451 640 513 ουλλαθίαθαι
661 451 779 520 δόξαντες
800 458 853 518 τοῖς
869 450 981 519 ὑπάτοις

202 547 233 604 ίκ
256 548 335 625 τριῶν
355 544 443 602 οἰκιῶν
464 532 550 613 ἦσαν,
573 539 719 618 Ποστόμιοε
741 539 787 599 καὶ
811 539 979 619 Σεμπρώνιοι

201 632 246 692 καλ
265 632 348 711 τρίτοι
373 629 510 700 Κλοίλιοι,
525 630 614 707 γένους
634 651 662 687 τε
678 627 783 697 ἀξιώσει
797 629 980 707 λαμπρότατοι

201 721 247 780 καὶ
270 718 395 799 ἑταιρίαις
418 717 488 796 μίγα
511 717 665 791 δυνάμενοι,
689 714 796 796 πλοιίτυρ
807 739 835 774 τι
856 715 902 774 καὶ
918 714 979 793 δόξῃ

161 829 174 866 s
201 810 314 876 καὶτοῖς
330 808 400 868 κατθι
421 807 536 882 πόλεμον
552 805 636 886 ίργοις
656 807 806 885 ίπιρανεῖς·
821 805 867 864 καὶ
882 808 928 863 τοῦ
942 805 979 878 μὴ

201 902 351 979 κυρωθῆναι
373 903 417 956 τὸν
436 894 515 970 νόμον
532 886 603 954 οδτοι
623 894 809 972 ὡμολογοῦντο
830 892 980 953 αἰτιώτατοι

200 986 330 1068 γινίσθαι.

242 1076 332 1137 tht.
356 1077 400 1155 Τῇ
423 1074 445 1131 δ’
473 1072 531 1143 ἑξῆς
547 1076 644 1153 ἡμέρα,
663 1067 865 1151 παραλαόόντις
885 1071 910 1130 cl
934 1069 980 1141 δή·

203 1188 303 1248 μαρχοι
327 1163 386 1226 τοθς
402 1161 623 1244 ίπιραντστάτους
643 1166 696 1222 τῶν
720 1160 888 1237 δημοτικῶν,
909 1161 981 1222 ίσκό·

152 1277 176 1314 ra
202 1279 268 1316 πουν
296 1253 313 1313 δ
342 1277 369 1314 τι
391 1252 536 1333 χρήσονται
562 1259 615 1318 τοῖς
640 1250 799 1330 πράγμασι,
823 1249 908 1309 κοινδν
933 1250 981 1327 μίν

201 1351 277 1405 τοῦτο
290 1342 337 1402 καλ
352 1345 425 1419 παρὰ
442 1340 548 1397 πάντων
572 1338 778 1417 ὁμολογούμενον
794 1339 939 1420 ιίληρότες,
951 1339 982 1399 τὸ

203 1434 241 1510 μὴ
256 1431 316 1496 τοὺς
340 1432 454 1494 ὑπάτους
477 1428 550 1505 ἄγειν
575 1429 625 1486 ὑπδ
646 1428 694 1497 τὴν
718 1428 806 1496 δίκην,
831 1427 900 1487 άλλθ
922 1425 982 1496 τοθς

203 1525 397 1600 ὑπηρετοῦντας
409 1520 496 1582 αὐτοῖς
508 1514 626 1582 ἰδιώτας·
641 1507 678 1573 ῶν
689 1516 872 1593 κολαζομένων
887 1515 982 1591 ίμελλι

202 1616 256 1674 τοῖς
281 1606 387 1671 πολλοῖς
406 1608 459 1662 τῶν
485 1606 599 1663 πολιτῶν
628 1604 743 1663 ἐλάττων
764 1603 869 1664 ἔσεσθαι
890 1605 980 1684 λόγος,

152 1720 175 1757 rs
203 1694 326 1775 ώσπερθ
350 1692 457 1760 Σίκκιος
482 1693 633 1751 θτετίθιτο·
657 1693 718 1773 περὶ
745 1693 773 1753 il
798 1700 844 1754 τοῦ
868 1695 983 1767 πλήθους

202 1786 254 1843 τῶν
270 1783 321 1844 θπδ
335 1782 381 1849 τίς
396 1782 481 1849 αἰτίας
497 1779 688 1860 άχθησομένων
701 1781 762 1842 ὅσον
775 1772 842 1841 εἶναι
856 1782 920 1864 χρὴ,
937 1784 982 1842 καὶ

202 1871 263 1955 πιρλ
279 1876 324 1930 τοῦ
344 1869 471 1946 ὀνόματος
485 1866 500 1927 δ
517 1868 643 1941 θήσονται
657 1873 690 1948 τῇ
706 1869 782 1949 δίκη,
803 1869 849 1927 καὶ
864 1870 982 1946 μάλιστα

202 1962 262 2043 πιρλ
278 1965 323 2020 τοῦ
348 1955 498 2036 τιμήματος
514 1957 625 2028 πηλίκον
642 1957 717 2017 ἔσται
739 1957 770 2016 τὸ
784 1958 905 2035 μέγεθος,
921 1961 981 2017 ίπι-

203 2055 270 2127 μιλῆ
289 2046 438 2124 ποιούμενοι
455 2047 574 2117 ζήτησιν.
618 2048 654 2106 0t
669 2045 717 2121 μίν
738 2036 782 2104 alia
798 2046 981 2126 χαλεπώτεροι

58 2182 61 2195 .
149 2157 176 2197 m
203 2138 250 2204 τθς
263 2137 352 2218 ρόσεις
369 2137 413 2194 ἐπὶ
425 2134 454 2194 τὸ
469 2136 557 2211 μεῖζόν
573 2158 601 2192 τι
615 2135 660 2192 καὶ
677 2133 855 2214 ιροδερώτερον
876 2135 981 2196 ἅπαντα

203 2232 287 2286 ταῦτα
310 2225 435 2303 προάγειν
449 2223 599 2302 παρῄνουν,
621 2224 645 2282 ai
669 2224 693 2280 δ’
714 2223 902 2303 ἐπιεικέστεροι
921 2228 982 2285 rari·

202 2313 304 2372 ναντίον
318 2313 361 2372 ἐπὶ
374 2313 404 2370 τδ
429 2311 605 2392 μετριώτερον
622 2313 667 2371 καὶ
690 2313 949 2394 φιλανθρωπότερον·
967 2319 982 2375 ὁ

203 2402 231 2462 il
245 2402 344 2472 ταύτης
366 2400 509 2477 ἡγούμενος
529 2405 576 2472 τῆς
590 2400 697 2478 γνώμης
715 2400 760 2459 καί
776 2400 870 2469 πιίσας
887 2402 981 2472 αθτοθς

201 2484 234 2564 ἧν
253 2491 381 2563 Σίκκιος,
398 2494 412 2549 ὁ
426 2487 485 2557 τοθς
499 2491 525 2547 ἐν
539 2489 665 2569 τῷδήμῳ
682 2490 743 2566 περὶ
759 2493 806 2561 τῆς
820 2491 982 2571 κληρουχίας

162 2600 175 2634 2»
202 2580 422 2657 διελθδινλόγους.
468 2575 562 2646 Ἔδοξε
586 2576 614 2636 li
634 2568 679 2636 οὖν
701 2579 788 2643 αὐτοῖς
808 2576 839 2637 τδ
853 2581 902 2656 pla
915 2581 981 2641 dita

201 2674 301 2743 πλῆθος
327 2672 379 2728 τῶν
408 2666 554 2744 πατρικίων
581 2670 674 2739 ἐᾶσαι,
710 2667 848 2736 Κλοιλίους
883 2668 911 2728 il
935 2671 981 2730 καί

205 2758 368 2834 ΙΙοστομίους
389 2757 434 2816 καῖ
453 2755 642 2834 Σιμπρωνίους
657 2757 702 2815 lrrl
722 2755 766 2815 τδν
790 2758 873 2834 δῆμον
887 2756 979 2837 άγιιν,

202 2840 239 2908 air
263 2847 379 2927 ἔπραξαν
403 2844 542 2925 θρίξοντας
566 2846 654 2912 δίκας·
678 2847 798 2924 ίγκαλτῖν
823 2845 851 2905 δὲ
876 2848 980 2926 αὐτοῖς,

206 2937 246 2997 δτι
263 2941 314 2997 τῶν
328 2939 405 3015 ἱερῶν
425 2934 528 3009 νόμιον,
546 2932 591 3000 οὓς
608 2934 669 3013 περὶ
684 2938 737 2992 τῶν
758 2934 905 3015 δημάρχων
920 2937 980 2995 ἐκύ-

149 3038 153 3069 ²
203 3031 316 3106 porussi.
338 3021 420 3101 βουλὴ
434 3021 479 3079 καὶ
494 3024 508 3077 θ
522 3024 622 3094 δῆμος,
639 3022 723 3080 οδδενλ
744 3021 893 3081 δεδωκότων
908 3022 980 3093 ilau-

201 3114 261 3172 τίαν
287 3110 441 3188 ἀναγκάζειν
462 3105 521 3172 τοὺς
545 3108 696 3187 δημάρχους
726 3109 864 3185 ὑπομένειν
879 3135 905 3170 τι
926 3118 979 3172 τῶν

202 3202 358 3275 diocliam
375 3198 466 3279 ῶσπερ
482 3196 541 3263 τοὺς
563 3198 657 3266 ἄλλους
673 3196 796 3272 πολίτας,
822 3201 916 3260 ἐκεῖνοι
930 3226 978 3261 κα-

200 3293 342 3372 τασχόντες
359 3287 451 3355 αὐτοὺς
467 3287 602 3348 ἐκώλυσαν
620 3287 663 3347 ἐπὶ
678 3288 751 3354 τελος
766 3289 838 3365 ἄγειν
854 3289 902 3361 τὴν
918 3292 979 3374 περὶ

200 3388 245 3443 τοῦ
255 3383 335 3458 νόμον
346 3380 495 3456 διάγνωσιν.
537 3377 654 3454 ’λ’ίμημα
670 3377 698 3435 δέ
719 3378 776 3444 ταῖς
791 3376 875 3444 δίκαις
893 3379 979 3460 ὁρίσαι

147 3488 172 3522 ³³
201 3474 267 3551 μήτε
283 3472 396 3529 θάνατον
411 3470 478 3542 μήτε
502 3466 586 3547 ρυγήν
609 3465 677 3541 μήτε
694 3466 759 3524 ἄλλο
775 3466 912 3546 ίπίρθονον
932 3490 979 3543 μη-

201 3561 262 3632 δὲν,
277 3558 322 3616 ἵνα
346 3562 383 3633 μὴ
399 3561 475 3614 τοῦτο
499 3555 585 3620 αὐτοῖς
600 3552 708 3630 γένηται
726 3558 856 3633 σωτηρίας
879 3555 976 3625 αἴτιον,

201 3647 329 3712 αλλθτδις
355 3646 443 3710 οὐσίας
464 3646 549 3703 αὐτῶν
573 3641 644 3721 ἱερὰς
668 3632 734 3701 εἶναι
761 3644 922 3725 Δήμητρος,
949 3647 979 3706 τὸ

201 3737 378 3819 μετριώτατον
404 3731 584 3808 ἐκλεξαμένοις
601 3736 646 3788 τοῦ
669 3730 860 3822 νόμουημέρος.
906 3734 979 3810 Ἐγί-

200 3849 258 3885 νετο
273 3831 372 3898 ταῦτα,
389 3823 434 3880 καὶ
450 3826 536 3899 παρῆν
552 3825 566 3878 ὁ
580 3819 687 3902 χρόνος,
705 3823 731 3878 ἐν
746 3823 768 3897 ᾧ
784 3820 829 3886 rire
842 3821 911 3880 κατδι
926 3826 977 3881 τῶν

201 3915 300 3991 ἀνδρῶν
317 3910 368 3969 ἔδει
399 3914 575 3967 συντελεῖσθαι
604 3909 688 3973 δίκας.
742 3909 804 3973 Τοῖς
827 3907 854 3966 δὲ
870 3910 977 3977 ὑπάτοις

200 4003 244 4058 καὶ
265 4004 315 4056 τῶν
337 3999 424 4055 ἄλλοιν
456 3998 599 4076 πατρικίων
623 3997 677 4060 τοῖς
704 3997 914 4073 παραληρθεῖσιν
943 4000 977 4066 εἷς

200 4087 350 4164 συνέδριον·
378 4084 470 4164 ἔτυχον
493 4085 520 4142 δὲ
544 4088 566 4142 ol
589 4083 726 4161 κράτιστοι
751 4083 975 4158 παρακληθέντες·

199 4177 282 4235 ἐδόκει
298 4183 442 4253 συγχωρεῖν
459 4182 511 4242 τοῖς
539 4174 684 4251 δημάρχοις
705 4171 854 4231 ἐπιτελέσαι
879 4172 926 4240 τδις
938 4174 976 4231 δί-

200 4288 264 4336 κας,
280 4260 323 4320 ἵνα
340 4263 377 4337 μή
395 4286 420 4319 τι
437 4267 522 4338 μεῖζον
548 4262 707 4328 κωλυθέντες
723 4259 914 4340 ἐξεργάσοινται
929 4287 977 4322 κα·

200 4354 262 4425 κδν,
283 4353 327 4410 καὶ
351 4352 403 4415 τοῖς
432 4352 557 4424 δημόταις
594 4348 744 4425 ἐπιτρέπειν
772 4353 977 4426 ἁγριαινομένοις

200 4446 236 4511 είς
254 4442 285 4500 τδι
307 4442 435 4519 χρήματα
450 4443 502 4496 τῶν
518 4442 616 4518 ἀνδρῶν
641 4439 732 4516 ἐκχέαι
756 4437 802 4507 τὴν
817 4441 917 4516 χολὴν,
932 4436 976 4497 ἵνα

199 4530 367 4609 τιθασώτεροι
381 4527 506 4605 γένωνται
520 4529 549 4586 τὸ
564 4527 674 4598 λοιπὸν,
689 4526 813 4592 λαθόντες
830 4531 974 4597 ὁποσηνοῦν

200 4623 273 4702 παρὰ
293 4624 344 4679 τῶν
362 4621 461 4697 ἐχθρῶν
478 4618 567 4689 δίκην,
585 4618 669 4684 άλλως
691 4640 718 4674 τε
740 4616 784 4674 καὶ
800 4620 845 4684 τῆς
859 4616 976 4694 εἰςχρή·

200 4736 271 4790 ματα
296 4708 391 4784 ζημίας
423 4706 591 4786 εθδιόρθωτον
621 4705 732 4784 ἐχούσης
760 4706 813 4770 τοῖς
835 4704 976 4762 πεπονθόσι

145 4800 150 4833 ³
200 4802 246 4872 τὴν
260 4798 411 4878 συμροροίν·
430 4795 494 4874 ὅπερ
508 4796 552 4853 καί
568 4794 673 4865 cutilia.
716 4794 843 4854 Ἁλόντων
859 4792 909 4871 γὰρ
924 4797 975 4851 τῶν

199 4892 297 4968 ἀνδρῶν
313 4890 425 4968 ἐρήμους
439 4887 486 4949 τὰς
501 4884 592 4957 δίκας,
608 4884 664 4942 ὅτε
682 4885 763 4959 δῆμος
779 4881 976 4961 διγριαινόμενος

200 4978 349 5047 ἐπαύσατο,
365 4976 410 5033 καὶ
426 4984 479 5039 τοῖς
494 4970 639 5050 δημάρχοις
654 4973 737 5029 ἐδόκει
752 4993 789 5035 τις
802 4968 975 5028 ἀποδεδόσθαι

200 5064 294 5140 μετρία
310 5065 404 5140 [γοῦν]
429 5063 474 5121 καὶ
489 5060 611 5123 πολιτικὴ
634 5059 762 5136 [δύναμις
777 5058 839 5134 καὶ]
858 5058 974 5135 βοήθεια·

199 5160 251 5215 τοῖς
275 5174 302 5208 τε
328 5152 436 5230 ἀνδράσι
462 5151 509 5216 τάς
529 5150 617 5214 οὐσίας
641 5148 664 5206 οἱ
681 5147 814 5223 πατρίκιοι
829 5145 902 5224 παρά
923 5150 974 5205 τῶν

716 316 884 380 lllONYSll
907 316 1289 383 nantcannassssrtsts
1326 340 1328 345 ·

1034 456 1116 509 tribus
1135 459 1233 511 laubiis
1252 462 1335 521 luere,
1357 461 1496 523 Postumii,
1521 466 1681 530 sempronii.
1705 471 1737 517 et
1752 469 1831 518 tertio

1033 545 1089 598 loco
1103 548 1190 610 otalii,
1203 552 1247 614 qui
1258 555 1284 600 et
1300 551 1397 616 generis
1414 552 1534 616 dignitate
1547 552 1686 604 clarissimi
1699 560 1792 615 eraut,
1805 563 1831 607 et

1034 635 1153 689 clientelis
1167 642 1241 702 atque
1252 640 1344 703 opibus
1362 642 1389 690 et
1408 639 1485 705 gioria
1503 640 1611 692 multum
1627 646 1768 707 poterant,
1788 659 1830 694 re·

1035 723 1130 789 busque
1153 725 1219 778 bella
1231 727 1307 790 gestis
1319 727 1427 793 insignes
1450 732 1534 788 crant;
1560 743 1605 794 per
1619 745 1687 795 quos
1710 734 1830 783 omnium

1033 813 1188 865 muressioue
1206 815 1307 866 stetisse
1325 813 1414 879 iertm,
1430 829 1481 881 quo
1493 817 1577 868 minus
1586 816 1629 869 lex
1643 832 1679 870 ec
1692 821 1831 884 plebiscito

1034 901 1181 952 sanciretur.

1080 1072 1153 1120 xut.
1171 1071 1294 1122 Postridie
1318 1071 1410 1123 tribuni
1436 1088 1494 1125 sum
1515 1075 1681 1128 nobilissimis
1711 1093 1728 1130 e
1757 1082 1829 1145 plebe

1036 1168 1178 1220 consultare
1197 1176 1324 1235 eruperunt
1337 1172 1460 1237 quomoda
1479 1174 1640 1227 tractandum
1655 1183 1727 1230 esset
1741 1179 1768 1230 id
1780 1194 1829 1232 ne·

1036 1269 1148 1334 ςοιῖιιιαι
1163 1274 1189 1321 et
1203 1272 1374 1324 unoomuinm
1388 1286 1510 1324 conseasu
1530 1278 1685 1339 statuerunt,
1698 1294 1752 1330 non
1765 1296 1825 1333 οοιι-

1036 1368 1133 1421 sulibus
1146 1369 1213 1423 diem
1221 1372 1318 1433 dicere,
1332 1373 1377 1424 scd
1391 1388 1477 1425 ecmru
1489 1375 1631 1442 ministris,
1645 1380 1692 1444 qui
1707 1381 1826 1435 hornines

1036 1476 1090 1522 erat
1100 1472 1201 1536 privati3
1218 1473 1243 1524 iu
1261 1488 1325 1539 quos
1340 1475 1413 1540 (sicut
1429 1477 1523 1529 Siccius
1536 1484 1689 1547 monuerat)
1700 1497 1762 1534 curn
1774 1485 1824 1535 rni-

1037 1587 1096 1624 uore
1112 1575 1203 1626 civium
1223 1575 1315 1626 inuidia
1335 1577 1498 1630 animadverti
1522 1583 1629 1645 poterat.
1664 1586 1704 1635 De
1724 1600 1823 1638 reorum

1037 1682 1121 1731 autem
1134 1693 1249 1741 numero,
1272 1684 1304 1731 de
1315 1680 1424 1732 criminis
1440 1682 1548 1745 nornine,
1562 1688 1691 1753 precipua
1712 1705 1774 1741 cera
1791 1692 1822 1742 de

1038 1782 1139 1834 mulctas
1152 1797 1185 1834 oe
1194 1784 1249 1834 litis
1272 1785 1436 1836 estimatione
1448 1788 1474 1836 at
1487 1789 1669 1853 magnitudine,
1690 1793 1821 1858 diiigenter

1037 1894 1294 1955 quatercenperuur.
1327 1893 1376 1950 Qui
1397 1893 1471 1956 igitur
1483 1895 1604 1958 asperiori
1617 1903 1691 1949 erant
1713 1900 1819 1963 ingenio.

1037 1988 1091 2040 brec
1113 1991 1210 2052 omnia,
1232 1991 1264 2041 ad
1285 1992 1403 2056 majorem
1425 1997 1546 2044 terrorem
1564 1995 1687 2047 aduersa
1706 1998 1820 2062 surtinus·

1039 2089 1220 2149 incutiendum,
1237 2093 1337 2156 gravius
1354 2093 1523 2156 persequenda
1547 2096 1678 2148 ccuselsant
1699 2118 1707 2147 :
1730 2105 1819 2150 rnntra

1038 2205 1097 2242 raro
1112 2190 1222 2242 mitiores
1242 2192 1397 2255 suadebant,
1419 2197 1447 2244 ut
1461 2195 1516 2247 laroc
1527 2195 1666 2248 ολεεαεοιῖιιε
1678 2203 1704 2249 et
1722 2200 1816 2251 burna·

1037 2294 1092 2345 uiua
1104 2297 1279 2345 tractarentur.
1315 2296 1396 2359 liujus
1415 2300 1500 2348 autem
1519 2298 1637 2351 καίεσθαι
1653 2304 1740 2351 auctor
1764 2304 1812 2354 tuit

1037 2394 1077 2445 ille
1093 2393 1200 2455 Siccius¹
1215 2394 1259 2460 qui
1268 2394 1335 2459 apud
1349 2394 1469 2459 populum
1480 2396 1513 2448 de
1526 2410 1585 2462 agro
1594 2396 1723 2450 θὶνὶιῖειιθο
1734 2402 1813 2452 rerba

1040 2497 1144 2555 lecerat,
1161 2495 1205 2559 qui
1224 2496 1300 2547 etiam
1315 2496 1376 2561 ipsis
1392 2510 1445 2548 rem
1465 2498 1596 2562 persuasit.
1625 2499 1720 2551 Placuit
1738 2500 1815 2566 igitur

1039 2596 1108 2661 ipsis,
1119 2600 1223 2647 ceteros
1234 2596 1335 2660 quidam
1348 2597 1466 2661 patricios
1483 2599 1615 2665 uuluae,
1625 2601 1669 2652 sed
1684 2602 1745 2653 sutis
1754 2603 1817 2654 cta

1039 2697 1079 2747 liis
1089 2701 1114 2748 ei
1129 2696 1262 2748 Postumiis
1277 2700 1303 2748 et
1322 2696 1473 2762 Semproniis
1490 2696 1557 2749 diem
1572 2699 1663 2763 dicus,
1676 2715 1727 2767 quo
1739 2704 1816 2755 iacto·

1038 2811 1208 2848 rumsuorum
1220 2811 1333 2848 naussum
1361 2799 1472 2849 dicerent
1492 2817 1499 2849 z
1516 2803 1543 2850 et
1556 2800 1655 2877 crimini
1673 2801 1722 2854 ritis
1741 2803 1814 2863 darc,

1037 2894 1104 2959 quod
1124 2897 1210 2944 coutra
1229 2899 1340 2945 sacratus
1361 2895 1443 2957 leges,
1461 2909 1526 2958 quas
1544 2894 1578 2947 de
1591 2896 1699 2950 tribunis
1717 2904 1816 2950 senatun

1037 2999 1191 3064 populusque
1206 3001 1333 3049 Romanus
1347 2998 1437 3049 tolerat
1453 2998 1556 3064 (quibus
1567 2999 1662 3053 diserte
1674 3002 1815 3060 carebatur.

1037 3098 1272 3160 repatriaturos,
1296 3102 1325 3148 ut
1346 3098 1407 3149 alios
1428 3098 1508 3162 cives,
1521 3100 1616 3165 aliquid
1626 3109 1714 3155 contra
1730 3106 1814 3155 actuu-

1038 3206 1115 3253 tatem
1140 3214 1210 3251 suam
1230 3203 1325 3266 perpeti
1347 3205 1468 3266 cogeret),
1484 3203 1531 3267 ipsi
1561 3219 1604 3256 eos
1631 3207 1816 3272 impedivissent

1032 3277 1244 3363 'recognitionem
1259 3301 1290 3350 de
1309 3301 1361 3364 lege
1383 3302 1519 3364 perterrent
1544 3303 1573 3353 ad
1595 3306 1726 3368 poputum.
1757 3306 1817 3356 Litis

1038 3411 1096 3448 uero
1108 3399 1296 3449 aestimationem
1312 3398 1403 3463 placuit
1418 3405 1528 3452 statuere
1543 3416 1592 3452 uon
1603 3403 1711 3468 capitale
1722 3403 1816 3469 suppli·

1036 3497 1115 3556 cium,
1131 3510 1209 3559 neque
1225 3497 1347 3557 exsilium.
1360 3512 1439 3564 neque
1452 3500 1520 3550 aliud
1540 3500 1705 3561 invidiosum,
1723 3517 1754 3553 ne
1770 3503 1817 3553 boc

1045 3594 1126 3659 ipsum
1152 3595 1200 3644 illis
1214 3597 1318 3646 salutem
1342 3597 1456 3657 aiterret;
1480 3600 1524 3648 sed
1541 3598 1605 3649 bona
1623 3613 1712 3651 corum
1735 3605 1817 3653 cerari

1035 3695 1117 3747 dicare
1131 3694 1222 3760 placuit
1236 3714 1242 3744 ι
1258 3708 1314 3758 ηοω
1333 3707 1403 3758 poeua
1419 3696 1529 3745 oninium
1543 3696 1675 3747 mitissima
1686 3697 1741 3761 lege
1757 3713 1818 3763 prce·

1034 3795 1196 3846 scribebatur.
1226 3797 1329 3843 Factum
1339 3796 1376 3843 est
1386 3792 1421 3843 ita
1429 3792 1531 3859 diesque
1543 3794 1621 3852 venit.
1632 3809 1682 3858 quo
1694 3796 1817 3858 iudicium

1036 3893 1122 3944 deillis
1141 3893 1200 3942 uiris
1228 3890 1392 3955 peragendum
1413 3894 1474 3941 erat.
1511 3890 1661 3942 consulibus
1684 3895 1769 3943 autem
1791 3897 1817 3943 et

1034 3989 1135 4052 reliquis
1146 3988 1254 4052 patriciis
1271 3988 1421 4039 insensatum
1443 3989 1586 4039 convocatis
1603 3990 1814 4054 (prestantissimi

1034 4101 1093 4137 vero
1105 4087 1199 4150 quique
1225 4087 1352 4136 eorrrneati
1374 4087 1470 4135 lucrant
1480 4086 1487 4150 )
1498 4087 1591 4150 placuit
1609 4087 1718 4139 tribunis
1732 4102 1817 4140 couce-

1034 4185 1104 4242 dere,
1123 4187 1152 4233 ut
1171 4183 1292 4246 judicium
1305 4187 1457 4246 peragerent,
1469 4196 1500 4233 ne
1512 4183 1573 4233 torte
1589 4184 1707 4247 prohibiti
1722 4184 1814 4246 aliquid

1033 4281 1131 4345 gravius
1157 4284 1296 4343 patrureut;
1322 4284 1347 4329 et
1367 4281 1470 4344 plebeiis
1482 4279 1593 4330 alteratis
1614 4282 1815 4344 permittere‚ut

1032 4380 1107 4429 bilem
1120 4394 1190 4429 suam
1207 4380 1230 4429 in
1250 4380 1394 4442 patrimonia
1407 4381 1504 4430 illorum
1526 4381 1635 4430 uirorum
1650 4380 1816 4444 effunderent,

1032 4494 1081 4542 quo
1093 4476 1272 4527 mansuetiores
1288 4478 1311 4525 in
1328 4483 1451 4541 posterum
1464 4480 1563 4537 fierent,
1579 4480 1698 4529 sumtode
1707 4479 1817 4531 inimicis

1034 4567 1168 4632 supplicio,
1191 4565 1256 4629 quod
1287 4567 1441 4623 volnissent.
1459 4568 1597 4632 praesertim
1619 4584 1696 4631 quum
1717 4570 1817 4632 jactura

1031 4666 1097 4716 iltius
1115 4665 1264 4729 pecarniarire
1286 4665 1386 4715 mulctra
1421 4666 1493 4717 tacite
1527 4666 1587 4731 ipsis
1614 4668 1664 4716 reis
1693 4668 1818 4719 damnatis

1031 4763 1117 4813 sarciri
1134 4765 1225 4825 posset.
1260 4761 1334 4819 Quod
1355 4765 1428 4813 ctiam
1444 4763 1543 4814 accidit.
1579 4767 1661 4821 Quum
1686 4766 1754 4815 enirn
1769 4769 1816 4819 τοί.

1030 4860 1168 4911 vadimonia
1187 4860 1293 4921 clusurio,
1316 4859 1431 4910 absentes
1448 4860 1557 4910 damnati
1578 4861 1739 4917 tuissent.ct
1760 4862 1816 4925 ipsa

1030 4959 1100 5024 plebs
1113 4959 1234 5008 feritatem
1256 4970 1327 5005 suam
1339 4958 1468 5022 deposuit,
1484 4964 1509 5009 et
1529 4959 1589 5023 ipsis
1609 4959 1715 5009 tribunis
1727 4961 1816 5008 arrode-

1029 5062 1083 5108 rata
1099 5055 1212 5118 qrrrudam
1224 5065 1254 5101 ac
1273 5053 1351 5104 civilis
1363 5061 1472 5120 potestas
1487 5061 1512 5108 ot
1532 5057 1654 5108 auxilium
1667 5055 1817 5124 restitutum

1031 5155 1195 5206 ridebantur:
1211 5156 1235 5203 at
1254 5154 1352 5218 patricii
1364 5155 1486 5207 damnatis
1508 5155 1573 5206 bona
1589 5169 1635 5207 sua
1653 5132 1826 5219 reddiderunt,
