3772 5828
181 350 221 413 98

180 508 234 562 ρει·
254 474 289 542 ὧν
311 481 411 546 οὐδενὸς
427 480 494 546 ελκδς
509 482 606 554 αὐτὴν,
622 484 643 540 εἷ
661 484 817 557 προδιδοῦσα
831 483 878 554 τὴν
890 509 951 542 πα-

181 573 254 652 τρίδα
275 569 328 635 τοῖς
347 570 482 644 πολεμίοις
498 571 636 640 ἀπέθανεν,
659 568 717 627 οὔτε
739 570 811 647 παρά
821 573 874 629 τῶν
889 594 953 651 προ-

180 657 304 716 δοθέντων
331 654 391 714 ούτε
422 656 494 737 παρά
527 660 579 716 τῶν
606 656 817 717 ἀποκτεινάντων
846 661 951 740 τυχεῖν,

179 743 246 804 ἀλλά
271 742 316 802 καλ
344 744 367 802 εί
387 768 413 804 τι
442 745 563 826 λείψανον
594 748 674 816 αὐτῆς
693 737 725 817 ἦν
750 750 796 805 τοῦ
822 745 952 822 σώματος,

139 837 152 873 ⁶
178 831 328 911 ἀνασκαφὲν
354 831 404 900 ἔξω
428 837 533 913 ῥιφῆναι
556 833 601 892 σῦν
624 833 720 913 χρόνῳ,
747 834 827 912 peden
851 859 878 892 τε
907 836 952 893 καὶ

178 923 329 998 ἀποτροπῆς
350 920 427 980 ἕνεκα
456 925 507 980 τῶν
533 921 681 998 μελλόντων
709 923 742 978 τά
771 921 850 998 ὅμοια
876 923 950 1001 δράν.

177 1009 248 1070 Ἀλλ’
268 1008 333 1088 ὑπέρ
355 1010 403 1084 μέν
428 1011 525 1070 τούτων
553 1011 663 1089 κρινέτω
686 1034 724 1075 τις
751 1013 786 1078 ώς
817 1011 949 1091 βούλεται.

216 1099 288 1160 XLI.
303 1097 372 1158 Ὁδδ
383 1099 477 1164 Τάτιος
491 1098 535 1156 καὶ
547 1102 570 1157 οῖ
585 1097 695 1158 Σαόῖνοι
710 1100 831 1178 φρουρίου
845 1104 950 1178 γενόμς.

176 1210 216 1246 νοι
230 1191 356 1265 καρτεροῦ
377 1185 477 1265 κύριοι,
495 1185 539 1243 καὶ
553 1185 587 1244 vd
607 1186 718 1244 πλεῖστα
738 1192 784 1258 τῆς
807 1186 949 1265 Ῥωμαίων

125 1279 150 1318 ¹⁰
177 1277 324 1344 ἀποσκευῆς
332 1272 443 1351 ἀμοχθεὶ
452 1273 651 1356 παρειληφότες,
661 1275 691 1332 έκ
702 1280 747 1335 τοῦ
756 1277 887 1357 ἀσφαλοῦς
898 1277 949 1350 ἤδη

176 1362 221 1419 τὀν
239 1362 352 1435 πόλεμον
375 1360 499 1440 διέφερον.
543 1361 645 1421 Πολλαῖ
661 1361 709 1438 μὲν
733 1354 777 1422 σύν
798 1368 882 1423 αὐτῶν
897 1366 950 1443 ἀγί-

180 1471 250 1506 νοντα
264 1448 309 1505 καλ
333 1445 376 1504 διδ
387 1448 486 1514 πολλδς
500 1447 642 1528 προφάσεις
657 1453 949 1530 παρεστρατοπεδευκό·

174 1559 225 1592 των
249 1534 371 1603 ἀλλήλοις
392 1537 425 1593 δι’
452 1535 539 1612 ὀλίγου
554 1538 643 1615 πεῖραί
664 1540 758 1597 τεκαὶ
781 1542 947 1617 συμπλοκαὶ,

172 1624 232 1682 οὔτε
263 1623 295 1682 τά
330 1625 524 1703 κατορθώματα
554 1624 647 1702 μεγάλ’
676 1627 793 1708 ἑκατέρῳ
824 1629 949 1711 φέρουσαι

120 1722 144 1758 ¹5
172 1715 225 1770 τῶν
243 1714 461 1790 στρατευμάτων,
475 1712 535 1772 οὔτε
549 1714 582 1774 τά
597 1715 755 1795 σφάλματα·
778 1717 900 1796 μέγισται
925 1720 949 1778 δ’

172 1800 202 1858 έκ
217 1799 388 1879 παρατάξεως
412 1801 485 1868 ὅλαις
512 1809 568 1868 ταῖς
591 1802 718 1879 δυνάμεσι
741 1806 804 1882 πρὸς
832 1807 949 1877 ἀλλήλας

172 1889 259 1969 μάχαι
286 1889 370 1948 διτταὶ
392 1890 437 1948 καί
464 1889 539 1971 φόνος
562 1890 693 1970 έκατέρων
715 1894 805 1959 πολύς.
848 1893 948 1955 Ἕλκο-

172 1977 253 2050 μένου
268 1976 319 2054 γάρ
332 1981 377 2034 τοῦ
392 1977 496 2056 χρόνου,
511 1978 619 2054 γνώμην
634 1978 778 2059 ἀμφότεροι
795 1978 844 2049 τὴν
865 1982 947 2054 αὐτὴν

172 2063 263 2142 ἔσχον,
277 2067 411 2143 ὁλοσχερεῖ
423 2072 509 2141 κρῖναι
523 2064 567 2123 τὸν
583 2068 670 2142 ἀγῶνα
687 2067 762 2146 μάχη
773 2091 779 2104 ·
792 2068 837 2126 καὶ
851 2074 947 2149 προελ·

117 2168 143 2207 20
172 2150 258 2217 θόντες
272 2153 307 2216 εἰς
327 2150 357 2208 τδ
381 2150 478 2227 μεταξὺ
501 2155 553 2210 τῶν
571 2154 754 2233 στρατοπέδων
771 2153 868 2234 χωρίον
881 2161 947 2235 κ’,γε-

172 2242 248 2311 μόνες
265 2240 289 2295 τ’
304 2239 405 2317 ἀριστοι
419 2237 453 2296 τδι
471 2239 587 2317 πολέμια
602 2242 647 2299 καί
664 2245 825 2322 στρατιῶται
841 2247 946 2304 πολλῶν

170 2327 257 2393 ἐθάδες
275 2326 400 2402 ἀγώνων,
416 2328 476 2396 ἀξια
498 2328 577 2408 λόγου
600 2327 655 2409 έργ’
673 2328 849 2390 ἀπεδείκνυντ’
861 2335 947 2392 ἐπιόν-

169 2436 212 2482 τες
233 2415 257 2473 τΙ
275 2417 396 2489 ἀλλήλοις
419 2417 464 2476 καί
482 2416 542 2485 τοὺς
560 2419 681 2486 ἀπιόντας
703 2421 838 2498 δεχόμενοι
857 2422 901 2481 καί
920 2422 946 2492 ἐξ

170 2505 336 2583 ἀποστροφῆς
358 2506 395 2570 εἰς
413 2503 469 2565 ἴσον
484 2496 556 2573 αάθις
571 2507 770 2584 καθιστάμενοι.
812 2511 847 2569 Οἱ
861 2510 885 2568 δ’
902 2514 945 2571 ἐπὶ

115 2608 142 2647 as
168 2594 222 2651 τῶν
243 2591 380 2671 ἀρομάτων
400 2597 511 2662 ἑστῶτες
526 2594 664 2676 ἰσορρόπου
680 2598 771 2657 θεαταί
787 2599 887 2676 ἀγῶνος
900 2603 945 2658 καί

169 2685 266 2758 θαμινὰ
282 2683 428 2758 ἑκατέρωσε
439 2685 655 2757 μεταπίπτοντος,
668 2688 706 2764 τῷ
719 2685 766 2762 μέν
777 2692 944 2767 κατορθοῦντι

168 2771 221 2827 τῶν
237 2770 367 2849 σφετέρων
383 2771 545 2831 ἐπικελεύσει
559 2795 588 2831 τε
611 2773 657 2833 καλ
675 2777 830 2855 παιανισμῷ
845 2775 944 2847 πολλὴν

168 2856 271 2917 ἐποίουν
293 2856 341 2928 τὴν
367 2862 404 2926 εἷς
423 2858 452 2917 τὸ
476 2859 588 2940 εὔψυχον
621 2861 754 2934 ἐπίδοσιν,
779 2866 816 2941 τῷ
844 2861 872 2922 δέ
894 2865 944 2923 κά-

168 2967 259 3018 μνοντι
274 2944 319 3001 καλ
331 2943 482 3024 διωκομένῳ
497 2946 597 3016 δεήσεις
610 2970 638 3004 τε
653 2948 698 3004 καί
715 2948 831 3023 οἰμωγάς
852 2948 941 3028 προϊέ-

113 3047 140 3087 aa
168 3054 243 3108 μενοι
265 3032 380 3092 κωλυταλ
404 3038 448 3091 τοῦ
464 3037 499 3098 εἰς
517 3035 588 3100 τέλος
613 3035 739 3115 ἀνάνδρου
754 3034 885 3113 ἐγίνοντο·
901 3031 935 3120 θφ

166 3109 204 3179 ὧν
227 3120 381 3200 ἀμφοτέρων
395 3121 574 3197 ἠναγκάζοντο
600 3121 645 3181 κοιλ
660 3122 733 3199 παρά
748 3121 858 3200 δύναμιν
881 3131 945 3185 bno-

167 3208 253 3285 μένειν
267 3208 300 3267 τά
315 3208 396 3267 δεινά.
439 3207 560 3279 Ἐκεῖνην
575 3210 622 3286 μέν
638 3202 681 3270 οάν
698 3210 746 3282 τὴν
759 3211 861 3290 ἡμέραν
875 3211 944 3272 οθτω

168 3297 341 3374 διενέγκαντες
363 3295 531 3375 ἀγχωμάλως
548 3295 595 3369 τὴν
621 3297 728 3378 μάχην,
749 3299 856 3367 σκότους
872 3299 944 3369 ὄντος

163 3383 231 3456 ἤδη,
255 3384 363 3461 άσμενοι
391 3387 425 3450 εἷς
448 3390 506 3452 τοὺς
539 3386 647 3454 οἰκείους
680 3388 797 3468 ἑκάτεροι
822 3389 944 3469 χάρακας

111 3481 137 3521 ³⁶
165 3473 376 3544 ἀπηλλάσσοντο.

202 3562 292 3623 XLll.
305 3565 369 3627 Ταῖς
384 3565 408 3621 δ’
422 3560 480 3633 ἑξῆς
493 3561 605 3644 ἡμέραις
615 3563 698 3643 ταφάς
708 3564 880 3642 ποιησάμενοι
889 3570 941 3625 τῶν

163 3653 260 3729 νικρῶν
273 3651 317 3708 καὶ
333 3650 391 3717 τοῦς
404 3652 570 3727 κεκμηκότας
585 3651 635 3710 iani
650 3653 808 3733 τραυμάτων
820 3657 939 3725 ἀνακτη-

164 3736 274 3811 σάμενοι
290 3739 411 3815 δυνάμεις
427 3762 455 3796 τε
477 3742 727 3815 παρασκευάσαντες
742 3742 835 3817 ἄλλας,
850 3743 941 3814 ἐπειδὴ

164 3822 249 3892 ἀδοξεν
274 3827 360 3892 αὐτοῖς
384 3817 454 3890 αὖθις
479 3828 570 3905 ἑτέραν
592 3827 707 3908 συνάψαι
730 3826 835 3907 μάχην,
857 3831 893 3895 είς
913 3830 942 3889 τδ

109 3925 137 3963 ⁴⁰
165 3913 228 3971 αὐτὸ
247 3914 284 3992 τῷ
312 3915 429 3994 προτέρῳ
454 3915 551 3993 χωρίον
577 3917 742 3982 συνελθόντες
764 3916 828 3995 ἀχρι
852 3918 942 3986 νυκτός

165 4003 307 4080 ἀμάχαντο.
354 4002 402 4062 ’liv
414 4002 498 4083 ταύτῃ
512 4007 544 4083 τῇ
570 4006 644 4084 μάχη
666 4003 808 4080 Ῥωμαίων
826 4005 942 4085 ἀμφοτέ-

165 4111 217 4168 ροις
231 4091 438 4169 ἐπικρατούντων
460 4100 513 4158 τοῖς
534 4091 654 4172 κέρασιν·
670 4082 725 4171 εἶχε
747 4092 774 4150 δὲ
788 4099 834 4150 τοῦ
858 4092 941 4160 δεξιοῦ

166 4177 212 4247 τὴν
236 4177 376 4252 ἡγεμονίαν
398 4180 474 4244 αὐτὸς
493 4178 671 4256 όῬωμύλος,
696 4184 742 4239 τοῦ
759 4181 782 4238 δ’
804 4181 939 4259 ἀριστεροῦ

164 4265 291 4340 Λοκόμων
314 4271 328 4325 δ
355 4267 500 4346 Τυρρηνός·
515 4273 561 4326 τοῦ
583 4270 611 4327 δὲ
625 4270 706 4345 μέσον
728 4268 839 4346 μηδέπω
855 4269 939 4348 κρίσιν

108 4377 136 4417 lo
163 4357 278 4436 ἔχοντος,
294 4361 307 4414 ὁ
322 4357 441 4423 κωλύσας
460 4357 507 4428 τὴν
524 4362 558 4424 εἷς
581 4359 652 4424 τέλος
678 4362 729 4417 τῶν
752 4357 875 4420 Σαόίνων
891 4350 938 4430 ἦτ-

162 4445 270 4504 τανκαῖ
299 4446 333 4509 είς
361 4446 494 4503 ἀντίπαλα
513 4447 683 4518 καταστήσας
709 4438 830 4512 αάθιςτά
850 4446 938 4505 λειπό-

164 4558 230 4614 μενα
254 4542 307 4600 τοῖς
326 4537 432 4591 νικῶσιν
453 4525 489 4601 εἷς
514 4535 582 4613 ἀνὴρ
601 4536 711 4612 ἐγένετο,
736 4536 838 4602 Μέττος
854 4535 939 4613 Κούρ-

162 4646 215 4690 τιος
235 4622 328 4698 ὄνομα,
350 4620 440 4702 ῥώμην
460 4647 488 4681 τε
509 4623 629 4699 σώματος
662 4625 741 4690 πολθς
765 4624 870 4704 [ἀνὴρ]
893 4624 937 4682 καὶ

163 4712 231 4771 κατδι
259 4715 335 4792 χεῖρα
364 4715 491 4787 γενναῖος,
523 4713 638 4786 μάλιστα
672 4713 696 4772 δ’
722 4713 764 4771 ent
788 4718 825 4794 τῷ
847 4713 938 4787 μηδέν’

115 4814 142 4852 to
163 4801 245 4859 ὀκνεῖν
270 4798 347 4879 φόόον
368 4797 385 4870 ἢ
405 4797 521 4857 κίνδυνον
540 4801 694 4878 εὐδοκιμῶν.
738 4791 821 4866 Οὗτος
838 4800 936 4878 ἐτάχθη

164 4886 210 4958 μέν
239 4889 358 4965 ἡγεῖσθαι
390 4893 441 4947 τῶν
472 4888 539 4948 κατάι
559 4890 642 4964 μέσην
672 4889 869 4969 ἀγωνιζομένων
889 4887 937 4957 τὴν

136 5016 138 5021 .
163 4975 299 5053 φάλαγγα,
320 4977 365 5036 καλ
394 4976 452 5045 τοῦς
472 4979 703 5055 ἀντιτεταγμένους
730 4977 812 5036 ἀνίκα·
840 4977 937 5054 βουλη-

161 5059 213 5125 θείς
231 5062 256 5119 δέ
277 5065 322 5121 καῖ
341 5067 374 5125 vd
396 5070 493 5145 κέρατα
514 5071 564 5126 τῶν
585 5066 706 5127 Σαθίνων
727 5064 866 5145 μοχθοῦντ’
884 5062 936 5134 ἤδη

161 5147 208 5207 καὶ
231 5147 385 5228 ἐξωθούμιν’
415 5159 451 5220 εἰς
470 5157 499 5213 τὸ
529 5155 584 5213 ίσον
614 5157 794 5226 καταστῆσαι,
820 5173 936 5230 παρακε-

700 351 863 412 broutsu
887 352 1262 417 flnnlcltln'nssnusls

1007 499 1201 555 commatrum,
1221 496 1243 545 ai
1258 496 1336 559 patria
1356 495 1469 546 hostibus
1491 496 1589 560 prodita
1602 497 1720 559 obiisset,
1740 501 1785 548 ant

978 605 981 654 Ι
1006 598 1039 649 ab
1052 599 1154 662 proditis
1170 605 1215 650 aut
1233 601 1264 651 ab
1282 600 1477 652 interlectoribus
1491 606 1648 653 consecutam
1660 615 1714 652 eam
1728 615 1784 654 esse

977 664 981 761 ί
1006 709 1044 755 est
1057 705 1196 769 verisimile,
1212 707 1288 757 immo
1297 721 1356 758 vero
1367 709 1443 771 niqnae
1457 707 1567 771 reliquia
1580 709 1690 772 corporis
1705 708 1784 771 ipsius

1006 810 1201 876 superfuissent,
1218 811 1313 863 ellossm
1330 817 1355 862 ct
1368 813 1453 863 electe
1465 812 1577 874 iniissent,
1602 819 1631 863 ut
1654 814 1726 864 atati
1743 814 1782 863 ln·

1006 916 1088 966 cincre
1104 916 1178 967 ceteri
1193 917 1218 967 in
1233 920 1359 979 posternrn
1371 917 1554 968 deterrerentur
1565 919 1592 968 et
1601 922 1781 970 averterentur.

1004 1022 1053 1073 Sed
1068 1021 1100 1073 de
1113 1023 1152 1073 bis
1168 1022 1300 1085 unicuique
1317 1022 1422 1074 liberum
1435 1024 1467 1074 sit
1484 1024 1611 1074 iudicium.

1035 1120 1093 1169 ΧΗ.
1107 1121 1192 1170 Tatius
1205 1133 1264 1170 vero
1277 1124 1302 1170 et
1315 1120 1396 1170 Sabini
1408 1120 1568 1171 arcernuuita
1575 1121 1660 1185 potiti,
1671 1126 1696 1173 et
1706 1123 1784 1177 maxi·

1004 1228 1046 1264 mo
1057 1218 1223 1269 Romanomm
1234 1222 1353 1281 apparatu
1365 1218 1417 1268 sinc
1430 1217 1480 1267 villo
1493 1217 1576 1269 labore
1595 1221 1675 1282 capto,
1690 1219 1739 1268 iam
1757 1219 1782 1269 iu

1005 1317 1060 1365 tuto
1074 1312 1165 1365 bellum
1186 1314 1324 1367 trabebant.
1359 1314 1444 1367 ltulln
1460 1316 1535 1380 igitur
1558 1316 1590 1366 ob
1615 1317 1695 1367 varias
1707 1331 1780 1368 occa·

1005 1411 1095 1470 siones,
1106 1411 1195 1463 castris
1206 1413 1274 1462 brevi
1286 1414 1365 1478 spatio
1375 1413 1440 1464 inter
1448 1428 1476 1464 se
1487 1413 1645 1475 distantibus,
1660 1415 1782 1466 velitatio-

1003 1520 1047 1558 ues
1070 1511 1096 1558 et
1116 1508 1202 1572 proelia
1226 1509 1290 1559 levia
1309 1509 1411 1573 qvedcrrli
1434 1509 1539 1560 faciendi
1560 1511 1639 1575 gratia
1657 1511 1721 1562 inter
1739 1525 1782 1563 eos

1004 1607 1109 1670 suebant,
1121 1623 1227 1672 quourm
1240 1614 1344 1661 eventui
1353 1610 1449 1661 uentris
1461 1625 1548 1676 inagna
1558 1625 1638 1676 neque
1652 1613 1782 1665 commoda

1003 1720 1083 1771 ασηυο
1106 1708 1260 1759 incommoda
1280 1708 1428 1759 asserebant.
1462 1708 1510 1759 sed
1533 1709 1572 1761 bis
1599 1711 1624 1759 in
1646 1711 1699 1762 acia
1721 1710 1781 1761 totis

1003 1805 1097 1855 viribus
1123 1806 1241 1858 acerrime
1270 1811 1404 1870 pugnatum
1427 1810 1478 1868 est,
1491 1812 1516 1857 et
1541 1821 1629 1872 mngna
1657 1808 1780 1871 utrimque

1001 1901 1084 1952 wdes
1100 1903 1172 1954 lacta.
1208 1903 1351 1953 (tamenim
1368 1906 1464 1965 tempus
1480 1904 1693 1954 trahereturidem
1707 1905 1780 1954 utris·

1001 2012 1050 2062 que
1083 1999 1187 2062 placuit,
1212 2001 1271 2050 totis
1297 1998 1391 2048 viribus
1412 1999 1444 2048 de
1465 2012 1561 2048 summa
1589 2014 1672 2050 rerum
1695 2002 1777 2062 praetio

1001 2099 1141 2161 decernere,
1157 2099 1326 2164 progressique
1335 2099 1360 2148 in
1371 2098 1479 2148 mediam
1489 2103 1629 2148 castrorum
1642 2100 1779 2163 planitiem,

1000 2200 1027 2247 et
1040 2198 1116 2248 duces
1130 2197 1203 2247 rebus
1222 2196 1316 2247 bellicis
1328 2197 1525 2260 praestantissimi
1546 2199 1572 2247 et
1587 2196 1678 2247 milites
1694 2198 1780 2248 multis

1000 2297 1176 2349 certaminibus
1187 2298 1325 2358 exercitati,
1339 2297 1456 2361 praeclara
1466 2296 1575 2347 facinora
1597 2296 1736 2357 ediderant,
1752 2313 1780 2350 se

999 2399 1087 2446 rnntuo
1108 2396 1246 2446 adorientes
1264 2398 1291 2445 et
1308 2392 1471 2444 adorienlinm
1486 2395 1605 2458 impetum
1628 2395 1779 2459 excipientes

1000 2499 1025 2545 et
1039 2495 1153 2559 prelium
1176 2507 1249 2557 equo
1271 2496 1351 2544 marte
1370 2491 1573 2555 redintegrantes.
1606 2493 1656 2551 Qui
1677 2495 1777 2545 veroin

999 2592 1175 2643 munitionibus
1208 2595 1278 2642 erant
1304 2594 1455 2656 spectatores
1488 2591 1551 2654 eqni
1579 2592 1721 2641 certaminis
1753 2595 1779 2643 ct

999 2704 1065 2739 nnnc
1078 2689 1128 2739 huc.
1143 2704 1208 2740 nunc
1222 2689 1281 2739 illuc
1302 2689 1444 2740 inclirrantis
1459 2688 1579 2749 victoria,
1599 2688 1652 2738 suis
1665 2702 1718 2739 reru
1730 2691 1776 2740 lor·

998 2788 1056 2838 titer
1079 2786 1222 2849 gerentibus
1247 2785 1416 2838 adhortatione
1434 2790 1459 2837 et
1484 2786 1658 2837 acclamatione
1683 2787 1779 2838 animos

999 2886 1030 2937 ad
1047 2885 1215 2936 fortitudinem
1229 2885 1362 2949 plurimum
1378 2883 1566 2936 accendebant:
1592 2884 1646 2934 illos
1663 2898 1721 2936 vero
1734 2885 1776 2947 qui

997 2983 1145 3034 laborabant
1162 2984 1188 3032 et
1201 2981 1233 3032 ab
1248 2981 1320 3032 bosia
1333 2982 1506 3044 premebantur
1520 2981 1634 3045 precibus
1644 2983 1669 3032 et
1678 2980 1777 3031 lletibus

998 3077 1163 3142 impediebant
1182 3091 1212 3127 ne
1228 3089 1328 3140 prorsus
1344 3076 1464 3140 ignaviter
1484 3091 1511 3127 se
1530 3082 1648 3142 gererent.
1681 3078 1778 3136 Quibus

999 3176 1111 3239 unisque
1130 3174 1204 3225 rebus
1225 3174 1375 3239 cogebantur
1392 3175 1432 3224 vel
1450 3189 1525 3237 snpra
1540 3175 1605 3226 vires
1625 3176 1721 3240 quevis
1737 3190 1779 3240 pe·

997 3270 1076 3322 ricula
1098 3272 1229 3321 sustinere.
1272 3270 1334 3321 Cum
1358 3269 1432 3332 igitur
1455 3284 1498 3333 per
1517 3275 1598 3320 totum
1621 3270 1691 3322 illum
1711 3271 1775 3322 diem

997 3382 1069 3432 equo
1083 3371 1163 3419 marte
1183 3370 1346 3431 pugnassent,
1370 3366 1420 3416 iarn
1441 3367 1550 3418 tenebris
1567 3368 1659 3418 coortis
1673 3370 1773 3431 utrique

998 3466 1049 3516 inti
1063 3468 1088 3515 in
1108 3481 1152 3516 sua
1174 3471 1255 3516 castra
1266 3479 1293 3516 se
1306 3469 1460 3527 receperunt.

1028 3566 1102 3615 llLll.
1117 3565 1303 3628 insequentibus
1316 3577 1374 3613 vcro
1388 3563 1476 3614 diebus
1490 3565 1593 3629 sepultis
1603 3565 1772 3623 cadaveribus,

997 3653 1136 3717 sanciisque
1150 3653 1255 3713 curatis,
1270 3657 1295 3702 ct
1313 3653 1367 3702 aliis
1380 3653 1456 3716 copiis
1477 3653 1578 3716 paratis,
1595 3667 1652 3703 curn
1662 3655 1774 3719 utrisque

998 3756 1077 3792 visum
1099 3747 1164 3792 esset
1189 3742 1295 3792 alterurn
1315 3741 1426 3805 prmlium
1454 3742 1622 3799 committere.
1643 3741 1667 3791 in
1685 3742 1771 3792 codem

996 3845 1046 3895 quo
1071 3834 1128 3881 ante
1144 3829 1333 3892 lococongressi
1353 3830 1385 3880 ad
1409 3835 1505 3880 noctem
1521 3839 1600 3892 usqne
1623 3833 1770 3893 pugnarant,

996 3920 1059 3970 eun
1075 3920 1100 3968 iu
1114 3918 1160 3968 bac
1176 3931 1255 3980 pugna
1267 3921 1366 3969 Bassiani
1383 3919 1414 3968 ab
1430 3922 1536 3981 utroque
1557 3929 1634 3966 cornu
1646 3916 1771 3968 vincerent

995 4007 1096 4071 (dextra
1108 4007 1172 4056 enirn
1187 4011 1290 4068 preerat
1302 4008 1429 4065 Romulus,
1444 4009 1506 4058 lero
1517 4009 1627 4057 Lucumo
1639 4009 1766 4070 ntrusnnq

995 4095 1020 4145 in
1040 4094 1093 4144 acie
1113 4107 1171 4144 vero
1184 4095 1264 4143 media
1286 4108 1326 4144 res
1340 4098 1448 4147 nondum
1460 4095 1493 4147 ad
1504 4095 1636 4146 discrimen
1650 4095 1770 4160 perducta

994 4182 1770 4250 esset,virquidamnovninebicttnscurtius,magnacorporis

993 4270 1080 4322 robore
1097 4271 1215 4333 preditus
1229 4274 1254 4321 et
1263 4285 1338 4321 manu
1352 4278 1482 4337 strenuus,
1498 4275 1621 4339 precipue
1633 4289 1691 4326 rero
1704 4275 1770 4326 oete·

993 4358 1053 4417 bris,
1066 4358 1133 4422 quod
1145 4357 1238 4408 unllurn
1249 4359 1383 4420 periculum
1393 4364 1437 4410 aut
1449 4365 1545 4412 mctum
1557 4363 1708 4420 formidaret,
1721 4363 1770 4411 im-

994 4447 1087 4510 pedivit
1098 4460 1149 4509 quo
1161 4446 1243 4495 minus
1253 4447 1335 4496 Sabini
1347 4448 1443 4511 penitus
1455 4451 1619 4511 vincerentur,
1636 4455 1661 4501 et
1677 4449 1771 4512 reliqua

992 4534 1117 4596 copiarum
1128 4535 1196 4596 prante
1202 4533 1314 4582 hostibus
1321 4535 1457 4586 victoribus
1467 4539 1580 4599 opposita
1589 4536 1702 4600 proeliurn
1712 4535 1769 4584 red·

991 4622 1130 4685 integravit.
1166 4622 1211 4671 llic
1227 4624 1357 4684 praelectus
1376 4624 1456 4674 luerat
1474 4623 1561 4674 medias
1572 4623 1634 4672 acici
1647 4628 1672 4672 et
1685 4623 1769 4671 hostes

993 4711 1040 4762 sibi
1055 4712 1181 4774 oppositos
1204 4712 1319 4763 vicerat:
1342 4714 1385 4763 sed
1407 4726 1464 4762 curu
1480 4713 1556 4763 vellet
1578 4717 1603 4762 et
1623 4712 1768 4762 Sabinorum

992 4812 1093 4859 cornua,
1113 4812 1169 4863 quaa
1184 4797 1326 4849 laborabant
1339 4804 1365 4850 et
1378 4800 1428 4849 iarn
1447 4800 1501 4849 loco
1513 4799 1672 4862 pellebantur,
1689 4799 1713 4848 in
1729 4798 1766 4848 iu·

991 4893 1088 4951 tagram
1102 4887 1239 4945 restituere,
1254 4901 1313 4936 suos
1325 4887 1469 4937 adhortatus
1481 4887 1673 4950 persequebatur
1682 4887 1767 4938 hostes

992 4977 1113 5042 lugiemes
1129 4977 1326 5042 dissipatosque,
1341 4988 1434 5039 eosque
1455 4975 1487 5024 ad
1508 4978 1591 5038 portas
1602 4990 1680 5039 usquc
1702 4977 1765 5038 egit,

990 5067 1025 5118 ita
1053 5070 1081 5118 nt
1108 5064 1227 5118 Romulus
1263 5065 1408 5129 cogeretur,
1444 5062 1528 5114 relicta
1560 5062 1663 5112 victorin
1692 5065 1763 5114 sorni·

991 5161 1060 5220 parta
1075 5169 1102 5207 se
1124 5157 1282 5217 convertere,
1297 5158 1322 5205 ct
1343 5154 1375 5205 ad
1394 5153 1503 5203 hostiurn
1528 5151 1653 5203 victricem
1669 5158 1763 5218 partem
