3772 5828
13 1291 28 1331 0

532 338 821 412 abstulitattulit
842 336 991 402 bollan.
1016 342 1089 404 LlB.
1113 346 1164 405 Xt.

53 481 150 548 σκευῆς
164 474 280 547 διεξῆλθε
293 473 371 552 λόγον
386 471 455 532 κατά
468 477 520 532 τῶν
531 472 775 550 δημοτικῶν,πάνθ’
783 472 833 533 ὅσα

54 566 125 634 ἔδοξε
147 563 254 625 πώποτε
276 561 382 621 ἐναντία
398 565 452 628 τοῖς
475 564 565 629 καλοῖς
586 560 632 621 καί
647 560 766 642 πατρίοις
780 565 834 622 ἔθι-

56 662 132 731 σμοῖς
148 649 377 729 ὑπομιμνήσκων,
396 642 426 708 οὗ
443 650 584 731 κεράλαιον
600 640 650 722 ἦν,
670 651 706 717 είς
722 651 736 708 θ
754 649 834 710 κατί-

57 764 176 816 σκηπτεν
199 746 216 813 ἡ
241 739 353 818 γνώμη,
376 738 508 816 μηδεμίαν
535 738 736 818 δποδιδόναιτῇ
752 739 834 818 βουλῇ

57 829 195 908 διάγνωσιν
209 829 275 909 θπθρ
292 833 337 888 τοῦ
353 828 435 903 νόμου
448 824 508 894 τοὺς
522 827 655 898 θπάτους,
672 824 734 904 μήτ’
754 828 781 886 δν
796 829 835 905 τῷ

56 919 166 999 παρόντι
181 918 268 1000 χρόνῳ
288 916 356 994 μήτε
371 916 494 995 ὕστερον,
510 918 545 981 ώς
568 915 613 975 tart
628 915 774 975 καταλύσει
787 919 835 987 τῆς

57 1006 260 1088 ἀριστοκρατίας
278 1003 473 1088 είαρερομίνου,
498 1004 544 1063 καί
565 1013 674 1084 συγχεῖν
697 1005 836 1082 μέλλοντος

57 1095 164 1155 ἅπαντα
188 1096 233 1154 τδν
258 1094 357 1170 κόσμον
372 1097 419 1170 τῆς
441 1090 585 1159 πολιτείας.
631 1095 652 1152 Γ
653 1090 780 1169 ενομίνου
807 1089 835 1151 δί

56 1185 122 1265 πρὸς
144 1184 191 1256 ritu
216 1183 324 1263 γνώμην
347 1181 385 1241 ίτι
410 1180 529 1247 πλείονος
555 1179 683 1268 θορύθου,
711 1178 836 1261 τίταρτος

59 1272 196 1330 ἀνίσταται
220 1271 325 1344 κληθείς
340 1269 421 1336 Τίτος
438 1268 579 1345 Γενύκιος,
601 1269 712 1350 άδελρθς
725 1269 835 1344 θατίρου

58 1364 109 1419 τῶν
125 1361 245 1420 ὑπάτων·
258 1359 285 1427 θς
299 1359 377 1437 ὀλίγα
398 1359 546 1439 διαλεχθεὶς
561 1357 627 1437 θπίρ
644 1361 696 1417 τῶν
709 1355 837 1437 κατεχόν·

57 1473 109 1508 των
128 1454 226 1531 καιρῶν
238 1450 287 1521 τὴν
303 1449 394 1520 πόλιν,
407 1474 418 1499 ι
432 1443 498 1508 Ὅτι
509 1447 578 1506 δυεῖν
595 1444 698 1525 ἀνάγκη
710 1447 763 1504 τῶν
778 1468 836 1526 χα-

58 1539 245 1598 ιιλιπωτάτων
270 1538 377 1618 θάτερον
403 1538 470 1611 αὐτῇ
497 1541 657 1612 συμπεσεῖν,
684 1533 702 1606 ἢ
726 1532 769 1593 διδ
789 1534 837 1600 τδις

58 1655 71 1679 ιι
85 1626 223 1694 πολιτικθς
245 1626 332 1706 ἔριδας
355 1625 401 1685 καὶ
427 1624 577 1707 φιλοτιμίας
600 1624 698 1703 ίσχυρδι
722 1620 755 1681 εδ
782 1624 835 1680 τῶν

59 1743 72 1768 ιι
88 1720 188 1796 ἐχθρῶν
205 1720 315 1786 ποιῆσαι
330 1714 496 1795 πράγματα,
512 1712 529 1786 ἣ
551 1710 610 1780 τοθς
627 1710 720 1780 ἔξωθεν
737 1712 835 1792 ίπιρε-
851 1728 854 1734 ’

57 1832 69 1858 ι
86 1808 209 1880 ρομίνους
221 1805 391 1886 [πολέμους]
408 1804 603 1885 ἀποτρίψασθαι
626 1798 772 1881 βουλομένῃ
786 1822 836 1857 κα·

59 1920 71 1946 ιι
86 1898 139 1958 κῶς
155 1894 199 1952 τὸν
213 1896 305 1952 οἰκεῖον
319 1893 365 1952 καὶ
383 1891 518 1952 πολιτικὸν
533 1889 723 1958 διαλύσασθαι,
736 1887 835 1969 ἔρησε·

59 2009 71 2033 ιι
87 1984 155 2040 δυεῖν
180 1981 261 2040 όντων
285 1987 389 2058 κακῶν,
409 1973 447 2042 ῶν
468 1981 571 2061 ἀνάγκη
594 1981 702 2058 θάτερον
725 1975 837 2043 άκοντας

59 2098 72 2122 ιι
88 2074 237 2148 θπομεῖναι,
254 2076 329 2131 τοῦτο
343 2073 416 2151 αύτῷ
428 2071 514 2130 δοκεῖν
529 2061 595 2128 εἶναι
609 2065 833 2143 λυσιτελέστερον,

58 2186 71 2210 ι
85 2159 115 2217 τὸ
132 2165 304 2239 συγχωρῆσαι
325 2165 362 2239 τῷ
385 2162 462 2241 δήμῳ
474 2158 523 2232 τὴν
545 2155 642 2238 βουλὴν
657 2153 835 2234 παρασπᾶσαί

58 2274 70 2298 ιι
85 2271 110 2306 τι
131 2253 178 2307 τοῦ
196 2248 297 2325 κόσμου
320 2253 367 2321 τῆς
387 2248 498 2328 πατρίου
522 2245 657 2312 πολιτείας
678 2246 796 2323 μᾶλλον,
818 2240 835 2313 ἢ

58 2364 70 2389 ιι
87 2340 141 2403 τοῖς
166 2337 322 2418 άλλορύλοις
344 2361 373 2396 τε
401 2339 447 2397 καῖ
474 2336 611 2411 πολεμίοις
638 2331 834 2409 καταγίλαστον

58 2452 71 2478 ιι
86 2430 197 2497 ποιῆσαι
211 2425 260 2499 πλν
271 2426 360 2487 πόλιν.
375 2452 388 2480 ιι
429 2429 524 2487 Ταῦτα
536 2422 631 2495 εἰπών,
655 2421 703 2494 τὴν
722 2423 834 2484 barna-

58 2519 164 2573 σθεῖσαν
180 2514 232 2573 ὑπὸ
252 2518 304 2574 τῶν
320 2512 555 2594 παραγενηθίιτων
578 2517 603 2573 ἐν
619 2515 658 2590 τῷ
672 2511 733 2570 κατ’
750 2507 835 2567 οἰκίαν

10 2613 29 2649 ιδ
56 2601 185 2681 συνεδρίῳ
194 2603 304 2678 γνώμην
319 2602 465 2684 είσίρερεν,
477 2600 509 2673 ἢν
520 2598 680 2678 εἰσηγήσατο
694 2595 834 2670 Κλαύδιος,

10 3509 27 3547 tt

14 3972 27 4001 tl

10 4393 26 4429 ,b

10 4832 28 4870 »0

56 2688 148 2770 ὥσπερ
165 2690 238 2770 ἔρην·
254 2717 267 2743 ιι
277 2689 347 2749 Ἀντί
359 2694 412 2749 τῶν
433 2689 540 2749 ύιιάτων
552 2688 710 2768 χιλιάρχους
731 2688 835 2745 ἀποδει-

57 2807 70 2832 ιι
84 2783 190 2858 χθῆναι,
198 2786 268 2860 τρεῖς
283 2777 331 2856 μίν
344 2781 374 2838 ἐκ
387 2783 440 2838 τῶν
455 2781 615 2860 πατρικίων,
626 2776 695 2855 τρεῖς
710 2773 732 2833 δ’
744 2776 773 2833 ίκ
783 2777 835 2834 τῶν

56 2894 69 2918 ι
85 2869 251 2942 δημοτικῶν,
275 2865 393 2936 ἐξουσίαν
412 2867 519 2946 ἔχοντας
547 2865 694 2937 θπατικήν·
720 2863 783 2923 όταν
806 2861 833 2922 δδ

56 2978 69 3005 ιι
84 2958 193 3014 τελῶσιν
218 2945 289 3015 οὗτοι
303 2955 351 3027 rip
371 2956 457 3036 ἀρχὴν
480 2955 526 3015 καί
550 2953 653 3032 καθήκῃ
675 2952 734 3019 νίας
751 2950 835 3032 ἀρχάς

56 3069 68 3093 ιι
86 3043 306 3120 ἀποδείκνυσθαι,
326 3045 373 3117 τλν
399 3041 495 3125 βουλὴν
512 3043 558 3103 καί
581 3044 626 3102 τόν
650 3041 734 3117 δῆμον
761 3031 834 3107 αὖθις

56 3156 69 3181 ιι
84 3132 252 3199 συνελθόντας
267 3133 425 3210 διαγνῶναι,
440 3131 551 3211 πότερον
567 3130 680 3196 θπάτους
695 3127 713 3199 ἣ
728 3127 832 3208 χιλιάρ·

56 3245 68 3269 ιι
82 3241 144 3299 χους
161 3220 299 3300 βούλονται
316 3221 483 3303 παραλαόεῖν
498 3219 546 3293 τὴν
570 3216 666 3299 ἀρχήν.
706 3214 746 3278 ι’0
762 3241 788 3277 τι
806 3215 834 3276 dt

55 3335 67 3359 ι
84 3307 116 3366 δν
130 3310 215 3368 δίπασι
231 3308 291 3389 δόξῃ
314 3312 400 3389 ψῆφον
421 3309 593 3387 ἐπενόγκασι,
610 3310 687 3365 τοῦτο
702 3297 770 3365 εἶναι
787 3311 834 3365 κύ·

56 3424 67 3446 ιι
84 3420 149 3476 ριον.
190 3398 388 3457 Ἐπιτελεῖσθαι
400 3398 427 3456 δὲ
442 3397 473 3457 τὸ
484 3396 671 3476 προόούλενμα
687 3398 746 3455 καθ’
767 3393 832 3454 ἕκα·

56 3512 67 3535 ι
83 3507 144 3543 στον
159 3485 288 3544 ἐνιαυτόν.
307 3512 318 3535 ι

96 3573 168 3632 LXt.
188 3572 296 3643 Ταύτην
322 3571 528 3648 ἀποδειξαμένου
550 3571 600 3644 τὴν
623 3568 731 3647 γνώμην
756 3570 834 3629 Γενυ-

55 3661 124 3734 κίου,
143 3659 222 3726 πολὺς
237 3659 265 3728 ίξ
280 3659 404 3719 ἁπάντων
420 3661 524 3727 ἔπαινος
538 3659 649 3740 ίγίνετο·
668 3658 714 3719 καὶ
726 3660 750 3717 ot
766 3654 834 3735 μετδ

55 3755 151 3810 ἐκεῖνον
173 3748 341 3826 ἀνιστάμενοι
366 3754 459 3829 μικροῦ
480 3751 533 3809 δεῖν
550 3749 647 3815 πάντες
664 3752 747 3806 ταῦτα
773 3769 834 3806 συν·

55 3838 171 3919 εχώρουν
194 3839 324 3918 κράτιστα
347 3828 421 3899 εἶναι.
466 3839 599 3920 Γράρεται
625 3836 656 3908 δὴ
675 3834 832 3917 τδπροόού·

54 3930 141 4004 λευμα
165 3925 216 3985 ont
231 3930 284 3986 τῶν
308 3926 430 4001 ὑπάτων,
455 3929 501 3987 καί
527 3926 653 3993 λαόόντες
676 3925 741 3983 αύτδ
765 3924 833 4001 μετὰ

54 4019 154 4088 πολλῆς
165 4024 251 4097 χαρᾶς
263 4015 286 4074 ot
299 4015 449 4096 δήμαρχοι,
462 4017 593 4098 προῆλθον
611 4016 646 4081 είς
659 4012 707 4086 τλν
721 4013 831 4095 ἀγοράν.

54 4103 170 4168 Ἔπειτα
195 4104 355 4171 καλίσαντες
370 4103 401 4164 τθ
424 4107 522 4178 πλῆθος
543 4106 580 4174 είς
600 4104 649 4175 τὴν
673 4104 832 4178 ἐκκλησίαν,

54 4194 167 4262 πολλοὺς
189 4195 301 4254 διέθεντο
313 4197 360 4264 τῆς
384 4195 479 4272 βουλῆς
502 4193 639 4269 ἐπαίνους,
657 4192 702 4253 καί
726 4214 831 4274 παραγ·

54 4284 156 4365 γίλλειν
168 4285 217 4357 rip
233 4280 318 4365 ἀρχὴν
337 4281 456 4343 ίκίλευον
474 4293 526 4350 τοῖς
544 4282 661 4342 ίθίλουσι
681 4284 733 4340 τῶν
750 4285 834 4360 δημο-

54 4379 132 4434 τικῶν
150 4375 207 4452 ἅμα
220 4375 274 4442 τοῖς
288 4371 445 4454 πατρικίοις.
486 4373 566 4436 otro
580 4374 608 4436 di
627 4376 678 4457 δρα
697 4376 793 4457 κοῦρόν
809 4397 834 4433 τι

55 4466 165 4541 πρᾶγμά
191 4467 260 4523 ἐστιν
283 4461 409 4539 ἐπιθυμία
438 4461 500 4544 δίχα
523 4463 601 4542 λόγου
623 4464 762 4545 γινομάνη,
786 4461 832 4520 καί

55 4550 123 4630 ταχὺ
148 4554 311 4626 μεταπίπτοι
335 4550 380 4611 ἐπί
401 4550 499 4633 θάτερα
523 4551 607 4633 με’ρη,
625 4552 742 4631 μάλιστα
762 4552 790 4612 tl
814 4552 832 4623 ἡ

54 4641 106 4697 τῶν
128 4637 231 4717 όχλων,
246 4638 314 4699 ὥστε
338 4642 362 4699 ot
386 4640 447 4722 περί
466 4640 563 4707 παντὸς
588 4639 740 4718 ποιούμενοι
768 4639 833 4708 stne

55 4733 102 4797 τῆς
114 4729 198 4805 ἀρχῆς
210 4728 386 4802 persistata,
400 4731 447 4790 καί
462 4733 484 4790 εί
496 4731 534 4808 μὴ
549 4729 635 4801 δοθείη
649 4736 726 4790 τοῦτο
742 4731 831 4798 αὐτοῖς

56 4813 107 4874 θπδ
122 4817 173 4872 τῶν
192 4818 350 4893 πατρικίων,
372 4816 390 4889 ἢ
407 4818 610 4900 καταλείψαντας
630 4818 679 4891 τὴν
690 4818 779 4880 ’πόλιν
798 4822 834 4887 ώς

55 4903 200 4983 πρότερον,
215 4901 233 4973 ἢ
246 4902 289 4962 διδ
304 4908 356 4963 τῶν
373 4905 461 4966 όπλων
476 4907 541 4967 αότθ
554 4906 720 4989 ληψόμενοι,
739 4907 832 4981 ἐπειδὴ

54 4993 85 5053 τθ
99 4991 266 5073 συγχώρημα
285 4990 399 5067 dedeo,
414 4996 568 5068 άπίστησαν
592 4998 665 5065 εὐθὺς
678 5001 726 5069 τῆς
742 5001 832 5057 ἐπιθυ-

56 5082 119 5161 μίας
135 5085 181 5142 καῖ
197 5081 244 5149 τάς
258 5080 373 5148 σπουδδις
384 5083 427 5141 tet
442 5085 551 5164 θάτερον
567 5086 723 5162 μετίόαλον.
763 5088 833 5147 Πολ-

54 5175 108 5232 λῶν
128 5173 158 5252 γέ
172 5193 212 5232 τοι
234 5172 384 5251 δημοτικῶν
404 5173 640 5253 παραγγελλόντων
663 5175 711 5246 τὴν
728 5175 831 5254 χιλιαρ·

1606 358 1666 417 683

889 485 979 544 omnia,
995 499 1149 552 quacunque
1170 502 1277 551 unquam
1292 489 1418 553 praeclaris
1434 494 1460 541 et
1483 495 1569 556 patriis
1590 501 1668 547 mori-

889 580 937 631 bus
944 584 1066 635 contraria
1074 585 1236 646 existimarat,
1247 599 1444 638 commemorans
1456 608 1462 638 :
1472 591 1544 652 euJus
1552 594 1678 645 orationis·

889 687 972 747 caput,
980 684 1012 735 ad
1021 686 1086 748 quod
1095 687 1149 750 eius
1164 685 1280 737 tendebat
1289 688 1422 748 sententia,
1433 695 1496 751 erat,
1512 705 1543 742 no
1554 695 1669 745 consules

890 780 964 832 ullam
987 784 1082 834 senatui
1106 784 1240 847 rogationis
1255 785 1438 846 cognitionem,
1464 769 1544 851 neque
1567 791 1590 840 in
1605 805 1668 856 prse-

890 880 970 932 sentia
985 896 1017 932 ne
1038 883 1064 933 in
1089 887 1217 948 posterum
1233 883 1336 944 darent,
1368 885 1437 949 quod
1456 900 1486 937 ea
1512 889 1617 940 terretur
1645 892 1670 942 in

890 981 1037 1045 optimatum
1051 982 1193 1033 dominatus
1203 983 1367 1047 eversionem,
1378 989 1404 1036 et
1414 1000 1513 1038 omnem
1527 990 1669 1053 reipublicae

891 1081 1035 1145 praeturam
1058 1084 1214 1149 disciplinam
1232 1085 1406 1149 perturbatura
1417 1092 1492 1139 esset.
1529 1092 1609 1153 longe
1622 1104 1668 1139 au-

891 1180 942 1231 tem
953 1181 1047 1244 majore
1053 1181 1162 1231 tumultu
1174 1180 1207 1231 ob
1220 1180 1284 1231 bane
1296 1182 1441 1233 sententiam
1459 1187 1554 1245 secuto,
1563 1190 1669 1249 quartus

891 1279 920 1327 T.
936 1279 1070 1340 Genucius,
1104 1279 1206 1329 alterius
1223 1277 1333 1329 consutis
1349 1279 1426 1330 trater
1445 1279 1489 1344 qui
1511 1296 1590 1345 pauca
1601 1283 1670 1334 locu-

891 1374 932 1423 tus
950 1372 981 1422 de
997 1373 1159 1439 temporibus.
1185 1374 1210 1424 in
1228 1388 1286 1438 quaa
1305 1376 1424 1427 inciderat
1442 1378 1591 1441 respublica,
1607 1374 1670 1431 dixit

891 1484 992 1523 necesse
1004 1485 1069 1531 esse,
1084 1474 1209 1525 eduobus
1219 1475 1372 1539 gravissimis
1393 1478 1466 1528 malis
1482 1480 1590 1530 alterum
1612 1480 1670 1531 huie

891 1568 1012 1619 evenire:
1033 1570 1073 1620 ret
1088 1573 1115 1619 ut
1135 1570 1167 1620 ob
1183 1569 1268 1621 civiles
1290 1575 1461 1625 contentiones
1480 1577 1505 1626 et
1525 1576 1671 1628 arnbitiosas

890 1666 1061 1718 altercationes
1078 1680 1117 1716 res
1132 1668 1241 1718 bostium
1254 1669 1441 1732 corroboraret3
1455 1672 1504 1733 ret,
1516 1671 1537 1720 si
1552 1677 1671 1724 externo·

891 1776 946 1814 rum
957 1763 1065 1813 bostium
1079 1763 1197 1826 impetum
1209 1767 1351 1829 propulsare
1362 1768 1451 1827 vellet,
1469 1767 1533 1819 male
1549 1769 1669 1822 domesti-

891 1864 948 1900 cum
972 1855 998 1902 et
1016 1852 1087 1902 civile
1111 1852 1202 1903 bellum
1223 1861 1388 1918 componeret.
1422 1860 1504 1915 Quum
1523 1861 1605 1909 autem
1620 1862 1671 1912 ‹luo

892 1947 974 1994 assent
987 1944 1061 2004 mala,
1075 1958 1180 2007 quorum
1194 1947 1299 1996 alterum
1319 1961 1420 2000 neccsse
1430 1953 1495 2001 esset
1510 1950 1566 2001 illos
1580 1951 1671 2004 invitos

892 2033 944 2099 pati
954 2033 1032 2096 dixit,
1047 2033 1124 2085 rideri
1141 2035 1187 2085 sibi
1208 2035 1256 2087 hoo
1277 2042 1356 2103 magis
1373 2040 1496 2104 expedire,
1513 2041 1628 2093 nimirum
1642 2048 1671 2094 ut

892 2130 992 2177 senaim
1003 2126 1101 2192 plebem
1111 2128 1192 2190 potius
1204 2128 1294 2180 sineret
1303 2131 1435 2194 aliquidde
1447 2134 1522 2184 aritae
1530 2134 1671 2199 reipublicae

891 2217 980 2270 decore
1002 2219 1142 2279 detrahere,
1161 2236 1236 2286 quam
1268 2224 1451 2286 committeret,
1475 2230 1503 2275 ut
1532 2227 1671 2293 respublica

891 2312 1032 2377 alienigenis
1045 2317 1071 2364 et
1085 2312 1200 2364 hostibus
1218 2318 1286 2366 esset
1309 2317 1425 2369 ludibrio.
1459 2319 1504 2370 His
1519 2320 1602 2383 dictis,
1616 2337 1671 2375 sen·

890 2404 992 2454 mutiam
1015 2405 1203 2468 comprobatam
1221 2406 1253 2456 ab
1273 2408 1313 2467 iis,
1328 2408 1371 2471 qui
1386 2408 1412 2458 iu
1434 2409 1530 2474 privato
1549 2426 1670 2465 consensu

892 2497 1060 2557 interfuerant,
1076 2497 1101 2547 in
1115 2497 1223 2548 medium
1244 2500 1354 2562 protulit,
1371 2500 1442 2564 cujus
1456 2503 1495 2561 (ut
1507 2502 1569 2563 dixi)
1581 2511 1669 2556 arrctor

891 2589 970 2639 iuerat
986 2588 1133 2639 claudius:
1161 2594 1189 2639 ut
1209 2592 1319 2652 scilicet,
1342 2605 1387 2656 pm
1408 2593 1552 2645 consulibus
1577 2596 1670 2649 tribuni

890 2682 997 2733 militum
1011 2686 1064 2732 tres
1077 2696 1105 2733 er
1116 2683 1235 2747 patriciis,
1257 2687 1282 2734 et
1294 2687 1346 2734 tres
1362 2697 1393 2735 ex
1413 2685 1530 2750 plebeiis,
1545 2690 1670 2740 consulari

890 2777 1014 2840 potestate
1024 2774 1120 2838 proeditl
1144 2779 1288 2826 crearentur
1302 2778 1359 2840 :qui
1373 2776 1416 2827 ubi
1429 2779 1470 2829 sui
1491 2779 1589 2844 imperii
1603 2786 1669 2833 tem·

890 2877 938 2930 pua
949 2865 1096 2928 exegissent,
1107 2867 1132 2915 et
1140 2867 1199 2916 nori
1207 2867 1367 2931 magistratus
1380 2870 1478 2920 creandi
1493 2875 1585 2930 essent,
1597 2886 1670 2924 scua-

890 2958 932 3007 tus
965 2954 1119 3018 populusque
1144 2957 1268 3005 Romanus
1291 2956 1382 3008 iterum
1405 2960 1484 3010 curacii
1503 2961 1669 3025 dispicerent,

889 3051 975 3098 utrum
989 3046 1112 3106 eonsules,
1127 3061 1159 3096 an
1181 3047 1295 3099 tribunos
1309 3049 1425 3111 militum,
1445 3052 1574 3114 importum
1586 3068 1670 3117 gerere

890 3139 990 3202 vellent,
1006 3142 1031 3190 et
1040 3138 1108 3204 quod
1122 3138 1236 3189 omnibus
1249 3141 1368 3204 postlata
1385 3142 1505 3208 sutfragia
1517 3144 1599 3196 risum
1609 3147 1668 3197 tuis-

890 3235 937 3293 set,
950 3232 976 3282 id
986 3235 1068 3284 ratum
1078 3235 1151 3282 esset.
1165 3233 1231 3285 Fieri
1245 3237 1330 3284 autem
1344 3216 1587 3288 senatusconsultum
1605 3253 1670 3303 quo-

889 3323 980 3374 tannis.

921 3579 983 3627 txl.
996 3579 1064 3628 Hane
1081 3578 1230 3628 sententiam
1245 3580 1381 3630 aGenucio
1394 3580 1488 3631 dicum
1503 3595 1590 3632 omnes
1599 3597 1667 3633 sum-

890 3670 1060 3745 mistaudibus
1080 3671 1167 3723 altene
1187 3678 1336 3737 eruperunt:
1355 3675 1435 3739 etqui
1456 3680 1511 3741 post
1528 3677 1598 3728 illum
1611 3692 1668 3729 sur·

890 3771 1006 3820 rexerunt
1023 3769 1073 3820 tere
1096 3781 1181 3819 omnes
1204 3769 1260 3819 brec
1283 3771 1377 3833 optima
1400 3785 1456 3823 esse
1477 3777 1535 3824 sunt
1551 3776 1666 3828 contessi.

889 3869 976 3931 ltaque
1009 3865 1289 3917 senatusconsulturna
1317 3867 1462 3919 oonsulibus
1495 3870 1588 3922 tactum
1615 3880 1667 3931 est;

888 3977 967 4029 eoque
995 3966 1115 4030 accepto,
1133 3963 1226 4015 tribuni
1245 3963 1325 4028 plebis
1343 3979 1400 4015 eum
1420 3965 1512 4032 ingenti
1530 3970 1615 4022 latitia
1642 3973 1669 4023 in

889 4064 969 4114 torum
984 4062 1136 4128 prodierunt.
1182 4061 1286 4123 Deinde,
1310 4062 1381 4127 plebe
1396 4063 1428 4115 ad
1448 4067 1591 4119 concionem
1610 4084 1669 4121 con.

888 4165 990 4222 romta,
1003 4160 1087 4212 multis
1097 4159 1211 4211 laudibus
1227 4163 1341 4211 senatum
1358 4165 1415 4211 sunt
1427 4165 1563 4227 prosecuti,
1577 4169 1603 4217 et
1612 4167 1668 4232 jus-

888 4263 975 4312 serunt
988 4272 1073 4309 omnes
1087 4258 1210 4321 plebeios,
1226 4259 1270 4322 qui
1287 4258 1388 4319 vellent,
1407 4273 1466 4312 cum
1490 4264 1600 4327 patriciis
1613 4279 1666 4316 ma·

887 4361 1017 4425 gistratum
1027 4361 1119 4422 potere.
1136 4356 1265 4421 Cupiditas
1275 4362 1358 4408 autem
1370 4359 1422 4410 sine
1430 4360 1524 4412 ratione
1536 4366 1668 4428 tprrmcipuo

887 4463 947 4502 vero
963 4448 1058 4509 turbor)
1075 4461 1115 4497 res
1134 4449 1172 4497 est
1188 4447 1370 4507 montenses
1387 4464 1444 4513 quaa
1455 4453 1583 4504 contestim
1598 4454 1623 4503 in
1633 4458 1668 4505 al·

889 4548 968 4595 teram
981 4545 1077 4608 partem
1091 4540 1201 4603 inclinat,
1221 4545 1249 4591 nt
1262 4543 1287 4602 ii,
1301 4542 1422 4604 quiantea
1432 4547 1529 4595 omnino
1542 4551 1567 4596 et
1580 4549 1667 4610 rprrnris

888 4633 1026 4686 rationeart
1040 4632 1211 4697 magistratum
1237 4632 1336 4682 admitti
1355 4632 1483 4695 volebant,
1496 4641 1519 4686 el
1531 4638 1572 4698 qui
1588 4638 1634 4686 nisi
1652 4654 1666 4687 a

891 4726 1001 4791 patriciis
1026 4727 1073 4776 hoo
1096 4725 1285 4789 impetrassent,
1308 4727 1352 4773 aut
1374 4726 1462 4775 urbem
1483 4726 1618 4784 deserturi,
1639 4733 1667 4777 ut

888 4822 953 4883 ante,
965 4821 1009 4869 aut
1022 4818 1097 4869 armis
1105 4831 1160 4868 eum
1170 4815 1316 4879 occupaturi
1329 4821 1406 4883 erant,
1414 4832 1504 4882 quum,
1518 4819 1583 4881 quod
1595 4823 1664 4882 pete·

888 4908 956 4968 bant,
968 4908 1015 4971 ipsi
1034 4919 1180 4957 eoncessum
1202 4905 1298 4968 inisset,
1314 4908 1432 4958 continuo
1444 4923 1459 4958 a
1473 4921 1518 4958 sua
1532 4908 1667 4973 cupiditate
1738 4973 1740 4977 ¹

887 5001 1043 5061 recesserint,
1058 5004 1083 5050 et
1093 4999 1174 5050 studia
1188 5012 1233 5049 sua
1243 4998 1267 5049 in
1281 4999 1386 5050 alteram
1402 5003 1497 5065 partem
1510 5001 1665 5062 contulerint,

888 5095 971 5152 Quum
982 5092 1059 5156 igitur
1070 5090 1142 5142 multi
1152 5088 1239 5155 plebeii
1257 5089 1409 5141 tribunatum
1425 5090 1533 5143 militum
1544 5096 1665 5156 peterent,

889 5184 915 5234 et
928 5195 1015 5247 magno
1030 5182 1112 5233 studio
1127 5194 1213 5247 preces
1233 5178 1387 5241 adhiberent,
1405 5179 1441 5232 illi
1456 5180 1552 5232 nattum
1561 5181 1610 5233 hoe
1619 5182 1666 5233 bo-
