3772 5828
614 397 906 472 AnttQtltrATtlbt
928 401 1076 466 ROMAN.
1100 409 1170 469 LIB.
1195 412 1231 470 V.

122 549 137 584 ε
159 527 313 606 παρελθεῖν,
336 527 421 588 maiar
436 532 536 587 παῦσαι
551 528 596 587 καί
619 530 717 589 οίνιλιῖν
733 531 800 590 αὐτὰ
814 530 891 589 δόνα·

124 640 137 666 ιι
162 637 205 687 μιν
226 613 317 693 ίσχον·
343 613 370 682 ίξ
401 606 439 676 ὧν
458 617 493 683 τίς
519 615 630 696 σίσχρίις
659 617 704 676 καί
735 619 892 688 ἀνηκέστους

124 723 139 759 u
159 702 362 780 ἠναγκάσθησαν
376 703 510 780 προελθιῖν
524 703 668 784 συμφοράς.
712 703 844 764 Ἐοικίναι
863 729 892 765 τε

123 810 139 849 (ι
158 797 211 854 τοῖς
224 787 283 847 καθ’
294 786 340 847 ίνα
349 787 379 848 τδ
390 789 473 849 κοινὸν
489 788 554 871 ίφη,
569 793 642 871 ψυχῇ
656 789 705 869 μὲν
718 791 809 870 ἀνδρὸς
832 794 893 852 ιἰνό·

123 898 138 932 α
161 878 238 954 λογον
259 875 370 954 ἐχούσης
383 899 409 934 τι
431 879 479 950 τῆς
494 881 604 957 βουλῆς,
622 877 726 956 σώματι
741 878 769 938 θί
782 883 827 937 τοῦ
843 878 892 952 δή·

124 986 138 1018 ιι
161 986 222 1040 μου.
265 963 329 1023 ’htv
343 963 390 1040 μίν
403 956 447 1025 οὗν
463 968 510 1036 τῆς
529 968 623 1046 βουλῆς
637 966 681 1026 τδν
694 967 793 1049 ἄφρονα
808 968 891 1045 δῆμον

123 1073 138 1107 ιι
162 1050 253 1130 ἄρχειν
273 1053 367 1123 ίῶσιν,
392 1054 471 1130 ὅμοια
496 1054 631 1113 πείσεσθαι
657 1053 749 1122 αὐτοὺς
771 1053 821 1136 ίφη
839 1066 892 1123 τοῖς

126 1159 141 1196 ιι
162 1137 333 1198 ὑποτάττουσι
347 1138 394 1210 τὴν
415 1139 502 1222 ψυχὴν
525 1144 563 1222 τῷ
586 1141 690 1217 σώματι
704 1140 749 1200 καί
763 1140 800 1218 μὴ
823 1142 891 1202 κατθ

125 1245 140 1280 ιι
159 1224 202 1285 τθν
226 1226 368 1304 λογισμόν,
388 1229 457 1289 ἀλλθ
471 1230 540 1289 κατὰ
563 1229 598 1291 sd
619 1229 692 1301 πάθη
713 1230 800 1299 ζῶσιν.
825 1228 891 1290 ’Etr

123 1335 137 1370 ιι
158 1313 182 1372 δ’
196 1314 323 1393 ἄρχεσθαί
335 1339 364 1374 τι
383 1316 428 1376 καί
441 1318 550 1397 όγισθαι
572 1316 616 1377 τδν
630 1318 713 1393 δῆμον
727 1316 890 1386 συνεθίζωσιν

121 1424 134 1459 ε
158 1401 272 1474 ὑπὸτῆς
297 1404 411 1481 βουλῆς,
436 1405 516 1465 ταίιτδ
537 1405 677 1476 ποιήσωσι
696 1407 750 1472 τοῖς
777 1405 891 1463 ίποτιίτ·

123 1495 277 1571 ιιτουσιιῇ
304 1494 376 1573 ψυχῇ
391 1491 422 1551 τὸ
445 1496 522 1569 σῶμα
542 1493 588 1553 καί
609 1492 673 1572 πρὸς
693 1492 724 1552 τὸ
743 1492 890 1572 βίλτιστον,

122 1577 227 1638 «ἀλλὰ
253 1579 292 1654 μὴ
317 1578 381 1659 πρδς
409 1579 440 1639 τθ
474 1580 581 1652 ἥδιστον
603 1579 663 1647 τοὺς
686 1578 759 1660 βίους
785 1581 888 1658 ἄγουσι.

121 1688 137 1722 ιι
161 1666 268 1738 litatem
291 1666 318 1725 δί
344 1667 463 1744 μιγόλην
483 1668 607 1746 οὐδεμίαν
627 1667 756 1748 ἀπέφαινε
783 1666 890 1745 cophri-

120 1775 134 1810 ε
158 1758 300 1834 σεσθαιτῇ
323 1755 414 1829 πόλει,
436 1754 481 1815 iio
503 1757 527 1816 ol
554 1756 661 1828 πίνητις
687 1758 891 1835 ἀγανακτοῦντες

123 1865 138 1901 ιι
159 1842 203 1902 ίπῖ
223 1846 262 1922 τῷ
280 1842 317 1919 μὴ
339 1843 543 1925 συγχωρηθῆναί
568 1867 642 1923 σφισι
662 1843 710 1915 τὴν
730 1842 889 1924 χρεοκοπίαν

123 1953 139 1992 (ι
162 1928 200 2009 μὴ
213 1929 355 2000 θελήσωσιν
369 1931 435 2012 θπίρ
448 1933 529 2005 αὐτῆς
537 1931 571 1990 τὰ
584 1932 656 1992 όπλα
665 1931 807 1991 ἀναλαῖιῖν
812 1974 821 2006 ,
835 1930 890 1991 θλί-

124 2041 220 2097 εγους
247 2016 318 2086 τινίις
342 2007 410 2079 ιίναι
437 2019 520 2098 λόγων
543 2020 696 2081 παντάπασι
723 2018 784 2088 τοὺς
808 2017 889 2098 μηδίν

122 2105 379 2179 αὑπολειπομίνους
404 2107 505 2176 ίαυτοῖς
525 2106 575 2177 ίξω
603 2112 649 2169 τοῦ
677 2106 815 2187 σώματος,
845 2105 889 2174 οθς

123 2215 137 2253 ιι
157 2195 216 2254 οὔτε
233 2194 361 2276 ὦφελειόν
375 2218 435 2256 τινα
451 2195 608 2276 παρίξισθαι
624 2201 662 2278 τῷ
684 2199 763 2278 κοινῷ
786 2201 888 2271 θαυμα-

120 2305 135 2342 ιι
155 2284 219 2355 erip
241 2283 320 2356 ὅσην,
337 2282 470 2364 παρόντας
485 2285 543 2352 ταῖς
557 2284 723 2365 στρατείαις,
738 2283 796 2345 οὗτε
821 2283 886 2365 βλιί·

119 2392 134 2429 ιι
155 2371 221 2445 όην,
248 2371 377 2438 οῖπόντοις·
409 2370 617 2449 ὑπομιμνήσκων
639 2370 746 2443 αὒτοίις,
772 2370 812 2430 ότι
840 2370 888 2442 τὴν

118 2480 134 2514 ιι
155 2460 270 2538 ἐσχάτην
286 2457 475 2535 όπελιῖμόοινον
496 2459 524 2516 ίν
545 2460 599 2526 τοῖς
617 2458 742 2536 πολίμοις
754 2456 846 2539 χώραν
862 2462 887 2518 ol

119 2568 133 2603 ιι
154 2546 185 2605 πθ
205 2547 341 2626 ίλιίχιστον
360 2544 464 2626 ίχοντις
486 2550 533 2605 τοῦ
560 2545 616 2626 βίον
634 2546 755 2623 τίμημα,
779 2545 826 2605 καί
846 2545 886 2606 ότι

57 2639 85 2676 ²⁸
119 2653 134 2690 ιι
154 2634 304 2714 προσθήκης
325 2641 417 2712 μοῖραν
439 2634 544 2715 ίπιῑχον
562 2627 634 2695 οὗτοι
649 2638 702 2702 τοῖς
725 2636 751 2693 ίν
769 2633 885 2716 φάλαγγι

114 2743 130 2777 ιι
153 2720 336 2801 τιταγμίνοις,
360 2721 548 2794 καταπλήξιιιις
576 2721 651 2781 ἕνεκα
669 2726 722 2781 τῶν
750 2723 885 2799 πολεμίων

116 2827 132 2866 α
154 2809 287 2883 συνόντες,
312 2801 354 2868 οἶα
381 2807 414 2881 δὴ
440 2808 522 2888 μηδὲν
543 2807 663 2891 φίροντις
679 2807 759 2868 ὅπλον
780 2806 821 2866 δτι
846 2809 883 2884 μὴ

112 2918 127 2955 ε
150 2896 304 2980 σφενδόνας,
328 2887 368 2957 όν
394 2898 533 2978 ίλόχιστον
560 2901 588 2957 ίν
610 2904 669 2965 ταῖς
695 2896 794 2977 μάχαις
816 2886 883 2956 ιίναι

56 3092 83 3133 eo
113 3008 129 3045 ⁸
148 2987 274 3138 ίιφλίλλίίίί.
296 3075 396 3144 (ιΤοιίς
408 3097 438 3135 τι
451 3074 586 3155 οίκτείρειν
599 3072 648 3148 τὴν
662 3074 754 3134 πενίαν
766 3077 819 3134 τῶν
833 3096 882 3134 πο-

115 3186 129 3223 t
148 3166 227 3225 λιτῶν
246 3163 382 3234 ἀξιοῦντας
399 3161 446 3222 καί
472 3167 576 3243 βοηθεῖν
590 3173 645 3231 τοῖς
670 3162 708 3241 μὴ
729 3163 881 3240 δυναμίνοις

115 3274 129 3310 ιι
150 3253 271 3311 διαλῦσαι
283 3251 317 3311 τὰ
326 3250 393 3332 χρία
404 3254 597 3332 παραινοῦντας
609 3250 658 3333 ίφη
673 3250 726 3310 διῖν
740 3249 878 3324 ίξιτιίζιιν,

111 3363 125 3396 ε
148 3341 174 3399 τί
199 3362 262 3400 ποτε
282 3339 313 3399 πθ
339 3338 483 3412 πεποιηκός
502 3329 535 3411 ἦν
556 3337 649 3407 αὐτόθι
668 3336 794 3418 ἀπόρους,
813 3336 879 3410 κθό·
940 3354 943 3359 ’

111 3449 126 3486 ιι
147 3452 206 3506 ρους
225 3451 253 3488 τι
267 3426 469 3508 περελαόόντας
482 3426 527 3495 οῖις
548 3429 573 3487 ol
595 3425 706 3506 πατίρες
720 3428 806 3485 αὐτῶν
828 3449 877 3485 κα·

51 3535 77 3573 οι
110 3516 249 3575 ιιτίλιπον
271 3517 317 3575 καί
340 3517 393 3576 ἀπὸ
417 3518 470 3575 τῶν
490 3519 635 3597 στρατιιῶν
659 3511 745 3573 πολλλ
773 3513 877 3593 ὦφελη·

111 3624 125 3659 ιι
146 3604 234 3669 θέντας
250 3603 294 3662 καί
308 3605 446 3663 τιλιυταῖα
464 3605 495 3663 ίκ
511 3608 558 3675 τῆς
573 3600 745 3680 δημευθείσης
758 3603 811 3659 τῶν
831 3624 876 3659 τυ·

111 3713 127 3749 ε
149 3691 249 3770 ράννων
271 3691 359 3760 οίαίας
381 3688 429 3764 τὴν
455 3690 634 3752 ίπιόαλοῦσαν
659 3697 752 3770 μοῖραν
776 3687 876 3748 λαθόν-

109 3801 125 3837 ε
146 3801 208 3846 τας·
224 3777 305 3838 ἔπειθ’
323 3777 367 3848 οθς
386 3777 434 3857 μίν
455 3777 487 3840 δν
500 3783 581 3860 δρῶσι
598 3782 632 3859 τῇ
648 3777 742 3857 γαστρί
760 3775 805 3836 καί
820 3784 877 3846 ταῖς

107 3889 123 3926 ιι
144 3867 294 3947 αἰσχίσταις
307 3866 431 3940 ίζηκότσς
444 3869 549 3943 ἡδοναῖς
564 3865 610 3927 καί
624 3865 667 3925 διὰ
677 3870 763 3925 ταῦτα
778 3865 876 3926 ίκπιπ-

48 3978 75 4015 ιο
107 3979 122 4014 ιι
139 3958 255 4026 τωκότας
266 3960 296 4018 ίκ
309 3962 361 4019 τῶν
371 3956 446 4038 βίων,
460 3956 585 4038 αίσχόνας
596 3958 642 4029 τῆς
654 3956 752 4021 πόλεως
762 3953 875 4031 νομίζειν

107 4065 120 4100 ιι
140 4045 186 4104 καὶ
202 4043 319 4124 βλόόας,
344 4043 391 4104 καί
412 4041 482 4124 μίγα
497 4048 536 4125 τῷ
549 4045 628 4123 κοινῷ
644 4041 731 4124 κίρδος
752 4044 872 4122 θπολαμ·

106 4154 120 4189 u
142 4130 247 4205 ὅιίνειν,
261 4130 306 4193 tin
326 4131 428 4201 ίκόντις
442 4134 473 4193 ίκ
492 4136 540 4205 τῆς
552 4130 653 4199 πόλεως
667 4133 872 4211 ἀποφθαρῶσιν·

105 4240 120 4276 ιι
141 4218 184 4286 οθς
213 4221 237 4279 δ’
259 4218 291 4278 δν
314 4217 489 4279 stetinensi
510 4218 553 4279 διδ
573 4219 688 4299 πονηρόν
704 4218 786 4298 τύχην
807 4220 872 4280 tna

105 4307 288 4378 «imitabere
311 4305 370 4377 τοὺς
393 4307 480 4388 βίους,
505 4311 536 4368 ίκ
558 4309 610 4367 τῶν
626 4307 699 4368 illua
714 4308 820 4377 τούτους
843 4300 872 4370 ιθ

46 4410 72 4447 te
105 4405 231 4458 ιιποιιῑν.
273 4391 384 4478 ΙἈριστα
411 4394 440 4456 δί
471 4399 548 4456 τοῦτο
579 4398 625 4456 καί
659 4394 797 4475 γινώσκειν
826 4395 872 4456 καί

105 4505 119 4538 ιι
139 4485 260 4557 ποιήσειν
294 4483 377 4566 ίφησι
397 4480 458 4553 rede
481 4483 701 4559 συμὸιόληκότας
714 4483 800 4552 αὐτοῖς
826 4485 872 4544 καί

101 4594 115 4627 ιι
141 4573 280 4652 βοηθήσειν
305 4573 392 4633 αότῶν
418 4581 478 4642 ταῖς
506 4572 599 4653 τόχαις
622 4571 714 4641 αὐτοὺς
742 4572 871 4648 ίκιίνους,

104 4682 119 4717 ιι
141 4663 187 4720 οὐκ
202 4661 412 4742 θναγκασθίντας
428 4661 472 4743 ὑφ’
482 4660 596 4741 ίτίρων,
617 4663 678 4722 ἀλλ’
692 4660 808 4736 ίκόντας,
826 4660 871 4722 ίνα

103 4769 118 4804 ιι
140 4749 258 4820 αὐτοῖςὴ
276 4749 354 4832 χιίρις
372 4749 431 4810 tart
453 4754 504 4811 τῶν
528 4748 674 4830 χρημάτων
697 4749 779 4809 καλδν
795 4748 870 4831 ὀφεί-

43 4852 70 4888 en
99 4859 115 4891 ιι
138 4837 213 4912 λημα
237 4858 270 4896 arr
288 4841 325 4918 ιῇ.
365 4836 464 4912 Καινὴν
490 4837 518 4896 il
556 4845 640 4898 ποιεῖν
672 4835 720 4908 τὴν
748 4836 869 4916 βοήθειαν

99 4947 114 4983 ιι
138 4925 253 5003 ἅπασιν,
262 4859 294 4997 {a
305 4923 332 4994 ίξ
345 4926 403 4987 ists
417 4924 567 5005 μιθίξουσιν
580 4926 605 4986 ol
616 4925 725 5006 πονηροί
737 4935 791 4992 τοῖς
803 4947 869 5006 χρη·

101 5035 117 5072 ιι
137 5014 283 5090 στοῖς,ιιαί
297 5013 336 5092 μὴ
357 5015 388 5074 ίκ
405 5019 459 5076 τῶν
473 5014 558 5086 ίδίων,
576 5014 635 5074 ttl’
649 5016 680 5075 ίκ
699 5017 751 5075 τῶν
771 5014 870 5073 όλλοπ·

104 5125 118 5158 ιι
140 5101 202 5182 ρίινν
216 5100 289 5170 τινδς
314 5088 344 5161 εδ
360 5111 460 5181 ποιεῖν,
475 5102 520 5163 καί
542 5093 579 5162 ὧν
592 5099 627 5162 τί
648 5103 775 5182 χρήματα
790 5103 869 5183 όφαι·

104 5213 119 5249 u
144 5194 259 5270 ροδνται,
274 5189 374 5259 τούτοις
396 5191 466 5266 lindi
485 5190 533 5260 et<
555 5189 622 5272 θπίρ
643 5193 696 5250 τῶν
715 5193 872 5272 εὐεργεσιῶν.

1657 427 1714 486 307

946 556 1011 605 raus,
1031 565 1043 589 ι
1069 560 1126 609 quse
1136 547 1310 614 intempestiva
1320 552 1434 615 lenitate,
1447 571 1521 621 quam
1535 572 1574 608 res
1596 560 1655 624 ipsse
1668 580 1716 617 nou

947 658 960 683 ιι
976 640 1142 703 requirebant,
1148 656 1279 707 pmrorum
1288 649 1425 700 studiorum
1434 654 1550 718 principia
1558 655 1717 716 admiserunt.

947 757 959 781 ι
977 752 1033 801 que
1053 743 1137 805 postea
1147 756 1225 806 neque
1238 745 1364 810 impedire,
1376 762 1455 813 neque
1466 752 1551 803 tollere
1563 758 1697 817 potuerunt
1711 776 1716 807 :

947 852 959 877 ι
976 835 1009 885 oh
1020 850 1075 900 qus
1088 838 1165 889 scedas
1174 844 1199 890 et
1208 842 1355 894 insanabiles
1367 844 1518 899 calamItates
1528 849 1611 901 subire
1625 857 1717 905 coactu

946 951 960 979 ιι
977 936 1043 986 sunt.
1076 939 1105 989 ut
1116 940 1288 1004 rempublicam
1298 942 1403 994 similem
1412 960 1467 997 esse
1476 946 1566 999 homini
1580 950 1717 1014 dicebatur

946 1050 959 1075 ι
976 1047 1026 1096 quo
1045 1035 1142 1086 animus
1153 1036 1472 1107 quodammodosenatum,
1489 1059 1579 1112 eorpus
1592 1063 1650 1100 roro
1668 1051 1717 1115 ple»

947 1129 1032 1179 aben
1054 1132 1137 1183 reiert.
1170 1135 1197 1184 Si
1218 1134 1293 1200 igitur
1315 1138 1439 1201 patiantur
1457 1141 1554 1207 plebem
1578 1144 1717 1199 dementem

946 1244 960 1271 ι
976 1226 1095 1291 imperare
1110 1231 1213 1292 senatui
1225 1232 1261 1283 ite
1269 1232 1324 1284 illos
1336 1235 1444 1286 moturos
1454 1238 1559 1301 dicebat,
1574 1244 1602 1292 ot
1610 1244 1654 1306 qui
1665 1243 1717 1294 ani·

946 1341 960 1368 e
975 1337 1044 1377 mum
1059 1329 1156 1392 mrpori
1173 1329 1319 1394 subjiciant,
1339 1337 1364 1384 et
1388 1350 1436 1385 non
1458 1350 1489 1388 ex
1512 1340 1614 1391 rationis
1635 1356 1715 1408 pres·

945 1439 958 1464 ι
975 1423 1063 1486 cripte,
1082 1424 1126 1475 sed
1147 1439 1193 1490 pro
1206 1441 1252 1478 sua
1272 1429 1373 1483 libidine
1385 1433 1476 1484 strant.
1509 1436 1579 1494 Quod
1596 1441 1714 1492 siaasue·

945 1536 958 1563 ι
973 1518 1074 1571 iecerint
1092 1521 1202 1586 plebem,
1216 1526 1245 1576 ut
1255 1525 1363 1590 patiatur
1373 1540 1428 1579 ses
1445 1535 1532 1580 senatu
1549 1534 1601 1595 regi
1617 1536 1644 1585 ct
1658 1534 1714 1586 duel

945 1631 958 1657 ι
975 1615 1009 1665 ite
1030 1618 1339 1684 tacturos‚utq1dantna
1355 1637 1445 1689 eorpus
1457 1626 1595 1691 subjicient,
1611 1631 1714 1696 viteque

946 1731 958 1756 ι
974 1711 999 1762 id
1010 1726 1086 1776 genus
1098 1719 1222 1768 sectentur
1234 1720 1300 1783 quod
1324 1721 1454 1786 optimum,
1471 1737 1519 1776 nou
1542 1730 1624 1779 autem
1648 1729 1713 1795 quod

944 1827 957 1853 ιι
974 1809 1177 1863 iocundissimum
1191 1813 1235 1866 sit.
1258 1817 1354 1868 ltullarn
1370 1822 1453 1871 sutem
1468 1835 1580 1886 magnam
1594 1826 1714 1881 iacturam

944 1924 957 1951 ι
973 1919 989 1956 ι
1001 1907 1126 1973 republica
1137 1908 1228 1961 iactum
1236 1909 1267 1963 lri
1278 1913 1465 1977 demonstrabit,
1477 1919 1498 1968 si
1509 1919 1602 1983 inopes,
1614 1924 1714 1978 moleste

944 2021 957 2047 ι
972 2002 1079 2057 terentes
1092 2006 1188 2059 tabulas
1201 2023 1278 2061 noras
1289 2010 1336 2062 sihi
1348 2012 1492 2079 denegaris,
1513 2018 1604 2068 nollent
1622 2036 1667 2086 pro
1684 2038 1713 2076 ea

944 2119 956 2144 ι
972 2113 1042 2152 arms
1063 2115 1168 2166 capere3
1181 2107 1279 2158 omniuo
1297 2121 1388 2173 ριιιοοο
1404 2113 1524 2175 quosdam
1538 2129 1592 2167 esse
1611 2117 1711 2182 οἰοοοι,

943 2214 956 2241 ιι
972 2197 1064 2262 quibus
1078 2205 1169 2264 preter
1180 2201 1261 2266 ipsum
1273 2217 1362 2269 corpus
1382 2207 1441 2259 nillil
1457 2210 1571 2263 relictum
1583 2219 1657 2276 emat,
1670 2218 1713 2280 qui

942 2312 955 2338 ι
972 2308 1052 2360 neque
1066 2296 1172 2361 aliquam
1192 2299 1323 2352 utilitatem
1336 2303 1478 2367 reipublice
1496 2308 1585 2359 attere
1603 2317 1711 2375 possem,

941 2408 954 2435 ι
971 2391 994 2441 ai
1013 2393 1209 2456 expeditionibus
1228 2398 1382 2460 interessent,
1405 2414 1484 2464 neque
1504 2403 1622 2456 damnum
1640 2421 1711 2473 mag-

940 2505 1030 2542 «uum
1048 2492 1116 2555 dara,
1134 2493 1156 2543 si
1177 2494 1299 2547 ιοοειοιιί.
1332 2500 1363 2548 st
1380 2497 1406 2548 iu
1422 2503 1565 2552 memoriam
1577 2506 1710 2567 revocarit,

940 2605 953 2631 ι
969 2587 1038 2652 quod
1056 2590 1098 2653 qul
1118 2591 1244 2642 minimum
1265 2605 1366 2644 censum
1380 2595 1497 2647 heberent
1513 2603 1664 2662 postremum
1684 2602 1711 2653 lu

940 2702 953 2729 ι
970 2684 1041 2736 bellis
1065 2687 1148 2738 locum
1166 2690 1256 2752 tenere,
1277 2693 1352 2754 atque
1373 2690 1567 2745 additamentum
1586 2696 1711 2760 quoddam

933 2801 952 2849 ,ι
969 2781 1090 2846 legionum
1102 2797 1165 2847 esse,
1182 2786 1353 2838 tautummodo
1369 2788 1400 2838 ad
1412 2791 1533 2842 terrorem
1545 2791 1659 2845 hostibus
1670 2792 1709 2844 lu·

937 2900 950 2925 ιι
968 2882 1120 2943 cutieudum,
1135 2885 1220 2947 utpote
1235 2884 1280 2948 qui
1290 2885 1357 2937 nulla
1368 2887 1415 2937 alia
1427 2901 1496 2938 arms
1508 2893 1631 2953 gestarent
1647 2904 1709 2957 pres·

936 2995 949 3021 ι
967 2980 1005 3027 tcr
1018 2977 1115 3039 tandm,
1130 2994 1234 3042 quarum
1251 2982 1346 3033 ususin
1365 2984 1456 3046 preliis
1467 2985 1594 3040 minimus.

965 3073 1074 3123 lallvlil.
1098 3093 1111 3118 ιι
1130 3073 1248 3128 lliisrero
1261 3078 1304 3140 qui
1317 3079 1408 3130 cirtnm
1424 3085 1593 3146 paupertatem
1608 3085 1706 3137 misera·

935 3187 948 3213 ι
963 3170 1028 3221 tione
1041 3171 1140 3235 diguam
1160 3175 1301 3238 censebant,
1322 3177 1413 3240 quique
1431 3177 1568 3229 suadebant
1587 3180 1707 3232 iuvandos

933 3284 947 3309 ι
963 3280 1006 3318 eos
1014 3270 1213 3334 assequimur
1224 3285 1260 3324 res
1272 3273 1379 3324 alienum
1389 3275 1522 3341 dissolvere
1536 3289 1584 3327 non
1598 3281 1705 3341 possem,

933 3383 946 3409 ι
963 3367 1164 3420 considerandum
1184 3369 1261 3432 dixit,
1277 3383 1390 3434 ηυωυαια
1411 3375 1478 3423 esset
1493 3385 1579 3423 eorum
1591 3373 1706 3437 egeststls

933 3480 946 3506 ι
963 3476 1058 3527 caussa
1075 3478 1132 3518 cum
1152 3466 1301 3519 hereditates
1310 3467 1357 3519 sibi
1370 3482 1386 3519 ι
1398 3469 1509 3534 patribus
1521 3470 1619 3521 relictas
1637 3482 1706 3522 scos·

932 3562 1069 3626 epissent,
1092 3568 1118 3614 et
1140 3574 1255 3627 maguum
1277 3566 1403 3628 quaestum
1424 3566 1450 3617 ln
1474 3566 1562 3618 militis
1576 3567 1703 3631 iecissent,

931 3678 945 3704 ι
961 3663 987 3710 et
1011 3663 1136 3723 postremo
1165 3663 1324 3725 tyreundmm
1353 3661 1424 3712 bonis
1447 3662 1578 3727 publicatis
1610 3668 1705 3727 perlem

931 3779 944 3804 ιι
961 3758 1052 3823 quique
1074 3772 1144 3810 suam
1168 3758 1315 3811 habuissent
1342 3780 1349 3812 ι
1377 3759 1483 3826 deinde,
1512 3776 1575 3825 qnos
1592 3761 1705 3815 riderent

931 3880 943 3906 ι
960 3861 1039 3912 ventri
1058 3863 1084 3912 et
1102 3860 1243 3913 fedissimis
1256 3862 1425 3927 voluptatibus
1437 3863 1571 3926 indulgere,
1592 3866 1618 3914 ct
1633 3875 1704 3929 prop

928 3979 942 4004 ιι
959 3963 1028 4011 terea
1048 3959 1193 4024 petrimourr
1212 3958 1373 4022 absumsisse,
1394 3961 1502 4013 dedecus
1521 3965 1547 4012 et
1567 3962 1702 4016 daumm-

928 4080 941 4107 ι
958 4058 1012 4108 tum
1021 4056 1163 4122 reipublice
1173 4057 1358 4118 sublimandos,
1367 4061 1393 4109 et
1403 4057 1579 4123 rempublicam
1587 4072 1702 4123 maguam

929 4172 942 4205 ιι
958 4159 1078 4212 mirram
1090 4164 1222 4224 questum,
1236 4160 1259 4212 sl
1269 4159 1336 4211 ultro
1346 4172 1374 4210 er
1388 4159 1452 4211 nrbe
1463 4160 1621 4223 excederent,
1638 4165 1664 4214 et
1676 4164 1702 4219 ln
1772 4140 1776 4146 ⁵

928 4273 941 4299 ι
955 4255 1046 4306 ndum
1060 4267 1113 4306 rem
1124 4253 1239 4316 abirent;
1258 4266 1321 4317 qnos
1332 4266 1393 4304 vero
1406 4258 1582 4319 cognoscerent
1595 4256 1701 4306 lorinus

928 4361 941 4386 ι
956 4342 1087 4408 iniquitate
1103 4343 1248 4408 patrimonia
1266 4343 1393 4404 amisisse,
1405 4344 1435 4394 lis
1452 4345 1484 4395 de
1504 4344 1576 4396 bouis
1599 4344 1700 4408 prlratls

927 4456 940 4482 ι
957 4434 1160 4488 benefaciendum
1179 4436 1286 4487 dicebat.
1319 4437 1417 4503 optime
1436 4437 1501 4488 euim
1525 4437 1572 4487 hoc
1594 4438 1656 4488 scire
1674 4441 1699 4488 et

926 4551 939 4577 ι
956 4531 1036 4583 lacere
1054 4543 1127 4596 poese
1146 4530 1244 4583 dicebat
1257 4543 1343 4582 eorum
1362 4530 1505 4592 creditores,
1520 4529 1613 4582 atilios
1632 4529 1699 4594 ipsos

926 4645 939 4672 ι
955 4639 1042 4678 eorum
1063 4625 1204 4676 infortuniis
1220 4638 1292 4690 opem
1314 4637 1368 4677 esso
1390 4625 1496 4687 laturos,
1521 4639 1568 4675 uon
1593 4624 1626 4675 ab
1644 4622 1698 4674 aliis

925 4740 939 4766 ι
955 4722 1068 4782 mestos,
1082 4716 1126 4771 sed
1138 4733 1184 4770 sua
1195 4719 1296 4785 sponte,
1309 4721 1337 4768 ut
1350 4731 1395 4782 pro
1408 4717 1512 4782 moenia
1526 4715 1619 4767 credita
1631 4706 1695 4780 prasii

925 4815 1021 4866 actara
1046 4814 1126 4880 metis
1146 4814 1206 4879 ipsis
1233 4813 1362 4864 referatur.
1395 4811 1515 4862 omnibus
1544 4822 1602 4858 vero
1622 4806 1696 4857 simul
1740 4856 1745 4864 ,

924 4921 1025 4974 «opem
1042 4909 1115 4971 terre,
1137 4907 1207 4958 cuius
1226 4905 1356 4971 participes
1368 4918 1477 4968 exequo
1499 4898 1602 4964 improbi
1622 4901 1696 4962 atque

924 5021 937 5048 ι
954 5001 1025 5069 probi
1036 5001 1113 5052 futuri
1133 5001 1191 5063 sint,
1206 5003 1232 5052 et
1246 5013 1295 5051 uon
1310 4999 1341 5049 de
1359 4998 1411 5048 suis
1422 4992 1577 5046 iaculhtihus
1588 5029 1594 5052 ,
1607 4990 1650 5042 sed
1664 4990 1696 5045 de

924 5127 938 5155 ι
953 5100 1039 5154 alienis
1055 5099 1172 5152 benefida
1194 5099 1219 5150 iu
1236 5098 1331 5162 aliquos
1346 5093 1466 5155 conterre,
1479 5095 1505 5145 et
1518 5089 1608 5157 quibus
1621 5104 1694 5158 pecu·

927 5214 940 5241 ι
956 5195 1003 5247 nite
1018 5194 1171 5254 nutarentur,
1185 5191 1225 5242 his
1244 5203 1277 5242 ue
1290 5189 1393 5254 gratim
1409 5187 1509 5252 quidem
1523 5200 1568 5250 pro
1583 5185 1695 5239 beneficii

1552 5296 1590 5342 20.
