3772 5828
584 343 881 417 dNTlQUlTATUM
902 344 1050 407 nouare.
1076 348 1147 409 tia.
1173 350 1221 409 Xl.

108 475 266 536 ἀποστεῖλαί
281 497 355 555 sprot
377 472 420 533 δεδι
438 473 541 553 ταχέων
554 478 589 542 ὡς
610 478 637 535 ῖν
650 476 733 556 τρίδιρ
746 480 791 534 τοῦ
806 476 884 536 πολέ·

109 589 161 641 μου
176 565 315 640 κειμένοις.
360 562 501 640 Ἰἰλέγοντο
516 562 543 622 dl
568 563 613 623 καί
634 567 777 645 Τυρρηνῶν
797 567 821 623 ol
835 587 886 623 κα-

109 654 231 729 λούμενοι
251 652 409 713 Οὐιεντανοὶ
423 652 670 732 παρασκευάζεσθαι
686 654 750 733 πρὸς
762 653 886 713 ἀπόστα-

109 767 167 815 σιν,
187 741 324 820 Ἀρδεάται
348 763 375 799 τε
393 741 480 799 αὐτῶν
504 740 591 800 οὐκέτι
611 731 680 813 ἦσαν
705 741 818 814 ύιιήκοοι
841 746 887 814 τῆς

111 831 257 913 άμοιλόγου
281 828 369 911 χώρας
395 827 475 907 ὀργὴν
500 827 618 910 ἔχοντες,
644 830 677 902 ἣν
702 835 716 890 ό
743 829 887 905 Ῥωμαίων

111 922 193 997 δῆμος
218 920 327 1000 αἱρεθεὶς
351 917 477 989 δικαστὴς
505 921 577 998 αύτῷ
596 919 786 998 προσεδίκασεν
806 922 834 978 ἐν
849 923 887 1000 τῷ

111 1009 267 1086 παρελθόντι
282 1009 403 1087 ἐνιαυτῷ.
447 1008 571 1078 Ταῦταὴ
588 1008 670 1086 βουλὴ
687 1014 819 1085 μαθοῦσα,
833 1011 888 1090 ψη-

112 1095 213 1176 φίζεται
239 1094 364 1176 στρατιάν
404 1095 583 1175 καταγράφειν
614 1097 660 1154 καὶ
685 1098 744 1164 τοὺς
775 1096 889 1163 ὑπάτους

113 1185 273 1264 ἀμφοτέρως
288 1183 388 1262 ἐξάγειν
407 1184 542 1261 δυνάμεις.
586 1182 777 1263 Ἀντέπραττον
793 1184 820 1243 δῖ
835 1191 889 1250 τοῖς

111 1277 264 1353 γνωσθεῖσιν
280 1274 333 1332 ὑπὸ
346 1276 399 1331 τῶν
421 1272 529 1332 ὑπάτων
543 1275 568 1332 οῖ
592 1273 636 1332 τὸν
657 1274 737 1349 νόμον
754 1273 889 1353 είορῖρον-

111 1384 154 1428 τες
170 1360 274 1443 [έχουσι
290 1362 318 1419 δὲ
333 1358 454 1429 ἐξουσίαν
478 1364 656 1421 ἐναντιοῦσθαι
682 1358 817 1441 δήμαρχοι
836 1361 889 1427 τοῖς

112 1451 239 1527 ὑπάτοιςί
256 1448 444 1529 ἀναιρούμενοί
455 1471 484 1507 τε
497 1445 557 1515 τοὺς
579 1449 724 1526 δγομίνους
743 1448 788 1506 ὑπ’
803 1451 889 1507 αὐτῶν

112 1538 155 1598 ἐπὶ
170 1539 214 1598 τὸν
230 1538 421 1617 στρατιωτικὸν
434 1535 526 1616 ὅρκον,
548 1536 594 1596 καῖ
612 1537 741 1617 τιμωρίαν
762 1536 888 1613 αδδεμίαν

112 1630 204 1694 ἐῶντες
216 1625 362 1702 λαμόάνειν
381 1624 455 1704 παρδι
469 1627 520 1683 τῶν
538 1626 724 1704 ἀπειθούντων.
754 1625 847 1686 Πολλὰ
863 1624 890 1683 δὲ

71 1739 83 1775 a
111 1720 158 1786 τῆς
182 1716 278 1793 βουλῆς
293 1711 416 1785 ἀξιούσης
439 1716 466 1773 έν
486 1713 533 1789 μὲν
549 1715 586 1793 τῷ
604 1712 715 1792 παρόντι
739 1712 827 1795 χρόνῳ
842 1712 889 1784 τὴν

111 1802 272 1883 φιλονεικίαν
296 1801 475 1875 καταάαλεῖν,
498 1800 561 1860 όταν
583 1800 611 1860 δὲ
634 1805 706 1870 τέλος
730 1805 753 1860 οἱ
778 1801 890 1879 πόλεμοι

111 1891 234 1962 λάόωσι,
252 1890 310 1948 τότε
325 1886 477 1968 προτιθέναι
491 1889 535 1947 τὀν
556 1887 617 1968 περί
639 1893 690 1947 τῶν
713 1893 889 1968 ἀρχαιρεσιῶν

112 1980 206 2054 νόμον,
223 1981 247 2037 οἱ
260 1979 394 2058 δήμαρχοι
407 1976 537 2037 τοσούτων
552 1976 664 2050 ἐδέησαν
685 1968 750 2046 εἶξαι
766 1980 818 2059 τοῖς
830 1998 890 2035 και-

113 2071 180 2147 ροῖς,
197 2066 265 2127 ῶστε
286 2068 332 2125 καί
353 2065 414 2146 περὶ
434 2069 488 2124 τῶν
506 2063 593 2124 ἄλλων
615 2064 816 2124 ἐναντιώσεσθαι
836 2064 889 2132 τοῖς

113 2157 227 2234 δόγμασι
249 2160 296 2228 τῆς
316 2156 413 2235 βουλῆς
427 2153 533 2232 έλεγον,
545 2155 590 2212 καί
606 2155 679 2213 οὐδὲν
701 2155 788 2214 ἐάσειν
803 2153 889 2232 δόγμα

114 2246 176 2325 περὶ
191 2244 292 2312 οὗδενδς
309 2247 460 2324 κυρωθῆναι
472 2242 648 2320 πράγματος,
667 2243 712 2302 ἐὰν
728 2243 765 2320 μὴ
780 2243 825 2302 τόν
838 2242 890 2300 tart

112 2339 197 2395 αὐτῶν
220 2333 404 2416 εἰσρερόμενον
427 2332 611 2411 προόουλεύσῃ
639 2331 731 2406 νόμον.
782 2332 834 2393 Καὶ
862 2333 891 2391 οὐ

113 2425 191 2500 μόνον
205 2425 233 2482 ίν
245 2425 283 2503 τῷ
296 2421 422 2501 συνεδρίῳ
436 2422 501 2496 πρὸς
517 2419 577 2488 τοὺς
591 2419 708 2487 θπάτους
724 2420 797 2480 ταῦτ’
814 2423 889 2478 anar-

113 2515 194 2583 λῆσαι
214 2511 403 2591 προήχθησαν,
417 2507 487 2568 alit
499 2507 545 2568 καί
563 2507 608 2568 ίπλ
621 2511 669 2578 τῆς
690 2506 833 2579 ἐκκλησίας
846 2507 892 2589 δρ-

59 2622 65 2634 ·
113 2625 188 2676 κους,
206 2601 280 2681 οἵπερ
307 2599 359 2658 εισλ
380 2599 501 2676 μέγιστοι
529 2600 593 2677 παρ’
619 2600 726 2670 αὐτοῖς,
750 2596 818 2656 κατθ
844 2604 891 2671 τῆς

115 2692 213 2750 ἑαυτῶν
237 2686 350 2754 πίστεως
371 2685 539 2763 διωμόσαντο
553 2728 562 2757 ,
576 2683 619 2744 ίνα
635 2685 717 2762 μηδὲν
735 2690 787 2745 τῶν
814 2688 892 2764 ίγνω-

115 2778 219 2857 σμένων
233 2777 321 2842 αιίτοῖς
336 2779 479 2834 πεισθεῖσιν
493 2773 537 2852 ἐξῇ
550 2773 703 2833 καταλύειν.

153 2867 215 2927 LV.
242 2861 312 2943 Πρὸς
336 2862 369 2933 δὴ
388 2861 435 2929 τδις
458 2860 569 2929 ἀπειλάς
590 2861 704 2936 ταύτας,
730 2863 858 2924 ἐσκόπουν
878 2863 895 2924 ό

87 2948 91 2954 ’
115 2980 139 3014 τι
154 2954 207 3036 χρὴ
229 2959 313 3013 ποιεῖν
327 2953 352 3011 οῖ
372 2949 551 3029 πριαθύτατοί
572 2952 667 3010 τεκαὶ
689 2955 893 3030 κορυφαιότατοι

61 3065 87 3104 ao
114 3048 164 3104 τῶν
186 3039 389 3123 προεστηκότων
412 3043 459 3110 τῆς
479 3039 697 3119 ἀριστοκρατίας,
721 3040 893 3118 συναχθέντες

115 3135 150 3200 εἰς
164 3131 209 3191 τὸν
233 3127 362 3189 ἰδιωτικόν
391 3126 519 3205 σύλλογον
543 3128 594 3188 tari
613 3129 667 3186 τῶν
695 3127 803 3186 ύπάτων
819 3130 893 3187 αὐτοὶ

115 3219 176 3279 καθ’
187 3215 304 3285 ἑαυτούς.
318 3216 397 3283 Γάῖος
414 3213 463 3292 μίν
473 3206 518 3275 οθν
533 3217 678 3291 Κλαύδιος,
696 3213 794 3288 ἥκιστα
811 3217 894 3294 δημο-

116 3308 185 3374 τικὸς
209 3304 259 3376 ὢν,
282 3305 329 3365 καί
355 3303 454 3377 ταύτην
479 3302 678 3383 διαδεδεγμένος
704 3308 735 3365 ίκ
759 3305 894 3386 προγόνων

115 3396 163 3467 τὴν
174 3394 328 3476 προαίρεσιν
341 3396 388 3463 τῆς
407 3391 750 3472 πολιτιίας,αθθαδεστέραν
786 3392 894 3472 γνώμην

116 3485 251 3563 εἰσέφερε,
267 3480 334 3557 μήτε
346 3481 473 3548 ύπατείας
485 3480 553 3558 μήτε
568 3483 651 3553 ἄλλ-ης
666 3484 751 3563 ἀρχῆς
765 3485 802 3562 τῷ
817 3480 894 3564 δήμῳ

116 3578 288 3652 παραχωρεῖν
315 3570 464 3647 μηδεμιᾶς·
481 3568 539 3636 τοὺς
565 3570 594 3628 δὲ
619 3571 745 3630 τάναντία
769 3571 894 3649 πράττειν

117 3665 312 3741 ἐπιχειροῦντας
336 3657 425 3724 όπλοις
458 3659 589 3731 κωλύειν,
622 3660 668 3719 ἒθν
688 3659 726 3736 μὴ
754 3659 894 3719 πείθοινται

118 3760 171 3816 τοῖς
184 3749 289 3825 λόγοις,
303 3744 385 3828 φειδὼ
404 3746 537 3822 μηδεμίαν
557 3746 727 3825 ποιουμένους
742 3747 810 3823 μήτε
825 3747 896 3806 llari»-

117 3861 163 3897 του
175 3837 242 3913 μήτε
254 3835 391 3914 ἄρχοντος.
408 3830 545 3902 Ἅπανεας
558 3835 610 3913 γδρ
621 3834 681 3902 τοὺς
697 3837 896 3915 ἐπιχειροῦντας

117 3928 152 3987 τδι
164 3925 263 4005 πάτρια
276 3931 355 3983 κινεῖν
370 3922 433 3998 ἔθη,
445 3925 490 3983 καί
505 3923 550 3984 τόν
563 3922 662 4001 κόσμον
676 3930 722 3983 τοῦ
737 3924 897 4000 πολιτεύμα·

118 4039 160 4082 τος
174 4015 218 4072 τὸν
241 4012 351 4093 α’ρχαῖον
376 4011 547 4093 διαφθείρειν,
572 4012 725 4090 ἀλλοτρίους
747 4013 792 4071 καί
816 4015 895 4073 πολε-

118 4102 193 4179 μίους
207 4091 273 4160 εἶναι
293 4105 341 4171 τῆς
355 4100 466 4166 πόλεως.
510 4099 590 4166 Τίτος
605 4099 633 4158 δὲ
651 4099 767 4169 Κοίντιος
789 4103 835 4160 οὐκ
850 4101 891 4161 εία

117 4198 149 4275 τῇ
167 4191 212 4273 βία
226 4188 372 4266 κατείργειν
388 4188 419 4246 τό
434 4187 595 4264 ἀντίπαλον,
614 4190 673 4249 οὒδί
692 4192 726 4249 δι’
742 4194 831 4251 όπλων
851 4193 896 4251 καί

117 4287 151 4344 δι’
167 4281 278 4361 αἵματος
294 4279 421 4363 ίμρυλίου
436 4285 532 4357 χωρεῖν
552 4276 618 4358 πρός
631 4279 662 4339 τὸ
679 4279 832 4355 δημοτικὸν,
849 4278 896 4338 ἄλ.

64 4424 82 4436 „
117 4376 168 4439 λως
183 4395 212 4431 τε
233 4370 279 4431 καί
308 4368 454 4449 δημάρχων
476 4366 564 4448 σοῖσιν
586 4367 828 4444 έναντιωσομένων,
853 4367 896 4435 οθς

117 4460 199 4541 ῖεροιλς
226 4450 295 4520 εἶναι
327 4458 373 4519 καῖ
396 4461 523 4536 παναγεῖς
551 4457 714 4540 ίψηοίσαντο
740 4460 764 4517 ol
788 4456 897 4536 πατίρες

119 4554 206 4622 ἡμῶν,
221 4551 294 4619 θεοὺς
305 4550 351 4611 καί
366 4548 493 4626 δαίμονας
508 4546 636 4628 ἐγγυητάς
653 4547 829 4622 ποιησάμενοι
843 4551 895 4607 τῶν

118 4641 276 4714 ὁμολογιῶν,
290 4640 336 4700 καί
351 4639 410 4708 τοὺς
426 4638 566 4716 μεγίστους
581 4639 688 4717 ὅρκους,
702 4637 764 4696 κατ’
776 4637 896 4707 ἐξωλείας

119 4727 204 4783 αὐτῶν
221 4730 307 4787 τεκαὶ
323 4732 376 4788 τῶν
389 4728 519 4805 ἐκγόνων,
544 4725 588 4784 ἐάν
603 4749 629 4785 τι
644 4724 829 4804 παραόαίνωαι
843 4729 895 4785 τῶν

120 4815 311 4892 συγκειμένων,
327 4815 550 4893 κατομοσάμενοι.

159 4904 234 4964 Lvl.
258 4901 352 4981 Ταύτῃ
378 4903 562 4984 προσθεμένων
589 4899 736 4982 τῇγνιύμη
778 4901 822 4962 καῖ
842 4904 895 4960 τῶν

120 4992 208 5052 ἄλλοιν
230 4993 282 5049 τῶν
303 4991 525 5066 παρακληθέντιον
540 4991 577 5057 είς
590 4988 621 5049 τό
635 4990 785 5069 συνέδριον,
803 5011 894 5068 παρα·

119 5081 209 5143 λαθὼν
224 5075 360 5153 τὸνλόγον
375 5080 389 5134 ό
405 5078 548 5145 Κλαύδιος·
575 5078 658 5139 «Οὐκ
669 5077 754 5157 ἀγνοῶ
763 5077 821 5152 μὲν·
832 5075 896 5158 ίρη-

119 5199 132 5226 ι
147 5195 202 5248 σιν,
215 5168 316 5240 ἡλίκων
322 5163 418 5244 κρηπίς
429 5163 659 5238 καταδληθήαεται
671 5168 812 5247 συμφορῶν
824 5163 895 5225 dara·

1657 356 1718 416 679

937 491 988 548 tur,
1005 488 1072 551 qnod
1088 490 1112 539 in
1134 503 1230 539 sommo
1251 489 1308 540 belli
1325 491 1465 542 discrimine
1486 497 1650 547 versarentur.
1685 501 1718 547 Er

938 584 1050 635 Etruscis
1058 599 1158 650 quoque
1174 587 1289 637 veientes
1300 600 1326 637 se
1338 586 1370 638 ad
1387 587 1552 640 deiectionem
1573 605 1659 654 parare
1677 595 1718 646 di·

938 681 1058 732 cebantur
1072 699 1078 731 ι
1096 688 1120 734 et
1134 684 1253 735 Ardeates
1267 697 1354 734 eorum
1367 683 1470 749 imperio
1482 687 1589 751 amplios
1609 703 1656 739 non
1672 704 1718 754 pn-

939 777 1034 841 rebant,
1058 778 1113 829 irati
1135 779 1167 830 ob
1186 783 1372 831 controversum
1395 795 1500 844 agrum,
1525 799 1599 848 quem
1613 789 1719 851 populus

938 877 1070 937 Romanus,
1084 877 1157 942 juder
1174 878 1280 940 electus,
1298 879 1425 942 superiore
1437 893 1501 930 anno
1518 881 1565 931 sibi
1586 884 1716 948 adjudica·

939 976 984 1022 rat.
1018 975 1131 1034 Senatus,
1157 973 1196 1024 bis
1215 974 1328 1039 cognitis,
1348 974 1459 1027 demmit
1475 981 1503 1027 ιιι
1519 977 1644 1030 exercitus
1663 993 1721 1031 con·

939 1070 1072 1132 scribatur,
1086 1075 1112 1121 el
1127 1074 1153 1121 ut
1166 1072 1251 1122 consol
1265 1076 1370 1136 aterque
1382 1074 1466 1139 copias
1480 1076 1578 1128 educat.
1603 1077 1660 1139 Sed,
1675 1078 1719 1142 qui

939 1158 1017 1222 legem
1032 1159 1225 1224 promulgabant,
1236 1161 1342 1213 decretis
1356 1178 1442 1215 eorum
1458 1165 1654 1218 adversabantur
1668 1169 1720 1231 (ba-

940 1254 999 1305 bent
1012 1256 1077 1306 enim
1090 1257 1183 1307 tribuni
1198 1262 1344 1321 potestatem
1365 1261 1532 1314 intercedendi
1552 1266 1719 1328 consulibus)
1752 1311 1755 1315 .

940 1368 971 1405 cx
986 1357 1101 1407 manibus
1115 1372 1201 1408 eorum
1211 1359 1342 1423 eripientes
1351 1375 1402 1422 eos,
1413 1363 1455 1426 qui
1470 1364 1503 1413 ad
1515 1363 1623 1416 militare
1635 1381 1720 1418 sacra·

940 1459 1052 1505 mentum
1065 1456 1097 1506 ab
1111 1456 1143 1507 iis
1156 1456 1325 1518 ducebantur,
1350 1471 1430 1521 neque
1454 1461 1625 1523 permittentes
1640 1466 1667 1513 ιιι
1684 1463 1720 1514 illi

941 1550 1003 1602 ullas
1021 1566 1106 1616 poenas
1122 1552 1154 1603 de
1170 1555 1356 1604 contumacibus
1379 1560 1512 1608 sumerent.
1534 1560 1618 1616 Quum
1637 1562 1720 1611 autern

941 1652 1043 1698 senatus
1066 1650 1161 1713 magnis
1188 1651 1303 1713 precibus
1324 1654 1470 1715 postularet,
1489 1658 1517 1703 ut
1539 1655 1565 1704 in
1591 1656 1722 1720 praesentia

941 1745 1103 1795 contentionis
1113 1746 1250 1797 ambitiosas
1262 1749 1426 1811 pervicaciam
1445 1753 1597 1814 deponerent
1611 1757 1645 1813 et,
1659 1753 1722 1803 bello

940 1841 1060 1904 contecto,
1079 1845 1139 1892 tnnc
1152 1842 1251 1893 demum
1268 1843 1347 1908 legem
1361 1844 1392 1895 de
1410 1846 1516 1916 comitiis
1530 1849 1721 1912 promulgarent,

943 1942 1039 1990 tantum
1052 1940 1131 1990 abluit
1144 1943 1172 1990 nt
1189 1940 1223 1990 illi
1241 1942 1394 2005 temporibus
1416 1943 1541 1999 cederent,
1562 1947 1590 1992 ut
1602 1944 1677 1995 ctiam
1697 1943 1722 1993 in

944 2031 998 2082 aliis
1010 2032 1085 2082 rebus
1099 2033 1313 2083 senatusconsulto
1327 2047 1353 2084 se
1365 2033 1540 2083 adversaturos
1547 2032 1666 2095 dicarent,
1677 2047 1723 2085 nec

945 2130 1021 2181 ollam
1043 2133 1285 2183 senatusconsultum
1305 2132 1336 2182 de
1348 2132 1397 2182 ulla
1411 2146 1438 2183 re
1453 2133 1546 2182 tactum
1563 2132 1654 2183 sanciri
1670 2146 1722 2198 pas

944 2236 1025 2284 soros,
1044 2223 1090 2272 nisi
1102 2227 1159 2274 ante
1177 2221 1209 2274 de
1227 2224 1288 2289 lage,
1303 2237 1388 2288 quma
1409 2238 1436 2274 se
1455 2224 1668 2288 promulgabatur,
1685 2238 1723 2276 se·

945 2317 1162 2367 natusoonsultnm
1179 2316 1262 2367 fleret.
1297 2319 1383 2380 Neque
1407 2317 1488 2368 solum
1508 2317 1533 2367 in
1558 2322 1645 2368 senatu
1669 2317 1723 2369 irasc

946 2409 1088 2459 consulibus
1113 2409 1201 2458 minari
1216 2413 1275 2459 sunt
1295 2410 1351 2459 ausi
1375 2427 1381 2458 :
1404 2409 1446 2460 sed
1470 2410 1544 2460 etiam
1563 2410 1588 2460 in
1608 2411 1723 2461 conclaue

944 2501 1127 2565 jusjurandum,
1143 2501 1212 2565 quod
1230 2501 1295 2567 apud
1315 2514 1358 2551 eos
1373 2503 1412 2552 est
1425 2501 1576 2562 maximum,
1598 2516 1725 2565 persuum

942 2601 1016 2653 fldem
1030 2604 1162 2667 jurarunt,
1177 2606 1286 2669 nequod
1308 2619 1382 2655 sunm
1406 2604 1535 2656 decretum
1554 2606 1603 2656 sibi
1624 2609 1726 2673 utiquo·

942 2703 1003 2742 rum
1016 2692 1123 2742 motione
1136 2691 1251 2742 adductis
1267 2693 1408 2744 rescindere
1420 2693 1511 2745 liceret.

979 2878 1028 2926 LV.
1051 2875 1095 2925 iiis
1122 2877 1207 2926 sotem
1224 2874 1297 2923 minis
1311 2872 1413 2933 auditis,
1430 2873 1491 2936 qrrid
1507 2872 1630 2937 agendum
1650 2877 1725 2935 esset,

950 2975 1010 3021 natu
1027 2969 1129 3021 maximi
1141 2972 1167 3020 et
1184 2968 1345 3019 illustrissimi
1361 2967 1482 3032 principes
1506 2968 1652 3032 optimatum
1672 2981 1729 3018 con-

949 3065 1040 3115 sultare
1052 3066 1191 3127 coeperunt,
1208 3062 1255 3127 ipsi
1272 3062 1404 3126 separatim
1425 3063 1449 3111 in
1461 3062 1587 3126 privatum
1607 3066 1696 3113 cretum
1713 3076 1728 3111 a

949 3157 1091 3207 consulibus
1105 3156 1193 3206 coacti.
1208 3157 1235 3206 c.
1250 3156 1326 3217 igitur
1338 3156 1466 3213 Claudius,
1479 3155 1518 3205 rir
1529 3155 1629 3206 minime
1647 3167 1728 3219 popu·

951 3249 1017 3310 laris,
1030 3252 1056 3299 et
1069 3248 1112 3313 qui
1125 3262 1139 3297 a
1153 3248 1285 3311 majoribus
1299 3248 1363 3298 banc
1375 3246 1517 3310 reipublicae
1529 3244 1729 3297 administrandus

951 3343 1071 3393 rationem
1092 3341 1235 3391 sectandam
1259 3342 1396 3404 acceperat,
1420 3343 1507 3389 auctor
1526 3342 1579 3389 erat
1600 3339 1729 3415 sententiaa

951 3435 1090 3496 severioris,
1105 3447 1155 3499 qna
1173 3446 1218 3482 nec
1231 3434 1369 3494 consulatu,
1384 3445 1429 3482 neo
1443 3432 1494 3481 ullo
1507 3431 1556 3481 alio
1574 3432 1729 3497 magistratu,

951 3530 1016 3596 plebi
1026 3527 1163 3578 cedendum
1176 3520 1309 3576 censebat:
1326 3540 1355 3576 ac
1365 3525 1409 3589 qui
1427 3526 1603 3576 contrafacere
1614 3538 1731 3576 conaren-

952 3626 1001 3682 tur,
1016 3618 1091 3670 armis
1106 3615 1281 3683 prohibendos,
1303 3616 1351 3666 nisi
1362 3616 1474 3666 oratione
1488 3615 1554 3665 flecti
1572 3619 1681 3679 possent,
1696 3615 1731 3665 ita

952 3719 980 3765 ιιι
989 3711 1081 3764 nemini
1093 3713 1244 3776 parceretur,
1263 3721 1344 3772 neque
1352 3707 1449 3773 privato
1462 3707 1566 3767 bomini,
1578 3722 1658 3772 neque
1674 3722 1730 3758 ma·

952 3808 1082 3873 gistratum
1093 3803 1195 3867 gerenti.
1229 3804 1321 3852 Omnes
1338 3801 1413 3861 enim,
1426 3802 1471 3864 qui
1487 3801 1580 3865 patrias
1597 3805 1731 3852 consuetu·

952 3899 1023 3951 dines
1041 3901 1067 3950 ει
1081 3897 1208 3963 pristinam
1226 3898 1301 3960 atque
1314 3893 1458 3959 preclaram
1471 3892 1614 3958 reipublicae
1627 3892 1733 3944 sormam

952 4003 1111 4055 corrumpere
1120 3990 1249 4048 conantur,
1263 3985 1378 4037 abenosa
1387 3984 1486 4035 civitate
1500 3987 1575 4049 atque
1583 3985 1637 4048 ejus
1648 3985 1733 4036 hostes

952 4099 1008 4138 esse
1022 4083 1128 4136 dicebat.
1142 4081 1191 4133 Sed
1203 4083 1232 4132 T.
1248 4078 1365 4137 Quintius
1376 4091 1425 4128 non
1434 4076 1530 4128 sinebat
1541 4079 1567 4128 νῖ
1579 4077 1734 4127 adversarios

953 4180 1069 4241 coerceri,
1096 4190 1175 4240 oeque
1199 4173 1275 4224 armis
1288 4175 1314 4223 et
1332 4172 1449 4235 sanguine
1472 4171 1539 4220 cirili
1559 4184 1616 4221 cum
1632 4169 1734 4234 plebeiis

953 4273 1077 4336 contendi,
1089 4272 1238 4337 praesertim,
1252 4282 1329 4333 quum
1349 4268 1464 4317 tribunos
1486 4266 1564 4331 plebis
1578 4265 1734 4316 adversarios

952 4371 1036 4420 essent
1059 4366 1176 4426 habituri,
1202 4378 1264 4427 quos
1284 4363 1391 4426 majores
1411 4363 1579 4411 Romanorum
1594 4372 1679 4408 sacros
1704 4366 1733 4405 ac

953 4462 1050 4508 sanctos
1066 4469 1121 4506 esse
1138 4454 1321 4512 decrevissent,
1341 4453 1389 4503 diis
1410 4453 1536 4516 geniisqoe
1554 4451 1625 4499 lactis
1642 4448 1733 4512 pactio

952 4561 1013 4597 num
1035 4542 1203 4609 sponsoribus,
1220 4547 1245 4592 et
1262 4541 1372 4591 maximo
1384 4538 1547 4604 iureiurando
1561 4540 1584 4586 io
1596 4550 1666 4585 suam
1678 4549 1733 4584 suo

952 4647 1057 4696 rumque
1075 4636 1228 4696 posterorum
1241 4629 1387 4695 perniciem,
1408 4628 1515 4690 siquam
1532 4629 1659 4689 pactorum
1674 4635 1730 4685 pnr-

953 4731 1003 4776 tem
1012 4724 1158 4783 violassent,
1172 4720 1264 4783 iurato.

984 4908 1043 4956 ιιι.
1057 4906 1141 4961 Quum
1157 4905 1240 4952 autem
1265 4898 1290 4949 ln
1316 4898 1380 4949 banc
1406 4895 1552 4948 sententiam
1573 4892 1675 4942 ivissent
1690 4891 1733 4944 alii

952 5007 1061 5059 quoqne,
1084 4990 1172 5056 quiin
1194 4990 1309 5038 senatum
1336 4985 1449 5036 advocati
1476 4985 1586 5043 fueraut,
1605 4980 1732 5042 claudius,

952 5082 1063 5134 oratione
1085 5080 1226 5142 suscepta:
1255 5096 1267 5119 ιι
1292 5076 1346 5125 Non
1368 5072 1461 5136 ignoro,
1481 5068 1570 5132 lnquit,
1583 5067 1733 5131 quantarum

957 5193 970 5219 ι
984 5170 1154 5224 calamitatum
1168 5167 1192 5217 in
1212 5179 1257 5216 nos
1272 5175 1357 5214 omnes
1379 5160 1565 5210 tundamentum
1578 5154 1692 5221 jaciatur,
1711 5163 1733 5214 si
