3772 5828
224 317 284 378 590

226 451 343 530 φανερῷ,
363 451 544 525 μεταδιδόντες
561 450 646 511 οὐθενί
668 455 719 511 τῶν
742 450 834 518 ἔξωθεν
858 449 917 510 οὔτε
943 456 1002 530 βου-

225 536 355 615 λεύματος
369 540 427 600 οὗτε
442 540 532 620 λόγου.
551 540 630 602 Ἐπεί
645 538 673 600 δί
687 541 777 618 καιρὸς
787 539 933 612 ἐπιτήδειος
947 539 1003 598 ἔδο-

227 625 267 696 ξεν
281 627 368 693 αὐτοῖς
387 619 453 687 εἶναι
475 628 599 710 πράττειν
615 627 649 688 τδι
666 626 880 709 βεδουλευμίνα,
901 629 1003 688 πλασά·

227 739 299 792 μενοι
311 717 456 796 γράμματα
479 718 622 777 καὶταῦτα
641 717 892 796 παρασκευάσαντες
908 719 1003 778 ἀναδο·

189 828 201 865 ε
228 804 305 877 θῆναί
341 828 428 886 σρισιν
462 808 507 865 ὑπ’
534 806 626 885 ἀνδρὸς
653 808 768 883 ἀγνῶτος
793 805 950 882 καθημίνοις
975 808 1001 865 ίν

227 897 329 975 ἀγορᾷ,
346 899 381 960 ab<
396 895 499 966 διῆλθον
523 897 607 965 αὐτά,
626 894 747 963 παίοντες
768 894 802 954 ad
825 893 937 971 μέτωπα
952 894 997 954 καί

227 989 352 1061 κατηφεῖς
363 982 410 1050 τίις
423 983 495 1064 ὄψεις
514 983 671 1056 ποιήσαντες
687 982 852 1046 ἀνίστανται.
896 984 1003 1043 Πολλοῦ

228 1070 255 1129 δὲ
277 1072 470 1151 συνδραμόντος
494 1074 575 1153 ὄχλου
601 1071 646 1131 καί
669 1071 738 1150 μίγα
762 1094 788 1130 τι
802 1071 884 1132 κακδν
911 1075 937 1132 ίν
951 1081 1004 1141 τοῖς

227 1159 383 1240 γράμμασιν
405 1164 499 1220 ἐνεῖναι
516 1159 698 1240 γεγραμμένον
714 1159 918 1238 μαντενομίνου,
943 1183 1004 1220 σευν-

176 1273 201 1312 10
227 1247 280 1319 πήν
309 1248 533 1329 προκηρύξαντες,
559 1241 647 1308 εἶπον·
683 1275 696 1301 ιι
717 1247 765 1310 Ἐν
786 1249 908 1328 ἐσχάτοις
934 1249 1004 1309 ἐστίν

228 1363 241 1389 ιι
257 1340 318 1414 ύμῖν
329 1328 505 1409 κινδύνοις,ῶ
521 1341 643 1411 πολῖται,
659 1339 689 1397 τὸ
702 1337 857 1417 δημοτικόν·
872 1337 918 1398 καλ
931 1338 954 1397 εί
964 1339 1003 1416 μή

229 1451 241 1477 ιι
256 1429 321 1484 θεῶν
335 1452 373 1495 τις
387 1429 472 1488 εὔνοια
489 1430 624 1506 προείδετο
641 1432 692 1486 τῶν
709 1427 787 1488 ἄδικα
799 1428 913 1507 πάσχειν
936 1429 1001 1506 μελ-

229 1539 241 1564 ιι
256 1511 366 1588 λόντιιιν,
392 1518 427 1581 είς
442 1516 525 1580 δεινδις
549 1513 581 1573 ἀν
597 1513 712 1583 ἅπαντες
726 1516 839 1592 ἤλθομεν
853 1517 1001 1596 συμροράς.

228 1627 240 1651 ιι
258 1601 407 1678 Αίτούμεθα
429 1603 455 1662 δλ
470 1607 538 1679 ὑμᾶς
557 1603 658 1685 βραχύν
685 1605 803 1684 ἐπισχεῖν
822 1604 931 1684 χρόνον,
955 1603 1005 1672 διας

176 1710 201 1749 ευ
228 1717 240 1743 ιι
257 1689 313 1772 [ἀν]
328 1697 361 1772 τῇ
374 1695 454 1772 βουλῇ
474 1692 636 1769 δηλόισωμεν
655 1691 688 1752 τδι
707 1693 939 1772 προσαγγελθίντα
954 1694 1000 1752 καὶ

228 1806 241 1832 ε
256 1782 325 1858 μετὰ
335 1787 423 1855 κοινῆς
433 1782 540 1862 γνώμης
555 1782 697 1863 πράξωμεν
707 1783 740 1842 εδ
754 1781 871 1850 δόξαντα.
884 1810 897 1836 ν
909 1785 1004 1844 Ταῦτα

227 1870 341 1939 εἰπόντες
354 1871 455 1954 ᾤχοντο
471 1871 535 1951 πρὸς
551 1871 608 1938 τοὺς
628 1871 751 1938 ὑπάτους.
794 1871 842 1931 Ἐν
860 1868 915 1952 ὅσῳ
934 1871 961 1931 δί
986 1877 1003 1944 ἡ

229 1960 311 2038 βουλή
326 1963 451 2040 συνήγετο
465 1961 567 2041 χρόνῳ,
580 1961 674 2019 πολλοὶ
692 1962 736 2018 καί
753 1961 916 2020 παντοδαποὶ
929 1959 1002 2040 λύγοι

227 2051 295 2110 κατδι
306 2052 356 2122 τήν
370 2050 468 2129 ἀγοράν
483 2050 617 2129 ἐγίνοντο,
632 2053 683 2108 τῶν
698 2049 745 2126 μὲν
759 2051 787 2107 ἐκ
799 2054 970 2129 παρασκευῆς
982 2050 1001 2110 δ

176 2152 202 2189 ²⁰
228 2140 397 2220 παρήγγελτο
411 2142 499 2205 αὐτοῖς
513 2141 564 2198 ὑπὸ
574 2142 625 2196 τῶν
648 2136 794 2217 δημάρχων
808 2136 877 2196 κατὰ
892 2161 1001 2220 συστρο-

228 2229 276 2308 ράς
300 2229 459 2301 λαλούντων,
475 2231 527 2287 τῶν
542 2230 585 2300 δέ,
608 2227 755 2302 ἀμάλιστα
775 2226 943 2286 ἐδεδοίκεσαν
961 2227 998 2305 μὴ

226 2315 348 2393 γίνηται,
361 2322 445 2375 ταῦτα
459 2319 494 2383 ῶς
508 2316 697 2395 ἀπηγγελμένα
714 2318 768 2383 τοῖς
786 2315 933 2397 δημάρχοις
954 2320 999 2377 λε-

226 2405 336 2482 γόντων.
378 2401 451 2486 Ἐρη
467 2407 490 2464 δ’
505 2411 519 2467 b
536 2408 583 2481 μίν
599 2429 637 2472 τις
653 2405 785 2470 Αἰκανούς
798 2403 844 2463 καί
861 2406 1000 2465 Οὐολούσ-

226 2517 287 2563 κους
300 2492 508 2572 ὑποδεξαμένους
524 2493 651 2556 Καίσωνα
669 2487 805 2564 Κοίντιον,
828 2494 872 2553 τδν
890 2496 942 2555 ύπδ
954 2499 1001 2554 τοῦ

174 2601 200 2639 ab
227 2583 310 2656 δήμου
323 2583 567 2658 καταδικασθέντα,
586 2585 701 2662 ᾑρῆσθαι
712 2576 859 2663 στρατηγδν
870 2584 1002 2665 αὐτοκρά-

221 2691 284 2750 τορα
293 2676 343 2732 τῶν
356 2675 448 2743 ἐθνῶν,
460 2672 505 2731 καί
516 2672 615 2738 πολλδις
626 2670 747 2748 δυνάμεις
769 2673 925 2751 ἀγείραντας
936 2672 1002 2750 μίλ-

226 2764 279 2818 λειν
296 2760 399 2830 latria
419 2759 528 2836 Ῥώμην
549 2759 682 2818 ἐλαύνειν·
703 2763 717 2818 ὁ
741 2759 769 2819 δι’
783 2784 821 2828 τις
839 2760 893 2820 ἀπὸ
915 2768 1002 2834 κοινῆς

226 2848 331 2926 γνώμης
340 2852 392 2908 τῶν
403 2850 548 2929 πατρικίων
562 2848 605 2907 τὸν
619 2849 700 2927 ἄνδρα
713 2848 875 2926 κατάγεσθαι
890 2849 1000 2919 ξενικαῖς

226 2937 379 3013 δυνάμεσιν,
394 2937 438 2994 ἵνα
461 2943 477 3008 ή
501 2937 605 3016 φυλακὴ
621 2937 774 3015 καταλυθῇ,
789 2944 832 2997 νῦν
854 2939 944 2997 τεκαὶ
965 2943 1001 3006 είς

173 3052 200 3091 30
225 3026 269 3084 τὸν
288 3024 379 3084 λοιπὸν
402 3026 513 3102 χρόνον,
530 3027 582 3082 τῶν
607 3027 773 3099 δημοτικῶν·
799 3028 813 3080 δ
839 3026 868 3085 δί
891 3049 930 3094 τις
952 3029 1002 3108 οὐχ

226 3115 346 3180 ἅπαντας
366 3102 433 3170 εἶναι
453 3110 514 3179 τούς
532 3113 685 3191 πατρικίους
701 3111 751 3192 ἔρη
771 3112 828 3178 τοὺς
852 3120 934 3173 ταῦτα
957 3119 1001 3194 βε·

225 3202 428 3278 δουλευμένους,
448 3200 516 3259 ἀλλά
541 3199 634 3274 μόνους
657 3199 716 3266 τοὺς
733 3199 816 3266 νίους.
862 3200 1000 3281 Ἐτόλμωυ

226 3292 254 3352 δέ
271 3315 338 3358 τινες
353 3289 457 3369 λέγειν,
473 3289 513 3348 ὅτι
529 3288 575 3348 καί
593 3290 664 3356 ε’ντδς
678 3292 725 3359 τῆς
741 3289 841 3355 πόλεως
853 3293 867 3348 δ
880 3291 945 3371 ἀνὴρ
961 3292 1000 3366 εἴη

225 3381 416 3462 κρυπτόμενος,
440 3380 485 3437 καὶ
510 3377 600 3458 μέλλοι
619 3376 871 3455 καταλαμδάνεσθαι
886 3383 936 3437 τῶν
953 3381 1001 3440 τό·

172 3501 197 3539 3η
226 3498 282 3531 πων
296 3470 355 3535 τοὺς
368 3469 592 3547 ἐπικαιροτάτους.
651 3466 738 3539 Ὅλης
757 3467 784 3526 δὲ
796 3468 1002 3546 κραδαινομένης

226 3560 270 3619 ἐπί
284 3564 316 3637 τῇ
334 3557 478 3637 προσδοκία
492 3561 543 3616 τῶν
561 3559 650 3617 δεινῶν
668 3562 714 3630 τῆς
735 3557 850 3630 πολεως,
868 3559 914 3616 καί
931 3559 1000 3620 πάν-

225 3675 276 3709 τιιιν
292 3647 421 3717 ἀλλήλους
437 3646 551 3725 ἐχόντων
567 3648 599 3704 δι’
625 3647 738 3727 ὑποψίας
757 3645 802 3704 καὶ
822 3649 959 3728 φυλακῆς,
975 3651 998 3708 οἱ

225 3739 273 3814 μὲν
287 3738 383 3795 ίίπατοι
395 3736 442 3804 τήν
454 3735 551 3813 βουλήν
563 3734 680 3807 ἐκάλουν,
690 3738 714 3793 οἱ
727 3733 754 3793 δὲ
763 3733 896 3814 δήμαρχοι
906 3739 999 3816 προελ·

225 3831 308 3893 θόντες
332 3825 483 3885 ἐδείκνυσαν
498 3823 532 3882 τὰ
557 3824 817 3903 προσαγγελλόμενοι.
862 3814 916 3885 Ἦν
939 3826 1001 3886 δίδ

172 3935 200 3975 lu
224 3916 282 3982 τούς
296 3915 387 3989 λόγους
404 3913 469 3993 ὑπὲρ
482 3915 566 3971 αύτῶν
578 3912 731 3989 ποιούμενος
744 3904 827 3977 Αύλος
838 3912 999 3993 Οὐεργίνιος,

225 4005 270 4062 καί
287 4004 356 4070 ἔλεξε
371 4002 475 4062 τοιάδε·

265 4095 303 4151 X.
328 4120 340 4141 ιι
354 4089 440 4150 Ὅσον
457 4093 503 4165 μὲν
519 4089 611 4169 χρόνον
633 4088 705 4148 οὐθὲν
719 4088 824 4166 ἀκριόὲς
838 4094 902 4165 ἡμῖν
922 4094 999 4172 ἐραί-

225 4209 237 4231 ιι
253 4202 310 4237 νετο
334 4182 384 4236 τῶν
409 4179 681 4256 προσαγγελλομένων
702 4179 811 4251 δεινῶν,
832 4178 899 4238 llll
914 4184 1001 4258 φῆμαι

225 4297 237 4319 ιι
254 4268 397 4346 μετέωροι,
420 4267 464 4324 καὶ
481 4267 511 4325 τὸ
535 4267 680 4346 βεόαιῶσον
700 4266 778 4334 αύτδις
794 4268 866 4329 οὐθὲν
891 4259 933 4342 ἧν,
947 4272 1000 4331 ὠκ-

225 4387 237 4410 ιι
251 4362 363 4431 νοδμεν,
378 4346 399 4414 ὦ
411 4350 510 4434 βουλὴ,
523 4359 609 4440 ρίρειν
621 4361 681 4427 τοὺς
694 4359 754 4439 περὶ
765 4363 849 4420 αὐτῶν
863 4361 954 4442 λόγους
965 4365 1000 4428 εἷς

225 4476 235 4498 ιι
255 4446 307 4526 [τό]
321 4447 414 4521 μέσον,
431 4448 549 4525 ταραχάς
569 4472 597 4508 τε
616 4450 802 4515 ὑποπτεύοντες
827 4449 930 4508 ἔσεσθαι
951 4474 999 4525 με·

223 4566 234 4587 ιι
250 4540 348 4614 γάλας,
367 4526 398 4591 οἷ’
412 4535 478 4600 εἰκὸς
494 4537 536 4594 ἐπὶ
557 4539 648 4606 δεινοῖς
670 4538 827 4613 ἀκούσμασι,
843 4541 888 4598 καί
907 4542 942 4596 δι’
958 4541 999 4596 εὖ·

223 4656 234 4680 ιι
250 4626 356 4690 λαύείας
372 4625 487 4703 ἔχοντες,
502 4625 538 4698 μή
556 4629 686 4707 ταχύτερα
704 4628 818 4702 δόξαιμεν
833 4632 895 4705 ὑμῖν
908 4626 998 4705 βεύου·

223 4747 234 4767 ιι
250 4719 357 4774 leucum
374 4718 473 4789 μᾶλλον
487 4715 503 4784 i,
520 4718 710 4797 ρρονιμώτεροι.
757 4718 797 4776 Οὐ
809 4717 861 4792 μήν
875 4715 998 4795 ὀλιγωρίᾳ

168 4823 193 4860 uc
223 4835 233 4857 ιι
249 4831 278 4885 γε
304 4803 547 4881 αύτδιποιροιδόντες
565 4805 721 4885 ἀφήκαμεν,
744 4808 802 4863 ἀλλ’
827 4804 875 4874 ύση
892 4807 999 4878 δύναμις

222 4922 234 4944 ιι
249 4900 313 4969 ἡμῖν
330 4899 361 4965 ἠν
378 4895 493 4968 ἐπιμελεῖΙ
507 4893 615 4963 ζήτησιν
630 4895 787 4971 ἐποιούμεθα
802 4897 849 4963 τῆς
863 4892 996 4962 ἀληθείας.

223 5009 235 5031 ιι
250 4983 327 5042 Ἐπεί
341 4986 389 5053 δή
406 4989 449 5042 τοῦ
465 4981 600 5057 δαιμονίου
613 4982 735 5059 πρόνοια,
750 4981 792 5059 ὑφ’
807 4975 839 5053 ἧς
856 4981 895 5040 ἀεί
912 4982 996 5049 σωζό-

225 5096 236 5119 ιι
252 5078 318 5145 μεθα
333 5077 420 5149 κοινῇ,
437 5075 525 5137 καλῶς
538 5076 649 5128 ποιοῦσα
665 5071 698 5129 εδι
709 5070 878 5147 κεκρυμμένα
893 5071 999 5149 βουλεύ·

226 5186 238 5208 ιι
257 5182 328 5234 ματα
353 5160 398 5217 καλ
414 5161 462 5227 τδις
476 5161 592 5226 ἀνοσίους
610 5158 784 5238 ἐπιχειρήσεις
795 5162 846 5217 τῶν
867 5164 931 5227 θεοῖς
949 5163 997 5240 ἐχ-

743 317 908 381 nloni'sll
930 319 1313 382 nnutcnnntssultsts

1056 461 1142 524 ceptis,
1151 463 1294 526 plangentes
1309 462 1424 523 frontem,
1445 466 1471 511 et
1482 462 1556 512 uultu
1567 462 1600 512 ad
1617 476 1769 518 maerorem
1786 483 1849 522 cura·

1056 570 1145 635 posito,
1158 575 1327 622 surrexerunt.
1339 574 1423 630 Quum
1432 573 1517 622 auum
1529 572 1562 623 eb
1575 585 1642 625 eum
1657 588 1760 628 σαεειειι
1771 578 1849 645 ingen

1057 679 1130 730 turba
1148 679 1323 741 concurrisset,
1337 680 1363 729 et
1386 679 1479 744 aliquid
1500 692 1577 745 grave
1598 681 1703 735 malum
1727 685 1756 736 in
1776 687 1849 740 literis

1057 788 1176 840 contineri
1190 790 1363 853 auguraretur,
1376 788 1427 852 itti,
1446 789 1539 841 indicto
1557 804 1603 856 per
1620 806 1772 857 praeconem
1784 797 1849 849 sitm

1058 903 1106 964 tio,
1129 901 1274 952 dixerunt:
1298 904 1470 954 «Extremum
1492 906 1584 956 vestm
1616 906 1691 971 plebi
1714 909 1847 973 periculum

1060 1030 1073 1055 ιι
1085 1009 1210 1072 imminet,
1222 1009 1350 1068 Quirites:
1367 1014 1392 1061 et
1408 1010 1455 1061 niai
1465 1009 1573 1063 deorum
1588 1013 1773 1067 benevolentia
1786 1032 1845 1083 qun

1060 1137 1072 1161 ιι
1085 1117 1143 1167 dam
1154 1117 1321 1182 prospexisset
1327 1118 1367 1180 iis,
1381 1120 1425 1183 qui
1434 1121 1557 1172 uubosuo
1566 1123 1664 1175 meritc
1674 1126 1744 1177 mala
1754 1129 1845 1193 passuri

1060 1246 1073 1271 ιι
1085 1231 1169 1287 erant,
1196 1239 1282 1278 omnes
1310 1227 1336 1278 iu
1357 1232 1454 1280 atroces
1482 1232 1640 1283 calamitates
1662 1234 1843 1288 incidissemus.

1061 1355 1074 1381 ιι
1086 1337 1138 1386 llos
1145 1338 1229 1386 autem
1237 1350 1359 1401 rogamus,
1368 1341 1398 1390 ut
1405 1339 1586 1407 aliquantisper
1593 1346 1844 1421 exspectetie,deuee

1060 1470 1073 1496 ι
1088 1465 1128 1503 res
1140 1452 1212 1504 nobis
1222 1454 1349 1505 nunciataa
1359 1454 1455 1506 senatui
1461 1454 1617 1509 mutemus:
1630 1463 1668 1520 et,
1679 1459 1715 1510 de
1723 1460 1842 1511 oemmuai

1060 1583 1073 1606 ιι
1087 1563 1208 1614 sentenia
1221 1577 1252 1615 ea
1268 1578 1324 1628 qua
1348 1568 1435 1616 sunte
1454 1566 1592 1629 republica,
1614 1581 1732 1633 agamus.
1752 1591 1765 1614 ι
1802 1571 1841 1622 lib

1059 1670 1142 1731 dictis,
1153 1670 1187 1721 ad
1195 1671 1309 1723 eonsules
1321 1671 1427 1722 irerunl.
1438 1670 1543 1721 interim
1558 1675 1657 1733 autam,
1672 1674 1735 1725 dum
1745 1679 1841 1726 senatm

1059 1783 1163 1847 cogitur,
1184 1781 1256 1832 multi
1269 1794 1299 1831 ac
1313 1780 1376 1831 rarii
1396 1792 1524 1831 sermones
1553 1778 1582 1830 in
1606 1781 1663 1832 toro
1681 1782 1839 1842 laetabantur,

1059 1889 1115 1940 aliia
1134 1902 1165 1940 ex
1184 1887 1334 1953 composito,
1350 1890 1377 1938 ut
1392 1886 1524 1938 atribunia
1536 1888 1602 1953 jussi
1616 1890 1729 1954 lucrant,
1746 1905 1788 1956 per
1797 1892 1840 1941 cir·

1060 1998 1130 2048 culca
1141 2012 1266 2049 sermones
1280 1997 1425 2057 terentibus.
1437 1996 1501 2056 allis,
1515 2011 1574 2062 quar
1583 1999 1694 2050 maxime
1707 2000 1839 2060 timebant,

1059 2120 1091 2158 ne
1108 2107 1258 2169 acciderent,
1276 2107 1347 2168 bac,
1361 2110 1391 2158 ut
1413 2105 1520 2158 tribunis
1540 2108 1672 2169 nunciata,
1688 2109 1840 2160 dicentibus.

1059 2215 1128 2266 Alius
1143 2214 1249 2277 dicebat,
1264 2217 1392 2267 Caeaormm
1409 2216 1538 2274 Quintium
1554 2230 1569 2267 a
1584 2215 1676 2280 popule
1690 2215 1839 2268 damnatum

1059 2325 1091 2375 ab
1107 2325 1193 2388 AEquis
1214 2328 1241 2374 et
1260 2323 1357 2375 volacis
1379 2328 1530 2389 exceptum,
1551 2326 1580 2376 et
1604 2323 1736 2389 utriusque
1756 2327 1839 2390 gentis

1059 2448 1185 2485 summum
1197 2436 1369 2498 inperatorem
1379 2437 1490 2485 creatum
1508 2433 1593 2495 iubae,
1604 2436 1631 2486 ct
1642 2435 1736 2485 coactis
1749 2435 1838 2498 ingen·

1060 2543 1127 2595 tibus
1138 2543 1223 2608 copiis,
1239 2545 1341 2593 Βοιιιαιιι
1352 2555 1411 2592 uror
1424 2543 1564 2606 petiturum
1578 2541 1660 2595 :alius
1672 2542 1704 2595 de
1714 2545 1840 2594 communi

1060 2656 1218 2720 palricionna
1226 2654 1347 2706 sententia
1359 2654 1484 2707 bominem
1501 2670 1563 2709 cum
1579 2661 1685 2710 externa
1695 2657 1776 2710 milite
1788 2672 1841 2709 cea-

1060 2762 1136 2814 dacto
1144 2763 1242 2825 rcrlnci,
1252 2767 1282 2813 ut
1293 2765 1320 2813 in
1328 2763 1461 2827 prasentia
1470 2765 1497 2815 et
1512 2765 1538 2816 iu
1551 2770 1685 2830 posterum
1693 2766 1838 2832 plebeiorum

1060 2875 1202 2943 praesidium
1213 2874 1354 2926 aboleretur
1370 2895 1376 2924 :
1396 2874 1460 2924 alim
1473 2873 1590 2937 dicebat,
1601 2890 1654 2927 nou
1665 2890 1750 2929 aranea
1763 2875 1837 2940 patri·

1060 2981 1120 3041 cios,
1136 2981 1179 3031 sed
1186 2983 1290 3044 iuvenes
1300 2984 1407 3041 tantum,
1422 2979 1477 3031 bec
1488 2981 1593 3033 consilia
1609 2982 1706 3035 iniisse.
1727 2983 1839 3036 tlcnnulli

1059 3093 1133 3143 etiam
1147 3091 1270 3142 audebant
1282 3106 1432 3152 asseverare,
1447 3093 1472 3142 in
1481 3092 1534 3156 ipsa
1548 3093 1746 3146 urbebominem
1755 3095 1835 3151 latere.

1059 3207 1085 3253 el
1093 3202 1300 3266 opportunissima
1310 3216 1415 3268 quaeque
1424 3203 1479 3253 loca
1491 3216 1546 3253 esse
1558 3209 1753 3268 occupaturum.
1779 3206 1836 3254 Tota

1059 3319 1142 3364 aulem
1158 3313 1219 3362 urbe
1252 3312 1419 3364 calamitatum
1439 3314 1623 3377 exspectatione
1653 3317 1789 3371 commeta.
1813 3316 1837 3363 et

1058 3421 1174 3471 omnibus
1185 3435 1212 3470 se
1224 3426 1310 3471 mutuo
1320 3426 1449 3486 suspectos
1462 3421 1619 3487 habentibus,
1631 3425 1729 3490 sibique
1737 3425 1837 3474 inuicem

1058 3532 1219 3593 caventibus,
1234 3532 1347 3584 consules
1364 3537 1476 3584 senatum
1489 3539 1672 3596 convocarunt;
1694 3540 1720 3587 et
1735 3534 1835 3590 tribuni.

1058 3645 1189 3695 incuriam
1201 3644 1316 3705 admissi,
1331 3645 1477 3704 indicarunt,
1493 3659 1550 3708 quaa
1562 3646 1757 3698 nunciabantur.
1773 3649 1837 3696 runs

1062 3757 1146 3805 autem
1165 3766 1209 3816 pro
1220 3752 1342 3812 omnibus,
1353 3759 1381 3803 Α.
1401 3753 1578 3816 i'irginius‚sic
1591 3760 1631 3807 est
1641 3756 1742 3808 locutus
1756 3776 1763 3805 ι

1088 4101 1117 4149 ll.
1135 4119 1146 4141 «
1163 4098 1288 4157 Quamdiu
1301 4098 1481 4162 iudicavimus,
1502 4113 1548 4151 uos
1560 4101 1622 4152 nibil
1634 4103 1839 4156 certibabcrede

1057 4207 1070 4229 ιι
1087 4187 1172 4247 malis,
1199 4202 1255 4251 qua·
1274 4187 1465 4249 nunciabantur,
1490 4188 1535 4239 aed
1555 4203 1672 4242 rumores
1691 4192 1800 4244 incertos
1816 4196 1841 4245 et

1058 4296 1070 4318 ιι
1088 4274 1135 4324 srde
1155 4278 1266 4325 carentes
1298 4274 1451 4334 audirimus,
1477 4289 1525 4325 nou
1555 4291 1645 4328 sumus
1660 4279 1725 4333 ausi.
1750 4280 1840 4331 Patras

1058 4384 1070 4406 ι
1087 4364 1229 4426 conscripti,
1240 4364 1271 4415 de
1283 4364 1314 4415 iis
1327 4363 1359 4414 ad
1373 4379 1418 4412 ros
1433 4366 1537 4425 reterre,
1557 4366 1625 4428 quod
1643 4380 1793 4427 vereremur,
1807 4382 1840 4419 ne

1058 4473 1070 4494 ιι
1085 4467 1187 4516 magnus
1210 4455 1332 4504 tumultus
1348 4456 1499 4505 excitaretur
1514 4457 1557 4516 (ul
1572 4457 1636 4507 solet
1644 4456 1765 4518 accidere,
1777 4472 1839 4521 quu-

1057 4563 1069 4585 ιι
1084 4544 1128 4591 ties
1139 4548 1210 4594 atrox
1226 4545 1314 4608 aliqrris
1326 4548 1432 4596 nuncius
1448 4545 1593 4610 accipitur),
1607 4551 1632 4597 et
1644 4560 1798 4612 careremus,
1809 4563 1838 4600 ne

1057 4654 1069 4675 ιι
1084 4633 1205 4694 celerius,
1227 4648 1300 4697 quam
1324 4635 1470 4698 prudentius
1493 4637 1625 4687 consilinm
1658 4638 1744 4690 iniisse
1769 4640 1838 4690 rubia

1056 4741 1068 4763 ιι
1085 4723 1232 4771 riderernur.
1267 4724 1338 4772 llaud
1358 4730 1440 4774 tamen
1464 4726 1509 4775 lios
1525 4738 1638 4776 rumores
1664 4729 1837 4792 negleximus:

1056 4830 1068 4852 ιι
1083 4811 1135 4869 scri,
1152 4811 1309 4873 quantumin
1330 4812 1400 4862 uobis
1419 4813 1472 4870 luit.
1500 4814 1629 4863 ceritatem
1654 4816 1840 4867 accuratissime

1057 4917 1069 4941 ιι
1083 4900 1252 4962 quaesivimus.
1287 4903 1356 4949 bunc
1376 4916 1443 4960 vere,
1463 4902 1657 4965 quandodirina
1674 4905 1838 4968 prouidentia,

1057 5014 1067 5033 ιι
1084 4992 1157 5054 bajus
1168 4992 1260 5054 imperii
1274 4996 1391 5057 perpetua
1405 4997 1503 5056 custos,
1520 4998 1585 5044 recte
1598 4995 1701 5055 taciens,
1714 4996 1840 5047 hominurn

1057 5105 1068 5125 ιι
1082 5082 1128 5131 diis
1147 5081 1299 5130 inimicorum
1316 5084 1412 5131 occulta
1428 5083 1530 5132 consilia
1544 5087 1569 5133 el
1588 5083 1679 5146 impios
1691 5089 1800 5139 conatur
1816 5085 1842 5137 in

1056 5192 1067 5214 «
1082 5172 1161 5222 lucem
1178 5170 1280 5235 prefert,
1297 5168 1430 5232 literaeque
1440 5171 1480 5221 hic
1494 5172 1613 5223 babemus
1625 5187 1715 5228 recena
1725 5179 1843 5244 acceptat
