3772 5828
677 382 964 454 AN'slQUlTATUM
986 382 1133 442 ROMAN.
1157 385 1231 443 LlB.
1256 386 1290 442 ll.

1734 387 1775 446 ”19

168 520 251 585 ὅσους
265 523 283 591 ἡ
299 516 399 587 πληθὺς
417 516 483 585 αὐτὴ
507 513 703 583 καταστήσαιτο
725 513 869 589 ἡγεμόνας,
887 517 955 591 βου-·
973 525 976 533 “
1004 521 1063 570 lium
1075 520 1205 581 habebant,
1217 520 1284 585 qnod
1298 535 1329 570 ex
1341 520 1500 583 optimatibus
1519 522 1657 581 constabat,
1678 527 1706 572 ut
1723 525 1775 572 llo·

168 603 313 684 λευτηριον
337 595 369 675 ἦν
395 605 424 661 ix
451 607 501 661 τῶν
531 602 692 681 κρατίστων,
719 607 753 665 ὼς
774 598 897 679 Ὅμηρός
922 622 950 658 τε

173 692 222 752 καλ
250 694 276 751 οδ
297 690 472 751 παλαιότατοι
493 693 545 748 τῶν
565 692 681 759 ποιητῶν
701 693 876 766 μαρτυροῦσι·
905 687 950 747 καὶ

174 779 335 863 αύχῶαπερ
351 781 377 838 δν
400 781 454 846 τοῖς
466 778 525 836 καθ’
551 782 622 848 ἡμᾶς
643 777 743 855 χρόνοις
765 778 883 842 αὐθάδεις
907 775 952 834 καὶ

136 888 152 924 εν
176 867 381 947 μονογνώμονες
399 857 467 939 ἦσαν
489 868 516 925 αἱ
540 869 593 925 τῶν
621 867 736 946 ἀρχαίων
763 864 889 940 βασιλέων
905 865 952 921 δυ·

174 964 311 1015 ναστιῖαε.

217 1044 300 1105 Xlll.
321 1041 371 1109 Ὧς
384 1042 411 1101 δί
427 1041 619 1100 κατεσκεύαστο
631 1039 714 1099 καὶτὸ
726 1041 889 1119 βουλευτικὸν
901 1041 952 1097 τῶν

176 1132 310 1212 γερόντων
320 1131 449 1209 συνίδρεον
462 1131 492 1188 ἐκ
506 1133 557 1186 τῶν
568 1130 660 1188 ἑκατὸν
671 1128 782 1205 ἀνδρῶν,
798 1131 878 1204 θρῶν,
888 1127 953 1206 ὅπερ

178 1219 260 1295 εἰκὸς,
271 1218 310 1277 δτι
327 1218 373 1277 καλ
385 1219 504 1289 νεότητος
520 1218 590 1297 αὐτῷ
603 1216 688 1286 δεήσει
702 1216 768 1280 τινὸς
780 1214 954 1293 συντεταγμέ-

121 1331 149 1372 tn
178 1334 237 1388 νης,
250 1300 269 1389 ᾖ
283 1309 411 1389 χρήσεται
422 1310 539 1385 φυλακῆς
550 1305 626 1365 ἕνεκα
639 1312 683 1364 τοῦ
699 1305 818 1380 σώματος
835 1305 954 1383 καὶπρὸς

178 1397 213 1458 τά
226 1397 415 1474 κατεπείγοντα
429 1399 481 1455 τῶν
493 1394 575 1475 ἔργων
585 1392 722 1474 θπηρεσίρ,
732 1393 893 1473 τριακοσίους
908 1394 954 1452 άν-

179 1488 245 1566 δρας
261 1488 356 1543 ἐκτῶν
374 1482 585 1564 ίπιρανεστάτων
601 1484 679 1543 οῐκων
694 1480 753 1546 τούς
765 1481 955 1558 ὶρρωμενεστά·

180 1597 241 1639 τους
262 1581 316 1638 τοῖς
340 1576 460 1648 σώμασιν
482 1568 679 1647 ἐπιλεξάμενος,
705 1566 748 1633 ebe
770 1566 905 1635 ἀπέδειξαν
927 1571 955 1627 αἱ

1004 652 1086 689 merus
1112 643 1138 689 et
1165 638 1329 701 antiquissimi
1356 643 1435 702 poete
1459 642 1591 690 testantur.
1625 641 1710 702 licque
1734 643 1777 700 (ut

1005 757 1088 803 nostro
1100 753 1208 816 seculo)
1220 768 1305 817 regum
1318 755 1455 818 priscorum
1464 755 1605 805 dominatus
1619 760 1671 804 erat
1688 768 1777 818 super·

1005 866 1061 926 bns,
1075 880 1155 930 neqnc
1166 867 1197 917 ab
1208 868 1281 917 nnius
1296 869 1415 918 sententia
1433 868 1562 932 pendebat.

1038 1053 1104 1103 xiil.
1128 1051 1268 1103 constituto
1283 1053 1357 1116 igitur
1369 1057 1455 1103 senatu
1479 1067 1509 1104 ex
1525 1059 1623 1104 neutum
1646 1056 1712 1118 viris,
1725 1055 1780 1104 nni·

1007 1153 1162 1204 madvertens
1180 1154 1224 1218 (ut
1235 1158 1351 1217 parerat)
1371 1154 1418 1205 sibi
1430 1155 1503 1205 etiam
1522 1155 1727 1218 eliquatur-enum
1747 1156 1781 1205 in·

1007 1256 1100 1303 structa
1111 1267 1184 1303 mann
1196 1267 1257 1317 opus
1268 1254 1328 1313 lore,
1347 1249 1399 1303 tum
1411 1255 1442 1303 ad
1454 1267 1544 1316 corpus
1553 1268 1624 1304 suurn
1640 1256 1778 1316 tutandum.

1008 1358 1061 1403 tum
1075 1355 1148 1405 ctiam
1158 1358 1186 1404 ut
1195 1355 1227 1404 ad
1241 1360 1357 1419 urgentes
1372 1355 1528 1406 necessitates
1539 1370 1623 1406 eornm
1635 1371 1709 1419 opera
1723 1363 1780 1410 nte·

1009 1460 1084 1518 retur,
1095 1469 1138 1507 ccc
1151 1457 1218 1507 viros
1227 1457 1445 1507 illustrissimorum
1461 1456 1615 1516 familiarum.
1629 1473 1728 1522 corpore
1738 1474 1781 1510 ro-

1009 1558 1165 1608 bustissimos
1177 1558 1257 1621 clegit,
1281 1572 1343 1621 qnos
1354 1559 1435 1609 curie
1448 1558 1534 1609 οοιίοεα
1554 1559 1627 1610 modo
1645 1574 1696 1623 quo
1705 1563 1780 1611 Sena-

181 1671 297 1742 ρρθτραε
307 1661 352 1719 τὸν
367 1660 443 1720 αὑτὸν
458 1659 551 1738 τρόπον
564 1660 642 1736 ὅνπερ
656 1655 715 1723 τοὺς
725 1656 873 1735 βουλευτάς,
884 1657 955 1735 [ἑκά-
1009 1662 1075 1708 tores
1088 1659 1275 1721 designaverunt
1286 1659 1449 1724 [unaquaque
1459 1660 1535 1709 curia
1546 1661 1631 1710 decem
1651 1660 1751 1711 invenes
1764 1662 1782 1726 ε]

123 1763 150 1802 ¹⁵
182 1773 234 1821 στη
249 1749 352 1829 φράτρα
370 1748 433 1806 δάκοι
448 1746 531 1826 νέους]
545 1746 649 1812 τούτους
661 1743 717 1811 τοὺς
730 1745 822 1821 ἄνδρα(
838 1743 877 1800 οἷοὶ
896 1744 956 1821 περὶ
980 1769 983 1773 ·
1009 1762 1095 1824 lrisquc
1114 1761 1173 1810 viris
1187 1775 1282 1824 semper
1300 1764 1353 1812 erat
1366 1762 1480 1824 stipatus.
1497 1762 1550 1813 lllis
1570 1767 1652 1813 antem
1669 1762 1783 1813 omnibus

184 1836 263 1896 αὑτὸν
278 1826 361 1916 ῑδλῑΨ
376 1835 457 1912 ὄνομα
476 1834 502 1894 δὲ
523 1833 607 1893 '‘⁰¹⁹3''
627 1833 738 1899 ἅπαντάς
758 1832 782 1910 [3
807 1832 852 1889 καὶ
865 1837 888 1890 Οἵ
911 1838 955 1892 ”5⁹
980 1874 983 1915 l
1009 1875 1139 1912 commune
1165 1875 1254 1913 nomen
1274 1862 1320 1912 tuit
1349 1861 1462 1924 celeres,
1482 1867 1511 1913 ut
1535 1864 1643 1927 plerique
1672 1864 1784 1915 scribunt

184 1923 361 2000 κατέστησαν]
374 1915 443 1982 ούτοε
462 1921 539 2000 ἔσχον
557 1922 692 1998 Κελάριοι,
707 1923 740 1985 ὡς
755 1919 802 1994 μὲν
816 1923 839 1978 οῖ
853 1921 957 1989 πλείους

185 2010 339 2089 γράφωσιν,
353 2010 398 2068 ἐπὶ
411 2014 458 2080 τῆς
467 2009 587 2080 ὀξύτητος
594 2011 647 2066 τῶν
661 2010 824 2084 ὑπηρεσιῶν·
834 2007 892 2074 τοὺς
905 2010 956 2087 γάρ

187 2098 305 2175 ἑτοίμους
327 2098 372 2157 καὶ
385 2106 474 2178 ταχεῖς
487 2097 547 2175 περὶ
562 2096 596 2155 τά
618 2095 698 2175 ἔργα,
722 2095 837 2174 Κέλερας
851 2098 874 2155 οἱ
889 2095 957 2156 Ῥω-

127 2200 157 2238 οο
188 2194 262 2261 μαῖοι
278 2187 418 2245 καλοῦσιν·
432 2188 467 2252 ὡς
490 2184 516 2243 δί
541 2183 713 2260 Ούαλίριοςθ
738 2181 848 2249 Ἀντιεύς
862 2206 955 2262 φησιν,

187 2273 231 2333 δπῖ
243 2277 288 2333 τού
304 2272 430 2349 ἡγεμόνος
439 2276 523 2332 αὐτῶν
537 2272 606 2331 τοῦτ’
620 2270 723 2350 ίχοντος
737 2270 860 2347 τοῦνομα.
903 2262 956 2332 ’Ἦν

136 2364 139 2369 ’
185 2362 236 2441 γάρ
252 2361 298 2421 καλ
307 2361 406 2419 τούτων
418 2359 523 2438 ἡγεμὼν
537 2358 773 2440 δδιαιρανόστατος,
787 2351 882 2438 ᾧτρεῖς
896 2364 955 2419 bnt·

186 2449 308 2527 τάγησαν
326 2446 528 2524 ἑκατοντάρχαι,
544 2449 589 2507 καὶ
605 2437 676 2513 αὖθις
694 2448 737 2503 ὑπ’
751 2448 853 2512 ἐκείνοις
875 2447 957 2527 ἕτερον

189 2534 239 2599 τδις
257 2532 446 2612 ὑποδεεστέρας
469 2532 570 2610 ἔχοντες
584 2535 679 2613 αἰρχάς·
695 2533 720 2592 οἳ
735 2534 802 2592 κατὰ
819 2535 894 2595 πόλιν
910 2536 956 2612 μὲν

126 2646 160 2683 νε
192 2619 355 2699 αἰχμορόροι
369 2622 392 2678 τ’
407 2622 478 2701 αὐτῷ
491 2622 696 2699 παρηκολούθουν
715 2622 760 2681 καὶ
785 2625 836 2681 τῶν
851 2629 957 2682 κελευο-

190 2707 280 2783 μίνων
295 2706 439 2785 ὑπηρέται,
463 2706 532 2766 κατά
549 2709 575 2767 δὲ
592 2707 636 2775 τὰς
662 2708 799 2787 στρατείας
823 2709 957 2789 πρόμαχοί

190 2797 216 2854 τ’
241 2786 310 2866 ἦσαν
335 2791 381 2851 καὶ
397 2793 591 2872 παρασπισταί·
611 2795 654 2854 καὶ
672 2795 705 2852 τὰ
721 2786 871 2855 πόλλόύτοι
888 2819 956 2855 κατ·

186 2883 289 2964 ῶρθουν
313 2882 340 2939 δν
363 2880 415 2948 τοῖς
443 2882 524 2959 ἀγῶσι
548 2880 647 2960 πρῶτοί
670 2880 693 2938 τ’
718 2880 841 2960 ἄρχοντες
867 2881 955 2961 μάχης

186 2968 233 3032 καί
251 2970 399 3029 τελευταῖοι
418 2971 468 3027 τῶν
481 2969 566 3027 ἄλλων
590 2970 773 3051 ἀρεσσάμενοι,
787 2971 875 3036 ἱππεῖς
890 2969 955 3046 μὲν,

134 3070 163 3110 ³⁰
187 3059 249 3118 ἔνθα
279 3055 425 3128 ἐπιτήδειον
455 3055 494 3128 εἴη
518 3056 606 3117 πεδίον
629 3060 859 3138 ἐνιππομαχῆσαι,
885 3058 956 3127 πεζοὶ

189 3145 232 3223 bt,
247 3144 313 3204 ὅπου
333 3142 432 3224 τραχύς
443 3142 483 3215 εἴη
498 3144 543 3202 καὶ
560 3145 670 3210 ἄνιππος
683 3146 769 3210 τόπος.
811 3144 897 3204 Τοῦτό
912 3170 956 3221 μοι

188 3235 257 3292 δοκεῖ
279 3231 352 3313 παρὰ
372 3233 586 3308 Δακεδαιμονίων
604 3233 807 3310 μετενέγκασθαι
832 3234 861 3290 τ“ο
887 3233 957 3306 ἔθος,

190 3318 280 3396 μαθὼν
303 3321 344 3380 ὅτε
370 3318 416 3379 καῖ
438 3322 504 3399 παρ’
526 3319 632 3384 ἐκείνοις
657 3321 680 3377 οἱ
708 3321 882 3395 γενναιότατοι
905 3325 957 3377 τῶν

189 3406 254 3466 atne
275 3406 420 3485 τριακόσιαι
445 3406 557 3487 φύλακες
580 3399 647 3477 ἦσαν
677 3410 728 3472 τῶν
755 3407 898 3483 βασιλέοιν,
921 3397 958 3475 οἷς

136 3511 163 3549 ου
194 3493 306 3571 ippum
325 3494 392 3554 κατὰ
414 3493 473 3562 τοὺς
486 3494 617 3569 πολέμους
629 3503 839 3573 παρασπισταῖς,
850 3494 958 3553 ἱππεῦσί

191 3583 216 3637 τ’
229 3572 286 3640 οὖσι
299 3582 344 3640 καὶ
364 3586 458 3652 πεζοῖς.

231 3668 310 3730 XIV.
335 3672 572 3746 Καταστησάμενος
606 3669 636 3739 δὴ
666 3675 749 3728 ταῦτα
779 3668 887 3746 διέκρινε
914 3671 959 3736 τὰς

191 3754 271 3831 τιμάς
303 3755 347 3815 καὶ
373 3756 420 3824 τάς
455 3754 583 3826 ἐξουσίας,
617 3756 646 3822 ἃς
686 3755 808 3821 ἑκάστους
845 3754 959 3814 ἔόούλετ’

191 3842 273 3924 ἔχειν.
328 3848 437 3906 Βασιλεῖ
463 3846 511 3922 μὲν
540 3835 582 3903 σύν
611 3844 720 3922 ἐξῄρητο
744 3843 859 3903 τάδετὰ
883 3843 957 3924 γίροι·

140 3952 167 3994 rrl
191 3936 295 4013 πρῶτον
317 3933 366 4013 μὶν
380 3936 456 4013 ἱερῶν
476 3934 521 3992 καί
542 3936 635 3994 θυσιῶν
658 3934 799 4012 ἡγεμονίαν
814 3935 899 4014 ἔχειν,
915 3933 960 3994 καί

191 4022 277 4080 πάντα
301 4022 336 4080 δι’
361 4023 460 4081 ίκείνου
476 4022 635 4101 πράττεσθαι
656 4024 690 4081 τδι
712 4022 777 4102 πρὸς
807 4024 865 4090 τοὺς
888 4024 961 4090 θεοὺς

192 4106 266 4167 ὅσια·
287 4109 379 4167 ἔπειτα
392 4109 478 4185 νόμων
493 4132 520 4167 τε
543 4109 589 4168 καὶ
610 4112 727 4190 πατρίων
748 4113 861 4187 ἐθισμῶν
877 4114 960 4192 ρυλα·

187 4193 236 4265 κήν
258 4198 405 4273 ποιεῖσθαι,
428 4199 474 4255 καὶ
493 4201 589 4265 παντὸς
603 4204 648 4257 τοῦ
668 4200 737 4257 κατὰ
754 4199 829 4278 φύσιν
851 4200 868 4271 ἢ
891 4199 961 4258 κατά

181 4282 322 4354 ’συνθήκας
345 4285 447 4345 δικαίου
469 4289 604 4364 προνοεῖν,
624 4290 674 4345 τῶν
700 4291 724 4344 τ’
744 4287 913 4362 ἀδικημάτων
928 4285 961 4346 τά

146 4395 168 4434 εν
192 4370 304 4446 μέγιστα
319 4371 367 4447 μὲν
387 4372 464 4432 αὐτὸν
490 4373 622 4444 δεκάζειν,
646 4377 679 4433 τά
710 4377 732 4433 δ’
758 4376 883 4433 ἐλάττονα
908 4384 962 4442 τοῖς

192 4459 345 4534 βουλευταῖς
359 4459 523 4539 ἐπιτρέπειν,
544 4450 732 4541 προνοούμενον
757 4460 799 4520 ίνα
822 4462 904 4538 μηδὲν
917 4462 962 4542 γί-

189 4568 282 4622 γνηται
299 4547 360 4626 περὶ
381 4546 426 4616 τὰς
442 4547 514 4615 δίκας
532 4551 703 4627 πλημμελές·
730 4549 826 4628 βουλήν
842 4573 872 4608 τε
896 4572 961 4609 συν-

185 4642 263 4709 ἀγειν
280 4634 325 4694 καὶ
346 4636 428 4711 δῆμον
455 4641 593 4714 συγκαλεῖν
615 4639 659 4697 καὶ
677 4638 785 4716 γνώμης
806 4637 897 4717 ἄρχειν
918 4637 963 4697 καὶ

192 4721 225 4778 τά
240 4721 351 4789 δόξαντα
361 4726 413 4789 τοῖς
426 4724 541 4782 πλείοσιν
556 4727 694 4786 ἐπιτελεῖν.
735 4730 828 4786 Ταῦτα
839 4724 888 4802 μὲν
900 4725 964 4785 άπά·

149 4821 171 4861 tt
196 4812 256 4868 δωκε
268 4811 370 4889 βασιλεῖ
385 4810 504 4890 τδγίρα,
518 4810 563 4870 καὶ
577 4813 615 4871 ἔτι
629 4815 691 4893 πρὸς
711 4813 809 4880 τούτοις
822 4813 962 4892 ἡγεμονίαν

192 4896 259 4975 ίχειν
275 4898 445 4980 αὐτοκράτορ’
459 4902 485 4959 ἐν
502 4899 619 4980 πολέμῳ.
671 4901 718 4980 Τῷ
734 4900 760 4960 δὲ
775 4902 900 4981 συνεδρίῳ
915 4906 962 4973 τῆς

192 4985 287 5062 βουλῆς
321 4986 400 5063 τιμὴν
431 4985 476 5047 καί
515 4986 668 5046 δυναστείαν
702 4988 811 5060 ἀνέθηκε
847 4990 963 5048 τοιάνδε·

187 5073 249 5155 ζπερὶ
263 5071 361 5140 παντὸς
374 5073 425 5132 ὅτε
439 5071 470 5133 δν
485 5076 622 5152 εἰσηγῆται
640 5072 761 5155 βασιλεὺς
783 5076 961 5154 διαγινώσκειν

191 5177 220 5216 'oe
251 5160 297 5217 καί
331 5163 416 5240 ψῆφον
445 5161 591 5242 ῖπερέρειν,
616 5163 662 5221 καὶ
695 5159 789 5220 δτεῖιν
824 5163 883 5238 δόξῃ
909 5170 961 5229 τοῖς

1009 1961 1166 2012 aministerii
1186 1962 1323 2015 celeritate:
1344 1974 1400 2012 narn
1425 1967 1550 2026 promptos
1566 1968 1593 2015 et
1611 1964 1642 2013 ad
1661 1978 1721 2027 opus
1741 1979 1783 2016 re·

1009 2062 1075 2114 loces
1093 2064 1195 2114 Romani
1210 2062 1303 2113 celeres
1319 2066 1416 2115 nocant.
1448 2064 1509 2127 sed,
1522 2068 1550 2115 ut
1569 2058 1679 2115 veterius
1699 2067 1784 2115 Aurios

1011 2168 1086 2228 ait‚a
1105 2168 1168 2219 (luce
1189 2181 1234 2217 suo
1252 2167 1300 2216 boc
1317 2179 1406 2218 nomen
1429 2165 1520 2219 babent
1541 2186 1547 2216 ε
1565 2181 1621 2217 nam
1635 2168 1673 2218 bis
1686 2183 1784 2233 qnoque

1010 2272 1061 2322 dux
1087 2273 1191 2335 praerat
1217 2271 1323 2322 maxime
1351 2270 1465 2334 insignis,
1490 2271 1531 2322 cni
1555 2275 1607 2322 tres
1630 2273 1785 2324 centuriones

1012 2373 1129 2438 parebant
1150 2377 1176 2425 et
1197 2374 1236 2423 liis
1259 2374 1308 2435 alii,
1326 2376 1368 2438 qni
1382 2376 1488 2426 minores
1516 2379 1634 2439 praeturas
1656 2379 1782 2440 gerebant,

1010 2475 1054 2539 qui
1079 2488 1122 2537 per
1142 2474 1226 2524 urbem
1247 2488 1303 2524 cum
1325 2475 1416 2525 hastati
1437 2476 1601 2539 sequebantur
1621 2482 1646 2528 et
1668 2480 1786 2542 imperate

1011 2577 1139 2637 iaciebant,
1161 2578 1184 2625 in
1203 2577 1254 2640 ipsa
1267 2590 1325 2626 vero
1344 2576 1431 2627 militia
1449 2581 1640 2641 propugnatores
1655 2582 1681 2628 et
1701 2578 1786 2631 delen·

1011 2690 1079 2728 sores
1099 2680 1177 2728 erant.
1210 2679 1241 2727 Et
1255 2691 1321 2741 saepe
1334 2677 1376 2728 isti
1394 2678 1418 2727 in
1438 2676 1531 2741 proeliis
1550 2678 1660 2730 victoriae
1674 2683 1785 2731 auctores

1011 2782 1089 2841 crant,
1112 2778 1180 2844 qnod
1208 2781 1233 2830 et
1255 2778 1377 2843 pugnandi
1401 2779 1495 2830 initium
1526 2779 1666 2842 iaciebant,
1688 2786 1712 2832 at
1727 2795 1784 2832 orn·

1011 2881 1078 2932 nium
1094 2883 1207 2945 postremi
1224 2881 1384 2942 recedebant,
1411 2883 1506 2945 equites
1526 2883 1639 2946 quidem,
1657 2884 1697 2934 ubi
1719 2899 1786 2940 eam·

1011 2993 1057 3042 pus
1080 2979 1112 3028 ad
1138 2985 1253 3042 equestre
1277 2982 1403 3030 certarnen
1429 2983 1495 3030 esset
1513 2981 1671 3039 commodum
1692 2982 1786 3044 pentes

1012 3091 1078 3138 reru,
1091 3077 1133 3128 nbi
1148 3078 1217 3128 locus
1233 3082 1300 3130 esset
1320 3091 1400 3139 asper,
1420 3081 1446 3127 et
1463 3076 1494 3126 ad
1510 3077 1667 3141 equitandum
1690 3081 1784 3128 incoru-

1011 3169 1109 3228 modns.
1142 3180 1214 3228 llunc
1232 3183 1316 3229 autem
1329 3191 1422 3228 morem
1447 3177 1567 3230 Romulus
1580 3178 1640 3227 milri
1661 3179 1786 3230 videtura

1011 3277 1201 3328 Lacedaemoniis
1216 3277 1348 3340 accepisse,
1364 3281 1490 3341 comperto
1508 3276 1576 3341 quod
1588 3277 1653 3339 apud
1673 3277 1726 3326 illos
1747 3290 1787 3340 ge·

1012 3377 1161 3427 nerosissimi
1171 3377 1273 3427 tresenti
1284 3376 1403 3428 inrcnnm
1414 3390 1498 3440 regum
1508 3376 1623 3426 custodes
1641 3377 1720 3437 erant,
1733 3377 1787 3439 qui·

1013 3476 1060 3529 bns
1082 3479 1261 3542 protectoribus
1282 3479 1308 3528 ln
1331 3480 1401 3530 bellis
1422 3479 1555 3529 utebantur
1577 3477 1699 3540 equitibus
1715 3477 1786 3528 iuxta

1012 3588 1042 3626 ac
1058 3575 1189 3639 peditibus.

1043 3683 1107 3732 XIV.
1123 3679 1168 3730 llis
1179 3680 1320 3731 constitutis
1333 3681 1460 3732 distribuit
1475 3683 1578 3732 bonores
1592 3686 1617 3730 et
1634 3686 1784 3745 potestates,

1020 3787 1081 3838 quas
1099 3785 1299 3837 unumquemque
1311 3775 1402 3825 babere
1417 3774 1525 3825 volebat.
1558 3780 1592 3823 Ac
1605 3775 1668 3835 regis
1683 3776 1785 3838 quidem

1013 3866 1069 3918 lraec
1082 3879 1185 3917 munera
1195 3879 1250 3917 csse
1262 3866 1336 3917 lussit
1352 3884 1358 3916 τ
1374 3867 1496 3930 primum,
1515 3868 1543 3916 ut
1556 3878 1680 3914 sacrorum
1693 3871 1718 3915 et
1739 3879 1781 3915 sa-

1013 3959 1159 4011 crificiorum
1180 3958 1344 4023 principatum
1363 3959 1481 4019 haberet,
1500 3963 1525 4009 et
1543 3972 1628 4008 ornnes
1643 3973 1683 4008 res
1697 3959 1787 4011 ‹livinrc

1014 4069 1056 4119 per
1087 4067 1146 4106 eum
1173 4057 1309 4118 agerentur.
1343 4053 1452 4111 Deinde.
1479 4056 1506 4102 nt
1529 4053 1610 4116 legum
1637 4068 1666 4101 ne
1692 4067 1787 4103 morum

1014 4147 1148 4212 patriorum
1164 4151 1249 4196 custos
1265 4148 1339 4204 esset,
1358 4148 1383 4193 et
1404 4144 1483 4193 omnir
1503 4144 1564 4194 iuris
1578 4145 1697 4194 naturalis
1711 4149 1736 4195 et
1756 4159 1787 4196 ea

1014 4241 1139 4290 communi
1162 4238 1288 4287 hominurn
1314 4250 1433 4286 consensu
1462 4236 1546 4299 scripti
1575 4250 1659 4287 curam
1680 4242 1786 4303 gereret3

1014 4338 1041 4384 ct
1062 4334 1094 4384 de
1111 4331 1264 4396 gravissimis
1284 4330 1380 4380 iniuriis
1407 4331 1457 4392 ipse
1477 4335 1650 4393 macresceret,
1667 4331 1786 4382 leviorum

1015 4440 1074 4478 roro
1099 4438 1241 4477 caussarum
1262 4423 1421 4484 mgnitionem
1445 4422 1601 4473 senatoribus
1623 4425 1785 4487 pennitteret,

1015 4523 1048 4570 ita
1062 4523 1142 4569 tamen
1155 4522 1183 4568 ut
1198 4520 1297 4567 careret
1311 4530 1341 4566 ne
1355 4515 1414 4577 quid
1436 4515 1460 4565 in
1479 4514 1573 4566 iudiciis
1588 4521 1745 4579 peccaretum
1761 4520 1786 4567 ct

1015 4616 1125 4664 senatum
1153 4615 1250 4675 cogeret
1271 4610 1435 4672 populumque
1458 4615 1619 4671 convocaret,
1646 4611 1787 4672 primusque

1015 4704 1159 4755 sententiam
1171 4704 1273 4763 diceret,
1295 4715 1401 4764 qumque
1422 4701 1531 4764 pluribus
1551 4704 1605 4751 visa
1624 4700 1736 4759 luissent,
1758 4710 1787 4747 ea

1015 4798 1114 4849 iaceret.
1136 4800 1216 4859 Atque
1233 4793 1279 4845 bos
1292 4794 1392 4857 quide-m
1407 4793 1512 4845 bonores
1530 4795 1581 4853 reqi
1595 4791 1683 4840 detulit
1695 4808 1709 4866 :¹
1722 4800 1786 4851 μεω-

1014 4899 1082 4946 terno
1103 4905 1176 4954 vero,
1202 4893 1230 4941 nt
1249 4891 1274 4939 in
1298 4890 1362 4939 bello
1386 4902 1510 4938 summum
1530 4886 1630 4935 baberet
1646 4883 1785 4944 imperium.

1015 4985 1123 5036 Consilio
1140 4996 1200 5033 vern
1220 4984 1360 5031 senatorum
1381 4981 1447 5030 lrnnc
1464 4979 1579 5028 honorem
1595 4979 1620 5024 et
1639 4975 1786 5037 potestatem

1015 5077 1092 5138 dedit,
1113 5081 1142 5125 nt
1160 5075 1191 5125 de
1214 5088 1240 5124 rc
1259 5073 1368 5136 qnalibet
1382 5085 1457 5134 quam
1476 5083 1520 5117 rer
1534 5067 1565 5116 ad
1585 5079 1627 5117 eos
1651 5066 1785 5131 retudisset,

1016 5172 1190 5232 cognoscerent
1215 5171 1238 5216 et
1254 5165 1395 5226 suffragium
1420 5163 1511 5211 tenent
1546 5162 1572 5209 et
1594 5159 1661 5217 quod
1678 5160 1786 5222 plurium
