3772 5828
191 343 252 401 288
708 339 872 400 DIONYSH
892 342 1261 404 Hattcaannssensts

193 470 302 551 φρούρια
317 470 349 529 ab
367 469 480 542 πλησίον
497 469 620 535 ἑκάστους
638 473 812 550 καταφυγεῖν,
830 472 898 530 ἀλλά
912 472 958 531 καλ

193 564 245 619 τῶν
265 557 333 617 κατὰ
347 560 423 618 πολιν
446 563 591 631 τηνικαῦτα
617 557 812 638 διατριόόντων.
854 559 888 620 Ὁ
909 561 959 639 γάρ

194 647 279 722 ίτερος
292 651 344 707 τῶν
360 649 465 706 ὑπάτων
480 648 626 724 Ποστόμιος
640 648 687 705 οὐκ
701 647 811 718 ἀνεκτὴν
833 637 960 718 εἶναιτὴν

194 735 269 815 ῦόριν
295 740 347 795 τῶν
374 735 506 811 πολεμίων
536 735 700 813 ἡγησάμενος
731 735 860 807 ἀξεόοήθιι
892 736 960 795 κατά

151 842 165 882 s
194 826 329 902 σπουδήν,
344 825 401 890 τοὺς
422 825 643 903 ἐπιτυγχάνοντας
663 823 734 899 ἀγων
762 824 961 905 προχειρότερον

195 913 294 988 μᾶλλον
307 911 324 982 ἢ
337 910 539 990 φρονιμώτερον.
581 910 635 978 Οθς
645 910 740 979 ἰδόντες
755 914 778 970 ot
794 911 905 972 Σαόῖνοι
915 911 961 972 σῦν

1011 479 1102 531 mnam
1121 482 1254 543 invaserat,
1269 485 1399 547 numquam
1407 497 1493 535 omnes
1508 484 1534 536 in
1551 488 1660 550 proxima
1673 493 1779 544 castella

1013 575 1159 639 refugerant,
1174 578 1302 629 sedetiam
1319 578 1410 628 civium
1425 579 1777 649 quituncinnrbedegebant.

1014 670 1075 719 Nam
1090 672 1231 722 Postumius
1251 672 1314 723 alter
1330 672 1424 734 consui,
1444 673 1508 724 banc
1522 674 1631 726 hostium
1647 681 1777 731 contume-

1015 760 1073 813 tiam
1096 776 1144 813 uon
1172 763 1296 815 ferendam
1317 770 1396 828 retus,
1418 766 1561 819 festinanter
1581 769 1701 822 ensiiium
1725 775 1780 824 suis

1015 855 1111 911 laturus
1123 874 1235 924 egressus
1247 865 1296 922 est,
1309 875 1365 912 cum
1383 862 1515 926 repentinis
1528 864 1604 928 copiis
1621 867 1707 918 maiust
1722 880 1780 919 oum

1016 952 1351 1016 audaciaquamprudentia.
1384 954 1541 1012 QuosSabini
1548 958 1685 1021 maspicati
1695 971 1783 1022 magna

1017 1058 1074 1095 cum
1091 1046 1271 1118 contemptione
1284 1047 1309 1096 in
1321 1059 1348 1096 se
1360 1046 1429 1106 ferri,
1443 1047 1517 1098 nuliis
1533 1051 1639 1101 serratis
1657 1051 1784 1106 ordinibus

1019 1141 1045 1188 et
1064 1137 1212 1203 dissipatos,
1225 1153 1275 1202 quo
1288 1140 1365 1202 magis
1381 1154 1466 1191 eorum
1480 1143 1686 1207 contemptionem
1708 1158 1784 1210 ange·

1019 1237 1082 1294 rent,
1094 1233 1199 1284 celerius
1213 1248 1287 1298 quern
1304 1234 1404 1284 militari
1417 1235 1496 1299 gradu
1509 1236 1627 1288 simulata
1647 1239 1703 1304 fuga
1716 1243 1783 1293 retro

1019 1325 1133 1388 abibant,
1145 1327 1224 1378 donec
1241 1328 1267 1377 in
1278 1328 1352 1378 silvas
1366 1327 1455 1379 densas
1477 1333 1605 1392 venerunt,
1618 1331 1660 1382 ubi
1671 1331 1781 1396 reliquus

1019 1433 1105 1471 eorum
1118 1421 1241 1471 exercituo
1258 1420 1421 1472 subsedemt:
1438 1419 1525 1472 deinde
1537 1423 1649 1473 murensi
1668 1426 1782 1476 itomanis

1019 1515 1195 1576 persequentes
1209 1513 1316 1577 aggressi
1326 1517 1385 1563 sunt
1397 1513 1518 1577 simulque
1537 1514 1581 1578 qui
1595 1517 1665 1565 ment
1681 1517 1706 1566 in
1720 1517 1783 1566 silua

1020 1619 1106 1668 magno
1130 1606 1228 1656 sublato
1244 1606 1350 1656 clamore
1373 1619 1417 1657 eos
1437 1606 1559 1658 invasere.
1590 1610 1674 1667 Quum
1700 1615 1782 1661 autem

1020 1697 1133 1749 homines
1154 1698 1248 1749 nubum
1277 1699 1390 1750 ordinem
1410 1702 1537 1753 servantes
1565 1703 1592 1753 et
1610 1703 1782 1765 perturbatos,

195 1003 280 1076 πολλῇ
293 1000 485 1079 καταφρονήσει
499 1005 647 1079 χωροῦντας
659 1001 702 1056 ἐπὶ
713 1001 963 1081 σφάςάσυντάκτσνς

195 1111 224 1147 τε
234 1088 488 1159 καλδιεσπασμίνους
496 1088 543 1147 ἀπ’
554 1088 685 1158 ἀλλήλων,
694 1087 732 1147 ότι
740 1090 840 1163 μᾶλλον
853 1088 964 1160 αὐξῆσαι

195 1176 225 1236 τδ
246 1181 423 1257 καταφρονοῦν
443 1178 527 1235 αὐτῶν
545 1177 699 1255 βουλόμενοι
726 1174 850 1246 θάττονῆ
879 1178 963 1256 βάδην

143 1295 168 1335 to
195 1263 396 1344 ἀνεχώρουν,όις
408 1262 440 1335 δὴ
465 1264 601 1343 φεύγοντες
616 1263 714 1336 ἀπίτω,
730 1261 777 1331 ἕως
794 1265 830 1329 είς
853 1264 964 1343 δρυμοὺς

197 1353 319 1434 ἀφίκοντο
348 1355 446 1430 βαθεῖς,
463 1350 544 1411 ἔνθό
561 1351 651 1419 λοιπὸς
671 1353 755 1411 αιίτιῖιν
771 1352 879 1431 στρατὸς
901 1355 964 1411 bm-

196 1442 307 1512 κάθητο·
316 1439 396 1498 ἔπειθ’
408 1439 616 1519 ὑποστρέψαντες
633 1439 748 1518 ἀχόιρουν
760 1443 813 1507 τοῖς
827 1439 965 1501 διάκουσον

196 1528 292 1606 ὁμόσε,
306 1528 352 1587 καλ
375 1529 398 1588 oi
413 1529 443 1586 ἐκ
453 1533 499 1588 τοῦ
513 1529 610 1606 δρυμοῦ
625 1529 692 1605 μίγα
707 1528 882 1595 ἀλαλάξαντες
896 1526 965 1588 ἵεντο

197 1616 237 1677 ἀπ’
253 1615 354 1683 αὐτούς.
395 1615 574 1683 ’ἀσυντάκτοις
591 1617 614 1674 δ’
625 1614 767 1696 ἀνθρώποις
781 1615 826 1673 καὶ
839 1637 966 1695 τεταραγ-

144 1735 169 1775 pe
198 1705 285 1781 μένοις
300 1703 346 1763 καί
357 1703 407 1764 ὑπὸ
420 1708 466 1763 τοῦ
484 1705 580 1784 δρόμου
608 1702 828 1781 συγκεκομμένοις
842 1702 875 1761 sd
887 1702 965 1762 πνεό·

199 1816 272 1870 ματα
290 1792 382 1852 πολλοὶ
404 1792 450 1852 καί
478 1793 524 1853 σὺν
547 1792 638 1870 κόσμῳ
663 1792 812 1858 ἐπελθόντες
833 1792 966 1851 καταθάλ-

198 1882 273 1942 λουσί
289 1905 318 1940 τε
332 1876 390 1947 τοῦς
403 1881 483 1958 δμόσε
498 1887 658 1960 χωροῦντας,
673 1881 718 1939 καί
736 1880 794 1947 τοὺς
807 1879 913 1947 λοιποὺς
929 1882 966 1948 εἰς

199 1971 282 2050 φυγήν
300 1970 467 2053 ὁρμήσαντας
484 1969 674 2046 ὑποτεμόμενοι
688 1967 735 2034 τάς
762 1968 799 2034 είς
819 1966 866 2039 τήν
890 1969 967 2027 πόλιν

1021 1795 1096 1855 atque
1115 1791 1146 1841 ob
1167 1805 1267 1842 camum
1282 1792 1396 1857 fatigatos
1417 1795 1444 1845 et
1461 1794 1618 1858 anhelantes,
1641 1797 1714 1847 inniti
1732 1798 1785 1849 acie

1021 1882 1143 1934 instructa
1164 1883 1322 1945 invaderent,
1340 1889 1456 1937 sternunt
1475 1887 1562 1939 obvios
1600 1903 1713 1956 quosque
1741 1889 1785 1957 qui

1022 1990 1105 2027 secum
1118 1978 1233 2042 congredi
1245 1979 1385 2041 audebant,
1401 1983 1427 2032 et
1442 1981 1549 2046 reliquos
1560 1983 1603 2047 qui
1618 1985 1644 2034 in
1661 1985 1746 2050 fugam
1759 1999 1786 2036 se

197 2059 324 2140 φερούσας
338 2060 410 2125 itote
425 2062 460 2125 εἰς
482 2057 583 2135 ὀρεινήν
600 2080 659 2116 τινα
681 2055 864 2116 κατακλείουσι
890 2056 967 2135 ῥάχιν

1021 2068 1150 2134 dederant,
1164 2071 1307 2136 interceptis
1327 2073 1454 2125 itineribus
1472 2073 1507 2126 sd
1524 2073 1611 2125 urbem
1636 2077 1785 2144 ferentibus,

144 2168 171 2206 ²⁰
198 2147 306 2226 litim·
350 2149 463 2224 Θίμενοι
486 2145 513 2203 δὲ
537 2144 649 2216 πλησίον
669 2145 753 2202 αὐτῶν
770 2140 802 2201 τά
817 2143 899 2201 ὅπλα·
923 2141 967 2211 νῦξ
992 2180 995 2299 Ι

1022 2161 1047 2210 in
1062 2162 1170 2226 quodam
1181 2164 1279 2214 deserto
1291 2168 1318 2216 et
1332 2179 1420 2231 sepem
1432 2167 1521 2219 montis
1533 2167 1608 2217 dorso
1616 2169 1782 2222 concludunt:

199 2234 249 2313 γάρ
272 2234 322 2305 ήδη
337 2231 536 2309 κατελάμόανε·
558 2229 675 2311 φυλακάς
698 2233 830 2289 ἐποιοῦντο
854 2232 879 2288 δῖ
906 2230 968 2303 ὅλης
1021 2255 1144 2319 armisque
1153 2270 1228 2321 prope
1239 2271 1282 2309 eos
1293 2260 1454 2323 positisfnor
1462 2259 1576 2310 emmeos
1595 2259 1645 2310 ἰεπι
1658 2275 1784 2324 oppresse·

199 2320 304 2392 νυκῑθῦι
317 2319 522 2393 ἵναμθλᾶθθῑῑν
539 2318 783 2397 σθᾶίάπθθθᾶ”“ί·
826 2317 876 2386 Ὧς
892 2320 916 2376 δ’
932 2323 968 2387 ²³⁴
1022 2347 1081 2412 rat)
1097 2362 1142 2412 per
1155 2352 1233 2399 totam
1254 2356 1350 2401 noctem
1362 2353 1510 2404 excubantes
1521 2352 1710 2413 servabant,nc
1721 2355 1785 2406 clam

198 2409 245 2479 τήν
269 2407 378 2486 Ῥώμην
399 2408 428 2466 τὸ
456 2408 537 2473 πάθος
561 2406 731 2485 ἀπηγγέλθη,
760 2407 866 2486 ταραχή
888 2408 910 2465 τ’
934 2401 966 2481 ἦ*
1022 2441 1173 2505 aufugerent.
1205 2446 1260 2502 Qua
1274 2445 1342 2493 stade
1355 2447 1456 2495 Romam
1478 2444 1630 2505 renueuau,
1645 2445 1731 2508 ingens
1745 2451 1786 2497 tu·

198 2498 283 2571 πολλή
303 2498 348 2556 καί
363 2498 457 2578 δρόμος
477 2496 518 2555 iet
534 2498 567 2556 τθι
588 2495 662 2575 τείχη
683 2495 728 2554 καί
749 2496 804 2562 δέος
827 2494 965 2569 ἁπάντων,
993 2486 995 2569 ί

144 2612 171 2652 να
199 2586 236 2664 μὴ
258 2584 301 2644 διά
315 2585 407 2652 νυκτδς
432 2587 466 2652 εἰς
480 2583 527 2655 τήν
542 2585 617 2643 πολιν
632 2584 728 2642 ε’λθοιεν
748 2586 772 2643 oi
786 2582 907 2659 πολίμιοι
929 2586 967 2664 τῷ
992 2574 995 2643 ί
1022 2535 1116 2675 :Funus
1126 2540 1204 2677 orius,
1213 2550 1395 2680 concu‘rsusqss'g
1407 2537 1536 2681 affimoem
1546 2538 1636 2643 factm*
1650 2552 1787 2646 οωθθθθΰθ

198 2674 380 2754 κατορθώματι
400 2676 569 2753 ἐπαρθέντες,
585 2676 634 2732 τῶν
653 2676 677 2731 τ’
692 2672 866 2732 ἀπολωλότων
883 2661 967 2739 οἶκτος
1034 2640 1158 2691 Μοῐωρι
1176 2666 1183 2688 ’
1198 2642 1227 2679 ne
1242 2643 1286 2678 ⁰⁰⁰
1300 2644 1315 2678 ¹¹
1328 2644 1359 2679 ur
1390 2644 1414 2680 ω
1447 2633 1514 2682 mm
1529 2631 1635 2683 mm
1648 2632 1788 2685 daumii·

199 2762 243 2823 καὶ
257 2768 308 2821 τῶν
323 2764 545 2843 περιλειπομένων
557 2762 627 2829 ἔλεος
636 2766 672 2829 ὡς
689 2759 966 2842 ἀναρπασθησομένων
992 2804 995 2841 :
1022 2719 1123 2830 dmm}
1147 2736 1238 2831 eofque
1257 2737 1378 2774 mrum
1405 2724 1553 2787 mmm’
1579 2729 1606 2777 et
1627 2732 1786 2832 superstfmm

1022 2823 1229 2868 commiseratione
1248 2819 1417 2882 merebantur,
1438 2820 1505 2884 quod
1525 2834 1569 2872 eos
1586 2834 1645 2871 mox
1659 2820 1691 2871 ob
1705 2825 1786 2872 vnctus

199 2942 285 3006 αὐτοῖς
299 2940 433 3021 ἐπικουρία
448 2936 632 3018 ταχεῖαέλθοι.
675 2926 967 3011 Ἐκείνηνμὲνοῦνπλν
992 2982 994 3027 γ
1022 2910 1165 3016 impifmin
1182 2911 1290 2961 h⁰⁵¹i¹¹m
1306 2916 1454 2976 mmmm
1469 2917 1585 3019 {emm
1601 2914 1783 3019 pumm'fiffi

146 3050 172 3088 w
199 3020 280 3088 γύκτα
295 3028 410 3109 πονήρας
432 3028 534 3106 ἔχοντες
547 3023 594 3091 nd<
616 3023 703 3104 ψυχὰς
718 3024 844 3100 ἄγρυπνοι
862 3025 965 3099 διῆγον,
992 3077 994 3091 ³
1022 3005 1131 3110 celeriter
1153 3010 1344 3056 succurreretur.
1379 3006 1448 3057 iilam
1472 3008 1549 3072 igitur
1571 3010 1666 3058 mrtem
1698 3020 1788 3057 animis

198 3119 268 3196 τῇμ
284 3116 340 3187 ἱρῆς
361 3115 448 3197 ἡμέρᾳ
471 3114 571 3181 πάντας
589 3112 649 3178 τοὺς
666 3114 692 3170 ρ,
716 3113 788 3190 ἀκμῇ
809 3113 967 3180 „agonum
1022 3100 1124 3149 deiectis
1146 3101 1270 3151 insomnes
1288 3105 1459 3166 transegerunt
1479 3121 1485 3152 :
1507 3102 1619 3166 sequenti
1642 3106 1728 3153 autem
1748 3102 1789 3152 dic

200 3207 290 3287 ἅτερος
314 3209 365 3264 τῶν
380 3206 485 3262 ὑπάτων
501 3201 628 3272 Μενήνιος
640 3193 701 3278 ήγεν
717 3198 867 3278 ἐπικούρους
876 3201 929 3266 τοῖς
940 3203 966 3257 ἐν
1022 3190 1531 3251 aturconsultrecentus,01nnesmniores
1540 3197 1647 3244 armatos
1657 3197 1787 3259 etcgrcgie

200 3299 236 3375 τῷ
251 3295 305 3375 ὄρει
323 3294 421 3367 κόσμον
436 3290 481 3348 καί
500 3288 573 3357 τάξιν
592 3289 778 3369 φυλάττοντας.
821 3286 929 3355 Ἰδόντες
944 3288 967 3343 δ’
1022 3284 1154 3334 instructos
1169 3285 1364 3346 atqneordinom
1377 3287 1614 3346 servantesedusit,
1628 3292 1657 3337 ut
1671 3288 1787 3338 auritium

200 3385 292 3453 αὐτοὺς
316 3387 340 3441 oi
366 3380 476 3442 Σαῦῖνοι
500 3379 656 3458 προσιόντας
682 3377 767 3436 οῦκίτι
789 3376 968 3455 παρέμειναν,
993 3354 996 3464 ί
1024 3381 1100 3430 ferret
1110 3379 1139 3429 iis
1152 3379 1195 3442 qui
1212 3379 1236 3427 in
1249 3384 1330 3430 monte
1339 3380 1522 3431 obsidebantur.
1555 3384 1588 3432 itt
1607 3381 1698 3442 Sabini,
1712 3396 1789 3444 quum

146 3492 171 3530 as
200 3473 259 3532 ἀλλ’
274 3470 467 3541 ἀναστήσαντες
485 3469 528 3527 τὸν
551 3469 635 3525 αὐτῶν
655 3465 766 3545 στρατὸν
781 3455 843 3541 ήγον
858 3464 968 3524 ἀπὸτοῦ
993 3488 996 3528 ι
1024 3485 1066 3523 eos
1079 3474 1238 3524 adventantes
1254 3474 1388 3531 vidissent,
1406 3474 1500 3524 diutius
1512 3488 1560 3525 non
1575 3478 1734 3537 manserunt,
1745 3475 1789 3525 sed

199 2850 292 2911 αὐτίκα
313 2853 384 2927 μάλα
400 2853 425 2910 δί
445 2851 555 2930 ἀπορίαν
569 2855 620 2909 τῶν
642 2852 803 2927 ἀναγκαίων,
828 2853 851 2910 si
869 2848 907 2927 μή
929 2872 967 2914 τις

200 3563 290 3642 ὄρους,
312 3562 432 3637 ἀποχρῆν
456 3557 569 3632 οἰόμενοί
594 3579 665 3636 σφισι
679 3554 726 3626 τήν
750 3559 884 3632 παροῦσαν
895 3557 968 3613 curu·
993 3537 996 3634 ί

199 3651 278 3728 χίαν·
293 3648 339 3707 καὶ
353 3650 381 3705 οὐ
396 3646 477 3706 πολύν
494 3648 531 3705 ἔτι
547 3646 726 3726 διατρίψαντες
744 3643 837 3722 χρόνον
851 3645 968 3724 ἀπῄεσαν
994 3648 996 3663 “

199 3737 242 3796 ἐπὶ
260 3737 293 3795 τά
308 3733 419 3816 σφέτερα
444 3732 489 3790 σῦν
512 3731 646 3812 αὐχήματι
666 3730 772 3809 μεγάλῳ
793 3732 968 3809 βοσκημάτων

199 3847 228 3881 τε
247 3827 292 3883 καὶ
308 3822 476 3903 ἀνδραπόδων
494 3820 539 3880 καί
560 3820 705 3899 χρημάτων
719 3818 844 3899 ἀφθόνους
866 3819 970 3898 ἀγοντες
994 3884 996 3919 Ι

146 3935 173 3970 so
200 3912 337 3990 ὠφελείας,
994 3924 997 4027 γ

241 4001 381 4059 XXXXV.
406 3996 534 4074 Ῥωμαῖοι
549 3998 572 4055 δ’
583 3998 786 4071 ἀγανακτοῦντες
798 3993 885 4073 ἀπλτῇ
901 4016 969 4067 συμ-
994 4030 997 4076 γ

109 4109 111 4112 ’
201 4091 287 4162 φορᾷ,
313 4085 357 4142 καὶ
379 4084 421 4144 τὸν
441 4086 526 4164 ἕτερον
547 4090 597 4142 τῶν
619 4084 723 4142 ῦπάτων
752 4080 919 4157 Ποστούμιον
943 4084 968 4139 ἒν
994 4080 997 4135 Ι

201 4169 294 4236 αἰτίαις
318 4172 431 4249 ἔχοντες,
459 4173 574 4250 ἔγνωσαν
598 4172 711 4235 ἀπάσαις
739 4170 863 4244 δυνάμεσι
887 4193 968 4248 στρα-

200 4259 282 4317 τεύειν
296 4258 364 4315 κατθι
378 4260 456 4339 τάχος
473 4262 515 4318 ἐπὶ
530 4263 576 4330 τήν
588 4259 707 4320 Σαύίνων
721 4262 781 4335 γῆν,
794 4258 841 4329 τήν
850 4282 879 4318 τε
888 4250 969 4330 ἧτταν

147 4357 172 4392 ⁴⁵
201 4348 313 4427 αἰσχράν
329 4347 372 4404 καὶ
388 4351 541 4406 ἀνέλπιστον
557 4348 697 4422 γενομένην
716 4349 895 4426 ἐπανορθῶσαι
906 4370 969 4426 προ·

201 4438 372 4510 θυμούμενοι,
389 4438 433 4490 καὶ
448 4436 490 4492 ἐπὶ
502 4441 534 4514 τῇ
549 4437 642 4493 νεωστί
662 4438 805 4515 ἀφικομένη
829 4437 901 4515 παρὰ
916 4440 968 4494 τῶν

200 4525 332 4598 πολεμίων
348 4520 475 4598 spectate
495 4522 594 4592 πολλὴν
608 4523 682 4602 ύόριν
705 4524 801 4601 ἐχούσῃ
823 4525 867 4581 καί
889 4525 969 4581 αῦθά-
995 4524 997 4569 ἶ

200 4611 270 4667 δειαν
284 4609 432 4687 ἀχθόμενοι.
475 4608 523 4675 Ὡς
544 4610 595 4688 γάρ
610 4611 641 4682 δή
666 4617 821 4689 κρατοῦντες
841 4608 967 4691 [αὐτῶν]

200 4696 250 4767 ήδη
264 4698 309 4756 καὶ
324 4697 385 4775 δίχα
397 4694 475 4754 πόνου
490 4698 537 4764 τήν
552 4695 661 4772 Ῥώμην
676 4698 839 4776 αἱρήσοντες,
856 4699 892 4774 μὴ
909 4702 970 4774 βου·
995 4716 998 4763 t

147 4803 173 4837 su
201 4784 316 4859 λομὲνων
331 4786 363 4842 τά
377 4783 534 4857 κελευόμενα
550 4789 648 4855 ποιεῖν,
663 4786 816 4864 Ταρκυνίοις
830 4809 857 4842 τε
873 4784 968 4843 διδόναι
995 4774 998 4866 ί

202 4870 249 4938 τὴν
265 4876 372 4931 κάθοδον
390 4871 507 4930 θκέλευον
523 4870 567 4927 καὶ
592 4875 637 4940 τῆς
663 4872 802 4950 ἡγεμονίας
829 4870 900 4948 σφίσι
920 4893 970 4926 πα·

205 4964 331 5036 ραχωρεῖν
355 4961 488 5019 πολιτείαν
509 4982 536 5017 τε
565 4958 779 5029 καταστήσασθαι
807 4961 851 5015 καί
879 4959 971 5033 νόμους

202 5038 245 5103 ὑῦς
260 5042 290 5099 ἀν
309 5049 332 5102 oi
349 5047 537 5126 κεκρατηκότες
549 5047 671 5115 τάξωσιν.
715 5047 929 5126 Ἀποκρινάμενοι
943 5043 969 5102 δὲ

179 5150 181 5153 ·
203 5134 257 5192 τοῖς
280 5131 452 5206 πρεσόευταῑς
476 5133 648 5211 ἀπαγγέλλειν
673 5135 735 5214 πρὸς
756 5135 785 5192 τὸ
804 5135 905 5206 κοινὸν,
932 5133 970 5190 ότι

1025 3565 1157 3617 confestim
1177 3568 1259 3631 copias
1280 3582 1294 3615 a
1318 3570 1401 3616 monte
1425 3566 1598 3628 abdnremnt,
1621 3568 1789 3618 existimantes

1024 3659 1113 3712 debere
1121 3675 1148 3711 se
1161 3661 1274 3725 praesenti
1284 3660 1398 3709 felicitate
1406 3662 1533 3709 contentos
1544 3673 1606 3709 osse.
1639 3663 1690 3710 Nec
1699 3662 1791 3711 diutius

1024 3750 1170 3800 commorati
1191 3750 1221 3797 ed
1234 3762 1293 3797 suos
1307 3763 1394 3810 magna
1415 3761 1469 3796 cum
1493 3747 1624 3797 iactatione
1648 3749 1788 3809 redierunt,

1023 3838 1118 3900 peeoris
1130 3840 1156 3888 ct
1175 3837 1354 3899 mancipiorum
1366 3840 1391 3886 et
1406 3836 1569 3899 pecuniarum
1584 3835 1690 3884 marinna
1706 3836 1788 3898 praecfa

1023 3926 1117 3975 abacta.

1054 4019 1171 4068 XXXXV.
1194 4022 1226 4067 At
1247 4018 1349 4067 Romani
1366 4031 1421 4068 eam
1436 4017 1530 4067 cladem
1546 4028 1610 4080 segre
1627 4017 1745 4074 ferentes,
1763 4020 1788 4067 et

1024 4112 1120 4175 cuipam
1134 4112 1159 4159 in
1176 4112 1279 4162 alterum
1302 4112 1428 4162 consulem
1450 4110 1602 4162 Postumium
1621 4109 1788 4171 conferentes,

1024 4206 1138 4255 omnibus
1152 4206 1230 4268 copiis
1241 4206 1273 4277 in
1289 4218 1375 4267 agrum
1392 4205 1509 4255 sabinum
1524 4203 1705 4269 expeditionem
1725 4202 1788 4252 ceie-

1025 4300 1084 4349 riter
1100 4301 1180 4350 facere
1203 4300 1387 4357 decrevernut3
1408 4303 1462 4347 tum
1483 4300 1541 4361 quie
1565 4299 1726 4348 vehementer
1745 4310 1790 4345 cu-

1024 4395 1123 4458 piebant
1134 4393 1290 4454 ignominiam
1300 4393 1428 4455 insperate
1440 4392 1516 4441 cladis
1527 4392 1640 4452 abutere,
1655 4396 1708 4441 turn
1719 4392 1791 4440 ctiam

1025 4489 1083 4551 quia
1101 4488 1192 4536 recenti
1206 4488 1313 4536 bostium
1325 4487 1443 4546 legatione
1463 4485 1534 4534 ualde
1555 4485 1660 4547 superba
1682 4490 1706 4534 et
1722 4498 1789 4534 arro·

1025 4581 1090 4646 genti
1111 4581 1200 4629 offensi
1216 4581 1320 4629 fucrant.
1355 4583 1416 4628 Nam
1433 4584 1461 4627 ut
1477 4591 1560 4628 rerum
1581 4577 1631 4625 iani
1653 4579 1740 4639 potiti,
1764 4583 1790 4627 et

1025 4678 1126 4726 Romam
1139 4674 1191 4723 sine
1204 4674 1287 4723 labore
1308 4672 1412 4734 carituri,
1431 4674 1450 4720 si
1466 4670 1555 4721 nollent
1570 4670 1689 4732 imperata
1710 4672 1790 4720 facere

1025 4768 1131 4818 udebant
1149 4780 1191 4815 eos
1205 4765 1339 4815 concedere
1351 4764 1490 4826 Tarquiniis
1501 4763 1608 4812 reditum
1623 4766 1649 4811 et
1668 4763 1700 4811 dc
1711 4765 1790 4825 impe-

1025 4862 1061 4911 rio
1073 4860 1120 4910 sibi
1134 4860 1230 4918 cedere,
1252 4860 1403 4918 farinamque
1414 4856 1556 4918 reipublicae
1566 4867 1596 4903 ac
1614 4854 1680 4918 leges
1695 4851 1788 4902 consti·

1025 4958 1112 5014 tuere,
1133 4967 1195 5016 quas
1211 4952 1318 5000 uictores
1336 4950 1395 5011 ipsis
1419 4947 1603 5011 imposuissent.
1637 4949 1788 5008 Responsum

1025 5052 1106 5099 autem
1116 5047 1210 5109 legatis,
1226 5045 1255 5094 ut
1272 5056 1324 5091 snm
1337 5042 1402 5104 genti
1413 5041 1466 5089 trees
1479 5041 1656 5100 renuntiarent,
1666 5041 1786 5087 Ronranos

1025 5141 1144 5206 imperare
1157 5137 1260 5198 Sabinis,
1273 5139 1299 5184 ut
1310 5148 1378 5182 aaran
1388 5133 1545 5196 depionercut,
1559 5140 1585 5185 oi
1602 5133 1674 5183 urbes
1688 5132 1734 5180 sibi
1746 5135 1789 5184 de·
