3772 5828
598 415 894 489 ANTIQUITATUM
915 416 1064 478 ROMAN.
1088 418 1160 478 LlB.
1185 420 1210 482 1.
1671 426 1712 487 39

99 564 193 634 ίσχον,
212 541 232 629 ᾖ
250 547 365 625 τούνομα
388 549 476 609 ίθεντο
501 547 674 620 Λευκασίαν,
708 548 760 607 άπὸ
785 573 877 627 γυναι·
901 551 906 577 '
933 560 1026 623 cepisse
1035 560 1118 609 tertnr.
1153 560 1245 609 Deinde
1259 560 1288 608 ad
1305 561 1408 611 insulam
1423 562 1577 626 appulerunt,
1590 568 1629 615 eni
1651 568 1712 617 Len·

99 645 144 708 κὸς
158 638 377 721 ἆνεψῑθίεθίίέἷνυ
397 636 459 715 περί
478 637 552 695 τόνδε
571 635 615 694 τὸν
631 635 711 695 τόπον
730 637 878 696 &imberbi-
903 672 905 699 ι
931 657 1002 705 casiae
1017 670 1107 705 raomen
1124 657 1293 720 imposuerunt
1304 697 1309 717 ,
1320 674 1333 706 a
1344 659 1448 722 quadam
1463 662 1545 710 AEocre
1557 663 1709 725 consubrina,

100 755 156 801 0·th·
200 728 317 788 Ἔνῑῖννν
333 726 361 787 δὲ
375 728 536 804 κνῖνέννῖν(
557 727 593 792 νίς
614 723 710 800 ίνμννν
727 723 808 833 ήνθδν
830 725 878 785 ναί
902 716 905 837 ἱ
931 753 1028 815 quaein
1050 755 1096 804 boe
1114 754 1282 804 tocoobicrat.
1317 755 1386 804 Illinc
1397 769 1455 805 vero
1471 755 1581 808 delatiiu
1600 758 1712 820 pulcrum

99 817 180 876 καλὸν
196 818 225 874 3⁹
239 813 379 890 Ὀπῑκνῑνν
395 814 601 886 τελευτήσαντος
622 814 667 873 καί
681 815 771 872 αὐτοί*
787 817 878 886 Μίαν
903 904 905 911 ,
931 864 960 899 ae
972 850 1120 914 protundum
1133 851 1157 900 in
1169 850 1253 914 Opieis
1263 855 1369 914 portum,
1382 853 1554 918 exstinctoque
1567 853 1600 904 ibi
1617 854 1712 908 Miseno

99 909 143 964 νοῖ
171 906 223 962 τῶν
253 905 383 982 ἐπιφανῶν
415 925 498 975 τινος,
527 903 574 962 ἀπ’
593 903 691 962 ἐκείνου
716 904 759 960 τὸν
780 901 875 980 λιμένα

98 993 254 1056 ῶνδιεασαν.
295 993 381 1073 Νήσῳ
419 1014 447 1051 τε
485 990 610 1070 Προχύτῃ
644 989 689 1049 καί
720 989 876 1069 ἀκρωτηρίῳ

100 1080 209 1160 Καιήτῃ
228 1081 295 1160 τύχη
311 1078 570 1160 προσορμισάμενοι,
583 1081 652 1137 κατὰ
663 1078 748 1138 cairi
763 1077 877 1137 τίθενται

100 1169 150 1236 τδις
176 1170 324 1241 ἐπικλήσεις
347 1176 401 1236 τοῖς
423 1169 513 1235 τόποις
537 1171 668 1245 γυναικῶν
690 1168 877 1226 ἀποθανουσῶν

101 1258 256 1336 βουλόμενοι
282 1265 400 1335 μνημεῖα
421 1262 532 1327 ποιῆσαι
551 1257 583 1315 τὰ
607 1256 712 1336 χοιρία·
738 1256 869 1315 τούτωνδ
903 1300 905 1311 .

903 972 906 1014 i
932 949 1039 1013 quodam
1058 949 1112 999 rire
1131 950 1221 1008 nobiti,
1237 950 1268 999 ab
1288 965 1318 999 ee
1335 954 1430 1014 portum
1450 955 1581 1003 Misenum
1601 954 1713 1005 noanne-

903 1038 905 1125 j
932 1049 997 1095 runt.
1030 1047 1143 1108 Cumque
1161 1046 1193 1095 acl
1209 1047 1314 1097 insulam
1334 1047 1481 1113 Prochytam
1501 1053 1525 1100 et
1541 1049 1572 1099 ad
1595 1065 1713 1114 promon-

903 1144 905 1187 ί
932 1143 1023 1192 terium
1040 1143 1151 1193 Caietam
1173 1144 1235 1211 torte
1249 1145 1412 1208 appulissent,
1427 1147 1514 1196 eodem
1529 1147 1602 1197 modo
1615 1149 1713 1198 nomina

903 1228 905 1265 ί
932 1238 970 1289 bis
984 1240 1043 1289 locis
1063 1240 1249 1303 imposuerunt,
1270 1243 1337 1304 quod
1357 1243 1486 1293 mulierum
1503 1244 1673 1295 defunctarum
1688 1245 1712 1295 in

85 1342 115 1416 ’,γ
134 1345 182 1421 μί,
211 1345 337 1423 punge&
348 1343 452 1403 genio„
467 1344 572 1422 λέγω,
588 1343 721 1422 ,ῃὲσηαχ
742 1342 803 1414 ἡδὲ
817 1363 877 1421 τρο.
903 1332 905 1377 i
932 1335 971 1387 bis
994 1337 1054 1386 locis
1071 1341 1228 1388 monumenta
1246 1339 1337 1388 serrari
1361 1338 1458 1388 vellent.
1492 1342 1583 1389 ltarum
1601 1353 1659 1390 vero
1676 1341 1711 1390 al·

98 1433 155 1514 φύς.
199 1435 381 1498 Τελευτῶντες
402 1433 425 1490 δ’
446 1437 615 1512 άρικνοῧνται
638 1436 685 1504 τῆς
706 1431 820 1495 ’ίταλίας
843 1431 878 1494 εἰς
903 1448 905 1493 ξ
932 1437 1245 1498 teram.¹t2nerecognatrrrn
1267 1437 1342 1485 scrisse
1358 1439 1454 1494 terunt,
1467 1438 1567 1487 alteram
1580 1438 1711 1490 nutricem.

97 1520 255 1600 Λωρεντὸν,
286 1519 346 1580 ἔνθα
374 1524 421 1591 τῆς
453 1520 555 1590 πλάνης
582 1518 747 1595 παυσάμενοι
769 1517 877 1597 χάρακα
903 1544 905 1627 γ
932 1530 1041 1582 Tandem
1061 1533 1209 1582 Laurentum
1232 1533 1255 1581 in
1272 1534 1386 1584 ultimum
1412 1534 1490 1583 ltaliae
1512 1534 1592 1593 locum
1625 1549 1711 1598 perre-

508 1634 530 1691 ῳ
549 1607 876 1689 κατεστρατοπεδεύσαντο
903 1636 905 1677 r

98 1701 126 1765 ἐξ
150 1698 249 1760 ἐκείνου
259 1698 345 1777 Τροία
359 1700 493 1770 καλεῖται,
515 1699 610 1779 ἀπέχει
630 1699 657 1757 δὲ
678 1702 725 1768 τῆς
748 1695 878 1765 θαλάττης
903 1702 905 1717 ”

99 1789 168 1866 οἰμιρί
190 1788 249 1855 τοθς
274 1789 401 1867 τέτταρας
417 1787 546 1854 σταδίους.
591 1784 719 1864 Ἔγραψα
744 1784 771 1842 δὲ
794 1789 877 1842 ταῦτα
903 1830 905 1835 .

98 1879 147 1936 καί
168 1876 217 1946 τήν
232 1875 398 1954 παρέκύασιν
414 1877 581 1953 ἐποιησάμην
602 1882 645 1934 τοῦ
666 1872 810 1951 ἀναγκαίου
824 1872 878 1951 χά·
903 1942 904 1953 ,

99 1988 157 2043 ριν,
177 1963 268 2033 ἐπειδὴ
286 1967 337 2022 τῶν
351 1963 522 2043 συγγραφέων
545 1967 569 2022 σί
589 1963 637 2040 μέν
654 1963 707 2022 οὐδ’
726 1963 808 2019 ἐλθεῖν
829 1962 878 2020 Αἰ·
903 1958 905 2015 ζ

99 2050 173 2109 νείαν
195 2054 229 2117 εἰς
253 2050 368 2111 Ἰταλίαν
386 2052 466 2131 ρασλν
482 2052 539 2129 άμα
565 2052 687 2131 Τρωσὶν,
710 2052 734 2107 οἰ
751 2051 772 2107 δ’
788 2048 877 2129 ἕτερον
903 2068 904 2075 ’

98 2138 217 2212 Αἰνείαν,
241 2140 270 2197 ού
287 2140 331 2197 τὀν
354 2139 382 2208 i}
403 2139 557 2220 Ἀφροδίτης
581 2141 626 2199 καὶ
648 2139 772 2217 Ἀγχίσου
799 2138 875 2214 γενό-

100 2251 194 2306 μενον,
212 2229 236 2286 οί
259 2226 281 2285 δ’
302 2227 438 2287 Ἀσκάνιον
453 2229 497 2287 τὸν
509 2227 628 2300 Αἰνείου,
644 2231 668 2287 et
683 2228 705 2284 δ’
722 2226 815 2290 ἄλλους
828 2249 877 2282 τι-

98 2318 155 2384 νάς.
200 2316 260 2377 Eiet
276 2316 300 2374 δ’
317 2316 342 2377 οἳ
361 2317 405 2373 τὸν
423 2315 449 2384 ἐξ
473 2316 626 2397 Ἀφροδίτης
647 2314 750 2374 Αἰνείαν
772 2313 877 2392 λέγουσι
903 2372 904 2377 ,

98 2404 305 2476 καταστήσαντα
325 2403 370 2462 τθν
385 2402 464 2482 ὄχλον
480 2407 515 2469 εἰς
534 2403 651 2463 Ἰταλίαν
669 2404 877 2475 ἀνακομισθῆναι
903 2446 905 2451 .

98 2496 181 2553 πάλιν
193 2494 284 2552 οἶκαδε
298 2493 344 2550 καί
361 2495 518 2569 βασιλεῦσαι
531 2495 578 2561 τῖης
588 2490 699 2568 Τροίας,
715 2490 877 2548 τελευτῶντα

100 2583 129 2641 δὲ
145 2583 302 2639 καταλιπεῖν
322 2579 454 2659 Ἀσκανίῳ
473 2584 511 2658 τῷ
539 2580 614 2637 παιδὶ
643 2577 690 2648 τήν
719 2576 875 2658 βασιλείαν,
903 2628 905 2637 ,

102 2669 151 2729 καί
166 2671 196 2726 τδ
209 2668 253 2725 ἀπ’
271 2666 371 2726 ἐκείνου
385 2668 457 2746 γένος
470 2667 513 2726 ἐπί
529 2670 651 2727 πλεῖστον
672 2674 817 2746 κατασχεῖν
829 2667 876 2739 τὴν
903 2702 905 2707 >

102 2759 211 2838 ἀρχήν·
234 2760 270 2823 ὡς
297 2755 345 2833 μέν
363 2755 416 2833 ίγδι
442 2757 538 2825 εἰκάζω
567 2761 621 2823 τοῖς
644 2755 766 2836 Ὀμήρου
788 2758 877 2818 ἔπεσιν

95 2848 148 2904 οὐκ
173 2847 254 2923 ὀρθῶς
282 2843 493 2922 λαμύανομένοις
521 2844 772 2924 παρακρουσθέντες.
827 2868 875 2904 πε·

92 2934 208 3006 ποίησαι
223 2932 274 3011 γάρ
289 2935 360 3012 αὐτῷ
378 2936 404 2992 ἰν
421 2932 514 2993 Ἰλιάδι
530 2934 663 2993 Ποσειδῶν
677 2932 814 3013 προλέγων
828 2933 877 3005 τὴν

93 3022 249 3099 μέλλουσαν
265 3021 370 3079 ἔσεσθαι
381 3020 442 3098 περὶ
456 3019 613 3080 τδνΑἰνείαν
628 3020 673 3081 καὶ
688 3022 748 3090 τοὺς
764 3020 790 3091 ἐξ
802 3022 875 3082 ἐκεί-

33 3138 62 3175 ao
90 3134 140 3170 νου
158 3109 347 3189 γενησομένους
362 3110 515 3189 ἐπιφάνειαν
538 3100 590 3168 issi
609 3132 677 3177 πως·

98 1610 202 1684 ἔθεντο,
220 1609 265 1668 καὶ
281 1607 312 1668 τδ
327 1608 425 1688 χωρίον
451 1611 477 1666 ἐν
511 1600 528 1635 ⁷

157 3261 207 3311 tte-r
219 3261 243 3310 θ“ε
254 3261 283 3320 δὴ
295 3261 387 3311 Αἰνείαο
402 3260 443 3324 βίη
458 3263 582 3324 Τρώεσσιν
594 3264 672 3319 ἀνάξει

157 3335 198 3382 καὶ
210 3335 293 3390 παῖδες
305 3330 410 3394 παίδων,
421 3334 458 3384 τοί
470 3350 511 3383 κεν
526 3335 652 3396 μετόπισθε
667 3335 790 3395 γένωνται.

91 3454 271 3523 ύπολαύύντες
284 3447 328 3515 ούν
343 3456 387 3516 τδν
402 3457 526 3536 Ὅμηρον
545 3459 571 3515 έν
587 3456 695 3535 Φρυγία
707 3455 877 3516 δυναστεύον-

91 3569 141 3610 τας
156 3543 253 3603 εἰδέναι
266 3545 326 3611 τούς
340 3545 435 3625 άνδρας
447 3592 455 3621 ,
469 3549 505 3611 ίυς
516 3543 548 3616 δὴ
565 3547 594 3602 οὗ
610 3546 717 3603 δυνατὸν
733 3548 759 3603 ἰν
774 3545 876 3626 Ἰταλία

38 3671 64 3711 35
92 3633 230 3698 οἰκοῦντας
244 3632 390 3711 βασιλεύειν
401 3632 512 3711 Τρώων,
521 3631 569 3702 τήν
585 3633 747 3706 ἀνακομιδὴν
761 3640 807 3690 τοῦ
822 3639 875 3695 Αἰ-
903 3653 904 3657 ’

93 3720 167 3780 νείου
181 3722 345 3781 ἀνέπλασαν.
361 3717 467 3801 Ἀρχειν
480 3720 507 3778 δὲ
516 3720 574 3801 [δή]
586 3725 637 3778 τῶν
647 3720 749 3800 Τρώων
759 3720 803 3786 οθς
813 3725 878 3794 ε’πή-

93 3834 158 3887 γετο
168 3809 214 3868 καὶ
225 3811 315 3869 ἄλλοθι
326 3810 536 3886 πολιτευομένων
545 3811 593 3868 οὐκ
606 3808 732 3868 ἀδύνατον
741 3801 784 3867 νίν.
796 3806 877 3891 Ἔχοε

94 3899 119 3957 δ’
135 3898 170 3956 άν
185 3921 226 3965 τις
237 3902 284 3968 τῆς
298 3898 401 3969 ἀπάτης
416 3897 461 3956 καί
476 3896 566 3976 ἐτέρας
582 3896 669 3962 αἰτίας
683 3897 834 3960 ύπολαάεῖν.

135 3988 213 4048 LlV·
234 3988 268 4046 Ei
283 3987 311 4046 δέ
329 4010 402 4054 τινας
423 3985 548 4066 ταράττει
571 3991 601 4044 τὸ
618 3987 741 4065 πολλαχῇ
757 3987 878 4064 λέγεσθαί

94 4099 125 4137 τε
140 4076 189 4135 καί
205 4075 352 4135 δείκνυσθαι
364 4075 460 4156 τάφους
473 4073 593 4146 Αἰνείου,
615 4075 755 4154 ἀμηχάνου
766 4076 837 4143 ὄντος
850 4081 877 4136 έν

93 4165 202 4227 πλείοσι
216 4162 260 4223 τδν
273 4164 351 4223 αὐτὸν
363 4165 489 4242 τεθάφθαι
503 4164 627 4243 χωρίοις,
643 4164 827 4239 ἐνθυμηθέντες
839 4163 878 4223 ὅτι

93 4252 183 4314 κοινάν
199 4253 270 4310 έστιν
284 4251 328 4310 tet
343 4252 448 4311 πολλῶν
460 4251 535 4310 τοῦτύ
548 4251 620 4330 γετὸ
634 4251 748 4331 άπορον,
763 4253 808 4310 καί
824 4253 879 4330 μά-

92 4344 176 4402 λιστα
202 4342 255 4398 τῶν
271 4338 319 4417 μίν
342 4340 476 4417 inspersi<
499 4339 545 4408 τὰς
566 4339 667 4417 τύχας,
689 4341 825 4411 πλάνητας
849 4340 877 4401 δέ

92 4430 154 4495 τοίνς
171 4429 244 4507 βίους
258 4428 429 4508 ἐσχηκότων,
446 4427 603 4503 μαθέτωσαν
617 4428 658 4487 ὅτι
673 4429 771 4507 χωρίον
782 4432 832 4504 μὲν
849 4429 876 4487 ἓν
902 4456 904 4495 ι

48 4554 70 4593 ⁴5
92 4520 124 4580 τὸ
137 4518 283 4596 δεξάμενον
295 4518 330 4576 τά
343 4514 445 4592 σώματ’
461 4520 546 4576 αὐτῶν
562 4508 610 4589 ήν,
627 4519 744 4592 μνημεῖα
759 4516 786 4576 δί
805 4516 882 4598 παρὰ
902 4580 904 4589 ,

92 4609 205 4675 πολλοῖς
222 4603 418 4679 κατεσκεύαστο
441 4605 475 4663 δι’
491 4605 593 4664 εὔνοιαν
616 4608 668 4662 τῶν
691 4605 717 4661 ἰν
742 4604 878 4681 ῶρελιίαις
901 4596 904 4663 ί

848 4691 855 4712 ,
901 4702 904 4707 .

93 4698 148 4757 nei
164 4695 199 4754 δι’
214 4693 307 4760 αὐτούς
319 4692 485 4771 γενομένων,
505 4694 612 4768 μάλιστ’
627 4694 708 4751 εἰτοῦ
723 4692 811 4768 γένους
826 4715 878 4747 αυ-
902 4712 904 4731 ι

823 4779 828 4794 Ι
871 4777 878 4798 Ι

931 1633 1030 1687 nerunt,
1052 1628 1095 1679 ubi
1118 1630 1217 1678 inuento
1243 1644 1352 1680 errorum
1373 1632 1421 1681 tine
1447 1635 1527 1681 eastra
1552 1637 1712 1697 posuerunt.

932 1729 956 1776 et
979 1726 1048 1775 locus
1069 1727 1093 1776 in
1123 1741 1172 1789 quo
1194 1730 1257 1777 ίιιιιε
1279 1727 1445 1778 castrametati
1464 1734 1536 1791 suut,
1553 1731 1585 1779 ab
1606 1744 1636 1780 eo
1654 1735 1714 1781 tem·

932 1837 990 1888 pore
1006 1823 1078 1874 Troia
1103 1829 1213 1884 uocatur,
1240 1839 1255 1873 a
1278 1827 1337 1875 orari
1357 1827 1452 1876 circiter
1478 1827 1556 1877 stadia
1570 1842 1595 1877 εν
1610 1829 1712 1886 distans.

932 1924 992 1972 tine
1010 1926 1092 1971 autem
1110 1923 1216 1985 scripsi,
1234 1927 1307 1986 atrpuc
1329 1925 1373 1973 bac
1392 1925 1543 1988 ‹ligressiope
1564 1940 1626 1976 usus
1640 1940 1696 1978 sum

932 2020 1076 2069 necessitate
1102 2024 1202 2069 coaetus
1233 2039 1239 2069 :
1261 2022 1317 2083 qrria
1345 2022 1477 2085 scriptores
1498 2025 1586 2086 partim
1623 2029 1714 2087 urgant

931 2118 1031 2166 AEueam
1047 2129 1104 2164 enm
1121 2115 1232 2166 Troianis
1245 2115 1270 2164 in
1291 2117 1386 2165 ltaliam
1407 2118 1511 2167 venisse.
1529 2118 1616 2180 parum
1637 2117 1712 2167 ctiam

931 2213 1005 2262 atium
1016 2215 1125 2271 AEneam,
1137 2226 1186 2261 non
1199 2217 1286 2263 autem
1304 2213 1417 2263 inoluisse
1436 2214 1588 2281 Venerisque
1612 2216 1689 2267 filiurn
1706 2239 1713 2269 ι

903 2312 904 2323 ’
931 2311 1032 2375 quidam
1048 2312 1123 2360 etiam
1141 2312 1271 2361 ascanium
1294 2314 1376 2361 AEncae
1399 2312 1483 2365 salium.
1500 2313 1541 2362 atii
1561 2293 1622 2363 alios
1637 2328 1713 2377 quus·

932 2409 988 2457 alam
1008 2409 1083 2457 luisse
1102 2411 1194 2470 purant.
1225 2411 1286 2458 sunt
1300 2408 1373 2458 etiarn
1387 2410 1428 2470 qui
1442 2412 1542 2464 AEneam
1568 2411 1671 2464 vereris
1686 2411 1713 2460 b·

932 2506 1004 2567 liurn,
1020 2521 1091 2556 rnanu
1104 2520 1202 2556 suorum
1219 2508 1242 2555 in
1259 2509 1352 2557 ltaliam
1367 2509 1484 2568 deducta,
1498 2510 1599 2561 domum
1613 2511 1714 2563 rediisse
1733 2568 1739 2579 ,

931 2609 957 2656 et
972 2605 1050 2655 Troia*¹
1067 2618 1179 2666 regnasse
1196 2606 1294 2654 nouam
1314 2625 1319 2654 :
1334 2619 1439 2669 curruque
1450 2614 1594 2668 moreretur,
1609 2612 1713 2661 Ascanio

933 2703 981 2752 irtio
994 2716 1094 2763 reguum
1109 2702 1244 2764 reliquisse,
1255 2704 1359 2766 eiusque
1378 2705 1515 2766 progeniem
1536 2718 1638 2767 regnum
1656 2706 1713 2755 diu-

903 2840 905 2845 .
932 2799 1026 2848 tissime
1052 2799 1189 2848 retinuisse.
1224 2799 1293 2856 Quod
1308 2799 1463 2849 erediderunt
1483 2801 1525 2863 (nt
1544 2815 1588 2864 ege
1603 2802 1714 2865 conicio)

932 2895 1024 2959 ‹lecepti
1036 2894 1135 2945 llemeri
1158 2895 1308 2945 carminibus
1328 2910 1376 2945 uon
1394 2903 1461 2947 recte
1481 2897 1618 2949 intellectis.
1652 2902 1713 2949 llam

932 2992 956 3042 in
979 2993 1052 3043 ltiade
1077 2995 1206 3056 Neptunus
1227 2994 1388 3056 splendorem,
1408 3008 1482 3056 quem
1504 2999 1590 3047 AEneas
1611 2997 1713 3061 eiusque

933 3092 1023 3154 posteri
1037 3095 1107 3141 erant
1122 3091 1247 3154 adepturi,
1269 3091 1306 3140 bis
1326 3092 1407 3142 verbis
1421 3093 1557 3155 praelatura

903 3246 911 3274 ⁴.
985 3232 1054 3276 Ναιεο
1063 3234 1140 3287 agitur
1149 3234 1184 3277 uis
1198 3234 1277 3277 πάντα
1290 3234 1402 3278 Troianis
1413 3235 1555 3290 insperanti,

903 3358 905 3363 Ι
985 3303 1016 3346 Et
1029 3304 1082 3347 nuti
1094 3309 1220 3357 aratorum,
1232 3308 1255 3348 εί
1267 3305 1308 3360 prii
1321 3310 1371 3359 post
1381 3318 1419 3348 eos
1430 3311 1564 3349 irascentur.

903 3434 905 3461 ³
933 3435 1056 3489 Quoniam
1072 3434 1145 3497 igitur
1158 3435 1332 3484 existimarunt
1345 3437 1479 3483 Homerum
1492 3435 1592 3483 scivisse
1607 3433 1654 3483 hes
1672 3435 1712 3482 ri—

903 3524 904 3535 *
931 3528 972 3563 ros
986 3515 1011 3563 in
1033 3515 1137 3578 phrygia
1165 3527 1293 3576 regnasse,
1308 3512 1379 3576 quasi
1401 3513 1512 3561 Troianis
1526 3514 1646 3574 imperare
1662 3526 1710 3561 non

932 3594 1068 3657 potuissent
1082 3594 1104 3643 si
1124 3594 1150 3641 in
1166 3594 1237 3642 ltalia
1256 3596 1397 3650 manerent,
1419 3593 1484 3640 bunc
1505 3594 1587 3640 AEneae
1602 3592 1710 3642 reditum

903 3712 905 3729 ,
932 3672 1062 3720 aeminenti
1090 3675 1156 3719 sunt.
1189 3670 1237 3718 Serl
1262 3670 1360 3718 omnino
1386 3670 1437 3718 beri
1458 3672 1553 3731 poterat
1569 3673 1596 3719 ut
1612 3672 1712 3721 AEncnr

903 3780 904 3787 τ
933 3750 1064 3812 imperaret
1071 3748 1181 3797 Troianis
1191 3787 1197 3806 ,
1207 3761 1270 3810 quos
1284 3760 1368 3795 seerrnr
1378 3748 1491 3805 drrxerat,
1503 3749 1616 3808 qrrarnris
1630 3748 1654 3796 in
1664 3749 1711 3798 alia

932 3829 1028 3889 regione
1051 3828 1162 3876 viverent
1175 3831 1199 3877 et
1213 3840 1302 3875 novam
1317 3824 1492 3889 rempublicam
1514 3826 1639 3887 baberent.
1664 3829 1711 3877 sel

932 3908 991 3956 alias
1005 3921 1103 3970 quoqne.
1117 3907 1191 3955 buius
1204 3907 1293 3956 erroris
1310 3920 1397 3955 causas
1418 3906 1507 3970 aliquis
1520 3907 1607 3955 alterae
1624 3909 1709 3969 possit.

963 3990 1024 4036 th'.
1041 3991 1120 4049 Atque
1130 3988 1150 4035 si
1166 4000 1229 4048 ‹puos
1244 3986 1329 4035 turbat
1340 3986 1406 4047 quer]
1423 3986 1507 4035 inullis
1520 3987 1544 4035 in
1558 3986 1619 4035 locis
1630 3989 1711 4036 AEuen.

932 4072 1043 4135 sepulcra
1066 4074 1196 4119 numeratur
1217 4084 1245 4117 ac
1267 4073 1443 4129 monstrentur,
1466 4083 1523 4118 cum
1543 4072 1625 4119 tamen
1644 4071 1712 4119 nullo

933 4156 1005 4204 meato
1017 4154 1070 4204 tieri
1083 4154 1175 4218 possit,
1187 4156 1215 4201 ut
1226 4166 1290 4201 unus
1312 4152 1425 4214 idemque
1436 4152 1547 4215 pluribus
1560 4153 1585 4202 in
1598 4153 1658 4202 loeis
1671 4167 1711 4203 se·

932 4237 1015 4301 pullus
1027 4238 1067 4298 sit,
1080 4237 1187 4300 cogitent
1197 4235 1260 4284 banc
1275 4234 1445 4284 difficultatem
1460 4235 1545 4285 miultis
1555 4249 1710 4285 communem

932 4334 995 4381 csse,
1004 4320 1126 4383 precipue
1136 4330 1195 4367 rere
1203 4316 1311 4375 essarris,
1321 4315 1364 4378 qui
1374 4317 1478 4365 fortunae
1486 4318 1585 4379 quidem
1595 4317 1712 4367 beneficio

932 4403 1040 4452 illustres
1058 4404 1170 4459 inerunt,
1188 4399 1231 4449 secl
1248 4401 1326 4449 uitam
1340 4412 1427 4460 ragam
1441 4404 1564 4462 egerunt:
1579 4403 1605 4448 et.
1619 4400 1708 4456 sciant,

932 4498 1009 4533 unum
1021 4483 1119 4545 quidem
1137 4480 1216 4532 solum
1238 4480 1313 4530 luisse
1327 4479 1408 4529 lucum
1431 4480 1474 4544 qui
1493 4495 1582 4544 corpus
1603 4481 1710 4542 ipsorum

933 4566 1074 4629 exceperit,
1097 4566 1139 4616 secl
1159 4564 1224 4628 apurl
1246 4563 1338 4614 multos
1352 4576 1439 4613 eorum
1453 4566 1612 4612 monumenta
1631 4565 1711 4611 erecta

932 4663 996 4708 esse,
1011 4652 1110 4711 propter
1128 4647 1324 4698 benevolentiam
1336 4645 1435 4696 illorum
1446 4684 1452 4706 ,
1465 4646 1507 4711 qui
1522 4645 1652 4695 utilitatem
1665 4643 1708 4690 ati-

932 4744 1008 4793 qunm
1029 4729 1061 4780 ab
1088 4731 1124 4778 eis
1152 4733 1326 4793 perceperant;
1353 4729 1488 4791 prasertim
1515 4739 1591 4788 srquae
1618 4722 1710 4785 generis

93 4789 147 4845 τῶν
166 4807 193 4842 ³²
216 4782 343 4863 πείίῆνῆ
365 4780 466 4847 '‘M'‘
490 4803 556 4846 τινος
581 4779 720 4846 ἀπόκτισις
740 4781 756 4849 ἦ
779 4801 877 4857 'Lim‘
902 4838 904 4871 ι
933 4816 1040 4878 ipserum
1057 4812 1166 4875 reliquiae
1178 4816 1249 4861 inter
1262 4827 1304 4863 eos
1318 4812 1543 4873 superessent,aut
1556 4807 1616 4856 urbs
1628 4806 1710 4866 aliqua

93 4896 163 4939 νννῑῖ
179 4869 227 4930 καί
246 4869 425 4951 ίννλᾶννθννπνν
447 4867 543 4944 parat,
556 4856 598 4925 νίν
615 4865 646 4936 δὴ
669 4868 714 4925 κνδ
729 4864 789 4947 mist
806 4868 878 4924 τόνδε
902 4904 904 4957 Ι
932 4896 964 4945 ab
977 4896 1036 4960 ipsis
1049 4896 1161 4955 condita,
1178 4901 1220 4944 aut
1232 4895 1311 4944 sicubi
1331 4894 1424 4943 diufius
1441 4892 1594 4941 habitassent
1608 4893 1633 4936 et
1653 4902 1710 4939 cunr

52 4983 73 5023 ν’
92 4963 137 5025 ἳθν
156 4960 238 5040 ἤρων
259 4955 463 5035 ίννννίννίννίνννν
486 4954 575 5034 kim·
618 4955 691 5035 Ἰλίῳ
713 4954 760 5032 μὲν
780 4954 831 5034 iffi?
848 4955 878 5013 τὸ
902 4962 905 5019 ί
933 4979 1052 5041 indigenis
1065 4979 1167 5028 comiter
1190 4978 1280 5027 uersati
1295 4977 1399 5026 tuissent
1416 4994 1422 5023 r
1438 4972 1519 5036 qualia
1532 4973 1589 5019 sunt
1605 4984 1661 5032 quae
1679 4971 1710 5022 de

93 5052 132 5131 μὴ
146 5047 268 5110 πανσυδί
282 5047 458 5127 δίανθαίῆναν
472 5042 877 5123 ναῒθῖνίνίδωθννπαίννίὼνν
902 5026 905 5103 ί
934 5067 980 5117 boe
996 5067 1070 5118 etiam
1085 5066 1158 5115 beroe
1178 5065 1266 5114 fabulis
1288 5062 1384 5127 prodita
1404 5061 1505 5109 scimus.
1539 5057 1626 5108 Ellecit
1645 5060 1710 5110 enirn

902 5114 904 5167 Ι
935 5164 965 5200 ue
978 5151 1049 5199 ilium
1059 5151 1160 5210 captum
1169 5147 1280 5196 funditus
1289 5144 1423 5200 deleretur,
1435 5147 1458 5191 et
1471 5144 1500 5191 ut
1509 5141 1632 5190 sociorum
1644 5142 1712 5192 auxi·

94 5142 174 5223 τῇδὲ
190 5135 346 5214 καλουμένη
362 5134 495 5216 Βιύρυκίορ
512 5135 543 5194 τὸ
564 5134 730 5214 ἐπικουρικὸν
744 5135 878 5204 διασωθῆ-
902 5176 904 5181 .

95 5254 139 5291 ναι
154 5224 385 5309 παρασκευάσας,
406 5226 433 5284 ἰν
448 5224 554 5303 ΦρυγίαΙ
569 5221 596 5281 δί
610 5221 656 5281 τδν
670 5222 726 5282 υἱὸν
742 5221 878 5281 Ἀσκάνιον
935 5229 968 5279 lia
980 5229 1005 5279 in
1018 5226 1159 5288 bebryciam
1177 5223 1244 5273 salva
1256 5223 1453 5282 reverterentur3
1467 5221 1492 5270 ia
1508 5220 1614 5287 Phrygia
1628 5223 1706 5275 titium
