3772 5828
156 364 214 422 286

154 486 199 554 ούν
214 496 266 554 τῶν
281 491 423 568 Ῥωμαίων
435 490 564 570 θποληψις
580 482 623 565 ἦν,
635 487 671 557 ὥς
682 489 719 549 ένί
730 493 811 566 ἀγῶνι
826 496 931 573 φανερῷ

155 587 201 642 τοῦ
212 580 330 656 πολέμου
345 587 454 658 ταχεῖαν
477 578 577 646 ἕξοντος
590 578 638 649 τὴν
660 577 746 657 κρίσιν
763 580 930 658 [συμόαλεῖν

155 676 208 737 τοῖς
222 670 356 744 πολεμίοις
371 666 528 746 αθτίκα]·ό
545 668 572 726 δέ
597 671 648 726 τῶν
665 667 789 727 Σαόίνων
813 693 929 748 στρατη-

156 759 199 835 γός
224 759 345 837 ὀρρωδῶν
377 759 407 815 ίκ
436 762 483 815 τοῦ
514 762 625 837 φανεροῦ
652 758 830 838 συμφέρεσθαι
867 758 932 839 πρὸς

116 907 128 942 ⁶
156 847 296 924 εὐτολμίαν
322 847 416 905 τεκαὶ
438 846 578 925 καρτερίαν
606 848 749 925 ἀνθρώπων
771 847 875 906 ἅπαντα
898 847 931 907 τά

156 937 227 995 δεινά
242 936 380 1012 ὑπομένειν
395 935 530 1012 tenipus,
553 934 655 1013 νύκτωρ
684 937 826 1015 ίπιχειρεῑν
844 938 932 1005 αὐτοῖς

156 1025 236 1103 ίγνω·
251 1026 297 1084 καί
318 1023 590 1104 παρασκευασάμενος
617 1021 714 1105 τάφρου
730 1047 757 1082 τε
775 1024 859 1104 χώσει
885 1026 932 1084 καί

155 1114 271 1193 χάρακος
293 1113 415 1174 ίπιόάσει
434 1111 589 1194 θπρόσφορ’
610 1102 677 1170 εἶναι
701 1111 826 1189 ἔμελλεν,
840 1113 931 1188 ἐπειδὴ

156 1202 235 1260 πάντ’
249 1205 353 1279 ἐγένετο
365 1201 399 1262 sd
413 1202 477 1283 πρός
490 1203 534 1259 τὸν
554 1200 635 1280 ἀγῶν’
650 1206 781 1278 εὐτρεπῆ,
796 1203 865 1280 μετὰ
883 1205 927 1264 τθν

103 1332 128 1372 1,,
155 1295 260 1369 πρῶτον
285 1291 365 1351 ὕπνον
386 1289 539 1362 ἀναστήσας
552 1289 582 1349 τὸ
602 1292 741 1368 κράτιστον
757 1297 802 1351 τοῦ
818 1298 932 1372 στρατοῦ

157 1377 234 1458 μέρος
255 1377 324 1447 ἄξειν
348 1379 392 1438 lari
418 1379 448 1437 τὸ
466 1382 518 1436 τῶν
537 1376 682 1455 Ῥωμαίων
702 1379 811 1456 ἔμελλεν
837 1380 931 1462 ίρυμα.

155 1469 217 1536 Τοῖς
231 1467 256 1525 τ’
269 1470 295 1525 έν
309 1466 414 1546 Φιδήνη
429 1468 731 1545 κατεστρατοπεδευκόσι
746 1468 931 1548 παρήγγειλεν,

155 1554 261 1614 ίπειδθν
274 1554 458 1626 ἐξεληλυθότας
468 1555 611 1614 αἴσθωνται
620 1553 678 1621 τοὺς
690 1556 829 1635 σφετέρους
837 1557 931 1626 ἐξιέναι

154 1643 199 1701 καί
214 1642 307 1719 αὐτούς
321 1646 352 1702 ἐκ
363 1649 409 1714 τῆς
423 1645 523 1711 πόλεως
536 1643 619 1724 κούφη
630 1642 805 1716 ἐσταλμένους
815 1645 929 1708 ὁπλίσει.

41 1770 47 1789 ι
104 1752 141 1818 ,γι
155 1731 270 1793 Ἐπειτα
284 1732 450 1811 λοχήσαντας
462 1734 488 1791 έν
501 1732 607 1810 χωρίοις
619 1730 775 1801 ἐπιτηδείοις
785 1733 931 1809 ἐκέλευσεν,

155 1821 181 1880 τί
190 1845 259 1889 τινες
273 1821 407 1901 ἐπίκουροι
421 1828 475 1888 τοῖς
502 1819 563 1898 περὶ
588 1820 632 1878 τὸν
656 1821 803 1900 Οὐαλέριον
828 1822 858 1881 ίκ
883 1827 930 1896 τῆς

154 1911 243 1989 έτέρας
257 1917 383 1988 στρατιᾶς
398 1907 494 1967 ἐπίοιεν
504 1952 512 1980 ,
524 1907 689 1975 ἀναστάντας
702 1909 748 1967 καί
767 1909 836 1968 κατά
848 1909 930 1970 νώτου

154 1995 306 2074 γενομένους
317 1994 363 2055 σὺν
379 1999 429 2075 βοῇ
445 2019 474 2054 τε
488 1994 534 2054 καί
544 1994 660 2074 πατάγῳ
675 1998 765 2074 πολλῷ
775 2006 873 2078 χωρεῖν
887 1998 931 2057 ίπ’

154 2085 258 2152 αύτούς.
301 2084 335 2146 Ὁ
360 2084 408 2163 μέν
432 2084 464 2157 δὴ
490 2082 585 2153 Σέξτος
611 2088 695 2143 ταῦτα
724 2085 931 2165 βουλευσάμενος

101 2216 128 2258 κ,
154 2173 199 2233 καί
212 2183 267 2243 τοῖς
279 2178 405 2254 λοχαγοῖς
419 2172 535 2256 φράσας,
549 2171 639 2244 ἐπειδὴ
653 2173 783 2240 κάκείνοις
792 2165 825 2247 ἦν
839 2178 931 2254 βουλο·

155 2261 251 2338 μόνοις,
267 2262 416 2343 περιέμεινε
440 2262 484 2320 τόν
505 2263 604 2341 καιρόν.
653 2261 803 2339 Αθτόμολος
831 2263 863 2322 δέ
892 2288 930 2331 τις

154 2349 235 2409 tilde
264 2353 301 2417 εἷς
328 2348 372 2408 τὸν
399 2348 507 2429 χάρακα
534 2353 587 2407 τῶν
600 2348 742 2426 Ῥωμαίων
768 2349 863 2427 μηνύει
882 2351 931 2424 τὴν

154 2439 271 2498 διάνοιαν
287 2440 368 2497 αὐτοῦ
382 2437 445 2517 πρὸς
459 2437 503 2497 τόν
518 2435 628 2497 ὕπατον.
675 2437 728 2498 Καί
744 2441 801 2515 μετ’
819 2442 847 2499 αὖ
863 2438 930 2501 πολὺ

153 2529 205 2584 τῶν
234 2527 337 2586 ἱππέων
356 2525 424 2593 τινὲς
451 2517 516 2598 ἧκον
537 2525 643 2605 ἄγοντες
669 2527 856 2607 αἰχμαλώτους
878 2535 930 2590 τῶν

100 2664 127 2703 ²5
156 2614 292 2690 Σαόίνων,
311 2615 354 2683 οθς
369 2615 413 2673 tut
429 2613 553 2692 ξυλισμὸν
572 2615 758 2688 ἐξεληλυθότας
774 2616 929 2679 συνέλαόον.

154 2701 236 2770 Obrue
259 2711 340 2791 χειρίς
374 2710 496 2783 ἀλλήλων
535 2710 733 2792 ἀνακρινόμενοι
759 2711 787 2772 τί
821 2737 930 2795 παρασ-

154 2799 292 2869 κευάζεται
307 2798 432 2879 πράττειν
448 2802 520 2880 σφῶν
535 2803 549 2858 ό
572 2798 728 2880 στρατηγός,
747 2799 866 2880 λέγουσιν
892 2801 932 2861 ότι

154 2887 290 2967 κλίμακας
307 2887 470 2949 τεκταίνεται
487 2889 533 2947 καί
548 2888 707 2966 διαόάθρας·
724 2889 789 2948 ὅπου
803 2891 826 2948 δ’
840 2893 932 2959 αὖταῖς

154 2977 200 3034 καὶ
228 2977 307 3036 ὁπότε
334 2976 426 3054 μέλλοι
456 2981 588 3057 χρῆσθαι,
611 2981 657 3036 οὐκ
683 2977 784 3058 ἔφησαν
821 2980 927 3039 εἰδέναι.

100 3108 126 3146 3,,
153 3068 247 3124 Ταῦτα
272 3065 362 3142 μαθὼν
382 3067 569 3143 όΟύαλέριος,
597 3065 752 3123 ἀποστέλλει
779 3064 822 3124 τόν
844 3091 930 3146 πρεσ-

154 3152 249 3226 ὅευτιλν
272 3154 384 3233 Λάρκιον
397 3157 432 3221 εἰς
448 3154 491 3213 τὀν
505 3154 592 3232 ἕτερον
617 3153 741 3231 χάρακα,
758 3152 806 3224 τόν
821 3176 850 3211 τε
871 3153 931 3213 διά-

153 3265 225 3301 νοιαν
240 3248 292 3301 τῶν
307 3243 441 3319 πολεμίοιν
461 3244 662 3319 ἀπαγγελοῦντα
676 3244 714 3321 τῷ
731 3241 869 3321 κατέχοντι
880 3242 929 3316 τὴν

152 3332 324 3412 παρεμόολλν
340 3332 441 3403 ἐκείνην
455 3329 611 3411 Λουκρητίῳ
626 3330 672 3388 καί
686 3329 745 3389 τίνοι
757 3331 809 3412 χρὴ
833 3331 930 3410 τρόπον

153 3423 293 3501 ἐπιχειρεῖν
309 3423 361 3488 τοῖς
388 3419 522 3497 πολεμίοις
538 3419 748 3494 ὑποθησόμενον.
792 3421 876 3488 Adri:
901 3422 929 3481 δὲ

99 3559 125 3595 35
151 3509 210 3577 τοὺς
223 3511 381 3589 ταξιάρχους
400 3511 445 3567 καὶ
463 3510 593 3588 λοχαγοὺς
620 3507 744 3580 καλέσας,
759 3509 804 3567 καί
828 3510 930 3590 φράσας

152 3597 201 3655 ὅσα
216 3606 262 3658 τοῦ
276 3598 299 3655 τ’
315 3598 463 3674 αὐτομολου
477 3599 523 3655 καί
540 3600 593 3655 τῶν
618 3596 798 3677 αἰχμαλώτων
813 3599 930 3675 ἤκουσε,

151 3688 196 3745 καί
211 3687 401 3766 παρακαλέσας
420 3686 514 3768 ἄνδρας
531 3685 644 3763 ἀγαθοὺς
662 3676 729 3743 εἶναι
741 3687 831 3765 καιρὸν
856 3690 932 3761 ελλη-

152 3775 227 3852 φέυαι
241 3775 399 3852 νομίσαντας
421 3776 500 3853 εὐχῆς
517 3773 587 3842 άξιον
601 3765 682 3852 ,ένῷ
704 3774 778 3840 δίκας
802 3775 932 3856 λήψονται

153 3862 226 3940 παρὰ
241 3869 292 3922 τῶν
314 3867 413 3944 ἐχθρῶν
432 3861 514 3930 καλάς
528 3863 584 3921 dre
602 3864 655 3921 δέοι
671 3862 796 3941 πράττειν
811 3865 931 3932 ἑκάστοις

98 3991 124 4027 ,,,
153 3951 310 4027 ὑποθέμενος
322 3954 377 4027 Ικαὶ
391 3952 421 4011 τθ
436 3950 558 4030 σύνθημα
581 3950 659 4027 δοὺς,
676 3952 804 4010 ἀπέλυσεν
825 3953 869 4012 tet
883 3956 930 4022 τὰς

153 4037 247 4106 τάξεις.

192 4129 282 4188 XLII.
306 4128 390 4187 Ούιτω
412 4131 491 4207 μέσαι
512 4131 602 4198 νύκτες
616 4121 683 4203 ἦσαν
709 4129 784 4189 καίό
805 4133 856 4190 τῶν
874 4134 930 4192 Σα-

152 4213 231 4274 όίνων
246 4215 354 4293 ἡγεμὼν
371 4219 520 4290 ἀναστήσας
542 4225 588 4277 τοῦ
610 4226 721 4299 στρατοῦ
744 4218 774 4277 τὸ
791 4218 929 4297 κράτιστον

151 4305 228 4383 μέρος
242 4297 304 4385 ἦγεν
322 4304 365 4362 ἐπί
377 4306 420 4364 τόν
433 4309 554 4387 χάρακα,
570 4317 672 4390 σιωπᾷν
682 4307 766 4367 ἅπασι
783 4308 929 4388 παραγγεί-

98 4434 123 4467 4,
150 4396 198 4462 λας
217 4395 263 4453 καί
275 4395 312 4473 μὴ
327 4402 410 4451 ποιεῖν
432 4395 514 4476 ψόρον
530 4401 581 4454 τῶν
597 4398 703 4471 ὅπλων,
717 4396 761 4456 ίνα
785 4397 823 4472 μὴ
842 4407 927 4476 γνοῖεν

149 4483 261 4556 ἥκοντας
289 4482 381 4548 αὖτοὺς
405 4485 428 4541 οἱ
451 4486 589 4560 πολέμιοι,
604 4487 666 4567 πρὶν
691 4487 735 4544 ἐπί
756 4492 794 4568 τῷ
819 4489 929 4567 έρύματι

149 4566 286 4647 γίνωνται.
332 4570 378 4635 Ὡς
393 4573 419 4629 δὲ
441 4573 552 4644 πλησίον
575 4576 692 4653 ἐγένοντο
707 4583 752 4634 τοῦ
767 4578 884 4657 χάρακος
905 4582 928 4637 οἳ

150 4665 250 4738 πρῶτοι
265 4661 434 4738 πορευόμενοι
449 4663 560 4721 καίούτε
569 4665 652 4744 φέγγη
663 4665 827 4746 λαμπτήρων
839 4667 927 4747 ἑώρων

150 4748 209 4807 οὔτε
236 4749 321 4829 φωνάς
344 4750 468 4828 φυλάκων
498 4752 662 4823 κατήκουον,
685 4753 785 4823 πολλὴν
825 4757 927 4833 μωρίαν

98 4870 124 4906 ς,
150 4840 201 4892 τῶν
221 4837 364 4912 Ῥωμαίων
387 4838 561 4917 καταγνόντες
579 4844 614 4907 ὡς
641 4840 788 4921 ἀφεικότων
816 4841 928 4921 ἐρήμους

150 4923 196 4989 τὰς
217 4925 334 5001 φυλακάς
359 4930 404 4987 καί
427 4929 496 4995 ἐντὸς
517 4933 569 4993 τοῦΙ
584 4929 702 5008 χάρακος
729 4931 927 5004 καθευδόντων,

154 5011 352 5087 ίνεπίμπλασαν
368 5019 432 5090 ὕλης
450 5017 497 5084 τάς
521 5016 634 5098 τάφρους
660 5019 728 5077 κατὰ
750 5017 837 5077 πολλθι
859 5018 925 5098 μέρη

153 5102 198 5161 καί
219 5101 347 5162 διέόαινον
370 5106 470 5172 οὐδενός
499 5130 587 5189 σφισιν
623 5103 743 5182 ίμποθὼν
777 5106 926 5185 γινομένου.

152 5189 348 5272 Περιεκάθηντο
363 5191 390 5248 δέ
412 5191 509 5269 μεταξὺ
536 5197 589 5252 τῶν
605 5191 711 5274 τάφρων
733 5195 778 5253 καὶ
800 5200 852 5253 τῶν
878 5218 926 5253 πε-

675 357 842 418 DlONYSll
864 360 1242 427 HALlCARNASSENStS

985 504 1146 568 piciebanlur.
1180 509 1281 560 Romani
1303 509 1404 575 quidem
1417 513 1501 564 statim
1517 528 1575 565 cum
1588 515 1660 567 hoste
1676 519 1764 568 conili-

985 607 1091 670 gendum
1107 610 1248 672 censebant,
1264 613 1330 675 quod
1354 618 1438 678 sperio
1458 616 1546 681 proelio
1559 616 1591 669 de
1615 616 1673 670 belli
1695 621 1762 674 exitu

985 706 1102 758 iudicium
1117 712 1229 762 celeriter
1250 714 1341 764 tectum
1360 716 1390 765 iri
1406 719 1536 781 sperabant
1553 739 1560 769 ι
1578 721 1604 770 εί
1616 719 1761 774 Sabinorum

987 809 1126 873 imperator,
1151 817 1264 863 meluens
1288 819 1371 879 aperte
1396 817 1465 880 signu
1481 819 1593 870 conterre
1611 834 1668 873 oum
1692 825 1763 876 bosts

986 910 1072 961 audaci
1083 915 1109 961 et
1120 916 1220 976 potente
1229 918 1255 965 ei
1266 917 1362 981 qumvis
1376 918 1486 982 pericula
1495 920 1579 972 subire
1591 928 1681 987 purato
1690 930 1763 976 noctu

986 1009 1084 1072 aggredi
1100 1012 1200 1075 statuit,
1221 1014 1362 1078 paratisque
1375 1015 1451 1067 rebus
1463 1017 1496 1067 sd
1508 1020 1667 1085 complendas
1687 1023 1765 1076 lassas

986 1115 1012 1162 st
1025 1113 1115 1163 retium
1128 1115 1350 1167 transcendendum
1364 1120 1519 1182 necessariis,
1539 1134 1618 1186 quum
1634 1127 1716 1177 omnia
1732 1129 1762 1179 ad

987 1219 1112 1266 cerbmen
1123 1217 1172 1267 tam
1181 1220 1264 1268 esseut
1274 1222 1375 1283 parato,
1394 1226 1452 1286 post
1464 1224 1573 1287 primum
1591 1237 1705 1279 somnum
1716 1241 1761 1279 ox-

986 1320 1087 1371 citatam
1109 1321 1186 1373 totius
1211 1324 1335 1375 exercitus
1355 1328 1588 1391 prestantissimsm
1613 1335 1707 1396 perlem
1728 1334 1760 1384 ad

986 1429 1152 1479 Romanorum
1167 1431 1315 1482 munitiones
1327 1436 1381 1483 erat
1393 1432 1525 1487 ducturus.
1558 1439 1639 1496 Quare
1656 1436 1759 1502 illisqui

986 1529 1085 1579 Fidenis
1101 1534 1183 1583 castre
1192 1532 1317 1585 habebant
1332 1534 1537 1598 denuntiarit„nt
1548 1537 1593 1589 ubi
1604 1551 1662 1590 suos
1673 1552 1760 1604 egres·

986 1647 1027 1685 sos
1055 1636 1203 1697 sensissent,
1220 1637 1268 1702 ipsi
1294 1653 1394 1703 quoque
1413 1654 1446 1692 ex
1469 1642 1530 1695 urbe
1555 1643 1642 1695 lenter
1672 1645 1762 1695 umuli

986 1741 1105 1802 exissent
1116 1742 1239 1806 iussitque
1253 1757 1304 1804 eos,
1320 1758 1365 1809 per
1374 1749 1512 1810 opportune
1527 1746 1582 1799 ioca
1601 1747 1696 1801 insidiis
1709 1751 1759 1801 ool·

985 1841 1080 1902 locatis,
1093 1842 1167 1906 siqui
1184 1855 1215 1893 εε
1229 1842 1315 1894 alteris
1327 1845 1417 1896 castris
1432 1846 1532 1899 Valerio
1548 1849 1677 1914 suppetiis
1686 1849 1762 1902 loturi

985 1953 1070 2000 contra
1083 1963 1109 1999 se
1134 1949 1254 2013 venirent,
1271 1964 1303 2000 ex
1316 1950 1415 2004 insidiis
1433 1965 1544 2017 surgere,
1557 1957 1583 2004 ct
1598 1968 1613 2003 a
1629 1958 1699 2017 tergo
1719 1968 1763 2007 eos

985 2065 1042 2102 cum
1053 2050 1145 2116 ingenti
1156 2051 1262 2102 clamore
1274 2057 1301 2105 et
1313 2054 1420 2119 strepitu
1430 2054 1554 2106 insedere.
1586 2057 1676 2107 sextus
1686 2056 1763 2119 igitur

985 2155 1039 2206 buc
1055 2154 1079 2203 in
1091 2153 1172 2204 unimo
1186 2153 1296 2216 hebens,
1309 2156 1488 2220 consiliumque
1499 2155 1686 2207 centurionibus
1701 2169 1760 2219 ape·

986 2257 1060 2318 ricus,
1078 2260 1208 2322 postquam
1223 2256 1259 2308 illi
1277 2257 1526 2324 quoqueprobarant,
1539 2259 1657 2324 terporis
1667 2271 1758 2322 oppor-

985 2361 1118 2411 tunitatem
1139 2358 1305 2425 exspectabat.
1339 2361 1388 2413 sod
1402 2361 1511 2426 'quidem
1530 2360 1677 2427 transfugo,
1701 2373 1759 2425 pro·

986 2462 1067 2514 iectus
1078 2462 1110 2512 ad
1124 2462 1216 2513 vallum
1239 2465 1418 2527 Romanorum,
1436 2464 1531 2515 consuti
1552 2464 1606 2514 eius
1630 2463 1761 2514 consilium

985 2567 1090 2630 aperuit.
1121 2570 1172 2617 Neo
1197 2565 1275 2618 multo
1299 2570 1355 2631 post
1386 2567 1500 2632 equitnm
1525 2566 1635 2618 nonnulli
1660 2567 1763 2618 Sabinos

985 2669 1095 2734 captivos
1106 2668 1272 2729 adduxerunt,
1284 2683 1348 2733 quos
1361 2669 1391 2720 sd
1404 2669 1563 2735 lignationem
1573 2682 1687 2733 egressos
1697 2683 1763 2721 conr·

985 2776 1173 2840 prebenderaut.
1208 2775 1239 2825 lli
1259 2774 1391 2839 separatim
1406 2774 1552 2841 interrogati
1570 2772 1632 2838 quid
1649 2773 1759 2838 ipsomrn

985 2877 1117 2942 imperator
1136 2878 1217 2928 lucere
1230 2881 1338 2941 pararet,
1353 2877 1532 2943 respondemnt
1542 2875 1620 2929 sosius
1631 2876 1657 2926 et
1669 2877 1758 2939 pontes

984 2978 1017 3028 ab
1029 2991 1059 3028 eo
1070 2977 1201 3029 fabricari:
1214 2977 1258 3028 sed
1274 2978 1317 3027 ubi
1331 2976 1463 3041 etqusndo
1479 2977 1540 3042 ipsis
1547 2980 1613 3028 esset
1624 2988 1714 3026 usurus
1731 2987 1758 3025 se

983 3081 1089 3143 ignorare
1099 3083 1226 3134 dixerunt.
1260 3084 1306 3133 llis
1320 3084 1395 3134 rebus
1414 3083 1538 3145 cognitis,
1557 3079 1674 3133 valerius
1695 3082 1759 3131 bur·
1785 3068 1787 3072 ⁸

984 3184 1049 3234 tium
1062 3183 1170 3247 legatum
1184 3183 1208 3233 in
1228 3182 1305 3233 altera
1318 3187 1398 3234 casim
1413 3183 1509 3244 mittit,
1524 3182 1566 3247 qui
1577 3181 1688 3232 bostium
1702 3194 1761 3232 con·

985 3285 1041 3336 silis
1053 3283 1173 3335 indicaret
1190 3283 1315 3345 Lucretio,
1331 3284 1373 3348 qui
1383 3283 1430 3334 illis
1445 3284 1533 3335 eastris
1562 3286 1760 3346 praestabatque

985 3403 1043 3441 eum
1075 3391 1215 3441 admoueret
1243 3404 1294 3454 quo
1319 3390 1392 3440 modo
1419 3389 1503 3440 bostes
1523 3391 1606 3439 esseut
1626 3385 1759 3437 adoriendi.

987 3497 1044 3558 ipse
1066 3508 1126 3545 vero
1142 3494 1252 3545 tribunos
1264 3497 1288 3544 et
1301 3492 1458 3544 centuriones
1469 3504 1625 3553 convocans,
1644 3487 1760 3552 expositis

985 3599 1016 3651 iis
1030 3615 1087 3665 quse
1103 3616 1131 3652 ex
1157 3603 1284 3665 transingn
1297 3604 1324 3651 ct
1338 3598 1442 3664 captivis
1467 3597 1593 3656 audierat,
1614 3595 1762 3647 adhortatus

984 3707 1023 3753 est
1036 3717 1079 3754 eos
1091 3707 1119 3754 ut
1131 3705 1178 3754 riri
1193 3706 1270 3754 sortes
1293 3705 1389 3763 essent,
1405 3703 1430 3752 et
1451 3701 1621 3752 existimarent
1635 3711 1663 3749 se
1687 3712 1760 3748 ocea-

984 3806 1078 3856 sionem
1092 3819 1247 3869 summopere
1265 3805 1399 3867 optandum
1423 3806 1516 3863 nactos,
1536 3814 1586 3864 qua
1606 3797 1717 3863 egregias
1728 3797 1759 3848 ds

985 3909 1089 3959 inimicis
1110 3923 1194 3972 ponus
1217 3912 1354 3967 sumeren13
1369 3911 1423 3956 tum
1452 3905 1511 3970 quid
1537 3902 1676 3954 iaciendum
1693 3905 1759 3951 esset

984 4007 1119 4057 admoneus
1135 4009 1229 4056 tessera
1240 4005 1308 4066 (lata,
1319 4007 1343 4055 in
1355 4019 1415 4056 suos
1427 4005 1526 4055 ordines
1540 4016 1582 4052 eos
1589 4000 1692 4052 dimisit.

1017 4116 1091 4164 XLll.
1109 4113 1223 4162 Nondum
1236 4117 1318 4162 autem
1333 4115 1386 4162 erat
1406 4113 1487 4164 media
1498 4126 1546 4163 nor
1558 4125 1616 4162 cum
1626 4110 1675 4159 dur
1687 4109 1757 4159 Sabi·

984 4229 1072 4267 norum
1094 4215 1270 4265 validissimam
1284 4216 1410 4279 copiarum
1432 4219 1527 4278 partem
1543 4211 1574 4261 ad
1592 4214 1758 4260 Romanorum

986 4314 1074 4365 ruitum
1089 4313 1168 4372 duxit,
1181 4313 1273 4362 indicto
1284 4313 1397 4363 ornnibus
1410 4312 1514 4371 silentio,
1527 4310 1652 4372 iussisque
1665 4306 1759 4357 uultum

984 4424 1108 4463 armorum
1121 4410 1251 4472 strepitum
1271 4410 1366 4470 tacere,
1379 4424 1410 4460 ne
1429 4409 1514 4460 hostes
1531 4407 1667 4457 adventum
1681 4404 1758 4454 senti-

983 4515 1046 4574 rent,
1060 4512 1191 4572 antequam
1205 4509 1234 4557 ad
1246 4510 1297 4572 ipsa
1310 4512 1392 4558 cestra
1404 4511 1504 4558 ventum
1518 4507 1592 4556 esset.
1626 4505 1760 4564 Postquam

983 4617 1065 4661 aulem
1081 4610 1114 4659 illi
1133 4608 1174 4670 qui
1193 4608 1312 4671 prruibani
1329 4613 1487 4658 accesserunt
1501 4606 1532 4655 ud
1556 4608 1646 4662 eastre,
1682 4616 1761 4665 neque

984 4711 1059 4760 ullum
1078 4708 1232 4772 splendorem
1256 4707 1345 4770 ignium
1360 4706 1483 4765 uiderunt,
1507 4717 1586 4767 neque
1611 4715 1686 4752 voces
1699 4701 1759 4763 rigi-

983 4808 1035 4856 lum
1058 4806 1199 4862 audierunt,
1221 4808 1386 4854 Rornanorum
1405 4803 1533 4852 stultitiam
1556 4801 1757 4851 contemnentes,

982 4905 1053 4968 quasi
1074 4907 1155 4953 castra
1180 4902 1328 4951 incustodita
1355 4901 1508 4964 reliquissent
1536 4903 1561 4947 ct
1584 4897 1648 4946 intra
1668 4893 1757 4943 ratium

981 5003 1126 5064 dormirent,
1140 5002 1218 5050 tbssas
1236 5001 1339 5049 rnutcria
1350 5000 1423 5049 variis
1444 4996 1596 5061 inpartibus
1617 4991 1754 5054 complere·

982 5109 1046 5163 runt,
1067 5107 1092 5154 et
1118 5100 1184 5151 nullo
1207 5098 1354 5161 impediente
1371 5110 1411 5147 eas
1441 5097 1617 5146 transiverunt.
1648 5089 1752 5140 Romani

982 5202 1047 5250 cuim
1067 5205 1089 5251 in
1105 5201 1220 5251 cobortes
1232 5196 1304 5246 dirisi
1317 5198 1341 5246 et
1358 5196 1419 5244 iuter
1431 5193 1511 5244 iossas
1524 5196 1549 5244 et
1565 5191 1657 5241 vallum
1673 5187 1754 5239 oonsi-
