3772 5828
83 435 87 442 ι
168 357 228 416 εει

169 509 241 546 νουσι
256 484 386 559 Ῥωμαῖοι
401 489 448 556 τῖ’,ς
462 483 629 550 καταλύσεως
641 487 692 541 τῶν
706 482 839 560 τυράννων
850 479 942 541 αίτιύι-

101 584 104 589 ’
168 599 246 637 τατον
258 578 388 653 γενέσθαι,
405 577 443 643 ιίς
458 576 481 634 τ’
496 565 529 647 ἧν
544 574 590 633 καλ
601 572 653 634 ἀπὸ
664 573 740 632 τίνων
751 571 798 632 καὶ
809 570 853 630 tat
864 570 891 630 τί
900 575 947 644 τῆς

170 667 321 743 ἐπωνυμίας
335 666 432 738 ταύτης
454 664 546 744 ἔτυχεν
560 662 633 724 οὐδὲν
648 665 719 745 αὐτῷ
733 661 926 743 προσηκούσης.

209 756 340 816 LXVlll.
362 756 408 834 Τῷ
426 753 499 832 ἀνδρὶ
521 750 605 833 τούτῳ
617 752 706 831 πατὴρ
722 751 770 829 μέν
784 740 817 823 ἦν
838 748 947 832 Μάρκος

132 868 145 907 ο
171 838 288 917 Ἰούνιος,
304 841 358 910 ένδς
372 847 424 902 τῶν
440 839 486 899 σὺν
507 839 600 922 Αἶνιίορ
623 839 670 913 τὴν
685 838 810 899 ἀποικίαν
824 838 946 899 στειλάν-

170 955 222 992 των
237 933 379 1013 ἀπόγονος,
393 934 420 989 ἐν
435 939 487 996 τοῖς
502 929 717 1010 ἐπιφανεστάτοις
731 927 876 1006 Ῥωμαίων
891 929 948 1007 ἀρι-

171 1022 313 1097 θμούμενος
328 1022 361 1078 δι’
382 1016 490 1098 ἀρετήν·
506 1017 595 1098 μήτηρ
613 1018 640 1076 δί
661 1017 798 1095 Ταρκυνία
819 1022 864 1075 τοῦ
885 1037 948 1095 προ-

170 1107 245 1191 τέρου
262 1107 391 1189 βασιλέως
404 1108 554 1186 Ταρκυνίου
569 1106 698 1185 θυγάτηρ·
715 1104 793 1170 attic
807 1104 835 1164 δὲ
848 1106 947 1186 τροφῆς

170 1220 200 1256 τι
214 1199 260 1257 καὶ
274 1197 394 1264 παιδείας
409 1201 457 1267 τῆς
470 1193 613 1276 ἐπιχωρίου
628 1194 717 1266 πάσης
731 1191 880 1269 paritati,
901 1191 947 1252 καὶ

119 1306 145 1346 te
170 1286 246 1367 φύσιν
269 1287 331 1366 ἔσχε
355 1286 419 1366 πρὸς
431 1287 503 1345 οθδὲν
519 1288 572 1343 τῶν
593 1287 681 1345 καλῶν
706 1283 945 1363 ἀντιπράττουσαν.

170 1373 249 1438 Ἐπεί
271 1373 298 1434 δέ
313 1376 425 1435 Τύλλιον
440 1373 598 1441 ἀποκτείνας
620 1371 767 1449 Ταρκύνιος
790 1371 838 1431 σὺν
857 1371 947 1437 ἀλλοις

170 1466 281 1547 ἀνδράσι
292 1465 399 1533 πολλοῖς
412 1465 457 1523 καὶ
472 1466 578 1541 ἀγαθοῖς
590 1463 634 1522 καὶ
650 1462 692 1521 τδν
716 1462 819 1521 ἐκείνου
843 1460 946 1542 πατέρα

171 1553 329 1634 διεχρήσατο
345 1555 438 1633 ἀφανεῖ
459 1550 579 1630 θανάτῳ·
593 1551 629 1608 δι’
656 1548 730 1607 οὐδέν
746 1549 793 1626 μὲν
808 1547 942 1625 ἀδίκημα,

171 1647 216 1702 τοῦ
230 1641 258 1700 δὲ
281 1641 394 1700 πλούτου
414 1640 555 1720 προαχθεὶς
568 1642 604 1706 εἷς
619 1644 773 1715 ἐπιθυμίαν,
789 1639 817 1700 ὃν
839 1641 870 1698 ἔκ
891 1662 946 1698 πα·

119 1753 144 1794 la
170 1732 247 1798 λαιᾶς
261 1753 289 1789 τε
303 1729 348 1789 καί
370 1732 527 1808 προγονικῆς
540 1728 703 1808 παραλαύὼν
729 1729 856 1809 εὐτυχίαςΙ
869 1728 945 1787 ἀκέκ-

169 1842 248 1896 τητο,
266 1818 311 1877 καί
327 1819 373 1876 σὺν
392 1819 465 1897 αὐτῷ
481 1817 524 1876 τὸν
537 1817 716 1897 πρεσύύτιρον
735 1817 790 1878 υίθν
805 1819 905 1896 εθγενίς
919 1839 946 1876 τι

170 1907 290 1989 φρόνημα
315 1906 485 1986 διαφαίνοντα
501 1904 546 1965 καί
564 1905 594 1965 τὸ
613 1907 650 1982 μὴ
672 1911 824 1985 τιμωρῆσαι
848 1910 885 1984 τῷ
901 1911 947 1965 θα-

169 1995 240 2076 νάτῳ
260 2000 305 2054 τοῦ
333 1994 432 2073 πατρὸς
457 1996 504 2053 οὒκ
524 1993 556 2052 διν
582 1993 775 2070 ὑπομείναντα·
801 1994 856 2061 νέος
880 1992 946 2052 abab

170 2088 283 2166 Βροῦτος
304 2084 342 2143 ἔτι
356 2083 401 2142 καὶ
423 2083 520 2162 κομιδῇι
536 2082 656 2162 βοηθείας
680 2086 835 2161 συγγενικῆς
849 2082 946 2162 ἔρημος

116 2197 145 2238 ao
170 2173 245 2254 ἔργον
267 2173 423 2251 ἐπεχείρησε
451 2175 561 2243 ποιῆσαι
596 2171 703 2230 πάντων
732 2169 944 2251 φρονιμώτατον,

170 2263 286 2324 ἐπίθετον
306 2265 401 2320 ἑαυτοῦ
417 2259 635 2340 καταψεύσασθαι
651 2260 768 2340 μιαρίαν·
790 2260 832 2319 καί
849 2261 945 2338 διέμει-

170 2372 211 2408 νεν
226 2348 331 2406 ἅπαντα
351 2348 393 2408 τὸν
408 2348 434 2417 ἐξ
450 2349 547 2408 ἐκείνου
563 2348 673 2431 χρόνον,
687 2347 735 2416 ἕως
749 2339 778 2408 ού
793 2348 837 2408 τδν
852 2349 945 2420 ἐπιτή-

170 2439 237 2495 δειον
259 2435 330 2505 ἔδοξε
351 2437 440 2516 καιρόν
456 2438 543 2516 ἔχειν,
568 2437 705 2519 φυλάττων
729 2437 760 2497 τὸ
773 2439 946 2518 προσποίημα

170 2528 216 2597 τῆς
244 2527 348 2600 ἀνοίας,
375 2525 400 2593 ἐξ
425 2516 454 2584 ού
479 2526 576 2598 ταύτης
602 2525 680 2607 ἔτυχε
710 2531 757 2600 τῆς
785 2528 944 2605 ἐπωνυμίας.

116 2629 144 2671 aa
169 2617 257 2676 Τοῦτο
267 2615 292 2672 δ’
305 2615 382 2674 αὐτόν
398 2613 526 2694 ἐρρύσατο
537 2615 619 2692 μηδὲν
635 2614 716 2674 δεινὸν
727 2616 779 2676 ὑπὸ
791 2623 836 2676 τοῦ
850 2616 945 2696 τυράν·

169 2726 214 2763 νου
223 2707 329 2776 παθεῖν,
341 2704 446 2763 πολλῶν
458 2703 617 2781 καῖάγαθῶν
631 2707 732 2782 ἀνδρῶν
743 2705 943 2782 ἀπολλυμένων.

208 2794 310 2854 tillll.
335 2792 543 2875 Καταφρονήσας
564 2794 615 2872 γὰρ
635 2798 649 2852 δ
669 2795 814 2873 Ταρκύνιος
835 2799 882 2865 τῆς
904 2795 946 2855 δο·

168 2880 264 2955 κούσης
278 2871 345 2940 εἶναι
359 2883 420 2964 περὶ
436 2883 513 2942 αὐτὸν
529 2884 588 2943 ἀλλ’
602 2885 631 2942 οὗ
648 2881 707 2941 κατ’
726 2885 850 2956 ἀληθειαν
864 2887 946 2963 ὑπερ·

168 2970 267 3052 χούσης
291 2970 409 3050 μωρίας,
434 2970 591 3050 ἀφελόμενος
620 2970 726 3030 ἅπαντα
748 2972 782 3030 τὰ
813 2977 944 3054 πατρῷα,

114 3081 143 3122 ao
170 3060 251 3137 μικρδι
276 3058 298 3115 δ’
312 3062 347 3125 είς
366 3058 410 3116 τδν
426 3056 487 3116 καθ’
511 3059 613 3137 ἡμέραν
633 3058 688 3136 βίον
703 3061 887 3140 ἐπιχορηγῶν,
909 3063 945 3128 ὡς

168 3148 242 3207 παῖδ’
256 3147 367 3227 ὀρφανόν
388 3148 536 3226 ἐπιτρόπου
553 3148 591 3205 ἔτι
611 3147 733 3222 δεόμενον
745 3148 888 3227 ἐφύλαττεν
901 3151 944 3228 ὑφ’

168 3239 267 3318 ἑαυτῷ,
289 3233 440 3294 διαιτᾶσθαί
462 3258 490 3293 τε
510 3236 577 3311 μετὰ
592 3238 644 3294 τῶν
669 3236 770 3294 παίδων
786 3237 943 3315 ἐπέτρεπεν,

168 3328 199 3386 ού
219 3328 264 3385 διδι
281 3323 375 3402 τιμὴν,
398 3326 432 3389 ὡς
456 3323 602 3394 ἐσκήπτετο
625 3325 690 3402 πρὸς
704 3323 762 3391 τοὺς
776 3323 875 3399 πέλας,
901 3317 943 3384 οἶα

168 3412 200 3484 δὴ
214 3416 341 3491 συγγενῆ,
357 3410 415 3469 ἀλλ’
435 3409 477 3470 ίνα
496 3412 599 3486 γέλωτα
613 3413 718 3492 παρέχῃ
733 3414 786 3480 τοῖς
800 3415 944 3492 μειρακίοις

113 3506 140 3547 ³⁵
167 3501 249 3580 λέγων
267 3502 290 3558 τ’
307 3503 405 3569 ἀνόητα
421 3499 505 3559 πολλθι
520 3501 566 3560 καί
578 3501 703 3583 πράττων
719 3501 800 3578 ύμοια
814 3505 868 3570 τοῖς
884 3505 943 3562 κατ’

167 3593 290 3663 ἀλήθειαν
316 3588 434 3660 ἠλιθίοις.
479 3589 533 3649 Καὶ
563 3587 594 3660 δὴ
617 3591 662 3649 καί
687 3589 731 3650 ὅτε
755 3594 793 3671 τῷ
819 3594 942 3674 Δελφικῷ

168 3679 282 3760 μαντείῳ
294 3678 473 3758 χρησομένους
487 3677 631 3737 ἀπέστελλε
645 3679 705 3746 τοὺς
718 3678 763 3739 δύο
777 3683 828 3738 τῶν
840 3684 941 3741 παίδων

166 3769 292 3850 Ἄρροντα
313 3769 356 3826 καὶ
381 3769 475 3838 Τῖτον,
499 3767 565 3847 ὑπὲρ
591 3772 636 3826 τοῦ
663 3770 768 3844 λοιμοῦ·
790 3767 942 3847 κατέσκηψε

167 3857 218 3937 γάρ
235 3882 272 3924 τις
286 3858 328 3916 ἐπὶ
349 3859 395 3926 τῆς
410 3856 507 3914 ἐκείνου
525 3856 660 3934 βασιλείας
674 3861 720 3916 οὐκ
742 3860 848 3918 εἰωθυῖα
868 3861 943 3927 νόσος

113 3966 141 4008 ιο
167 3947 202 4010 εἷς
216 3945 359 4025 παρθένους
372 3952 399 4003 τε
416 3943 461 4002 καί
479 3945 593 4020 παῖδας,
608 3943 651 4026 ὑφ’
664 3937 695 4016 ἧς
708 3947 795 4005 πολλὰ
815 3947 941 4028 διεφθάρη

167 4031 294 4110 σώματα,
316 4035 494 4112 χαλεπωτάτη
511 4034 537 4093 δὲ
553 4034 600 4094 καί
623 4035 744 4103 δυσίατος
759 4037 794 4101 εἰς
805 4035 852 4103 τὰς
867 4037 942 4095 κυού-

167 4145 213 4189 σας
227 4123 352 4203 γυναῖκας
368 4126 453 4190 αὐτοῖς
475 4124 596 4205 βρέφεσιν
618 4124 807 4183 ἀποκτείνουσα
822 4122 869 4191 τίις
890 4149 941 4199 μη·

166 4210 242 4292 τίρας
256 4212 283 4268 ἐν
296 4215 353 4277 ταῖς
365 4220 467 4289 γοναῖς·
484 4212 532 4284 τήν
547 4214 571 4269 τ’
587 4212 673 4271 αἰτίαν
690 4217 737 4285 τῆς
751 4213 828 4273 νόσου
844 4216 941 4291 γνῶναι

167 4297 240 4379 παρθι
255 4303 301 4356 τοῦ
317 4302 373 4357 θεοῦ
389 4300 433 4357 καί
452 4297 498 4370 τὴν
512 4299 586 4359 λύσιν
604 4300 774 4381 βουλόμενος,
791 4303 941 4383 συνέπεμψε

112 4411 139 4451 aa
166 4390 286 4446 κάκεῖνον
303 4386 359 4455 ἅμα
388 4397 440 4454 τοῖς
455 4390 599 4467 μειρακίοις
622 4392 765 4461 δεηθεῖσιν,
780 4388 823 4449 tm
838 4414 941 4450 κατασ-

165 4475 279 4535 κώπτειν
301 4499 328 4535 τε
354 4476 398 4534 καί
413 4479 588 4556 περιυύρίζειν
612 4477 707 4558 ἔχοιεν.
752 4480 799 4545 Ὡς
815 4481 842 4540 δὲ
857 4504 941 4562 παρε-

164 4564 312 4643 γενήθησαν
323 4564 366 4621 ἐπὶ
375 4562 403 4621 τδ
414 4567 535 4640 μαντεῖον
555 4569 579 4625 οἱ
590 4569 730 4639 νεανίσκοι,
740 4568 784 4626 καὶ
794 4565 851 4634 τοὺς
859 4591 878 4646 χ
880 4593 942 4647 ρησ·

166 4652 229 4727 μοδς
261 4653 357 4713 ἔλαθον
390 4655 457 4734 ὑπὲρ
494 4645 531 4712 ὧν
560 4656 749 4735 ἐπέμφθησαν,
789 4657 941 4733 ἀναθήμασι

165 4741 346 4821 δωρησάμενοι
363 4743 405 4801 τθν
425 4742 480 4801 θεὸν
497 4743 602 4802 καὶτοῦ
622 4745 738 4824 Βρούτου
753 4744 839 4804 πολλὰ
854 4768 938 4805 κατα-

112 4860 139 4901 50
165 4831 336 4906 γελάσαντες,
348 4832 387 4890 ότι
399 4831 543 4911 βακτηρίαν
558 4831 660 4905 ξυλίνην
674 4832 785 4907 ἀνέθηκε
796 4835 834 4914 τῷ
845 4832 939 4893 Ἀπόλ-

165 4914 239 4971 λωνι·
250 4923 264 4974 θ
274 4919 301 4976 δέ
311 4921 453 5000 διατρήσας
468 4922 548 4992 αὐτὴν
560 4921 623 4993 θλην
637 4921 727 5003 ὥσπερ
738 4923 827 4995 αὐλὸν,
838 4927 940 5001 χρυσῆν

167 4999 262 5080 ψάύδον
287 5008 405 5080 ἐνέθηκεν
431 5010 532 5077 οὐδενός
552 5010 742 5088 ἐπισταμένου·
768 5010 836 5088 μετδι
863 5015 939 5070 τοῦτο

165 5085 273 5168 ε’,ρόιτων
289 5092 422 5169 τὸνθεόν,
441 5100 491 5156 τίνι
509 5102 645 5179 πέπρωται
661 5099 709 5170 τὴν
726 5098 870 5175 Ῥωμαίων
886 5102 936 5178 ἀρ·

164 5178 215 5260 ’χὴν
229 5179 408 5256 παραλαύεῖν·
426 5188 439 5241 θ
454 5187 481 5244 δὲ
499 5187 553 5254 θεδς
568 5188 654 5254 αὐτοῖς
673 5190 774 5262 ἀνεῖλε,
788 5191 826 5268 τῷ
840 5187 938 5269 πρώτῳ

690 350 856 414 Dtoul'slt
879 349 1258 411 ltttlculltlassallsrs

1001 488 1125 539 tissimum
1137 493 1250 552 tyrannos
1265 489 1325 541 urbe
1335 489 1483 556 pulsosesse
1495 495 1683 560 assumuntque
1694 496 1779 559 tuerit,

1001 580 1027 628 ct
1041 575 1133 643 quibus
1152 581 1223 629 onus
1236 579 1394 643 parentibus,
1411 583 1437 631 et
1459 593 1510 646 qna
1525 581 1557 633 de
1568 596 1656 636 caussa
1672 583 1722 637 boc
1735 601 1779 637 co·

1000 680 1104 731 guernm
1118 681 1133 717 a
1144 668 1257 719 moribus
1269 669 1322 718 suis
1334 668 1441 721 alienum
1457 669 1578 725 babuerit.

1032 769 1140 819 txvnl.
1159 771 1232 820 Pater
1249 769 1273 820 ci
1293 770 1340 820 tuit
1356 773 1392 822 ltt.
1416 771 1514 833 lunius,
1535 775 1676 841 aqrrodam
1694 780 1777 830 AEueae

1001 869 1068 918 socio
1082 866 1210 931 oriundus,
1221 868 1264 932 qui
1275 868 1308 919 ob
1320 870 1438 936 insignem
1449 872 1566 924 virtutem
1578 876 1643 926 inter
1654 878 1777 930 nobilissi-

1001 972 1186 1020 mosltomanos
1200 970 1337 1022 habebatur
1357 977 1459 1026 :maier
1481 989 1539 1027 vcro
1556 980 1700 1043 Tarquinia,
1718 985 1779 1032 Tar·

1002 1071 1081 1136 quinti
1095 1071 1172 1121 Prisci
1188 1073 1252 1135 regis
1266 1072 1315 1123 tilia
1331 1093 1337 1124 ι
1352 1075 1404 1139 ipse
1417 1090 1476 1128 vero
1497 1081 1593 1146 egregie
1611 1083 1739 1135 institutus
1756 1090 1781 1137 ct

1001 1175 1068 1225 omni
1082 1174 1195 1238 indigena
1208 1176 1337 1242 disciplina
1356 1177 1470 1230 eruditus
1484 1183 1551 1242 erat,
1570 1185 1596 1234 et
1607 1183 1731 1249 ingenium
1744 1186 1781 1248 jad
1799 1224 1804 1241 .

1001 1291 1086 1329 omues
1103 1278 1180 1329 bonas
1200 1281 1227 1330 et
1239 1280 1356 1333 truncatas
1368 1296 1409 1334 res
1430 1285 1500 1336 tacite
1518 1286 1632 1340 habebat
1664 1293 1697 1339 At
1713 1295 1781 1355 post·

1000 1394 1075 1444 quam
1084 1382 1247 1446 Tarquinius.
1260 1397 1325 1435 caeso
1334 1385 1423 1449 Tullio,
1436 1392 1527 1452 praeter
1537 1389 1599 1440 alios
1609 1390 1701 1442 multos
1712 1393 1781 1443 viros

1000 1479 1105 1545 protos.
1120 1482 1198 1548 ipsius
1212 1499 1311 1551 quoque
1322 1489 1418 1551 patrem
1436 1488 1587 1541 claudestina
1602 1496 1683 1544 morte
1693 1498 1779 1543 sustu·

1001 1586 1041 1647 lit,
1056 1600 1104 1637 non
1116 1587 1148 1638 ob
1161 1588 1258 1654 aliquod
1273 1589 1326 1639 eius
1343 1590 1474 1654 delictum,
1494 1593 1540 1644 sed
1553 1592 1696 1646 divitiarum
1708 1595 1778 1660 cupi-

1000 1685 1078 1739 ditate
1100 1688 1238 1750 adductus,
1260 1705 1323 1756 quas
1342 1706 1358 1742 a
1375 1692 1509 1745 maioribus
1526 1694 1630 1748 feliciter
1651 1704 1780 1764 congestas

1000 1791 1137 1843 hereditate
1151 1798 1294 1860 acceperat,
1306 1797 1332 1846 et
1345 1810 1402 1846 cum
1421 1796 1543 1849 eutitium
1557 1799 1692 1850 maximum
1709 1805 1778 1861 natu,

999 1893 1026 1944 in
1037 1909 1086 1959 quo
1099 1897 1247 1958 generositas
1268 1899 1344 1950 animi
1355 1899 1485 1960 elucebat,
1500 1902 1585 1966 etqui
1604 1903 1699 1955 wdem
1713 1905 1779 1955 inul-

999 2000 1051 2049 tam
1066 2013 1165 2052 manere
1183 2016 1232 2052 non
1252 2015 1340 2067 passus
1354 2003 1455 2063 tuisset;
1478 2005 1570 2054 Brutus
1585 2005 1668 2056 adlrue
1682 2007 1780 2059 adoles-

998 2111 1058 2152 cens
1070 2104 1096 2153 et
1108 2103 1175 2152 omui
1186 2107 1346 2169 cognatorum
1360 2104 1452 2155 auxilio
1466 2103 1615 2167 destitutus,
1629 2107 1726 2158 lacinus
1739 2123 1780 2172 ag-

999 2215 1098 2266 gressus
1108 2207 1146 2254 est
1156 2204 1227 2269 longe
1236 2207 1345 2258 omnium
1356 2205 1585 2270 prudentissimum,
1598 2207 1658 2256 tatui
1669 2210 1778 2272 spectem

1000 2304 1111 2357 animm
1119 2321 1246 2359 assumere
1259 2324 1265 2357 ε
1278 2308 1592 2374 deincepsquacoustauter
1600 2311 1778 2375 perseverarit,

999 2404 1078 2459 donec
1089 2413 1228 2474 opportuno
1242 2409 1369 2461 rideretur
1380 2409 1463 2461 obtata
1473 2410 1586 2473 οοωείο,
1601 2410 1627 2460 in
1641 2411 1683 2462 illa
1695 2424 1778 2463 amen·

998 2507 1041 2560 tie
1053 2509 1221 2574 simulatione,
1235 2527 1267 2564 cr
1292 2527 1342 2578 qua
1357 2525 1490 2577 cognomen
1504 2511 1609 2578 adeptus
1631 2517 1678 2565 est.
1712 2517 1780 2566 lloc·

999 2624 1047 2677 quc
1061 2611 1096 2663 illi
1116 2612 1217 2665 unicnru
1234 2615 1379 2680 presidium
1395 2616 1442 2667 tuit
1462 2616 1584 2667 adversus
1602 2617 1702 2679 tyranni
1722 2632 1778 2669 eru-

999 2712 1126 2767 delitatcm
1137 2729 1195 2766 cum
1208 2717 1279 2768 multi
1288 2716 1330 2769 atii
1342 2717 1389 2769 viri
1404 2716 1463 2768 bont
1474 2717 1591 2781 perirent.

1030 2816 1113 2867 thlll.
1131 2818 1280 2882 Tarquinius
1299 2819 1365 2869 enim
1382 2831 1451 2880 eam,
1467 2831 1524 2882 quas
1536 2818 1573 2868 illi
1584 2817 1663 2869 inesse
1673 2816 1778 2869 videba-

1000 2910 1050 2972 tur,
1066 2924 1152 2961 revera
1172 2916 1317 2963 tamennon
1336 2913 1429 2975 inerat,
1447 2911 1587 2964 fatuitatem
1599 2911 1671 2963 ratde
1689 2910 1775 2976 despi-

997 3001 1073 3063 ciens,
1084 3004 1199 3054 omnibus
1212 3003 1282 3055 bonis
1297 3006 1404 3070 paternis
1421 3006 1504 3070 ipsum
1524 3005 1640 3071 spoliarat
1658 3024 1664 3054 :
1682 3008 1708 3054 et
1723 3004 1777 3054 exi·

998 3106 1074 3156 guum
1085 3096 1204 3158 quiddam
1224 3111 1269 3160 pro
1285 3098 1351 3146 victu
1365 3097 1508 3162 quotidiano
1522 3099 1545 3149 ei
1559 3096 1732 3162 suppeditans,
1751 3105 1779 3150 nt

997 3188 1116 3253 pupillum
1128 3189 1251 3239 tutoribus
1262 3189 1412 3251 indigentem
1422 3191 1488 3256 apud
1501 3207 1528 3243 sc
1540 3193 1671 3250 servabat,
1686 3195 1779 3244 etcum

999 3281 1055 3332 titiis
1071 3284 1160 3333 versari
1182 3285 1336 3348 patiebatur,
1362 3299 1410 3335 nen
1430 3286 1531 3336 honoris
1550 3300 1652 3347 caussa,
1669 3290 1698 3336 ut
1714 3288 1779 3350 aprici

998 3376 1145 3441 propinquos
1157 3378 1298 3438 simulabat,
1310 3379 1377 3443 quod
1389 3382 1455 3429 esset
1467 3385 1594 3441 cognatus,
1605 3380 1649 3427 aed
1660 3384 1686 3429 ut
1701 3381 1778 3432 risum

997 3470 1193 3522 adolescentibus
1212 3474 1336 3532 moveret,
1355 3473 1433 3522 stutta
1448 3453 1526 3523 multa
1545 3473 1672 3537 proterens
1689 3477 1716 3524 ct
1731 3488 1776 3524 re-

998 3564 1032 3613 ris
1050 3566 1126 3617 totuis
1147 3565 1236 3617 similia
1256 3567 1358 3632 agendo.
1392 3566 1536 3625 Quinetiam
1558 3578 1615 3617 cum
1634 3565 1698 3617 tilios
1715 3568 1778 3619 duos

997 3662 1114 3710 aruntem
1133 3663 1159 3711 et
1172 3661 1264 3721 Titum,
1279 3661 1406 3710 oraculum
1425 3658 1572 3724 Delphicum
1582 3659 1617 3711 de
1637 3665 1707 3724 peste
1719 3675 1778 3712 cun·

996 3751 1105 3802 sulturos
1116 3755 1228 3805 mitteret
1243 3756 1315 3817 (nam
1333 3754 1374 3803 iilo
1387 3756 1500 3816 regnante
1512 3754 1613 3804 morbus
1624 3753 1727 3819 quidam
1742 3756 1778 3805 in·

996 3846 1085 3897 solitus
1100 3848 1123 3896 iu
1143 3849 1251 3912 virgines
1265 3853 1290 3897 et
1310 3862 1399 3912 pueros
1414 3848 1581 3911 grassabatur,
1594 3863 1646 3912 quo
1658 3849 1727 3899 rualli
1741 3851 1776 3899 in·

996 3939 1118 4002 militaui,
1140 3941 1302 4005 gravissimus
1319 3944 1344 3991 et
1359 3944 1447 3990 sanato
1466 3941 1575 3991 dltlicills
1591 3941 1617 3992 iu
1633 3942 1778 3993 mulieribus

996 4034 1191 4097 pregnantibus,
1207 4035 1328 4100 siquidem
1343 4038 1435 4084 matres
1452 4034 1578 4099 cumipse
1604 4036 1664 4086 tatu
1686 4037 1778 4100 passim

996 4140 1040 4190 per
1051 4126 1145 4177 medias
1157 4128 1210 4177 rias
1222 4127 1354 4190 enecabat)
1367 4126 1435 4190 quod
1445 4140 1472 4177 er
1482 4126 1531 4177 deo
1544 4141 1694 4192 cognoscere
1704 4128 1779 4180 vellet

996 4224 1022 4272 et
1036 4219 1116 4271 morbi
1133 4235 1248 4281 causam,
1263 4227 1291 4271 ct
1313 4222 1433 4271 rationem
1447 4235 1496 4285 qua
1513 4236 1543 4273 co
1560 4226 1641 4286 posset
1665 4222 1777 4280 liberari.

995 4308 1064 4359 illum
1079 4323 1128 4360 uua
1141 4324 1197 4359 curu
1211 4309 1409 4360 adolescentibus
1428 4311 1496 4361 misit
1515 4311 1636 4375 precatis,
1655 4316 1684 4361 ut
1706 4311 1778 4361 lrabe-

996 4402 1052 4449 rcut
1067 4399 1107 4449 cui
1120 4398 1201 4448 rerlris
1220 4403 1243 4447 ct
1261 4399 1331 4449 tactis
1344 4398 1484 4450 illuderent.
1519 4398 1695 4449 Adulescentes
1706 4400 1778 4463 igitur

995 4500 1053 4537 curu
1066 4488 1098 4537 ad
1118 4487 1245 4537 oracutum
1260 4489 1403 4549 venisent,
1417 4492 1442 4538 ct
1459 4501 1604 4552 responsum
1625 4488 1778 4552 accepissent

995 4574 1027 4625 ob
1045 4575 1112 4638 quod
1131 4577 1198 4626 missi
1213 4577 1324 4635 fuerant,
1343 4576 1451 4626 donariis
1471 4577 1519 4627 deo
1534 4577 1645 4634 donatis,
1664 4581 1689 4626 et
1706 4577 1778 4626 valde

994 4665 1076 4715 deriso
1087 4667 1176 4724 Bruto,
1191 4664 1258 4730 qnod
1277 4665 1391 4716 truentum
1406 4666 1513 4729 ligneum
1534 4666 1639 4729 Apollini
1651 4665 1775 4722 dicasset,

996 4753 1039 4818 (at
1053 4753 1095 4803 illo
1114 4754 1180 4804 nullo
1198 4768 1249 4803 rem
1263 4754 1482 4806 scicntebaculum
1502 4756 1638 4820 perforarat
1657 4758 1686 4802 ut
1700 4752 1777 4803 srstu-

996 4841 1059 4904 lam,
1071 4847 1097 4894 et
1111 4856 1209 4892 auream
1225 4844 1318 4907 virgam
1332 4843 1467 4904 indiderat)
1480 4848 1565 4908 postea
1577 4856 1608 4893 ex
1624 4841 1671 4892 deo
1687 4841 1774 4891 scisci·

996 4930 1041 4981 tati
1051 4934 1122 4990 sunt,
1136 4944 1266 4994 quemnam
1277 4931 1328 4981 tata
1339 4934 1504 4982 Romanorum
1516 4932 1649 4996 principem
1663 4930 1774 4980 tutorum

994 5018 1174 5071 destinassent:
1186 5020 1247 5069 dens
1259 5020 1307 5070 illis
1322 5019 1457 5083 respondit,
1471 5034 1529 5069 eum
1538 5022 1581 5086 qui
1598 5022 1692 5086 primns
1701 5019 1774 5067 matri

993 5108 1106 5159 osculum
1132 5107 1235 5157 tulisset.
1271 5107 1309 5157 llll
1332 5108 1415 5171 igitur,
1451 5122 1507 5157 rum
1538 5124 1586 5159 non
1610 5107 1775 5174 percepissent

993 5197 1054 5261 quid
1064 5196 1113 5249 sibi
1129 5197 1202 5248 saltet
1218 5196 1360 5259 oraculum,
1378 5197 1441 5262 pacti
1455 5197 1520 5249 inter
1535 5212 1562 5249 sc
1578 5202 1637 5248 sunt
1654 5199 1683 5247 ut
1701 5195 1776 5246 simul
