3772 5828
177 378 238 438 340

177 530 232 568 κων
246 508 299 564 τῶν
318 504 489 577 καλουμένων
511 501 681 579 Ἐχετρανῶν
697 498 805 578 χώραν,
831 495 864 566 ἡν
889 496 958 574 nipe·

178 597 284 672 λόμενοι
310 591 368 659 τοῦς
391 589 567 670 Ἐχετρανοὺς
589 589 720 664 Ῥωμαῖοι
740 585 895 665 κληρούχοις
921 585 956 651 είς

178 682 297 764 ρυλακὴν
309 686 354 739 τοῦ
366 679 453 746 ἔθνους
466 682 638 760 ὶκπεμρθεῖσι
648 675 790 750 διένειμαν,
803 672 955 733 ἀποδιδόναι

178 772 259 853 σρίσι,
271 769 373 851 καίτὴν
386 767 499 849 ρρουρδν
510 771 658 846 ἀπαγαγεῖν
668 766 694 833 ii
709 766 806 834 αὐτῆς·
822 763 866 822 ida
878 761 905 822 δέ
917 758 955 839 μὴ

138 894 151 933 ς
178 861 340 933 ποιήσωσιν,
371 857 523 939 Ἀρούγκους
543 855 653 929 ἡξοντας
678 853 722 912 inl
747 852 796 925 τὴν
813 850 955 928 Ῥωμαίων

178 944 267 1022 ὀλίγου
288 944 397 1025 χρόνου,
415 946 460 1003 καὶ
485 945 559 1012 δίκας
573 941 738 1025 ληψομένους
756 943 823 1000 ὅσων
836 940 959 1013 διέθηκαν

179 1033 240 1103 τοὺς
262 1033 371 1112 ὁμόρους
386 1038 475 1092 κακῶν
493 1035 655 1112 ἐκδέχεσθαι.
678 1031 812 1106 Ῥωμαῖοι
832 1030 858 1088 δὲ
874 1030 961 1094 αὐτοῖς

177 1126 237 1187 τάδ’
260 1124 447 1204 ἀπεκρίναντο·
488 1150 501 1176 ε
526 1120 737 1199 ’λπαγγελλετε,
767 1108 790 1176 ῶ
814 1117 953 1199 πρίσῦεις,

181 1240 197 1272 α
214 1216 375 1294 Ἀρούγκοις,
391 1212 431 1271 δτι
446 1212 522 1287 ἡμεῖς
540 1212 565 1269 οί
577 1209 710 1286 Ῥωμαῖοι
727 1211 881 1284 δικαιοῦμεν
905 1205 955 1266 ὅσα

125 1335 150 1373 ιο
182 1330 195 1357 ε
212 1308 307 1363 κτᾶταί
320 1327 359 1367 τις
370 1303 449 1381 ἀρετῇ
461 1297 601 1375 πολεμίους
613 1297 787 1379 ἀφελόμενος,
802 1304 886 1357 ταῦτα
901 1303 954 1363 τοῖς

180 1420 194 1446 ι
211 1392 325 1470 ἐγγόνοις
334 1393 369 1457 ῶς
380 1392 464 1449 οίκεῐα
479 1385 662 1465 παραδιδόναι,
674 1386 790 1463 πόλεμον
805 1385 833 1444 di
844 1385 874 1443 οὔ
886 1385 954 1443 δίδι·

180 1509 194 1539 α
211 1504 259 1557 μιν
268 1480 312 1539 τδν
323 1480 374 1536 τῶν
384 1476 544 1554 Ἀρούγκων,
555 1473 614 1534 οὔτε
622 1476 726 1551 πρῶτον
737 1472 797 1532 οῦτε
807 1473 954 1532 δεινότατον

181 1597 194 1623 ι
210 1569 344 1644 ἐσόμενον·
359 1566 419 1624 ἀλλ’
434 1568 461 1624 έν
475 1563 526 1623 ἑθεν
537 1564 601 1638 ἡμῖν
615 1562 730 1643 ύπάρχει
740 1571 808 1621 πᾶσι
818 1562 954 1642 μάχεσθαι

180 1683 194 1711 ι
210 1655 325 1737 περὶτῆς
338 1654 479 1731 ἡγεμονίας
489 1652 534 1712 καί
544 1655 649 1732 ἀρετῆς,
662 1653 688 1711 ἑν
701 1652 845 1731 άγυινισμῷ
856 1652 880 1710 τ’
895 1649 954 1709 ἐσό-

125 1779 149 1815 ,ς
180 1767 289 1822 «μενον
308 1748 418 1822 δρῶντες
434 1743 530 1818 αὐτόν,
552 1740 764 1813 ἀκαταπλήκτως
786 1739 923 1817 δεξόμεθα.
941 1768 952 1793 ν

177 1835 255 1897 Μετδ
264 1834 338 1894 ταῦτ’
347 1833 484 1913 Ἀροῦγκοί
498 1855 526 1890 τε
536 1833 622 1912 πολλῇ
633 1839 745 1913 στρατιᾷ
755 1830 910 1909 ὁρμηθέντες
923 1833 953 1889 ἐκ

177 1926 224 1993 τῆς
238 1923 352 1993 ἑαυτῶν,
363 1918 409 1978 καί
424 1917 555 1994 Ῥωμαῖοι
569 1917 616 1984 τῖς
630 1916 727 1985 οἰκείας
741 1914 864 1994 δυνάμεις
876 1916 953 1995 έχον-

175 2033 218 2077 τες
239 2007 383 2086 ἡγουμένου
400 2007 565 2084 Σερουϊλίου,
587 2005 807 2085 συντυγχάνουσιν
829 2005 953 2076 ἀλλήλοις

176 2101 258 2178 ἀγχοῦ
269 2099 369 2164 πόλεως
377 2095 514 2176 Ἀρικείας,
523 2097 542 2170 ἡ
550 2096 631 2174 διέχει
641 2095 761 2162 σταδίους
771 2095 863 2155 ἑκατὸν
872 2095 955 2154 εἴκοσι

122 2217 149 2254 ω
174 2191 221 2260 τῆς
235 2184 353 2264 Ῥώμης·
368 2186 413 2245 καί
433 2184 684 2266 στρατοπεδεύονται
697 2185 815 2264 ἑκάτεροι
829 2188 855 2244 ir
868 2182 953 2264 ὄρεσιν

122 2657 147 2695 ab

121 3103 147 3142 :lo

175 2278 294 2355 ὀχυροῖς,
306 2272 393 2351 ὀλίγον
408 2274 531 2346 οῖλλὴλων
554 2275 699 2338 διεστῶτες.
744 2270 823 2333 Ἐπεί
847 2269 874 2329 δί
895 2269 954 2336 τοὺς

177 2363 299 2444 χάρακας
318 2361 508 2440 ίκρατύναντο,
528 2363 658 2442 προῆλθον
683 2363 718 2428 είς
732 2361 762 2421 τδ
780 2360 869 2419 πεδίον
883 2361 953 2435 ἀγω-

175 2455 319 2529 νιούμενοι,
331 2451 377 2511 καῖ
387 2452 565 2529 συμπεσόντες
579 2450 606 2519 ii
620 2454 728 2523 ἑωθινῆς
742 2449 836 2529 μέχρις
851 2446 953 2528 ἡμέρας

89 2544 92 2551 '
176 2542 306 2621 μεσούσης
320 2544 455 2620 ἀντεῖχον,
470 2539 539 2601 ὥστε
552 2539 634 2601 πολύν
651 2539 676 2607 ίξ
697 2538 853 2620 ἀμφοτέρων
864 2538 952 2617 γενέσ-

174 2636 218 2691 θαι
237 2630 323 2711 ρόνον.
367 2629 553 2707 Φιλοπόλεμον
580 2629 631 2709 γὰρ
656 2628 688 2700 δὴ
711 2626 741 2686 τὸ
763 2631 815 2686 τῶν
846 2624 952 2706 ’λρούγ-

174 2745 228 2779 κων
246 2720 317 2783 ἔθνος
331 2710 372 2789 ἡν,
387 2719 432 2778 καῖ
447 2721 484 2798 τῶ
500 2719 602 2796 μεγέθει
616 2741 645 2776 τε
664 2715 710 2775 καί
724 2714 817 2796 ῥύμη,
831 2714 877 2773 καὶ
892 2713 954 2791 ὄψε-

174 2833 209 2875 ως
223 2807 350 2877 δεινότητι
365 2807 432 2865 πολὺ
446 2807 476 2865 τδ
501 2811 625 2886 θηριῶδες
641 2806 738 2886 ἐχούσῃ
762 2803 952 2887 ροόερώτατον.

215 2897 348 2957 xxxlll.
373 2896 419 2955 Ἐν
446 2893 529 2975 τούτῳ
557 2895 661 2972 λέγεται
682 2899 721 2976 τῷ
757 2896 866 2976 πολέμῳ
894 2895 954 2964 τοὺς

172 2983 263 3050 ίππεῖς
275 2988 327 3042 τῶν
341 2981 486 3060 Ῥωμαίων
508 2983 663 3060 κρατίστους
680 2983 815 3058 γενέσθαι,
837 2983 882 3041 καί
906 2983 950 3042 τδν

174 3070 292 3149 ἡγεμόνα
304 3075 389 3130 αὐτῶν
402 3062 489 3134 Ailou
501 3072 650 3145 Ποστόμιον
661 3067 772 3141 Ἀλόον,
789 3069 815 3137 ὃς
828 3072 889 3149 ἔσχε
903 3072 951 3143 τὴν
978 3118 981 3141 ,

175 3162 324 3241 δικτάτορος
342 3159 427 3239 ἀρχὴν
452 3162 478 3217 έν
492 3162 530 3237 τῷ
555 3158 666 3236 πρόσθεν
678 3160 799 3235 ἐνιαυτῷ.
844 3158 882 3216 To
904 3159 952 3236 μέν

173 3248 224 3329 γάρ
240 3247 352 3328 χωρίον,
367 3252 393 3305 ἐν
412 3238 461 3327 ᾧὴ
478 3247 552 3325 μάχη
568 3243 683 3318 ἐγένετο,
700 3242 788 3316 ἥκισθ’
803 3245 951 3323 ἱππάσιμον

174 3327 222 3409 ἡν,
247 3334 376 3402 κολωνούς
401 3357 429 3392 τε
451 3333 592 3413 πετρώδεις
616 3334 661 3391 καί
684 3333 820 3414 φάραγγας
847 3334 953 3411 βαθείας

175 3423 254 3504 ἔχον,
269 3422 337 3482 ῶστε
352 3423 434 3501 μηδὲν
447 3423 578 3504 ἑκατέροις
595 3422 642 3494 τὴν
662 3422 743 3482 ’ίππον
757 3426 815 3483 οἵαν
838 3425 860 3480 τ’
884 3416 953 3486 ε’ίναι

120 3564 126 3576 ,
175 3517 365 3592 προσωρελεῖν.
408 3512 443 3572 ‘0
465 3512 492 3571 δέ
521 3513 669 3591 Ποστόμιος
692 3513 954 3591 παρακελευσάμενος

174 3611 228 3671 τοῖς
238 3604 304 3682 ἀμφ’
316 3600 392 3661 αὑτὸν
406 3600 458 3658 άπὸ
469 3603 520 3659 τῶν
537 3601 625 3660 ἵππων
636 3602 802 3675 καταόῆνοιι,
815 3602 861 3662 καί
877 3605 954 3678 ποιὴ-
979 3602 981 3649 ί

175 3716 222 3759 σας
234 3696 322 3768 στῖρος
343 3690 443 3769 ἀνδρῶν
462 3688 618 3763 ἑξακοσίων,
637 3689 697 3748 ἔνθα
718 3691 835 3765 μάλιστα
855 3691 959 3768 ἔκαμνε.
979 3692 981 3697 ’

176 3782 226 3846 τοῖς
246 3780 390 3855 Ῥωμαίοις
409 3779 477 3837 κατὰ
497 3784 609 3857 πρανοῦς
633 3777 789 3855 ὠθουμένοις
813 3780 911 3858 χωρίου
936 3785 952 3850 ἡ

174 3867 286 3947 φάλαγξ,
299 3871 325 3926 ἑν
336 3867 435 3932 τούτοις
446 3866 573 3924 συνάπτει
582 3873 634 3930 τοῖς
645 3865 792 3939 πολεμίοις,
803 3871 848 3923 καὶ
859 3866 953 3927 αὐτίκα
979 3910 981 3931 .

133 3995 137 4019 .
174 3956 323 4026 συνίστησιν
336 3958 419 4013 αὐτῶν
429 3953 476 4022 τίς
488 3957 581 4022 τάξεις.
612 3953 771 4021 Ὡςδάπαξ
787 3953 953 4023 ἀνεκόπησαν
978 3998 980 4009 .

133 4887 145 4911 ,,
176 4851 228 4908 τοῖς
247 4843 331 4922 ίίρεσι
350 4845 523 4923 διαιροῦντες,
548 4845 596 4910 ἑως
620 4846 662 4902 ἐπὶ
682 4847 725 4905 τδν
744 4848 850 4926 χάρακα
870 4851 953 4908 αὐτων

174 4045 198 4101 οί
211 4043 356 4121 peponem,
368 4045 462 4123 θάρσος
474 4043 580 4103 ἐνέπεσε
599 4046 653 4109 τοῖς
664 4041 808 4119 Ῥωμαίοις
821 4044 867 4101 καὶ
879 4046 951 4122 φιλο·

174 4129 256 4189 νεικία
272 4138 324 4195 τοῖς
334 4135 421 4198 πεζοῖς
435 4133 499 4210 πρὸς
515 4130 574 4199 τοὺς
584 4133 689 4196 ίπττεῖς·
701 4130 745 4187 καῖ
756 4132 814 4189 καθ’
825 4130 852 4188 ἓν
868 4133 954 4213 άμρό-

174 4242 244 4301 τεροι
254 4219 385 4298 πυργηδὸν
395 4220 517 4286 ἐξωθοῦσι
532 4221 562 4279 τδ
572 4219 652 4288 δεξιὸν
667 4219 743 4299 κέρας
754 4223 804 4276 τῶν
818 4220 953 4298 πολεμίων

175 4309 223 4379 ἕως
237 4316 282 4370 τοῦ
296 4307 388 4387 λόρου·
401 4311 445 4368 καί
465 4313 489 4368 oi
500 4308 548 4388 μὲν
568 4320 621 4375 τοῖς
635 4309 698 4387 πρὸς
713 4309 756 4367 τὸν
766 4309 874 4388 χάρακα
886 4311 951 4392 ρεύ·

174 4423 262 4476 γουσιν
275 4397 397 4473 ἑπόμενοι
409 4399 520 4466 πολλούς
531 4399 700 4470 ἀπέκτειναν,
713 4403 735 4457 οἱ
747 4399 773 4457 δὲ
786 4403 838 4467 τοῖς
849 4401 886 4459 ἔτι
898 4427 951 4479 μα-

175 4488 295 4568 χομένοις
306 4486 374 4544 κατὰ
386 4487 466 4544 νώτου
489 4491 596 4564 ἐπῆγον.
640 4489 809 4568 Τρεψοίμενοι
825 4488 852 4548 δέ
862 4491 953 4550 κάκεί-

176 4602 232 4644 νους
247 4578 282 4642 εἷς
302 4575 398 4656 ρυγὴν,
412 4577 533 4634 ἑπίπονόν
545 4602 572 4636 τε
588 4577 633 4636 καί
650 4581 773 4656 βραδεῖαν
784 4580 832 4651 τὴν
847 4580 954 4659 ἀποχῶ·

177 4692 251 4746 ρηοιν
271 4663 451 4740 ποιουμένους,
463 4666 526 4743 πρὸς
545 4667 649 4746 ὀχθώδη
669 4668 755 4747 χωρία
768 4669 887 4740 ἐδίωκον,
908 4669 951 4728 τί·

175 4756 264 4822 νοντοίς
276 4778 304 4813 τε
317 4753 510 4820 ἀποκόπτοντες
519 4757 606 4813 ποδῶν
622 4757 727 4824 καὶτὰς
744 4761 814 4837 ἰγνῦς
833 4758 953 4836 πλαγίοις
979 4744 981 4833 ί

178 4929 310 5006 οῖρίκοντο.
352 4931 514 5008 ίλιασόμενοι
540 4933 621 4992 δὲκαὶ
643 4934 734 4993 τούτου
756 4934 814 5001 τοὺς
834 4935 953 5012 ρύλακας

178 5016 208 5073 ού
230 5018 341 5084 πολλοὺς
358 5020 445 5093 ὄντας,
478 5021 625 5100 ἐκράτησαν
644 5030 690 5082 τοῦ
709 5022 885 5102 στρατοπέδου
908 5023 953 5081 καί
979 5062 981 5075 .

179 5101 344 5180 διήρπασαν·
355 5106 484 5183 ῶρελείας
504 5109 593 5185 μέντοι
603 5111 632 5168 οὐ
648 5109 746 5176 πολλδις
756 5102 844 5189 εῦρον,
860 5111 899 5169 ότι
915 5109 953 5186 μὴ
979 5152 981 5175 ,

179 5192 251 5251 ὅπλα
269 5189 314 5250 καί
324 5187 420 5256 ἵππους
433 5194 479 5252 καῖ
491 5196 516 5254 εί
526 5221 552 5256 τι
569 5199 633 5256 ἄλλο
648 5199 849 5279 πολεμιστήριον
862 5202 954 5277 χρῆμα
979 5244 982 5279 ,

653 415 655 420 .
699 365 866 426 nrontstl
888 359 1268 426 HAchAnnAssnttsrs

1005 501 1070 551 trani
1093 504 1244 554 vocabantur
1264 495 1478 570 (quem'nomant
1496 509 1623 559 Ecetranis
1638 510 1782 575 ademptum

1008 588 1101 639 colonis
1114 591 1146 641 ed
1164 591 1217 641 eius
1234 594 1311 656 gentis
1330 593 1473 657 praesidinm
1487 595 1569 645 missis
1586 595 1736 660 dirimronl)
1759 605 1785 650 et

1009 677 1065 728 iude
1077 679 1217 743 praesidium
1227 681 1393 734 deducerent:
1406 697 1464 747 quae
1479 684 1528 735 uisi
1538 685 1667 745 iecissent,
1681 691 1783 738 Aurun-

1009 783 1053 820 eos
1065 769 1135 823 brevi
1146 772 1171 821 in
1188 786 1274 837 agrurn
1290 776 1428 825 Romanum
1448 777 1577 837 venturos,
1600 779 1626 828 ct
1640 791 1726 842 ponas
1739 794 1785 843 pro

1010 859 1121 920 iniuriis,
1137 875 1200 925 quas
1220 863 1317 926 populis
1337 863 1448 914 tinitimls
1469 864 1621 926 intuterant,
1641 873 1787 932 sumpturos

1011 952 1190 1012 exspectarent.
1203 952 1302 1001 Romani
1313 965 1372 1002 vero
1384 952 1438 1002 baee
1457 967 1575 1017 responsa
1586 954 1635 1005 illis
1645 957 1786 1010 dederunt:

1012 1053 1025 1079 ε
1037 1037 1195 1097 denuntiate,
1214 1038 1301 1103 legati,
1319 1042 1457 1102 Auruncis,
1478 1055 1524 1092 nos
1544 1045 1668 1094 Romanos
1687 1060 1787 1112 aequum

1011 1143 1024 1167 κ
1039 1137 1094 1175 esse
1107 1138 1216 1185 censere,
1225 1129 1254 1176 ut
1269 1140 1425 1191 quaecunque
1441 1129 1497 1193 quis
1509 1142 1555 1180 soa
1566 1129 1659 1182 rimmo
1675 1132 1789 1185 hostibus

1012 1232 1025 1257 ι
1038 1213 1158 1266 ademerit
1169 1218 1195 1264 et
1207 1214 1253 1264 sibi
1265 1217 1430 1280 compararit,
1450 1231 1479 1268 ea
1499 1220 1603 1282 posteris
1619 1223 1738 1285 tanquam
1749 1238 1788 1274 res

1011 1321 1024 1344 a
1039 1302 1150 1365 proprius
1160 1303 1284 1367 relinquet
1295 1322 1301 1354 ι
1312 1303 1405 1355 bellum
1418 1309 1502 1357 autem
1514 1312 1686 1359 Auruncorum
1701 1325 1749 1361 non
1760 1312 1789 1362 ti·

1011 1410 1023 1434 ι
1037 1404 1114 1453 mere,
1125 1394 1288 1457 utpotequod
1297 1409 1376 1458 nequo
1393 1396 1509 1460 primum,
1525 1411 1605 1465 neque
1615 1401 1788 1464 gravissimum

1012 1501 1024 1525 a
1039 1482 1151 1533 loturum
1163 1481 1209 1543 sit;
1223 1483 1265 1533 sed
1277 1496 1332 1534 cum
1340 1483 1434 1534 assueti
1446 1484 1524 1535 simus
1537 1499 1595 1538 cum
1611 1488 1743 1550 quibusvis
1758 1491 1789 1542 de

1011 1587 1023 1611 ι
1037 1568 1139 1633 imperio
1153 1572 1179 1619 et
1188 1568 1220 1619 de
1239 1571 1331 1621 virtute
1343 1570 1485 1633 decertare,
1502 1574 1528 1623 et
1537 1572 1585 1624 boc
1600 1579 1727 1627 certamen
1741 1577 1789 1628 bo·

1011 1673 1024 1700 s
1038 1659 1138 1707 nestum
1151 1657 1221 1706 nobis
1240 1657 1349 1708 tutorum
1362 1659 1411 1720 sit,
1426 1659 1549 1723 impetum
1564 1660 1687 1726 intrepide
1696 1679 1787 1731 excep·

1010 1766 1023 1790 ι
1038 1750 1115 1797 turos.
1142 1766 1155 1791 ν
1189 1750 1277 1799 Postea
1289 1749 1426 1812 Auruncis,
1440 1763 1498 1801 cnm
1516 1750 1610 1816 ingenti
1631 1756 1744 1807 exercitu
1760 1771 1788 1807 er

1010 1845 1068 1896 agro
1088 1847 1135 1883 suo
1157 1833 1326 1895 venientibus,
1348 1837 1451 1888 Romani
1472 1851 1529 1889 cum
1548 1839 1694 1893 domesticis
1713 1846 1789 1909 copiis

1011 1922 1073 1974 dure
1086 1924 1188 1975 Servilio
1205 1931 1364 1978 occurrerunt
1380 1928 1413 1978 ad
1430 1928 1538 1980 Ariciam
1558 1931 1661 1995 urbem,
1681 1948 1738 1997 quae
1758 1935 1789 1985 ab

1013 2013 1073 2064 urbe
1084 2017 1183 2065 centum
1195 2017 1221 2065 et
1232 2015 1316 2080 viginti
1339 2017 1420 2068 stadia
1432 2016 1503 2070 abest
1516 2040 1524 2072 r
1541 2022 1568 2073 et
1586 2023 1688 2087 utrique
1707 2030 1789 2077 castra

1011 2110 1181 2172 posueruntin
1201 2111 1327 2162 montibus
1338 2113 1427 2162 natura
1446 2089 1562 2177 munitis,
1578 2128 1666 2179 parum
1680 2116 1746 2168 tuter
1759 2132 1786 2169 se

1007 2205 1132 2257 distantia.
1166 2207 1214 2257 Ubi
1223 2221 1282 2258 vero
1296 2209 1387 2259 rabum
1406 2211 1668 2278 monimentumque,
1683 2215 1709 2265 in
1727 2230 1783 2266 me·

1007 2291 1074 2343 diam
1083 2293 1209 2357 planitiem
1222 2293 1362 2344 dimicaturi
1381 2300 1570 2361 processerunt,
1588 2299 1732 2364 collatisque
1749 2304 1784 2352 si·

1007 2380 1062 2443 gnis
1079 2394 1095 2431 a
1113 2382 1244 2432 matutinis
1259 2382 1328 2433 boris
1340 2396 1420 2446 usque
1439 2383 1473 2434 ad
1485 2384 1614 2437 meridiem
1631 2392 1785 2451 pugnarunt.

1007 2467 1079 2518 alteri
1090 2466 1174 2518 alteris
1187 2468 1283 2520 sortiter
1298 2471 1455 2531 resistentes,
1472 2471 1507 2521 ita
1519 2474 1546 2523 ut
1561 2487 1650 2537 magna
1659 2472 1717 2525 hinc
1732 2474 1788 2524 iude

1008 2554 1089 2605 caedes
1099 2555 1163 2606 tacta
1174 2556 1216 2606 sit.
1250 2560 1317 2608 Gens
1328 2557 1393 2608 enim
1409 2561 1580 2611 Auruncorum
1592 2560 1714 2613 bellicosa
1726 2569 1788 2624 erat,

1007 2643 1153 2707 etcorporis
1170 2644 1350 2707 magnitudine,
1373 2646 1512 2708 etrobore,
1531 2649 1558 2698 et
1574 2649 1641 2699 truci
1663 2651 1713 2700 oris
1731 2652 1789 2703 ads·

1007 2736 1080 2796 pectu
1089 2733 1212 2785 lenitatem
1225 2735 1357 2787 maximam
1368 2750 1420 2801 pre
1432 2751 1459 2788 se
1471 2738 1575 2790 terebat.

1041 2908 1151 2960 xltltlll.
1169 2908 1197 2957 ln
1221 2906 1269 2957 boe
1286 2908 1374 2972 prmlio
1392 2910 1473 2961 virtus
1488 2911 1564 2975 atque
1588 2913 1686 2976 egregia
1708 2927 1785 2977 opera

1008 3010 1120 3071 equitum
1130 3013 1294 3061 ltomenorum
1304 3050 1310 3073 ,
1322 3015 1349 3062 et
1362 3011 1430 3062 duris
1438 3024 1523 3062 eorum
1533 3015 1561 3061 A.
1578 3015 1699 3064 Postumii
1710 3014 1781 3078 Albi,

1008 3111 1050 3173 qui
1072 3125 1134 3161 anno
1148 3113 1274 3176 superiore
1292 3113 1397 3164 dictator
1415 3113 1510 3174 tuerat,
1531 3114 1640 3165 maxime
1663 3117 1787 3170 enituisse

1009 3209 1096 3259 fertur.
1129 3213 1208 3261 iocus
1223 3214 1289 3264 enim
1310 3216 1352 3265 ubi
1372 3214 1483 3281 praelium
1498 3215 1658 3268 commissum
1679 3222 1719 3269 est
1735 3222 1787 3270 rni-

1009 3314 1074 3365 uime
1085 3315 1225 3378 equitabilis
1236 3323 1302 3377 erat,
1316 3321 1342 3368 et
1354 3319 1510 3383 oontragosos
1518 3320 1593 3372 colles
1605 3326 1632 3373 et
1647 3323 1787 3387 profundas

1008 3417 1132 3468 convalles
1147 3417 1268 3480 habebat,
1288 3420 1322 3470 ita
1340 3424 1368 3471 ut
1390 3419 1485 3472 neutris
1497 3423 1624 3486 equitatus
1647 3423 1787 3475 ullomodo

1009 3519 1146 3581 prodesset.
1180 3521 1230 3571 Sed
1242 3522 1400 3580 Postumius,
1423 3523 1496 3574 iussis
1515 3523 1641 3588 equitibus
1657 3538 1721 3588 quos
1747 3538 1789 3573 se·

1010 3629 1068 3666 enm
1079 3617 1188 3668 babebat
1197 3632 1228 3669 ex
1238 3621 1306 3682 equis
1322 3612 1488 3682 descendere,
1501 3626 1527 3673 et
1538 3622 1603 3672 tacto
1614 3625 1789 3673 sexcentorum

1008 3717 1136 3769 hominum
1155 3721 1242 3785 globo,
1257 3735 1306 3784 qua
1326 3723 1429 3774 maxime
1449 3722 1579 3774 laborabat
1591 3721 1658 3772 acies
1678 3725 1788 3773 Romana

1009 3819 1064 3871 loco
1082 3822 1149 3872 edito
1167 3821 1252 3884 pulsa,
1275 3822 1309 3870 ibi
1329 3837 1385 3872 cum
1399 3823 1514 3873 hostibus
1529 3835 1675 3885 congressus
1694 3826 1745 3884 est,
1762 3827 1788 3873 et

1009 3924 1137 3973 coelestim
1153 3937 1238 3973 eorum
1251 3938 1338 3988 agmen
1354 3927 1481 3990 repressit.
1516 3930 1550 3977 Ut
1565 3940 1625 3977 vero
1641 3930 1717 3977 seurel
1731 3925 1784 3975 bar·

1009 4016 1061 4067 bari
1074 4019 1159 4068 reiecti
1176 4020 1287 4081 luerunt,
1304 4022 1407 4072 audacia
1428 4027 1551 4075 Romanos
1572 4022 1662 4084 subiit,
1675 4020 1785 4072 accensis

1009 4114 1135 4179 peditibus
1157 4116 1267 4181 equitum
1297 4118 1468 4181 aemulatione3
1491 4121 1604 4184 tactoque
1624 4133 1655 4170 εκ
1675 4118 1785 4181 utrisque

1009 4227 1099 4275 cuneo,
1110 4212 1226 4264 dextrum
1239 4215 1347 4264 bostium
1357 4226 1434 4264 comu
1448 4228 1481 4265 ex
1490 4215 1551 4265 colle
1567 4213 1714 4279 depulerunt
1725 4233 1732 4263 ι
1745 4216 1786 4263 at-

1008 4313 1104 4375 quealii
1118 4312 1217 4375 quidem
1227 4312 1311 4361 hostes
1322 4313 1351 4360 ad
1365 4317 1446 4362 castra
1463 4312 1583 4374 fugientes
1598 4311 1719 4373 insecuti,
1734 4325 1787 4361 ma·

1009 4423 1085 4472 gnum
1106 4423 1192 4459 eorum
1214 4422 1343 4458 numerum
1366 4408 1525 4464 occiderunt,
1538 4403 1579 4453 alii
1595 4419 1656 4455 vero
1679 4405 1788 4471 eosqui

1008 4507 1088 4558 adhuc
1103 4507 1265 4570 pugnabanta
1281 4510 1349 4568 tergo
1362 4503 1512 4568 premebant.
1547 4505 1615 4560 Quos
1628 4503 1702 4553 etiam
1713 4504 1737 4553 in
1750 4504 1787 4554 lu·

1007 4616 1063 4666 gam
1077 4615 1177 4661 uersos,
1201 4616 1276 4663 quum
1302 4598 1423 4648 tritmriose
1440 4599 1466 4646 et
1486 4597 1556 4645 tarde
1573 4598 1731 4658 recederent,
1755 4598 1786 4648 ad

1008 4702 1061 4753 loca
1081 4699 1182 4751 acclinia
1201 4713 1297 4763 aspero
1320 4697 1422 4749 Romani
1448 4695 1668 4759 persequebantur,
1696 4711 1785 4747 nervos

1008 4807 1099 4872 pedum
1113 4806 1280 4863 succidentes,
1292 4808 1317 4855 et
1332 4802 1437 4867 poplites
1449 4799 1555 4864 obliquis
1565 4800 1653 4864 gladiis
1667 4802 1782 4853 dividen-

1008 4907 1148 4972 tes,donec
1160 4907 1191 4958 ud
1201 4906 1292 4957 vellum
1306 4905 1481 4969 pervenerunt.
1516 4903 1594 4953 (iuius
1602 4900 1782 4957 defensoribus,

1007 5014 1051 5078 qui
1065 5012 1137 5079 pauci
1152 5012 1229 5071 erant,
1244 5011 1268 5058 vi
1283 5007 1417 5069 submotis,
1432 5007 1519 5058 rastris
1531 5010 1589 5059 suut
1603 5006 1689 5072 potiti,
1703 5017 1784 5066 eoque

1007 5108 1162 5172 diripuerunt
1184 5126 1191 5158 ε
1208 5119 1257 5156 non
1273 5118 1386 5169 magnam
1399 5106 1482 5155 minen
1496 5104 1605 5169 paredam
1623 5102 1657 5153 ibi
1680 5099 1785 5151 iurene·

1006 5210 1080 5266 runt,
1093 5210 1183 5271 preter
1200 5215 1268 5252 arma
1284 5204 1310 5251 et
1322 5213 1414 5264 equos,
1428 5204 1453 5251 et
1467 5199 1488 5251 si
1506 5200 1572 5264 quod
1586 5196 1652 5249 aliud
1669 5197 1784 5247 bellicum
