3772 5828
615 324 903 398 AN'l'lQUlTATUlll
926 323 1070 383 bollion.
1094 324 1164 383 ΗΒ.
1187 324 1238 384 lll.

142 462 204 531 τῶν,
219 459 301 517 ἔπειτ’
315 461 351 525 εἷς
372 455 519 535 παράταξιν
538 457 674 536 προελθεῖν
691 456 840 532 ἀναγκάσας
857 457 906 512 ἐνί·

138 571 219 621 κησε,
236 547 280 604 καὶ
295 550 339 604 τού
354 544 470 625 χάρακος
485 545 570 603 αὐτῶν
584 544 722 622 ἐκράτησε.
765 544 908 622 Χωρήσαν·

138 657 178 700 τος
194 635 217 692 δ’
233 635 304 710 αὐτῷ
318 632 364 690 καί
378 632 470 690 τούτου
491 630 561 689 κατά
584 630 691 708 γνώμην
711 636 756 689 τοῦ
772 634 905 707 πολέμου,

136 722 182 792 τήν
197 723 322 779 ἐπινίκιον
338 718 447 794 πομπήν
466 718 512 776 καὶ
527 716 570 774 τὸν
584 719 694 776 εἰωθότα
715 718 841 798 θρίαμόον
855 727 908 785 τοῖς

97 829 110 866 υ
137 813 201 874 θεοῖς
218 809 365 885 κατήγαγεν
377 808 412 872 είς
426 806 473 876 τήν
487 803 563 863 πόλιν
579 805 742 883 ἀφικόμενος.
787 805 908 886 Δευτέρῳ

136 897 160 955 δ’
175 896 282 973 ὕστερον
297 897 349 953 ἐτει
371 895 451 954 πάλιν
471 897 523 951 τῶν
543 894 709 953 Οὐῖεντανῶν
726 896 859 952 λυσάντων
879 895 908 960 ἀς

137 983 292 1052 ἐποιήσαντο
303 981 367 1060 πρὸς
379 981 457 1040 αὐτὸν
472 979 584 1059 ἀνοχάς,
598 981 643 1037 καθ
657 980 704 1046 τδις
723 981 789 1046 tlt<
804 982 906 1049 ἀξιούν-

136 1094 189 1128 των
213 1068 373 1141 ἀπολαόεῖν,
400 1058 438 1127 ῶν
456 1068 499 1125 ἐπὶ
528 1067 670 1143 Ῥωμύλου
697 1067 825 1146 βασιλέως
848 1072 908 1127 καθ’

138 1158 277 1236 ὁμολογίας
301 1157 473 1229 ἀπέστησαν,
499 1155 589 1235 ἑτέραν
614 1157 713 1215 τίθεται
734 1157 798 1235 πρὸς
814 1155 909 1222 αὐτούς

86 1264 110 1301 τυ
138 1246 227 1323 μάχην
248 1244 314 1323 πρδς
333 1254 391 1311 ,ταῖς
412 1243 489 1308 ἁλαῖς
513 1245 617 1320 μείζονα
642 1248 689 1314 τῆς
709 1244 854 1323 προτέρας,
875 1243 907 1314 ήν

138 1335 251 1417 εὐπετῶς
272 1332 392 1404 ἐνίκησε·
416 1331 461 1390 καί
476 1330 522 1399 τάς
538 1331 603 1397 tit<
620 1331 646 1399 ἐξ
670 1333 768 1391 ἐκείνου
790 1333 910 1410 κατεῖχεν

139 1424 336 1503 ἀναμφιλόγως.
379 1420 422 1480 'fla
438 1421 461 1477 δ’
477 1423 595 1500 ἀριστεῖα
610 1420 654 1478 καὶ
670 1423 701 1479 ἐκ
718 1421 815 1487 ταύτης
829 1420 908 1479 itate
937 1422 940 1427 ’

138 1514 185 1580 τῆς
202 1511 292 1587 μάχης
305 1511 319 1567 θ
333 1511 385 1567 τῶν
397 1509 499 1566 ἱππέων
510 1509 616 1584 ἡγεμὼν
631 1507 789 1586 Ταρκύνιος,
804 1507 848 1565 καὶ
861 1509 907 1565 αὐ-

137 1595 181 1655 τδν
199 1598 213 1654 θ
228 1597 348 1673 Μάρκιος
371 1595 452 1673 ἄνδρα
467 1596 572 1652 πάντων
587 1595 726 1674 κράτιστον
742 1594 910 1673 ἡγησάμενος

86 1711 109 1748 ts
137 1684 207 1743 τότ’
220 1685 288 1742 ἀλλα
303 1683 434 1758 σεμνύνων
449 1682 572 1760 διετέλει,
587 1684 633 1742 καὶ
645 1686 681 1748 είς
692 1683 736 1741 τδν
748 1686 800 1740 τῶν
815 1705 909 1761 πατρι·

137 1772 199 1830 κίων
217 1771 305 1828 τεκαὶ
323 1772 467 1850 βουλευτῶν
484 1770 594 1850 ἀριθμόν
608 1775 787 1850 κατέγραψεν.
831 1767 910 1846 Ἐγί-

137 1882 195 1918 νετο
209 1861 236 1918 δὲ
255 1857 300 1917 καλ
312 1858 375 1939 πρὸς
387 1858 417 1917 τὸ
427 1862 478 1916 τῶν
493 1858 670 1918 Οὐολούσκων
691 1861 760 1926 ἔθνος
774 1862 812 1939 τῷ
826 1861 909 1934 Μαρ·

139 1946 189 2025 slep
207 1945 335 2021 πόλεμος,
347 1946 495 2024 ληστηρίων
517 1950 635 2005 κάκεῖθεν
651 1946 770 2014 ἐξιόντων
790 1947 833 2004 ἐπὶ
852 1945 911 2012 τούς

140 2036 191 2090 τῶν
213 2033 355 2109 Ῥωμαίων
372 2035 481 2114 ἀγρούς·
506 2034 551 2093 καὶ
572 2036 734 2110 στρατεύσας
756 2035 798 2095 ἐπ’
815 2033 911 2102 αὐτοὺς

84 2147 112 2184 etr
141 2124 243 2199 pupillari
263 2122 332 2201 χειρὶ
356 2121 457 2193 πολλήν
474 2121 662 2204 περιεόάλλετο
677 2125 764 2193 λείαν,
786 2125 863 2183 πόλει
884 2124 908 2181 τ’

141 2211 224 2267 αὐτῶν
243 2210 400 2289 Οὐελίτραις
419 2210 659 2292 προσκαθεζόμενος
679 2212 844 2292 ἀπετάφρευε
864 2209 910 2268 καὶ

138 2299 331 2378 περιεχαράκου
339 2298 385 2358 καὶ
394 2298 570 2378 τειχομαχίαν
578 2300 716 2358 συνίστατο
722 2303 768 2369 τῆς
783 2298 910 2377 Ιῧπαίθρου

138 2391 251 2464 κρατῶν.
295 2385 470 2454 Ἐἱελθόντων
482 2389 508 2445 δὲ
525 2387 571 2444 σύν
580 2388 724 2466 ἱκετηρίαις
735 2390 787 2444 τῶν
799 2388 911 2463 πρισάυ·

138 2475 235 2541 τάτων,
248 2473 293 2530 καί
307 2475 353 2540 τάς
364 2496 393 2530 τε
405 2472 506 2551 βλάόας
519 2470 651 2530 διαλύσειν
665 2476 863 2550 ὑποσχομένων,
877 2476 911 2539 ὡς

86 2584 113 2623 σε
142 2559 172 2617 ἀν
193 2564 207 2616 θ
223 2560 345 2636 βασιλεὺς
360 2561 507 2638 δικαιώσῃ,
523 2562 568 2617 καὶ
588 2559 648 2627 τούς
667 2560 771 2638 ἐνόχους
789 2559 845 2626 ταῖς
864 2563 910 2620 ul·

142 2647 208 2711 τίαις
224 2647 269 2704 ἐπὶ
283 2647 357 2717 δίκην
371 2646 491 2726 παρέξειν
511 2647 720 2724 ὁμολογούντων,
739 2646 834 2726 ἀνοχὰς
847 2648 912 2729 πρὸς

142 2735 235 2800 αὐτοὺς
254 2736 429 2808 ποιησάμενος
447 2737 491 2792 καί
511 2736 543 2793 τὰ
556 2735 645 2793 δίκαια
659 2736 722 2814 παρ’
738 2735 847 2793 ἑκόντων
863 2737 912 2794 λα-

142 2824 195 2882 tbi
212 2823 316 2901 εἰρήνην
330 2824 374 2882 καὶ
389 2827 475 2904 φιλίαν
491 2823 647 2882 συντίθεται.

182 2912 268 2972 Xlll.
282 2909 332 2971 Ἐκ
340 2911 366 2970 δὲ
378 2917 425 2969 τοῦ
440 2910 562 2970 Σαόίνων
577 2910 661 2976 ἔθνους
670 2900 741 2977 αὐθις
753 2910 837 2988 ἐτεροί
847 2932 912 2978 τινες

141 3005 188 3072 τῆς
200 2999 344 3075 Ῥωμαίων
355 2998 429 3057 ούπω
437 2998 623 3078 πεπειραμένοι
635 2997 767 3074 δυνάμεως
776 2998 815 3024 '¹¹‘
833 2999 912 3058 πόλιν

141 3090 270 3153 οἰκοῦντες
282 3086 423 3162 εὐδαίμονα
435 3087 481 3145 καὶ
493 3086 623 3166 μεγάλην,
636 3090 755 3163 ἐγκαλεῖν
765 3087 812 3165 μὲν
826 3090 913 3153 αὐτοῖς

140 3177 212 3235 οὐδὲν
226 3177 341 3255 ἔχοντες,
355 3182 455 3255 φθονεῖν
468 3175 495 3234 dl
507 3185 566 3243 ταῖς
586 3176 717 3256 εὐτυχίαις
730 3175 910 3250 ἀναγκαζόμε·

139 3287 177 3323 νοι
195 3264 309 3338 μείζοσιν
324 3263 341 3334 l,
356 3264 425 3324 κατδι
440 3266 515 3343 λόγον
529 3267 692 3343 γινομέναις,
714 3264 845 3342 ἄνθρωποι
858 3265 909 3322 δει·

139 3354 178 3412 ccl
193 3353 226 3412 τδι
241 3351 373 3428 πολέμια,
392 3351 423 3409 τδ
438 3352 484 3425 μὲν
501 3357 603 3430 πρῶτον
623 3353 675 3411 ἀπὸ
697 3354 847 3431 ληστηρίων
862 3353 912 3410 καὶ

103 3483 106 3488 ·
142 3444 309 3522 καταδρομῆς
322 3443 409 3520 ἀγρῶν
418 3440 501 3519 ὀλίγοι
511 3443 674 3506 συνελθόντες
682 3441 807 3516 ἤρξαντο,
822 3440 912 3498 ἔπειτα

145 3530 323 3605 δελεαζόμενοι
335 3528 392 3594 ταῖς
407 3528 543 3606 ὠφελείαις
555 3528 668 3609 φανερδιν
681 3531 818 3584 ποιοῦνται
833 3550 913 3604 στρα-

145 3617 215 3674 τείαν
233 3619 273 3674 ἐπ’
287 3613 391 3689 αὐτούς,
408 3615 454 3674 καί
470 3619 517 3686 τῆς
530 3616 627 3696 ὁμόρου
642 3615 741 3684 πολλὴν
755 3617 913 3686 λεηλατούν·

147 3728 188 3770 τες
204 3703 338 3762 ἐκάκωσαν
353 3705 477 3782 ἰσχυρῶς.
519 3706 560 3761 Οὐ
579 3702 630 3777 μὴν
644 3701 773 3779 ἐξεγένετό
786 3707 811 3779 γ’
826 3704 912 3772 αὐτοῖς

145 3790 202 3850 οὐτε
222 3793 266 3859 τάς
282 3791 410 3873 ὠφελείας
424 3792 536 3868 ἀπάγειν
555 3788 609 3849 οὐτ’
626 3791 712 3855 αὐτοῖς
727 3789 820 3870 ἀθῴοις
833 3794 912 3850 ἀπελ-

146 3889 211 3940 θεῖν·
223 3883 281 3938 ἀλλ’
295 3879 459 3952 ἐκόοηθήσας
470 3881 538 3938 κατὰ
553 3879 668 3948 σπουδήν
681 3881 756 3936 ὁτῶν
768 3877 911 3956 Ῥωμαίων

145 3968 282 4048 βασιλεὺς,
296 3968 340 4025 καὶ
354 3967 465 4038 πλησίον
477 3973 524 4039 τῆς
534 3966 639 4025 ἐκείνων
654 3965 824 4045 παρεμόολῆς
835 3968 913 4043 θέμε-

121 4092 134 4109 2
143 4079 183 4122 νος
195 4057 239 4115 τδν
251 4056 378 4136 χάρακα,
393 4059 527 4134 προελθεῖν
542 4054 635 4121 αὐτοὺς
646 4055 794 4133 ἠνάγκασεν
805 4058 841 4124 είς
857 4059 910 4132 μά-

141 4169 202 4226 χην.
245 4143 366 4222 Ἐγίνετο
377 4143 424 4220 μὲν
436 4137 480 4203 οὐν
493 4144 575 4223 μέγας
588 4142 674 4221 ἀγὼν,
687 4143 731 4200 καὶ
746 4144 838 4202 πολλοὶ
849 4147 912 4224 παρ’

143 4231 297 4311 ἀμφοτέρων
314 4229 407 4290 ίπεσον
417 4280 424 4304 ,
436 4234 584 4313 ἐκράτησαν
605 4231 632 4290 δὲ
652 4229 783 4307 Ῥωμαῖοι
797 4233 865 4290 κατὰ
883 4231 913 4291 τδ

88 4340 115 4381 ts
144 4318 267 4398 ἔμπειρόν
279 4341 309 4378 τε
323 4320 368 4378 καὶ
380 4320 539 4399 φερέπονοι,
553 4311 588 4378 ὧν
606 4318 693 4385 ἐθάδες
706 4310 774 4390 ἦσαν
790 4321 819 4378 ἐκ
832 4319 910 4377 πλεί-

144 4432 222 4484 στου,
242 4408 287 4467 καί
311 4407 493 4487 περιεγένοντο
512 4407 586 4489 παρδι
606 4406 673 4468 πολθ
704 4410 755 4464 τῶν
777 4407 912 4481 Σαόίνων,

142 4502 196 4561 τοῖς
207 4518 236 4552 τε
252 4494 390 4574 φεύγουσιν
406 4496 492 4554 αὐτῶν
506 4495 550 4555 ἐπί
563 4496 607 4554 τὸν
620 4495 728 4575 χάρακα
741 4495 854 4573 σποράσι
868 4499 913 4555 καί

144 4585 316 4649 ἀσυντάκτοις
333 4584 441 4649 ἐκποδός
465 4583 587 4659 ἑπόμενοι
605 4583 686 4642 πολύν
701 4581 804 4640 ἐποίουν
824 4582 912 4662 φόνον.

145 4670 334 4749 Κρατήσαντες
352 4669 379 4728 δὲ
398 4669 443 4727 καὶ
463 4674 509 4740 τῆς
523 4668 698 4751 παρεμόολῆς
716 4671 801 4727 αὐτῶν
814 4691 914 4729 παντο-

90 4766 117 4806 ⁵⁰
144 4760 235 4816 δαπῶν
255 4757 400 4838 χρημάτων
422 4757 557 4837 γεμούσης
574 4758 620 4815 καὶ
642 4755 701 4823 τούς
718 4754 915 4835 αἰχμαλώτους,

143 4845 186 4913 οθς
207 4846 303 4906 ἔλαθον
324 4850 348 4906 ol
372 4847 481 4908 Σαύῑνοι
500 4845 569 4905 κατδι
583 4847 630 4914 τὰς
644 4847 793 4925 προνομδις,
810 4848 914 4904 ἀπολα-

144 4935 233 5001 όόντες
252 4934 373 5014 ἀπῄεσαν
394 4938 435 4995 ἐπ’
463 4934 545 4994 οίκου.
596 4935 631 4993 Al
649 4933 697 5011 μὲν
721 4934 752 5005 δὴ
772 4930 916 5010 πολεμικαὶ

144 5022 252 5101 πράξεις
275 5025 350 5083 τοῦδε
369 5028 413 5082 τοῦ
437 5021 580 5101 βασιλέως,
601 5024 628 5082 αί
652 5023 759 5099 μνήμης
776 5021 822 5080 καί
838 5019 916 5098 λόγου

147 5115 223 5190 παρὰ
252 5110 397 5186 Ῥωμαίοις
420 5111 617 5192 τυγχάνουσαι,
645 5110 744 5171 τοιαίδε
770 5109 837 5177 τινθς
873 5108 917 5168 ll·

1654 326 1729 388 ‹tcr

964 462 1076 524 superior
1097 468 1165 524 erat,
1190 461 1277 512 deinde
1298 476 1341 511 eos
1364 462 1388 510 in
1414 461 1492 510 aciem
1515 462 1610 523 prodire
1632 469 1732 513 coactos

960 562 1020 611 ricit
1040 564 1065 612 et
1084 563 1172 612 castris
1192 563 1285 625 potitus
1304 565 1349 611 est.
1384 562 1446 611 curn
1464 564 1547 608 autem
1566 559 1613 610 boc
1634 575 1732 627 quoquc

961 659 1051 710 bellum
1070 661 1162 725 ipsios
1180 660 1253 709 animi
1276 658 1397 709 sententia
1413 657 1587 718 successisset,
1602 659 1627 708 ln
1646 661 1732 711 urbem

961 771 1075 807 reversus
1095 758 1148 806 Diis
1166 757 1292 807 victricem
1312 771 1427 821 pompam
1445 760 1470 807 et
1483 756 1626 807 sollemnem
1642 758 1732 808 trium·

961 857 1037 920 pbum
1055 857 1111 919 egit.
1145 857 1259 906 Secundo
1274 860 1356 906 autem
1375 858 1431 920 post
1449 868 1528 916 anno,
1549 869 1606 904 cum
1620 855 1734 907 Veientes

961 951 1052 1004 iterum
1074 954 1183 1004 inducias
1204 955 1327 1018 cumipse
1349 956 1426 1003 tactas
1438 955 1576 1018 rupissent,
1594 956 1619 1004 et
1635 955 1734 1004 Salinas

962 1066 1107 1116 recuperare
1124 1054 1227 1114 vellent,
1240 1067 1271 1102 cx
1284 1055 1374 1116 quibus
1391 1054 1493 1104 Romulo
1509 1057 1626 1117 regnante
1637 1067 1669 1103 cx
1687 1055 1735 1103 tu·-

962 1151 1021 1201 dcre
1033 1157 1172 1215 cessermt,
1186 1153 1291 1201 alterum
1305 1152 1417 1214 pralium
1431 1153 1510 1215 priore
1521 1154 1601 1203 tnaius
1615 1153 1647 1203 ad
1666 1154 1730 1203 Sali-

962 1266 1007 1301 nas
1024 1265 1079 1301 cum
1092 1251 1151 1315 ipsis
1162 1252 1298 1311 commisit,
1316 1265 1346 1300 cx
1362 1266 1412 1315 qno
1426 1253 1495 1303 tacite
1509 1253 1636 1304 victoriam
1651 1267 1734 1318 repor-

962 1351 1039 1408 tavit;
1055 1353 1079 1399 et
1096 1351 1128 1400 ab
1147 1364 1177 1400 eo
1190 1354 1298 1414 tempore
1317 1350 1409 1401 Salinas
1428 1352 1479 1402 sine
1502 1352 1551 1402 ulla
1571 1353 1737 1404 controversia

967 1451 1082 1500 obtinuit.
1091 1449 1238 1513 Tarquinius
1248 1452 1330 1500 autom
1340 1449 1388 1500 dns
1398 1453 1508 1514 equitum
1516 1451 1547 1500 ob
1557 1465 1655 1514 operam
1666 1466 1735 1516 egre·

962 1549 1000 1613 gie
1017 1553 1129 1599 navatam
1144 1563 1175 1599 ex
1187 1549 1233 1598 bac
1246 1563 1343 1612 quoque
1360 1563 1440 1614 pogna
1453 1553 1554 1614 promia
1563 1551 1662 1601 virtutis
1671 1555 1737 1602 retu·

963 1647 1006 1707 lit,
1026 1660 1131 1709 eumque
1149 1647 1259 1696 Marcius
1277 1647 1358 1707 virum
1379 1648 1489 1697 omnium
1507 1648 1736 1712 praestantissimum

962 1752 1095 1813 iudicarit,
1114 1755 1138 1802 et
1157 1765 1212 1802 cum
1227 1751 1281 1801 aliis
1302 1751 1434 1802 bonoribus
1448 1765 1545 1817 semper
1565 1751 1662 1814 allecil,
1683 1755 1738 1803 tum

963 1853 1036 1902 etiam
1057 1851 1082 1901 in
1103 1851 1261 1914 patriciorum
1281 1854 1456 1902 etseuatorum
1477 1867 1605 1903 numerum
1621 1853 1736 1905 adscivit.

964 1951 1045 2000 Gessit
1057 1951 1163 2000 Marcius
1176 1951 1266 2001 bellum
1288 1964 1344 2000 curn
1370 1951 1514 2001 Volscorum
1530 1966 1629 2014 quoque
1649 1956 1736 2016 gente,

962 2052 1028 2114 quoal
1039 2051 1094 2101 inde
1108 2051 1214 2100 latrones
1226 2052 1250 2100 in
1266 2054 1428 2102 Romanorum
1441 2065 1526 2116 agrum
1538 2053 1689 2104 incursiones
1701 2056 1737 2105 te·

964 2150 1070 2212 cissam,
1085 2153 1180 2200 etcum
1193 2150 1286 2212 magnis
1301 2152 1376 2214 copiis
1391 2152 1415 2200 in
1431 2164 1474 2201 eos
1492 2154 1618 2216 protectus
1635 2153 1738 2203 multam

963 2253 1073 2317 praedam
1095 2253 1193 2313 retulit,
1224 2253 1378 2317 Velitrasque
1400 2267 1485 2304 eorum
1514 2254 1599 2305 urbem
1623 2254 1737 2306 obsideas

963 2348 1029 2398 fossa
1040 2347 1153 2412 valloque
1165 2349 1240 2399 cinxit
1252 2353 1277 2400 et
1288 2349 1389 2413 planitie
1398 2354 1518 2414 occupata
1534 2352 1738 2414 oppugnationem

965 2446 1074 2510 parabat.
1107 2447 1223 2496 sedeam
1239 2449 1339 2497 marsimi
1356 2451 1415 2497 aratu
1429 2448 1553 2511 supplices
1575 2448 1737 2510 prodiissent,

964 2542 989 2589 et
1007 2553 1034 2588 se
1050 2541 1113 2603 regis
1134 2540 1236 2590 arbitrio
1256 2540 1346 2590 dotrina
1359 2545 1497 2590 rosarturos
1510 2541 1694 2604 promisissent,
1714 2545 1739 2592 et

964 2632 1065 2696 polliciti
1079 2637 1161 2683 essent
1180 2633 1266 2683 noxios
1286 2634 1318 2682 ad
1340 2634 1486 2697 supplicium
1499 2633 1605 2695 dedere,
1618 2649 1676 2684 cum
1688 2634 1736 2685 illis

965 2727 1076 2776 inducias
1094 2727 1166 2787 tecit,
1186 2741 1292 2790 cumque
1308 2728 1346 2777 ius
1363 2727 1395 2776 ab
1407 2728 1468 2791 ipsis
1485 2727 1625 2778 volentibus
1645 2729 1737 2779 sineri

965 2824 1136 2885 impetrasset,
1155 2836 1197 2872 eos
1219 2824 1244 2872 in
1260 2824 1341 2872 indus
1359 2829 1384 2873 et
1400 2824 1533 2873 amicitiam
1550 2824 1649 2887 recepit.

996 2927 1067 2976 thl.
1084 2925 1180 2976 Novum
1195 2925 1251 2975 inde
1261 2926 1351 2977 bellum
1364 2931 1477 2976 exortum
1491 2930 1529 2975 est
1541 2928 1630 2976 iturum
1641 2928 1674 2978 ab
1684 2927 1738 2978 aliis

965 3027 1112 3091 quibusdam
1133 3028 1229 3079 &bina
1246 3028 1324 3092 gentis
1347 3028 1499 3087 bominibus,
1522 3028 1564 3090 qui
1590 3029 1629 3056 Μ
1652 3029 1738 3080 urbem

966 3129 1113 3178 tortunatam
1128 3132 1153 3178 cl
1163 3128 1269 3191 amplam
1287 3127 1421 3176 incolentes
1438 3129 1602 3177 Romanorum
1617 3129 1736 3181 virtutem

965 3230 1072 3281 nondum
1083 3229 1178 3292 experti
1191 3231 1261 3278 erant
1269 3265 1276 3288 ,
1285 3233 1310 3276 et
1320 3227 1377 3277 licet
1386 3227 1417 3276 de
1428 3226 1618 3290 Bouianisqueri
1628 3242 1675 3278 non
1686 3242 1739 3292 pos·

966 3335 1029 3390 sent,
1039 3343 1124 3380 eorum
1138 3334 1219 3379 tamen
1230 3328 1370 3377 felicitatem
1379 3328 1420 3377 vis
1434 3326 1574 3376 credibilem
1585 3340 1635 3390 prae
1647 3327 1738 3378 invidia

966 3433 1028 3482 terre
1043 3446 1090 3481 non
1109 3434 1234 3494 poteraut,
1256 3429 1302 3477 viri
1324 3428 1395 3476 valde
1420 3427 1547 3488 bellicosi,
1573 3427 1615 3491 qui
1630 3427 1736 3489 primum

966 3533 1054 3594 exigna
1074 3546 1148 3580 manu
1161 3542 1232 3592 agros
1242 3528 1375 3577 latrociniis
1388 3533 1414 3577 et
1430 3525 1610 3576 incursionibus
1623 3526 1739 3577 infestare

967 3633 1106 3695 ccepemnt;
1126 3629 1213 3679 deinde
1230 3627 1314 3692 prada
1335 3627 1431 3686 allecti,
1451 3628 1534 3690 aperte
1558 3626 1737 3690 expeditionem

966 3738 1050 3783 contra
1067 3735 1189 3782 Romanos
1206 3732 1381 3792 susceperunt,
1395 3731 1421 3778 et
1440 3741 1550 3791 magnam
1566 3728 1619 3793 agri
1641 3728 1738 3779 irnitiutl

966 3843 1061 3902 partem
1070 3835 1209 3900 depopulati
1217 3833 1288 3884 raldo
1301 3835 1435 3882 vastarunt.
1446 3836 1530 3897 Neque
1540 3838 1622 3883 tamen
1633 3835 1667 3883 eis
1676 3833 1739 3884 obti-
1768 3879 1769 3882 ,

965 3944 1002 4005 git
1019 3940 1058 3991 vel
1080 3937 1188 4003 praedam
1207 3938 1305 4000 impunc
1324 3934 1436 3998 abigere,
1451 3933 1490 3983 vel
1509 3933 1569 3996 ipsis
1595 3933 1648 3983 sine
1671 3947 1737 3985 nora

965 4042 1066 4091 domum
1076 4038 1143 4088 abire
1156 4055 1162 4084 :
1174 4049 1230 4085 ιιειο
1242 4048 1284 4084 rex
1292 4037 1416 4084 Romanus
1429 4045 1533 4096 propere
1548 4045 1694 4095 occurrens,
1711 4036 1737 4084 et

967 4137 1055 4187 castris
1065 4137 1133 4185 iuxta
1144 4148 1230 4184 corum
1241 4133 1332 4181 vallum
1345 4130 1445 4194 positis,
1458 4143 1501 4180 eos
1511 4130 1542 4180 ad
1552 4131 1665 4195 prmlium
1678 4147 1736 4196 pro·

966 4234 1019 4284 dire
1029 4231 1115 4294 coegit.
1150 4233 1225 4279 Atrox
1241 4228 1314 4291 igitur
1328 4240 1408 4290 pugna
1417 4225 1547 4276 commissa
1561 4232 1614 4287 est,
1627 4231 1653 4279 et
1666 4228 1739 4280 multi

966 4331 1088 4391 utrimque
1098 4327 1241 4377 ceciderant
1252 4345 1258 4373 z
1270 4325 1312 4373 sed
1324 4323 1422 4374 triadem
1432 4325 1533 4374 Romani
1542 4326 1629 4389 peritia
1638 4329 1664 4376 et
1673 4325 1740 4376 labo-

965 4445 1020 4482 rum
1033 4429 1168 4488 tolerantia,
1179 4427 1270 4490 quibus
1283 4426 1355 4487 longo
1370 4439 1416 4473 usu
1426 4428 1592 4479 assueverant,
1610 4426 1737 4486 vicerant,

966 4534 992 4582 ct
1018 4529 1120 4579 Sabinus
1145 4526 1264 4575 fuderunt
1292 4525 1468 4587 fugeruntque,
1493 4536 1627 4586 eorumque
1652 4524 1740 4572 militas

968 4632 1085 4697 fugientes
1096 4628 1128 4678 ad
1143 4632 1223 4678 castra
1240 4639 1338 4689 sparsos
1352 4627 1377 4674 et
1388 4625 1482 4674 nullum
1492 4624 1601 4673 ordinem
1615 4625 1740 4674 servantes

966 4745 981 4782 ο
1001 4727 1103 4790 vestigio
1121 4727 1265 4789 sequentes,
1288 4722 1381 4772 cadem
1403 4734 1515 4784 magnam
1530 4720 1653 4770 iecerunt.
1667 4717 1740 4767 Potiti

967 4829 1048 4877 autem
1066 4829 1091 4874 et
1109 4823 1167 4886 ipsis
1184 4821 1272 4870 castris
1286 4821 1408 4868 rariacum
1425 4830 1507 4865 rerum
1524 4812 1614 4877 plenis,
1626 4817 1651 4863 et
1666 4826 1739 4863 recu·

967 4923 1059 4989 peratis
1070 4919 1183 4984 captivis,
1195 4931 1257 4978 quos
1272 4915 1353 4964 Sabini
1369 4915 1391 4963 iu
1406 4911 1603 4977 pabulationibus
1617 4914 1739 4973 ceperant,

970 5020 1070 5069 domum
1083 5014 1216 5066 redieruut.
1227 5013 1276 5061 lies
1287 5009 1430 5072 igiturquas
1439 5018 1483 5053 rex
1497 5004 1542 5050 iste
1554 5002 1647 5051 utilitia
1656 5004 1739 5068 gessit,

970 5118 997 5165 et
1014 5126 1070 5175 quse
1086 5107 1226 5162 altomauis
1237 5102 1398 5168 scriptoribus
1410 5096 1535 5148 memoriae
1554 5102 1610 5147 sunt
1623 5099 1740 5163 proditae.
