3772 5828
583 327 873 396 ANTIQUITATUM
896 329 1045 392 ROMAN.
1069 333 1142 393 LlB.
1166 334 1217 393 ΙΙΙ.

105 485 116 509 ι
140 453 374 539 ἀμφισύητησίμου
395 459 443 534 γῆς
458 457 620 536 ἐχρήσαντο,
636 463 724 517 τοῦτον
742 459 821 519 είπὼν
837 461 875 520 ἔτι

103 570 117 596 τ
137 546 289 620 παύσομαι·
306 544 329 601 εί
353 543 533 621 ποιησαίμεθα
555 544 627 625 μέρει
645 546 696 604 τινί
712 551 758 618 τῆς
776 551 876 608 έαυτῶν

104 662 116 683 ιι
137 641 263 713 στρατιᾶς
296 631 415 711 ἑκάτεροι
440 631 484 692 τόν
510 636 617 712 ἀγῶνα,
639 635 674 700 είς
696 635 830 714 δλίγιστόν
850 662 874 697 τι

103 749 115 773 ι
137 723 237 792 πλῆθος
248 722 347 798 ἀνδρῶν
368 722 559 798 συναγαγόντες
573 721 620 792 τὴν
633 727 678 780 τοῦ
696 723 813 799 πολέμου
825 725 877 784 τύ··

55 826 69 862 a
103 836 115 862 ι
135 830 201 889 χην·
215 807 241 875 έξ
254 806 380 885 ὁποτέρας
393 806 416 865 δ’
430 807 461 865 ἀν
475 809 577 876 πόλεως
591 811 615 869 οῖ
629 809 808 888 κρατήσαντες
824 816 877 872 τῶν

102 926 113 948 ι
137 897 287 955 ἀντιπάλων
300 897 441 973 γένωνται,
453 896 536 975 ταύτῃ
549 899 770 978 συγχωρήσαιμεν
786 900 875 980 ἀρχεεν

102 1013 115 1036 ι
137 988 184 1053 τῆς
196 982 296 1062 ἑτέρας.
339 982 444 1044 Ὁπόσα
459 984 509 1064 γάρ
522 985 559 1058 μὴ
574 985 711 1066 διαιρεῖται
724 987 775 1045 ὑπὸ
786 988 876 1068 λόγου,

102 1101 114 1124 «ι
138 1073 213 1130 ταῦθ’
227 1071 276 1130 ὑπὸ
287 1076 340 1130 τῶν
351 1071 439 1131 ὅπλων
454 1073 578 1151 κρίνεται.
599 1100 611 1125 ε

144 1161 208 1222 ΧΙί.
222 1159 266 1221 Τά
281 1159 374 1237 μὲνδὴ
394 1161 519 1239 λεχθέντα
533 1160 652 1239 περὶτῆς
669 1162 809 1239 ἡγεμονίας
824 1167 876 1223 τῶν

43 1279 71 1315 ιο
101 1249 204 1308 πολεων
224 1247 383 1321 δεκαειίιμαθ
404 1249 449 1305 ὁπ’
466 1248 620 1328 ἀμφοτέροιν
644 1251 694 1306 τῶν
720 1254 877 1330 στρατηγῶν

99 1337 182 1396 τοιάδ’
194 1328 240 1410 ἦν·
252 1337 325 1401 τέλος
337 1335 364 1393 δέ
375 1343 430 1402 τοῖς
440 1335 525 1414 λόγοις
538 1338 624 1394 αὐτῶν
638 1337 813 1408 ἠκολούθησεν
824 1329 876 1400 οἷον

100 1425 259 1502 ὁῬωμαῖος
274 1423 419 1485 ὑπετίθετο.
462 1427 496 1483 Oi
514 1425 565 1502 γάρ
582 1426 608 1483 ἐν
623 1429 660 1504 τῷ
675 1425 793 1507 συλλόγῳ
808 1452 877 1507 παρ-

99 1517 169 1581 όντες
184 1511 318 1575 Ἀλόανῶν
342 1534 373 1570 τε
390 1508 436 1570 καί
451 1508 594 1588 Ῥωμαίων
617 1515 728 1591 ταχεῖαν
754 1515 878 1573 ἀπαλλα-

100 1604 150 1679 γὴν
164 1608 209 1661 τοῦ
224 1601 341 1678 πολέμου
353 1598 515 1671 ποιήσασθαι
530 1603 665 1673 ζητοῦντες
679 1599 769 1669 ὅπλοις
783 1602 813 1661 τό
825 1615 877 1665 νεῖ·

41 1717 68 1754 rs
95 1686 144 1758 1νιος
156 1691 274 1769 ἔγνωσαν
288 1691 391 1748 διελεῖν.
434 1688 655 1770 Συγχωρηθέντος
669 1689 695 1750 δὲ
711 1690 759 1747 καί
775 1692 876 1767 τούτου,

100 1780 161 1859 περὶ
176 1784 222 1838 τοῦ
239 1777 354 1847 πλήθους
368 1779 421 1835 τῶν
434 1777 634 1854 ἀγωνιουμένων
647 1775 756 1849 ζήτησις
770 1778 877 1857 ἐγίνετο,

100 1870 130 1927 ού
144 1866 191 1939 τὴν
209 1867 290 1939 αὐτὴν
306 1865 430 1943 ἑκατέρου
445 1868 496 1923 τῶν
512 1868 666 1945 στρατηγῶν
681 1864 796 1924 διάνοιαν
809 1868 876 1925 ἀπο-

100 1956 275 2032 δεικνυμένου.
317 1954 418 2020 Τάλλος
432 1951 480 2031 μέν
496 1954 546 2031 γὰρ
562 1952 678 2012 έόούλετ’
691 1957 717 2011 ἐν
727 1956 878 2035 ἐλαχίστοις

101 2042 210 2120 σώμασι
224 2043 344 2119 γενέσθαι
361 2043 411 2114 τὴν
426 2046 472 2101 τοῦ
497 2040 615 2118 πολέμου
630 2040 729 2121 κρίσιν,
745 2042 799 2109 ἐνὸς
815 2042 877 2102 Ἀλ-

99 2129 186 2191 όανῶν
203 2138 248 2192 τοῦ
261 2130 450 2211 λαμπροτάτου
465 2128 528 2207 πρὸς
543 2129 589 2187 ἵνα
603 2127 748 2204 Ῥωμαίων
760 2129 804 2189 τόν
820 2128 878 2211 ἀρι-

99 2241 160 2278 στον
175 2220 431 2300 μονομαχήσαντος·
445 2217 492 2275 καί
507 2216 639 2295 πρόθυμος
663 2208 697 2288 ἧν
717 2217 794 2284 αὐτὸς
809 2218 876 2299 ὑπέρ

97 2311 145 2380 τῆς
158 2313 250 2368 ἑαυτοῦ
264 2306 393 2386 πατρίδος
406 2304 603 2385 ἀγωνίσασθαι,
618 2305 831 2383 προκαλούμενος
840 2309 876 2373 είς

97 2396 146 2467 τὴν
162 2396 256 2472 ὁμοίαν
270 2396 424 2477 φιλοτιμίαν
440 2396 484 2451 τὸν
497 2391 639 2470 Ἀλόανόν,
651 2391 746 2459 καλούς
764 2393 877 2474 ἀποφαί-

97 2507 150 2541 νων
172 2491 227 2550 τοῖς
242 2481 396 2562 ἀνειληφόσι
411 2479 458 2548 τάς
471 2483 525 2539 τῶν
539 2481 722 2558 στρατοπέδων
737 2484 877 2557 ἡγεμονίας

30 2602 57 2623 0-
98 2567 159 2634 τούς
183 2569 249 2648 ὁπέρ
271 2573 355 2648 ἀρχῆς
371 2568 416 2626 καί
436 2566 590 2632 δυναστείας
608 2569 726 2646 ἀγῶνας,
745 2571 774 2626 ού
799 2569 876 2640 μόνον

97 2655 144 2715 έάν
160 2655 301 2726 νικήσωσιν
318 2653 429 2735 ἀγαθοὺς
445 2655 552 2732 ἀνδρας,
567 2653 636 2712 ἀλλά
651 2653 700 2712 κάν
714 2655 789 2714 αὐτοὶ
805 2681 875 2736 κρα-

96 2746 211 2817 τηθῶσιν
226 2746 270 2802 ὁπ’
285 2746 406 2821 ἀγαθῶν,
422 2744 468 2803 καί
484 2741 586 2810 διεξιὼν
599 2743 654 2801 ὅσοι
670 2745 814 2824 στρατηγοί
829 2747 876 2806 καί

97 2835 218 2912 βασιλεῖς
240 2832 287 2899 τάς
302 2837 403 2892 ἑαυτῶν
416 2832 504 2914 ψυχάς
520 2832 736 2910 προκινδυνεῦσαι
751 2835 804 2892 τῶν
818 2857 874 2897 κοι-

95 2924 146 2980 νῶν
160 2922 307 3002 παρέαχον,
320 2924 401 2982 δεινὸν
418 2922 558 3002 ἡγούμενοι
569 2923 622 2979 τῶν
638 2923 686 2998 μίν
698 2925 782 2998 τιμῶν
796 2922 875 2986 πλέον

96 3009 171 3070 αὐτοί
185 3011 325 3092 φέρεσθαι,
339 3014 390 3069 τῶν
414 3011 440 3069 δέ
455 3010 543 3068 πόνων
559 3008 679 3071 ίλαττον.
722 3009 755 3072 Ὁ
771 3011 794 3070 δ’
810 3012 874 3074 Ἀλ-

97 3094 174 3164 6ανδς
189 3098 219 3157 τό
244 3097 291 3175 μὲν
312 3097 408 3175 ὀλίγοις
424 3097 529 3173 σώμασι
551 3097 706 3156 κινδυνεύειν
724 3099 769 3165 τάς
788 3101 876 3167 πόλεις

96 3188 177 3264 ὀρθῶς
199 3184 314 3262 ἐνόμιζεν
334 3189 467 3267 εἰρῆσθαι,
483 3184 544 3263 περὶ
567 3183 594 3242 δὲ
613 3189 659 3256 τῆς
684 3185 722 3243 tot
743 3187 809 3267 πρὸς
829 3188 875 3246 ἕνα

97 3273 185 3353 μάχης
199 3273 349 3354 διεφέρετο,
366 3274 449 3350 λέγων
463 3271 504 3332 ότι
519 3272 573 3338 τοῖς
587 3270 635 3349 μέν
650 3276 806 3352 ἡγουμένοις
822 3280 875 3334 τῶν

97 3361 297 3441 στρατοπέδων,
323 3361 385 3421 ὁταν
415 3360 484 3420 ἰδίαν
511 3360 763 3430 κατασκευάζωνται
793 3366 867 3423 δυνα-

97 3448 204 3522 στείαν,
218 3451 296 3517 καλός
313 3451 358 3510 καὶ
373 3448 514 3529 ἀναγκαῖός
531 3451 599 3508 ίστιν
615 3453 629 3506 ὁ
643 3452 704 3529 περὶ
724 3455 770 3524 τῆς
791 3457 875 3534 ἀρχῆς

96 3538 162 3618 πρός
177 3540 302 3610 ἀλλήλους
315 3539 403 3618 ἀγὼν,
415 3547 472 3606 ταῖς
489 3538 517 3597 δέ
529 3537 636 3597 πόλεσιν
648 3541 754 3612 αύταῖς,
769 3542 874 3600 έπειδάν

98 3624 165 3705 ὁπῖρ
185 3631 236 3686 τῶν
259 3628 392 3709 πρωτείων
417 3627 592 3708 διαφέρωνται
609 3627 673 3706 πρὸς
696 3628 829 3700 ἀλλήλας,
847 3636 876 3691 οὗ

98 3715 178 3789 μόνον
200 3716 325 3798 σφαλερὸς
347 3717 416 3775 ἀλλά
430 3716 475 3775 καλ
491 3716 626 3795 αἰσχρὸςὸ
648 3716 689 3773 tri
712 3720 875 3799 μονομαχίας

95 3801 230 3876 κίνδυνος,
244 3803 289 3864 έάν
305 3829 333 3864 τε
348 3809 393 3875 τῆς
409 3803 553 3886 κρείττονος
568 3803 702 3863 λάθωνται
719 3805 816 3884 τύχης,
829 3808 874 3867 έάν

43 3928 69 3965 ς,
94 3914 123 3950 τε
136 3896 183 3964 τῆς
193 3893 320 3972 χείρονος.
363 3894 440 3971 Τρεῖς
454 3893 478 3950 δ’
491 3891 587 3970 ἄνδρας
597 3890 746 3960 ίπιλίκτους
758 3896 803 3975 ἀφ’
814 3898 873 3954 ixa·

94 3980 172 4061 τέρας
196 3980 297 4049 πόλεως
318 3981 501 4042 συνεόούλευτν
525 3982 577 4040 ὑπό
597 3980 645 4051 την
666 3983 790 4042 ἁπάντων
816 3984 875 4064 ὄψιν

95 4067 228 4128 ’λλθανῶν
245 4092 273 4128 τε
288 4070 333 4128 καί
344 4069 486 4148 Ῥωμαίων
501 4069 715 4149 διαγωνίσασθαι.
759 4072 873 4145 ’Emeru-

94 4157 225 4217 δειότατον
240 4159 292 4237 γάρ
307 4149 373 4218 εἶναι
386 4160 459 4218 τόνδε
475 4159 519 4217 τὸν
531 4157 641 4238 ἀριθμόν
653 4161 689 4225 εἷς
703 4160 808 4220 άπασαν
823 4164 874 4238 ἀμ·

94 4244 305 4324 φισθητουμένου
328 4246 481 4327 πράγματος
505 4245 645 4325 διαίρεσιν,
670 4246 756 4326 ἀρχήν
779 4273 806 4308 τε
829 4250 874 4307 καί

46 4368 69 4405 45
94 4334 174 4408 μέσον
188 4334 235 4394 καὶ
250 4335 373 4406 τελευτὴν
389 4335 472 4413 ἔχοντ’
491 4336 516 4392 έν
539 4338 632 4414 ἑαυτῷ.
675 4335 769 4414 Ταύτῃ
785 4359 872 4416 προσ-

94 4422 210 4499 θεμένων
226 4427 260 4503 τῇ
274 4424 366 4504 γνώμη
384 4423 526 4496 Ῥωμαίων
550 4446 578 4480 τε
597 4423 642 4481 καί
662 4423 793 4483 Ἀλόανῶν
812 4425 828 4484 ὅ
845 4449 874 4485 τε

67 4588 71 4597 Ι
94 4511 219 4589 σύλλογος
233 4513 339 4586 διελύθη
353 4513 400 4573 καί
413 4513 459 4573 ἐπὶ
473 4512 532 4579 τοὺς
548 4513 626 4578 ἰδίους
642 4512 763 4591 ἀπῄεσαν
778 4515 872 4574 έκάτε-

95 4622 132 4678 ροι
143 4602 276 4680 χάρακας.

131 4692 212 4755 Χίλί.
226 4689 341 4751 Ἔπειτα
357 4689 513 4755 καλέσαντες
528 4691 564 4756 είς
576 4689 718 4762 ἐκκλησίαν
731 4688 779 4758 τάς
793 4691 870 4750 δυνά·

47 4814 70 4852 ς,
94 4801 150 4854 μεις
160 4780 309 4858 ἀμφοτέρας
319 4782 343 4838 oi
352 4779 508 4858 στρατηγοί,
520 4777 651 4850 διεξῆλθον
666 4777 684 4836 ἀ
694 4801 722 4837 τε
734 4779 872 4859 διελέχθη·

94 4888 142 4926 σαν
152 4869 226 4926 αὐτοὶ
237 4869 300 4946 πρὸς
312 4867 448 4940 ἀλλήλους,
458 4869 504 4927 καὶ
514 4867 553 4946 ἀφ’
564 4857 601 4934 οἷς
609 4867 743 4927 συνέθεντο
753 4865 871 4924 καταλύ-

95 4958 189 5015 σασθαι
201 4956 245 5012 τόν
257 4955 383 5032 πολεμον.
426 4955 666 5032 Ἐπικυρωσάντων
684 4953 711 5014 δέ
722 4957 774 5012 τῶν
787 4976 873 5032 στρα-

94 5042 230 5119 τευμάτων
246 5042 402 5124 ἀμφοτέρων
414 5045 482 5102 κατά
494 5043 594 5115 πολλὴν
611 5043 746 5114 εὐδόκησιν
759 5041 805 5110 ri<
819 5044 871 5099 τῶν

93 5137 250 5212 στρατηγῶν
264 5129 419 5209 ὁμολογίας,
433 5129 571 5207 θαυμαστὴ
586 5131 655 5206 μετδι
673 5134 749 5188 τοῦτο
763 5136 870 5206 κατεῖχε

1651 341 1708 400 iii

932 500 944 523 ι
962 479 1043 541 igitur,
1061 483 1090 529 ut
1100 494 1157 529 eum
1170 485 1240 544 parte
1256 481 1338 543 aliqua
1356 482 1479 532 exereitus
1492 484 1569 533 noatri
1583 488 1707 538 certamen

934 603 945 626 a
965 584 1037 633 umbo
1054 583 1181 644 ineamus,
1196 584 1325 635 bominum
1344 600 1460 646 numero,
1473 586 1563 649 quibam
1577 588 1635 640 betti
1657 592 1705 642 ior·

932 711 944 735 a
962 694 1022 741 tuna
1037 691 1220 755 committatur,
1236 693 1260 741 in
1279 692 1408 742 minimum
1428 696 1565 754 eontracta
1587 698 1612 743 et
1628 696 1708 746 utrina

931 819 942 838 u
962 795 1029 846 urbia
1043 795 1108 845 cives
1124 797 1254 846 victoriam
1269 795 1300 845 de
1313 796 1461 846 adversariis
1477 798 1637 859 reportarint,
1654 796 1709 846 ilio·

932 919 944 941 a
961 913 1017 949 rum
1029 899 1124 950 civitati
1143 900 1272 964 imperium
1295 899 1320 949 in
1338 900 1441 950 aiteram
1460 901 1631 951 concedamus.
1647 903 1710 958 Quae

932 1026 944 1048 ι
962 1008 1026 1062 enim
1050 1005 1133 1057 verbis
1157 1004 1239 1056 dirimi
1260 1019 1309 1055 uon
1323 1010 1441 1068 possunt,
1456 1006 1487 1056 de
1511 1006 1549 1056 tris
1568 1007 1710 1057 decernitur

931 1122 944 1145 a
961 1101 1071 1151 dimisa

962 1201 1017 1249 xli.
1034 1202 1115 1261 Atque
1134 1198 1187 1247 baeo
1205 1200 1420 1261 auntargumeota
1439 1199 1532 1261 prolata
1553 1198 1584 1249 ab
1604 1202 1708 1265 utroque

930 1291 1093 1355 imperatore,
1115 1294 1143 1341 ut
1160 1291 1277 1356 preberet
1297 1289 1426 1355 imperium
1445 1291 1475 1340 ad
1496 1306 1566 1341 suam
1582 1293 1707 1344 civitatem

930 1381 985 1433 iure
1002 1383 1133 1446 pertinere.
1165 1381 1274 1431 Tandem
1288 1385 1370 1430 tamen
1386 1381 1410 1430 in
1432 1381 1534 1430 Romani
1555 1383 1709 1444 imperatoris

931 1472 1077 1523 sententiam
1085 1484 1171 1520 omnes
1182 1471 1288 1520 iverunt.
1322 1470 1370 1528 Qui
1381 1471 1445 1521 euim
1459 1472 1610 1522 Albanorum
1620 1476 1645 1523 et
1658 1475 1702 1523 ito-

931 1581 1061 1619 manorum
1081 1565 1106 1615 iu
1120 1565 1161 1615 itto
1180 1564 1281 1614 concido
1293 1564 1412 1626 aderant,
1428 1565 1477 1614 cito
1499 1579 1526 1616 se
1547 1566 1605 1618 beiti
1628 1569 1707 1618 moie-

932 1662 986 1713 stiis
1007 1660 1108 1711 liberari
1125 1659 1267 1722 cupientes,
1281 1660 1473 1709 coutroveraiam
1493 1660 1569 1709 armis
1589 1661 1706 1712 dirimen-

931 1757 989 1806 dam
1002 1768 1056 1805 ease
1069 1755 1227 1803 censuerunt.
1262 1753 1314 1801 Hac
1333 1755 1417 1801 autem
1430 1750 1461 1802 de
1477 1767 1503 1802 re
1520 1767 1577 1802 eum
1590 1755 1653 1804 inter
1666 1769 1709 1806 aas

931 1845 1086 1905 conveniret,
1103 1842 1134 1892 de
1157 1854 1260 1891 numero
1277 1855 1363 1891 eorum
1377 1842 1420 1905 qui
1438 1842 1556 1892 certaturi
1571 1848 1655 1894 essent
1672 1844 1708 1896 di·

930 1936 1108 2001 saepiebatur:
1123 1934 1180 1997 quia
1197 1947 1245 1982 non
1266 1933 1330 1983 idern
1350 1938 1454 1996 uterque
1469 1934 1601 1998 imperator
1614 1937 1707 1988 sentie-

932 2032 983 2082 bat.
1015 2027 1101 2079 Tullus
1120 2028 1185 2077 enirn
1200 2024 1299 2074 mirrimo
1319 2026 1443 2075 bominum
1464 2039 1567 2076 numero
1582 2027 1639 2077 bebi
1655 2029 1705 2078 ior·

930 2129 1016 2176 tunam
1037 2120 1239 2172 committendam
1256 2133 1311 2169 esse
1331 2119 1459 2178 crensubat.
1481 2119 1515 2169 ita
1528 2123 1558 2170 ut
1579 2136 1643 2171 unus
1662 2123 1706 2173 ΑΙ-

931 2216 1051 2265 banorum
1064 2210 1283 2277 praestantissimus
1300 2223 1357 2258 eum
1374 2224 1425 2259 uno
1440 2212 1606 2262 Romanorum
1624 2213 1707 2264 tortia·

930 2311 993 2361 aimo
1004 2308 1091 2372 praelio
1111 2305 1230 2368 singulari
1248 2305 1392 2354 decerneret
1405 2307 1450 2354 :et
1464 2304 1516 2368 ipse
1532 2304 1564 2355 ad
1584 2304 1706 2356 diuniaan-

930 2403 989 2452 dam
1004 2414 1049 2465 pro
1060 2399 1138 2463 patria
1151 2401 1251 2462 paratus
1260 2400 1327 2457 erat,
1340 2408 1475 2459 provocans
1489 2397 1609 2448 Albanum
1618 2398 1706 2450 ducem

931 2493 964 2544 ad
983 2506 1068 2557 parem
1080 2489 1180 2539 virtutis
1193 2487 1388 2547 aemulationem,
1401 2490 1427 2537 et
1444 2487 1572 2538 declarans
1589 2491 1706 2553 predum

929 2600 985 2640 eoae
1000 2584 1142 2644 certamina,
1157 2595 1212 2644 qum
1232 2581 1391 2643 imperatores
1400 2592 1445 2642 pro
1465 2580 1602 2643 principatu
1617 2586 1643 2631 et
1662 2596 1706 2646 po·

930 2680 1007 2731 tentia
1025 2675 1158 2739 suscipiant
1169 2712 1175 2734 ,
1188 2687 1236 2722 non
1250 2672 1330 2721 sotum
1352 2672 1373 2720 si
1395 2672 1460 2720 uiros
1479 2673 1555 2723 tortea
1574 2680 1705 2737 superent,

930 2773 974 2823 aed
983 2772 1057 2822 etiam
1069 2768 1091 2818 ai
1105 2767 1152 2830 ipsi
1165 2781 1180 2816 a
1193 2766 1254 2815 viris
1265 2764 1370 2813 fortibus
1380 2767 1533 2827 cuperentur.
1545 2767 1569 2815 et
1577 2778 1706 2818 recensens

930 2862 1008 2912 muita
1024 2860 1200 2923 imperatorum
1220 2859 1294 2919 atque
1313 2869 1399 2917 rugum
1421 2854 1544 2917 exempta.
1563 2855 1605 2917 qui
1621 2855 1705 2918 reipu-

929 2955 999 3006 biiooe
1020 2964 1108 3003 caussa
1124 2952 1201 2999 vitam
1218 2947 1333 3011 periculis
1353 2945 1541 3007 obiecturerint‚
1558 2946 1624 3010 quand
1646 2947 1707 2997 indi·

929 3059 1004 3109 gnum
1024 3043 1132 3108 putarint
1154 3040 1200 3090 sibi
1217 3039 1318 3103 quidem
1333 3039 1454 3087 maximos
1471 3035 1577 3086 honores
1598 3037 1705 3101 deterri,

928 3137 1058 3186 minimum
1072 3148 1131 3183 vero
1143 3131 1312 3181 molestiamm
1324 3143 1339 3178 a
1352 3143 1379 3179 se
1391 3129 1492 3193 suscipi.
1525 3128 1633 3179 Albanus
1646 3143 1706 3181 vero

928 3229 977 3278 boo
989 3226 1090 3291 quidem
1104 3228 1170 3275 recte
1181 3221 1306 3273 iudicabat
1317 3220 1348 3270 ab
1360 3234 1390 3271 eo
1411 3222 1520 3279 dictum.
1535 3223 1632 3286 utrique
1642 3223 1703 3272 civi·

928 3319 975 3369 tati
986 3330 1120 3382 paucorum
1130 3312 1238 3378 periculo
1251 3315 1445 3361 controversiam
1456 3325 1511 3361 esse
1523 3312 1684 3362 dirimendam
1695 3332 1701 3361 :

929 3411 973 3460 sed
982 3410 1013 3459 de
1026 3406 1176 3470 singulorum
1184 3404 1372 3463 certaminanon
1380 3401 1559 3453 assentiebatur
1568 3408 1703 3456 Romano.-

930 3500 1120 3566 imperatoribus
1131 3497 1196 3547 enim
1207 3536 1213 3556 ,
1226 3510 1283 3545 cum
1298 3495 1345 3546 eibi
1365 3496 1425 3559 ipsis
1441 3496 1574 3558 potentiam
1592 3501 1703 3560 quaerant

930 3595 1074 3661 praectarum
1087 3594 1111 3640 et
1123 3587 1288 3638 necessarium
1306 3600 1360 3636 esse
1373 3590 1508 3644 certamen,
1523 3587 1589 3648 quod
1600 3588 1664 3637 inter
1677 3603 1703 3640 ae

929 3684 961 3732 de
977 3680 1114 3746 principatu
1128 3675 1277 3738 suscipiaot;
1292 3672 1434 3723 civitatibus
1447 3685 1506 3722 vero
1519 3673 1550 3722 de
1566 3675 1703 3739 principatu

928 3774 992 3825 inter
1012 3787 1038 3823 se
1066 3767 1271 3822 contendentibus
1302 3765 1413 3829 praelium
1440 3765 1561 3828 singulare
1588 3781 1634 3816 non
1660 3782 1702 3818 ao-

928 3877 980 3928 lurn
993 3883 1047 3922 ease
1058 3865 1239 3932 portentosum,
1254 3861 1297 3911 sed
1312 3860 1387 3909 etiarn
1402 3863 1486 3923 turpe,
1505 3867 1554 3910 tam
1571 3861 1704 3911 victoribus

928 3981 1002 4032 quam
1020 3961 1101 4012 aietia.
1134 3959 1214 4015 Quare
1234 3952 1354 4004 suadebat
1374 3957 1402 4002 ut
1415 3956 1466 4002 tres
1486 3952 1533 4001 riri
1549 3966 1577 4002 ex
1599 3959 1703 4018 utraque

928 4059 1029 4109 ciuitate
1047 4055 1105 4104 teeti
1123 4051 1149 4100 in
1170 4047 1279 4099 omnium
1295 4047 1321 4096 et
1340 4044 1487 4095 Albanorum
1503 4050 1528 4094 et
1542 4047 1703 4096 Romanorum

928 4152 1062 4213 conspeetu
1075 4143 1229 4195 dimicarent.
1263 4139 1350 4190 Aiebat
1361 4138 1426 4188 enim
1444 4136 1510 4186 buno
1523 4150 1653 4187 numerum
1663 4151 1704 4201 ap-

928 4242 1051 4294 tiaaimum
1061 4251 1116 4288 ease
1124 4235 1156 4285 ad
1167 4247 1266 4284 omnem
1281 4231 1316 4282 rei
1326 4230 1517 4282 controversiam
1527 4230 1701 4293 dirimendam;

928 4334 994 4400 quod
1015 4329 1159 4397 principium
1173 4331 1200 4376 et
1215 4324 1336 4383 medium,
1356 4321 1463 4372 etiinem
1479 4321 1505 4371 in
1524 4334 1551 4371 se
1571 4321 1701 4371 contineat.

928 4428 993 4476 Cum
1006 4423 1080 4486 igitur
1101 4417 1202 4468 Romani
1222 4421 1248 4466 et
1261 4412 1348 4464 Albani
1364 4413 1390 4462 in
1403 4411 1466 4462 hanc
1478 4411 1624 4463 sententiam
1647 4411 1703 4459 iria·

927 4519 995 4576 aeut,
1009 4512 1139 4564 concilium
1152 4510 1281 4560 dimissum
1292 4509 1331 4558 eat
1343 4509 1368 4557 et
1382 4506 1481 4569 utrique
1492 4505 1517 4555 iu
1529 4517 1573 4554 aun
1585 4518 1611 4553 se
1623 4505 1703 4552 caetra

927 4611 1081 4673 receperunt.

959 4708 1025 4756 xlii.
1039 4702 1133 4754 Deinde
1147 4701 1245 4766 utrique
1255 4699 1429 4762 imperatores,
1440 4694 1548 4747 exercitu
1562 4691 1593 4742 ad
1607 4690 1703 4740 concio·

926 4825 984 4862 nem
995 4813 1097 4869 vocato,
1108 4808 1239 4856 narrarunt
1252 4803 1312 4866 quid
1324 4801 1350 4852 in
1359 4798 1480 4861 codoqoio
1490 4798 1573 4846 actum
1584 4794 1664 4851 esset,
1676 4792 1702 4841 et

926 4914 1018 4979 quibus
1039 4909 1220 4962 conditionibus
1242 4921 1268 4958 ae
1291 4918 1376 4971 paoem
1398 4904 1505 4952 tacturos
1522 4895 1700 4962 promisiaaent.

928 5019 1187 5078 Gumautemuterquu
1197 5013 1320 5064 exercitus
1327 5021 1414 5069 magno
1421 5016 1541 5055 conaenau
1550 4999 1702 5050 conditiones

928 5127 1029 5178 traderis
1062 5125 1094 5174 de
1113 5122 1204 5186 quibus
1223 5120 1287 5169 inter
1301 5114 1461 5179 imperatores
1482 5107 1646 5170 convenerat,
1661 5118 1702 5169 ap·
