3772 5828
198 330 258 390 atu
721 321 889 384 DIONYSH
910 322 1287 386 unhlcstttthsstlttsts
1336 376 1340 385 .

200 489 214 514 ι
231 454 523 535 scientiaomnium,
543 453 745 522 αἰντιόολοῦντας
757 458 825 533 ὑμᾶς
846 456 892 515 καί
917 457 975 515 δλο·

201 544 388 626 ιφυρομένους
410 545 539 622 ὁρῶντες,
566 543 612 601 καὶ
632 542 677 602 ἕνα
698 541 809 603 ἕκαστον
824 542 977 620 ἐπιόοωμέ-

200 658 287 701 ιινους
310 632 425 714 έταιρίας
450 655 480 692 τε
512 631 557 690 καί
582 632 737 713 συντροφίας
756 632 802 691 καί
830 633 978 713 ὁμαιχμίας

199 749 211 776 ι
230 723 494 799 ἀναμιμνήσκοντας,
515 722 566 800 οθχ
585 722 762 798 ὑπεμείναμεν
778 723 975 799 ἐγκαταλιπεῖν·

153 839 166 876 ς
199 812 393 890 «ἡγησάμενοι
417 809 445 870 δὲ
465 809 606 868 κάλλιστον
633 799 767 868 εἶναικαὶ
791 810 977 891 λαμπρότατον

199 928 212 952 ιι
229 903 318 979 άγῶνα
347 900 392 959 τόν
404 897 469 979 ὑπὲρ
486 901 580 975 ὑμῶν,
595 897 677 974 ὁμόσε
692 905 745 965 τοῖς
763 899 854 967 δεινοῖς
873 900 976 980 ἐχωρή·

199 1012 212 1040 ι
228 1011 328 1066 σαμεν,
344 986 467 1065 μέγιστον
482 985 533 1059 ήδη
554 984 680 1046 κινδύνων
696 986 884 1069 ἀναρρίψαντες
905 990 978 1047 ἐκεῖ·

200 1080 321 1156 ιινον,ἐν
337 1067 360 1158 ᾧ
378 1076 465 1135 πολλδι
487 1073 535 1151 μέν
555 1073 697 1152 τραύματα
722 1074 866 1154 λαόόντες,
891 1077 977 1137 πολλὰ

199 1193 211 1218 ιι
229 1167 255 1226 δὲ
270 1168 383 1241 σὼματα
398 1167 530 1243 συγγενῶν
542 1187 570 1222 τε
582 1164 627 1223 καί
638 1165 748 1245 ίταίρων
765 1166 810 1224 καί
822 1167 977 1245 ὁμοσκήνων

144 1280 169 1319 to
199 1279 211 1305 ι
229 1253 424 1327 άποόαλόντες,
445 1252 603 1330 ἐνικήσαμεν
614 1252 674 1321 τοῦς
692 1253 836 1332 πολεμίους
856 1256 901 1314 καί
915 1256 977 1324 τοῦς

199 1370 212 1397 ιι
229 1346 359 1421 ἡγεμόνας
376 1346 462 1404 αὐτῶν
482 1343 687 1422 ἀπεκτείναμεν,
702 1340 749 1401 καὶ
770 1342 818 1417 τήν
836 1344 976 1424 βασιλικήν

199 1458 211 1484 ιι
229 1434 381 1510 συγγένειαν
399 1431 507 1492 ἅπασαν
521 1431 713 1512 διεφθείραμεν.

235 1522 351 1583 LXXV.
376 1550 387 1574 ι
403 1521 434 1581 Ἃ
449 1519 498 1599 μὲν
515 1520 546 1595 δὴ
564 1523 601 1587 είς
615 1520 646 1580 τό
664 1520 888 1598 συνελευθερῶσαι
908 1525 976 1600 ὑμᾶς

199 1636 211 1661 ιι
229 1610 281 1668 άπὸ
304 1613 355 1668 τῶν
377 1611 510 1690 τυράννων
530 1607 720 1690 παρεσχόμεθα
736 1609 802 1688 ῦπίρ
820 1611 931 1689 δύναμιν
945 1611 976 1670 τὸ

36 1724 39 1729 ·
142 1731 167 1771 ta
198 1722 211 1749 ιι
227 1701 329 1758 έαυτῶν
345 1700 497 1779 πρόθυμον,
521 1701 571 1779 οὐχ
594 1698 644 1758 ὁπδ
667 1701 714 1756 τοῦ
735 1698 878 1774 ἀναγκαίου
906 1704 975 1777 μᾶς.

102 1851 107 1860 ,
198 1813 210 1838 ιι
227 1788 272 1846 λον
288 1789 324 1856 είς
339 1788 403 1846 αὐτὸ
420 1785 598 1855 καταστάντες
614 1785 632 1858 ἢ
647 1788 691 1845 ὁπ’
710 1789 911 1866 ἀρετῆς,ταῦτά
925 1791 972 1848 ἐσ-

198 1900 211 1926 ιι
227 1898 278 1935 τιν.
306 1874 337 1935 Ἃ
354 1874 382 1935 it
395 1878 431 1943 εἰς
454 1874 484 1933 εδ
507 1875 636 1948 τιμᾶσθαί
655 1896 684 1933 τε
705 1874 751 1934 καί
767 1872 859 1955 ἄρχειν
877 1878 973 1956 ἑτέρων

197 1964 381 2023 «δυναστείαν
405 1986 434 2022 τε
459 1962 649 2045 περιόαλέσθαι
682 1962 765 2040 μείζω
789 1961 806 2034 ἢ
831 1965 899 2023 κατὰ
925 1964 973 2038 τήν

197 2078 210 2104 ιι
231 2052 257 2121 ἐξ
284 2056 370 2134 ἀρχῆς
397 2052 504 2123 δόκησιν
530 2049 677 2127 ἀκούσατε,
702 2053 748 2111 καί
770 2049 857 2125 ὁπως,
888 2051 932 2112 ἐάν
948 2076 973 2112 τι

139 2165 167 2205 ου
196 2167 209 2193 ι
227 2143 391 2223 παρατρέψω
415 2141 460 2200 τὸν
485 2140 562 2221 λόγον
586 2139 637 2210 ἐξω
652 2145 698 2201 τοῦ
723 2141 854 2216 ἀληθοῦς,
883 2142 973 2223 ὥσπερ

196 2231 271 2287 ικαὶ
296 2229 443 2308 ἀρχόμενος
469 2219 560 2296 εἶπεν,
576 2224 764 2288 ίναντιόισεσθί
789 2251 845 2304 μοι.
889 2227 971 2309 Ὑμῖν

197 2316 276 2395 «pap
291 2318 381 2389 ἐπειδὴ
403 2316 433 2377 τδ
458 2315 575 2398 ασφαλίς
593 2320 640 2390 τῆς
662 2316 811 2397 ίλευθερίας
832 2316 918 2388 ἔδοξεν
932 2310 971 2379 εῖ-

197 2428 272 2464 ιιναι
292 2403 414 2486 βίόαιον,
437 2407 485 2465 οῦκ
509 2405 662 2486 ἀπέχρησεν
687 2404 732 2464 ἐπὶ
748 2405 843 2465 τούτου
864 2406 968 2485 μίιειν,

197 2522 210 2548 ιι
227 2495 285 2555 ἀλλ’
301 2495 346 2554 ἐπὶ
360 2497 390 2554 τὸ
405 2496 507 2575 τολμᾶν
527 2495 573 2556 καί
586 2504 782 2576 νεωτεροποιεῖν
797 2496 970 2576 ὁρμήσαντες,

139 2612 167 2650 ης
197 2611 209 2637 ι
227 2585 319 2665 ἐχθρόν
345 2581 372 2643 δὲ
388 2584 450 2652 ἴσως
468 2582 540 2645 όπαν
562 2583 704 2663 ἡγούμενοι
728 2582 759 2644 τὸ
782 2583 971 2666 περιεχόμενον

195 2699 208 2724 ιι
224 2673 389 2752 ἐλευθερίας,
409 2674 456 2734 καί
474 2679 570 2753 μικροῦ
586 2675 639 2732 δεῖν
655 2673 720 2754 πρδς
741 2672 859 2740 ἅπαντας
877 2673 973 2752 άνθρῶ-

198 2782 292 2826 ιιπους
315 2760 430 2839 πόλεμον
455 2760 651 2830 άναδείξαντις,
667 2763 702 2830 είς
725 2761 812 2821 πάντα
831 2762 865 2819 τὰ
885 2764 970 2823 κινδυ·

198 2875 211 2901 ιι
227 2850 345 2927 νεόματα
369 2851 415 2910 καί
441 2850 500 2918 τοῦς
529 2851 595 2931 ὑπὲρ
621 2855 669 2920 τῆς
698 2847 851 2919 πλεονεξίας
875 2848 972 2920 ταύτης

199 2964 212 2991 ι
229 2940 333 3017 ἀγῶνας
358 2947 411 3005 τοῖς
436 2939 573 3019 ήμετίροις
596 2938 678 3020 ᾤεσθε
704 2940 756 2997 δεῖν
785 2941 972 3018 καταχρῆσθαι

140 3060 168 3099 ³0
198 3052 211 3079 ι
228 3025 359 3103 σώμασιν.
400 3024 488 3094 Ὅσας
508 3026 557 3102 μίν
571 3027 660 3094 πόλεις
680 3026 749 3085 κατὰ
772 3026 834 3103 μίαν
858 3026 903 3086 καί
928 3026 973 3084 δύο

198 3142 211 3170 ιι
227 3116 392 3189 πολεμούσας
413 3117 473 3192 θμῖν
488 3113 554 3193 θπέρ
568 3120 615 3188 τῆς
630 3113 792 3194 ἐλευθερίας,
812 3113 861 3182 τδις
884 3113 930 3190 μίν
942 3116 972 3172 ίκ

198 3203 401 3284 «παρατάξεως
434 3202 644 3284 χειρωσάμενοι,
667 3203 715 3269 τδις
737 3202 765 3262 δί
787 3204 972 3282 τειχομαχίαις

199 3293 329 3362 ιιὲλόντες
355 3294 486 3365 ὑπηκόους
507 3291 686 3366 ἐποιήσαμεν,
710 3294 756 3354 ἐῶ.
799 3293 833 3354 Τί
856 3290 907 3374 γδιρ
935 3295 975 3351 δεῖ

199 3410 211 3437 ιι
227 3384 296 3443 κατὰ
312 3381 405 3463 μικρὸν
417 3381 502 3461 λέγειν
516 3382 562 3448 τδις
579 3381 699 3463 πράξεις,
720 3383 851 3453 τοσαύτην
867 3381 975 3462 ἔχοντας

141 3504 167 3542 ,,,
199 3498 211 3524 ι
235 3471 320 3548 λόγων
343 3468 482 3550 ἀφθονίαν,
500 3469 569 3530 aiiii
585 3473 736 3551 Τυρρηνίαν
752 3472 859 3531 ἅπασαν
873 3475 909 3538 εἰς
925 3473 974 3530 δώ·

200 3584 212 3611 ιι
230 3561 294 3617 δεκα
320 3556 500 3634 νενεμημένην
526 3561 667 3637 ἡγεμονίας
689 3559 736 3619 καλ
759 3562 846 3639 πολλῇ
875 3560 975 3640 μέντῇ

199 3673 212 3698 ιι
230 3645 298 3705 κατδι
313 3649 378 3721 γῆν,
396 3648 483 3728 πολλῇ
505 3646 532 3706 δέ
547 3651 580 3727 τῇ
602 3647 670 3707 κατδι
690 3649 821 3708 θάλατταν
838 3649 974 3730 δυναστεία

201 3762 213 3786 ιι
230 3734 472 3813 περιουσιάζουσαν,
488 3734 554 3803 τίνες
570 3729 637 3808 ήσαν
655 3741 677 3796 oi
693 3740 976 3816 συγκατακτησάμενοι

201 3849 213 3873 ιι
230 3824 275 3881 καὶ
291 3823 448 3894 ποιήσαντες
469 3823 551 3894 αὐτήν
567 3829 627 3900 ὑμῖν
648 3824 778 3898 ὁπήκοονς
798 3828 929 3897 Σαόίνους
948 3827 975 3887 δὲ

201 3937 213 3961 ιι
230 3911 370 3988 τουτουσί,
384 3913 453 3979 ἔθνος
468 3913 630 3983 τηλικοῦτον,
654 3903 691 3980 οἷς
710 3914 753 3972 διδ
775 3917 872 3983 παντὸς
886 3921 900 3975 ὁ
916 3917 977 3997 περὶ

202 4024 214 4049 ιι
231 4003 281 4058 τῶν
297 4001 432 4079 πρωτείων
453 4000 518 4081 πρὸς
532 4003 600 4077 ὑμᾶς
612 3993 645 4074 ήν
660 4005 749 4080 ἀγὼν,
764 4004 828 4063 ποία
843 4004 976 4087 παρέσχεν

203 4110 215 4136 ιι
232 4086 294 4159 ὑμῖν
309 4088 416 4164 βοήθεια
435 4088 531 4165 μηκέτι
546 4091 734 4166 διαμιλλᾶσθαι
749 4092 810 4173 περὶ
825 4097 878 4153 τῶν
894 4096 976 4175 ίσων;

203 4172 258 4230 ιιτί
276 4174 308 4232 δέ
312 4198 320 4246 ;
345 4176 392 4242 τδις
416 4177 537 4237 Λατίνων
560 4177 701 4259 τριάκοντα
722 4180 824 4259 πόλεις,
853 4182 882 4241 οὗ
900 4183 977 4260 μόνον

203 4285 215 4312 ιι
233 4261 369 4337 δυνάμεως
396 4264 497 4341 μεγέθει
525 4268 698 4347 ἐπαιρομένας
721 4269 790 4328 άλλδι
811 4270 856 4329 καί
877 4271 920 4330 ἐπὶ
940 4277 978 4352 τῷ

146 4384 171 4419 ,ς
201 4350 376 4427 «δικαιότερα
401 4352 486 4420 ἀξιοῦν
502 4356 570 4433 μέγα
593 4355 745 4438 φρονούσας,
769 4359 835 4427 τίνες
863 4350 931 4432 ήσαν
953 4363 978 4420 oi

203 4440 498 4516 «καταδουλωσάμενοι
524 4443 570 4502 καί
596 4445 778 4526 παρασχόντες
793 4445 858 4528 ὑπὲρ
879 4449 977 4529 ἀνδρα-

203 4555 215 4581 ιι
232 4531 362 4605 ποδισμοῦ
389 4530 434 4587 καί
457 4537 632 4615 κατασκαφῆς
657 4536 708 4592 τῶν
731 4534 832 4594 πόλεων
854 4536 979 4613 δεομένας

203 4645 216 4671 ιι
232 4622 393 4698 καταφυγεῖν
413 4623 452 4699 ἐφ’
468 4624 552 4697 ὑμᾶς

239 4709 368 4771 LXXVI.
385 4737 397 4761 ιι
416 4708 471 4769 Ἐῶ
486 4711 590 4783 τᾶλλα,
607 4711 647 4770 ὅτ’
662 4712 735 4771 οὔπω
751 4712 979 4781 διαστασιάζοντες

204 4823 215 4847 ι
233 4797 297 4877 πρὸς
317 4801 384 4873 ὑμᾶς
406 4797 451 4857 καλ
475 4799 549 4857 αύτοί
565 4801 595 4876 γε’
619 4825 658 4859 τοι
683 4801 903 4879 μεταποιούμενοι
926 4803 979 4858 τῶν

205 4888 264 4944 ιιέκ
290 4890 337 4958 τῆς
360 4890 443 4969 ἀρχῆς
471 4887 584 4947 ἐλπίδων
619 4891 881 4968 συνεκινδυνεύσαμεν
903 4892 976 4965 ὑμῖν.

205 4997 217 5021 ιι
238 4971 306 5033 Ἀλλ’
321 4977 410 5048 ἐπειδή
435 4980 554 5058 φανερῶς
578 4978 630 5050 ήδη
651 4981 794 5057 τυραννίδα
815 4978 978 5061 aspicite-

206 5084 217 5107 ιι
237 5059 310 5130 μένοι
328 5066 376 5133 τήν
392 5065 487 5144 ἀρχὴν,
510 5066 555 5125 καί
570 5071 634 5142 ἡμῖν
658 5067 749 5148 ῶσπερ
765 5070 865 5136 δούλοις
887 5091 978 5148 παρα-

205 5171 218 5197 ιι
234 5145 365 5224 χρώμενοι
387 5151 577 5231 ἐξηλέγχθητε,
594 5157 671 5229 ἡμεῖς
684 5180 712 5214 τε
723 5158 810 5216 οὐκέτι
825 5157 909 5234 δμοιοι
921 5165 977 5224 ταῖς

1032 484 1046 508 ιι
1061 465 1133 529 pulos
1156 465 1204 517 sibi
1221 465 1402 529 adscivissent,
1427 478 1484 516 eum
1503 466 1646 521 rideremus
1662 484 1709 522 ros
1723 476 1818 540 suppli-

1032 571 1045 595 ιι
1061 551 1124 602 citer
1154 555 1255 604 orantes
1275 555 1300 604 et
1317 553 1444 615 lugentes,
1469 555 1496 604 et
1520 555 1719 622 uniuscuiusque
1741 574 1816 626 opem

1033 658 1046 682 ι
1060 637 1230 703 implorantes,
1237 643 1263 690 et
1271 638 1429 690 sodalitatem
1437 642 1461 691 et
1469 654 1627 695 communem
1640 644 1815 703 educationem

1032 744 1045 769 ιι
1061 729 1137 789 atque
1153 739 1308 777 communem
1327 726 1442 779 militiam
1460 736 1697 797 commemorantes,
1714 750 1761 786 ros
1772 737 1818 787 de·

1033 833 1046 858 ι
1060 826 1142 864 serere
1158 828 1208 864 non
1223 814 1385 866 sustinuimus
1406 834 1412 865 :
1433 817 1477 868 sed
1496 819 1667 874 existimantes
1685 829 1815 878 certamen

1033 919 1046 943 ι
1060 912 1106 964 pro
1127 898 1199 950 nohis
1219 904 1361 966 susceptum
1382 901 1584 957 honestissimum
1607 923 1637 958 ac
1651 911 1816 973 praeclarissi-

1034 1001 1131 1039 «mum
1157 1001 1227 1050 esse,
1253 988 1307 1039 hnc
1333 988 1399 1040 mala
1425 990 1556 1056 sublimus,
1586 996 1723 1048 maximum
1753 1000 1815 1051 illud

1059 1076 1196 1142 periculum
1209 1079 1268 1128 tunc
1288 1077 1372 1130 subire
1391 1091 1442 1130 non
1453 1078 1610 1142 dubitantes,
1626 1084 1651 1134 in
1667 1098 1717 1148 quo
1732 1101 1816 1152 scoep-

1032 1186 1045 1211 ι
1061 1166 1095 1218 tis
1115 1165 1201 1218 multis
1224 1166 1367 1218 mmertbus
1390 1171 1416 1218 et
1432 1169 1530 1221 amissis
1547 1171 1635 1223 multis
1655 1175 1765 1238 cognatis
1789 1179 1815 1226 et

1033 1275 1046 1299 ιι
1060 1253 1186 1306 sodalibus
1206 1257 1232 1305 et
1247 1253 1480 1317 coutubcmalibus'‚
1498 1256 1585 1310 hostes
1597 1260 1700 1310 rioimus
1713 1273 1817 1312 eorum-

1032 1355 1109 1406 equo
1124 1340 1386 1402 ducesintcrl'ecinrus,
1402 1346 1428 1393 et
1447 1344 1528 1395 totum
1548 1345 1644 1408 remum
1666 1360 1742 1411 genus
1755 1361 1815 1398 exs-

1032 1449 1045 1474 ιι
1062 1428 1185 1481 tinuimus.

1061 1517 1158 1566 Lllilv.
1176 1535 1189 1559 ιι
1205 1516 1264 1566 llaec
1282 1514 1357 1578 igitur
1370 1517 1429 1566 sunt
1450 1529 1509 1580 qun
1531 1530 1578 1581 pro
1590 1518 1717 1570 communi
1731 1523 1814 1570 restra

1032 1624 1045 1649 ι
1058 1603 1198 1655 libertates
1215 1603 1326 1666 tyrannis
1345 1603 1494 1656 vindicanda
1514 1620 1590 1670 supra
1604 1606 1671 1659 rires
1685 1608 1749 1660 ultro
1766 1622 1814 1659 ne·

1032 1711 1044 1735 ιι
1061 1704 1110 1756 quc
1138 1692 1284 1742 necessitate
1307 1691 1391 1756 potius
1413 1691 1493 1744 coacti
1515 1706 1592 1757 qoam
1615 1694 1715 1746 virtutis
1738 1708 1812 1758 ergo,

1031 1800 1043 1823 ιι
1058 1779 1129 1830 vobis
1151 1778 1318 1831 exhibuimus.
1352 1781 1417 1837 Quo
1442 1793 1507 1831 vero
1523 1782 1712 1846 praestiterimus
1726 1785 1814 1833 restra

1032 1888 1044 1912 ιι
1059 1879 1162 1928 caussa,
1182 1869 1251 1919 utet
1272 1867 1391 1917 honorem
1411 1870 1437 1919 et
1455 1867 1586 1934 imperinm
1605 1869 1632 1921 in
1643 1869 1705 1922 alios
1725 1883 1813 1921 conse-

1031 1974 1044 2000 ιι
1059 1955 1194 2020 queremini
1203 1992 1211 2018 ,
1220 1960 1245 2007 et
1257 1956 1423 2022 principatum
1436 1957 1564 2020 maiorem,
1574 1973 1651 2024 quam
1663 1959 1736 2010 initio
1749 1959 1814 2011 eris-

1031 2065 1044 2089 ιι
1058 2045 1199 2108 timebatur,
1211 2043 1283 2097 vohis
1300 2047 1489 2110 compamretis,
1508 2047 1611 2109 ευθίθο,
1633 2050 1660 2098 et
1679 2049 1701 2098 si
1720 2062 1771 2111 qua
1789 2049 1815 2098 in

1032 2152 1046 2177 ιι
1060 2147 1088 2184 rc
1104 2147 1119 2183 a
1133 2134 1238 2185 ueritate
1250 2133 1290 2184 rel
1302 2134 1432 2186 minimum
1444 2146 1582 2194 maessero,
1603 2135 1671 2186 sicut
1690 2137 1815 2200 principio

1032 2239 1045 2264 ι
1059 2220 1129 2283 dixi,
1149 2219 1212 2271 mihi
1234 2221 1380 2272 acclamate.
1405 2221 1546 2283 vosonim,
1563 2222 1697 2285 matonam
1718 2222 1745 2272 iu
1757 2226 1816 2273 tuto

1032 2329 1045 2353 ιι
1059 2309 1112 2360 εἰει
1128 2313 1168 2360 est
1180 2310 1298 2371 libertas,
1318 2324 1369 2361 noo
1384 2310 1492 2363 contami
1507 2309 1603 2372 inistis,
1620 2322 1705 2374 neque
1722 2311 1748 2362 iu
1764 2310 1815 2361 hoc

1035 2420 1046 2443 ιι
1062 2412 1146 2450 rerum
1167 2401 1234 2450 statu
1252 2412 1350 2449 manere
1362 2394 1477 2450 voluistis
1490 2415 1497 2449 ;
1509 2397 1556 2451 sed
1572 2411 1602 2449 cn
1620 2398 1732 2451 audacia
1753 2412 1815 2465 pro·

1033 2508 1045 2531 ιι
1062 2486 1178 2551 rupistis,
1195 2489 1223 2538 ui
1239 2500 1280 2537 res
1291 2501 1368 2538 ouras
1379 2487 1461 2539 moliri
1481 2500 1530 2539 non
1541 2486 1708 2550 dubitaretis,
1725 2502 1813 2540 omnes

1034 2595 1046 2618 ιι
1062 2574 1184 2626 libertatis
1193 2574 1430 2627 tuondae'studiosos
1443 2589 1514 2641 nque
1527 2591 1573 2643 pro
1584 2577 1700 2629 hostibus
1718 2578 1815 2631 traben-

1034 2682 1047 2707 ιι
1061 2668 1110 2726 tes,
1131 2664 1261 2716 othelium
1277 2678 1347 2730 pune
1363 2664 1481 2718 omnibns
1499 2665 1650 2719 mortalibus
1660 2667 1814 2730 ἰοθίοευίεε,

1035 2773 1048 2796 ιι
1065 2756 1140 2817 atquc
1164 2754 1189 2804 in
1216 2753 1256 2805 his
1280 2753 1396 2819 periculis
1419 2758 1446 2806 et
1462 2754 1573 2820 proeliis,
1599 2769 1644 2820 pro
1664 2755 1713 2806 hac
1733 2759 1816 2807 vestra

1034 2860 1046 2883 ι
1063 2840 1141 2905 pluris
1152 2840 1256 2891 habendi
1270 2840 1409 2906 cupiditate
1419 2841 1557 2906 susceptis,
1569 2841 1659 2893 nostris
1671 2842 1815 2907 corporibus

1035 2951 1047 2973 ιι
1063 2929 1133 2980 vohis
1146 2929 1296 2981 abutendum
1314 2942 1370 2981 osse
1383 2929 1501 2995 putastis.
1535 2932 1601 2999 Quoi
1619 2944 1677 2981 vero
1688 2931 1812 2991 ciuitates,

1035 3038 1047 3061 ιι
1061 3019 1136 3068 morlo
1145 3019 1254 3082 singutas
1272 3018 1348 3069 modo
1359 3006 1426 3070 ‘duas
1443 3019 1518 3070 simul
1532 3018 1661 3071 vobiscum
1679 3034 1723 3085 pro
1736 3019 1814 3071 liber·

1036 3126 1046 3148 ιι
1062 3108 1112 3155 tate
1137 3105 1229 3156 beilum
1252 3110 1379 3169 gerentes,
1403 3107 1495 3170 partim
1513 3105 1566 3157 acie
1594 3110 1722 3171 superatas
1743 3110 1770 3157 ct
1792 3109 1816 3157 in

1035 3212 1047 3235 ιι
1061 3195 1170 3241 nostram
1183 3195 1331 3256 potestatem
1342 3191 1476 3254 mdactas,
1492 3194 1583 3258 partim
1597 3193 1713 3245 obsessas
1727 3207 1757 3244 ac
1774 3207 1816 3244 ex·

1035 3301 1046 3324 ιι
1061 3283 1182 3346 pugnatas
1194 3281 1377 3344 subegerimus,
1399 3285 1527 3345 pretereo.
1561 3281 1626 3340 Quid
1639 3282 1703 3331 enim
1717 3285 1817 3345 oportet

1033 3391 1046 3414 ιι
1061 3369 1199 3421 minutatim
1222 3382 1262 3420 res
1281 3374 1364 3434 gestas
1384 3382 1522 3431 recensere,
1550 3383 1607 3433 quac
1629 3372 1724 3420 tantm
1754 3383 1815 3420 ser·

1034 3480 1045 3503 ιι
1062 3460 1149 3510 borum
1164 3459 1292 3510 materiam
1307 3458 1433 3524 praebent?
1455 3458 1597 3508 Universum
1615 3471 1660 3521 pru
1673 3458 1815 3520 Etruriam,

1035 3569 1047 3592 ιι
1064 3548 1089 3599 in
1112 3547 1242 3599 duodecim
1269 3546 1419 3611 principatus
1443 3545 1564 3607 dirimm,
1585 3547 1611 3596 et
1633 3558 1724 3610 magna
1747 3549 1816 3598 terra

1035 3639 1173 3702 «marique
1199 3635 1307 3700 potentia
1328 3635 1478 3700 pollentem,
1502 3632 1603 3699 quinam
1617 3623 1693 3684 'vohis
1713 3647 1816 3699 compa·

1034 3747 1047 3772 ι
1063 3731 1148 3776 rerunt
1160 3730 1233 3791 atnue
1246 3725 1393 3776 inventiam
1405 3723 1525 3775 ditionem
1539 3722 1689 3786 redegerunt
1704 3761 1710 3785 ,
1723 3725 1753 3774 ut
1769 3723 1815 3774 im-

1035 3832 1047 3856 «
1063 3813 1131 3877 perio
1144 3815 1228 3864 vestro
1241 3813 1356 3876 pareret?
1367 3823 1530 3874 quorumnam
1544 3823 1606 3860 uero
1615 3822 1661 3874 ope
1673 3808 1768 3859 motum
1777 3810 1817 3860 est

1032 3921 1045 3947 ι
1060 3904 1089 3952 ut
1102 3900 1185 3952 Sabini
1199 3900 1256 3960 isti,
1268 3913 1328 3962 gens
1338 3902 1390 3950 tam
1404 3898 1503 3959 ualida,
1521 3898 1669 3963 quibuscum
1684 3897 1814 3948 contineri·

1035 4005 1047 4031 ιι
1064 3991 1101 4037 ter
1111 3985 1143 4037 de
1157 3987 1292 4051 principatu
1310 3985 1512 4047 contendebatis,
1527 3986 1558 4037 de
1574 4000 1647 4052 aequo
1661 3987 1715 4036 iure
1732 3986 1815 4037 vobis·

1033 4091 1046 4116 ι
1064 4087 1122 4123 cum
1143 4073 1249 4137 amplius
1265 4088 1313 4124 non
1328 4074 1496 4125 contendant?
1513 4072 1595 4132 Quid?
1611 4073 1756 4125 Latinorum
1768 4075 1814 4124 tri-

1034 4180 1047 4206 ιι
1062 4161 1129 4226 ginta
1141 4162 1245 4226 populos
1259 4177 1307 4213 non
1324 4164 1404 4214 solum
1416 4163 1584 4228 magnitudine
1599 4163 1716 4228 potentiae
1725 4163 1814 4223 eloim,

1034 4270 1046 4295 ιι
1063 4250 1105 4300 sed
1123 4250 1197 4300 etiam
1215 4251 1248 4302 ob
1260 4251 1402 4315 equitatem
1411 4244 1591 4316 postulatorum
1603 4252 1742 4312 animosas,
1755 4252 1815 4314 qui-

1033 4357 1046 4382 ι
1061 4349 1119 4387 nam
1136 4336 1286 4402 subegerunt
1305 4352 1398 4402 eosque
1414 4341 1561 4403 coegerunt,
1578 4353 1610 4390 ne
1628 4338 1655 4390 in
1668 4339 1817 4391 seruitutem

1034 4446 1046 4469 ιι
1059 4425 1230 4490 abriperentur
1241 4429 1267 4477 et
1279 4425 1353 4477 urbes
1369 4427 1478 4492 ipsorum
1491 4428 1674 4491 eveherentur,
1693 4428 1818 4496 supplices

1034 4534 1047 4557 ιι
1062 4513 1154 4565 advos
1173 4515 1324 4580 coningere?

1063 4731 1170 4780 thltvl.
1190 4751 1202 4775 ιι
1213 4731 1266 4782 Alia
1278 4733 1357 4783 multa
1371 4737 1508 4798 praetereo,
1523 4748 1579 4799 quaa
1590 4773 1596 4795 ,
1608 4748 1666 4786 cum
1676 4735 1787 4786 nondum
1802 4751 1817 4786 a

1036 4818 1132 4868 “vohis
1149 4820 1336 4882 dissidercmns,
1359 4835 1524 4885 nosqnoquc,
1549 4823 1610 4872 nihil
1628 4822 1817 4874 commodorum

1035 4924 1046 4946 ιι
1063 4917 1094 4955 cu
1109 4905 1211 4970 imperio
1225 4912 1367 4971 sperantes,
1387 4910 1517 4959 soisiacum
1535 4925 1583 4961 non
1599 4913 1651 4963 sine
1665 4911 1749 4960 nostro
1770 4924 1816 4973 pe·

1035 5015 1047 5038 ιι
1063 4995 1141 5045 riculo
1150 4995 1279 5060 gessimus.
1302 4999 1394 5046 Verum
1408 5002 1568 5062 posteaquam
1590 5000 1747 5050 manifestum
1761 5002 1817 5049 erat

1035 5102 1047 5126 ιι
1063 5097 1108 5135 vos
1122 5084 1254 5149 imperium
1266 5087 1377 5134 restrum
1391 5085 1413 5134 in
1428 5088 1581 5148 tyrannidem
1594 5089 1644 5138 iam
1662 5086 1818 5138 convertisse

1034 5193 1046 5218 ιι
1061 5176 1088 5224 et
1100 5173 1170 5225 nohis
1181 5177 1297 5239 tanquam
1309 5174 1527 5237 mancipiisabuti,
1542 5190 1634 5240 nosque
1646 5191 1696 5228 nou
1709 5174 1817 5241 amplius
