<?xml version="1.0" encoding="UTF-8"?>
<!DOCTYPE html PUBLIC "-//W3C//DTD XHTML 1.0 Transitional//EN"
    "http://www.w3.org/TR/xhtml1/DTD/xhtml1-transitional.dtd">
<html xmlns="http://www.w3.org/1999/xhtml" xml:lang="en" lang="en">
 <head>
  <title>
</title>
<meta http-equiv="Content-Type" content="text/html;charset=utf-8" />
  <meta name='ocr-system' content='tesseract 3.04.00' />
  <meta name='ocr-capabilities' content='ocr_page ocr_carea ocr_par ocr_line ocrx_word'/>
</head>
<body>
  <div class='ocr_page' id='page_1' title='image "./dionysiihalicar00prougoog/dionysiihalicar00prougoog_0576.png"; bbox 0 0 3772 5828; ppageno 0'>
   <div class='ocr_carea' id='block_1_1' title="bbox 568 379 1680 455">
    <p class='ocr_par' dir='ltr' id='par_1_1' title="bbox 568 379 1680 455">
     <span class='ocr_line' id='line_1_1' title="bbox 568 379 1680 455; baseline 0.011 -14"><span class='ocrx_word' id='word_1_1' title='bbox 568 381 861 455; x_wconf 79' lang='lat' dir='ltr'><strong>ANTIQUITATUM</strong></span> <span class='ocrx_word' id='word_1_2' title='bbox 883 379 1031 442; x_wconf 80' lang='lat' dir='ltr'><strong>ROMAN.</strong></span> <span class='ocrx_word' id='word_1_3' title='bbox 1056 381 1129 440; x_wconf 88' lang='lat' dir='ltr'>LIB.</span> <span class='ocrx_word' id='word_1_4' title='bbox 1153 382 1203 442; x_wconf 81' lang='lat' dir='ltr'><strong>tx.</strong></span> <span class='ocrx_word' id='word_1_5' title='bbox 1621 393 1680 454; x_wconf 75' lang='lat'>535</span> 
     </span>
    </p>
   </div>
   <div class='ocr_carea' id='block_1_2' title="bbox 71 509 876 591">
    <p class='ocr_par' dir='ltr' id='par_1_2' title="bbox 71 509 876 591">
     <span class='ocr_line' id='line_1_2' title="bbox 71 509 876 591; baseline -0.005 -16"><span class='ocrx_word' id='word_1_6' title='bbox 71 513 171 586; x_wconf 74' lang='grc' dir='ltr'>ἐκείνην</span> <span class='ocrx_word' id='word_1_7' title='bbox 188 537 217 572; x_wconf 89' lang='grc' dir='ltr'>τε</span> <span class='ocrx_word' id='word_1_8' title='bbox 238 514 382 590; x_wconf 87' lang='grc' dir='ltr'>παρέμεινε</span> <span class='ocrx_word' id='word_1_9' title='bbox 397 509 446 582; x_wconf 79' lang='grc' dir='ltr'>τὴν</span> <span class='ocrx_word' id='word_1_10' title='bbox 461 509 564 591; x_wconf 75' lang='grc' dir='ltr'>ἡμέραν</span> <span class='ocrx_word' id='word_1_11' title='bbox 580 511 626 570; x_wconf 84' lang='grc' dir='ltr'>καί</span> <span class='ocrx_word' id='word_1_12' title='bbox 647 511 695 584; x_wconf 74' lang='grc' dir='ltr'>τήν</span> <span class='ocrx_word' id='word_1_13' title='bbox 719 514 845 572; x_wconf 78' lang='grc' dir='ltr'>ἐπιοῦσαν</span> <span class='ocrx_word' id='word_1_14' title='bbox 872 520 876 533; x_wconf 89' lang='grc'><strong>’</strong></span> 
     </span>
    </p>
   </div>
   <div class='ocr_carea' id='block_1_3' title="bbox 19 599 850 1921">
    <p class='ocr_par' dir='ltr' id='par_1_3' title="bbox 19 599 850 1921">
     <span class='ocr_line' id='line_1_3' title="bbox 70 599 848 682; baseline -0.004 -20"><span class='ocrx_word' id='word_1_15' title='bbox 70 605 161 664; x_wconf 81' lang='grc' dir='ltr'>νύκτα.</span> <span class='ocrx_word' id='word_1_16' title='bbox 206 605 248 682; x_wconf 84' lang='grc' dir='ltr'>’ίῇ</span> <span class='ocrx_word' id='word_1_17' title='bbox 265 602 288 661; x_wconf 84' lang='grc' dir='ltr'>δ’</span> <span class='ocrx_word' id='word_1_18' title='bbox 311 601 370 673; x_wconf 76' lang='grc' dir='ltr'>ἑξῆς</span> <span class='ocrx_word' id='word_1_19' title='bbox 391 599 479 681; x_wconf 77' lang='grc' dir='ltr'>ἡμέρᾳ</span> <span class='ocrx_word' id='word_1_20' title='bbox 505 600 579 681; x_wconf 83' lang='grc' dir='ltr'>κόπῳ</span> <span class='ocrx_word' id='word_1_21' title='bbox 600 624 629 659; x_wconf 91' lang='grc' dir='ltr'>τε</span> <span class='ocrx_word' id='word_1_22' title='bbox 649 602 695 659; x_wconf 84' lang='grc' dir='ltr'>καί</span> <span class='ocrx_word' id='word_1_23' title='bbox 713 600 848 679; x_wconf 79' lang='grc' dir='ltr'>τραύμασι</span> 
     </span>
     <span class='ocr_line' id='line_1_4' title="bbox 71 688 848 770; baseline -0.004 -20"><span class='ocrx_word' id='word_1_24' title='bbox 71 697 121 751; x_wconf 87' lang='grc' dir='ltr'>τῶν</span> <span class='ocrx_word' id='word_1_25' title='bbox 139 692 273 766; x_wconf 85' lang='grc' dir='ltr'>πολεμίων</span> <span class='ocrx_word' id='word_1_26' title='bbox 290 689 335 749; x_wconf 81' lang='grc' dir='ltr'>καὶ</span> <span class='ocrx_word' id='word_1_27' title='bbox 352 689 484 769; x_wconf 73' lang='grc' dir='ltr'>ἀγρυπνίᾳ</span> <span class='ocrx_word' id='word_1_28' title='bbox 504 688 704 768; x_wconf 82' lang='grc' dir='ltr'>ἀπειρηκότων,</span> <span class='ocrx_word' id='word_1_29' title='bbox 718 689 848 770; x_wconf 73' lang='grc' dir='ltr'>ἐγκρατὴς</span> 
     </span>
     <span class='ocr_line' id='line_1_5' title="bbox 71 771 848 859; baseline -0.005 -19"><span class='ocrx_word' id='word_1_30' title='bbox 71 783 170 859; x_wconf 86' lang='grc' dir='ltr'>γίνεται</span> <span class='ocrx_word' id='word_1_31' title='bbox 190 785 237 839; x_wconf 77' lang='grc' dir='ltr'>τοῦ</span> <span class='ocrx_word' id='word_1_32' title='bbox 256 779 385 859; x_wconf 77' lang='grc' dir='ltr'>χάρακος.</span> <span class='ocrx_word' id='word_1_33' title='bbox 431 781 466 838; x_wconf 85' lang='lat' dir='ltr'><strong>0t</strong></span> <span class='ocrx_word' id='word_1_34' title='bbox 492 776 520 836; x_wconf 79' lang='grc' dir='ltr'>δὲ</span> <span class='ocrx_word' id='word_1_35' title='bbox 548 779 697 857; x_wconf 83' lang='grc' dir='ltr'>Τυρρηνοί,</span> <span class='ocrx_word' id='word_1_36' title='bbox 721 781 756 845; x_wconf 85' lang='grc' dir='ltr'>ώς</span> <span class='ocrx_word' id='word_1_37' title='bbox 782 771 848 836; x_wconf 84' lang='grc' dir='ltr'>είδον</span> 
     </span>
     <span class='ocr_line' id='line_1_6' title="bbox 31 864 850 947; baseline -0.004 -20"><span class='ocrx_word' id='word_1_38' title='bbox 31 889 44 927; x_wconf 85' lang='lat' dir='ltr'><strong>o</strong></span> <span class='ocrx_word' id='word_1_39' title='bbox 71 869 256 935; x_wconf 75' lang='grc' dir='ltr'>ἐπιθαίνοντσς</span> <span class='ocrx_word' id='word_1_40' title='bbox 270 865 322 938; x_wconf 80' lang='grc' dir='ltr'>ἤδη</span> <span class='ocrx_word' id='word_1_41' title='bbox 337 865 398 936; x_wconf 81' lang='grc' dir='ltr'>τοὺς</span> <span class='ocrx_word' id='word_1_42' title='bbox 412 864 564 943; x_wconf 80' lang='grc' dir='ltr'>Ῥωμαίους</span> <span class='ocrx_word' id='word_1_43' title='bbox 587 875 642 934; x_wconf 83' lang='grc' dir='ltr'>τοῖς</span> <span class='ocrx_word' id='word_1_44' title='bbox 666 864 850 947; x_wconf 86' lang='grc' dir='ltr'>περισταυρώ-</span> 
     </span>
     <span class='ocr_line' id='line_1_7' title="bbox 72 953 848 1035; baseline -0.004 -21"><span class='ocrx_word' id='word_1_45' title='bbox 72 980 169 1031; x_wconf 83' lang='grc' dir='ltr'>μασιν,</span> <span class='ocrx_word' id='word_1_46' title='bbox 188 954 336 1022; x_wconf 71' lang='grc' dir='ltr'>ἐκλιπόντες</span> <span class='ocrx_word' id='word_1_47' title='bbox 352 954 383 1013; x_wconf 85' lang='grc' dir='ltr'>τδ</span> <span class='ocrx_word' id='word_1_48' title='bbox 405 953 582 1031; x_wconf 86' lang='grc' dir='ltr'>στρατόπεδον</span> <span class='ocrx_word' id='word_1_49' title='bbox 606 954 731 1035; x_wconf 82' lang='grc' dir='ltr'>ἕρευγυν,</span> <span class='ocrx_word' id='word_1_50' title='bbox 754 957 778 1012; x_wconf 84' lang='grc' dir='ltr'>οἱ</span> <span class='ocrx_word' id='word_1_51' title='bbox 800 953 848 1030; x_wconf 84' lang='grc' dir='ltr'>μὲν</span> 
     </span>
     <span class='ocr_line' id='line_1_8' title="bbox 72 1039 850 1123; baseline -0.006 -19"><span class='ocrx_word' id='word_1_52' title='bbox 72 1049 108 1112; x_wconf 82' lang='grc' dir='ltr'>εἷς</span> <span class='ocrx_word' id='word_1_53' title='bbox 122 1045 169 1117; x_wconf 77' lang='grc' dir='ltr'>τὴν</span> <span class='ocrx_word' id='word_1_54' title='bbox 180 1045 269 1116; x_wconf 85' lang='grc' dir='ltr'>πόλιν,</span> <span class='ocrx_word' id='word_1_55' title='bbox 282 1047 306 1103; x_wconf 78' lang='grc' dir='ltr'>οἱ</span> <span class='ocrx_word' id='word_1_56' title='bbox 320 1044 343 1101; x_wconf 83' lang='grc' dir='ltr'>δ’</span> <span class='ocrx_word' id='word_1_57' title='bbox 356 1045 391 1111; x_wconf 89' lang='grc' dir='ltr'>είς</span> <span class='ocrx_word' id='word_1_58' title='bbox 405 1042 439 1102; x_wconf 86' lang='grc' dir='ltr'>τδι</span> <span class='ocrx_word' id='word_1_59' title='bbox 449 1042 561 1114; x_wconf 81' lang='grc' dir='ltr'>πλησίον</span> <span class='ocrx_word' id='word_1_60' title='bbox 573 1041 634 1123; x_wconf 83' lang='grc' dir='ltr'>θρη.</span> <span class='ocrx_word' id='word_1_61' title='bbox 678 1040 786 1113; x_wconf 86' lang='grc' dir='ltr'>Ταύτην</span> <span class='ocrx_word' id='word_1_62' title='bbox 801 1039 850 1118; x_wconf 82' lang='grc' dir='ltr'>μὲν</span> 
     </span>
     <span class='ocr_line' id='line_1_9' title="bbox 72 1124 848 1211; baseline -0.005 -20"><span class='ocrx_word' id='word_1_63' title='bbox 72 1124 116 1192; x_wconf 73' lang='grc' dir='ltr'>οὖν</span> <span class='ocrx_word' id='word_1_64' title='bbox 131 1133 178 1204; x_wconf 81' lang='grc' dir='ltr'>τὴν</span> <span class='ocrx_word' id='word_1_65' title='bbox 193 1130 296 1211; x_wconf 84' lang='grc' dir='ltr'>ἡμέραν</span> <span class='ocrx_word' id='word_1_66' title='bbox 310 1133 337 1189; x_wconf 77' lang='grc' dir='ltr'>ἐν</span> <span class='ocrx_word' id='word_1_67' title='bbox 349 1135 389 1210; x_wconf 82' lang='grc' dir='ltr'>τῷ</span> <span class='ocrx_word' id='word_1_68' title='bbox 408 1130 508 1209; x_wconf 83' lang='grc' dir='ltr'>χοίρακι</span> <span class='ocrx_word' id='word_1_69' title='bbox 531 1134 583 1188; x_wconf 87' lang='grc' dir='ltr'>τῶν</span> <span class='ocrx_word' id='word_1_70' title='bbox 597 1130 731 1207; x_wconf 91' lang='grc' dir='ltr'>πολεμίων</span> <span class='ocrx_word' id='word_1_71' title='bbox 747 1129 848 1206; x_wconf 83' lang='grc' dir='ltr'>ἔμεινεν</span> 
     </span>
     <span class='ocr_line' id='line_1_10' title="bbox 72 1218 848 1301; baseline -0.008 -20"><span class='ocrx_word' id='word_1_72' title='bbox 72 1227 86 1280; x_wconf 83' lang='grc' dir='ltr'><em>ὃ</em></span> <span class='ocrx_word' id='word_1_73' title='bbox 101 1221 213 1289; x_wconf 77' lang='grc' dir='ltr'>ὕπατος·</span> <span class='ocrx_word' id='word_1_74' title='bbox 228 1245 261 1301; x_wconf 90' lang='grc' dir='ltr'>τη</span> <span class='ocrx_word' id='word_1_75' title='bbox 283 1221 304 1279; x_wconf 86' lang='grc' dir='ltr'>δ’</span> <span class='ocrx_word' id='word_1_76' title='bbox 325 1221 383 1291; x_wconf 83' lang='grc' dir='ltr'>ἑξῆς</span> <span class='ocrx_word' id='word_1_77' title='bbox 401 1218 489 1299; x_wconf 74' lang='grc' dir='ltr'>ἡμέρα</span> <span class='ocrx_word' id='word_1_78' title='bbox 506 1220 676 1300; x_wconf 72' lang='grc' dir='ltr'>στεφανώσας</span> <span class='ocrx_word' id='word_1_79' title='bbox 696 1218 756 1286; x_wconf 80' lang='grc' dir='ltr'>τοδς</span> <span class='ocrx_word' id='word_1_80' title='bbox 771 1220 848 1297; x_wconf 81' lang='lat' dir='ltr'><strong>cipro·</strong></span> 
     </span>
     <span class='ocr_line' id='line_1_11' title="bbox 19 1308 848 1388; baseline -0.001 -24"><span class='ocrx_word' id='word_1_81' title='bbox 19 1325 45 1364; x_wconf 89' lang='lat' dir='ltr'>lo</span> <span class='ocrx_word' id='word_1_82' title='bbox 72 1309 215 1376; x_wconf 73' lang='grc' dir='ltr'>παύσαντας</span> <span class='ocrx_word' id='word_1_83' title='bbox 231 1312 257 1367; x_wconf 84' lang='grc' dir='ltr'>ἐν</span> <span class='ocrx_word' id='word_1_84' title='bbox 274 1312 307 1387; x_wconf 82' lang='grc' dir='ltr'>τῇ</span> <span class='ocrx_word' id='word_1_85' title='bbox 322 1308 399 1388; x_wconf 78' lang='grc' dir='ltr'>μάχη</span> <span class='ocrx_word' id='word_1_86' title='bbox 412 1315 471 1375; x_wconf 90' lang='grc' dir='ltr'>ταῖς</span> <span class='ocrx_word' id='word_1_87' title='bbox 485 1309 710 1386; x_wconf 78' lang='grc' dir='ltr'>ἐκπρεπεστάταις</span> <span class='ocrx_word' id='word_1_88' title='bbox 725 1308 848 1385; x_wconf 83' lang='grc' dir='ltr'>δωρεαῖς,</span> 
     </span>
     <span class='ocr_line' id='line_1_12' title="bbox 72 1395 849 1478; baseline -0.005 -20"><span class='ocrx_word' id='word_1_89' title='bbox 72 1400 160 1459; x_wconf 81' lang='grc' dir='ltr'>πάντα</span> <span class='ocrx_word' id='word_1_90' title='bbox 175 1397 208 1457; x_wconf 88' lang='grc' dir='ltr'>τθι</span> <span class='ocrx_word' id='word_1_91' title='bbox 222 1395 455 1478; x_wconf 81' lang='grc' dir='ltr'>έγκαταληρθέντα</span> <span class='ocrx_word' id='word_1_92' title='bbox 469 1398 495 1454; x_wconf 76' lang='grc' dir='ltr'>ἓν</span> <span class='ocrx_word' id='word_1_93' title='bbox 509 1399 548 1476; x_wconf 83' lang='grc' dir='ltr'>τῷ</span> <span class='ocrx_word' id='word_1_94' title='bbox 559 1396 659 1476; x_wconf 75' lang='grc' dir='ltr'>χάρακι</span> <span class='ocrx_word' id='word_1_95' title='bbox 680 1396 806 1473; x_wconf 81' lang='grc' dir='ltr'>ὑποζύγιά</span> <span class='ocrx_word' id='word_1_96' title='bbox 820 1418 849 1454; x_wconf 91' lang='grc' dir='ltr'>τε</span> 
     </span>
     <span class='ocr_line' id='line_1_13' title="bbox 72 1484 848 1567; baseline -0.003 -22"><span class='ocrx_word' id='word_1_97' title='bbox 72 1487 117 1546; x_wconf 85' lang='grc' dir='ltr'>καλ</span> <span class='ocrx_word' id='word_1_98' title='bbox 132 1487 285 1567; x_wconf 75' lang='grc' dir='ltr'>ἀνδράποδα</span> <span class='ocrx_word' id='word_1_99' title='bbox 307 1486 352 1545; x_wconf 82' lang='grc' dir='ltr'>καί</span> <span class='ocrx_word' id='word_1_100' title='bbox 373 1485 471 1558; x_wconf 80' lang='grc' dir='ltr'>σκηνλς</span> <span class='ocrx_word' id='word_1_101' title='bbox 490 1486 595 1544; x_wconf 84' lang='grc' dir='ltr'>πολλῶν</span> <span class='ocrx_word' id='word_1_102' title='bbox 620 1487 725 1564; x_wconf 88' lang='grc' dir='ltr'>οῖγαθῶν</span> <span class='ocrx_word' id='word_1_103' title='bbox 748 1484 848 1563; x_wconf 85' lang='grc' dir='ltr'>γεμού·</span> 
     </span>
     <span class='ocr_line' id='line_1_14' title="bbox 72 1572 849 1653; baseline -0.001 -19"><span class='ocrx_word' id='word_1_104' title='bbox 72 1599 119 1642; x_wconf 91' lang='grc' dir='ltr'>σας</span> <span class='ocrx_word' id='word_1_105' title='bbox 139 1585 193 1642; x_wconf 85' lang='grc' dir='ltr'>τοῖς</span> <span class='ocrx_word' id='word_1_106' title='bbox 213 1573 388 1653; x_wconf 82' lang='grc' dir='ltr'>στρατιώταις</span> <span class='ocrx_word' id='word_1_107' title='bbox 415 1572 569 1651; x_wconf 75' lang='grc' dir='ltr'>ἐχαρίσατο.</span> <span class='ocrx_word' id='word_1_108' title='bbox 615 1577 669 1635; x_wconf 84' lang='grc' dir='ltr'>Καὶ</span> <span class='ocrx_word' id='word_1_109' title='bbox 694 1574 796 1650; x_wconf 81' lang='grc' dir='ltr'>ἐγένετο</span> <span class='ocrx_word' id='word_1_110' title='bbox 822 1578 849 1634; x_wconf 74' lang='grc' dir='ltr'>ἐν</span> 
     </span>
     <span class='ocr_line' id='line_1_15' title="bbox 71 1661 848 1744; baseline -0.001 -20"><span class='ocrx_word' id='word_1_111' title='bbox 71 1667 157 1744; x_wconf 81' lang='grc' dir='ltr'>πολλῇ</span> <span class='ocrx_word' id='word_1_112' title='bbox 172 1663 281 1743; x_wconf 73' lang='grc' dir='ltr'>εὐπορία</span> <span class='ocrx_word' id='word_1_113' title='bbox 302 1662 332 1720; x_wconf 82' lang='grc' dir='ltr'>τὸ</span> <span class='ocrx_word' id='word_1_114' title='bbox 347 1665 399 1721; x_wconf 89' lang='grc' dir='ltr'>τῶν</span> <span class='ocrx_word' id='word_1_115' title='bbox 416 1661 558 1739; x_wconf 88' lang='grc' dir='ltr'>Ῥοτμαίων</span> <span class='ocrx_word' id='word_1_116' title='bbox 578 1663 749 1741; x_wconf 70' lang='grc' dir='ltr'>στράτευμα,</span> <span class='ocrx_word' id='word_1_117' title='bbox 768 1668 804 1731; x_wconf 89' lang='grc' dir='ltr'>ώς</span> <span class='ocrx_word' id='word_1_118' title='bbox 822 1664 848 1733; x_wconf 85' lang='grc' dir='ltr'>έξ</span> 
     </span>
     <span class='ocr_line' id='line_1_16' title="bbox 19 1749 849 1834; baseline -0.002 -20"><span class='ocrx_word' id='word_1_119' title='bbox 19 1764 45 1803; x_wconf 70' lang='lat'>¹⁵</span> <span class='ocrx_word' id='word_1_120' title='bbox 72 1756 195 1830; x_wconf 78' lang='grc' dir='ltr'>οὐδεμιᾶς</span> <span class='ocrx_word' id='word_1_121' title='bbox 218 1751 307 1831; x_wconf 77' lang='grc' dir='ltr'>ἑτέρας</span> <span class='ocrx_word' id='word_1_122' title='bbox 327 1749 436 1810; x_wconf 90' lang='grc' dir='ltr'>πώποτε</span> <span class='ocrx_word' id='word_1_123' title='bbox 452 1750 549 1831; x_wconf 84' lang='grc' dir='ltr'>μόχης.</span> <span class='ocrx_word' id='word_1_124' title='bbox 602 1750 782 1833; x_wconf 80' lang='grc' dir='ltr'>Ἁόροδίαιτον</span> <span class='ocrx_word' id='word_1_125' title='bbox 798 1751 849 1834; x_wconf 70' lang='grc' dir='ltr'>γὰρ</span> 
     </span>
     <span class='ocr_line' id='line_1_17' title="bbox 73 1833 844 1921; baseline -0.003 -20"><span class='ocrx_word' id='word_1_126' title='bbox 73 1842 104 1914; x_wconf 82' lang='grc' dir='ltr'>δὴ</span> <span class='ocrx_word' id='word_1_127' title='bbox 119 1867 165 1900; x_wconf 92' lang='grc' dir='ltr'>και</span> <span class='ocrx_word' id='word_1_128' title='bbox 155 1841 322 1908; x_wconf 85' lang='grc' dir='ltr'>πολυτελὲς</span> <span class='ocrx_word' id='word_1_129' title='bbox 336 1839 414 1899; x_wconf 86' lang='grc' dir='ltr'>τδ</span> <span class='ocrx_word' id='word_1_130' title='bbox 380 1864 431 1899; x_wconf 90' lang='grc' dir='ltr'>των</span> <span class='ocrx_word' id='word_1_131' title='bbox 446 1841 633 1921; x_wconf 87' lang='grc' dir='ltr'>’ίυρρηνῶνέθ</span> <span class='ocrx_word' id='word_1_132' title='bbox 606 1865 677 1909; x_wconf 85' lang='grc' dir='ltr'>εςνυ</span> <span class='ocrx_word' id='word_1_133' title='bbox 620 1833 723 1913; x_wconf 79' lang='grc' dir='ltr'>θήν</span> <span class='ocrx_word' id='word_1_134' title='bbox 738 1842 803 1901; x_wconf 89' lang='grc' dir='ltr'>υίκυι</span> <span class='ocrx_word' id='word_1_135' title='bbox 815 1864 844 1900; x_wconf 90' lang='grc' dir='ltr'>τε</span> 
     </span>
    </p>
   </div>
   <div class='ocr_carea' id='block_1_4' title="bbox 69 1927 849 2090">
    <p class='ocr_par' dir='ltr' id='par_1_4' title="bbox 69 1927 848 2090">
     <span class='ocr_line' id='line_1_18' title="bbox 73 1927 848 2010; baseline 0.001 -23"><span class='ocrx_word' id='word_1_136' title='bbox 73 1930 118 1988; x_wconf 85' lang='grc' dir='ltr'>καὶ</span> <span class='ocrx_word' id='word_1_137' title='bbox 131 1932 173 1989; x_wconf 80' lang='grc' dir='ltr'>ἐπὶ</span> <span class='ocrx_word' id='word_1_138' title='bbox 189 1927 367 2008; x_wconf 87' lang='grc' dir='ltr'>στρατοπέδου</span> <span class='ocrx_word' id='word_1_139' title='bbox 377 1928 607 2010; x_wconf 82' lang='grc' dir='ltr'>,ὖπεραγοίμενον</span> <span class='ocrx_word' id='word_1_140' title='bbox 622 1928 671 1998; x_wconf 63' lang='grc' dir='ltr'>ἴω</span> <span class='ocrx_word' id='word_1_141' title='bbox 694 1933 744 1988; x_wconf 87' lang='grc' dir='ltr'>τῶν</span> <span class='ocrx_word' id='word_1_142' title='bbox 761 1954 848 2006; x_wconf 88' lang='grc' dir='ltr'>αναγ-</span> 
     </span>
     <span class='ocr_line' id='line_1_19' title="bbox 69 2011 849 2090; baseline -0.004 -21"><span class='ocrx_word' id='word_1_143' title='bbox 69 2014 150 2071; x_wconf 81' lang='grc' dir='ltr'>καίων</span> <span class='ocrx_word' id='word_1_144' title='bbox 178 2015 292 2071; x_wconf 84' lang='grc' dir='ltr'>πλούττυ</span> <span class='ocrx_word' id='word_1_145' title='bbox 325 2035 354 2070; x_wconf 92' lang='grc' dir='ltr'>τε</span> <span class='ocrx_word' id='word_1_146' title='bbox 377 2011 421 2068; x_wconf 84' lang='grc' dir='ltr'>καὶ</span> <span class='ocrx_word' id='word_1_147' title='bbox 445 2015 539 2090; x_wconf 77' lang='grc' dir='ltr'>τέχνης</span> <span class='ocrx_word' id='word_1_148' title='bbox 566 2033 629 2089; x_wconf 81' lang='grc' dir='ltr'>εργα</span> <span class='ocrx_word' id='word_1_149' title='bbox 652 2018 764 2068; x_wconf 85' lang='grc' dir='ltr'>παντοῖα</span> <span class='ocrx_word' id='word_1_150' title='bbox 786 2033 849 2087; x_wconf 81' lang='grc' dir='ltr'>προ</span> 
     </span>
    </p>
   </div>
   <div class='ocr_carea' id='block_1_5' title="bbox 16 2099 850 5286">
    <p class='ocr_par' dir='ltr' id='par_1_5' title="bbox 16 2099 850 5286">
     <span class='ocr_line' id='line_1_20' title="bbox 69 2099 584 2180; baseline -0.002 -21"><span class='ocrx_word' id='word_1_151' title='bbox 69 2103 161 2172; x_wconf 78' lang='grc' dir='ltr'>ἡδονὰς</span> <span class='ocrx_word' id='word_1_152' title='bbox 180 2099 392 2180; x_wconf 79' lang='grc' dir='ltr'>μεμηχανημένα</span> <span class='ocrx_word' id='word_1_153' title='bbox 415 2100 459 2158; x_wconf 87' lang='grc' dir='ltr'>καὶ</span> <span class='ocrx_word' id='word_1_154' title='bbox 475 2100 584 2178; x_wconf 79' lang='grc' dir='ltr'>τρυροίς.</span> 
     </span>
     <span class='ocr_line' id='line_1_21' title="bbox 18 2193 849 2277; baseline 0 -24"><span class='ocrx_word' id='word_1_155' title='bbox 18 2216 46 2260; x_wconf 71' lang='lat' dir='ltr'><strong>so</strong></span> <span class='ocrx_word' id='word_1_156' title='bbox 114 2194 202 2255; x_wconf 85' lang='lat' dir='ltr'>XVII.</span> <span class='ocrx_word' id='word_1_157' title='bbox 226 2195 292 2262; x_wconf 91' lang='grc' dir='ltr'>Ταις</span> <span class='ocrx_word' id='word_1_158' title='bbox 306 2196 330 2253; x_wconf 88' lang='grc' dir='ltr'>δ’</span> <span class='ocrx_word' id='word_1_159' title='bbox 346 2193 472 2272; x_wconf 78' lang='grc' dir='ltr'>ἑξῆςήμέ</span> <span class='ocrx_word' id='word_1_160' title='bbox 439 2218 531 2274; x_wconf 86' lang='grc' dir='ltr'>αις</span> <span class='ocrx_word' id='word_1_161' title='bbox 546 2194 716 2277; x_wconf 80' lang='grc' dir='ltr'>θπετρηκοτες</span> <span class='ocrx_word' id='word_1_162' title='bbox 731 2194 782 2268; x_wconf 81' lang='grc' dir='ltr'>ἤδη</span> <span class='ocrx_word' id='word_1_163' title='bbox 797 2218 849 2262; x_wconf 90' lang='grc' dir='ltr'>τοις</span> 
     </span>
     <span class='ocr_line' id='line_1_22' title="bbox 72 2218 847 2362; baseline 0.001 -22"><span class='ocrx_word' id='word_1_164' title='bbox 72 2306 160 2350; x_wconf 84' lang='grc' dir='ltr'>κακυις</span> <span class='ocrx_word' id='word_1_165' title='bbox 174 2286 198 2342; x_wconf 82' lang='grc' dir='ltr'>οἱ</span> <span class='ocrx_word' id='word_1_166' title='bbox 216 2282 369 2343; x_wconf 84' lang='grc' dir='ltr'>Οὐιεντανοὶ</span> <span class='ocrx_word' id='word_1_167' title='bbox 382 2280 439 2350; x_wconf 75' lang='grc' dir='ltr'>τοὺς</span> <span class='ocrx_word' id='word_1_168' title='bbox 458 2218 654 2362; x_wconf 54' lang='lat' dir='ltr'><strong>appectoramus</strong></span> <span class='ocrx_word' id='word_1_169' title='bbox 662 2288 715 2344; x_wconf 87' lang='grc' dir='ltr'>τῶν</span> <span class='ocrx_word' id='word_1_170' title='bbox 732 2287 831 2342; x_wconf 71' lang='lat' dir='ltr'><strong>moli-‘⁴</strong></span> <span class='ocrx_word' id='word_1_171' title='bbox 801 2308 847 2343; x_wconf 82' lang='grc' dir='ltr'>,ων</span> 
     </span>
     <span class='ocr_line' id='line_1_23' title="bbox 71 2371 847 2453; baseline 0.003 -25"><span class='ocrx_word' id='word_1_172' title='bbox 71 2373 204 2448; x_wconf 76' lang='grc' dir='ltr'>ἱκετηρίας</span> <span class='ocrx_word' id='word_1_173' title='bbox 219 2374 347 2453; x_wconf 70' lang='grc' dir='ltr'>φέροντας</span> <span class='ocrx_word' id='word_1_174' title='bbox 365 2371 524 2432; x_wconf 86' lang='grc' dir='ltr'>σἰπίστειλαν</span> <span class='ocrx_word' id='word_1_175' title='bbox 539 2377 574 2440; x_wconf 88' lang='grc' dir='ltr'>ώς</span> <span class='ocrx_word' id='word_1_176' title='bbox 590 2371 634 2432; x_wconf 82' lang='grc' dir='ltr'>τὸν</span> <span class='ocrx_word' id='word_1_177' title='bbox 650 2372 769 2447; x_wconf 75' lang='grc' dir='ltr'>ὕπατον,</span> <span class='ocrx_word' id='word_1_178' title='bbox 782 2374 847 2452; x_wconf 70' lang='grc' dir='ltr'>ὑπὲρ</span> 
     </span>
     <span class='ocr_line' id='line_1_24' title="bbox 72 2459 848 2540; baseline 0.003 -23"><span class='ocrx_word' id='word_1_179' title='bbox 72 2464 118 2529; x_wconf 72' lang='grc' dir='ltr'>τῆς</span> <span class='ocrx_word' id='word_1_180' title='bbox 132 2460 236 2538; x_wconf 78' lang='grc' dir='ltr'>εἰρήνης</span> <span class='ocrx_word' id='word_1_181' title='bbox 249 2459 455 2535; x_wconf 78' lang='grc' dir='ltr'>διαλεξομένους.</span> <span class='ocrx_word' id='word_1_182' title='bbox 500 2461 552 2521; x_wconf 85' lang='grc' dir='ltr'>Καὶ</span> <span class='ocrx_word' id='word_1_183' title='bbox 572 2465 597 2520; x_wconf 81' lang='grc' dir='ltr'>οῖ</span> <span class='ocrx_word' id='word_1_184' title='bbox 611 2461 703 2540; x_wconf 85' lang='grc' dir='ltr'>ἄνδρες</span> <span class='ocrx_word' id='word_1_185' title='bbox 717 2463 848 2540; x_wconf 63' lang='grc' dir='ltr'>ὀλοφυρο-</span> 
     </span>
     <span class='ocr_line' id='line_1_25' title="bbox 73 2547 850 2627; baseline 0.004 -23"><span class='ocrx_word' id='word_1_186' title='bbox 73 2549 146 2619; x_wconf 86' lang='grc' dir='ltr'>μενυί</span> <span class='ocrx_word' id='word_1_187' title='bbox 161 2571 188 2605; x_wconf 83' lang='grc' dir='ltr'>τε</span> <span class='ocrx_word' id='word_1_188' title='bbox 204 2547 250 2607; x_wconf 83' lang='grc' dir='ltr'>καί</span> <span class='ocrx_word' id='word_1_189' title='bbox 265 2548 478 2620; x_wconf 76' lang='grc' dir='ltr'>οῖντιθολοῦντες,</span> <span class='ocrx_word' id='word_1_190' title='bbox 493 2549 537 2607; x_wconf 80' lang='grc' dir='ltr'>καί</span> <span class='ocrx_word' id='word_1_191' title='bbox 551 2550 637 2608; x_wconf 87' lang='grc' dir='ltr'>ττῖλλα</span> <span class='ocrx_word' id='word_1_192' title='bbox 659 2549 709 2606; x_wconf 72' lang='lat' dir='ltr'>dea</span> <span class='ocrx_word' id='word_1_193' title='bbox 723 2551 850 2627; x_wconf 83' lang='grc' dir='ltr'>ἐπαγωγα</span> 
     </span>
     <span class='ocr_line' id='line_1_26' title="bbox 18 2627 850 2716; baseline 0.001 -20"><span class='ocrx_word' id='word_1_194' title='bbox 18 2659 45 2697; x_wconf 78' lang='grc' dir='ltr'>οε</span> <span class='ocrx_word' id='word_1_195' title='bbox 73 2627 105 2706; x_wconf 80' lang='grc' dir='ltr'>ήν</span> <span class='ocrx_word' id='word_1_196' title='bbox 121 2637 156 2702; x_wconf 86' lang='grc' dir='ltr'>εἷς</span> <span class='ocrx_word' id='word_1_197' title='bbox 172 2635 261 2708; x_wconf 85' lang='grc' dir='ltr'>ἔλεον,</span> <span class='ocrx_word' id='word_1_198' title='bbox 285 2634 353 2712; x_wconf 76' lang='grc' dir='ltr'>μετὰ</span> <span class='ocrx_word' id='word_1_199' title='bbox 367 2638 471 2694; x_wconf 82' lang='grc' dir='ltr'>πολλῶν</span> <span class='ocrx_word' id='word_1_200' title='bbox 488 2636 608 2716; x_wconf 87' lang='grc' dir='ltr'>δακρύων</span> <span class='ocrx_word' id='word_1_201' title='bbox 623 2636 776 2712; x_wconf 84' lang='grc' dir='ltr'>διεξιόντες,</span> <span class='ocrx_word' id='word_1_202' title='bbox 791 2638 850 2697; x_wconf 91' lang='grc' dir='ltr'>πεί-</span> 
     </span>
     <span class='ocr_line' id='line_1_27' title="bbox 73 2722 848 2805; baseline 0.005 -25"><span class='ocrx_word' id='word_1_203' title='bbox 73 2728 147 2782; x_wconf 85' lang='grc' dir='ltr'>θουσι</span> <span class='ocrx_word' id='word_1_204' title='bbox 169 2723 213 2782; x_wconf 83' lang='grc' dir='ltr'>τὸν</span> <span class='ocrx_word' id='word_1_205' title='bbox 239 2722 338 2782; x_wconf 83' lang='grc' dir='ltr'>ύπατον</span> <span class='ocrx_word' id='word_1_206' title='bbox 363 2724 502 2804; x_wconf 75' lang='grc' dir='ltr'>ἐπιτρέψαι</span> <span class='ocrx_word' id='word_1_207' title='bbox 526 2725 600 2805; x_wconf 79' lang='grc' dir='ltr'>σρίσι</span> <span class='ocrx_word' id='word_1_208' title='bbox 623 2724 786 2805; x_wconf 80' lang='grc' dir='ltr'>πρεσόευτθις</span> <span class='ocrx_word' id='word_1_209' title='bbox 812 2727 848 2794; x_wconf 77' lang='grc' dir='ltr'>εἷς</span> 
     </span>
     <span class='ocr_line' id='line_1_28' title="bbox 73 2811 848 2892; baseline 0.001 -20"><span class='ocrx_word' id='word_1_210' title='bbox 73 2812 184 2890; x_wconf 84' lang='grc' dir='ltr'>Ῥώμην</span> <span class='ocrx_word' id='word_1_211' title='bbox 199 2811 258 2879; x_wconf 82' lang='grc' dir='ltr'>τυίτς</span> <span class='ocrx_word' id='word_1_212' title='bbox 269 2811 336 2891; x_wconf 79' lang='grc' dir='ltr'>ὑπὲρ</span> <span class='ocrx_word' id='word_1_213' title='bbox 352 2815 399 2882; x_wconf 82' lang='grc' dir='ltr'>τῆς</span> <span class='ocrx_word' id='word_1_214' title='bbox 409 2813 577 2881; x_wconf 89' lang='grc' dir='ltr'>καταλύσεως</span> <span class='ocrx_word' id='word_1_215' title='bbox 591 2820 637 2874; x_wconf 78' lang='grc' dir='ltr'>τοῦ</span> <span class='ocrx_word' id='word_1_216' title='bbox 651 2815 769 2892; x_wconf 86' lang='grc' dir='ltr'>πολέμου</span> <span class='ocrx_word' id='word_1_217' title='bbox 784 2814 848 2890; x_wconf 81' lang='grc' dir='ltr'>πρὸς</span> 
     </span>
     <span class='ocr_line' id='line_1_29' title="bbox 73 2899 848 2980; baseline 0.006 -22"><span class='ocrx_word' id='word_1_218' title='bbox 73 2901 118 2971; x_wconf 81' lang='grc' dir='ltr'>τήν</span> <span class='ocrx_word' id='word_1_219' title='bbox 143 2900 239 2980; x_wconf 77' lang='grc' dir='ltr'>βουλήν</span> <span class='ocrx_word' id='word_1_220' title='bbox 259 2899 455 2977; x_wconf 75' lang='grc' dir='ltr'>διαλεξομένους</span> <span class='ocrx_word' id='word_1_221' title='bbox 476 2904 640 2962; x_wconf 75' lang='grc' dir='ltr'>ἀποστεῖλαι·</span> <span class='ocrx_word' id='word_1_222' title='bbox 665 2901 712 2972; x_wconf 72' lang='grc' dir='ltr'>ἕως</span> <span class='ocrx_word' id='word_1_223' title='bbox 734 2902 761 2962; x_wconf 86' lang='grc' dir='ltr'>δὲ</span> <span class='ocrx_word' id='word_1_224' title='bbox 775 2902 808 2963; x_wconf 81' lang='grc' dir='ltr'>διν</span> <span class='ocrx_word' id='word_1_225' title='bbox 823 2906 848 2963; x_wconf 83' lang='grc' dir='ltr'>οἱ</span> 
     </span>
     <span class='ocr_line' id='line_1_30' title="bbox 73 2987 847 3071; baseline 0.005 -23"><span class='ocrx_word' id='word_1_226' title='bbox 73 2991 195 3068; x_wconf 80' lang='grc' dir='ltr'>πρὲσόιις</span> <span class='ocrx_word' id='word_1_227' title='bbox 215 2989 360 3070; x_wconf 80' lang='grc' dir='ltr'>ἀρίκωνται</span> <span class='ocrx_word' id='word_1_228' title='bbox 376 2987 496 3069; x_wconf 80' lang='grc' dir='ltr'>φέροντες</span> <span class='ocrx_word' id='word_1_229' title='bbox 510 2991 557 3059; x_wconf 87' lang='grc' dir='ltr'>τθις</span> <span class='ocrx_word' id='word_1_230' title='bbox 573 2991 738 3071; x_wconf 73' lang='grc' dir='ltr'>ἀποκρίσεις,</span> <span class='ocrx_word' id='word_1_231' title='bbox 764 2993 847 3067; x_wconf 82' lang='grc' dir='ltr'>μηδὲν</span> 
     </span>
     <span class='ocr_line' id='line_1_31' title="bbox 21 3075 850 3159; baseline 0.004 -22"><span class='ocrx_word' id='word_1_232' title='bbox 21 3098 49 3137; x_wconf 79' lang='lat' dir='ltr'><strong>to</strong></span> <span class='ocrx_word' id='word_1_233' title='bbox 74 3082 159 3140; x_wconf 85' lang='grc' dir='ltr'>αὐτῶν</span> <span class='ocrx_word' id='word_1_234' title='bbox 175 3085 329 3159; x_wconf 81' lang='grc' dir='ltr'>κακουργεῖν</span> <span class='ocrx_word' id='word_1_235' title='bbox 341 3075 390 3148; x_wconf 80' lang='grc' dir='ltr'>τὴν</span> <span class='ocrx_word' id='word_1_236' title='bbox 402 3076 502 3158; x_wconf 78' lang='grc' dir='ltr'>χύτραν.</span> <span class='ocrx_word' id='word_1_237' title='bbox 554 3075 615 3138; x_wconf 88' lang='grc' dir='ltr'>Ἵνα</span> <span class='ocrx_word' id='word_1_238' title='bbox 629 3077 658 3136; x_wconf 79' lang='grc' dir='ltr'>δὲ</span> <span class='ocrx_word' id='word_1_239' title='bbox 675 3080 762 3146; x_wconf 82' lang='grc' dir='ltr'>αὐτοῖς</span> <span class='ocrx_word' id='word_1_240' title='bbox 776 3080 850 3159; x_wconf 79' lang='grc' dir='ltr'>ἐγγέ-</span> 
     </span>
     <span class='ocr_line' id='line_1_32' title="bbox 73 3164 849 3247; baseline 0 -21"><span class='ocrx_word' id='word_1_241' title='bbox 73 3193 150 3240; x_wconf 89' lang='grc' dir='ltr'>νηται</span> <span class='ocrx_word' id='word_1_242' title='bbox 173 3173 257 3227; x_wconf 77' lang='grc' dir='ltr'>ταῦτα</span> <span class='ocrx_word' id='word_1_243' title='bbox 286 3165 429 3246; x_wconf 89' lang='grc' dir='ltr'>προίττειν,</span> <span class='ocrx_word' id='word_1_244' title='bbox 455 3164 526 3225; x_wconf 89' lang='grc' dir='ltr'>σῖτόν</span> <span class='ocrx_word' id='word_1_245' title='bbox 550 3188 579 3225; x_wconf 92' lang='grc' dir='ltr'>τε</span> <span class='ocrx_word' id='word_1_246' title='bbox 609 3168 785 3245; x_wconf 80' lang='grc' dir='ltr'>ὡμολόγησαν</span> <span class='ocrx_word' id='word_1_247' title='bbox 815 3172 849 3247; x_wconf 82' lang='grc' dir='ltr'>τῇ</span> 
     </span>
     <span class='ocr_line' id='line_1_33' title="bbox 73 3253 848 3337; baseline -0.005 -18"><span class='ocrx_word' id='word_1_248' title='bbox 73 3257 216 3333; x_wconf 83' lang='grc' dir='ltr'>Ῥωμαίων</span> <span class='ocrx_word' id='word_1_249' title='bbox 232 3264 343 3336; x_wconf 78' lang='grc' dir='ltr'>στρατιᾷ</span> <span class='ocrx_word' id='word_1_250' title='bbox 367 3255 479 3332; x_wconf 78' lang='grc' dir='ltr'>διμήνου</span> <span class='ocrx_word' id='word_1_251' title='bbox 502 3253 639 3336; x_wconf 87' lang='grc' dir='ltr'>παρέξειν,</span> <span class='ocrx_word' id='word_1_252' title='bbox 658 3258 703 3315; x_wconf 83' lang='grc' dir='ltr'>καί</span> <span class='ocrx_word' id='word_1_253' title='bbox 719 3256 848 3337; x_wconf 84' lang='grc' dir='ltr'>χρήματα</span> 
     </span>
     <span class='ocr_line' id='line_1_34' title="bbox 72 3342 850 3428; baseline -0.001 -23"><span class='ocrx_word' id='word_1_254' title='bbox 72 3353 107 3413; x_wconf 85' lang='grc' dir='ltr'>εἰς</span> <span class='ocrx_word' id='word_1_255' title='bbox 120 3345 289 3428; x_wconf 73' lang='grc' dir='ltr'>ὀψωνιασμὸν</span> <span class='ocrx_word' id='word_1_256' title='bbox 303 3342 330 3411; x_wconf 83' lang='grc' dir='ltr'>ἓξ</span> <span class='ocrx_word' id='word_1_257' title='bbox 342 3348 450 3423; x_wconf 82' lang='grc' dir='ltr'>μηνῶν,</span> <span class='ocrx_word' id='word_1_258' title='bbox 466 3348 501 3412; x_wconf 86' lang='grc' dir='ltr'>ὡς</span> <span class='ocrx_word' id='word_1_259' title='bbox 519 3352 533 3402; x_wconf 87' lang='grc' dir='ltr'>θ</span> <span class='ocrx_word' id='word_1_260' title='bbox 545 3348 650 3425; x_wconf 86' lang='grc' dir='ltr'>κρατῶν</span> <span class='ocrx_word' id='word_1_261' title='bbox 665 3344 748 3414; x_wconf 77' lang='grc' dir='ltr'>ἔταξε.</span> <span class='ocrx_word' id='word_1_262' title='bbox 796 3345 850 3406; x_wconf 82' lang='grc' dir='ltr'>Καὶ</span> 
     </span>
     <span class='ocr_line' id='line_1_35' title="bbox 73 3431 850 3513; baseline -0.004 -19"><span class='ocrx_word' id='word_1_263' title='bbox 73 3441 85 3494; x_wconf 84' lang='grc' dir='ltr'>θ</span> <span class='ocrx_word' id='word_1_264' title='bbox 100 3435 146 3510; x_wconf 82' lang='grc' dir='ltr'>μὲν</span> <span class='ocrx_word' id='word_1_265' title='bbox 164 3434 263 3499; x_wconf 80' lang='grc' dir='ltr'>ὕπατος</span> <span class='ocrx_word' id='word_1_266' title='bbox 279 3431 370 3491; x_wconf 79' lang='grc' dir='ltr'>λαθὼν</span> <span class='ocrx_word' id='word_1_267' title='bbox 385 3431 419 3490; x_wconf 76' lang='lat' dir='ltr'><strong>cd</strong></span> <span class='ocrx_word' id='word_1_268' title='bbox 437 3431 594 3508; x_wconf 78' lang='grc' dir='ltr'>κομισθέντα</span> <span class='ocrx_word' id='word_1_269' title='bbox 617 3434 662 3493; x_wconf 84' lang='grc' dir='ltr'>καὶ</span> <span class='ocrx_word' id='word_1_270' title='bbox 688 3431 792 3500; x_wconf 77' lang='grc' dir='ltr'>διαδοὺς</span> <span class='ocrx_word' id='word_1_271' title='bbox 817 3437 850 3513; x_wconf 82' lang='grc' dir='ltr'>τῇ</span> 
     </span>
     <span class='ocr_line' id='line_1_36' title="bbox 18 3519 846 3603; baseline 0.006 -28"><span class='ocrx_word' id='word_1_272' title='bbox 18 3537 46 3576; x_wconf 80' lang='grc' dir='ltr'>οε</span> <span class='ocrx_word' id='word_1_273' title='bbox 73 3534 199 3603; x_wconf 67' lang='grc' dir='ltr'>στρατιᾷ,</span> <span class='ocrx_word' id='word_1_274' title='bbox 216 3524 329 3581; x_wconf 84' lang='grc' dir='ltr'>ποιεῖται</span> <span class='ocrx_word' id='word_1_275' title='bbox 343 3519 390 3588; x_wconf 87' lang='grc' dir='ltr'>τθτς</span> <span class='ocrx_word' id='word_1_276' title='bbox 405 3521 471 3599; x_wconf 86' lang='grc' dir='ltr'>πρὸς</span> <span class='ocrx_word' id='word_1_277' title='bbox 491 3521 584 3588; x_wconf 82' lang='grc' dir='ltr'>αι’ττυίτς</span> <span class='ocrx_word' id='word_1_278' title='bbox 603 3522 711 3603; x_wconf 73' lang='grc' dir='ltr'>ἀνοχάς.</span> <span class='ocrx_word' id='word_1_279' title='bbox 768 3523 803 3582; x_wconf 85' lang='lat' dir='ltr'><strong>‘tl</strong></span> <span class='ocrx_word' id='word_1_280' title='bbox 819 3522 846 3580; x_wconf 80' lang='grc' dir='ltr'>δὲ</span> 
     </span>
     <span class='ocr_line' id='line_1_37' title="bbox 75 3608 850 3689; baseline 0.003 -20"><span class='ocrx_word' id='word_1_281' title='bbox 75 3612 156 3689; x_wconf 74' lang='grc' dir='ltr'>βουλὴ</span> <span class='ocrx_word' id='word_1_282' title='bbox 171 3615 218 3680; x_wconf 81' lang='grc' dir='ltr'>τῆς</span> <span class='ocrx_word' id='word_1_283' title='bbox 232 3608 374 3688; x_wconf 79' lang='grc' dir='ltr'>πρεσθεέας</span> <span class='ocrx_word' id='word_1_284' title='bbox 398 3609 535 3668; x_wconf 82' lang='grc' dir='ltr'>ἀκούσασα</span> <span class='ocrx_word' id='word_1_285' title='bbox 553 3611 599 3670; x_wconf 83' lang='grc' dir='ltr'>καλ</span> <span class='ocrx_word' id='word_1_286' title='bbox 620 3611 655 3671; x_wconf 85' lang='grc' dir='ltr'>τδι</span> <span class='ocrx_word' id='word_1_287' title='bbox 679 3618 724 3672; x_wconf 79' lang='grc' dir='ltr'>τοῦ</span> <span class='ocrx_word' id='word_1_288' title='bbox 747 3611 850 3671; x_wconf 79' lang='grc' dir='ltr'>ύποίτου</span> 
     </span>
     <span class='ocr_line' id='line_1_38' title="bbox 72 3697 849 3782; baseline 0 -23"><span class='ocrx_word' id='word_1_289' title='bbox 72 3701 219 3779; x_wconf 83' lang='grc' dir='ltr'>γράμματα</span> <span class='ocrx_word' id='word_1_290' title='bbox 240 3697 368 3775; x_wconf 88' lang='grc' dir='ltr'>δεξαμένη</span> <span class='ocrx_word' id='word_1_291' title='bbox 382 3697 484 3770; x_wconf 75' lang='grc' dir='ltr'>πολλὴν</span> <span class='ocrx_word' id='word_1_292' title='bbox 506 3702 663 3777; x_wconf 78' lang='grc' dir='ltr'>ποιουμένου</span> <span class='ocrx_word' id='word_1_293' title='bbox 680 3702 849 3782; x_wconf 78' lang='grc' dir='ltr'>παράκλησιν</span> 
     </span>
     <span class='ocr_line' id='line_1_39' title="bbox 73 3784 848 3869; baseline 0 -23"><span class='ocrx_word' id='word_1_294' title='bbox 73 3790 119 3846; x_wconf 84' lang='grc' dir='ltr'>καὶ</span> <span class='ocrx_word' id='word_1_295' title='bbox 137 3790 324 3866; x_wconf 83' lang='grc' dir='ltr'>παραινοῦντος</span> <span class='ocrx_word' id='word_1_296' title='bbox 343 3786 378 3854; x_wconf 76' lang='grc' dir='ltr'>ὣς</span> <span class='ocrx_word' id='word_1_297' title='bbox 397 3784 511 3866; x_wconf 77' lang='grc' dir='ltr'>τάχιστα</span> <span class='ocrx_word' id='word_1_298' title='bbox 536 3789 698 3848; x_wconf 80' lang='grc' dir='ltr'>καταθέσθαι</span> <span class='ocrx_word' id='word_1_299' title='bbox 721 3789 764 3849; x_wconf 88' lang='grc' dir='ltr'>τθν</span> <span class='ocrx_word' id='word_1_300' title='bbox 784 3788 848 3869; x_wconf 82' lang='grc' dir='ltr'>πρὸς</span> 
     </span>
     <span class='ocr_line' id='line_1_40' title="bbox 72 3874 850 3955; baseline -0.003 -19"><span class='ocrx_word' id='word_1_301' title='bbox 72 3874 223 3955; x_wconf 81' lang='grc' dir='ltr'>Τυρρηνοὺς</span> <span class='ocrx_word' id='word_1_302' title='bbox 237 3876 371 3952; x_wconf 89' lang='grc' dir='ltr'>πόλεμον,</span> <span class='ocrx_word' id='word_1_303' title='bbox 384 3875 470 3953; x_wconf 85' lang='grc' dir='ltr'>δόγμα</span> <span class='ocrx_word' id='word_1_304' title='bbox 485 3874 620 3953; x_wconf 75' lang='grc' dir='ltr'>ἐξήνεγκε,</span> <span class='ocrx_word' id='word_1_305' title='bbox 641 3877 738 3936; x_wconf 84' lang='grc' dir='ltr'>διδόναι</span> <span class='ocrx_word' id='word_1_306' title='bbox 749 3875 799 3948; x_wconf 77' lang='grc' dir='ltr'>τὴν</span> <span class='ocrx_word' id='word_1_307' title='bbox 813 3877 850 3934; x_wconf 83' lang='grc' dir='ltr'>εἰ·</span> 
     </span>
     <span class='ocr_line' id='line_1_41' title="bbox 17 3955 850 4046; baseline 0.001 -23"><span class='ocrx_word' id='word_1_308' title='bbox 17 3985 46 4023; x_wconf 85' lang='grc' dir='ltr'>το</span> <span class='ocrx_word' id='word_1_309' title='bbox 73 3965 175 4045; x_wconf 87' lang='grc' dir='ltr'>ρήνην,</span> <span class='ocrx_word' id='word_1_310' title='bbox 193 3968 228 4031; x_wconf 84' lang='grc' dir='ltr'>ὡς</span> <span class='ocrx_word' id='word_1_311' title='bbox 241 3967 352 4043; x_wconf 75' lang='grc' dir='ltr'>ᾐτοῦντο</span> <span class='ocrx_word' id='word_1_312' title='bbox 374 3965 398 4022; x_wconf 82' lang='grc' dir='ltr'>υἱ</span> <span class='ocrx_word' id='word_1_313' title='bbox 422 3962 557 4040; x_wconf 86' lang='grc' dir='ltr'>πολέμιοι·</span> <span class='ocrx_word' id='word_1_314' title='bbox 582 3965 622 4046; x_wconf 81' lang='grc' dir='ltr'>ἐρ’</span> <span class='ocrx_word' id='word_1_315' title='bbox 636 3955 673 4032; x_wconf 81' lang='grc' dir='ltr'>οἶς</span> <span class='ocrx_word' id='word_1_316' title='bbox 693 3965 721 4024; x_wconf 76' lang='grc' dir='ltr'>δὲ</span> <span class='ocrx_word' id='word_1_317' title='bbox 742 3964 850 4033; x_wconf 90' lang='grc' dir='ltr'>δικαίοις</span> 
     </span>
     <span class='ocr_line' id='line_1_42' title="bbox 72 4049 849 4129; baseline 0 -18"><span class='ocrx_word' id='word_1_318' title='bbox 72 4053 139 4124; x_wconf 79' lang='grc' dir='ltr'>αὐτή</span> <span class='ocrx_word' id='word_1_319' title='bbox 169 4053 276 4129; x_wconf 88' lang='grc' dir='ltr'>γένηται</span> <span class='ocrx_word' id='word_1_320' title='bbox 300 4052 344 4111; x_wconf 81' lang='grc' dir='ltr'>τὸν</span> <span class='ocrx_word' id='word_1_321' title='bbox 366 4049 466 4112; x_wconf 81' lang='grc' dir='ltr'>θπατον</span> <span class='ocrx_word' id='word_1_322' title='bbox 487 4055 710 4127; x_wconf 88' lang='grc' dir='ltr'>καταστήσασθαι</span> <span class='ocrx_word' id='word_1_323' title='bbox 738 4053 849 4115; x_wconf 87' lang='grc' dir='ltr'>Λεύκιον</span> 
     </span>
     <span class='ocr_line' id='line_1_43' title="bbox 71 4138 850 4221; baseline -0.001 -20"><span class='ocrx_word' id='word_1_324' title='bbox 71 4141 213 4216; x_wconf 83' lang='grc' dir='ltr'>Αἰμίλιον,</span> <span class='ocrx_word' id='word_1_325' title='bbox 234 4144 269 4206; x_wconf 88' lang='grc' dir='ltr'>ώς</span> <span class='ocrx_word' id='word_1_326' title='bbox 283 4138 315 4198; x_wconf 77' lang='grc' dir='ltr'>ἂν</span> <span class='ocrx_word' id='word_1_327' title='bbox 332 4139 404 4218; x_wconf 76' lang='grc' dir='ltr'>αὐτῷ</span> <span class='ocrx_word' id='word_1_328' title='bbox 419 4144 488 4221; x_wconf 77' lang='grc' dir='ltr'>φανῇ</span> <span class='ocrx_word' id='word_1_329' title='bbox 505 4140 634 4220; x_wconf 76' lang='grc' dir='ltr'>κράτιστα</span> <span class='ocrx_word' id='word_1_330' title='bbox 649 4140 725 4210; x_wconf 80' lang='grc' dir='ltr'>έξετν.</span> <span class='ocrx_word' id='word_1_331' title='bbox 743 4142 850 4210; x_wconf 87' lang='grc' dir='ltr'>Ταύτας</span> 
     </span>
     <span class='ocr_line' id='line_1_44' title="bbox 71 4226 850 4311; baseline 0 -23"><span class='ocrx_word' id='word_1_332' title='bbox 71 4230 160 4290; x_wconf 76' lang='grc' dir='ltr'>λαθών</span> <span class='ocrx_word' id='word_1_333' title='bbox 172 4229 218 4297; x_wconf 91' lang='grc' dir='ltr'>τδις</span> <span class='ocrx_word' id='word_1_334' title='bbox 231 4226 380 4304; x_wconf 75' lang='grc' dir='ltr'>ἀποκρίσεις</span> <span class='ocrx_word' id='word_1_335' title='bbox 400 4230 414 4286; x_wconf 83' lang='grc' dir='ltr'><strong>ὁ</strong></span> <span class='ocrx_word' id='word_1_336' title='bbox 428 4228 527 4298; x_wconf 78' lang='grc' dir='ltr'>ὕπατος</span> <span class='ocrx_word' id='word_1_337' title='bbox 539 4230 681 4290; x_wconf 87' lang='grc' dir='ltr'>σπένδεται</span> <span class='ocrx_word' id='word_1_338' title='bbox 704 4229 769 4311; x_wconf 87' lang='grc' dir='ltr'>πρδς</span> <span class='ocrx_word' id='word_1_339' title='bbox 790 4230 850 4299; x_wconf 85' lang='grc' dir='ltr'>τυθς</span> 
     </span>
     <span class='ocr_line' id='line_1_45' title="bbox 71 4316 848 4399; baseline -0.001 -19"><span class='ocrx_word' id='word_1_340' title='bbox 71 4319 261 4395; x_wconf 79' lang='grc' dir='ltr'>Οὐιεντανοὺς,</span> <span class='ocrx_word' id='word_1_341' title='bbox 279 4316 475 4397; x_wconf 79' lang='grc' dir='ltr'>ἐπιεικεστέραν</span> <span class='ocrx_word' id='word_1_342' title='bbox 492 4321 593 4395; x_wconf 77' lang='grc' dir='ltr'>μᾶλλον</span> <span class='ocrx_word' id='word_1_343' title='bbox 608 4320 625 4392; x_wconf 77' lang='grc' dir='ltr'><strong>ἣ</strong></span> <span class='ocrx_word' id='word_1_344' title='bbox 642 4321 848 4399; x_wconf 75' lang='grc' dir='ltr'>συμφορωτέραν</span> 
     </span>
     <span class='ocr_line' id='line_1_46' title="bbox 17 4406 847 4490; baseline -0.004 -23"><span class='ocrx_word' id='word_1_345' title='bbox 17 4424 43 4462; x_wconf 79' lang='lat'>⁴⁵</span> <span class='ocrx_word' id='word_1_346' title='bbox 70 4417 123 4477; x_wconf 88' lang='grc' dir='ltr'>τοῖς</span> <span class='ocrx_word' id='word_1_347' title='bbox 138 4409 315 4487; x_wconf 88' lang='grc' dir='ltr'>κεκρατηκόσι</span> <span class='ocrx_word' id='word_1_348' title='bbox 334 4407 512 4483; x_wconf 80' lang='grc' dir='ltr'>ποιησάμενος</span> <span class='ocrx_word' id='word_1_349' title='bbox 534 4407 656 4490; x_wconf 82' lang='grc' dir='ltr'>εἰρήνην,</span> <span class='ocrx_word' id='word_1_350' title='bbox 681 4406 741 4467; x_wconf 83' lang='grc' dir='ltr'>οὔτε</span> <span class='ocrx_word' id='word_1_351' title='bbox 755 4407 847 4486; x_wconf 80' lang='grc' dir='ltr'>χύτραν</span> 
     </span>
     <span class='ocr_line' id='line_1_47' title="bbox 71 4495 847 4577; baseline -0.004 -20"><span class='ocrx_word' id='word_1_352' title='bbox 71 4500 155 4557; x_wconf 85' lang='grc' dir='ltr'>αὐτῶν</span> <span class='ocrx_word' id='word_1_353' title='bbox 171 4497 369 4575; x_wconf 75' lang='grc' dir='ltr'>ἀποτεμόμενος</span> <span class='ocrx_word' id='word_1_354' title='bbox 390 4495 449 4556; x_wconf 84' lang='grc' dir='ltr'>οὗτε</span> <span class='ocrx_word' id='word_1_355' title='bbox 473 4497 622 4577; x_wconf 81' lang='grc' dir='ltr'>χρημάτων</span> <span class='ocrx_word' id='word_1_356' title='bbox 645 4497 734 4556; x_wconf 79' lang='grc' dir='ltr'>ἄλλων</span> <span class='ocrx_word' id='word_1_357' title='bbox 750 4497 847 4566; x_wconf 79' lang='grc' dir='ltr'>ἐπιθεὶς</span> 
     </span>
     <span class='ocr_line' id='line_1_48' title="bbox 71 4585 848 4666; baseline 0.003 -23"><span class='ocrx_word' id='word_1_358' title='bbox 71 4588 166 4660; x_wconf 80' lang='grc' dir='ltr'>ζημίαν</span> <span class='ocrx_word' id='word_1_359' title='bbox 180 4586 240 4646; x_wconf 82' lang='grc' dir='ltr'>οὔτε</span> <span class='ocrx_word' id='word_1_360' title='bbox 253 4586 361 4666; x_wconf 83' lang='grc' dir='ltr'>ὁμήρων</span> <span class='ocrx_word' id='word_1_361' title='bbox 376 4586 449 4647; x_wconf 87' lang='grc' dir='ltr'>δόσει</span> <span class='ocrx_word' id='word_1_362' title='bbox 463 4585 494 4644; x_wconf 88' lang='grc' dir='ltr'>τδ</span> <span class='ocrx_word' id='word_1_363' title='bbox 517 4586 610 4645; x_wconf 85' lang='grc' dir='ltr'>πιστὸν</span> <span class='ocrx_word' id='word_1_364' title='bbox 626 4588 652 4644; x_wconf 83' lang='grc' dir='ltr'>ῖν</span> <span class='ocrx_word' id='word_1_365' title='bbox 674 4593 728 4653; x_wconf 86' lang='grc' dir='ltr'>τοῖς</span> <span class='ocrx_word' id='word_1_366' title='bbox 744 4607 848 4665; x_wconf 85' lang='grc' dir='ltr'>συγκει·</span> 
     </span>
     <span class='ocr_line' id='line_1_49' title="bbox 71 4670 848 4755; baseline 0.006 -27"><span class='ocrx_word' id='word_1_367' title='bbox 71 4670 158 4748; x_wconf 87' lang='grc' dir='ltr'>μένοις</span> <span class='ocrx_word' id='word_1_368' title='bbox 182 4673 407 4753; x_wconf 78' lang='grc' dir='ltr'>βεθαιωστίμενυς.</span> <span class='ocrx_word' id='word_1_369' title='bbox 459 4676 547 4735; x_wconf 79' lang='grc' dir='ltr'>Τοῦτο</span> <span class='ocrx_word' id='word_1_370' title='bbox 562 4673 634 4755; x_wconf 79' lang='grc' dir='ltr'>αὐτῷ</span> <span class='ocrx_word' id='word_1_371' title='bbox 655 4673 739 4754; x_wconf 86' lang='grc' dir='ltr'>μέγαν</span> <span class='ocrx_word' id='word_1_372' title='bbox 753 4673 848 4752; x_wconf 83' lang='grc' dir='ltr'>ἤνεγκε</span> 
     </span>
     <span class='ocr_line' id='line_1_50' title="bbox 70 4757 845 4841; baseline 0.001 -24"><span class='ocrx_word' id='word_1_373' title='bbox 70 4757 180 4839; x_wconf 77' lang='grc' dir='ltr'>φθόνον,</span> <span class='ocrx_word' id='word_1_374' title='bbox 198 4759 244 4817; x_wconf 85' lang='grc' dir='ltr'>καλ</span> <span class='ocrx_word' id='word_1_375' title='bbox 265 4766 310 4819; x_wconf 81' lang='grc' dir='ltr'>τοῦ</span> <span class='ocrx_word' id='word_1_376' title='bbox 337 4761 374 4837; x_wconf 79' lang='grc' dir='ltr'>μὴ</span> <span class='ocrx_word' id='word_1_377' title='bbox 395 4761 487 4820; x_wconf 73' lang='grc' dir='ltr'>λαθεῖν</span> <span class='ocrx_word' id='word_1_378' title='bbox 509 4759 585 4841; x_wconf 73' lang='grc' dir='ltr'>παρὰ</span> <span class='ocrx_word' id='word_1_379' title='bbox 608 4765 654 4832; x_wconf 81' lang='grc' dir='ltr'>τῆτ</span> <span class='ocrx_word' id='word_1_380' title='bbox 679 4762 775 4839; x_wconf 77' lang='grc' dir='ltr'>βουλῆς</span> <span class='ocrx_word' id='word_1_381' title='bbox 798 4758 845 4829; x_wconf 86' lang='grc' dir='ltr'>τδις</span> 
     </span>
     <span class='ocr_line' id='line_1_51' title="bbox 16 4848 845 4930; baseline 0.006 -23"><span class='ocrx_word' id='word_1_382' title='bbox 16 4876 42 4911; x_wconf 81' lang='lat' dir='ltr'><strong>so</strong></span> <span class='ocrx_word' id='word_1_383' title='bbox 69 4848 114 4907; x_wconf 81' lang='grc' dir='ltr'>ἐττί</span> <span class='ocrx_word' id='word_1_384' title='bbox 150 4848 202 4913; x_wconf 87' lang='grc' dir='ltr'>τοῖς</span> <span class='ocrx_word' id='word_1_385' title='bbox 225 4850 441 4928; x_wconf 83' lang='grc' dir='ltr'>κατωρθωμένοις</span> <span class='ocrx_word' id='word_1_386' title='bbox 469 4852 582 4930; x_wconf 80' lang='grc' dir='ltr'>χάριτας</span> <span class='ocrx_word' id='word_1_387' title='bbox 619 4849 703 4910; x_wconf 82' lang='grc' dir='ltr'>αἴτιον</span> <span class='ocrx_word' id='word_1_388' title='bbox 732 4849 845 4928; x_wconf 84' lang='grc' dir='ltr'>ίγίνετο.</span> 
     </span>
     <span class='ocr_line' id='line_1_52' title="bbox 69 4934 845 5019; baseline -0.003 -22"><span class='ocrx_word' id='word_1_389' title='bbox 69 4936 232 5008; x_wconf 84' lang='grc' dir='ltr'>Ἔνέστησυν</span> <span class='ocrx_word' id='word_1_390' title='bbox 248 4934 300 5016; x_wconf 82' lang='grc' dir='ltr'>γλρ</span> <span class='ocrx_word' id='word_1_391' title='bbox 317 4941 390 5019; x_wconf 76' lang='grc' dir='ltr'>αὐτῷ</span> <span class='ocrx_word' id='word_1_392' title='bbox 405 4938 450 4998; x_wconf 83' lang='grc' dir='ltr'>τὸν</span> <span class='ocrx_word' id='word_1_393' title='bbox 476 4936 607 5018; x_wconf 78' lang='grc' dir='ltr'>θρίαμθον</span> <span class='ocrx_word' id='word_1_394' title='bbox 633 4936 783 5018; x_wconf 77' lang='grc' dir='ltr'>αἰτουμένῳ</span> <span class='ocrx_word' id='word_1_395' title='bbox 797 4937 845 5009; x_wconf 75' lang='grc' dir='ltr'>τὴν</span> 
     </span>
     <span class='ocr_line' id='line_1_53' title="bbox 69 5017 845 5102; baseline 0 -19"><span class='ocrx_word' id='word_1_396' title='bbox 69 5027 208 5085; x_wconf 87' lang='grc' dir='ltr'>αύθοίθειαν</span> <span class='ocrx_word' id='word_1_397' title='bbox 237 5017 389 5100; x_wconf 75' lang='grc' dir='ltr'>αἰτιώμενοι</span> <span class='ocrx_word' id='word_1_398' title='bbox 412 5030 465 5086; x_wconf 85' lang='grc' dir='ltr'>τῶν</span> <span class='ocrx_word' id='word_1_399' title='bbox 489 5029 640 5102; x_wconf 87' lang='grc' dir='ltr'>συνθηκῶν,</span> <span class='ocrx_word' id='word_1_400' title='bbox 663 5024 704 5086; x_wconf 80' lang='grc' dir='ltr'>ότι</span> <span class='ocrx_word' id='word_1_401' title='bbox 729 5027 759 5085; x_wconf 86' lang='grc' dir='ltr'>ού</span> <span class='ocrx_word' id='word_1_402' title='bbox 776 5023 845 5101; x_wconf 72' lang='grc' dir='ltr'>μετὰ</span> 
     </span>
     <span class='ocr_line' id='line_1_54' title="bbox 69 5113 846 5195; baseline -0.006 -20"><span class='ocrx_word' id='word_1_403' title='bbox 69 5119 156 5187; x_wconf 84' lang='grc' dir='ltr'>κοινῆς</span> <span class='ocrx_word' id='word_1_404' title='bbox 176 5114 285 5193; x_wconf 86' lang='grc' dir='ltr'>γνώμης</span> <span class='ocrx_word' id='word_1_405' title='bbox 313 5113 393 5182; x_wconf 67' lang='lat' dir='ltr'><strong>utet&lt;</strong></span> <span class='ocrx_word' id='word_1_406' title='bbox 418 5115 542 5195; x_wconf 81' lang='grc' dir='ltr'>ἔπραξεν.</span> <span class='ocrx_word' id='word_1_407' title='bbox 584 5114 644 5177; x_wconf 85' lang='grc' dir='ltr'>Ἵνα</span> <span class='ocrx_word' id='word_1_408' title='bbox 663 5115 690 5174; x_wconf 78' lang='grc' dir='ltr'>δέ</span> <span class='ocrx_word' id='word_1_409' title='bbox 719 5114 757 5186; x_wconf 77' lang='grc' dir='ltr'>μὴ</span> <span class='ocrx_word' id='word_1_410' title='bbox 781 5113 846 5194; x_wconf 81' lang='grc' dir='ltr'>πρὸς</span> 
     </span>
     <span class='ocr_line' id='line_1_55' title="bbox 69 5201 841 5286; baseline 0.001 -26"><span class='ocrx_word' id='word_1_411' title='bbox 69 5201 142 5283; x_wconf 75' lang='grc' dir='ltr'>ὕθρτν</span> <span class='ocrx_word' id='word_1_412' title='bbox 167 5202 184 5276; x_wconf 73' lang='grc' dir='ltr'><strong>ἦ</strong></span> <span class='ocrx_word' id='word_1_413' title='bbox 199 5205 264 5286; x_wconf 82' lang='grc' dir='ltr'>πρὸς</span> <span class='ocrx_word' id='word_1_414' title='bbox 278 5201 357 5285; x_wconf 75' lang='grc' dir='ltr'>ὀργήν</span> <span class='ocrx_word' id='word_1_415' title='bbox 371 5201 443 5278; x_wconf 75' lang='grc' dir='ltr'>λάθῃ</span> <span class='ocrx_word' id='word_1_416' title='bbox 459 5203 490 5264; x_wconf 86' lang='grc' dir='ltr'>τδ</span> <span class='ocrx_word' id='word_1_417' title='bbox 504 5213 632 5284; x_wconf 74' lang='grc' dir='ltr'>πρᾶγμα,</span> <span class='ocrx_word' id='word_1_418' title='bbox 648 5203 691 5264; x_wconf 66' lang='lat' dir='ltr'><strong>trel</strong></span> <span class='ocrx_word' id='word_1_419' title='bbox 707 5203 841 5264; x_wconf 84' lang='grc' dir='ltr'>οθολούσ·</span> 
     </span>
    </p>
   </div>
   <div class='ocr_carea' id='block_1_6' title="bbox 902 521 1684 1968">
    <p class='ocr_par' dir='ltr' id='par_1_6' title="bbox 902 521 1684 1968">
     <span class='ocr_line' id='line_1_56' title="bbox 904 521 1681 582; baseline 0.013 -12"><span class='ocrx_word' id='word_1_420' title='bbox 904 526 953 572; x_wconf 89' lang='lat' dir='ltr'><strong>tur.</strong></span> <span class='ocrx_word' id='word_1_421' title='bbox 986 521 1085 570; x_wconf 79' lang='lat' dir='ltr'><strong>Etrusci</strong></span> <span class='ocrx_word' id='word_1_422' title='bbox 1098 522 1180 582; x_wconf 89' lang='lat' dir='ltr'><strong>euim,</strong></span> <span class='ocrx_word' id='word_1_423' title='bbox 1198 521 1243 572; x_wconf 90' lang='lat' dir='ltr'>ubi</span> <span class='ocrx_word' id='word_1_424' title='bbox 1260 522 1375 574; x_wconf 80' lang='lat' dir='ltr'><strong>viderunt</strong></span> <span class='ocrx_word' id='word_1_425' title='bbox 1388 523 1483 576; x_wconf 83' lang='lat' dir='ltr'><strong>vallum</strong></span> <span class='ocrx_word' id='word_1_426' title='bbox 1495 525 1544 576; x_wconf 87' lang='lat' dir='ltr'>iam</span> <span class='ocrx_word' id='word_1_427' title='bbox 1563 531 1681 581; x_wconf 86' lang='lat' dir='ltr'><strong>altomu-</strong></span> 
     </span>
     <span class='ocr_line' id='line_1_57' title="bbox 903 637 1683 708; baseline 0.01 -21"><span class='ocrx_word' id='word_1_428' title='bbox 903 637 941 687; x_wconf 93' lang='lat' dir='ltr'>nis</span> <span class='ocrx_word' id='word_1_429' title='bbox 954 637 1091 687; x_wconf 79' lang='lat' dir='ltr'><strong>transcendi</strong></span> <span class='ocrx_word' id='word_1_430' title='bbox 1102 675 1108 698; x_wconf 97' lang='lat'><strong>,</strong></span> <span class='ocrx_word' id='word_1_431' title='bbox 1121 638 1227 688; x_wconf 86' lang='lat' dir='ltr'><strong>desertis</strong></span> <span class='ocrx_word' id='word_1_432' title='bbox 1242 639 1346 699; x_wconf 88' lang='lat' dir='ltr'><strong>castris,</strong></span> <span class='ocrx_word' id='word_1_433' title='bbox 1366 640 1456 703; x_wconf 91' lang='lat' dir='ltr'><strong>parlim</strong></span> <span class='ocrx_word' id='word_1_434' title='bbox 1474 640 1499 691; x_wconf 93' lang='lat' dir='ltr'>iu</span> <span class='ocrx_word' id='word_1_435' title='bbox 1513 641 1608 704; x_wconf 71' lang='lat' dir='ltr'><strong>uidem,</strong></span> <span class='ocrx_word' id='word_1_436' title='bbox 1626 658 1683 708; x_wconf 87' lang='lat' dir='ltr'><strong>par·</strong></span> 
     </span>
     <span class='ocr_line' id='line_1_58' title="bbox 902 753 1683 818; baseline 0.008 -15"><span class='ocrx_word' id='word_1_437' title='bbox 902 753 946 804; x_wconf 91' lang='lat' dir='ltr'>tim</span> <span class='ocrx_word' id='word_1_438' title='bbox 962 754 987 803; x_wconf 92' lang='lat' dir='ltr'>iu</span> <span class='ocrx_word' id='word_1_439' title='bbox 999 753 1124 818; x_wconf 82' lang='lat' dir='ltr'><strong>prosimos</strong></span> <span class='ocrx_word' id='word_1_440' title='bbox 1135 759 1233 804; x_wconf 89' lang='lat' dir='ltr'><strong>montes</strong></span> <span class='ocrx_word' id='word_1_441' title='bbox 1250 755 1373 818; x_wconf 77' lang='lat' dir='ltr'><strong>sugerunt.</strong></span> <span class='ocrx_word' id='word_1_442' title='bbox 1408 757 1446 805; x_wconf 86' lang='lat' dir='ltr'>Eo</span> <span class='ocrx_word' id='word_1_443' title='bbox 1457 755 1531 818; x_wconf 85' lang='lat' dir='ltr'><strong>igitur</strong></span> <span class='ocrx_word' id='word_1_444' title='bbox 1541 757 1582 807; x_wconf 87' lang='lat' dir='ltr'>dic</span> <span class='ocrx_word' id='word_1_445' title='bbox 1596 759 1683 809; x_wconf 90' lang='lat' dir='ltr'><strong>consul</strong></span> 
     </span>
     <span class='ocr_line' id='line_1_59' title="bbox 903 866 1684 939; baseline 0.008 -23"><span class='ocrx_word' id='word_1_446' title='bbox 903 866 927 916; x_wconf 93' lang='lat' dir='ltr'><strong>in</strong></span> <span class='ocrx_word' id='word_1_447' title='bbox 952 867 1061 918; x_wconf 84' lang='lat' dir='ltr'><strong>liostium</strong></span> <span class='ocrx_word' id='word_1_448' title='bbox 1088 867 1175 917; x_wconf 90' lang='lat' dir='ltr'><strong>castris</strong></span> <span class='ocrx_word' id='word_1_449' title='bbox 1194 870 1296 919; x_wconf 85' lang='lat' dir='ltr'><strong>mansit.</strong></span> <span class='ocrx_word' id='word_1_450' title='bbox 1332 869 1454 919; x_wconf 75' lang='lat' dir='ltr'><strong>Postridie</strong></span> <span class='ocrx_word' id='word_1_451' title='bbox 1474 885 1534 922; x_wconf 87' lang='lat' dir='ltr'><strong>vero</strong></span> <span class='ocrx_word' id='word_1_452' title='bbox 1561 886 1621 932; x_wconf 85' lang='lat' dir='ltr'><strong>eos,</strong></span> <span class='ocrx_word' id='word_1_453' title='bbox 1640 872 1684 939; x_wconf 91' lang='lat' dir='ltr'>qui</span> 
     </span>
     <span class='ocr_line' id='line_1_60' title="bbox 903 979 1684 1052; baseline 0.01 -22"><span class='ocrx_word' id='word_1_454' title='bbox 903 979 1024 1045; x_wconf 75' lang='lat' dir='ltr'><strong>egregiam</strong></span> <span class='ocrx_word' id='word_1_455' title='bbox 1038 994 1138 1044; x_wconf 88' lang='lat' dir='ltr'><strong>oporam</strong></span> <span class='ocrx_word' id='word_1_456' title='bbox 1155 981 1178 1030; x_wconf 93' lang='lat' dir='ltr'><strong>in</strong></span> <span class='ocrx_word' id='word_1_457' title='bbox 1195 980 1268 1046; x_wconf 74' lang='lat' dir='ltr'><strong>prelio</strong></span> <span class='ocrx_word' id='word_1_458' title='bbox 1290 985 1422 1044; x_wconf 83' lang='lat' dir='ltr'><strong>cavarunt,</strong></span> <span class='ocrx_word' id='word_1_459' title='bbox 1444 986 1544 1035; x_wconf 84' lang='lat' dir='ltr'><strong>sororiis</strong></span> <span class='ocrx_word' id='word_1_460' title='bbox 1561 986 1684 1052; x_wconf 81' lang='lat' dir='ltr'><strong>donisque</strong></span> 
     </span>
     <span class='ocr_line' id='line_1_61' title="bbox 904 1094 1684 1167; baseline 0.012 -24"><span class='ocrx_word' id='word_1_461' title='bbox 904 1094 1107 1158; x_wconf 78' lang='lat' dir='ltr'><strong>splendidissimis</strong></span> <span class='ocrx_word' id='word_1_462' title='bbox 1119 1095 1221 1144; x_wconf 83' lang='lat' dir='ltr'><strong>donarit</strong></span> <span class='ocrx_word' id='word_1_463' title='bbox 1233 1135 1239 1155; x_wconf 90' lang='lat'><strong>,</strong></span> <span class='ocrx_word' id='word_1_464' title='bbox 1252 1097 1384 1161; x_wconf 88' lang='lat' dir='ltr'><strong>omniaque</strong></span> <span class='ocrx_word' id='word_1_465' title='bbox 1400 1098 1510 1150; x_wconf 88' lang='lat' dir='ltr'><strong>iumenta</strong></span> <span class='ocrx_word' id='word_1_466' title='bbox 1521 1104 1543 1150; x_wconf 91' lang='lat' dir='ltr'>ct</span> <span class='ocrx_word' id='word_1_467' title='bbox 1563 1103 1684 1167; x_wconf 88' lang='lat' dir='ltr'><strong>mancipia</strong></span> 
     </span>
     <span class='ocr_line' id='line_1_62' title="bbox 904 1206 1683 1265; baseline 0.012 -9"><span class='ocrx_word' id='word_1_468' title='bbox 904 1206 928 1256; x_wconf 92' lang='lat' dir='ltr'>iu</span> <span class='ocrx_word' id='word_1_469' title='bbox 944 1207 1033 1257; x_wconf 84' lang='lat' dir='ltr'><strong>castris</strong></span> <span class='ocrx_word' id='word_1_470' title='bbox 1048 1207 1132 1257; x_wconf 83' lang='lat' dir='ltr'><strong>relicta</strong></span> <span class='ocrx_word' id='word_1_471' title='bbox 1146 1210 1172 1258; x_wconf 91' lang='lat' dir='ltr'>et</span> <span class='ocrx_word' id='word_1_472' title='bbox 1187 1209 1293 1257; x_wconf 87' lang='lat' dir='ltr'><strong>tentoria</strong></span> <span class='ocrx_word' id='word_1_473' title='bbox 1311 1209 1396 1260; x_wconf 90' lang='lat' dir='ltr'><strong>multis</strong></span> <span class='ocrx_word' id='word_1_474' title='bbox 1409 1210 1479 1261; x_wconf 88' lang='lat' dir='ltr'><strong>bouis</strong></span> <span class='ocrx_word' id='word_1_475' title='bbox 1493 1214 1586 1264; x_wconf 84' lang='lat' dir='ltr'><strong>relecta</strong></span> <span class='ocrx_word' id='word_1_476' title='bbox 1595 1215 1683 1265; x_wconf 89' lang='lat' dir='ltr'><strong>militi·</strong></span> 
     </span>
     <span class='ocr_line' id='line_1_63' title="bbox 905 1321 1683 1388; baseline 0.012 -18"><span class='ocrx_word' id='word_1_477' title='bbox 905 1321 952 1371; x_wconf 88' lang='lat' dir='ltr'>bus</span> <span class='ocrx_word' id='word_1_478' title='bbox 967 1322 991 1372; x_wconf 94' lang='lat' dir='ltr'>iu</span> <span class='ocrx_word' id='word_1_479' title='bbox 1007 1322 1116 1386; x_wconf 74' lang='lat' dir='ltr'><strong>praedam</strong></span> <span class='ocrx_word' id='word_1_480' title='bbox 1132 1323 1255 1372; x_wconf 77' lang='lat' dir='ltr'><strong>concessit</strong></span> <span class='ocrx_word' id='word_1_481' title='bbox 1277 1338 1283 1370; x_wconf 92' lang='lat'>:</span> <span class='ocrx_word' id='word_1_482' title='bbox 1304 1327 1380 1388; x_wconf 80' lang='lat' dir='ltr'><strong>atque</strong></span> <span class='ocrx_word' id='word_1_483' title='bbox 1405 1327 1531 1377; x_wconf 81' lang='lat' dir='ltr'><strong>exercitus</strong></span> <span class='ocrx_word' id='word_1_484' title='bbox 1559 1332 1683 1381; x_wconf 78' lang='lat' dir='ltr'><strong>Romanus</strong></span> 
     </span>
     <span class='ocr_line' id='line_1_64' title="bbox 904 1437 1683 1510; baseline 0.013 -23"><span class='ocrx_word' id='word_1_485' title='bbox 904 1439 964 1488; x_wconf 93' lang='lat' dir='ltr'><strong>tuuc</strong></span> <span class='ocrx_word' id='word_1_486' title='bbox 977 1440 1061 1488; x_wconf 84' lang='lat' dir='ltr'><strong>turrtts</strong></span> <span class='ocrx_word' id='word_1_487' title='bbox 1071 1437 1180 1500; x_wconf 83' lang='lat' dir='ltr'><strong>divitiis,</strong></span> <span class='ocrx_word' id='word_1_488' title='bbox 1195 1439 1294 1503; x_wconf 89' lang='lat' dir='ltr'><strong>quantis</strong></span> <span class='ocrx_word' id='word_1_489' title='bbox 1308 1454 1435 1505; x_wconf 89' lang='lat' dir='ltr'><strong>nunquam</strong></span> <span class='ocrx_word' id='word_1_490' title='bbox 1447 1443 1507 1493; x_wconf 89' lang='lat' dir='ltr'><strong>alias</strong></span> <span class='ocrx_word' id='word_1_491' title='bbox 1520 1443 1545 1493; x_wconf 91' lang='lat' dir='ltr'><strong>in</strong></span> <span class='ocrx_word' id='word_1_492' title='bbox 1559 1446 1609 1494; x_wconf 93' lang='lat' dir='ltr'><strong>ullo</strong></span> <span class='ocrx_word' id='word_1_493' title='bbox 1621 1461 1683 1510; x_wconf 87' lang='lat' dir='ltr'><strong>proe·</strong></span> 
     </span>
     <span class='ocr_line' id='line_1_65' title="bbox 905 1553 1684 1622; baseline 0.012 -19"><span class='ocrx_word' id='word_1_494' title='bbox 905 1553 986 1604; x_wconf 89' lang='lat' dir='ltr'><strong>lioest</strong></span> <span class='ocrx_word' id='word_1_495' title='bbox 997 1553 1100 1605; x_wconf 88' lang='lat' dir='ltr'><strong>dilatus.</strong></span> <span class='ocrx_word' id='word_1_496' title='bbox 1115 1557 1179 1605; x_wconf 83' lang='lat' dir='ltr'>Nam</span> <span class='ocrx_word' id='word_1_497' title='bbox 1194 1569 1254 1619; x_wconf 81' lang='lat' dir='ltr'><strong>gens</strong></span> <span class='ocrx_word' id='word_1_498' title='bbox 1269 1559 1375 1608; x_wconf 83' lang='lat' dir='ltr'><strong>Etrusca</strong></span> <span class='ocrx_word' id='word_1_499' title='bbox 1387 1559 1446 1609; x_wconf 83' lang='lat' dir='ltr'><strong>vitre</strong></span> <span class='ocrx_word' id='word_1_500' title='bbox 1461 1573 1539 1622; x_wconf 80' lang='lat' dir='ltr'><strong>genus</strong></span> <span class='ocrx_word' id='word_1_501' title='bbox 1552 1558 1684 1612; x_wconf 88' lang='lat' dir='ltr'><strong>delicatum</strong></span> 
     </span>
     <span class='ocr_line' id='line_1_66' title="bbox 904 1671 1683 1737; baseline 0.013 -20"><span class='ocrx_word' id='word_1_502' title='bbox 904 1681 935 1718; x_wconf 90' lang='lat' dir='ltr'>ac</span> <span class='ocrx_word' id='word_1_503' title='bbox 946 1671 1103 1720; x_wconf 90' lang='lat' dir='ltr'><strong>sumtuosum</strong></span> <span class='ocrx_word' id='word_1_504' title='bbox 1117 1674 1142 1720; x_wconf 89' lang='lat' dir='ltr'>et</span> <span class='ocrx_word' id='word_1_505' title='bbox 1153 1671 1220 1720; x_wconf 91' lang='lat' dir='ltr'><strong>domi</strong></span> <span class='ocrx_word' id='word_1_506' title='bbox 1239 1675 1264 1722; x_wconf 91' lang='lat' dir='ltr'>et</span> <span class='ocrx_word' id='word_1_507' title='bbox 1282 1673 1378 1723; x_wconf 81' lang='lat' dir='ltr'><strong>militiae</strong></span> <span class='ocrx_word' id='word_1_508' title='bbox 1392 1674 1480 1737; x_wconf 76' lang='lat' dir='ltr'><strong>(legere</strong></span> <span class='ocrx_word' id='word_1_509' title='bbox 1495 1681 1661 1727; x_wconf 79' lang='lat' dir='ltr'><strong>consueuerat</strong></span> <span class='ocrx_word' id='word_1_510' title='bbox 1676 1695 1683 1726; x_wconf 76' lang='grc' dir='ltr'>τ</span> 
     </span>
     <span class='ocr_line' id='line_1_67' title="bbox 904 1786 1683 1849; baseline 0.013 -16"><span class='ocrx_word' id='word_1_511' title='bbox 904 1786 995 1849; x_wconf 88' lang='lat' dir='ltr'><strong>quippe</strong></span> <span class='ocrx_word' id='word_1_512' title='bbox 1006 1797 1075 1848; x_wconf 78' lang='lat' dir='ltr'><strong>quas,</strong></span> <span class='ocrx_word' id='word_1_513' title='bbox 1091 1788 1180 1848; x_wconf 83' lang='lat' dir='ltr'><strong>praeter</strong></span> <span class='ocrx_word' id='word_1_514' title='bbox 1193 1799 1233 1835; x_wconf 90' lang='lat' dir='ltr'>ros</span> <span class='ocrx_word' id='word_1_515' title='bbox 1244 1789 1410 1849; x_wconf 85' lang='lat' dir='ltr'><strong>necessarias,</strong></span> <span class='ocrx_word' id='word_1_516' title='bbox 1428 1789 1504 1839; x_wconf 81' lang='lat' dir='ltr'><strong>luxus</strong></span> <span class='ocrx_word' id='word_1_517' title='bbox 1518 1792 1593 1843; x_wconf 91' lang='lat' dir='ltr'><strong>eliam</strong></span> <span class='ocrx_word' id='word_1_518' title='bbox 1606 1795 1631 1842; x_wconf 90' lang='lat' dir='ltr'>et</span> <span class='ocrx_word' id='word_1_519' title='bbox 1643 1807 1683 1843; x_wconf 88' lang='lat' dir='ltr'>ar-</span> 
     </span>
     <span class='ocr_line' id='line_1_68' title="bbox 903 1898 1684 1968; baseline 0.012 -20"><span class='ocrx_word' id='word_1_520' title='bbox 903 1898 974 1949; x_wconf 90' lang='lat' dir='ltr'><strong>titieii</strong></span> <span class='ocrx_word' id='word_1_521' title='bbox 988 1899 1082 1950; x_wconf 85' lang='lat' dir='ltr'><strong>variam</strong></span> <span class='ocrx_word' id='word_1_522' title='bbox 1104 1899 1295 1962; x_wconf 86' lang='lat' dir='ltr'><strong>supellectilem,</strong></span> <span class='ocrx_word' id='word_1_523' title='bbox 1316 1902 1349 1951; x_wconf 88' lang='lat' dir='ltr'>ad</span> <span class='ocrx_word' id='word_1_524' title='bbox 1375 1903 1515 1968; x_wconf 83' lang='lat' dir='ltr'><strong>uoluptates</strong></span> <span class='ocrx_word' id='word_1_525' title='bbox 1533 1909 1558 1955; x_wconf 88' lang='lat' dir='ltr'>et</span> <span class='ocrx_word' id='word_1_526' title='bbox 1582 1906 1684 1957; x_wconf 78' lang='lat' dir='ltr'><strong>delicias</strong></span> 
     </span>
    </p>
   </div>
   <div class='ocr_carea' id='block_1_7' title="bbox 905 2012 1270 2076">
    <p class='ocr_par' dir='ltr' id='par_1_7' title="bbox 905 2012 1270 2076">
     <span class='ocr_line' id='line_1_69' title="bbox 905 2012 1270 2076; baseline 0.003 -14"><span class='ocrx_word' id='word_1_527' title='bbox 905 2012 1085 2076; x_wconf 74' lang='lat' dir='ltr'>elaborantem,</span> <span class='ocrx_word' id='word_1_528' title='bbox 1097 2012 1270 2063; x_wconf 74' lang='lat' dir='ltr'><strong>admiraretur.</strong></span> 
     </span>
    </p>
   </div>
   <div class='ocr_carea' id='block_1_8' title="bbox 904 2234 1684 2400">
    <p class='ocr_par' dir='ltr' id='par_1_8' title="bbox 904 2234 1684 2400">
     <span class='ocr_line' id='line_1_70' title="bbox 937 2234 1684 2297; baseline 0.007 -14"><span class='ocrx_word' id='word_1_529' title='bbox 937 2235 1014 2283; x_wconf 75' lang='lat' dir='ltr'><strong>xt&#39;ll.</strong></span> <span class='ocrx_word' id='word_1_530' title='bbox 1033 2234 1199 2297; x_wconf 80' lang='lat' dir='ltr'><strong>sequentibus</strong></span> <span class='ocrx_word' id='word_1_531' title='bbox 1218 2235 1306 2285; x_wconf 84' lang='lat' dir='ltr'><strong>dicbus</strong></span> <span class='ocrx_word' id='word_1_532' title='bbox 1324 2235 1441 2287; x_wconf 72' lang='lat' dir='ltr'><strong>Veientes</strong></span> <span class='ocrx_word' id='word_1_533' title='bbox 1453 2237 1502 2286; x_wconf 89' lang='lat' dir='ltr'>iam</span> <span class='ocrx_word' id='word_1_534' title='bbox 1523 2237 1594 2288; x_wconf 85' lang='lat' dir='ltr'><strong>tracti</strong></span> <span class='ocrx_word' id='word_1_535' title='bbox 1612 2238 1684 2288; x_wconf 87' lang='lat' dir='ltr'><strong>malis</strong></span> 
     </span>
     <span class='ocr_line' id='line_1_71' title="bbox 904 2331 1683 2400; baseline 0.005 -19"><span class='ocrx_word' id='word_1_536' title='bbox 904 2331 996 2381; x_wconf 89' lang='lat' dir='ltr'><strong>civium</strong></span> <span class='ocrx_word' id='word_1_537' title='bbox 1009 2331 1130 2381; x_wconf 84' lang='lat' dir='ltr'><strong>maximos</strong></span> <span class='ocrx_word' id='word_1_538' title='bbox 1146 2345 1258 2397; x_wconf 84' lang='lat' dir='ltr'><strong>quosque</strong></span> <span class='ocrx_word' id='word_1_539' title='bbox 1276 2335 1334 2383; x_wconf 91' lang='lat' dir='ltr'><strong>natu</strong></span> <span class='ocrx_word' id='word_1_540' title='bbox 1347 2332 1379 2382; x_wconf 91' lang='lat' dir='ltr'>ad</span> <span class='ocrx_word' id='word_1_541' title='bbox 1398 2334 1526 2385; x_wconf 90' lang='lat' dir='ltr'><strong>consulem</strong></span> <span class='ocrx_word' id='word_1_542' title='bbox 1540 2349 1608 2386; x_wconf 88' lang='lat' dir='ltr'><strong>more</strong></span> <span class='ocrx_word' id='word_1_543' title='bbox 1621 2349 1683 2400; x_wconf 90' lang='lat' dir='ltr'><strong>sup-</strong></span> 
     </span>
    </p>
   </div>
   <div class='ocr_carea' id='block_1_9' title="bbox 824 2430 1685 2596">
    <p class='ocr_par' dir='ltr' id='par_1_9' title="bbox 824 2430 1685 2596">
     <span class='ocr_line' id='line_1_72' title="bbox 824 2430 1683 2498; baseline -0.001 -17"><span class='ocrx_word' id='word_1_544' title='bbox 824 2461 831 2481; x_wconf 74' lang='grc' dir='ltr'>τ</span> <span class='ocrx_word' id='word_1_545' title='bbox 906 2430 999 2493; x_wconf 81' lang='lat' dir='ltr'><strong>plicam</strong></span> <span class='ocrx_word' id='word_1_546' title='bbox 1011 2435 1112 2482; x_wconf 87' lang='lat' dir='ltr'><strong>ornatos</strong></span> <span class='ocrx_word' id='word_1_547' title='bbox 1134 2431 1269 2491; x_wconf 88' lang='lat' dir='ltr'><strong>miserunt,</strong></span> <span class='ocrx_word' id='word_1_548' title='bbox 1283 2436 1312 2481; x_wconf 90' lang='lat' dir='ltr'>ut</span> <span class='ocrx_word' id='word_1_549' title='bbox 1332 2446 1389 2481; x_wconf 91' lang='lat' dir='ltr'>cum</span> <span class='ocrx_word' id='word_1_550' title='bbox 1406 2447 1436 2483; x_wconf 90' lang='lat' dir='ltr'>oo</span> <span class='ocrx_word' id='word_1_551' title='bbox 1450 2433 1482 2484; x_wconf 92' lang='lat' dir='ltr'>de</span> <span class='ocrx_word' id='word_1_552' title='bbox 1496 2448 1556 2498; x_wconf 89' lang='lat' dir='ltr'><strong>pace</strong></span> <span class='ocrx_word' id='word_1_553' title='bbox 1575 2439 1683 2498; x_wconf 83' lang='lat' dir='ltr'><strong>agerent.</strong></span> 
     </span>
     <span class='ocr_line' id='line_1_73' title="bbox 838 2529 1685 2596; baseline 0.005 -17"><span class='ocrx_word' id='word_1_554' title='bbox 838 2552 844 2571; x_wconf 80' lang='grc' dir='ltr'>ι</span> <span class='ocrx_word' id='word_1_555' title='bbox 905 2529 936 2579; x_wconf 86' lang='lat' dir='ltr'><strong>Hi</strong></span> <span class='ocrx_word' id='word_1_556' title='bbox 951 2529 1062 2593; x_wconf 75' lang='lat' dir='ltr'><strong>lugentes</strong></span> <span class='ocrx_word' id='word_1_557' title='bbox 1076 2534 1103 2581; x_wconf 91' lang='lat' dir='ltr'>et</span> <span class='ocrx_word' id='word_1_558' title='bbox 1123 2531 1267 2593; x_wconf 79' lang='lat' dir='ltr'><strong>suppliciter</strong></span> <span class='ocrx_word' id='word_1_559' title='bbox 1288 2535 1402 2592; x_wconf 85' lang='lat' dir='ltr'><strong>orantes,</strong></span> <span class='ocrx_word' id='word_1_560' title='bbox 1418 2536 1443 2582; x_wconf 92' lang='lat' dir='ltr'>ct</span> <span class='ocrx_word' id='word_1_561' title='bbox 1466 2532 1513 2582; x_wconf 89' lang='lat' dir='ltr'><strong>alla</strong></span> <span class='ocrx_word' id='word_1_562' title='bbox 1529 2547 1685 2596; x_wconf 86' lang='lat' dir='ltr'><strong>quaecuuque</strong></span> 
     </span>
    </p>
   </div>
   <div class='ocr_carea' id='block_1_10' title="bbox 905 2628 1683 2681">
    <p class='ocr_par' dir='ltr' id='par_1_10' title="bbox 905 2628 1683 2681">
     <span class='ocr_line' id='line_1_74' title="bbox 905 2628 1683 2681; baseline 0.005 -5"><span class='ocrx_word' id='word_1_563' title='bbox 905 2631 956 2677; x_wconf 83' lang='lat' dir='ltr'><strong>vim</strong></span> <span class='ocrx_word' id='word_1_564' title='bbox 969 2628 1128 2678; x_wconf 83' lang='lat' dir='ltr'><strong>conciliandus</strong></span> <span class='ocrx_word' id='word_1_565' title='bbox 1143 2628 1317 2679; x_wconf 80' lang='lat' dir='ltr'><strong>misericordias</strong></span> <span class='ocrx_word' id='word_1_566' title='bbox 1329 2630 1421 2680; x_wconf 81' lang='lat' dir='ltr'><strong>liabent</strong></span> <span class='ocrx_word' id='word_1_567' title='bbox 1434 2644 1492 2679; x_wconf 89' lang='lat' dir='ltr'>cum</span> <span class='ocrx_word' id='word_1_568' title='bbox 1511 2630 1597 2681; x_wconf 91' lang='lat' dir='ltr'><strong>multis</strong></span> <span class='ocrx_word' id='word_1_569' title='bbox 1609 2631 1683 2680; x_wconf 90' lang='lat' dir='ltr'><strong>lacri-</strong></span> 
     </span>
    </p>
   </div>
   <div class='ocr_carea' id='block_1_11' title="bbox 901 2726 1686 5172">
    <p class='ocr_par' dir='ltr' id='par_1_11' title="bbox 901 2726 1686 5172">
     <span class='ocr_line' id='line_1_75' title="bbox 905 2726 1686 2793; baseline 0.01 -17"><span class='ocrx_word' id='word_1_570' title='bbox 905 2726 952 2776; x_wconf 86' lang='lat' dir='ltr'>mis</span> <span class='ocrx_word' id='word_1_571' title='bbox 974 2732 1210 2788; x_wconf 80' lang='lat' dir='ltr'><strong>commemorantes,</strong></span> <span class='ocrx_word' id='word_1_572' title='bbox 1235 2728 1399 2793; x_wconf 84' lang='lat' dir='ltr'><strong>impelrarunt</strong></span> <span class='ocrx_word' id='word_1_573' title='bbox 1417 2744 1432 2780; x_wconf 88' lang='lat' dir='ltr'>a</span> <span class='ocrx_word' id='word_1_574' title='bbox 1452 2732 1567 2793; x_wconf 88' lang='lat' dir='ltr'><strong>consule,</strong></span> <span class='ocrx_word' id='word_1_575' title='bbox 1586 2736 1615 2783; x_wconf 91' lang='lat' dir='ltr'>ut</span> <span class='ocrx_word' id='word_1_576' title='bbox 1636 2733 1686 2785; x_wconf 86' lang='lat' dir='ltr'><strong>sibi</strong></span> 
     </span>
     <span class='ocr_line' id='line_1_76' title="bbox 905 2822 1684 2892; baseline 0.009 -19"><span class='ocrx_word' id='word_1_577' title='bbox 905 2824 990 2874; x_wconf 86' lang='lat' dir='ltr'><strong>liceret</strong></span> <span class='ocrx_word' id='word_1_578' title='bbox 1005 2824 1100 2888; x_wconf 77' lang='lat' dir='ltr'><strong>legatos</strong></span> <span class='ocrx_word' id='word_1_579' title='bbox 1114 2827 1215 2876; x_wconf 80' lang='lat' dir='ltr'><strong>Romam</strong></span> <span class='ocrx_word' id='word_1_580' title='bbox 1224 2822 1253 2871; x_wconf 85' lang='lat' dir='ltr'>ad</span> <span class='ocrx_word' id='word_1_581' title='bbox 1262 2831 1375 2877; x_wconf 85' lang='lat' dir='ltr'><strong>senatum</strong></span> <span class='ocrx_word' id='word_1_582' title='bbox 1385 2828 1417 2878; x_wconf 91' lang='lat' dir='ltr'>de</span> <span class='ocrx_word' id='word_1_583' title='bbox 1429 2841 1491 2892; x_wconf 86' lang='lat' dir='ltr'><strong>pace</strong></span> <span class='ocrx_word' id='word_1_584' title='bbox 1511 2833 1611 2881; x_wconf 87' lang='lat' dir='ltr'><strong>acturos</strong></span> <span class='ocrx_word' id='word_1_585' title='bbox 1625 2830 1684 2880; x_wconf 94' lang='lat' dir='ltr'><strong>mit-</strong></span> 
     </span>
     <span class='ocr_line' id='line_1_77' title="bbox 906 2923 1684 2992; baseline 0.009 -19"><span class='ocrx_word' id='word_1_586' title='bbox 906 2928 957 2975; x_wconf 89' lang='lat' dir='ltr'><strong>tere</strong></span> <span class='ocrx_word' id='word_1_587' title='bbox 973 2939 979 2970; x_wconf 75' lang='grc' dir='ltr'>ε</span> <span class='ocrx_word' id='word_1_588' title='bbox 997 2923 1097 2974; x_wconf 89' lang='lat' dir='ltr'><strong>iuterim</strong></span> <span class='ocrx_word' id='word_1_589' title='bbox 1121 2937 1197 2983; x_wconf 83' lang='lat' dir='ltr'><strong>vero,</strong></span> <span class='ocrx_word' id='word_1_590' title='bbox 1218 2924 1279 2975; x_wconf 85' lang='lat' dir='ltr'><strong>duur</strong></span> <span class='ocrx_word' id='word_1_591' title='bbox 1298 2925 1372 2990; x_wconf 84' lang='lat' dir='ltr'><strong>legati</strong></span> <span class='ocrx_word' id='word_1_592' title='bbox 1387 2940 1532 2991; x_wconf 90' lang='lat' dir='ltr'><strong>responsum</strong></span> <span class='ocrx_word' id='word_1_593' title='bbox 1551 2929 1684 2992; x_wconf 70' lang='lat' dir='ltr'><strong>referrent,</strong></span> 
     </span>
     <span class='ocr_line' id='line_1_78' title="bbox 905 3022 1686 3088; baseline 0.008 -15"><span class='ocrx_word' id='word_1_594' title='bbox 905 3023 937 3073; x_wconf 87' lang='lat' dir='ltr'>ab</span> <span class='ocrx_word' id='word_1_595' title='bbox 949 3024 1017 3074; x_wconf 90' lang='lat' dir='ltr'><strong>omui</strong></span> <span class='ocrx_word' id='word_1_596' title='bbox 1029 3022 1149 3073; x_wconf 84' lang='lat' dir='ltr'><strong>maleficio</strong></span> <span class='ocrx_word' id='word_1_597' title='bbox 1168 3027 1194 3073; x_wconf 93' lang='lat' dir='ltr'>et</span> <span class='ocrx_word' id='word_1_598' title='bbox 1204 3023 1255 3088; x_wconf 84' lang='lat' dir='ltr'><strong>egri</strong></span> <span class='ocrx_word' id='word_1_599' title='bbox 1268 3024 1308 3073; x_wconf 91' lang='lat' dir='ltr'>sui</span> <span class='ocrx_word' id='word_1_600' title='bbox 1319 3025 1459 3076; x_wconf 83' lang='lat' dir='ltr'><strong>vastatione</strong></span> <span class='ocrx_word' id='word_1_601' title='bbox 1470 3028 1567 3077; x_wconf 86' lang='lat' dir='ltr'><strong>milites</strong></span> <span class='ocrx_word' id='word_1_602' title='bbox 1579 3028 1686 3080; x_wconf 87' lang='lat' dir='ltr'><strong>abstine·</strong></span> 
     </span>
     <span class='ocr_line' id='line_1_79' title="bbox 906 3120 1683 3181; baseline 0.006 -11"><span class='ocrx_word' id='word_1_603' title='bbox 906 3124 969 3171; x_wconf 87' lang='lat' dir='ltr'><strong>rent.</strong></span> <span class='ocrx_word' id='word_1_604' title='bbox 1003 3125 1066 3180; x_wconf 81' lang='lat' dir='ltr'><strong>Quae</strong></span> <span class='ocrx_word' id='word_1_605' title='bbox 1076 3125 1105 3171; x_wconf 91' lang='lat' dir='ltr'>ut</span> <span class='ocrx_word' id='word_1_606' title='bbox 1120 3120 1166 3171; x_wconf 90' lang='lat' dir='ltr'><strong>sibi</strong></span> <span class='ocrx_word' id='word_1_607' title='bbox 1182 3121 1384 3181; x_wconf 79' lang='lat' dir='ltr'><strong>concederentur,</strong></span> <span class='ocrx_word' id='word_1_608' title='bbox 1406 3121 1557 3174; x_wconf 83' lang='lat' dir='ltr'><strong>frumentum</strong></span> <span class='ocrx_word' id='word_1_609' title='bbox 1573 3124 1683 3175; x_wconf 91' lang='lat' dir='ltr'><strong>duorum</strong></span> 
     </span>
     <span class='ocr_line' id='line_1_80' title="bbox 906 3216 1684 3284; baseline 0.008 -19"><span class='ocrx_word' id='word_1_610' title='bbox 906 3216 1044 3276; x_wconf 87' lang='lat' dir='ltr'><strong>mensium,</strong></span> <span class='ocrx_word' id='word_1_611' title='bbox 1065 3220 1091 3266; x_wconf 88' lang='lat' dir='ltr'>et</span> <span class='ocrx_word' id='word_1_612' title='bbox 1121 3217 1272 3281; x_wconf 88' lang='lat' dir='ltr'><strong>stipendium</strong></span> <span class='ocrx_word' id='word_1_613' title='bbox 1300 3232 1344 3269; x_wconf 83' lang='lat' dir='ltr'>sex</span> <span class='ocrx_word' id='word_1_614' title='bbox 1365 3220 1499 3279; x_wconf 87' lang='lat' dir='ltr'><strong>meusium,</strong></span> <span class='ocrx_word' id='word_1_615' title='bbox 1530 3224 1605 3284; x_wconf 80' lang='lat' dir='ltr'><strong>prrout</strong></span> <span class='ocrx_word' id='word_1_616' title='bbox 1632 3223 1684 3271; x_wconf 84' lang='lat' dir='ltr'><strong>vic-</strong></span> 
     </span>
     <span class='ocr_line' id='line_1_81' title="bbox 907 3314 1686 3381; baseline 0.006 -19"><span class='ocrx_word' id='word_1_617' title='bbox 907 3317 945 3363; x_wconf 88' lang='lat' dir='ltr'><strong>tor</strong></span> <span class='ocrx_word' id='word_1_618' title='bbox 965 3314 1110 3377; x_wconf 89' lang='lat' dir='ltr'><strong>imperarat,</strong></span> <span class='ocrx_word' id='word_1_619' title='bbox 1134 3317 1284 3364; x_wconf 86' lang='lat' dir='ltr'><strong>seRomano</strong></span> <span class='ocrx_word' id='word_1_620' title='bbox 1311 3316 1428 3366; x_wconf 76' lang='lat' dir='ltr'><strong>exercitui</strong></span> <span class='ocrx_word' id='word_1_621' title='bbox 1449 3316 1553 3366; x_wconf 87' lang='lat' dir='ltr'><strong>daturos</strong></span> <span class='ocrx_word' id='word_1_622' title='bbox 1582 3317 1686 3381; x_wconf 89' lang='lat' dir='ltr'><strong>polliciti</strong></span> 
     </span>
     <span class='ocr_line' id='line_1_82' title="bbox 906 3409 1685 3477; baseline 0.009 -18"><span class='ocrx_word' id='word_1_623' title='bbox 906 3414 972 3460; x_wconf 91' lang='lat' dir='ltr'><strong>sunt.</strong></span> <span class='ocrx_word' id='word_1_624' title='bbox 1006 3409 1115 3470; x_wconf 84' lang='lat' dir='ltr'><strong>Consul,</strong></span> <span class='ocrx_word' id='word_1_625' title='bbox 1130 3409 1167 3459; x_wconf 86' lang='lat' dir='ltr'>his</span> <span class='ocrx_word' id='word_1_626' title='bbox 1187 3410 1271 3461; x_wconf 87' lang='lat' dir='ltr'><strong>allatis</strong></span> <span class='ocrx_word' id='word_1_627' title='bbox 1288 3414 1314 3462; x_wconf 88' lang='lat' dir='ltr'>et</span> <span class='ocrx_word' id='word_1_628' title='bbox 1333 3414 1441 3477; x_wconf 87' lang='lat' dir='ltr'><strong>acceptis</strong></span> <span class='ocrx_word' id='word_1_629' title='bbox 1462 3413 1573 3477; x_wconf 85' lang='lat' dir='ltr'><strong>interque</strong></span> <span class='ocrx_word' id='word_1_630' title='bbox 1593 3416 1685 3467; x_wconf 88' lang='lat' dir='ltr'><strong>milites</strong></span> 
     </span>
     <span class='ocr_line' id='line_1_83' title="bbox 906 3506 1686 3572; baseline 0.008 -15"><span class='ocrx_word' id='word_1_631' title='bbox 906 3508 1006 3570; x_wconf 83' lang='lat' dir='ltr'><strong>divisis,</strong></span> <span class='ocrx_word' id='word_1_632' title='bbox 1018 3506 1132 3556; x_wconf 89' lang='lat' dir='ltr'><strong>inducias</strong></span> <span class='ocrx_word' id='word_1_633' title='bbox 1146 3506 1264 3557; x_wconf 91' lang='lat' dir='ltr'><strong>cumillis</strong></span> <span class='ocrx_word' id='word_1_634' title='bbox 1285 3508 1351 3560; x_wconf 85' lang='lat' dir='ltr'><strong>tecit.</strong></span> <span class='ocrx_word' id='word_1_635' title='bbox 1385 3511 1491 3562; x_wconf 85' lang='lat' dir='ltr'><strong>Senatus</strong></span> <span class='ocrx_word' id='word_1_636' title='bbox 1504 3526 1576 3572; x_wconf 88' lang='lat' dir='ltr'><strong>vero,</strong></span> <span class='ocrx_word' id='word_1_637' title='bbox 1593 3514 1686 3565; x_wconf 86' lang='lat' dir='ltr'><strong>auditis</strong></span> 
     </span>
     <span class='ocr_line' id='line_1_84' title="bbox 907 3596 1685 3667; baseline 0.008 -17"><span class='ocrx_word' id='word_1_638' title='bbox 907 3596 995 3663; x_wconf 81' lang='lat' dir='ltr'><strong>legalis</strong></span> <span class='ocrx_word' id='word_1_639' title='bbox 1009 3602 1034 3648; x_wconf 91' lang='lat' dir='ltr'>et</span> <span class='ocrx_word' id='word_1_640' title='bbox 1045 3597 1178 3662; x_wconf 81' lang='lat' dir='ltr'><strong>receptisa</strong></span> <span class='ocrx_word' id='word_1_641' title='bbox 1194 3599 1295 3650; x_wconf 89' lang='lat' dir='ltr'><strong>consule</strong></span> <span class='ocrx_word' id='word_1_642' title='bbox 1310 3600 1403 3661; x_wconf 87' lang='lat' dir='ltr'><strong>literis,</strong></span> <span class='ocrx_word' id='word_1_643' title='bbox 1421 3604 1529 3652; x_wconf 90' lang='lat' dir='ltr'><strong>multum</strong></span> <span class='ocrx_word' id='word_1_644' title='bbox 1543 3609 1643 3667; x_wconf 82' lang='lat' dir='ltr'><strong>rogante</strong></span> <span class='ocrx_word' id='word_1_645' title='bbox 1658 3610 1685 3656; x_wconf 91' lang='lat' dir='ltr'>et</span> 
     </span>
     <span class='ocr_line' id='line_1_85' title="bbox 908 3690 1684 3761; baseline 0.006 -20"><span class='ocrx_word' id='word_1_646' title='bbox 908 3691 1039 3752; x_wconf 86' lang='lat' dir='ltr'><strong>suadente,</strong></span> <span class='ocrx_word' id='word_1_647' title='bbox 1058 3694 1175 3754; x_wconf 88' lang='lat' dir='ltr'><strong>utquam</strong></span> <span class='ocrx_word' id='word_1_648' title='bbox 1194 3690 1321 3742; x_wconf 87' lang='lat' dir='ltr'><strong>celerrime</strong></span> <span class='ocrx_word' id='word_1_649' title='bbox 1348 3693 1457 3756; x_wconf 87' lang='lat' dir='ltr'><strong>bellum,</strong></span> <span class='ocrx_word' id='word_1_650' title='bbox 1472 3696 1539 3760; x_wconf 81' lang='lat' dir='ltr'><strong>quod</strong></span> <span class='ocrx_word' id='word_1_651' title='bbox 1552 3697 1684 3761; x_wconf 79' lang='lat' dir='ltr'><strong>gerebatur</strong></span> 
     </span>
     <span class='ocr_line' id='line_1_86' title="bbox 906 3783 1686 3853; baseline 0.01 -19"><span class='ocrx_word' id='word_1_652' title='bbox 906 3797 964 3835; x_wconf 92' lang='lat' dir='ltr'>cum</span> <span class='ocrx_word' id='word_1_653' title='bbox 978 3784 1101 3842; x_wconf 84' lang='lat' dir='ltr'><strong>Etruscis,</strong></span> <span class='ocrx_word' id='word_1_654' title='bbox 1117 3783 1236 3841; x_wconf 80' lang='lat' dir='ltr'><strong>iniretur,</strong></span> <span class='ocrx_word' id='word_1_655' title='bbox 1251 3783 1367 3835; x_wconf 85' lang='lat' dir='ltr'><strong>hostibus</strong></span> <span class='ocrx_word' id='word_1_656' title='bbox 1380 3799 1466 3848; x_wconf 90' lang='lat' dir='ltr'><strong>paoem</strong></span> <span class='ocrx_word' id='word_1_657' title='bbox 1479 3803 1555 3851; x_wconf 82' lang='lat' dir='ltr'><strong>rpuam</strong></span> <span class='ocrx_word' id='word_1_658' title='bbox 1570 3791 1686 3853; x_wconf 87' lang='lat' dir='ltr'><strong>petebant</strong></span> 
     </span>
     <span class='ocr_line' id='line_1_87' title="bbox 906 3876 1683 3945; baseline 0.01 -18"><span class='ocrx_word' id='word_1_659' title='bbox 906 3876 966 3930; x_wconf 84' lang='lat' dir='ltr'><strong>(lare</strong></span> <span class='ocrx_word' id='word_1_660' title='bbox 992 3876 1104 3929; x_wconf 84' lang='lat' dir='ltr'><strong>decrerit</strong></span> <span class='ocrx_word' id='word_1_661' title='bbox 1130 3895 1137 3926; x_wconf 82' lang='grc' dir='ltr'>ι</span> <span class='ocrx_word' id='word_1_662' title='bbox 1161 3876 1204 3925; x_wconf 89' lang='lat' dir='ltr'>sed</span> <span class='ocrx_word' id='word_1_663' title='bbox 1229 3876 1321 3940; x_wconf 89' lang='lat' dir='ltr'><strong>quibus</strong></span> <span class='ocrx_word' id='word_1_664' title='bbox 1347 3877 1529 3930; x_wconf 86' lang='lat' dir='ltr'><strong>conditionibus</strong></span> <span class='ocrx_word' id='word_1_665' title='bbox 1554 3882 1581 3932; x_wconf 93' lang='lat' dir='ltr'><strong>id</strong></span> <span class='ocrx_word' id='word_1_666' title='bbox 1603 3882 1683 3945; x_wconf 82' lang='lat' dir='ltr'><strong>fieret,</strong></span> 
     </span>
     <span class='ocr_line' id='line_1_88' title="bbox 906 3967 1682 4033; baseline 0.006 -12"><span class='ocrx_word' id='word_1_667' title='bbox 906 3973 935 4021; x_wconf 80' lang='lat'>1..</span> <span class='ocrx_word' id='word_1_668' title='bbox 947 3969 1073 4020; x_wconf 81' lang='lat' dir='ltr'><strong>AEmitium</strong></span> <span class='ocrx_word' id='word_1_669' title='bbox 1096 3967 1235 4028; x_wconf 77' lang='lat' dir='ltr'><strong>conedam,</strong></span> <span class='ocrx_word' id='word_1_670' title='bbox 1250 3971 1325 4032; x_wconf 91' lang='lat' dir='ltr'><strong>prout</strong></span> <span class='ocrx_word' id='word_1_671' title='bbox 1343 3969 1368 4020; x_wconf 90' lang='lat' dir='ltr'>ei</span> <span class='ocrx_word' id='word_1_672' title='bbox 1386 3971 1508 4033; x_wconf 89' lang='lat' dir='ltr'><strong>optimum</strong></span> <span class='ocrx_word' id='word_1_673' title='bbox 1522 3977 1589 4025; x_wconf 86' lang='lat' dir='ltr'><strong>esset</strong></span> <span class='ocrx_word' id='word_1_674' title='bbox 1603 3975 1682 4026; x_wconf 89' lang='lat' dir='ltr'><strong>visum</strong></span> 
     </span>
     <span class='ocr_line' id='line_1_89' title="bbox 906 4060 1685 4128; baseline 0.004 -15"><span class='ocrx_word' id='word_1_675' title='bbox 906 4066 1016 4114; x_wconf 83' lang='lat' dir='ltr'><strong>statuero</strong></span> <span class='ocrx_word' id='word_1_676' title='bbox 1032 4060 1113 4112; x_wconf 87' lang='lat' dir='ltr'><strong>tussit.</strong></span> <span class='ocrx_word' id='word_1_677' title='bbox 1147 4061 1255 4124; x_wconf 79' lang='lat' dir='ltr'><strong>consul,</strong></span> <span class='ocrx_word' id='word_1_678' title='bbox 1273 4061 1321 4112; x_wconf 91' lang='lat' dir='ltr'>hoe</span> <span class='ocrx_word' id='word_1_679' title='bbox 1336 4075 1456 4127; x_wconf 88' lang='lat' dir='ltr'><strong>responso</strong></span> <span class='ocrx_word' id='word_1_680' title='bbox 1470 4066 1585 4128; x_wconf 88' lang='lat' dir='ltr'><strong>accepto,</strong></span> <span class='ocrx_word' id='word_1_681' title='bbox 1604 4065 1685 4116; x_wconf 80' lang='lat' dir='ltr'><strong>tructus</strong></span> 
     </span>
     <span class='ocr_line' id='line_1_90' title="bbox 904 4155 1685 4221; baseline -0.001 -11"><span class='ocrx_word' id='word_1_682' title='bbox 904 4172 962 4210; x_wconf 91' lang='lat' dir='ltr'>cum</span> <span class='ocrx_word' id='word_1_683' title='bbox 973 4158 1117 4210; x_wconf 86' lang='lat' dir='ltr'><strong>Veientibus</strong></span> <span class='ocrx_word' id='word_1_684' title='bbox 1138 4155 1211 4217; x_wconf 86' lang='lat' dir='ltr'><strong>lecit,</strong></span> <span class='ocrx_word' id='word_1_685' title='bbox 1228 4155 1286 4206; x_wconf 86' lang='lat' dir='ltr'><strong>data</strong></span> <span class='ocrx_word' id='word_1_686' title='bbox 1305 4155 1352 4206; x_wconf 82' lang='lat' dir='ltr'><strong>illis</strong></span> <span class='ocrx_word' id='word_1_687' title='bbox 1372 4169 1447 4220; x_wconf 88' lang='lat' dir='ltr'><strong>pace,</strong></span> <span class='ocrx_word' id='word_1_688' title='bbox 1464 4156 1489 4206; x_wconf 93' lang='lat' dir='ltr'>iu</span> <span class='ocrx_word' id='word_1_689' title='bbox 1502 4171 1552 4221; x_wconf 87' lang='lat' dir='ltr'>qua</span> <span class='ocrx_word' id='word_1_690' title='bbox 1565 4158 1685 4209; x_wconf 89' lang='lat' dir='ltr'><strong>maiorem</strong></span> 
     </span>
     <span class='ocr_line' id='line_1_91' title="bbox 904 4249 1682 4314; baseline -0.003 -12"><span class='ocrx_word' id='word_1_691' title='bbox 904 4251 1025 4302; x_wconf 88' lang='lat' dir='ltr'><strong>rationem</strong></span> <span class='ocrx_word' id='word_1_692' title='bbox 1036 4249 1144 4302; x_wconf 88' lang='lat' dir='ltr'><strong>leuitatis</strong></span> <span class='ocrx_word' id='word_1_693' title='bbox 1156 4263 1232 4314; x_wconf 89' lang='lat' dir='ltr'><strong>quam</strong></span> <span class='ocrx_word' id='word_1_694' title='bbox 1242 4249 1355 4300; x_wconf 87' lang='lat' dir='ltr'><strong>utilitatis</strong></span> <span class='ocrx_word' id='word_1_695' title='bbox 1366 4249 1449 4314; x_wconf 91' lang='lat' dir='ltr'><strong>populi</strong></span> <span class='ocrx_word' id='word_1_696' title='bbox 1461 4249 1570 4310; x_wconf 81' lang='lat' dir='ltr'><strong>victoris,</strong></span> <span class='ocrx_word' id='word_1_697' title='bbox 1585 4251 1682 4311; x_wconf 89' lang='lat' dir='ltr'><strong>habuit,</strong></span> 
     </span>
     <span class='ocr_line' id='line_1_92' title="bbox 904 4343 1682 4412; baseline -0.004 -15"><span class='ocrx_word' id='word_1_698' title='bbox 904 4361 950 4399; x_wconf 90' lang='lat' dir='ltr'>uec</span> <span class='ocrx_word' id='word_1_699' title='bbox 962 4349 1032 4412; x_wconf 86' lang='lat' dir='ltr'><strong>parte</strong></span> <span class='ocrx_word' id='word_1_700' title='bbox 1044 4345 1097 4409; x_wconf 77' lang='lat' dir='ltr'><strong>agri</strong></span> <span class='ocrx_word' id='word_1_701' title='bbox 1111 4344 1159 4396; x_wconf 87' lang='lat' dir='ltr'><strong>illis</strong></span> <span class='ocrx_word' id='word_1_702' title='bbox 1174 4343 1286 4403; x_wconf 83' lang='lat' dir='ltr'><strong>ademta,</strong></span> <span class='ocrx_word' id='word_1_703' title='bbox 1306 4356 1350 4392; x_wconf 90' lang='lat' dir='ltr'>nee</span> <span class='ocrx_word' id='word_1_704' title='bbox 1365 4343 1415 4393; x_wconf 88' lang='lat' dir='ltr'><strong>ulta</strong></span> <span class='ocrx_word' id='word_1_705' title='bbox 1430 4343 1503 4393; x_wconf 87' lang='lat' dir='ltr'><strong>uliam</strong></span> <span class='ocrx_word' id='word_1_706' title='bbox 1524 4345 1682 4409; x_wconf 87' lang='lat' dir='ltr'><strong>pecuniarum</strong></span> 
     </span>
     <span class='ocr_line' id='line_1_93' title="bbox 904 4433 1682 4501; baseline -0.006 -13"><span class='ocrx_word' id='word_1_707' title='bbox 904 4439 998 4488; x_wconf 88' lang='lat' dir='ltr'><strong>mulcta</strong></span> <span class='ocrx_word' id='word_1_708' title='bbox 1016 4436 1141 4501; x_wconf 81' lang='lat' dir='ltr'><strong>irrogata,</strong></span> <span class='ocrx_word' id='word_1_709' title='bbox 1159 4448 1205 4485; x_wconf 91' lang='lat' dir='ltr'>nec</span> <span class='ocrx_word' id='word_1_710' title='bbox 1222 4433 1329 4497; x_wconf 88' lang='lat' dir='ltr'><strong>acceptis</strong></span> <span class='ocrx_word' id='word_1_711' title='bbox 1350 4433 1479 4484; x_wconf 83' lang='lat' dir='ltr'><strong>obsidibus</strong></span> <span class='ocrx_word' id='word_1_712' title='bbox 1493 4433 1541 4484; x_wconf 83' lang='lat' dir='ltr'><strong>lide</strong></span> <span class='ocrx_word' id='word_1_713' title='bbox 1555 4438 1682 4498; x_wconf 89' lang='lat' dir='ltr'><strong>pactorum</strong></span> 
     </span>
     <span class='ocr_line' id='line_1_94' title="bbox 903 4525 1681 4590; baseline -0.006 -9"><span class='ocrx_word' id='word_1_714' title='bbox 903 4530 1053 4581; x_wconf 82' lang='lat' dir='ltr'><strong>confirmatu.</strong></span> <span class='ocrx_word' id='word_1_715' title='bbox 1087 4532 1140 4578; x_wconf 89' lang='lat' dir='ltr'><strong>Hoc</strong></span> <span class='ocrx_word' id='word_1_716' title='bbox 1152 4527 1175 4579; x_wconf 90' lang='lat' dir='ltr'>ei</span> <span class='ocrx_word' id='word_1_717' title='bbox 1187 4541 1300 4590; x_wconf 85' lang='lat' dir='ltr'><strong>magnam</strong></span> <span class='ocrx_word' id='word_1_718' title='bbox 1313 4526 1454 4576; x_wconf 84' lang='lat' dir='ltr'><strong>conciliavit</strong></span> <span class='ocrx_word' id='word_1_719' title='bbox 1469 4525 1587 4575; x_wconf 86' lang='lat' dir='ltr'><strong>invidiam</strong></span> <span class='ocrx_word' id='word_1_720' title='bbox 1599 4565 1605 4585; x_wconf 93' lang='lat'><strong>,</strong></span> <span class='ocrx_word' id='word_1_721' title='bbox 1619 4527 1681 4577; x_wconf 84' lang='lat' dir='ltr'><strong>etle-</strong></span> 
     </span>
     <span class='ocr_line' id='line_1_95' title="bbox 903 4618 1683 4687; baseline -0.012 -13"><span class='ocrx_word' id='word_1_722' title='bbox 903 4623 1044 4687; x_wconf 88' lang='lat' dir='ltr'><strong>cilque,ut</strong></span> <span class='ocrx_word' id='word_1_723' title='bbox 1063 4621 1191 4686; x_wconf 77' lang='lat' dir='ltr'><strong>gratiane</strong></span> <span class='ocrx_word' id='word_1_724' title='bbox 1215 4619 1317 4670; x_wconf 86' lang='grc' dir='ltr'>Ιτοττυτε</span> <span class='ocrx_word' id='word_1_725' title='bbox 1335 4619 1422 4670; x_wconf 85' lang='lat' dir='ltr'><strong>debito</strong></span> <span class='ocrx_word' id='word_1_726' title='bbox 1447 4618 1479 4668; x_wconf 90' lang='lat' dir='ltr'>ob</span> <span class='ocrx_word' id='word_1_727' title='bbox 1503 4631 1554 4667; x_wconf 91' lang='lat' dir='ltr'>rem</span> <span class='ocrx_word' id='word_1_728' title='bbox 1579 4618 1683 4668; x_wconf 77' lang='lat' dir='ltr'><strong>feliciter</strong></span> 
     </span>
     <span class='ocr_line' id='line_1_96' title="bbox 902 4713 1681 4786; baseline -0.017 -14"><span class='ocrx_word' id='word_1_729' title='bbox 902 4725 997 4786; x_wconf 75' lang='lat' dir='ltr'><strong>gestam</strong></span> <span class='ocrx_word' id='word_1_730' title='bbox 1014 4735 1029 4769; x_wconf 87' lang='lat' dir='ltr'>a</span> <span class='ocrx_word' id='word_1_731' title='bbox 1043 4722 1130 4770; x_wconf 85' lang='lat' dir='ltr'><strong>senatu</strong></span> <span class='ocrx_word' id='word_1_732' title='bbox 1144 4717 1308 4767; x_wconf 81' lang='lat' dir='ltr'><strong>fraudaretur.</strong></span> <span class='ocrx_word' id='word_1_733' title='bbox 1343 4718 1370 4765; x_wconf 81' lang='lat' dir='ltr'><strong>Ei</strong></span> <span class='ocrx_word' id='word_1_734' title='bbox 1384 4717 1450 4767; x_wconf 88' lang='lat' dir='ltr'><strong>enim</strong></span> <span class='ocrx_word' id='word_1_735' title='bbox 1467 4714 1541 4765; x_wconf 88' lang='lat' dir='ltr'><strong>trium</strong></span> <span class='ocrx_word' id='word_1_736' title='bbox 1546 4713 1624 4776; x_wconf 89' lang='lat' dir='ltr'><strong>phum</strong></span> <span class='ocrx_word' id='word_1_737' title='bbox 1637 4725 1681 4773; x_wconf 89' lang='lat' dir='ltr'><strong>pc·</strong></span> 
     </span>
     <span class='ocr_line' id='line_1_97' title="bbox 902 4807 1679 4876; baseline -0.018 -8"><span class='ocrx_word' id='word_1_738' title='bbox 902 4817 966 4870; x_wconf 90' lang='lat' dir='ltr'><strong>tenti</strong></span> <span class='ocrx_word' id='word_1_739' title='bbox 987 4818 1054 4868; x_wconf 85' lang='lat' dir='ltr'><strong>cives</strong></span> <span class='ocrx_word' id='word_1_740' title='bbox 1077 4814 1204 4867; x_wconf 78' lang='lat' dir='ltr'><strong>adversati</strong></span> <span class='ocrx_word' id='word_1_741' title='bbox 1231 4818 1305 4874; x_wconf 83' lang='lat' dir='ltr'><strong>suut,</strong></span> <span class='ocrx_word' id='word_1_742' title='bbox 1329 4812 1473 4876; x_wconf 87' lang='lat' dir='ltr'><strong>objicientes</strong></span> <span class='ocrx_word' id='word_1_743' title='bbox 1504 4807 1679 4869; x_wconf 78' lang='lat' dir='ltr'><strong>arrogantiam,</strong></span> 
     </span>
     <span class='ocr_line' id='line_1_98' title="bbox 901 4901 1680 4979; baseline -0.015 -15"><span class='ocrx_word' id='word_1_744' title='bbox 901 4912 970 4979; x_wconf 88' lang='lat' dir='ltr'><strong>quod</strong></span> <span class='ocrx_word' id='word_1_745' title='bbox 986 4913 1052 4974; x_wconf 78' lang='lat' dir='ltr'><strong>leges</strong></span> <span class='ocrx_word' id='word_1_746' title='bbox 1072 4911 1172 4962; x_wconf 79' lang='lat' dir='ltr'><strong>traderis</strong></span> <span class='ocrx_word' id='word_1_747' title='bbox 1194 4924 1242 4959; x_wconf 92' lang='lat' dir='ltr'><strong>nou</strong></span> <span class='ocrx_word' id='word_1_748' title='bbox 1264 4910 1296 4959; x_wconf 89' lang='lat' dir='ltr'>de</span> <span class='ocrx_word' id='word_1_749' title='bbox 1318 4907 1444 4958; x_wconf 89' lang='lat' dir='ltr'><strong>communi</strong></span> <span class='ocrx_word' id='word_1_750' title='bbox 1466 4901 1585 4955; x_wconf 86' lang='lat' dir='ltr'><strong>sententia</strong></span> <span class='ocrx_word' id='word_1_751' title='bbox 1604 4903 1680 4952; x_wconf 79' lang='lat' dir='ltr'><strong>uictis</strong></span> 
     </span>
     <span class='ocr_line' id='line_1_99' title="bbox 901 4997 1679 5075; baseline -0.017 -14"><span class='ocrx_word' id='word_1_752' title='bbox 901 5009 1068 5075; x_wconf 83' lang='lat' dir='ltr'><strong>imposuisset.</strong></span> <span class='ocrx_word' id='word_1_753' title='bbox 1101 5008 1150 5058; x_wconf 85' lang='lat' dir='ltr'>Sed</span> <span class='ocrx_word' id='word_1_754' title='bbox 1169 5022 1200 5059; x_wconf 92' lang='lat' dir='ltr'>ue</span> <span class='ocrx_word' id='word_1_755' title='bbox 1220 5021 1274 5058; x_wconf 87' lang='lat' dir='ltr'>eam</span> <span class='ocrx_word' id='word_1_756' title='bbox 1295 5019 1348 5056; x_wconf 90' lang='lat' dir='ltr'>rem</span> <span class='ocrx_word' id='word_1_757' title='bbox 1362 5004 1387 5052; x_wconf 92' lang='lat' dir='ltr'>iu</span> <span class='ocrx_word' id='word_1_758' title='bbox 1402 5015 1473 5052; x_wconf 90' lang='lat' dir='ltr'><strong>suam</strong></span> <span class='ocrx_word' id='word_1_759' title='bbox 1490 4997 1679 5056; x_wconf 87' lang='lat' dir='ltr'><strong>contumellam,</strong></span> 
     </span>
     <span class='ocr_line' id='line_1_100' title="bbox 901 5097 1680 5172; baseline -0.013 -15"><span class='ocrx_word' id='word_1_760' title='bbox 901 5120 963 5158; x_wconf 85' lang='lat' dir='ltr'><strong>nere</strong></span> <span class='ocrx_word' id='word_1_761' title='bbox 977 5106 1061 5172; x_wconf 84' lang='lat' dir='ltr'><strong>iniquo</strong></span> <span class='ocrx_word' id='word_1_762' title='bbox 1073 5105 1193 5156; x_wconf 85' lang='lat' dir='ltr'><strong>adversus</strong></span> <span class='ocrx_word' id='word_1_763' title='bbox 1213 5118 1240 5155; x_wconf 86' lang='lat' dir='ltr'>se</span> <span class='ocrx_word' id='word_1_764' title='bbox 1253 5102 1333 5152; x_wconf 92' lang='lat' dir='ltr'><strong>animo</strong></span> <span class='ocrx_word' id='word_1_765' title='bbox 1348 5099 1440 5148; x_wconf 81' lang='lat' dir='ltr'><strong>suetam</strong></span> <span class='ocrx_word' id='word_1_766' title='bbox 1463 5099 1569 5161; x_wconf 88' lang='lat' dir='ltr'><strong>putaret,</strong></span> <span class='ocrx_word' id='word_1_767' title='bbox 1591 5097 1680 5147; x_wconf 89' lang='lat' dir='ltr'><strong>decre·</strong></span> 
     </span>
    </p>
   </div>
   <div class='ocr_carea' id='block_1_12' title="bbox 892 5199 1683 5274">
    <p class='ocr_par' dir='ltr' id='par_1_12' title="bbox 892 5199 1683 5274">
     <span class='ocr_line' id='line_1_101' title="bbox 892 5199 1683 5274; baseline -0.008 -17"><span class='ocrx_word' id='word_1_768' title='bbox 892 5212 989 5266; x_wconf 72' lang='lat' dir='ltr'><strong>jremut</strong></span> <span class='ocrx_word' id='word_1_769' title='bbox 1002 5213 1031 5259; x_wconf 88' lang='lat' dir='ltr'>ut</span> <span class='ocrx_word' id='word_1_770' title='bbox 1047 5209 1131 5274; x_wconf 82' lang='lat' dir='ltr'><strong>copias</strong></span> <span class='ocrx_word' id='word_1_771' title='bbox 1151 5207 1176 5257; x_wconf 91' lang='lat' dir='ltr'>iu</span> <span class='ocrx_word' id='word_1_772' title='bbox 1189 5205 1293 5256; x_wconf 88' lang='lat' dir='ltr'><strong>volscos</strong></span> <span class='ocrx_word' id='word_1_773' title='bbox 1309 5202 1426 5263; x_wconf 88' lang='lat' dir='ltr'><strong>duceret,</strong></span> <span class='ocrx_word' id='word_1_774' title='bbox 1445 5205 1472 5253; x_wconf 93' lang='lat' dir='ltr'>ut</span> <span class='ocrx_word' id='word_1_775' title='bbox 1490 5199 1589 5254; x_wconf 73' lang='lat' dir='ltr'><strong>culleum</strong></span> <span class='ocrx_word' id='word_1_776' title='bbox 1607 5199 1683 5262; x_wconf 55' lang='lat' dir='ltr'><strong>auxie,</strong></span> 
     </span>
    </p>
   </div>
   <div class='ocr_carea' id='block_1_13' title="bbox 1830 2699 1837 2723">
    <p class='ocr_par' dir='ltr' id='par_1_13' title="bbox 1830 2699 1837 2723">
     <span class='ocr_line' id='line_1_102' title="bbox 1830 2699 1837 2723; baseline 0 0"><span class='ocrx_word' id='word_1_777' title='bbox 1830 2699 1837 2723; x_wconf 92' lang='grc' dir='ltr'><em>Ι</em></span> 
     </span>
    </p>
   </div>
   <div class='ocr_carea' id='block_1_14' title="bbox 0 0 1890 5828">
    <p class='ocr_par' dir='ltr' id='par_1_14' title="bbox 0 0 1890 5828">
     <span class='ocr_line' id='line_1_103' title="bbox 0 0 1890 5828; baseline 0 0"><span class='ocrx_word' id='word_1_778' title='bbox 0 0 1890 5828; x_wconf 95' lang='lat' dir='ltr'> </span> 
     </span>
    </p>
   </div>
  </div>
 </body>
</html>
