3772 5828
592 361 886 437 ANTIQUITATUM
907 360 1055 424 ROMAN.
1077 365 1150 424 LlB.
1172 363 1225 424 lX.

111 495 198 557 τέλεσι
209 501 263 560 τοῖς
275 493 348 558 ἰδίοις
362 491 548 570 ἐκπέμποντας
562 494 692 573 [αὐτός]
715 497 810 556 Ταῦτα
826 518 887 555 συν·

112 583 219 660 θέμενος
235 585 323 657 ἀπῆγε
336 579 384 653 τήν
400 580 511 657 δύναμιν
527 579 650 660 Φοίόιος,
662 581 708 640 καί
723 582 771 650 τὰς
792 584 828 650 εἰς
844 583 888 643 τόν

112 669 217 729 ἐπιόντα
233 667 349 728 ἐνιαυτόν
363 665 447 747 ἀρχάς
460 665 517 744 ἅμα
536 671 575 748 τῷ
594 666 736 748 συνυπάτῳ
756 667 888 741 κατέστη-

111 779 165 818 σιν.

70 869 82 906 s
153 845 215 925 LX.
238 833 330 904 ’Ἦσαν
345 842 373 903 δέ
386 845 410 902 oi
422 839 469 900 ὑπ’
480 845 565 903 αὐτῶν
581 843 778 924 ἀποδειχθέντες
792 843 888 904 ὕπατοι

113 935 226 1012 Σπόριος
243 932 409 1009 Ποστούμιος
423 929 541 999 Ἀλόῖνσς
555 931 601 991 καί
621 931 728 999 Κόϊντος
748 928 888 1013 Σερουίλος

113 1022 229 1104 Πρίσκος
247 1023 278 1082 τὸ
299 1023 427 1099 δεύτερον.
469 1019 535 1081 Ἐπί
556 1018 655 1080 τούτων
670 1020 760 1088 ἐδοξαν
776 1022 888 1081 Αἰκανοὶ

113 1111 283 1193 παροόαίνειν
299 1110 347 1177 τάς
366 1111 430 1189 πρὸς
450 1108 603 1187 Ῥωμαίους
625 1108 720 1169 νιωστλ
747 1110 889 1188 γενομένας

113 1200 250 1279 ὁμολογίας
265 1199 318 1259 ἀπὸ
330 1197 455 1271 τοιαύτης
469 1198 563 1266 αἰτίας.
609 1197 749 1258 Ἀντιατῶν
768 1198 824 1258 όσοι
840 1200 888 1277 μέν

63 1309 87 1345 ιο
113 1278 182 1368 εἰχον
197 1288 304 1368 ἐφέστια
320 1288 365 1347 καί
387 1289 499 1368 κλήρους
520 1288 626 1364 ἐμιιναν
646 1289 786 1368 ἐντῇγῇ,
805 1287 840 1347 τό
860 1311 889 1347 τε
963 1307 966 1312 ·

113 1375 324 1456 ἀπομερισθέντα
347 1376 421 1458 σφίσι
448 1375 493 1434 καί
520 1373 554 1435 τὰ
580 1373 630 1434 ύπδ
652 1378 705 1435 τῶν
734 1375 889 1458 κληρούχων

114 1463 286 1546 ἀφαιρεθέντα
304 1463 430 1541 mim
451 1467 628 1541 γιωργοῦνης
652 1461 697 1522 ἐπὶ
721 1466 811 1545 ῥηταῖς
835 1486 889 1572 τιῖι
940 1513 1001 1578 ipsis
1013 1516 1144 1582 edernptae,
1156 1518 1270 1569 colebant
1281 1532 1310 1570 eo
1323 1520 1472 1581 conditione,
1487 1525 1515 1571 ct
1528 1525 1658 1574 certumst
1671 1526 1720 1573 sta·

113 1552 159 1612 καί
172 1556 346 1635 τεταγμέναις
367 1551 489 1632 μοίραις,
508 1551 538 1619 ἀς
559 1553 589 1611 ἐκ
601 1555 654 1610 τῶν
676 1557 785 1632 καρπῶν
800 1554 888 1621 αὐτοις

115 1642 226 1703 ἐτέλουν·
249 1633 287 1709 οἷς
309 1643 338 1701 δέ
353 1643 425 1703 οὐδέν
443 1642 542 1704 τούτων
557 1633 588 1714 ἢν
603 1641 718 1710 ἐξέλιπον
732 1642 779 1715 τήν
792 1643 887 1722 πολιν,

62 1759 88 1797 ις
114 1731 159 1791 καί
172 1730 372 1812 ύποδεχσμένων
395 1730 487 1799 αὐτούς
511 1729 652 1810 προθύμως
676 1734 728 1790 τῶν
751 1733 888 1807 Αἰκανῶν,

115 1821 211 1879 ἐκεῖθεν
225 1818 376 1898 ὁρμώμενοι
399 1817 457 1886 τούς
471 1819 592 1880 Λατίνων
618 1817 712 1898 ἀγρούς
735 1820 887 1899 ἐλῄστευον.

116 1907 165 1968 Ἐκ
175 1907 203 1967 δέ
219 1907 368 1968 τούτουκαὶ
386 1913 438 1968 τῶν
449 1908 572 1969 Αἰκανῶν
587 1905 643 1967 όσοι
657 1908 785 1988 τολμηροί
799 1933 828 1969 τε
842 1907 887 1968 καλ

118 1995 209 2076 ἄποροι
231 1988 317 2070 ἦσαν,
340 1995 535 2074 συνελοίμύανον
556 1998 642 2063 αὐτοῖς
658 1999 709 2056 τῶν
725 1998 886 2079 ληστηρίων.

114 2087 207 2143 Ταῦτα
222 2084 342 2146 Λατίνων
364 2083 569 2164 ἀποδυρομένων
591 2085 634 2142 ἐπὶ
652 2088 699 2158 τῆς
725 2088 821 2165 βουλῆς
841 2085 888 2145 καί

60 2201 88 2240 20
116 2170 254 2240 ἀξιούντων
272 2171 290 2244 ἦ
305 2174 416 2255 στρατόν
434 2173 550 2251 πέμπειν
570 2171 587 2245 ἢ
609 2173 783 2254 συγχωρῆσαί
799 2196 887 2255 σφισιν

114 2262 201 2330 αὐτοῖς
220 2262 278 2331 τοὺς
292 2262 420 2343 ἄρξαντας
434 2263 550 2340 πολέμου
573 2260 737 2338 ἀμύνασθαι,
764 2264 889 2341 μαθόντες

114 2355 137 2410 ot
163 2351 298 2431 σύνεδροι,
315 2351 442 2432 στρατιάν
467 2351 515 2428 μέν
537 2348 598 2410 ούτε
623 2350 697 2410 αύτοί
725 2352 887 2431 ἐψηφίσαντο

114 2439 229 2518 πέμπειν
245 2439 302 2499 ούτε
318 2438 441 2507 Λατίνοις
455 2437 603 2518 ἐπέτριψεν
620 2438 737 2514 ἐξάγειν·
758 2438 888 2519 πρισόευ·

114 2525 160 2592 τός
174 2527 201 2585 δέ
216 2526 374 2586 ἀπέστειλαν
389 2526 475 2606 τρεῖς,
492 2516 530 2585 ῶν
554 2530 643 2603 ήγείτο
661 2527 769 2594 Κόϊντος
785 2526 888 2596 ditis<

59 2642 87 2681 ας
114 2613 189 2682 ότάς
203 2614 267 2692 πρὸς
280 2613 311 2672 τὸ
327 2613 399 2680 ἐθνος
421 2615 551 2688 συνθήκας
572 2614 763 2693 ποιησόμενος,
784 2614 889 2684 ἐντολάς

115 2704 201 2769 αὐτοῖς
222 2701 307 2768 δόντες
332 2700 507 2761 πυνθάνεσθαι
529 2702 606 2783 ’παρὰ
625 2706 678 2761 τῶν
693 2701 828 2782 ἡγεμόνων
842 2709 888 2766 τοῦ

115 2791 220 2866 ἐθνους,
234 2790 332 2870 πότερα
347 2794 420 2869 κοινῇ
435 2790 528 2872 γνώμῃ
543 2791 576 2850 τά
587 2792 718 2871 λῃστήρια
730 2790 889 2861 ἐξαποστέλ-

112 2885 202 2938 λουσιν
217 2879 252 2946 εἰς
276 2901 304 2938 τε
324 2878 373 2950 τήν
394 2881 446 2936 τῶν
472 2879 623 2960 συμμάχων
637 2879 683 2939 καί
710 2881 746 2948 εἰς
768 2879 816 2952 τήν
836 2884 888 2942 τῶν

113 2965 256 3044 Ῥωμαίων
271 2970 334 3047 γῆν·
354 2963 473 3044 ἐγένοντο
498 2967 550 3049 γόρ
572 2990 639 3035 τινες
660 2967 706 3028 καλ
727 2972 765 3036 εἰς
789 2971 886 3044 ταύτην

57 3088 87 3127 30
113 3056 277 3138 καταδρομαὶ
296 3058 348 3115 τῶν
373 3056 513 3136 φυγάδων·
535 3055 621 3129 ἢτῶν
639 3056 827 3137 πραττομένων
846 3060 889 3119 οὗ·

114 3146 184 3214 δενός
205 3148 261 3206 ἐστι
273 3145 303 3204 τὸ
322 3145 407 3206 κοινόν
431 3144 523 3205 αἰτισν·
543 3144 589 3205 καί
611 3145 656 3205 its
672 3150 754 3228 φῶσιν
779 3147 887 3207 ἰδιωτῶν

113 3235 178 3316 ἔργα
188 3224 254 3294 εἰναι
270 3233 307 3313 μὴ
323 3233 510 3315 ἐπιτρέψαντος
522 3242 567 3296 τοῦ
579 3233 678 3314 δήμου,
693 3233 727 3293 τοί
741 3257 769 3292 τε
783 3241 887 3313 ἡρπασ-

114 3322 180 3401 μένα
194 3325 314 3382 ἀπαιτεῖν
332 3322 377 3381 καὶ
396 3320 455 3389 τοὺς
470 3320 667 3403 ἐργασαμένους
684 3319 719 3380 cd
734 3321 888 3400 ἀδικήματα

114 3411 233 3478 ἐκδότους
254 3409 340 3489 ἀγειν.
383 3409 560 3490 Ἀφικομένων
584 3411 612 3471 δὲ
631 3413 683 3470 τῶν
704 3409 888 3489 πρεσύευτῶν,

58 3537 87 3575 35
115 3498 273 3566 ἀκούσαντες
285 3498 343 3566 τοὺς
367 3497 459 3578 λόγους
481 3502 505 3558 αἰ
530 3500 656 3573 Αἰκανοὶ,
672 3497 786 3579 πλαγίας
801 3500 889 3568 αὐτοῖς

115 3588 207 3647 ἔδοσαν
222 3586 387 3666 ἀποκρίσεις,
406 3590 437 3645 τὀ
450 3585 497 3662 μέν
510 3586 586 3669 ἔργον
600 3588 649 3647 odic
665 3586 718 3647 ἀπὸ
735 3591 823 3659 κοινῆς
842 3587 887 3646 λέ-

114 3699 205 3756 γοντες
228 3676 335 3753 γνώμης
360 3676 510 3755 γεγονέναι,
537 3675 597 3744 τούς
619 3677 648 3738 δέ
678 3677 822 3758 δράσαντας
841 3677 889 3737 oda

115 3765 245 3834 ἀξιοῦντες
268 3763 416 3841 ἐκδιδόναι,
446 3764 521 3826 πόλιν
555 3789 584 3826 τε
613 3764 817 3832 ἀπολωλεκότας
843 3767 889 3824 καί

115 3854 215 3926 ἀλήτας
228 3853 382 3932 γεγονότας,
398 3856 470 3936 σφῶν
488 3853 511 3914 τ’
531 3858 557 3916 ἰν
571 3858 605 3935 τῇ
617 3853 696 3937 πενίφ
708 3852 808 3921 ἱκέτας.
825 3851 888 3935 Ἐφ’

57 3976 86 4016 to
113 3933 151 4010 οἷς
175 3948 189 4002 ό
210 3942 314 4009 didio<
331 3944 487 4021 ἀγανακτῶν
512 3944 559 4004 καί
581 3943 629 4013 τάς
643 3942 800 4026 ψευσθείσας
825 3942 889 4025 πρὸς

114 4034 199 4092 αὐτῶν
214 4030 355 4112 ὁμολογίας
371 4034 601 4112 ἀνακαλούμενος,
617 4036 652 4102 ῶς
672 4024 737 4095 situ
753 4035 887 4116 εἰρωνευσ·

112 4123 207 4200 μένους
229 4121 289 4189 τούς
303 4121 433 4191 Αἰκανούς
445 4123 490 4184 καί
512 4126 548 4192 εἰς
569 4124 665 4204 βουλήν
685 4124 778 4204 χρόνον
801 4126 889 4184 αἰτου-

113 4212 205 4290 μένους
225 4210 345 4286 ξενισμοῦ
356 4233 386 4270 τε
398 4210 477 4291 χόριν
491 4209 695 4292 ἐπικατέχοντας
708 4210 805 4283 αὐτὸν,
824 4212 888 4271 ύιτέ·

112 4301 186 4379 μεενέ
199 4323 227 4359 τε
242 4303 421 4359 κατοπτεῦσαι
438 4297 472 4358 τά
489 4300 515 4358 ἐν
531 4301 653 4379 τῆττολει
670 4299 816 4379 πράγματα
831 4304 889 4379 βου·

54 4410 82 4449 ss
112 4388 235 4467 λόμινος·
257 4388 303 4448 καί
326 4386 426 4458 διεξιὼν
446 4387 534 4446 πάντα
560 4388 640 4449 τόπον
664 4387 733 4448 κατόι
757 4388 887 4468 πρόφασιν

112 4477 221 4557 θεωρίας
248 4476 375 4553 δημόσιόν
397 4499 427 4535 τε
449 4474 494 4535 καί
514 4475 593 4554 ίερόν,
618 4473 652 4535 τό
676 4478 701 4535 τ’
724 4474 886 4557 ἐργαστήρια

112 4567 201 4647 πλήρη
218 4570 284 4647 ὁρῶν
300 4566 405 4626 ἅπαντα
424 4568 576 4645 πολεμικῶν
591 4563 678 4625 όπλων
689 4609 698 4641 ,
709 4569 761 4624 τῶν
777 4565 824 4642 μέν
835 4564 886 4637 ήδη

113 4656 368 4733 συντετελεσμένων,
385 4659 437 4715 τῶν
455 4656 479 4716 δ’
493 4654 534 4714 ἐτι
551 4656 578 4713 ἐν
597 4654 688 4736 χερσὶν
704 4653 803 4728 όντων,
818 4650 886 4732 ἔγνω

113 4742 160 4814 τήν
173 4741 289 4803 διάνοιαν
305 4746 403 4805 αὐτῶν.
428 4744 481 4806 Καὶ
497 4744 657 4824 ἀφικόμενος
666 4745 701 4810 εἰς
711 4743 759 4815 τήν
774 4739 886 4820 Ῥώμην

56 4859 86 4896 sc
114 4830 265 4910 ἀπήγγελλε
279 4833 344 4912 πρὸς
356 4835 405 4904 τήν
422 4833 520 4912 βουλὴν
537 4832 555 4892 ἀ
568 4834 594 4892 τ’
609 4830 720 4904 ήκουσεν
736 4831 781 4892 καί
795 4829 813 4889 ἀ
825 4821 886 4890 εἰδε·

113 4919 222 4993 κάκείνη
238 4918 311 4979 οὖδέν
325 4921 364 4980 ἐτι
382 4919 617 4988 ἐνδοιάσασα-τούς
636 4921 800 5001 εἰρηνοδίκας
820 4921 886 4999 ἐψη-

112 5010 208 5091 φίσατο
226 5007 340 5085 πέμπειν
356 5008 584 5087 καταγγέλλοντας
604 5011 730 5078 Αἰκανοῖς
749 5009 794 5069 τδν
809 5011 887 5070 πόλε-

113 5121 181 5175 μον,
197 5097 242 5158 tis
253 5096 292 5174 μή
307 5094 367 5164 τούς
381 5095 407 5155 τ’
425 5099 568 5158 Ἀντιατῶν
585 5099 702 5180 φνγάδας
716 5098 885 5157 ἀπελιίσωσιν

112 5189 199 5260 ἀκτῆς
209 5187 308 5256 πόλεως
317 5183 364 5245 καλ
374 5182 448 5254 δίκας
457 5192 511 5254 τοῖς
520 5187 689 5266 ἠδικημένοις
703 5185 883 5268 ὑπόσχωνται.

1661 374 1722 437 573

943 503 1076 554 sumtibus.
1111 503 1202 553 Fabius
1216 502 1264 552 hoc
1282 502 1375 554 rodere
1393 506 1444 556 icto
1458 507 1542 571 copias
1566 510 1679 574 reduxit3
1695 519 1721 564 et

944 592 1106 656 magistratus
1116 592 1142 643 iu
1163 605 1255 642 annum
1271 597 1415 657 sequentem
1433 608 1483 645 nna
1502 609 1560 646 cum
1575 598 1668 663 collega
1678 602 1721 654 de-

943 680 1060 745 signarit.

973 874 1023 924 Lx.
1035 874 1157 925 Consules
1166 877 1251 925 autem
1274 875 1306 924 ab
1322 874 1372 925 illis
1382 875 1504 941 designati
1517 883 1576 929 sunt
1590 881 1634 945 Sp.
1657 884 1718 933 Ροε-

944 960 1039 1011 tumius
1060 961 1165 1012 Albinus
1180 966 1206 1012 ct
1225 967 1256 1021 Q.
1280 962 1402 1013 Servilius
1421 964 1520 1016 Priscus
1545 968 1645 1020 iterum.
1678 970 1723 1020 llis

944 1052 1087 1104 consulibus
1096 1055 1169 1120 AEqui
1184 1054 1339 1105 conditiones
1359 1058 1426 1120 pacis
1440 1071 1497 1109 curn
1512 1062 1602 1126 populo
1613 1065 1723 1114 itomano

944 1159 1028 1196 recens
1042 1147 1114 1197 tacta
1137 1147 1230 1198 violare
1247 1148 1303 1199 ausi
1321 1151 1382 1199 suut
1408 1149 1460 1200 tali
1474 1151 1506 1203 de
1517 1167 1614 1205 caussa.
1640 1156 1723 1206 Antia·

944 1239 990 1294 ies,
1004 1237 1048 1301 qui
1060 1236 1156 1287 urbana
1170 1242 1195 1288 et
1214 1238 1308 1288 rustica
1325 1240 1417 1304 pradia
1435 1242 1571 1304 habebant,
1588 1245 1613 1295 in
1623 1245 1722 1299 iilisre-

941 1331 1095 1388 manserunt,
1118 1333 1193 1393 atquc
1214 1343 1286 1394 agros
1307 1332 1491 1395 possessionum
1512 1337 1563 1384 tam
1582 1338 1629 1388 sibi
1648 1338 1718 1388 retic-

941 1420 1023 1470 tarum
1033 1435 1062 1471 sc
1072 1422 1225 1487 propriarum
1235 1437 1311 1488 quam
1321 1437 1416 1486 earum,
1428 1440 1506 1491 qrraea
1519 1427 1613 1478 colonis
1625 1429 1721 1479 inerant

942 1610 1019 1658 tutam
1042 1610 1170 1661 fructuum
1193 1615 1289 1676 partem
1311 1613 1405 1664 colonis
1424 1613 1576 1679 penderent;
1598 1616 1640 1678 qui
1661 1629 1721 1666 vero

944 1684 1005 1749 nihii
1018 1699 1067 1750 tate
1080 1700 1213 1763 habebant,
1226 1702 1311 1752 urbem
1329 1702 1509 1765 deseruerunt,
1524 1710 1550 1756 et
1563 1706 1678 1759 lubenter
1691 1708 1723 1759 atr

944 1790 1032 1856 AEquis
1045 1792 1157 1856 excepti,
1178 1796 1307 1858 eruptione
1324 1795 1381 1846 inde
1399 1794 1474 1857 facta,
1494 1798 1638 1849 Latinorum
1649 1814 1722 1865 agros

944 1885 1079 1936 latrociniis
1103 1885 1263 1938 infestabant.
1298 1890 1387 1939 Postea
1407 1893 1545 1954 AEquorum
1564 1892 1722 1946 audacissimi

944 1978 1046 2044 quique,
1066 1983 1092 2030 et
1106 1993 1228 2045 pauperes
1246 1980 1278 2031 ad
1299 1994 1354 2030 eam
1368 1980 1555 2032 latrociniorum
1577 1986 1720 2036 societatem

945 2085 972 2122 se
989 2071 1146 2124 addiderunt.
1180 2073 1225 2124 liis
1248 2072 1280 2123 de
1301 2073 1375 2123 rebus
1400 2074 1495 2125 latinis
1513 2076 1580 2140 apud
1605 2080 1719 2130 senatum

944 2162 1108 2226 querentibus
1122 2166 1148 2212 et
1168 2162 1364 2226 postulantibus,
1380 2167 1409 2213 ut
1429 2167 1473 2214 aut
1486 2164 1623 2216 exercitum
1636 2167 1721 2218 mitte·

945 2258 1013 2313 rent,
1030 2259 1073 2304 aut
1094 2255 1141 2304 sint
1162 2255 1223 2319 ipsis
1240 2255 1413 2320 permitterent
1433 2270 1475 2307 eos
1490 2256 1584 2317 ulcisci,
1601 2259 1721 2324 aquibus

944 2347 1010 2400 bello
1039 2352 1109 2399 erant
1122 2348 1244 2407 lacessiti,
1256 2352 1355 2408 Patres,
1366 2349 1414 2399 hac
1424 2363 1452 2399 re
1467 2351 1578 2414 cognita,
1590 2366 1635 2403 nec
1648 2365 1721 2403 erer-

945 2444 1022 2495 citum
1045 2443 1145 2493 mittere
1168 2442 1345 2504 decreverunt,
1365 2457 1412 2494 nec
1438 2444 1532 2494 Latinis
1556 2459 1615 2495 suas
1637 2447 1720 2511 copias

945 2537 1050 2588 educere
1068 2536 1242 2601 penniserunt‚
1255 2535 1310 2594 scd,
1335 2535 1422 2587 eiectis
1440 2535 1521 2586 tribus
1540 2536 1642 2601 legatis,
1655 2553 1720 2603 quo·

945 2644 1001 2680 rum
1017 2629 1130 2695 princeps
1145 2631 1198 2678 erat
1212 2633 1242 2687 Q.
1258 2628 1364 2687 Fabius,
1378 2628 1422 2694 qui
1436 2642 1522 2693 pacem
1532 2643 1591 2678 cum
1609 2635 1722 2694 cogente

945 2722 1045 2780 fecerat,
1058 2721 1118 2786 ipsis
1132 2719 1297 2779 mandarunt,
1312 2724 1341 2770 ut
1354 2724 1496 2785 quererent
1507 2734 1539 2770 ex
1552 2721 1632 2784 gentis
1644 2722 1720 2774 titius

944 2815 1108 2883 principibus,
1141 2816 1226 2862 utrum
1249 2810 1282 2862 de
1300 2812 1425 2862 communi
1450 2826 1571 2864 consensu
1594 2812 1720 2864 latronum

944 2906 1067 2959 manusin
1080 2905 1203 2955 sociorum
1218 2906 1244 2954 et
1262 2903 1346 2968 populi
1359 2903 1462 2955 itomani
1478 2918 1566 2967 agrum
1583 2906 1666 2956 missa
1682 2920 1722 2957 es·

944 3001 1078 3063 κεκλήσεαι
1092 3001 1117 3048 et
1129 2999 1155 3048 in
1167 3011 1225 3048 eum
1238 2996 1397 3047 excursiones
1412 2995 1530 3062 quedam
1548 2997 1580 3047 ab
1593 2998 1721 3049 exsulibus

945 3093 1019 3144 tactae
1038 3090 1125 3153 erant)
1140 3104 1172 3140 an
1201 3088 1264 3139 nihii
1280 3101 1366 3139 eorum
1388 3088 1488 3153 publico
1504 3089 1606 3140 consitio
1627 3087 1721 3140 tactum

944 3188 1027 3236 esset:
1040 3188 1066 3234 et
1080 3184 1101 3234 si
1123 3182 1314 3248 responderent,
1335 3195 1363 3232 ea
1376 3181 1484 3233 facinora
1501 3182 1656 3246 privatorum
1669 3198 1722 3234 esse

944 3280 1031 3329 contra
1054 3275 1140 3341 poputi
1160 3275 1332 3331 voluntatem.
1353 3287 1394 3324 res
1412 3276 1498 3338 captas
1521 3278 1677 3339 repeterent,
1696 3281 1722 3328 et

944 3379 1028 3426 sontes
1048 3375 1092 3440 qui
1120 3375 1176 3424 haec
1207 3372 1315 3423 facinora
1337 3375 1494 3436 patrassent,
1516 3372 1548 3421 ad
1572 3371 1721 3436 supplicium

945 3466 1003 3518 dedi
1028 3465 1190 3532 postularent.
1231 3463 1329 3529 legatis
1363 3461 1480 3528 protectis
1515 3464 1605 3528 AEqui,
1629 3462 1723 3513 auditis

944 3571 1031 3609 eorum
1054 3556 1222 3623 querimoniis,
1244 3553 1361 3618 ambigua
1388 3553 1513 3604 dederunt
1531 3568 1660 3619 responsa,
1675 3569 1722 3607 ne·

947 3653 1034 3716 gentes
1056 3648 1083 3701 id
1108 3647 1204 3700 mainus
1218 3645 1250 3697 de
1275 3646 1400 3697 communi
1429 3647 1551 3698 sententia
1576 3646 1684 3708 tactum,
1697 3652 1723 3700 et

944 3742 1045 3793 minime
1072 3754 1174 3807 aequum
1197 3742 1327 3789 censentes
1342 3782 1349 3796 ,
1362 3743 1477 3789 auctores
1499 3738 1605 3797 dedere,
1630 3740 1675 3804 qui
1697 3744 1723 3791 et

945 3837 1031 3889 urbem
1044 3851 1116 3888 suam
1129 3835 1275 3892 amiserant,
1295 3837 1321 3886 et
1334 3847 1434 3886 aiones
1453 3838 1532 3894 erant,
1549 3839 1575 3885 et
1589 3834 1621 3885 ad
1637 3849 1665 3886 se
1676 3848 1721 3900 pe·

945 3930 1017 3982 nuria
1024 3930 1103 3981 coacti
1115 3929 1240 3995 supplices
1251 3928 1420 3990 confugerant.
1433 3926 1531 3985 Quibus
1544 3929 1620 3978 rebus
1631 3927 1723 3978 Fabius
1767 3984 1769 3988 f

944 4025 1101 4090 indignatus,
1124 4027 1150 4076 et
1169 4023 1270 4074 luderis
1295 4021 1369 4073 tidem
1392 4021 1512 4071 uiolatam
1527 4022 1674 4087 implorans,
1693 4026 1723 4072 nt

944 4120 1008 4170 viui
1019 4122 1114 4186 equos
1132 4117 1249 4173 moute
1264 4131 1353 4183 mere,
1373 4103 1523 4182 tempusque
1535 4116 1567 4166 so
1578 4117 1722 4169 aetimun-

944 4215 1005 4264 dum
1014 4217 1108 4278 petere,
1116 4216 1177 4265 etse
1190 4226 1234 4278 per
1246 4211 1354 4277 speciem
1367 4209 1547 4274 hospitalitatis
1561 4209 1593 4260 ab
1609 4210 1670 4275 ipsis
1681 4210 1723 4262 de·

944 4304 1030 4364 lineri,
1050 4303 1180 4372 remansit,
1193 4302 1254 4369 quia
1273 4301 1373 4353 volebat
1409 4315 1449 4352 res
1474 4316 1561 4353 eorum
1582 4303 1719 4367 explorare.

944 4398 1027 4455 Quare
1054 4408 1100 4460 per
1121 4395 1228 4459 speciem
1259 4393 1444 4460 contemplandi
1467 4394 1654 4445 circumductus
1676 4406 1720 4456 per

942 4486 1025 4537 omnia
1035 4486 1089 4537 loca
1103 4489 1129 4537 et
1140 4486 1239 4550 publica
1259 4490 1284 4537 et
1302 4501 1390 4545 sacra,
1405 4490 1431 4537 et
1445 4483 1559 4536 officinas
1574 4485 1669 4536 bellicis
1680 4498 1722 4534 ar·

942 4576 991 4626 mis
1004 4574 1112 4640 repletas
1122 4574 1217 4634 ridens,
1233 4589 1342 4640 quorum
1355 4575 1473 4640 quasdam
1483 4576 1535 4640 jam
1551 4572 1667 4637 perlecta,
1680 4586 1722 4622 re-

943 4664 1103 4731 liquandhuc
1113 4664 1139 4715 in
1149 4664 1265 4715 manibus
1277 4668 1354 4723 erant,
1371 4668 1479 4715 mentem
1495 4677 1581 4714 eorum
1591 4660 1718 4724 cognovit;

942 4758 968 4806 et
985 4757 1087 4806 Romam
1108 4766 1223 4805 reversus
1244 4754 1342 4804 senatui
1360 4753 1520 4809 renuntiavit,
1542 4746 1665 4815 quidquid
1679 4760 1721 4796 au·

942 4843 1022 4896 diunt
1036 4846 1061 4893 et
1085 4842 1208 4908 quidquid
1227 4842 1334 4893 viderat.
1370 4841 1422 4900 itte,
1441 4840 1504 4890 nihil
1522 4838 1628 4900 amptius
1644 4849 1720 4884 cune-

942 4936 1020 4991 tatus‚
1033 4930 1143 4981 decrevit
1154 4931 1253 4981 mittere
1264 4929 1374 4991 feciales,
1393 4930 1437 4994 qui
1451 4926 1544 4977 trellum
1556 4923 1643 4988 AEquis
1651 4923 1719 4974 indi·

942 5023 1040 5078 cerent,
1061 5019 1108 5070 nisi
1131 5021 1230 5070 exsules
1248 5019 1375 5069 Antiatum
1400 5016 1461 5065 urbe
1479 5012 1612 5077 pellerent,
1632 5016 1658 5062 et
1674 5027 1720 5077 pro

942 5107 1038 5172 injuriis
1049 5107 1257 5171 poputottomano
1268 5105 1379 5155 illatisse
1391 5101 1451 5166 ipsis
1462 5097 1633 5150 satisfacturos
1646 5101 1720 5165 potti-

942 5197 1066 5247 ccrentur.
1092 5194 1167 5260 AEqui
1184 5192 1305 5245 audacius
1323 5191 1410 5257 legatis
1424 5189 1604 5256 responderunt
1620 5211 1627 5240 ι
1644 5205 1719 5255 seque
