3772 5828
612 352 904 426 ad'llbt‘li'drb‘tl
925 353 1072 417 ROMAN.
1095 358 1169 419 Lib.
1194 361 1232 420 X.

110 483 157 563 pia
172 474 217 544 ούν
231 483 332 554 ἐκείνην
347 481 395 556 τήν
415 481 518 564 ἡμέραν
540 486 615 560 θυμῶ
637 483 774 564 φερόμενοι
792 484 889 567 δρᾶσαί

109 597 134 633 τι
144 575 167 632 οἱ
178 572 313 654 δήμαρχοι
326 573 395 633 κατάι
410 577 463 632 τῶν
474 573 610 645 indicavi
633 579 680 644 τῆς
695 577 791 654 βουλῆς
802 577 886 655 προή·

108 669 227 742 χθησαν,
250 662 323 723 οὐδὲν
345 662 376 719 ἂν
392 652 424 733 iv
438 663 468 720 τὸ
491 663 609 722 κωλῦσον
634 665 716 736 αὐτὴν
745 667 787 743 ὑφ’
808 669 888 738 αὑτῆς

109 751 277 810 ἀπολωλέναι
295 750 344 821 τήν
360 751 453 809 πολιν·
474 749 556 818 ιύτως
581 751 683 828 ἕτοιμοι
703 752 798 819 πάντες
821 746 888 825 ἦσαν

69 877 82 912 5,
110 837 154 897 ἐπὶ
165 839 200 896 cii
209 839 280 899 ὅπλα
292 839 338 898 καὶ
352 838 395 898 τδν
408 842 469 896 κατ’
485 839 608 909 ἀλλήλων
625 843 752 916 ποθιιμον.
793 845 850 903 Νῦν
861 842 889 902 δὲ

111 927 305 1004 ἀναδαλόμενοι
318 927 352 986 sii
363 928 528 1008 πράγματα,
541 929 587 988 καί
604 929 690 997 δόντες
709 935 810 997 ἑαυτοῖς
822 931 888 1012 χρό·

112 1040 154 1075 νον
173 1019 207 1082 είς
224 1016 323 1096 ἀμείνω
341 1019 485 1095 λογισμόν,
502 1018 576 1079 αὐτοί
593 1041 622 1078 τι
646 1019 813 1100 μετριώτεροι
834 1020 890 1099 ἀγί-

112 1128 185 1163 νοντο
198 1105 243 1163 καὶ
261 1104 308 1172 τὰς
322 1109 373 1164 τῶν
388 1107 494 1165 πολλῶν
506 1105 585 1184 δργίις
598 1108 740 1187 ἔπράῦναν.
774 1105 889 1169 Ἔπειτα

112 1194 145 1271 τῇ
159 1192 216 1264 ἑξῆς
227 1192 331 1274 ήμῖρφ,
344 1194 392 1266 τὴν
407 1195 498 1275 τρίτην
513 1197 561 1254 ἀπ’
576 1194 676 1268 ἐκείνης
692 1197 819 1273 ἐσομένην
832 1201 892 1273 ἀγο-

60 1314 86 1354 lo
115 1281 161 1361 ρθν
173 1283 357 1362 προειπόντες,
375 1285 402 1341 ἐν
418 1277 434 1364 ᾖ
453 1284 497 1343 τδν
513 1287 597 1362 δῆμον
616 1284 756 1355 συνάξουσι
775 1286 821 1345 καί
840 1289 889 1357 ζη-

113 1370 176 1447 μίαν
202 1371 357 1431 ε’πιδαλοῦσι
379 1373 432 1440 τοῖς
454 1373 562 1440 ὑπάτοις
586 1376 743 1454 ἀργυρικήν,
768 1373 890 1435 διέλυσαν

112 1459 160 1530 τὴν
172 1460 325 1532 ἐκκλησίαν.
369 1459 451 1520 Ἐπεί
467 1460 494 1520 δὲ
505 1461 617 1534 πλησίον
630 1455 662 1534 ἦν
674 1467 688 1522 δ
701 1463 809 1544 χρόνος,
825 1464 887 1522 ἀπέ·

114 1571 213 1620 στησαν
229 1547 274 1609 καλ
288 1547 388 1622 ταύτης
401 1554 448 1621 τῆς
464 1551 589 1622 ῖπιδολῆς
602 1557 635 1630 τῇ
648 1549 735 1621 δεήσει
747 1554 798 1610 τῶν
820 1573 891 1630 πρε-

113 1636 251 1697 σὸυτάτων
275 1659 304 1694 τε
326 1638 372 1695 καί
390 1638 565 1714 ἐντιμοτάτων
583 1636 630 1709 τήν
645 1638 723 1719 χάριν
740 1638 890 1699 ἀνατιθέναι

61 1757 86 1795 15
113 1723 242 1801 λέγοντες.
269 1726 322 1784 Καὶ
337 1725 405 1801 μετδι
419 1734 502 1787 ταῦτα
524 1726 715 1806 συναγαγόντες
730 1725 774 1785 τόν
791 1727 891 1800 δῆμον,

113 1812 201 1890 ἔλεγον
233 1812 274 1872 ότι
298 1813 344 1881 τὰς
371 1813 419 1890 μὲν
446 1816 482 1881 είς
515 1815 623 1882 ἑαυτοὺς
656 1813 743 1893 ύόρεις
768 1813 891 1894 ἀφείκασι

113 1900 289 1979 χαρισάμενοι
305 1901 411 1967 πολλοῖς
433 1903 478 1961 καὶ
498 1907 604 1982 ἀγαθοῖς
618 1902 730 1982 ἀνδράσι
744 1902 889 1978 δεομένοις,

115 1979 153 2055 οἷς
170 1993 217 2049 οὐκ
230 1980 262 2060 ἦν
278 1986 348 2048 δσιον
366 1990 528 2068 ἀντιλέγειν·
546 1982 583 2050 ῶν
603 1988 631 2052 δὲ
648 1995 662 2050 δ
679 1993 760 2066 δῆμος
778 1989 890 2063 ήδίκητο

115 2076 232 2136 κωλυταῖ
241 2101 270 2137 τε
284 2080 329 2137 καὶ
344 2080 454 2160 τιμωροὶ
470 2078 588 2140 ἔσεσθαι.
604 2077 754 2153 Προθήσειν
771 2078 823 2160 gip
838 2070 890 2139 αθ-

61 2204 88 2244 ,η
115 2173 153 2233 θις
165 2167 207 2225 τόν
223 2189 252 2226 τι
265 2168 325 2246 περὶ
340 2171 387 2240 τῆς
407 2167 570 2248 κληρουχίας
584 2168 663 2245 νόμον
686 2166 732 2240 ἔτη
749 2169 891 2246 τριάκοντα

114 2253 360 2335 παρειλκυσμίνον,
382 2255 429 2315 καί
451 2257 495 2315 τὸν
509 2254 570 2336 περί
588 2261 636 2327 τῆς
653 2255 803 2332 ἰσονομίας,
820 2253 848 2314 δν
868 2256 892 2314 οί

114 2343 166 2423 πρδ
182 2346 269 2404 αὐτῶν
287 2343 421 2425 δήμαρχοι
434 2345 572 2424 προθίντες
588 2346 636 2403 ούκ
650 2345 828 2425 ίπεψήφισαν.

155 2433 289 2494 XXXVI.
313 2434 405 2492 Ταῦτα
417 2429 596 2511 ὑποσχόμενοι
608 2430 654 2488 καί
666 2431 809 2508 ὀμόσαντες
823 2432 891 2492 ἀπί-

116 2520 201 2589 δειξαν
213 2522 327 2600 ἡμέρας,
340 2522 367 2580 ἐν
382 2510 424 2587 οἷς
442 2517 542 2600 ἀγορὰν
556 2518 714 2592 ποιήσονται
728 2525 774 2579 τοῦ
789 2520 891 2597 δήμου,

61 2682 63 2687 Ι
116 2606 227 2673 καὶτὰς
249 2605 352 2687 ψήφους
371 2605 537 2666 ἀναδώσουσι
551 2604 612 2687 περί
634 2607 687 2665 τῶν
709 2605 807 2684 νόμων·
831 2609 891 2668 ἀπι-

116 2694 225 2760 στάντος
240 2694 267 2753 δὲ
288 2702 333 2754 τοῦ
347 2696 457 2773 χρόνου,
475 2698 580 2776 πρῶτον
595 2692 726 2774 εἰσέφερον
745 2695 789 2755 τὸν
803 2720 891 2780 χωρο-

115 2783 221 2857 νομικὸν
236 2782 334 2861 νόμον,
360 2784 406 2842 καῖ
430 2781 543 2850 πολλοὺς
564 2783 705 2851 διελθόντες
725 2781 818 2863 λόγους
832 2787 892 2846 ίιιά-
912 2805 915 2813 ·

115 2872 176 2932 λουν
200 2873 283 2941 εἴτις
310 2875 349 2952 τῷ
373 2873 448 2954 νόμῳ
481 2870 665 2952 συναγορεύειν
691 2872 814 2950 βούλεται
840 2879 893 2935 τῶν

115 2963 274 3039 δημοτικῶν.
317 2963 431 3023 Πολλῶν
449 2962 476 3021 δύ
496 2962 645 3044 παριόντων
666 2962 712 3021 καί
731 2961 779 3027 τδις
793 2966 893 3024 ἑαυτῶν

61 3093 88 3132 3„
114 3050 238 3131 πράξεις,
255 3051 285 3120 ἃς
301 3053 327 3109 ἐν
339 3059 392 3117 τοῖς
411 3051 536 3127 πολέμοις
555 3049 736 3120 ἀπεδείξαντο.
758 3074 893 3135 προφερο-

117 3142 200 3218 μένων
223 3143 268 3199 καὶ
291 3139 530 3218 ἀγανακτούντων,
555 3137 597 3200 δτι
620 3140 721 3210 πολλὴν
738 3142 894 3221 ἀφελόμενοι

116 3234 165 3309 γῆν
193 3227 252 3297 τοὺς
271 3229 424 3306 πολεμίους,
451 3229 525 3290 αὐτοὶ
550 3228 598 3305 μίν
620 3228 746 3306 οὐδεμίαν
771 3230 894 3312 εἰλήφασι

116 3327 229 3399 μοῖραν,
244 3315 303 3384 τοὺς
316 3318 342 3377 it
355 3316 477 3397 χρήμασι
497 3317 544 3376 καί
566 3315 650 3397 φίλοις
670 3317 793 3384 δυνατούς
813 3322 893 3401 ἐσφε-

116 3406 281 3487 τεριομένους
294 3409 376 3485 δρῶσι
392 3406 425 3464 τδι
440 3405 515 3465 κοινδι
528 3403 575 3463 καί
590 3406 790 3486 καρπουμένους
805 3409 834 3464 itt
848 3411 893 3467 τοῦ

119 3494 285 3574 βιαιοτάτου,
308 3493 493 3563 &iaciasiacias
517 3491 555 3568 μὴ
580 3491 658 3571 μόνον
682 3491 742 3560 τοὺς
764 3494 895 3562 κινδύνους

118 3573 185 3641 εἶναι
204 3580 335 3662 τῷδήμῳ
353 3584 412 3649 τοὺς
434 3581 501 3660 ὑπὲρ
519 3583 571 3640 τῶν
591 3584 685 3641 κοινῶν
708 3583 814 3659 ἀγαθῶν
838 3606 893 3642 κοι·

118 3669 191 3742 νοός,
208 3668 276 3728 ἀλλὰ
289 3679 335 3727 καὶ
356 3668 403 3735 τὰς
417 3672 465 3730 ἀπ’
486 3671 570 3730 αύτῶν
585 3671 679 3743 ἡδονάς
702 3693 732 3730 τε
756 3669 802 3729 καί
821 3671 893 3754 ὠφε-

118 3759 202 3830 λείας,
221 3758 267 3817 καῖ
287 3764 333 3817 τοῦ
350 3757 465 3831 πλήθους
481 3758 601 3836 ἀσμένως
615 3758 754 3826 ἀκούοντος
769 3757 828 3827 τοὺς
847 3760 893 3820 λό-

117 3871 191 3924 γους,
215 3850 229 3905 ό
258 3846 376 3922 μάλιστα
405 3843 553 3927 ἐπιρρώσας
578 3845 622 3906 τδν
648 3848 728 3923 δῆμον
758 3848 804 3907 καί
828 3848 896 3926 μηδὲ

118 3938 205 4014 φωνὴν
230 3935 367 4011 ὑπομένειν
396 3938 448 3994 τῶν
475 3935 662 4013 ἀντιλεγόντων
686 3934 896 4015 διαπραξάμενος

117 4018 149 4098 ἦν
169 4023 278 4090 Λεύκιος
293 4024 414 4096 Σίκκιος,
440 4024 570 4092 Δεντάτος
588 4025 814 4100 ἐπικαλούμενος,
829 4031 896 4088 πολ·

118 4118 164 4184 ile
188 4114 259 4174 πάνυ
284 4114 330 4173 καί
352 4116 471 4191 μεγάλας
500 4118 594 4174 ἑαυτοῦ
617 4113 724 4194 πράξεις
747 4115 895 4186 διεξελθών.

118 4197 171 4267 Ἧι
190 4205 217 4264 δὲ
231 4203 343 4287 ὀφθῆναί
357 4226 386 4262 τε
400 4201 573 4281 θαυμαστθςδ
590 4200 672 4282 ἀνὴρ,
687 4202 733 4263 καί
749 4205 852 4277 ἡλικίας
869 4208 895 4264 iv

118 4299 156 4374 τῷ
166 4292 313 4372 κρατίστῳ,
329 4292 398 4350 δυεῖν
414 4289 505 4351 δύοντα
520 4289 645 4362 ίξήκοντα
665 4290 778 4370 γεγονώς
790 4293 835 4366 ἔτη
850 4295 896 4353 καί

63 4422 90 4462 γ,
119 4387 246 4465 φρονῆσαι
259 4383 293 4442 τὰ
306 4381 398 4441 δέοντα
411 4380 500 4447 ἱκανὸς
522 4382 604 4439 είπεῖν
622 4403 667 4457 τε,
684 4382 721 4449 ῶς
734 4380 897 4458 στρατιώτης

118 4474 164 4530 οὐκ
187 4471 323 4541 ἀδύνατος.
366 4467 440 4548 Ἔφη
463 4468 491 4528 δθ
513 4457 557 4525 σύν
577 4468 726 4548 παρελθών·
742 4495 755 4522 ιι
767 4459 897 4546 Ἐγὼ,ῶ

120 4587 132 4611 ιι
146 4559 274 4634 δημόται,
287 4562 348 4620 καθ’
369 4559 482 4621 δκαστον
497 4554 572 4638 ἔργον
590 4559 643 4616 τῶν
661 4557 721 4635 ἐμοί
737 4557 898 4639 πεπραγμέ-

121 4676 133 4700 ιι
148 4671 214 4725 νων,
240 4653 262 4709 εἰ
287 4650 433 4731 βουλοίμην
455 4647 558 4725 λέγειν,
575 4646 693 4708 ἀπιλίποι
715 4646 747 4705 ἀν
771 4671 804 4723 με
819 4650 833 4706 δ
850 4651 898 4720 τῆς

121 4765 134 4789 ιι
148 4735 248 4815 ἡμέρας
262 4739 366 4818 χρόνος.
409 4735 487 4799 Adsis
508 4737 537 4796 δῖ
553 4733 588 4795 τά
605 4736 737 4818 κεφάλαια
754 4735 788 4795 δι’
808 4737 898 4817 liupi-

66 4864 94 4901 ,η
121 4854 134 4878 ιι
149 4848 217 4884 στων
236 4828 271 4893 ῶς
283 4824 335 4904 ῖμή
349 4825 459 4903 δύναμις
475 4826 538 4909 ἀρῶ.
552 4825 770 4904 Τετταροικοστδν
781 4824 829 4903 μὲν
842 4826 898 4894 iso<

121 4944 133 4969 a
150 4912 206 4974 ἐστί
230 4937 274 4991 μοι
295 4918 389 4987 τοῦτο,
406 4914 433 4983 ἐξ
445 4906 476 4973 ού
495 4914 676 4991 στρατεύομαι
697 4911 763 4994 θπῖρ
779 4918 827 4987 τῆς
843 4937 896 4973 πα-

121 5033 134 5058 ιι
146 5002 245 5084 τρίδος,
260 5001 414 5080 τριακοστόν
434 5003 457 5060 δ’
474 4995 544 5071 itai
562 5006 754 5083 στρατιωτικῆς
774 5001 815 5061 ἀεί
828 5024 897 5069 τινος

122 5122 134 5143 a
151 5089 291 5171 ἡγεμονίας
305 5087 447 5168 τυγχάνω,
467 5091 528 5152 τοτέ
543 5091 591 5167 μὲν
611 5091 723 5173 σπείρας
736 5087 895 5170 ἡγούμενος,

123 5210 135 5235 a
149 5182 207 5241 τοτῖ
237 5178 265 5239 ii
287 5176 350 5237 δλου
373 5174 523 5255 τάγματος,
549 5178 693 5257 ἀρξάμενος
717 5180 764 5259 ἀφ’
789 5178 896 5239 ὑπάτων

1659 379 1718 439 615

943 496 1069 555 eonsules,
1097 499 1136 549 rel
1168 504 1281 552 senatum
1300 503 1425 564 iacerent,
1440 507 1500 558 nibil
1524 512 1643 565 vetuisset
1661 520 1720 581 quin

942 591 1030 643 civitas
1052 608 1079 644 sa
1101 596 1227 659 perderet;
1253 599 1315 648 adeo
1334 613 1420 651 omnes
1443 603 1474 652 ad
1493 619 1562 656 arina
1580 612 1604 658 et
1630 610 1720 664 bellum

944 687 1016 739 civile
1035 691 1112 753 parati
1138 697 1216 743 erant·
1250 697 1305 745 lam
1327 710 1387 746 rero
1417 700 1491 750 rebus
1514 701 1611 765 dilatis,
1624 706 1721 771 sibique

944 785 1005 850 ipsis
1026 790 1137 851 tempore
1150 791 1181 839 ad
1199 792 1322 841 maturius
1344 793 1531 847 deliberandum
1545 800 1613 859 dats,
1636 808 1662 853 et
1674 804 1721 866 ipsi

944 884 1056 935 mitiores
1067 892 1124 936 sunt
1138 888 1204 947 iacti,
1219 893 1244 940 ei
1259 891 1394 940 multorum
1409 893 1512 944 aliorum
1528 896 1578 947 iras
1589 899 1720 949 lenierunt.

945 1099 1020 1149 quam
1040 1089 1176 1138 convocato
1190 1086 1281 1150 populo
1300 1088 1419 1139 muletam
1441 1092 1608 1154 pecuniariam
1632 1106 1723 1144 ουιιειι-

946 1181 1011 1234 libus
1027 1185 1171 1249 irrogarent,
1187 1185 1329 1235 concionem
1353 1186 1507 1239 dimiserunt.
1539 1195 1623 1250 Quum
1638 1193 1722 1242 autem

946 1284 1045 1346 tempus
1056 1283 1107 1347 jam
1122 1284 1237 1338 instaret,
1251 1283 1283 1333 ab
1292 1284 1340 1333 hoc
1348 1297 1448 1348 quoque
1459 1289 1584 1352 proposito
1592 1294 1618 1340 ot
1633 1291 1723 1339 conatu

946 1376 1109 1438 destiterunt,
1120 1393 1147 1430 se
1156 1380 1220 1429 liano
1235 1381 1336 1442 gratiam
1356 1380 1414 1430 datu
1428 1383 1530 1434 altisimi
1544 1389 1567 1435 ot
1585 1385 1722 1437 honoratis·

946 1475 1003 1525 simi
1028 1478 1150 1541 cujusque
1179 1478 1291 1542 precibus
1320 1479 1457 1530 condonare
1484 1482 1601 1533 dicentes.
1635 1486 1724 1535 Postea

946 1580 1082 1626 convocato
1101 1576 1201 1641 populo,
1217 1577 1335 1627 dixerunt
1349 1579 1448 1642 cuipam
1462 1580 1486 1629 in
1496 1594 1523 1631 se
1537 1582 1671 1632 admissam
1684 1596 1722 1633 re·

947 1675 1046 1723 mittere
1059 1687 1085 1723 se
1098 1674 1121 1722 in
1137 1673 1239 1733 gratiam
1252 1674 1389 1723 multorum
1407 1688 1437 1724 ac
1450 1675 1583 1739 proborum
1598 1678 1724 1739 virorum,

946 1784 1052 1833 quorum
1062 1770 1177 1835 precibus
1187 1770 1247 1818 nibil
1258 1784 1348 1833 negare
1362 1770 1399 1820 ias
1409 1774 1524 1834 putarent
1536 1791 1542 1821 ι
1555 1774 1598 1824 sed
1612 1775 1725 1838 iniuriam

948 1866 993 1931 ipsi
1009 1866 1075 1930 plebi
1093 1866 1184 1916 luctam
1197 1878 1224 1915 ae
1239 1865 1337 1915 ulturos
1347 1879 1377 1916 ac
1396 1868 1573 1930 prohibituros.
1607 1874 1638 1923 Se
1660 1875 1724 1925 enim

947 1965 1115 2029 proposituros
1144 1963 1223 2027 ligem
1241 1963 1361 2025 agrariam
1382 1964 1434 2026 jam
1462 1979 1507 2029 per
1532 1968 1631 2031 triginta
1649 1984 1726 2021 annus

949 2064 1099 2118 extractam.
1113 2063 1138 2111 et
1158 2060 1309 2125 rogationem
1330 2058 1361 2110 de
1381 2061 1503 2123 aequando
1522 2062 1621 2125 jure,a
1643 2066 1727 2128 proxi-

947 2160 994 2210 mis
1012 2159 1178 2225 superioribus
1196 2157 1301 2208 tribunis
1327 2157 1497 2222 propositam,
1520 2161 1565 2212 aed
1598 2175 1647 2212 non
1668 2175 1725 2228 per·

946 2257 1030 2307 latam.

977 2445 1090 2496 xxxvi.
1108 2445 1168 2494 llaec
1184 2441 1284 2507 polliciti
1305 2443 1331 2492 et
1349 2441 1509 2506 jurejurando
1522 2443 1647 2504 adhibito,
1660 2445 1727 2501 diem

947 2537 1105 2589 comitiorum
1127 2534 1286 2594 indixerunt,
1310 2547 1359 2596 quo
1377 2547 1404 2583 se
1422 2534 1542 2599 populum
1565 2535 1591 2586 in
1610 2538 1726 2603 sutfragia

948 2632 1032 2697 legum
1043 2644 1131 2680 caussa
1160 2629 1280 2679 missuros
1305 2630 1428 2681 dixerunt.
1463 2630 1547 2686 Quum
1572 2634 1655 2679 aulem
1675 2629 1728 2685 dies

950 2723 1073 2783 venisset,
1093 2720 1200 2785 primum
1223 2719 1301 2782 legem
1323 2721 1444 2784 agrariam
1469 2719 1625 2784 protulerunt
1644 2725 1727 2785 atoue,

949 2820 1007 2882 post
1025 2816 1122 2878 longam
1138 2815 1274 2865 orationem
1299 2831 1313 2865 a
1334 2830 1360 2866 se
1380 2814 1499 2874 habitam,
1516 2815 1596 2865 cuivis
1614 2816 1646 2865 do
1658 2816 1728 2880 plebe

950 2910 1010 2972 legis
1036 2908 1168 2959 suadendae
1196 2910 1343 2973 potestatem
1383 2910 1504 2958 iecerunt.
1542 2912 1625 2967 Quum
1642 2913 1726 2962 autem

950 3005 1021 3057 multi
1041 3003 1199 3070 prodiissent,
1212 3006 1237 3052 et
1248 3016 1287 3053 res
1300 3002 1364 3053 bello
1373 3003 1492 3066 praeclare
1503 3015 1518 3052 a
1535 3015 1561 3053 se
1573 3007 1729 3066 gestascom·

949 3102 1136 3159 memorassem,
1155 3100 1180 3147 et
1193 3110 1246 3146 rem
1259 3094 1382 3159 indignam
1398 3108 1452 3145 esse
1474 3095 1649 3156 clamitassent,
1661 3096 1729 3160 quod

950 3208 982 3246 ex
994 3197 1044 3243 tam
1065 3190 1146 3254 amplo
1167 3202 1225 3253 agro
1241 3188 1355 3238 hostibus
1363 3191 1449 3252 erepto
1462 3187 1508 3252 ipsi
1523 3188 1617 3237 nullam
1636 3188 1728 3252 portio·

951 3299 1006 3335 nem
1020 3285 1181 3346 accepissent,
1192 3282 1235 3332 sed
1246 3295 1333 3344 agrum
1343 3281 1468 3346 publicum
1484 3280 1515 3330 ab
1528 3282 1558 3330 iis
1571 3285 1728 3345 occupatum,

950 3378 994 3442 qui
1007 3382 1034 3428 et
1047 3377 1137 3441 opibus
1155 3380 1181 3426 et
1195 3376 1273 3437 gratia
1285 3375 1418 3433 valebant,
1437 3376 1580 3437 fructusque
1596 3389 1627 3423 ex
1646 3389 1676 3425 eo
1685 3389 1742 3453 per

951 3470 1000 3519 cim
1009 3468 1041 3518 ab
1056 3467 1106 3517 iliis
1128 3467 1220 3532 percipi
1237 3466 1357 3524 riderent,
1371 3478 1499 3528 quumque
1515 3466 1681 3529 postulassent
1701 3469 1728 3518 ui

950 3561 1020 3627 plebs
1034 3574 1081 3609 non
1097 3560 1171 3609 modo
1191 3558 1366 3622 periculorum,
1379 3570 1435 3622 quaa
1445 3569 1489 3620 pro
1506 3557 1646 3621 reipublicae
1659 3572 1727 3609 com·

950 3662 1030 3713 modis
1042 3657 1193 3715 subluantur,
1203 3655 1326 3718 particeps
1334 3655 1409 3714 essct,
1427 3652 1472 3703 sed
1486 3653 1559 3703 aliam
1574 3654 1728 3718 voluptatum

950 3780 979 3817 ac
990 3761 1210 3815 emolumentorum
1229 3755 1286 3805 inde
1297 3757 1435 3818 partorum,
1452 3757 1527 3817 atque
1544 3754 1615 3820 plebs
1626 3755 1730 3806 libenter

951 3856 1004 3906 baec
1019 3851 1126 3909 audiret,
1146 3846 1229 3898 nullus
1248 3849 1331 3895 tamen
1343 3857 1397 3894 eam
1409 3846 1489 3908 magis
1508 3845 1595 3904 mnan,
1610 3847 1727 3909 quaml..

950 3944 1053 4002 Siccius,
1064 3936 1206 4003 cognomine
1217 3936 1347 3992 Dentatus,
1365 3932 1417 3996 qul,
1428 3933 1558 3997 permultis
1584 3947 1613 3983 aa
1636 3933 1730 3996 magnis

951 4032 1004 4083 suia
1014 4029 1162 4081 iecinoribus
1179 4022 1395 4082 commemoratis,
1407 4022 1440 4071 ita
1452 4022 1609 4071 eoiiinnuvit
1623 4021 1728 4085 plebem,

952 4126 979 4172 ut
997 4132 1027 4170 ne
1054 4130 1140 4167 rocem
1165 4112 1265 4178 quidem
1288 4108 1510 4161 contradicentium
1533 4109 1619 4159 audire
1645 4109 1729 4160 veliet.

950 4212 1009 4261 Erat
1021 4209 1102 4259 autem
1114 4205 1152 4254 vir
1164 4200 1308 4252 admirando
1334 4198 1452 4262 adspectu
1473 4202 1598 4255 etaetate.
1616 4211 1673 4260 quan
1690 4198 1728 4247 si-

951 4299 1020 4350 ribus
1035 4291 1227 4345 animimaxime
1241 4288 1324 4354 pollet,
1344 4302 1421 4338 annos
1433 4290 1508 4338 natus
1522 4287 1729 4350 duodesexaginta

951 4385 1113 4453 etprudenlia
1125 4382 1218 4440 valens,
1243 4380 1269 4429 et
1286 4375 1388 4430 militari
1408 4377 1524 4427 facundia
1543 4375 1671 4441 praeditus.
1705 4379 1730 4425 la

951 4477 975 4527 in
990 4473 1098 4524 medium
1123 4481 1278 4534 progressus,
1300 4467 1335 4519 ita
1354 4469 1392 4517 est
1416 4467 1513 4517 locutus
1530 4485 1536 4517 :
1553 4483 1565 4513 ιι
1582 4467 1607 4514 si
1625 4465 1730 4527 siugula-

953 4563 1030 4621 utim,
1051 4563 1170 4623 Quirites,
1194 4575 1249 4612 mea
1267 4561 1385 4624 praeclara
1410 4557 1517 4607 facinora
1537 4565 1665 4604 recensere
1678 4549 1729 4599 uei·

952 4672 963 4695 ι
980 4652 1041 4712 lem,
1060 4667 1099 4704 ma
1113 4652 1167 4703 dies
1180 4652 1295 4701 deiiceret
1310 4647 1371 4700 :sed
1387 4647 1441 4709 ipsa
1456 4656 1538 4694 rerum
1554 4640 1642 4705 capita,
1653 4650 1728 4701 quam

953 4755 965 4786 ιι
978 4740 1124 4793 brevissime
1135 4744 1222 4805 potero
1241 4739 1331 4790 dicam.
1366 4737 1413 4787 llic
1422 4737 1460 4785 est
1479 4744 1557 4783 annus
1571 4731 1619 4788 lib,
1634 4740 1665 4776 ex
1679 4738 1728 4788 quo

951 4846 963 4870 a
980 4843 1024 4892 pro
1033 4829 1112 4893 patria
1132 4829 1226 4884 milito.
1241 4826 1381 4876 tricesimus
1397 4837 1464 4881 uero,
1477 4833 1508 4869 es
1521 4826 1647 4879 quionunc
1660 4811 1726 4862 mili·

951 4946 963 4968 ιι
979 4923 1090 4982 taribus,
1112 4936 1176 4972 nunc
1200 4920 1256 4970 aliis
1279 4918 1366 4968 officiis
1385 4913 1492 4980 praesui„
1509 4909 1584 4959 modo
1603 4904 1725 4961 cohortis,

952 5031 963 5055 ι
978 5011 1054 5061 modo
1068 5010 1169 5074 legionis
1180 5007 1241 5065 dux,
1252 5007 1302 5056 iam
1321 5004 1404 5055 iudea
1428 5002 1456 5052 o.
1476 4996 1566 5060 aquilii
1582 4997 1606 5045 et
1621 4997 1649 5045 T.
1672 4993 1726 5044 Sic·

952 5121 964 5144 ιι
983 5097 1014 5149 cii
1026 5097 1163 5158 consulatu,
1189 5095 1282 5161 quibus
1297 5093 1395 5141 senatus
1415 5085 1507 5137 bellum
1527 5081 1728 5135 contravolacos

953 5207 964 5228 ιι
979 5186 1106 5236 ιίευιεῖυεα
1119 5184 1248 5235 commisit.
1283 5183 1351 5231 Tunc
1368 5177 1432 5228 enim
1446 5174 1646 5246 agebamanuum
1665 5176 1726 5225 oeia·
