3772 5828
154 373 216 433 5³2

156 507 208 565 τῶν
239 502 385 581 Ῥωμαίων
411 500 536 577 δυνάμεις
561 501 724 580 ἀμφότεραι,
757 496 935 579 στρατόπεδόν

157 615 186 651 τι
209 597 347 651 ποιοῦνται
362 590 438 670 μέγα
459 589 572 661 πλησίον
595 592 643 659 τῆς
665 588 767 657 πόλεως
790 591 817 649 έν
834 589 937 668 ἀγορῷ,

158 680 204 742 καὶ
218 680 320 747 πολλλς
338 678 441 758 ἡμέρας
452 678 543 737 αύτόθι
553 676 792 758 διατρίψαντεςκαλ
804 675 852 749 τὴν
863 676 939 756 ἀρίσ-

157 794 207 843 ιην
216 772 268 828 τῶν
279 771 445 831 Οὐιεντανῶν
455 768 546 849 χώραν
555 766 768 839 λεηλατήσαντες
778 769 881 843 ἀπῆγον
891 762 936 824 iai

118 906 131 941 5
159 858 232 919 οἶκον
242 858 290 931 τὴν
304 858 442 941 στρατιάν.
459 857 541 925 Ὦςδ“
553 856 671 937 ἀγνωσαν
687 853 875 917 οίΟύιεντανολ
891 854 938 922 τὰς

159 950 283 1023 δυνάμιες
294 953 347 1009 τῶν
357 947 505 1025 Ῥωμαίων
520 946 663 1029 ἀρειμένας
678 947 732 1008 ἀπὸ
741 950 792 1005 τῶν
808 947 938 1022 σημαιῶν,

159 1040 208 1114 την
223 1040 333 1111 εύζωνον
349 1036 529 1103 ἀναλαύόντες
542 1035 670 1109 νεότητα,
684 1034 718 1103 ἥν
733 1058 762 1095 τε
782 1034 856 1093 αὐτοὶ
877 1056 938 1093 συν·

160 1130 325 1208 τεταγμένην
340 1119 413 1208 εἶχον
437 1125 484 1185 καὶ
503 1125 552 1195 τὴν
572 1122 647 1204 παρδι
670 1127 722 1182 τῶν
746 1120 939 1201 πλησιοχώρων

159 1228 313 1302 παροῦσαν,
334 1217 512 1295 ἀμθείλλουσιν
528 1216 563 1281 εἰς
577 1213 610 1274 τά
628 1211 807 1293 προσκείμενα
826 1216 939 1292 τῇσρι·

108 1330 134 1367 ru
160 1307 225 1390 τέρα
240 1309 316 1389 χώρα
340 1306 435 1378 πεδία,
451 1305 496 1363 καί
521 1302 696 1382 διαρπάζουσι
715 1305 825 1381 καρπῶν
844 1324 873 1361 τε
892 1298 939 1359 καὶ

162 1397 341 1477 βοσκημάτων
357 1392 403 1452 καὶ
419 1391 564 1470 ἀνθρώπων
578 1392 641 1451 όντα
656 1390 754 1467 μεστά.
777 1388 938 1461 Κατέόηεαν

160 1484 212 1563 γδρ
227 1486 257 1541 ἐκ
278 1486 330 1540 τῶν
345 1481 483 1561 ἐρυμάτων
499 1484 524 1539 oi
540 1478 651 1560 γεωργοὶ
665 1482 742 1558 χιλοῦ
756 1500 785 1536 τε
799 1480 852 1537 τῶν
875 1480 940 1556 βοσ-

160 1571 289 1649 κημάτων
306 1568 383 1628 ένεκα
400 1567 446 1627 καλ
464 1568 588 1648 ἐργασίας
603 1570 656 1626 τῶν
673 1569 781 1647 ἀγρῶν,
796 1564 939 1625 πιστεύον-

160 1682 203 1727 τες
216 1664 250 1738 τῇ
261 1656 375 1739 σφετέρα
390 1665 501 1737 στρατιᾷ
517 1655 705 1736 προκαθημένῃ
720 1654 766 1714 καλ
780 1657 809 1714 οὗ
822 1655 940 1735 ρθάσαν-

110 1766 135 1804 ιο
160 1770 203 1815 τες
212 1746 376 1817 ἀπελθούσης
383 1745 714 1817 ἀνασκευάσασθαιπάλιν,
722 1746 776 1804 οὐδ’
786 1742 939 1814 ἐλπίσαντες

160 1842 275 1897 τοσαῦτα
289 1834 497 1913 κεκακωμένουςΙΙ
510 1836 569 1904 τοὺς
584 1833 758 1902 Οὐιεντανούς
771 1835 880 1912 ταχεῖαν
892 1832 939 1891 ού·

161 1950 212 1995 τως
227 1924 443 2005 ἀντεπιχείρησιν
457 1925 528 1984 κατὰ
542 1929 589 1984 τοῦ
606 1925 751 1984 ἀντιπάλου
767 1922 936 1993 ποιήσεσθαι.

161 2014 237 2087 atra
246 2014 342 2095 χρόνον
354 2014 401 2091 μὲν
413 2012 493 2091 μήκει
507 2016 620 2093 θραχεῖα
631 2012 732 2087 ἐγένετο
745 2015 762 2081 ἡ
777 2013 829 2067 τῶν
842 2011 937 2069 Ούιεν-

161 2098 247 2161 τανῶν
259 2097 355 2169 etei-ip
367 2100 512 2175 Ῥωμαίων
523 2106 573 2180 γῆν
585 2098 696 2176 έμύολή·
705 2100 800 2169 πλήθει
810 2097 838 2156 δέ
847 2096 938 2179 χώρας

109 2242 122 2253 .
161 2192 193 2262 ἣν
209 2192 324 2260 ἐπῆλθον
343 2190 370 2248 έν
384 2190 437 2256 τοῖς
454 2190 522 2248 πάνυ
543 2191 664 2268 μεγάλη,
682 2186 728 2247 καὶ
741 2188 874 2267 ἀχθηδόνα
890 2187 937 2247 σὺν

163 2278 275 2358 αἰσχύνῃ
292 2276 437 2354 Ῥωμαίοις
459 2277 528 2349 ἀήθη
549 2278 702 2357 παρέσχεν,
720 2276 783 2356 ἄχρι
805 2272 938 2354 Τιύέρεώς

162 2390 191 2426 τε
212 2369 334 2445 ποταμοῦ
350 2365 395 2424 καλ
409 2365 485 2446 όρους
499 2366 630 2427 Ἰανίκλου
648 2366 743 2426 στάδια
766 2368 814 2436 τῆς
828 2362 938 2441 Ῥώμης

163 2456 216 2515 ait·
235 2454 332 2515 εἴκοσιν
344 2454 522 2534 ἀφεστηκότος
537 2453 700 2535 ἀρικομένη·
715 2451 872 2512 κωλύσουσα
886 2452 938 2531 γθιρ

163 2543 273 2625 δύναμις
288 2542 332 2601 ini
353 2544 444 2601 πλεῖον
464 2551 561 2623 χωρεῖν
583 2543 617 2601 ab
639 2542 755 2617 πολέμια
770 2542 819 2600 οὐκ
832 2532 864 2614 ἦν
887 2542 939 2602 ὑπὸ

110 2664 115 2679 ·
163 2632 296 2709 σημαίαις.
338 2630 460 2711 'Epirus
475 2637 537 2710 γοῦν
557 2632 587 2689 τὸ
601 2635 653 2691 τῶν
668 2631 834 2691 Οὐιεντανῶν
858 2630 939 2712 στρά-

162 2744 262 2795 τευμα,
279 2720 340 2799 πρὶν
356 2721 489 2779 συνελθεῖν
505 2743 534 2779 τε
558 2719 604 2779 καὶ
618 2722 776 2799 λοχισθῆναι
789 2716 849 2785 τούς
868 2717 939 2779 Ῥω-

163 2809 276 2888 μαίους,
293 2808 419 2869 ἀπελθόν.

205 2898 268 2957 XV.
292 2896 473 2975 Συναχθείσης
493 2898 519 2955 δὲ
538 2896 605 2973 μετὰ
620 2900 697 2954 τοῦτο
714 2900 761 2966 τῆς
776 2898 872 2973 βουλῆς
889 2896 939 2955 ὗπδ

163 2989 215 3045 τῶν
231 2984 356 3053 θπάτων,
376 2985 422 3042 καὶ
440 2983 558 3064 σκέψεως
578 2984 720 3063 γενομένης
743 2985 802 3041 τίνα
818 2981 871 3062 χρὴ
886 3006 937 3042 πο-

163 3077 253 3152 λεμεῖν
268 3082 321 3139 τοῖς
332 3074 499 3139 Οὐιεντανοῖς
513 3072 620 3150 τρόπον,
633 3076 650 3141 ἡ
664 3073 766 3129 νικῶσα
781 3063 813 3141 ἦν
826 3069 937 3148 γνώμη,

163 3165 317 3245 στράτευμα
339 3160 495 3233 συνεστηκός
519 3161 588 3239 ἔχειν
609 3158 652 3218 ἐπὶ
669 3162 722 3224 τοῖς
746 3157 873 3237 θρίοις,δ
897 3160 940 3217 διὰ

162 3257 281 3336 φυλακῆς
296 3250 347 3318 ε”ξει
362 3248 410 3318 τὴν
424 3248 514 3329 χώραν
527 3249 670 3326 θυραυλοῦν
685 3245 731 3305 καί
746 3246 797 3305 αἰεὶ
818 3246 895 3321 μένον
913 3250 940 3306 ἐν

163 3351 215 3411 τοῖς
230 3340 330 3406 ύπλοις.
374 3338 487 3398 Ἐλύπει
502 3336 529 3396 δὲ
544 3336 635 3403 αὐτοὺς
649 3334 667 3407 ἥ
681 3336 705 3392 τ’
726 3338 762 3402 εἰς
783 3333 841 3403 τοὺς
859 3359 939 3418 ρρου-

166 3431 223 3513 ρούς
246 3429 351 3500 δαπάνη
370 3427 456 3499 πολλὴ
475 3426 574 3507 ορόδρα
594 3424 724 3502 ἐσομένη,
739 3433 784 3486 τοῦ
798 3449 827 3485 τε
852 3432 940 3486 κοινοῦ

111 3548 135 3583 ’ς
162 3519 283 3593 ταμιείου
298 3515 341 3573 ini
357 3514 403 3579 τδις
423 3524 541 3595 συνεχεῖς
557 3513 696 3594 στρατείας
712 3511 939 3590 ἐξαναλουμένου,

163 3607 208 3666 καὶ
224 3610 274 3664 τῶν
291 3606 362 3664 ἰδίων
377 3604 440 3684 βίων
456 3603 640 3680 ἀπειρηκότων
657 3612 713 3670 ταῖς
733 3605 882 3684 εἰσροραῐς·
895 3603 941 3661 καί

163 3698 202 3755 ἔτι
218 3698 318 3773 μᾶλλον
333 3700 349 3767 i,
365 3699 417 3753 τῶν
438 3691 700 3770 ἀποσταλησομένων
719 3696 839 3774 φρουρῶν
857 3715 942 3751 κατα-

163 3787 252 3866 γραρὴ
267 3786 326 3844 τίνα
345 3783 441 3863 τρόπον
455 3781 488 3840 διν
506 3780 623 3857 γένοιτο,
639 3786 675 3848 ὡς
690 3782 738 3839 ούκ
761 3781 792 3840 διν
814 3781 940 3840 ἑκουσίων

163 3874 194 3950 γέ
211 3898 288 3933 τινων
300 3871 481 3953 προκειμένων
496 3871 620 3931 ἁπάντων
638 3868 684 3928 καί
699 3869 737 3945 μὴ
754 3872 783 3927 ἐκ
796 3871 939 3947 διαδοχῆς,

164 3961 234 4019 ἀλλὰ
249 3967 365 4041 συνεχῶς
377 3962 555 4038 ταλαιπωρεῖν
572 3958 803 4035 ὑποστησομένων.
830 3956 943 4034 Ἀδημο·

163 4049 259 4119 νούσης
271 4051 298 4108 δὲ
314 4052 394 4119 αὐτῆς
405 4052 446 4109 ἐπ’
461 4047 618 4128 ἀμφοτέροις
631 4045 748 4118 τούτοις,
762 4047 941 4121 συγκαλέσαν-

161 4159 206 4203 τες
220 4141 244 4195 οί
259 4138 304 4194 δύο
326 4136 427 4198 (brieter
445 4138 504 4206 τοὺς
519 4136 679 4217 μετέχοντας
693 4140 739 4195 τοῦ
754 4133 879 4214 σρετέρου
894 4135 941 4215 γε’-

164 4247 222 4290 νους
245 4225 290 4283 καὶ
315 4227 521 4303 βουλευσάμενοι
546 4228 604 4303 μετ’
633 4227 717 4283 αὐτῶν
740 4223 886 4304 ὑπέσχοντο
907 4229 941 4302 τῇ

171 4310 252 4385 βουλῆ
266 4315 340 4365 τοῦτο
353 4308 383 4365 τὸ
399 4311 558 4387 κινδύνευμα
571 4312 644 4369 αὐτοί
655 4310 715 4389 περί
729 4312 835 4371 πάντων
848 4314 949 4382 ἑκόντες

129 4417 139 4451 a
168 4400 320 4469 ὑπομενεῖν,
337 4397 453 4463 πελάτας
473 4423 500 4456 τε
523 4398 582 4463 τοὺς
603 4402 702 4457 ἑαυτῶν
723 4401 882 4478 ἐπαγόμενοι
903 4401 949 4460 καί

167 4486 254 4542 τέλεσι
271 4492 323 4547 τοῖς
337 4483 421 4557 ἰδίοις,
433 4487 493 4545 όσον
509 4486 541 4543 διν
557 4488 649 4568 χρόνον
666 4487 805 4559 θπόλεμος
824 4490 946 4569 διαμένῃ,

165 4576 377 4657 στρατευόμενοι.
436 4577 613 4654 Ἀγασθέντων
640 4580 666 4638 δὲ
695 4578 788 4645 αὐτοὺς
816 4578 941 4638 ἁπάντων

163 4672 209 4726 τοῦ
232 4663 350 4741 γενναίου
374 4670 421 4737 τῆς
437 4667 601 4744 προθυμίας,
623 4666 713 4726 καὶτὸ
736 4675 809 4725 νικᾶν
830 4666 893 4745 παρ’
913 4666 940 4725 ἓν

164 4762 241 4814 τοῦτο
260 4754 291 4813 τδ
314 4753 388 4834 ἔργον
414 4755 572 4829 τιθεμένων,
593 4757 689 4816 κλεινοὶ
716 4757 761 4814 καὶ
786 4753 940 4833 περιύόητοι

163 4844 225 4903 καθ’
242 4843 305 4915 δλην
321 4843 368 4915 τὴν
384 4843 460 4902 πόλιν
485 4841 556 4909 όντες
583 4842 690 4923 ἐξηεσαν
709 4842 884 4903 ἀναλαόόντεε
907 4842 941 4900 τδι

163 4931 233 4988 ὅπλα
259 4932 305 4990 σύν
330 4935 420 5013 εύχαῑς
444 4930 489 4989 καλ
514 4932 624 4998 θυσίαις.
669 4931 776 5011 Ἡγεῖτο
800 4929 827 4989 δὲ
853 4931 939 4989 αὐτῶν

164 5020 273 5096 Μάρκος
288 5022 427 5093 «intingi
444 5024 481 5103 τῷ
499 5021 655 5103 παρελθόντι
670 5021 820 5087 ὑπατεύσας
828 5018 881 5078 ἔτει
893 5018 939 5078 καὶ

163 5104 276 5176 νικήσας
292 5107 350 5174 τοὺς
373 5109 524 5187 Τυρρηνοὺς
543 5115 575 5178 τῇ
598 5108 689 5185 μάχῃ,
715 5104 939 5186 τετρακισχιλίους

168 5194 286 5270 μάλιστα
302 5196 475 5273 ἐπαγόμενος,
488 5187 524 5253 ῶν
543 5198 576 5278 πὸ
591 5192 638 5269 μέν
663 5195 753 5252 πλεῖον
774 5194 895 5252 πελατῶν
910 5216 939 5250 τε

690 364 856 427 utonislt
879 364 1256 431 HbLlchNASSENSIS

992 508 1106 560 hostibus
1123 524 1254 573 congressa
1285 510 1429 574 pugnabat,
1458 510 1610 575 corporibus
1633 510 1785 579 defatigatis

992 578 1063 637 tarne,
1078 578 1130 642 siti,
1142 580 1246 643 vigiliis,
1261 579 1367 645 aiiiupue
1378 580 1552 631 iuuommodis.
1569 579 1623 633 Sed
1632 596 1716 647 quum
1732 598 1783 635 non

991 648 1072 698 multo
1084 653 1141 715 post
1151 650 1221 700 Fabii
1233 652 1357 702 exercitus
1368 652 1455 715 ingens
1469 690 1477 711 ‚
1491 654 1518 701 et
1529 652 1584 702 acie
1593 656 1719 704 instructa
1733 655 1784 705 nd·

992 723 1105 782 venians,
1116 725 1263 784 conspectus
1273 725 1348 781 esset,
1358 722 1407 771 hoc
1414 721 1684 783 liumanisaudaeiam,
1699 726 1783 779 hosti·

992 790 1040 842 bus
1049 804 1109 841 reru
1120 792 1236 842 timorem
1248 792 1341 842 attulit.
1356 794 1445 857 ltaque
1457 792 1569 851 Etrusci.
1582 793 1655 845 baud
1665 798 1779 861 amplius

992 874 1020 911 se
1032 874 1105 925 pares
1115 875 1170 913 esse
1181 862 1244 921 rati,
1256 861 1301 927 qui
1314 875 1373 912 cum
1386 862 1478 913 validis
1491 876 1522 913 ac
1533 864 1682 917 recentibus
1701 870 1782 933 copiis

991 932 1162 998 confligerent.
1174 933 1263 983 castris
1273 933 1382 985 desertis
1393 933 1519 985 abierunt.
1533 940 1567 986 bt
1577 939 1698 999 Romani,
1710 948 1781 1006 post·

992 1015 1070 1066 quarn
1080 1008 1186 1068 uterque
1197 1003 1323 1053 exercitus
1335 1004 1361 1054 in
1372 1018 1452 1055 unum
1461 1007 1587 1066 convenit,
1600 1012 1688 1073 ampla
1697 1018 1781 1063 castra

994 1086 1069 1138 prope
1085 1077 1226 1125 Veientium
1238 1074 1325 1125 urbem
1335 1074 1360 1125 in
1373 1075 1428 1125 loco
1445 1076 1543 1127 munito
1552 1084 1714 1142 posuerunt:
1729 1083 1777 1133 ibi-

992 1157 1042 1208 que
1058 1144 1145 1194 multis
1158 1144 1247 1195 diebus
1259 1143 1413 1205 consumtis,
1434 1147 1462 1195 et
1473 1148 1714 1210 praestantissimam
1727 1155 1779 1217 agri

992 1218 1089 1279 partem
1103 1214 1231 1281 populati,
1251 1215 1335 1280 copias
1349 1214 1453 1265 domurn
1473 1214 1639 1283 reduxeruut.
1660 1224 1779 1275 veientes

994 1302 1065 1345 vero,
1091 1289 1134 1339 ubi
1157 1293 1324 1351 cognorerunt
1350 1291 1517 1339 Rornanorum
1546 1291 1635 1355 sepias
1660 1293 1777 1345 diruissas

993 1373 1050 1408 cum
1069 1358 1184 1423 expedita
1205 1358 1347 1419 iuventute,
1369 1362 1423 1409 tum
1445 1373 1504 1419 run,
1525 1374 1604 1425 quam
1625 1362 1776 1416 instructam

993 1428 1125 1485 iubebant.
1141 1434 1195 1479 turn
1213 1444 1255 1489 ea,
1275 1443 1333 1494 qum
1348 1445 1363 1479 a
1376 1430 1488 1480 tinitirnis
1505 1432 1605 1496 pupulis
1622 1435 1701 1485 missa
1718 1438 1774 1488 edc-

993 1503 1047 1561 rat,
1060 1500 1086 1549 in
1096 1512 1196 1564 campos
1206 1515 1254 1552 suo
1263 1516 1322 1567 agro
1332 1500 1452 1553 finitimos
1464 1502 1633 1567 irruptionem
1655 1506 1774 1569 iecerunt.

993 1585 1086 1637 eosque
1097 1570 1205 1623 refertos
1219 1572 1333 1639 frugibus
1344 1577 1370 1624 et
1392 1586 1483 1637 penore
1501 1576 1527 1625 et
1551 1574 1698 1629 inminibus
1716 1580 1776 1631 diri·

993 1646 1108 1707 pucrunt.
1143 1642 1227 1694 coloni
1241 1646 1308 1694 enim
1324 1658 1356 1694 ex
1371 1644 1484 1695 castellis
1495 1645 1530 1695 ob
1544 1648 1646 1710 peeoris
1658 1650 1774 1714 pabulum

993 1718 1019 1764 et
1033 1714 1211 1779 agriculturam
1224 1716 1417 1776 descenderant,
1436 1715 1518 1766 tutele
1529 1730 1635 1769 suarum
1650 1722 1773 1785 copiarum

993 1785 1050 1836 treti
1066 1807 1073 1836 ι
1092 1800 1138 1837 nee
1149 1791 1205 1851 pst
1220 1802 1306 1837 earum
1320 1787 1459 1837 discessum
1476 1787 1549 1838 ocius
1563 1802 1591 1839 se
1609 1790 1703 1841 iterum
1719 1807 1775 1842 eum

993 1858 1046 1907 suis
1056 1858 1131 1908 rebus
1150 1858 1176 1908 in
1188 1862 1272 1909 tutum
1286 1860 1444 1923 receperant.
1460 1857 1530 1923 quod
1544 1872 1677 1925 uunquam
1688 1868 1775 1927 putas·

993 1932 1062 1985 sent,
1079 1931 1195 1981 Veientes
1211 1936 1249 1981 tot
1267 1930 1340 1981 maiis
1358 1929 1464 1980 aiilictos
1484 1934 1539 1981 mm
1551 1933 1670 1985 celeriter
1688 1937 1776 1987 adrer-

994 2001 1072 2051 sarios
1085 2000 1154 2053 adire
1167 2016 1279 2053 ausuros.
1312 2005 1373 2053 ilaec
1385 2001 1508 2065 irruptio,
1529 2017 1608 2069 quun
1620 2008 1741 2059 Veientes
1752 2010 1777 2059 in

995 2086 1081 2137 agrum
1095 2075 1233 2124 iiornauum
1251 2073 1381 2136 feserunt,
1394 2074 1515 2139 temperis
1527 2077 1610 2139 spatio
1621 2076 1707 2129 brevis
1719 2081 1776 2144 qui·

994 2142 1052 2192 dem
1066 2141 1115 2192 tuit
1128 2160 1134 2189 :
1147 2145 1191 2195 sed
1210 2149 1294 2196 tumen
1310 2145 1421 2196 maxima
1436 2146 1471 2196 ob
1492 2145 1682 2209 amptitudinem
1702 2151 1771 2213 agri,

995 2228 1070 2279 quem
1087 2229 1167 2279 respue
1180 2214 1212 2265 ad
1224 2216 1334 2266 Tiberim
1350 2216 1443 2267 ilumeu
1456 2219 1483 2267 et
1492 2218 1601 2267 montem
1615 2220 1769 2281 ianiculum,

995 2300 1026 2335 ne
1038 2284 1124 2347 viginti
1139 2285 1240 2349 quidem
1254 2288 1334 2338 stadia
1347 2287 1380 2337 ab
1400 2286 1463 2337 urbe
1479 2284 1627 2345 θὶείιιιῑειιι,
1643 2302 1770 2351 percurre·

995 2354 1068 2416 irunt,
1091 2359 1168 2419 atque
1187 2355 1298 2408 dolorem
1323 2371 1381 2408 cum
1402 2356 1536 2421 ignominia
1556 2358 1655 2410 insueta
1679 2362 1771 2426 pupula

995 2427 1104 2476 bantana
1116 2425 1210 2477 attulit.
1244 2428 1406 2478 incursiones
1417 2428 1499 2488 euim,
1514 2442 1546 2479 ne
1557 2428 1664 2481 ulterius
1673 2446 1773 2497 progre-

995 2496 1122 2556 derentur,
1135 2498 1265 2562 prohibere
1281 2512 1330 2547 uun
1339 2502 1464 2562 poterunt,
1474 2499 1545 2565 quod
1553 2501 1638 2553 nulius
1649 2505 1775 2555 exercitus

995 2568 1043 2618 sub
1058 2570 1133 2633 signis
1145 2572 1207 2620 erat.
1242 2569 1382 2619 Veientium
1394 2570 1461 2621 enim
1470 2572 1601 2622 exercitus
1612 2574 1682 2638 prius
1694 2575 1774 2639 irrup-

995 2639 1087 2690 tionem
1097 2638 1217 2698 tecerant.
1230 2653 1307 2704 quum
1320 2640 1424 2691 Romani
1436 2640 1601 2693 convenirent
1610 2648 1637 2695 ct
1648 2648 1772 2697 mutaris·

995 2716 1089 2762 rentur.

1026 2936 1078 2982 liv.
1095 2936 1185 2983 Postea
1202 2936 1291 2983 senatu
1311 2947 1327 2983 a
1344 2934 1489 2985 oonsulibus
1511 2940 1616 2997 οοεσῑο,
1640 2943 1665 2989 et
1686 2940 1770 2991 habita

994 3025 1174 3075 consultatione
1189 3025 1221 3076 de
1237 3025 1312 3076 modo
1333 3025 1392 3076 beili
1409 3040 1467 3076 cum
1488 3028 1638 3081 Veientibus
1656 3032 1770 3095 gerendi,

994 3132 1024 3168 ea
1036 3118 1156 3167 sententia
1180 3118 1251 3174 sicit.
1267 3123 1295 3169 ut
1314 3118 1429 3183 prasidio
1446 3122 1472 3168 in
1490 3121 1543 3184 egri
1566 3125 1670 3173 itomani
1686 3124 1774 3174 tinibus

995 3208 1192 3272 disponerentur,
1207 3223 1265 3272 ιμιω
1278 3209 1340 3259 furis
1352 3214 1479 3260 annuerent
1492 3215 1517 3260 et
1529 3226 1618 3276 agrum
1635 3217 1773 3264 tutarentur

996 3315 1141 3366 semperque
1155 3301 1181 3349 in
1195 3301 1271 3349 arinis
1287 3306 1377 3351 essent.
1415 3301 1464 3352 Sed
1479 3315 1521 3352 eos
1535 3305 1660 3368 ungebant
1677 3312 1775 3356 sumtus

996 3394 1113 3454 trauainai,
1132 3394 1177 3458 qui
1203 3393 1227 3442 in
1251 3393 1416 3457 prresidiarios
1438 3394 1532 3445 milites
1554 3395 1662 3449 faciendi
1687 3404 1773 3458 erant,

995 3487 1064 3552 (puori
1078 3487 1194 3537 aerarium
1210 3487 1334 3536 curatimus
1353 3486 1555 3550 expeditionibus
1576 3494 1644 3541 esset
1667 3492 1774 3543 erbeus·

997 3578 1067 3636 tum,
1081 3578 1105 3624 et
1120 3574 1212 3638 privati
1222 3587 1313 3623 census
1326 3573 1485 3623 tributisnon
1494 3576 1603 3639 amplius
1616 3578 1773 3630 suisreerent:

996 3667 1020 3713 et
1038 3663 1209 3726 multomagis
1224 3662 1273 3712 Ιιοε
1284 3675 1326 3712 σοι
1338 3661 1482 3727 torquebat,
1500 3676 1609 3727 quonam
1622 3668 1698 3718 rnodu
1711 3682 1775 3733 pira·

995 3752 1087 3802 sitliarii
1107 3752 1211 3807 utilitas.
1232 3752 1276 3815 qui
1302 3750 1418 3802 mittendi
1445 3755 1528 3810 erarii.
1550 3758 1636 3804 essent
1665 3758 1773 3807 eorrsmi-

995 3845 1082 3903 bendi3
1105 3843 1186 3892 nullos
1210 3844 1275 3891 enirn
1295 3847 1382 3908 sponte
1407 3858 1433 3895 se
1455 3858 1501 3909 pro
1519 3848 1636 3898 erunibus
1658 3850 1695 3900 nai
1718 3862 1775 3899 eant

994 3937 1121 3985 urititium-
1134 3933 1274 3994 oblaturas,
1284 3934 1309 3984 in
1322 3949 1373 4000 (pua
1384 3950 1432 3986 non
1449 3950 1493 4001 per
1506 3936 1573 3987 vices
1585 3937 1630 3987 snt
1648 3940 1775 3990 continen-

996 4033 1032 4078 ter
1044 4039 1168 4076 rerurnnas
1184 4029 1269 4074 essent
1290 4028 1438 4091 perpessuri.
1473 4029 1537 4080 tium
1562 4029 1641 4095 igitur
1658 4032 1691 4081 ab
1714 4033 1775 4082 bane

997 4122 1130 4182 utramque
1152 4130 1265 4166 caussam
1290 4131 1380 4167 muror
1399 4120 1513 4168 senatum
1536 4116 1678 4179 detineret,
1706 4120 1772 4170 Fabii

995 4211 1046 4260 aluo
1060 4214 1138 4260 tritam
1150 4223 1221 4259 suam
1230 4211 1328 4272 gentem
1342 4213 1509 4260 convocarunt
1519 4231 1526 4269 ;
1538 4212 1564 4261 et
1579 4215 1713 4275 postquam
1729 4212 1776 4261 hac

996 4304 1026 4353 cle
1040 4318 1067 4353 re
1082 4318 1138 4352 cum
1156 4316 1185 4351 ea
1205 4302 1390 4359 consulturum,
1415 4302 1511 4353 senatui
1533 4302 1633 4367 polliciti
1655 4308 1728 4361 strui,
1749 4319 1776 4354 se

996 4398 1062 4446 ultra
1079 4397 1124 4444 boe
1138 4394 1277 4457 periculum
1291 4397 1425 4458 proauiae
1437 4395 1537 4460 publica
1549 4395 1686 4451 subituros,
1702 4398 1727 4442 et
1747 4409 1775 4445 so

996 4500 1052 4534 curn
1072 4485 1202 4534 clientibus
1215 4484 1351 4548 annnspun
1375 4485 1427 4534 suis
1445 4488 1498 4534 toto
1518 4484 1576 4535 belii
1595 4486 1704 4545 terupore
1720 4484 1775 4533 suis

996 4578 1119 4628 sarrrrtibus
1130 4577 1288 4625 nabitaturus.
1323 4578 1445 4627 Omnibus
1456 4591 1515 4626 vero
1527 4588 1670 4641 generosam
1684 4590 1773 4625 eorum

995 4665 1214 4731 promptitudinem
1255 4665 1400 4721 ailam-atis,
1425 4669 1529 4729 totaque
1552 4664 1663 4714 victoriae
1684 4664 1774 4727 speia

995 4756 1042 4805 liare.
1058 4769 1106 4803 una
1128 4768 1154 4803 re
1175 4754 1312 4812 cilliacum,
1330 4754 1364 4802 ilii
1385 4758 1438 4803 tuta
1462 4755 1524 4804 urbe
1536 4754 1596 4803 clari
1616 4757 1642 4802 et
1664 4753 1774 4803 celebres

995 4844 1084 4892 saranatis
1099 4843 1174 4891 arinis
1188 4847 1213 4891 et
1226 4843 1290 4891 rutis
1304 4844 1480 4906 sacrificiisque
1493 4842 1575 4900 stactis,
1590 4857 1621 4893 ex
1639 4843 1701 4892 urbe
1715 4846 1773 4890 strat

995 4931 1094 4995 egressi,
1130 4933 1239 4980 Praeerat
1250 4935 1334 4981 autem
1350 4931 1408 4995 ipsis
1419 4934 1451 4979 ll.
1466 4930 1575 4991 Fabius,
1591 4931 1635 4993 ‹pui
1648 4929 1774 4993 superiore

994 5034 1057 5069 armo
1073 5019 1160 5068 ctinsul
1172 5017 1268 5076 lustrant,
1282 5023 1308 5068 et
1325 5022 1442 5068 Etruscas
1461 5018 1548 5081 puella
1563 5018 1673 5075 uicerat.
1689 5031 1773 5067 seeum

995 5108 1026 5158 ad
1039 5122 1165 5157 suaunum
1186 5111 1294 5169 quatuor
1315 5107 1442 5157 lturuiuum
1458 5106 1536 5156 allilia
1548 5105 1690 5159 atirlueeus.
1710 5119 1775 5170 ιγιιο-

994 5212 1051 5248 rum
1064 5196 1171 5248 ritaaimn
1194 5210 1251 5261 pars
1271 5202 1341 5247 crunt
1363 5197 1466 5248 clientes
1479 5200 1504 5246 et
1526 5196 1643 5257 sociales;
1668 5211 1698 5247 ex
1720 5198 1775 5262 ipsa
