3772 5828
606 498 902 572 suttQtitTnTtttt
922 499 1072 561 Rottntt.
1095 500 1169 560 LlB.
1193 501 1269 562 Vlll.

944 658 957 682 ι
972 640 1035 690 riam
1054 639 1209 703 prebebunt,
1228 654 1274 692 neo
1291 640 1407 703 efficient,
1429 644 1457 691 ut
1478 642 1585 706 populus
1596 645 1720 694 Romanus

943 756 955 781 ι
968 740 1073 802 metuat,
1085 752 1130 789 nec
1141 739 1270 790 utilitatem
1280 741 1405 790 honestati
1417 741 1586 804 anteposuisse
1596 740 1719 791 videatur.

944 856 955 879 ι
972 836 1089 887 Getemm
1102 837 1171 887 siros
1180 837 1238 902 eligi
1252 852 1316 903 quos
1332 837 1426 902 Appius
1440 839 1492 902 agri
1506 838 1598 903 publici
1611 838 1722 889 linitores

944 954 957 978 ι
973 947 1027 985 esse
1036 935 1165 996 censebat,
1178 935 1250 985 valde
1260 934 1346 1000 probo.
1359 939 1411 988 liae
1423 936 1488 987 enlm
1502 951 1528 987 re
1540 936 1595 996 liet,
1604 939 1632 986 ut
1643 934 1722 986 multo

944 1051 957 1076 ιι
970 1031 1072 1083 liberius
1096 1046 1152 1082 cnm
1172 1033 1243 1099 plebe
1255 1048 1328 1099 agere
1348 1035 1470 1098 possimus
1494 1034 1639 1100 :siqnidem
1657 1047 1723 1084 nunc

946 1150 957 1173 ι
974 1132 1079 1193 utroque
1105 1130 1203 1181 nomine
1228 1130 1377 1193 indignatur,
1405 1137 1459 1183 tum
1474 1133 1533 1197 quia
1552 1132 1605 1197 ipsa
1618 1145 1650 1183 ex
1671 1144 1720 1196 pu-

945 1238 956 1263 ι
975 1220 1045 1271 blicis
1062 1221 1259 1285 possessionibus
1274 1222 1367 1274 nullum
1392 1224 1502 1276 iruclum
1525 1224 1646 1290 percipit,
1668 1226 1724 1274 lum

945 1337 958 1360 ιι
975 1318 1033 1380 quia
1045 1317 1153 1367 nonnulli
1166 1318 1197 1369 de
1215 1319 1286 1370 nobis
1305 1320 1374 1371 nullo
1385 1321 1438 1372 iure
1454 1321 1485 1372 iis
1503 1321 1627 1372 iruunlur.
1641 1321 1689 1372 Sed
1700 1321 1723 1370 si

945 1434 958 1458 ιι
974 1415 1020 1465 iras
1033 1415 1145 1481 publicas
1155 1430 1209 1467 esse
1223 1417 1329 1477 viderit,
1343 1433 1475 1482 earumque
1487 1422 1622 1483 proventus
1636 1419 1661 1469 in
1672 1432 1721 1483 pu-

945 1536 959 1560 «
974 1516 1051 1567 bbcos
1062 1520 1089 1568 et
1102 1519 1253 1570 necessarios
1263 1534 1323 1571 usus
1335 1521 1458 1585 impendi,
1478 1534 1527 1570 non
1546 1520 1658 1586 putabit,
1677 1533 1723 1570 sna

945 1634 958 1658 ιι
973 1615 1102 1677 interesse,
1116 1620 1200 1667 ulrum
1212 1618 1277 1681 agris
1288 1632 1321 1668 an
1337 1633 1422 1670 eorum
1437 1619 1598 1683 proventibus
1616 1619 1722 1668 ituatur.

945 1732 958 1756 ιι
973 1715 1027 1763 Non
1038 1713 1119 1765 dicam
1136 1716 1210 1777 enim,
1226 1716 1310 1782 inopes
1324 1719 1417 1769 mullos
1430 1732 1459 1769 ex
1473 1718 1579 1768 aliorum
1592 1715 1724 1767 detrimen·

946 1833 958 1856 ι
972 1814 1005 1864 tis
1020 1815 1138 1865 maiorem
1155 1817 1307 1881 voluptatem
1325 1829 1428 1881 capere,
1446 1829 1523 1879 quam
1539 1829 1570 1866 ex
1592 1815 1644 1864 suis
1657 1814 1725 1878 ipso·

947 1931 958 1954 ιι
973 1926 1029 1962 rum
1046 1911 1190 1963 commodis.
1225 1915 1279 1963 Non
1297 1916 1379 1964 tamen
1402 1916 1440 1975 (nt
1464 1914 1567 1978 opinor)
1590 1913 1650 1964 satis
1672 1916 1723 1974 est,

110 663 123 689 ιι
140 634 191 715 γδρ
213 633 272 695 οὔτε
291 641 344 702 τοῖς
369 632 523 711 συμμάχοις
546 633 582 698 όις
605 629 786 709 ἀδικουμένοις
808 633 887 711 όργῆς

111 752 123 777 ιι
140 721 245 803 παρέξει
270 721 374 789 δικαίας
397 721 550 803 πρόφασιν,
574 717 632 779 οὔτε
654 723 692 802 τῷ
715 718 793 800 δήμῳ
815 719 887 792 διὀς,

112 840 124 866 ιι
139 811 176 884 μὴ
193 810 255 891 δόξη
270 811 304 870 τά
324 810 523 892 κερδαλεώτερα
539 807 591 889 πρὸ
603 811 655 866 τῶν
673 807 888 889 εὐπρεπεστίρων

112 926 125 953 ιι
140 902 282 979 αἱρεῖσθαι.
325 902 369 979 Ἰῇ
385 922 413 957 τι
435 898 533 979 αἱρέσει
549 900 601 956 τῶν
624 896 743 976 ἀνδρῶν,
763 895 807 965 σθς
822 892 889 957 'Arr-

113 1016 125 1041 ιι
140 1013 199 1056 πιος
223 987 297 1061 ἠξίου
323 986 429 1069 ὁριστὰς
454 986 575 1065 γενίσθαι
597 989 643 1058 τῆς
663 985 793 1065 δημοσίας
821 989 888 1065 γῆς,

112 1104 125 1128 ιι
141 1077 211 1135 πάνυ
230 1078 338 1136 εὐδοκῶ.
385 1076 492 1146 Πολλὴν
506 1074 558 1155 γάρ
572 1078 637 1151 ἡμῖν
654 1079 731 1134 τοῦτο
745 1073 811 1134 οἴσει
823 1097 890 1153 παρ·

113 1193 126 1218 ιι
143 1166 236 1245 ρησίαν
250 1166 314 1245 πρδς
328 1163 386 1230 τοθς
401 1162 572 1240 δημοτικούς·
587 1164 644 1223 ἐπεὶ
659 1168 704 1221 νῦν
720 1187 750 1242 γε
764 1163 889 1244 ἄχθονται

113 1282 126 1306 ιι
141 1256 199 1312 κατ’
212 1256 365 1335 ἀμρότερα,
389 1252 435 1311 καὶ
447 1254 487 1310 ὁτι
502 1250 578 1311 αθτολ
594 1255 648 1311 τῶν
663 1251 798 1330 δημοσίων
813 1252 888 1311 σιίδὲν

114 1370 126 1394 ιι
143 1342 305 1403 ἀπολαύωσι
328 1339 491 1421 κτημάτων,
512 1340 558 1400 καλ
582 1338 622 1399 ότι
643 1339 669 1410 l}
686 1345 762 1417 ἡμῶν
775 1362 842 1408 τινες
860 1343 890 1401 οθ

114 1459 126 1483 ιι
141 1432 248 1500 δικαίως
267 1432 335 1491 αθτά
353 1435 527 1509 καρποῦνται.
552 1426 616 1489 Ἐάν
638 1429 665 1489 δὲ
685 1429 885 1505 δημοσιωθέντα

112 1547 125 1572 ιι
142 1520 215 1579 ἴδωσι
230 1523 275 1580 καὶ
287 1519 335 1588 τάς
345 1521 392 1579 ἀπ’
407 1521 494 1577 αὐτῶν
507 1518 652 1599 προσόδους
663 1518 698 1583 είς
708 1517 742 1576 τά
756 1515 831 1576 κσινδ
844 1527 891 1575 καὶ

113 1635 125 1661 ιι
141 1610 271 1688 ἀναγκαῖα
295 1608 505 1684 δαπανωμένας,
529 1607 603 1667 οθδδν
618 1605 801 1686 ὁπολήψονταί
817 1627 891 1685 σρισι

112 1724 124 1749 ιι
142 1696 274 1779 διαρίρειν
285 1701 332 1768 τῆς
345 1700 393 1774 γῆς
407 1694 425 1768 ἢ
440 1699 490 1754 τῶν
505 1693 532 1764 ίξ
545 1696 626 1767 αὐτῆς
635 1701 744 1777 καρπῶν
758 1694 889 1774 μετέχειν.

113 1813 126 1838 ιι
141 1785 196 1848 ’Eia
216 1785 268 1865 γάρ
293 1786 396 1864 λέγειν,
413 1783 454 1844 ὁτι
475 1787 529 1844 τῶν
552 1783 659 1867 ἀπόρων
681 1784 762 1852 ίνίους
786 1784 887 1860 μᾶλλον

114 1903 126 1927 ιι
142 1874 324 1955 εὐφραίνουσιν
342 1875 369 1933 αἱ
385 1871 521 1953 ἀλλότριαι
537 1872 637 1954 βλάδαι
658 1878 710 1933 τῶν
725 1870 799 1932 ἰδίων
820 1868 890 1951 ὠρε-

114 1992 127 2016 ιι
141 1966 229 2025 λειῶν.
272 1964 313 2023 Οὐ
326 1961 378 2039 μὴν
395 1965 514 2043 ἀποχρῆν
531 1987 562 2043 γε
576 1962 665 2040 οἴομαι
684 1962 783 2021 τούτων
797 1958 892 2018 ὁκότε-

115 2078 127 2102 ιι
144 2074 188 2129 ρον
208 2055 234 2111 ἐν
253 2053 292 2131 τῷ
312 2048 465 2130 ψηρίσματι
483 2046 677 2130 γράρειν,ἀλλδ
693 2047 739 2109 καὶ
762 2049 796 2106 δι’
807 2047 891 2117 άλλης

115 2167 128 2191 ιι
141 2135 210 2208 τινὸς
229 2138 319 2216 οἴομαι
338 2140 389 2198 δεῖν
405 2137 545 2220 θεραπείας
562 2137 673 2219 μετρίας
693 2137 738 2198 τδν
753 2139 837 2214 δῆμον
852 2137 891 2193 οἷ·

116 2257 128 2281 ιι
143 2228 304 2288 κειῶσασθαί
325 2251 353 2287 τε
381 2227 426 2287 καλ
450 2225 617 2299 ἀναλαὸεῑν,
639 2227 672 2299 ἣν
698 2225 766 2304 μετά
797 2223 890 2305 μικρὸν

115 2344 128 2369 ιι
142 2319 210 2396 ἐρῶ,
224 2315 272 2388 τὴν
288 2315 374 2374 αἰτίαν
391 2319 495 2395 πρῶτον
509 2319 570 2391 ὁμῑν
585 2313 804 2392 ἀποδειξάμενος,
820 2315 891 2391 μᾶλ-

114 2433 126 2457 ιι
141 2408 185 2466 λον
204 2406 232 2464 δὲ
253 2404 301 2477 τὴν
326 2404 464 2483 ἀνάγκην,
490 2404 524 2462 δι’
539 2405 571 2476 ἣν
598 2403 644 2462 καλ
666 2409 743 2463 τοῦτο
759 2400 890 2482 πρακτέον

113 2522 125 2547 ιι
141 2501 217 2570 ἡμῖν,

155 2583 264 2644 LXXV.
287 2610 299 2634 ιι
321 2579 394 2642 Ἰστε
409 2579 494 2651 δήπου
509 2577 569 2645 τοθς
590 2581 668 2658 lars]
694 2578 820 2659 ἐκκλησία
843 2586 892 2662 ῥη-

115 2701 127 2725 ιι
144 2673 233 2738 θέντας
253 2670 304 2730 ὁπδ
326 2674 372 2728 τοῦ
398 2666 537 2748 δημάρχου
560 2669 670 2746 λόγους,
687 2666 724 2726 ὅτ’
740 2667 820 2748 ἤρετο
838 2673 890 2729 τῶν

114 2790 127 2816 ιι
143 2760 250 2820 ὑπάτων
262 2759 307 2818 τδν
326 2757 414 2839 ίτερον
427 2763 517 2816 τοῦτον
533 2756 702 2837 Οὐεργίνιον,
717 2756 809 2828 ἥντινα
820 2758 890 2836 γνῶ·

114 2877 127 2901 ιι
142 2872 196 2926 μην
220 2846 276 2927 ἔχει
299 2843 425 2926 περὶτῆς
449 2844 627 2924 κληρουχίας,
647 2844 748 2924 πότερα
767 2845 821 2911 τοῖς
843 2845 891 2924 μίν

114 2965 126 2991 ιι
144 2936 264 3004 πολίταις
282 2942 416 3045 συγχωρεῖ
430 2933 563 3010 διανέμειν
583 2933 617 2992 τδι
636 2932 768 3010 δημόσια,
785 2934 840 3000 τοῖς
863 2933 891 2992 δδ

113 3053 125 3077 ιι
140 3024 293 3105 συμμάχοις
315 3025 361 3080 οὐκ
380 3018 464 3102 stad
447 3018 541 3092 θεῶν
561 3022 655 3080 κοινῶν
678 3023 731 3078 τῶν
755 3018 891 3170 ἡμετέρων

113 3141 126 3167 ιι
140 3115 241 3184 οθδὲη
225 3118 289 3191 ἡμῖν
307 3134 415 3222 συγχωρ
402 3110 441 3190 ρεῖ
463 3110 542 3190 μόρος
564 3109 725 3190 λαγχάνειν,
748 3111 794 3170 καὶ
849 3133 892 3179 τος

114 3232 127 3257 ιι
141 3203 296 3282 ὡμολόγησε
323 3202 354 3261 τδ
378 3199 440 3260 καθ’
461 3205 532 3278 ἡμᾶς
554 3199 633 3279 μέρος
649 3200 679 3258 οὒ
703 3198 813 3260 κωλύειν
841 3199 890 3271 τὴν

114 3320 126 3343 ιι
144 3291 316 3372 κληρουχίαν,
328 3290 374 3350 ίάν
390 3287 475 3348 άπασι
486 3295 571 3348 ταῦτα
584 3286 713 3367 κράτιστα
728 3277 795 3348 ιίναι
811 3289 890 3370 δοκῇ·

114 3409 127 3433 ιι
142 3381 186 3440 καὶ
200 3385 217 3452 ἡ
230 3378 399 3460 συγχώρησις
413 3375 461 3449 ἥδε
473 3377 533 3444 τούς
547 3399 576 3436 τι
595 3376 749 3456 δημάρχους
768 3377 890 3449 ἐποίησιν

115 3499 127 3523 ιι
143 3477 207 3547 Ιἡμῖν
202 3466 420 3583 συναγωνιστάς
441 3467 486 3526 καλ
506 3464 552 3525 τδν
579 3466 662 3541 δῆμον
687 3463 889 3544 ἐπιεικίστερον.

115 3584 128 3610 ιι
142 3529 218 3616 Τί
189 3581 233 3616 ουν
246 3562 299 3615 παθ
301 3555 386 3627 όντις,
403 3553 466 3612 δ’
436 3577 495 3614 τοτε
510 3552 749 3633 συνεχωρήσαμεν,
763 3576 808 3610 νυν
828 3555 893 3611 ἀνα-

116 3674 129 3698 ιι
143 3647 291 3722 θησόμεθα,
314 3643 332 3714 ἢ
350 3643 376 3702 τί
397 3641 476 3702 πλέον
493 3648 559 3720 ἡμῖν
583 3641 658 3702 ίσται
672 3640 707 3699 τά
720 3649 829 3718 γενναῖα
847 3641 892 3701 καὶ

116 3762 129 3787 ιι
143 3734 177 3793 τά
192 3734 263 3793 καλά
278 3691 460 3810 ίεολιτιιίματα
475 3730 561 3790 ttari¹'v
531 3754 590 3800 αςια
600 3754 646 3802 της
658 3728 800 3809 ἡγεμονίας
811 3732 892 3790 πολι-

117 3851 129 3876 ιι
145 3821 309 3899 τευομίνοις,
323 3820 367 3880 ἐδιν
384 3819 422 3898 μὴ
433 3819 565 3894 πείθωμεν
576 3817 636 3887 τοθς
645 3842 665 3898 χ
668 3819 888 3898 ρησομίνους;
862 3843 891 3878 ου

116 3941 129 3966 ιι
146 3911 273 3987 πείσομεν
289 3908 326 3969 δά.
350 3909 403 3970 Καὶ
421 3907 492 3966 τοῦτ’
505 3907 587 3975 οὐδεὶς
601 3911 674 3987 ὑμῶν
691 3910 788 3987 ἀγνοεῖ.
834 3910 892 3968 Χα-

116 4030 129 4054 ιι
145 3999 291 4078 λεπάιτερσι
301 3998 353 4079 γάρ
363 3996 396 4056 διν
408 4001 460 4055 τῶν
469 3996 507 4074 μὴ
518 3997 702 4078 τυγχανόντων
713 3997 892 4070 ἀπαντήσειαν

115 4118 128 4143 ιι
143 4093 167 4148 oi
182 4087 335 4168 ψευσθέντες
351 4091 398 4157 τῆς
414 4085 517 4153 ἐλπίδος
534 4085 581 4146 καλ
594 4085 629 4146 τά
641 4087 837 4166 ὁμολογηθέντα
853 4087 890 4163 μὴ

113 4207 125 4231 ιι
142 4177 318 4253 κομιζόμενοι.
360 4175 512 4256 οίχτ’,σεται
526 4175 559 4249 δη
575 4177 702 4237 πάλιν’
670 4202 755 4261 ρερων
770 4178 890 4247 αθτοθςὸ

112 4267 173 4325 ἀ
193 4289 213 4323 π
215 4288 256 4346 ρος
277 4263 371 4337 ἡδονλν
394 4264 610 4342 πολιτευόμενος,
626 4289 672 4325 και
693 4266 809 4326 οὐδὲ
772 4292 826 4326 των
840 4269 890 4339 δη-

111 4356 251 4464 ιμάρχων
265 4376 304 4420 τις
318 4352 357 4412 ἔτι
371 4354 428 4429 μεθ’
447 4356 524 4463 ἡμῶν
540 4353 677 4425 στήσεται.
712 4345 793 4415 Τί
763 4377 807 4414 ουν
828 4357 889 4428 ὑμῖν

112 4475 124 4498 ιι
144 4448 271 4525 πράττειν
295 4445 417 4523 παραινῶ
430 4466 477 4503 και
497 4466 523 4501 τι
516 4442 753 4524 ’προστίθημι”
720 4467 753 4522 τῃ
780 4443 891 4504 Ἀππίου

58 4541 85 4580 ⁶⁶
112 4562 125 4587 ιι
137 4535 230 4613 γνώμῃ
245 4532 358 4610 μάθετε,
376 4530 445 4590 ἀλλά
456 4530 493 4608 μὴ
510 4533 722 4612 προεξαναστῆτε
736 4531 804 4605 μηδὲ
817 4535 891 4611 θορυ·

113 4649 125 4674 ιι
145 4622 261 4697 δήσητε,
276 4619 339 4699 πρὶν
360 4618 456 4679 ἅπαντ’
475 4619 607 4693 ἀκούσητε
622 4620 640 4679 δ
658 4620 735 4697 λέγω.
768 4620 832 4688 Τοῖς
852 4622 892 4679 αἱ·

114 4736 127 4762 ιι
144 4709 322 4784 ριθησομίνοις
337 4708 381 4797 {nl
392 4709 440 4781 τὴν
453 4707 569 4778 ἐξέτασιν
581 4715 627 4782 τῆς
639 4711 730 4790 χώρας
742 4709 788 4769 καὶ
803 4732 893 4790 περιο-

115 4823 128 4847 ιι
144 4797 235 4872 ρισμὸν
245 4797 297 4854 εἴτε
308 4797 373 4855 δίκα
385 4798 510 4878 ἀνδράσιν
525 4797 578 4857 εἴτε
589 4799 658 4867 όσοις
670 4797 703 4871 δή
717 4800 776 4859 ποτ’
789 4797 892 4877 ἐπιτρέ-

116 4911 128 4934 ιι
144 4886 211 4960 ψατε
225 4884 376 4959 διαγνῶναι,
387 4885 446 4944 τίνα
459 4884 483 4942 τ’
499 4887 577 4958 αὐτῆς
587 4889 626 4946 δεῖ
636 4887 683 4947 καλ
694 4886 794 4960 ὁπόσην
804 4885 892 4957 κοινὴν

117 4999 129 5024 ιι
146 4961 213 5028 εἶναι
237 4969 343 5030 πάντων
371 4973 416 5034 καλ
440 4974 511 5034 κατά
536 4975 692 5035 πενταετίαν
714 4976 892 5053 μισθουμένην

118 5086 130 5111 ιι
147 5056 232 5125 αὔξειν
246 5055 293 5122 τάς
311 5063 356 5117 roi
376 5060 498 5137 ταμιείου
515 5062 676 5142 προσόδους,
690 5065 790 5135 ὁπόσην
808 5087 837 5123 τε
858 5056 892 5123 αδ

117 5175 130 5201 ιι
146 5147 191 5205 καὶ
205 5145 294 5217 ἥντινα
315 5154 369 5213 τοῖς
385 5148 513 5221 δημόταις
526 5155 603 5228 ἡμῶν
622 5153 795 5232 διαιρεθῆναι.
837 5151 892 5213 Ἦν

119 5264 131 5289 ιι
146 5240 173 5295 δὲ
188 5235 220 5295 ἂν
231 5238 326 5294 ἐκεῖνον
336 5235 482 5318 κληροῦχον
494 5239 652 5308 ἀποδείξωσι
666 5245 720 5320 γῆν,
737 5244 806 5316 ὑμᾶς
818 5242 892 5320 διαγ·

119 5351 132 5377 ιι
147 5326 236 5391 νόντοις
248 5323 301 5384 εἴτε
314 5332 408 5399 πᾶσιν,
420 5325 473 5386 είτε
485 5317 522 5394 οίς
536 5328 568 5401 δὴ
580 5332 627 5388 οθκ
640 5328 698 5388 ἔστι
712 5330 822 5410 κλῆρος,
839 5330 891 5390 είτι

1658 504 1718 565 505

948 2029 958 2051 ι
979 2011 1000 2060 si
1017 2009 1063 2060 lroc
1077 2012 1211 2073 utrumque
1227 2010 1252 2060 in
1270 2010 1485 2061 senatusconsulto
1498 2011 1631 2070 scribatur,
1643 2011 1686 2061 sed
1699 2014 1724 2061 ct

948 2126 960 2151 ιι
976 2107 1025 2160 alio
1038 2107 1121 2159 ollieio
1137 2108 1233 2173 plebem
1246 2108 1419 2160 demerendam
1435 2108 1641 2174 reiciendamque
1655 2108 1722 2159 arbi·

947 2226 960 2250 ιι
973 2211 1034 2267 tror,
1055 2208 1086 2257 de
1102 2221 1154 2270 quo
1169 2207 1252 2272 paullo
1271 2211 1326 2272 post
1345 2206 1441 2265 dicam,
1463 2206 1504 2257 ubi
1526 2207 1595 2271 prius
1610 2220 1724 2257 caussam

948 2303 1047 2354 «robis
1068 2303 1215 2363 ostendero,
1235 2305 1286 2354 imo
1302 2304 1384 2368 potius
1407 2305 1594 2365 necessitatem,
1612 2318 1656 2354 cur
1675 2303 1724 2355 boc

947 2421 960 2444 ιι
975 2413 1073 2464 quoqne
1086 2401 1158 2453 nobis
1169 2402 1203 2454 sit
1221 2400 1369 2453 iaciendum.

977 2585 1073 2634 LXXV.
1093 2604 1105 2626 ι
1117 2583 1189 2634 Scitis
1199 2583 1341 2634 sanererba
1351 2583 1376 2633 in
1389 2585 1506 2634 concione
1515 2597 1530 2633 υ
1539 2584 1637 2635 tribuno
1648 2582 1724 2647 laeta,

948 2694 960 2718 ι
975 2688 1032 2724 cum
1043 2688 1076 2725 ex
1089 2675 1166 2725 altero
1175 2674 1276 2725 oorrsuie
1289 2674 1339 2725 isto
1350 2674 1594 2739 Virginioquaesirit,
1605 2675 1724 2740 quidnam

948 2781 961 2805 ιι
974 2764 1076 2814 sentiret
1090 2762 1121 2813 de
1135 2776 1250 2827 agrorum
1262 2762 1391 2823 divisione,
1408 2768 1493 2813 utrum
1507 2764 1605 2814 civibus
1621 2764 1723 2829 quidem

948 2870 959 2893 ιι
976 2863 1064 2911 agrum
1077 2850 1204 2914 publicum
1222 2850 1299 2901 dividi
1318 2851 1490 2916 permitteret,
1505 2852 1577 2901 sociis
1595 2865 1655 2903 rero
1675 2867 1724 2903 non

947 2959 960 2984 ι
975 2942 1111 3002 pateretur,
1122 2953 1154 2989 an
1166 2953 1196 2990 ne
1208 2940 1280 2991 nobis
1289 2941 1390 3005 quidem
1403 2951 1544 2992 nostrorum
1556 2944 1723 2993 communium

947 3047 959 3072 ιι
974 3041 1088 3093 agrorum
1098 3031 1196 3092 partem
1206 3031 1272 3080 sorte
1283 3028 1367 3079 delam
1381 3029 1491 3094 accipere
1505 3030 1724 3094 permitterellis·

947 3138 958 3161 ι
973 3121 1077 3182 tumque
1090 3117 1263 3182 respondisse:
1286 3132 1332 3169 nos
1345 3119 1445 3182 quidem
1462 3133 1510 3168 non
1526 3119 1657 3184 impedire,
1675 3135 1724 3184 quo

947 3226 959 3250 «
975 3207 1057 3257 mistus
1066 3219 1125 3271 ager
1134 3204 1295 3265 divideretur,
1310 3207 1330 3257 si
1341 3208 1389 3258 hoe
1398 3208 1493 3272 optime
1504 3207 1600 3258 factum
1611 3209 1725 3260 omnibus

946 3317 959 3340 ι
978 3295 1121 3347 videretur:
1138 3299 1213 3360 atque
1232 3294 1279 3345 bac
1293 3296 1453 3360 permissione
1473 3301 1498 3348 et
1521 3298 1632 3349 tribunos
1653 3298 1725 3350 nobis
1790 3306 1792 3311 ’

947 3405 959 3428 ι
976 3385 1105 3435 adiunctos
1119 3388 1144 3435 et
1167 3383 1264 3448 piebem
1287 3385 1410 3436 mitiorem
1436 3385 1566 3437 redditam.
1584 3390 1723 3446 Quamnam

947 3494 959 3515 ι
979 3473 1054 3536 igilur
1070 3472 1103 3522 ob
1116 3485 1228 3522 caussam
1243 3485 1288 3531 ea,
1302 3487 1359 3536 quta
1379 3478 1439 3523 tanc
1461 3476 1640 3535 concessimus,
1659 3490 1725 3526 nuno

947 3580 958 3603 ι
975 3559 1172 3623 denegabimus?
1186 3561 1230 3608 aut
1249 3573 1324 3622 quam
1339 3560 1468 3611 utilitatem
1483 3575 1601 3624 generosa
1620 3564 1646 3612 et
1660 3576 1723 3626 pros·

948 3669 959 3691 ι
973 3648 1039 3698 clara
1055 3647 1209 3712 imperioque
1232 3647 1305 3711 digna
1329 3647 1442 3699 instituta
1461 3653 1546 3699 nostra
1564 3648 1636 3699 nobis
1647 3647 1723 3700 ailer-

949 3735 1103 3794 urent,nisi
1123 3735 1226 3800 eosqui
1251 3735 1291 3785 bis
1316 3739 1417 3786 utantur
1441 3737 1653 3801 persuaserimns?
1676 3751 1725 3789 non

947 3844 959 3867 ι
972 3823 1177 3888 persuadebimus
1187 3827 1278 3874 autem.
1294 3826 1327 3875 nt
1346 3824 1394 3875 hoc
1407 3837 1479 3876 nemo
1492 3832 1604 3876 vestrum
1619 3827 1723 3891 ignorat.

947 3932 959 3956 ιι
975 3911 1025 3970 Qui
1043 3911 1109 3962 enim
1123 3923 1167 3976 spe
1179 3925 1225 3962 sua
1239 3911 1328 3962 luerint
1343 3913 1471 3975 frustrati,
1486 3928 1531 3965 nec
1545 3928 1585 3966 res
1599 3916 1647 3965 sibi
1665 3930 1723 3980 pro·

947 4021 959 4045 ι
972 4001 1061 4051 missas
1072 3999 1211 4063 acceperint
1223 4001 1303 4051 multo
1313 3999 1458 4054 infensiores
1467 4003 1539 4053 nobis
1552 4008 1639 4062 erunt,
1650 4017 1725 4067 quem

947 4109 959 4134 ι
973 4087 1021 4148 illl,
1038 4088 1081 4152 qui
1091 4087 1153 4138 nihil
1164 4087 1296 4152 impetrare
1312 4092 1422 4153 possunt.
1455 4093 1547 4142 lterum
1558 4092 1631 4156 igitur
1642 4092 1726 4144 veniet

876 4175 1075 4240 qualique,
1091 4175 1134 4239 qni
1155 4175 1334 4239 rempubliosm
1353 4177 1385 4227 ad
1410 4191 1496 4229 eorum
1516 4179 1669 4231 voluntatem
1683 4180 1726 4232 sd·

947 4285 960 4309 ι
974 4264 1126 4323 ministrans,
1144 4276 1187 4313 eos
1211 4278 1295 4315 secum
1313 4266 1430 4330 abripiel,
1454 4281 1499 4318 nec
1522 4268 1589 4319 nllus
1611 4270 1726 4322 tribunus

948 4373 961 4397 ι
976 4353 1056 4417 plebis
1068 4351 1174 4415 amplius
1190 4366 1204 4402 ιι
1219 4353 1291 4404 nobis
1302 4355 1387 4406 stabit.
1421 4356 1488 4414 Quid
1505 4356 1580 4422 igitur
1596 4360 1666 4410 robis
1688 4361 1726 4410 la·

948 4462 960 4486 ι
975 4439 1091 4490 ciendum
1114 4452 1242 4503 censeam,
1261 4443 1363 4506 etquid
1382 4444 1453 4508 Appii
1473 4446 1604 4496 sententiae
1621 4447 1723 4504 addam,

947 4552 960 4575 ιι
974 4529 1060 4580 audite
1077 4529 1137 4578 :sed
1149 4542 1180 4580 ue
1194 4531 1313 4594 surgatis,
1327 4545 1389 4582 nere
1403 4535 1536 4584 tumultum
1546 4535 1667 4594 excitetis,
1680 4549 1724 4585 an-

947 4644 960 4669 ι
977 4630 1076 4690 tequam
1096 4627 1191 4685 omnia,
1207 4639 1265 4688 quaa
1277 4623 1360 4675 dicam
1372 4663 1378 4685 ,
1392 4625 1526 4676 audieritis.
1561 4627 1627 4689 illis,
1640 4629 1681 4692 qui
1693 4630 1724 4678 ad

948 4735 961 4760 ι
976 4729 1062 4781 agrum
1076 4715 1256 4781 inspiciendum
1267 4719 1292 4764 el
1310 4715 1454 4765 metandum
1467 4716 1596 4779 eligentur,
1613 4718 1665 4767 sire
1678 4718 1723 4766 de-

948 4824 960 4847 «
974 4805 1091 4866 cemriri,
1112 4811 1166 4856 stre
1195 4807 1355 4868 quotcunque
1379 4804 1456 4854 loturi
1478 4809 1549 4864 sunt,
1573 4805 1721 4868 permittite,

948 4913 960 4937 ι
973 4897 1002 4944 ut
1015 4895 1172 4957 discernant,
1186 4906 1300 4957 quasnmn
1320 4893 1374 4943 eius
1390 4906 1448 4957 pars
1466 4896 1492 4942 cl
1503 4897 1594 4955 quanta
1612 4892 1643 4939 ad
1657 4904 1724 4941 rem·

949 5002 960 5025 ιι
974 4982 1098 5046 publicam
1112 4983 1235 5047 pertinere
1245 4980 1351 5043 debeat,
1363 4986 1390 5032 ul
1402 4983 1426 5031 in
1440 4980 1634 5045 quinquennium
1645 4978 1724 5031 locata

948 5089 959 5113 ιι
974 5069 1086 5132 publioos
1098 5070 1195 5120 reditus
1209 5075 1313 5132 augeat3
1336 5070 1393 5119 ilem
1414 5072 1533 5133 quantum
1545 5067 1596 5130 agri
1608 5071 1633 5118 et
1648 5083 1723 5133 quem

947 5179 959 5207 ιι
976 5161 1042 5226 plebi
1054 5165 1146 5212 nostras
1163 5162 1273 5213 dividere
1288 5164 1409 5225 oporteat.
1424 5164 1503 5217 Quem
1516 5172 1576 5208 sero
1589 5173 1675 5222 agrum
1690 5163 1724 5212 illi

947 5248 1135 5302 «dividendum
1153 5251 1216 5314 plebi
1231 5249 1393 5311 assignarim,
1408 5248 1506 5299 suadeo
1523 5253 1567 5309 stt,
1591 5250 1676 5300 ubido
1694 5266 1725 5303 eo

947 5359 959 5383 ι
974 5339 1146 5404 cognoveritis,
1158 5339 1210 5389 sire
1220 5336 1344 5410 onmibus,
1356 5338 1408 5390 sire
1421 5337 1453 5387 iis
1464 5339 1567 5399 lantum,
1580 5341 1622 5403 qui
1631 5340 1722 5392 nnllam
