3772 5828
593 369 890 444 ANTIQUITATUM
912 373 1066 434 ROMAN.
1091 375 1164 437 LlB.
1191 377 1253 437 t'll.

112 534 124 557 ιι
143 502 278 574 διαστήσει
300 501 349 574 τὴν
379 501 471 573 πόλιν,
497 502 669 582 ἐπεχείρησε,
692 503 818 581 πράττειν
852 505 879 566 δέ

111 622 122 644 ιι
146 598 194 672 οὐχ
204 583 245 650 οἷα
258 591 345 669 ἔλεγεν
362 591 520 664 ἐπεάἀλετο,
537 591 662 650 ἀλλὰκαὶ
677 594 765 673 στῖρος
780 594 884 674 ἀνθρώ-

111 710 122 734 ιι
143 707 200 740 ,των
217 682 254 745 εἰς
275 679 382 738 ἅπασαν
399 680 545 760 ὑπηρεσίαν
569 680 680 757 ἑτοίμων
703 681 765 760 περὶ
792 682 884 741 ἑαυτὸν

110 798 122 822 ιι
140 770 221 849 ἔχων,
236 770 395 846 καλούμενος
405 767 449 826 ἐπὶ
460 766 507 838 τὴν
519 767 605 846 ἀρχὴν
618 772 694 844 ἡμῶν
704 772 752 828 οὑκ
765 771 884 850 ἀπαντᾷ,

68 880 80 915 n
110 887 122 911 ιι
147 859 262 923 καὶτοῖς
284 855 426 936 ὑπηρέταις
444 863 499 923 τοῖς
518 855 670 936 ἡμετέροις,
691 858 770 917 ὑπότε
796 862 886 918 κελευ·

111 974 123 999 ιι
141 945 243 1012 σθέντες
259 943 331 1024 ἀγιιν
353 944 430 1004 αὐτόν
453 944 655 1019 ἐπιάἀλλοιντο,
671 946 776 1024 πληγδις
800 948 884 1027 έντρί·

112 1062 125 1087 ιι
144 1035 199 1107 ὅτι,
215 1036 260 1093 καὶ
284 1032 342 1094 οὐδὲ
364 1037 416 1092 τῶν
437 1034 571 1113 ἡμετέρων
590 1033 723 1109 σωμάτων
752 1034 791 1094 τὼ
809 1046 884 1117 χοῖρε

113 1150 125 1176 ιι
149 1124 274 1182 τελευτῶν
298 1119 437 1201 ἀπέχεται.
460 1119 545 1182 Ὥστε
571 1123 703 1202 περίεστιν
725 1127 790 1202 ἡμῖν
811 1124 842 1184 τό
861 1123 887 1201 γ’

113 1238 126 1264 ιι
144 1210 186 1270 ἐπὶ
213 1218 301 1270 τοῦτον
326 1215 391 1268 εἰναι
413 1209 493 1287 μέρος
521 1209 606 1287 ὄνομα
631 1210 759 1290 εὐπρεπές
786 1211 885 1271 ἀσύλου

58 1325 83 1364 10
112 1327 125 1353 ιι
144 1302 227 1379 ἀρχῆς
256 1301 300 1357 ἐπὶ
321 1300 468 1378 χλευασμῷ
491 1299 612 1375 κείμενον
637 1298 729 1379 ἔχειν,
756 1299 830 1381 ἔργον
857 1299 884 1359 δὲ

112 1415 125 1441 ιι
145 1392 197 1446 τῶν
221 1386 419 1459 ἀποδεδομένων
447 1391 480 1466 τῇ
506 1389 577 1467 ἀρχῇ
599 1388 667 1463 μηδὲ
695 1391 780 1448 ὑτιοῦν
800 1387 886 1469 πράτ·

112 1502 125 1527 ιι
142 1497 207 1534 τειν.
252 1476 313 1539 Πῶς
328 1473 355 1532 δὲ
371 1471 402 1533 δν
417 1473 512 1551 ἑτέροις
534 1475 680 1534 ἀδικεῖσθαι
694 1474 800 1556 λέγουσι
816 1480 885 1556 βοη-

112 1590 125 1616 ιι
144 1563 289 1640 θήσαιμεν,
305 1553 343 1629 οἷς
364 1585 393 1640 γε
414 1563 476 1640 μηδ’
500 1564 586 1632 αὐτοῖς
610 1562 723 1645 ὑπάρχει
745 1565 776 1624 τὸ
799 1569 885 1648 ἀσρα·

113 1678 126 1703 ιι
142 1653 201 1721 λίς,
216 1653 311 1716 ταύτας
324 1648 413 1726 μέντοι
423 1647 470 1716 τδις
484 1647 572 1728 ὑόρεις
586 1653 610 1710 oi
625 1651 734 1723 πένητες
749 1651 797 1732 ὑύρ
810 1651 885 1729 ζόμε-

59 1773 82 1811 15
113 1765 125 1792 ιι
143 1764 182 1799 νοι
206 1738 270 1819 πρὸς
296 1737 351 1805 ἑνὸς
378 1737 469 1814 ἀνδρὸς
493 1736 567 1797 οὑπω
594 1744 797 1817 τυραννοῦντος,
824 1742 884 1800 ἀλλ’

113 1853 126 1879 ιι
146 1828 184 1885 ἔτι
209 1829 363 1901 μέλλοντος,
388 1824 433 1884 καί
456 1823 489 1883 τά
514 1826 561 1902 μὲν
587 1824 639 1899 ήδη
663 1827 837 1902 πεπονθότες,
861 1817 884 1886 ἀι

114 1942 126 1967 ιι
146 1916 239 1993 βουλὴ,
250 1914 336 1991 δεινά,
347 1915 381 1972 τέι
394 1915 416 1973 δ’
425 1916 448 1973 εί
460 1913 498 1990 μὴ
509 1912 539 1972 τδ
554 1915 642 1973 πλεῖον
658 1918 731 1992 ὑμῶν
747 1919 825 1995 μέρος
837 1920 885 1991 έμ-

114 2030 126 2056 ιι
147 2002 233 2062 ποδῶν
259 2001 360 2079 ἐγένετο
378 2000 546 2083 παράσχεδδν
571 2003 687 2069 ἐλθόντες
711 2008 822 2077 παθεῖν,
842 1995 884 2086 ἀρ’

114 2119 126 2144 ιι
144 2094 190 2151 οῦκ
206 2090 310 2158 εἰκότως
331 2094 529 2167 ἀγανακτοῦμεν
547 2091 593 2151 καὶ
612 2093 732 2171 βοηθείας
749 2094 818 2159 τινὸς
830 2093 883 2154 οίό-

57 2210 84 2248 «20
113 2207 126 2234 ιι
144 2186 211 2256 μεθα
224 2182 275 2238 δεῖν
292 2182 338 2239 οὐκ
356 2181 417 2239 ἀνευ
430 2184 478 2252 τῆς
487 2178 617 2259 ὑμετέρας
633 2179 884 2258 συναγανακτήσεως

113 2296 126 2323 ιι
142 2272 241 2348 τυχεῖν,
253 2269 296 2327 ἐπὶ
311 2269 385 2342 δίκην
396 2269 543 2341 αύτδνίσην
553 2267 599 2326 καί
613 2268 735 2345 νόμιμον,
749 2259 771 2328 ῶ
787 2272 883 2349 βουλὴ,

113 2383 126 2408 ι
144 2355 387 2434 προσκαλούμενοι,
406 2353 466 2431 περί
477 2355 509 2424 ἣν
530 2351 623 2411 ἀπασα
640 2353 771 2426 ἡπληθῦς
788 2380 883 2436 μερισ-

114 2470 126 2496 ιι
144 2447 218 2503 θεῖσα
239 2441 308 2500 κατδι
330 2440 411 2520 ρυλάς
435 2441 514 2519 λόγου
537 2439 654 2507 δοθέντος
679 2451 732 2507 τοῖς
754 2445 885 2520 δεομένοις

114 2556 127 2584 ιι
145 2530 248 2608 ἔνορκον
264 2529 363 2588 ἐποίσει
375 2528 422 2600 τήν
436 2526 588 2610 ψῆρονςἹθι
597 2532 658 2601 ἐκεῖ,
670 2518 692 2588 ῶ
705 2531 826 2611 Μάρκιε,
840 2534 885 2592 καί

114 2645 127 2671 ιι
145 2621 244 2692 ταῦτα,
259 2616 276 2674 ἀ
293 2616 397 2694 μέλλεις
412 2617 497 2695 λέγειν
512 2617 603 2676 ένθάδε
615 2617 680 2697 πρὸς
694 2617 814 2687 ἅπαντας
826 2621 884 2690 τοὺς

114 2733 127 2759 ιι
144 2703 253 2771 πολίτας
275 2703 381 2784 ἀθρόους
402 2705 546 2782 ἀπολογοῦ,
567 2704 618 2764 είτε
645 2709 680 2773 ὡς
696 2707 807 2769 ἀπὸτοῦ
824 2713 884 2789 βελ·

114 2820 127 2846 ιι
144 2792 233 2852 τίστου
249 2790 282 2850 τὰ
303 2791 433 2873 κράτιστα
458 2789 641 2859 συνεὺούλευες
654 2792 771 2870 τούτοις,
793 2796 882 2875 [εἴτε]

113 2909 126 2934 ιι
143 2881 189 2940 καὶ
203 2880 359 2959 συνήνεγκεν
381 2878 413 2938 διν
434 2883 467 2960 τῇ
481 2881 557 2940 πόλει
575 2886 657 2939 ταῦτα
676 2883 818 2960 γενόμενα,
832 2885 884 2946 εἴτε

112 2998 125 3024 ιι
143 2974 178 3039 ὡς
196 2974 242 3030 οῦκ
263 2972 319 3033 ἔστι
341 2967 440 3029 δίκαιον
458 2969 543 3049 λόγων
566 2969 674 3056 εὐθύνας
693 2973 800 3053 ὑπέχειν
827 2973 885 3044 τοῦς

56 3114 61 3128 ,
112 3087 126 3114 ιι
144 3057 367 3139 ἀποφαινομένους
387 3057 478 3119 istite
501 3058 682 3137 τάςγνιὺμας,
704 3058 756 3120 εἴτε
780 3063 815 3129 ῶς
837 3067 884 3124 οὐκ

112 3173 125 3200 ιι
144 3152 174 3205 ἐκ
197 3147 323 3226 προνοίας
337 3146 392 3206 οὐδ’
411 3145 569 3219 έπιῦουλῆς,
585 3148 644 3206 ἀλλ’
659 3149 726 3228 ἀργῇ
742 3150 883 3231 ἐπιτρέψας

112 3262 125 3289 ιι
141 3236 173 3295 τά
188 3236 271 3314 μιαρὰ
294 3241 378 3295 ταῦτα
392 3243 529 3315 παραινεῖν
551 3235 699 3317 προήχθης,
717 3237 798 3297 εἴτεύ
814 3263 838 3297 τι
852 3239 883 3312 δή

112 3349 124 3375 ιι
142 3326 200 3381 ποτ’
216 3323 279 3381 ἀλλο
291 3322 449 3399 ἀπολόγημα
464 3325 543 3402 ἔχεις.
561 3324 752 3384 Καταὺίόασον
765 3326 817 3385 ἀπὸ
832 3330 883 3386 τῶν

113 3437 125 3464 ιι
144 3411 315 3491 ὑπερηφάνων
338 3411 384 3469 καὶ
403 3415 564 3491 τυραννικῶν
591 3415 662 3492 αὐχη
686 3415 755 3472 ἀτων
777 3414 883 3474 ἐκείνων

53 3535 56 3542 -
114 3525 127 3552 ιι
146 3497 254 3556 σεαυτὸν
279 3495 323 3556 ἐπὶ
345 3497 376 3555 τό
398 3498 625 3579 δημοτικώτερον,
653 3525 675 3559 ω
702 3500 816 3581 πονηρέ,
837 3503 882 3560 καὶ

114 3613 127 3639 ιι
145 3586 253 3656 ποίησον
269 3584 320 3657 ἤδη
344 3584 407 3644 ποτέ
431 3595 483 3652 τοῖς
502 3587 589 3652 ἀλλοις
619 3588 765 3666 ἀνθρώποις
784 3588 883 3666 ὅμοιον·

114 3701 127 3727 ιι
147 3671 329 3750 ἡμαρτηκότος
342 3670 407 3730 lits
426 3672 472 3731 καί
494 3675 703 3755 παραιτουμένου
720 3678 813 3753 σχῆμα
830 3699 884 3735 τα-

114 3788 127 3814 ιι
144 3760 231 3819 πεινδν
253 3751 306 3818 οἷον
331 3761 483 3819 ἀπαιτοῦσιν
508 3764 536 3820 orl
565 3763 712 3842 συμφοραί·
728 3762 766 3837 μὴ
796 3764 882 3843 βιαζό-

112 3875 126 3903 ιι
146 3872 221 3926 μενος
243 3846 301 3914 τοὺς
316 3852 404 3915 κακῶς
424 3849 600 3922 πεπονθότας,
617 3851 686 3910 ἀλλὰ
705 3850 883 3931 ὑπερχόμενος

111 3965 125 3993 ιι
143 3938 214 4006 ἀξίου
230 3936 364 4007 σώζεσθαι.
408 3936 527 3998 Γενέαθω
562 3962 603 3998 σοι
637 3941 805 4019 παράδειγμα
834 3945 882 4014 τῆς

111 4054 124 4081 ιι
143 4027 297 4096 ἐπιεικείας,
323 4016 341 4103 ᾗ
368 4023 504 4107 χρώμενος
525 4025 557 4086 ἀν
581 4026 637 4099 εἴης
656 4027 720 4109 πρὸς
738 4027 798 4097 τοὺς
823 4027 881 4107 ἀμα

99 4143 123 4188 ιι
141 4112 563 4191 πολιτευομένουςἀνεπίληπτος,
579 4116 613 4174 τὰ
635 4121 687 4175 τῶν
703 4120 806 4195 ἀγαθῶν
821 4116 881 4178 τού·

110 4232 123 4257 ιι
139 4228 190 4264 των
204 4203 278 4282 ἔργα,
298 4201 324 4263 oi
341 4210 458 4263 τοσοῦτοι
479 4206 527 4280 μὲν
541 4205 611 4271 ὄντες
630 4205 660 4265 τό
675 4209 783 4284 πλῆθος,
803 4208 878 4280 ύσους

109 4320 122 4348 ιι
140 4292 216 4359 αὐτὸς
227 4295 299 4372 ὑμᾶς,
314 4291 440 4357 τοσαύτας
454 4290 481 4350 δὲ
497 4292 591 4373 ἀρετὰς
608 4296 822 4371 ἀποδεδειγμένοι
835 4297 880 4357 καί

72 4401 82 4435 s
109 4408 123 4435 ιι
139 4379 283 4457 πολεμικὰς
297 4379 343 4438 καὶ
356 4380 507 4457 πολιτικὰς,
533 4382 563 4450 ἃς
578 4383 632 4441 οὐδ’
655 4386 682 4442 ἐν
700 4386 792 4464 πολλῷ
812 4385 882 4445 πάνυ

109 4496 122 4523 ιι
138 4470 225 4550 χρόνῳ
239 4472 347 4529 διελθεῖν
370 4469 478 4549 ῥοίδιον,
497 4470 569 4530 οὐδέν
583 4472 657 4549 ὠμὸν
672 4471 724 4532 οὐδ’
745 4473 881 4554 ὑπερήφα-

110 4584 123 4611 a
141 4582 181 4617 νον
206 4557 347 4635 ἐξήνεγκαν
370 4559 444 4623 τέλος
464 4557 523 4618 καθ’
544 4563 620 4637 ἡμῶν
634 4563 686 4619 τῶν
708 4560 815 4642 φαύλων
835 4561 881 4620 καὶ

110 4668 123 4694 ιι
140 4648 269 4702 ταπεινῶν
283 4647 306 4704 οἱ
329 4645 421 4723 σεμνοί
434 4645 480 4704 καὶ
502 4647 629 4725 μεγάλοι,
648 4647 777 4707 ἀλλὰκαὶ
797 4648 881 4729 λόγων

110 4756 123 4783 ιι
140 4720 219 4808 ἦρξαν
244 4731 431 4809 συμόατηρίων
456 4735 529 4793 αὐτοὶ
553 4735 675 4815 πρότεροι
704 4735 881 4817 προτείνοντες

56 4842 83 4877 ιιι
109 4846 122 4873 ιι
141 4818 300 4894 διαλλαγὰς,
321 4819 364 4880 ὅτε
386 4823 480 4880 διεῖλεν
503 4827 573 4900 ἡμᾶς
587 4823 634 4884 ἀπ’
657 4826 812 4897 ἀλλήλωνή
835 4825 880 4884 τύ-

108 4929 195 4986 ιιχη,
218 4906 263 4964 καὶ
290 4908 337 4975 τὰς
360 4909 518 4985 συμύάσεις,
543 4913 592 4992 οὐχ
625 4915 660 4979 ὡς
684 4916 785 4980 ἑαυτοῖς
814 4916 879 4972 ὑπε-

106 5021 120 5049 ιι
137 4993 275 5072 λάμύανον
297 4994 392 5073 ἄριστα
409 4997 493 5073 ἀίειν,
519 5002 578 5059 ἀλλ’
602 5004 636 5069 ὡς
662 5002 739 5078 ἡμεῖς
753 5001 878 5077 ἠξιοῦμεν

105 5109 120 5136 ιι
138 5085 327 5164 συνεχώρησαν
345 5085 484 5162 γενέσθαι,
513 5090 557 5147 καὶ
578 5089 612 5149 τὰ
641 5093 781 5150 τελευταῖα
802 5087 878 5148 ταυτί

105 5199 118 5224 ιι
136 5170 169 5230 τδι
192 5175 251 5252 περὶ
271 5171 320 5245 τήν
345 5174 495 5235 σιτοδοσίαν
511 5176 621 5258 ἔναγχος
652 5177 876 5258 προσκρούματα,

1657 387 1718 445 419

942 536 955 560 ιι
972 530 1028 566 nem
1043 516 1184 568 incivitate
1200 521 1304 569 coriatus
1325 523 1363 570 est
1377 519 1501 581 excitare,
1516 522 1546 570 ab
1568 522 1597 571 iis
1610 538 1668 573 rero
1678 527 1717 574 ta-

942 632 953 655 «
970 613 1069 675 ciendis‚
1084 626 1140 675 quur
1152 612 1258 674 dicebat,
1266 614 1384 665 abstinuit
1396 635 1402 674 ;
1417 614 1461 665 sed
1474 616 1579 679 stipatus
1592 618 1718 671 bominum

942 728 954 751 «
970 707 1041 769 globo
1058 707 1089 756 ad
1112 709 1224 771 quamvis
1243 723 1342 773 operam
1363 713 1464 775 parato,
1485 715 1590 762 vocatus
1611 713 1640 762 ad
1663 727 1719 764 rna-

942 822 953 844 ιι
969 802 1100 865 gistratum
1117 807 1228 852 nostrum
1242 818 1290 852 nou
1303 805 1383 863 verrit,
1398 808 1422 854 et
1434 805 1568 865 ministris,
1584 805 1626 868 qui
1652 806 1720 857 iussu

942 916 954 939 ιι
973 899 1057 947 nostro
1071 911 1127 947 euru
1140 898 1231 947 ducere
1245 898 1348 957 retient,
1362 900 1446 963 plagas
1460 902 1566 961 iutlixit,
1582 906 1607 952 et
1628 907 1720 967 postre-

941 1012 954 1035 ιι
968 1006 1009 1041 mo
1028 1006 1059 1043 ne
1075 1006 1089 1042 a
1103 992 1193 1042 nostris
1209 993 1309 1057 quidem
1324 995 1467 1058 corporibus
1482 1010 1569 1046 manus
1589 998 1717 1048 abstinuit.

942 1109 955 1133 ιι
971 1092 1133 1153 Quapropter,
1147 1088 1214 1153 quod
1228 1089 1338 1139 adhunc
1357 1091 1457 1150 attinet,
1479 1094 1617 1156 speciosum
1638 1108 1719 1144 sacro·

943 1204 954 1226 «
972 1185 1049 1234 sancti
1073 1184 1230 1248 magistratus
1250 1199 1338 1235 nornen
1361 1187 1393 1235 ad
1417 1187 1554 1239 irrisionem
1576 1189 1719 1253 impositum

942 1299 954 1322 ιι
972 1280 1125 1341 babebimus,
1136 1283 1200 1331 etne
1214 1282 1341 1331 minimam
1353 1281 1453 1345 quidem
1462 1298 1546 1334 earum
1558 1298 1719 1351 rerumquae

942 1394 955 1418 ιι
969 1373 1028 1423 buin
1036 1373 1191 1438 magistratui
1200 1375 1377 1438 attribuuntur,
1389 1377 1469 1427 lacere
1485 1381 1628 1442 poterimus.
1663 1384 1718 1440 Quo

941 1490 953 1513 ιι
969 1469 1043 1521 modo
1056 1470 1122 1520 enim
1140 1471 1195 1521 aliis
1216 1472 1248 1523 de
1262 1473 1351 1523 iniuria
1364 1473 1410 1524 sibi
1428 1475 1497 1526 illato
1509 1481 1718 1542 conquerentibus

942 1586 953 1610 ιι
966 1567 1157 1631 opitulabirnur‚
1172 1569 1193 1618 si
1201 1583 1231 1618 nc
1241 1570 1288 1632 ipsi
1299 1570 1400 1634 quidem
1410 1573 1459 1622 tuti
1471 1574 1559 1626 simus?
1568 1578 1629 1627 Cum
1644 1579 1720 1641 igitur

942 1684 953 1706 ιι
968 1662 1008 1712 bis
1021 1661 1116 1711 iniuriis
1129 1676 1173 1711 nos
1183 1677 1312 1727 pauperes,
1326 1666 1359 1716 ab
1371 1680 1419 1715 uno
1431 1669 1483 1717 solo
1497 1671 1593 1723 immine
1609 1674 1718 1726 nondum

932 1776 944 1799 ι
962 1761 1071 1820 tyranno,
1085 1759 1128 1808 sed
1147 1761 1179 1809 ad
1201 1761 1356 1824 tyrannidem
1375 1764 1519 1828 adspirauis
1538 1764 1657 1814 fuerimus
1673 1768 1712 1815 at·

933 1870 944 1892 «
963 1848 1032 1911 lectt,
1047 1865 1164 1916 eumque,
1189 1855 1274 1903 Patres
1296 1856 1436 1918 conscripti,
1454 1856 1544 1919 partim
1562 1869 1603 1905 res
1618 1859 1714 1909 atroces

933 1962 946 1985 ι
964 1941 1011 1991 iam
1032 1956 1143 1994 essemus
1164 1946 1282 2008 perpessi,
1300 1946 1391 2009 partim
1406 1960 1465 1997 rnox
1495 1947 1643 2009 perpessuri,
1665 1948 1715 1999 nisi

933 2062 945 2085 ιι
963 2040 1043 2090 maior
1056 2041 1134 2093 vestri
1152 2046 1254 2093 senatus
1274 2058 1330 2107 pars
1351 2045 1483 2095 restitisset
1502 2065 1508 2095 ι
1524 2057 1613 2104 nonne,
1628 2047 1715 2096 Patres

934 2136 1104 2200 «conscripti,
1128 2137 1219 2187 merito
1242 2137 1406 2201 indignamur,
1430 2141 1455 2187 et
1474 2138 1574 2200 aliquod
1594 2136 1715 2187 auxilium

934 2243 1011 2278 ιιιοιι
1036 2229 1089 2280 εἰπε
1116 2234 1198 2280 vestra
1230 2230 1395 2294 indignatione
1424 2230 1495 2280 nobis
1525 2229 1716 2280 nanciscendum

934 2346 945 2367 ιι
964 2329 1089 2390 putamus,
1113 2328 1179 2377 bunc
1204 2327 1235 2377 ad
1261 2341 1360 2390 aequum
1385 2332 1411 2377 et
1434 2326 1570 2389 legitimum
1595 2325 1717 2378 iudicium

934 2442 946 2466 ιι
964 2422 1120 2481 vocantibus,
1136 2423 1160 2471 in
1176 2437 1225 2487 quo
1242 2426 1312 2474 totus
1330 2423 1438 2487 populus
1460 2436 1505 2487 per
1527 2422 1606 2472 tribus
1621 2422 1718 2473 divisus

934 2540 946 2563 ιι
964 2519 1029 2568 iacta
1047 2518 1191 2569 volentibus
1210 2518 1309 2569 dicendi
1335 2522 1467 2582 potestate,
1482 2518 1580 2568 iuratus
1599 2516 1717 2581 suffragia

935 2631 946 2651 «
964 2611 1046 2660 lereti
1062 2611 1083 2671 1,
1096 2610 1182 2669 Marci,
1202 2625 1239 2667 eo,
1255 2614 1280 2659 ct
1294 2624 1351 2675 (ηοω
1364 2610 1407 2660 hic
1420 2610 1535 2660 dicturus
1549 2624 1585 2672 es,
1602 2623 1631 2660 ea
1651 2610 1717 2673 apud

935 2721 946 2744 ι
965 2701 1093 2752 universos
1104 2703 1172 2753 cives
1191 2707 1250 2752 tuos
1261 2705 1423 2766 congregatos
1437 2702 1476 2752 tui
1487 2701 1611 2766 purgandi
1626 2713 1716 2751 caussa

935 2811 946 2839 ιι
965 2795 1019 2851 die;
1042 2793 1095 2843 sive
1113 2796 1209 2858 optimo
1231 2794 1316 2846 animo
1333 2795 1457 2860 optimum
1479 2793 1615 2844 consilium
1633 2793 1718 2845 bisse

937 2908 949 2937 ιι
964 2889 1063 2939 dedisse
1077 2893 1104 2940 et
1115 2890 1185 2949 baso,
1200 2891 1221 2940 si
1233 2889 1332 2951 tierent,
1349 2889 1507 2953 erepublica
1523 2889 1614 2939 futura
1629 2888 1717 2949 tuisse,

925 3002 948 3051 ,ι
966 2983 1019 3034 sive
1033 2985 1136 3047 putasse
1147 2986 1172 3033 te
1189 2982 1293 3034 minime
1305 2996 1407 3047 {equum
1421 2994 1484 3037 csse.
1499 2985 1528 3032 ut
1550 2982 1595 3045 qui
1607 2982 1647 3031 bio
1661 2996 1718 3032 sen·

935 3099 947 3128 ιι
963 3080 1057 3129 tentius
1068 3079 1159 3130 dieunt
1171 3093 1259 3130 earum
1270 3080 1381 3129 rationes
1393 3079 1512 3139 reddant,
1528 3080 1582 3129 sive
1593 3093 1643 3127 non
1656 3092 1717 3128 con·

935 3195 947 3225 ιι
963 3174 1032 3226 sulio
1046 3190 1092 3226 nec
1106 3191 1151 3240 per
1164 3175 1275 3234 insidias,
1292 3177 1336 3227 sed
1361 3177 1405 3227 irre
1419 3174 1601 3238 indulgentem,
1617 3188 1646 3224 ce
1661 3188 1719 3237 pro·

935 3278 1065 3322 «rectum
1088 3276 1114 3321 et
1134 3287 1201 3330 csse,
1224 3276 1253 3321 ut
1267 3273 1321 3322 lraec
1339 3271 1415 3336 impia
1432 3271 1539 3321 consilia
1558 3271 1648 3327 dares;
1667 3269 1720 3318 sire

935 3383 1152 3434 «quamcumque
1185 3368 1261 3416 uliam
1288 3367 1460 3418 defensionem
1490 3365 1574 3415 trabes.
1610 3365 1721 3415 Demitte

935 3485 947 3514 ιι
962 3467 1042 3515 elatos
1054 3465 1113 3516 illos
1129 3479 1158 3516 ac
1168 3464 1316 3528 tyrannicos
1326 3463 1440 3529 spiritus,
1453 3477 1520 3527 quos
1531 3461 1606 3526 geris,
1622 3460 1722 3513 modes·

934 3562 1075 3626 etiamque
1095 3561 1195 3611 cirileru
1210 3560 1300 3611 indue:
1323 3564 1348 3611 et
1366 3565 1432 3621 te,0
1454 3559 1539 3619 miser,
1561 3557 1662 3608 tandem
1678 3557 1722 3606 uli·

933 3656 1065 3720 equando
1088 3656 1144 3706 aliis
1168 3654 1315 3707 hominibus
1342 3653 1449 3706 similem
1471 3652 1560 3714 redde3
1588 3666 1659 3703 sume
1685 3656 1723 3706 rei

934 3749 1122 3814 «deprecantis
1147 3749 1263 3800 habiturn
1294 3747 1418 3798 humilem
1436 3745 1548 3812 qualern,
1567 3745 1724 3796 calamitates

933 3841 1105 3907 «postulaut3
1128 3841 1199 3893 baud
1221 3841 1274 3892 rim
1290 3839 1397 3892 afferens
1423 3838 1517 3891 iniuria
1540 3838 1652 3900 allectis,
1678 3837 1723 3890 sed

934 3937 997 3986 reis
1006 3939 1031 3986 te
1044 3933 1199 3986 submittens
1218 3937 1276 3998 pete
1286 3934 1404 3984 salutern.
1414 3933 1473 3984 Sint
1489 3936 1574 3982 autern
1584 3930 1632 3982 tibi
1641 3944 1723 3981 exem·

934 4034 1005 4099 «ple
1021 4032 1152 4086 modestius
1164 4046 1170 4099 ’γ
1184 4047 1236 4100 (μισ
1256 4032 1278 4082 si
1291 4046 1354 4084 usus
1374 4031 1451 4082 tueris
1475 4031 1543 4095 apud
1561 4044 1650 4081 ornnes
1664 4032 1724 4084 tuos

935 4133 1044 4191 «cives,
1066 4133 1169 4183 minime
1195 4129 1380 4195 reprehensioni
1402 4128 1525 4180 obnoxius
1550 4129 1612 4189 eris,
1633 4128 1724 4178 horum

934 4245 947 4272 ιι
963 4227 1075 4276 virorum
1094 4226 1217 4275 bonorum
1238 4224 1316 4283 tactu,
1331 4223 1375 4286 qui
1397 4223 1455 4273 licet
1480 4225 1518 4272 tot
1538 4221 1590 4271 sint
1606 4233 1722 4280 numero,

935 4339 948 4363 ιι
963 4322 1025 4383 quot
1040 4318 1093 4382 ipse
1108 4317 1191 4380 rides,
1207 4320 1232 4368 et
1249 4320 1286 4368 tot
1309 4316 1445 4367 virtutibus
1460 4315 1609 4367 militaribus
1625 4320 1649 4365 et
1664 4315 1723 4365 cirl-

934 4431 946 4457 ι
963 4411 1030 4461 libus
1045 4412 1163 4475 spectati,
1182 4410 1274 4475 quibus
1290 4408 1446 4460 recensendis
1459 4421 1490 4459 ne
1507 4408 1606 4472 longum
1623 4406 1724 4469 quidem

935 4524 947 4548 ιι
963 4506 1063 4568 tempus
1084 4502 1223 4562 sufficeret,
1242 4505 1326 4552 tamen
1348 4499 1408 4550 nibil
1431 4499 1505 4561 sarri,
1526 4497 1588 4550 nihil
1610 4496 1723 4562 superbi,

935 4622 947 4645 ιι
964 4601 989 4651 in
1009 4614 1054 4652 nos
1073 4600 1136 4651 viles
1156 4602 1231 4664 atque
1252 4598 1362 4649 abiectos
1382 4597 1492 4648 bomiues
1511 4596 1558 4661 ipsi
1576 4593 1672 4646 nobiles
1694 4609 1723 4646 ac

934 4719 947 4743 ιι
965 4698 1047 4764 rnngni
1063 4700 1218 4756 statuerunt,
1231 4695 1275 4746 sed
1291 4695 1333 4747 vel
1347 4695 1394 4760 ipsi
1411 4695 1506 4758 priores
1520 4693 1552 4744 de
1565 4707 1625 4758 paee
1639 4690 1725 4741 uobis·

934 4813 946 4836 ι
962 4806 1019 4842 curn
1029 4795 1141 4856 egerunt,
1157 4794 1181 4842 et
1195 4789 1291 4854 priores
1305 4787 1336 4839 ad
1349 4801 1435 4851 pacem
1448 4799 1493 4836 nos
1508 4783 1658 4841 invitarunt,
1673 4790 1724 4844 quo

935 4903 947 4927 ιι
965 4887 1075 4946 ternpore
1087 4881 1188 4931 fortuna
1199 4895 1245 4930 nos
1254 4880 1286 4929 ab
1298 4878 1348 4929 illis
1360 4880 1496 4941 separarat,
1508 4873 1624 4938 pacisque
1636 4868 1723 4920 condi·

935 5005 947 5027 ιι
964 4980 1058 5041 tiones,
1075 4992 1125 5029 non
1143 4991 1207 5040 quas
1226 4977 1272 5027 sibi
1297 4972 1511 5024 commodissimas
1528 4966 1665 5032 putabant,
1680 4966 1725 5019 sed

935 5094 947 5116 ιι
964 5083 1027 5137 quas
1051 5083 1097 5122 nos
1123 5068 1297 5135 poscebamus,
1319 5064 1494 5114 concesserunt
1512 5079 1521 5113 ε
1541 5063 1567 5109 et
1586 5064 1726 5125 postremas

935 5193 945 5213 ιι
965 5171 1024 5219 istas
1051 5167 1201 5220 offensiones
1227 5166 1259 5216 ob
1287 5157 1404 5212 frumenti
1425 5155 1628 5209 distributionem
1645 5164 1727 5223 rm
