3772 5828
605 341 897 418 aurteumaruns
920 341 1067 403 nonan.
1091 345 1162 404 uu
1187 347 1239 406 ιι.

1663 352 1719 416 θίίἰ

112 468 287 544 ποιησάμενοι
306 466 503 547 παρακλήσεις,
518 465 631 547 πρώτοις
645 467 786 527 ἀπέδωκαν
799 465 886 543 λε’γειν
943 475 1049 526 tribunis
1071 476 1131 540 legis
1153 478 1298 528 auctoribus
1327 478 1434 542 primum
1456 478 1553 531 dicendi
1575 484 1722 546 potestatem

113 561 166 624 τοῖς
181 554 400 635 εἰσηγησαμένοις
415 554 563 636 δημάρχοις
575 553 620 614 τὸν
635 553 727 632 νόμον.
763 555 818 615 ἰίαὶ
835 575 888 612 πα·
943 562 1062 614 lecerunt.
1096 568 1178 623 Quare
1206 577 1350 628 progressus
1374 578 1438 615 unus
1451 578 1483 615 ex
1505 566 1573 631 ipsis,
1587 570 1615 619 c.
1640 574 1722 623 canu·

112 647 209 725 ριλθὼν
222 636 258 715 εἷς
276 644 302 714 ἰξ
318 645 420 716 αὐτῶν,
433 645 512 712 Γάϊος
527 642 692 717 Κανολήῐος,
704 642 765 722 περί
780 641 827 721 plu
841 646 889 701 τοῦ
942 649 1018 712 leius,
1028 652 1060 703 de
1077 651 1138 717 legis
1148 652 1267 716 equitate
1288 655 1333 701 aut
1349 652 1456 703 utilitate
1474 654 1536 704 nibil
1555 655 1628 717 dixit,
1644 673 1723 725 neque

113 735 214 796 δίκαιον
231 735 249 807 ἢ
265 732 434 815 συμφέροντα
451 723 518 793 ε’ίναι
533 733 577 793 τόν
588 732 668 811 νόμον
682 732 739 793 οὔτ’
754 732 889 792 ἐδίδασκεν
942 737 1017 788 ullam
1033 741 1182 792 mentionem
1206 739 1263 790 lecit
1278 756 1284 786 ι
1300 735 1353 791 sed.
1369 761 1381 783 ιι
1399 741 1484 791 bllrari
1507 755 1547 805 se,
1565 742 1641 806 dixit,
1657 749 1723 810 quod

70 847 85 885 a
112 824 165 884 οὔτ’
178 824 323 900 ἐμέμνητο·
344 849 357 874 ι
371 822 526 898 θαυμάζειν
540 822 562 880 δ’
576 821 626 902 ίρη
640 825 692 880 τῶν
707 819 834 892 ὑπάτων,
848 819 889 882 ότι

112 939 125 963 ι
142 910 342 991 βεάουλευμόνοι
364 933 391 968 τε
415 909 460 968 καλ
484 907 633 987 κεκρικότες
657 908 710 981 ἤδη
734 908 803 968 κατά
822 916 888 988 σρθς

113 1028 124 1053 ι
141 999 232 1068 αὐτοὺς
245 1001 262 1059 ά
276 1001 315 1059 διῑ
323 998 467 1079 πράττειν,
483 995 574 1078 ὥσπερ
584 996 762 1073 ἀδοκίμαστον
776 1005 888 1078 πρᾶγμα

113 1088 186 1146 ικαὶ
204 1090 298 1168 βουλῆς
317 1086 439 1164 δεόμενον
459 1088 496 1155 εἰς
517 1087 548 1145 τὸ
564 1086 697 1166 συιίδριον
712 1084 887 1165 ἰπτριίρησαν

114 1178 291 1258 «εἰσφέρειν,
314 1177 360 1235 καί
384 1175 461 1253 λόγον
483 1174 624 1234 άπίδωκαν
649 1173 714 1253 θπίρ
736 1176 888 1242 αὐτοῦτοῖς

112 1293 125 1319 ιι
141 1265 366 1346 προαιρουμένοις,
381 1264 515 1346 εἰρωνείαν
526 1264 674 1341 εἰσάγοντες
686 1262 745 1323 οὔτε
755 1271 813 1330 ταῖς
826 1266 887 1324 lou·

113 1382 126 1408 ι
140 1360 192 1414 τῶν
202 1355 316 1427 ἡλικίαις
328 1353 513 1435 ἁρμόττουσαν
523 1395 531 1421 ,
541 1350 600 1412 οότι
612 1355 651 1434 τῷ
663 1355 766 1431 μεγάθει
781 1355 828 1424 τῆς
839 1354 886 1432 ap·

112 1472 123 1496 ι
139 1447 188 1523 χῆς
209 1443 408 1526 προσήκουσαν.
449 1444 579 1522 Πονηρῶν
594 1463 623 1501 τε
638 1439 723 1523 άρχδς
744 1443 793 1522 ἰρη
809 1441 887 1498 πολι-

111 1533 276 1607 ιτευμάτων
297 1530 390 1596 αὐτοὺς
411 1528 540 1608 εἰσάγειν,
554 1527 692 1608 άπόρρητα
713 1525 887 1608 βουλευτήρια

112 1647 124 1671 ι
142 1620 300 1698 συνάγοντας
311 1621 337 1677 ἰν
352 1617 430 1685 ἰδίαις
444 1617 555 1693 οἰκίαις,
568 1622 614 1677 καὶ
626 1619 686 1678 οὗδε
699 1615 818 1686 ἅπαντας
827 1615 888 1682 τοὺς

59 1729 84 1765 rs
114 1708 283 1790 ιβουλιυτδις
303 1710 339 1775 εἰς
365 1712 449 1767 ταῦτα
471 1707 705 1785 παρακαλοῦντας,
733 1704 802 1764 αἰλλδ
827 1702 887 1769 τοός

112 1825 123 1850 ι
140 1820 227 1879 σρισιν
240 1800 327 1864 αὐτοῖς
340 1795 578 1867 ἰπιτηδειοτάτθυς.
607 1796 669 1857 Τῶν
683 1794 731 1872 μὲν
742 1785 787 1853 οὖν
799 1794 887 1853 ἄλλοιν

113 1915 124 1936 ι
140 1888 269 1966 συνέδρων
291 1889 343 1944 τῶν
357 1881 540 1943 ἀπελαθέντων
552 1888 599 1956 τῆς
610 1881 771 1943 κατοικιδίου
787 1882 884 1962 βουλῆς

112 1966 218 2044 «ἦττον
242 1974 291 2055 ίρη
317 1973 475 2050 θαυμάζειν·
501 1973 613 2053 Μάρκου
638 1972 666 2032 δί
691 1969 818 2055 Ὁρατίου
841 1970 887 2032 καί

112 2064 253 2124 ιΛευκίου
274 2061 439 2144 Οὐαλερίου,
455 2065 508 2122 τῶν
534 2063 741 2123 καταλυσάντων
762 2061 810 2132 τὴν
830 2062 886 2119 θλι-

56 2166 85 2205 20
112 2179 124 2206 ι
140 2152 273 2232 γαρχίαν,
286 2153 422 2210 ὑπατικῶν
438 2151 539 2225 ἀνδρῶν
554 2149 600 2210 καί
614 2149 716 2218 οὐδενός
730 2139 809 2222 ἧττον
824 2151 884 2208 ἰπι-

112 2269 123 2294 ι
142 2242 251 2313 τηδείων
266 2240 300 2302 τά
316 2239 391 2301 κοινίι
410 2237 558 2319 βουλιιίειν,
570 2238 619 2312 τὴν
632 2236 779 2307 ἀπαξίωσιν
794 2241 843 2310 τῆς
852 2239 887 2306 εἰς

111 2331 168 2390 ιτίν
188 2329 322 2412 συνίδριον
345 2327 540 2409 παρακλήσεως
565 2329 766 2407 ίκπεπλῆχθαι,
789 2327 835 2387 καί
857 2329 890 2388 οὗ

112 2448 122 2470 ι
139 2420 264 2479 δόνασθαι
278 2417 441 2495 συμόάλλειν
454 2415 499 2476 ἰπί
510 2414 560 2474 τίνι
570 2414 641 2496 λόγῳ
655 2413 759 2495 δικαίῳ,
775 2414 887 2486 εἰκάζειν

110 2535 122 2559 ι
139 2507 166 2566 δί
184 2507 246 2584 μίαν
261 2506 367 2578 αἰτίαν,
383 2502 424 2564 ότι
441 2506 558 2584 πονηράς
575 2503 622 2563 καὶ
642 2501 809 2582 ἀσυμφόρους
820 2503 888 2582 γνόι·

111 2623 123 2648 ι
140 2619 192 2672 μας
208 2595 370 2672 τίσηγεῖσθαι
392 2591 533 2670 μέλλοντες
550 2590 620 2652 κατδι
642 2593 694 2651 τῶν
715 2591 885 2670 δημοτικῶν,

111 2710 124 2735 ι
139 2684 187 2742 οθκ
205 2680 344 2742 ἰδοόλοντο
363 2683 528 2761 παρακαλεῖν
544 2681 580 2746 ιίς
600 2684 686 2739 ταῦτα
706 2676 740 2737 τά
765 2679 887 2760 συνόδρια

111 2798 123 2825 ι
139 2769 199 2839 τοὺς
211 2768 436 2850 φιλοδημοτάτους
440 2813 448 2842 ,
460 2766 694 2849 ἀγανακτήσοντας
706 2765 827 2838 δηλονότι
841 2766 888 2828 καί

112 2887 124 2914 ι
139 2862 169 2921 οὐ
184 2857 388 2941 περιοψομένως
401 2857 476 2918 οθδίν
493 2856 583 2918 ἄδικον
598 2854 745 2934 πολίτευμα
759 2855 827 2916 κατά
841 2860 887 2917 τοῦ

86 2973 90 2980 ·
111 2978 124 3004 ι
140 2948 226 3026 δήμου
236 2945 383 3027 γινόμενον.
397 2972 409 2997 ·

53 3049 83 3091 80
163 3037 266 3097 LVlll.
296 3036 415 3094 Τοιαῦτα
443 3036 489 3094 τοῦ
516 3032 667 3107 Κανοληίου
693 3031 762 3110 μετά
789 3034 888 3096 πολλοῦ

110 3127 289 3206 σγετλιασμοῦ
309 3121 442 3201 λόγοντος,
463 3119 509 3181 καί
526 3125 579 3180 τῶν
604 3119 642 3199 μὴ
661 3121 887 3204 παραληρθίντων

110 3216 146 3282 εἷς
162 3212 193 3273 τό
216 3210 349 3292 συνίδριον
378 3210 524 3290 βουλευτῶν
548 3209 612 3289 πρός
633 3209 714 3290 ὀργὴν
740 3209 888 3289 διξαμάνων

109 3302 139 3362 τδ
152 3311 282 3384 πρᾶγμα,
304 3296 442 3379 παρελθὼν
467 3297 558 3381 άτερος
572 3302 625 3358 τῶν
639 3300 747 3359 ὑπάτων
766 3300 887 3368 Γενύκιος

110 3391 296 3470 ἀπολογεῖσθαι
320 3387 366 3447 καί
388 3381 513 3466 πραΰνειν
537 3385 585 3455 τδς
602 3387 682 3466 όργθς
707 3390 792 3449 αὐτῶν
817 3393 888 3450 ἰπει·

55 3491 83 3531 ³⁶
111 3489 191 3558 ρθτο,
207 3477 337 3537 διδάσκων
354 3474 395 3535 ότι
410 3503 422 3528 ι
436 3474 494 3541 τοὺς
515 3472 564 3552 μίν
587 3478 677 3559 ιρίλους
688 3475 884 3557 παραλάβοιεν,

112 3597 123 3621 ιι
139 3570 188 3647 οὐχ
199 3566 243 3625 ἰνα
262 3589 288 3623 τι
302 3562 371 3625 κατδι
385 3570 430 3624 τοῦ
444 3563 530 3638 δήμου
546 3563 747 3642 δισπράξαιντο,
769 3567 828 3624 ἀλλ’
843 3566 886 3628 ίνα

112 3684 124 3708 ιι
140 3655 208 3732 μιτθ
223 3658 275 3712 τῶν
289 3653 504 3730 ἀναγκαιοτάτων
517 3654 712 3733 βουλεύσαιντο,
723 3654 749 3714 τί
759 3660 887 3734 πράττον·

112 3773 124 3796 ιι
138 3766 180 3810 τες
193 3744 247 3803 οὐδ’
263 3744 390 3823 ὁποτέραν
405 3740 522 3811 δόξουσιν
537 3743 660 3805 bamus
671 3747 724 3803 τῶν
744 3744 885 3826 αίρίσεων,

111 3861 123 3885 ιι
138 3835 247 3912 πότερον
263 3835 372 3911 ταχεῖαν
385 3829 552 3900 ἀποδιδόντες
566 3856 600 3913 τη
618 3833 701 3914 βουλῇ
711 3833 772 3914 περί
787 3841 833 3896 τοῦ
846 3836 888 3896 νό·

111 3950 123 3974 ιι
139 3945 189 3999 μου
201 3921 349 3996 διάγνωσιν,
359 3918 377 3991 ἢ
386 3921 573 4002 χρονιωτίρσν.
584 3920 708 4002 Ὁράτιον
722 3921 750 3983 δί
758 3923 805 3983 καί
816 3926 886 3986 ota·

110 4040 123 4064 ιι
138 4010 222 4091 λίριον
236 4011 284 4070 οὐκ
299 4009 382 4081 ἄλλης
390 4007 459 4076 τινδς
472 4008 550 4087 χάριν
569 4007 655 4077 αἰτίας
669 4009 707 4087 μὴ
721 4010 885 4090 παραλαάιῐν

109 4129 120 4154 ιι
139 4103 175 4167 εἰς
189 4097 219 4157 rt
231 4097 381 4179 συνέδριον,
402 4098 460 4156 ἄλλ’
477 4093 520 4155 ἵνα
542 4096 632 4172 μήτις
649 4099 748 4180 θποιβία
760 4099 820 4178 πιρί
843 4103 887 4161 αθ-

109 4219 121 4243 ιι
134 4193 187 4250 τῶν
201 4187 265 4269 παρ’
276 4186 350 4256 άξίαν
362 4177 380 4264 ᾗ
394 4193 448 4254 τοῖς
462 4186 625 4262 δημοτικοῖς,
638 4189 674 4257 ῶς
684 4188 885 4269 μεταόιδλημί·

109 4305 121 4329 ιι
136 4302 186 4338 νων
196 4277 245 4348 τὴν
258 4273 411 4356 προαίρεσιν
426 4276 472 4344 τῆς
485 4273 638 4346 πολιτείας,
656 4276 701 4336 lte
715 4275 766 4355 άρα
783 4275 826 4336 ἰπί
839 4281 886 4350 τῆς

55 4396 81 4432 ιι
109 4395 122 4419 ιι
136 4367 227 4448 ἱτάρας
238 4365 367 4446 γε’νωνται
381 4360 504 4442 γνώμης,
517 4367 565 4435 τῆς
577 4362 886 4436 άξισόσηςάναθαλάσθαι

110 4480 122 4505 ιι
136 4455 183 4527 τήν
194 4453 259 4535 ὓπίρ
270 4458 317 4513 τοῦ
330 4452 412 4529 νόμου
426 4449 568 4528 διάγνωσιν
578 4453 614 4518 εἰς
625 4452 711 4532 ίτιρον
723 4450 813 4531 καιρδν
828 4454 886 4514 lxi·

110 4566 122 4590 ιι
135 4541 305 4622 τηδιιθτερον.
323 4538 434 4613 ’ἰίπειδὴ
458 4537 484 4597 δ’
501 4537 585 4598 ίίιτασι
599 4540 653 4605 τοῖς
673 4541 884 4619 παραληρθεῖσιν

110 4654 122 4678 ιι
136 4632 153 4699 ἡ
170 4631 356 4709 συντομωτίρα
373 4626 512 4711 διάγνωσις
532 4627 646 4703 άμιίνων
660 4627 744 4698 ἰδσξιν
763 4618 886 4700 ε’ίναιτῆς

110 4742 123 4768 ιι
138 4718 306 4800 βραδυτέρας,
321 4718 445 4800 πράττειν
456 4721 493 4785 ὣς
507 4717 615 4786 ἰκτίνοις
629 4717 748 4798 ίράνη.»
790 4720 884 4781 Ταῦτα

943 844 955 868 ι
970 827 1079 890 consule,
1094 842 1171 892 quum
1184 829 1236 893 jam
1263 828 1328 877 inter
1352 828 1450 893 seipsos
1472 831 1672 895 consultassent,
1698 839 1724 887 et

943 935 955 959 ι
971 916 1117 968 statuissent
1131 916 1191 980 quid
1203 919 1268 966 esset
1289 915 1440 976 laciendum,
1457 922 1539 971 tamen
1561 922 1593 973 do
1604 937 1641 985 re,
1653 927 1724 988 quasi

944 1024 956 1045 ι
971 1005 1080 1056 nondum
1092 1006 1232 1056 examinata
1251 1007 1278 1056 et
1289 1004 1479 1057 mussitationis
1491 1008 1627 1074 indigente,
1638 1006 1670 1063 ad
1684 1029 1724 1067 se-

943 1112 955 1136 ι
970 1097 1057 1145 natum
1079 1095 1172 1145 reterre
1189 1093 1244 1144 ausi
1256 1094 1376 1158 luissent,
1394 1094 1464 1147 etde
1478 1110 1507 1147 ea
1527 1098 1626 1150 diocndi
1640 1106 1724 1166 potes·

942 1197 955 1222 ι
969 1182 1046 1232 tatem
1067 1181 1147 1232 cuivis
1168 1181 1297 1245 fecissent,
1313 1186 1428 1235 auctores
1444 1184 1658 1251 dissimulationis,
1677 1205 1723 1242 ne·

944 1288 957 1311 ι
971 1282 1021 1333 que
1040 1283 1092 1320 suae
1118 1271 1188 1321 etati
1210 1272 1396 1333 convenientis,
1424 1285 1503 1335 neque
1529 1276 1592 1325 tanti
1626 1277 1722 1343 imperii

944 1375 956 1398 ι
975 1357 1168 1421 magnitudinem
1183 1359 1301 1410 decentis.
1338 1363 1406 1420 outa
1417 1363 1443 1412 et
1454 1375 1588 1425 pravorum
1597 1365 1724 1420 instituto·

945 1462 958 1486 ι
973 1458 1028 1494 rum
1044 1446 1112 1496 initia
1132 1445 1157 1496 in
1176 1447 1357 1511 rempublicam
1377 1461 1420 1498 eos
1445 1448 1564 1501 invehere
1590 1452 1665 1517 dixit,
1678 1457 1722 1521 qui

945 1550 958 1574 ι
971 1531 1070 1583 occulta
1088 1533 1193 1584 concilia
1218 1534 1244 1584 in
1260 1535 1372 1600 priuatas
1391 1536 1460 1586 asdcs
1479 1545 1661 1591 convocarent:
1676 1557 1723 1594 nec

946 1637 960 1665 ιι
974 1621 1057 1670 mmcd
1067 1633 1153 1672 ornnes
1165 1627 1309 1685 senatores,
1335 1623 1379 1674 aed
1398 1627 1494 1676 tantum
1510 1626 1557 1676 sibi
1580 1628 1721 1681 familiaris·

945 1730 958 1755 ι
973 1710 1058 1771 simos,
1073 1711 1105 1762 ad
1124 1713 1177 1763 haec
1198 1719 1323 1765 vocarent.
1360 1715 1433 1772 Quod
1451 1716 1526 1777 igitur
1537 1717 1577 1768 alii
1597 1725 1723 1773 senatores
1833 1718 1836 1723 '

946 1796 1060 1848 «abillo
1076 1798 1173 1861 privato
1186 1799 1289 1850 consiliu
1308 1799 1391 1851 abacti
1408 1801 1525 1860 tuissent,
1543 1806 1625 1856 miuus
1638 1809 1721 1858 seml-

945 1904 957 1927 ι
971 1887 1020 1937 rari
1031 1885 1113 1936 dixit:
1131 1886 1175 1937 sed
1186 1887 1255 1951 quod
1272 1891 1305 1938 ll.
1322 1890 1441 1940 Horatius
1458 1894 1484 1940 ct
1497 1894 1523 1941 t.
1538 1893 1661 1958 Valerius,
1679 1897 1723 1961 qui

945 1994 957 2017 ι
971 1974 1165 2026 decemviratum
1179 1976 1342 2034 sustulerant,
1363 1977 1410 2028 riri
1433 1978 1586 2042 consulares,
1601 1996 1647 2034 neo
1667 1985 1724 2034 ullis

943 2082 955 2106 ιι
969 2064 1052 2114 minus
1073 2065 1153 2116 idonei
1174 2065 1207 2116 ad
1233 2066 1374 2129 reipublice
1401 2068 1604 2132 consulendum,
1624 2072 1719 2137 indigni

944 2171 956 2195 ι
969 2152 1072 2204 tuissent
1084 2152 1202 2217 iudicati,
1228 2155 1271 2217 qui
1292 2154 1317 2205 in
1330 2158 1445 2206 senatum
1458 2162 1614 2221 vocarentur,
1630 2175 1658 2212 se
1677 2162 1720 2215 ob·

944 2258 957 2283 ι
970 2238 1136 2304 stupefactum
1149 2254 1215 2303 esse,
1226 2256 1307 2307 neque
1319 2257 1392 2307 posse
1406 2257 1433 2294 se
1443 2244 1577 2310 conjicere,
1590 2262 1721 2312 quamnam

943 2347 955 2370 ι
967 2327 1059 2390 iustam
1073 2328 1106 2379 ob
1120 2343 1233 2381 caussam
1248 2331 1277 2381 id
1288 2331 1430 2396 fecissent:
1441 2348 1468 2385 se
1484 2338 1567 2387 tamen
1578 2351 1652 2389 unam
1664 2354 1722 2392 con·

943 2440 955 2462 ι
968 2420 1072 2483 iacturis
1089 2423 1187 2487 assequi
1209 2423 1294 2487 quod,
1321 2438 1452 2488 pravarum
1476 2431 1502 2477 et
1525 2431 1722 2492 perniciosarum

944 2509 1149 2560 «sententiarum
1167 2515 1254 2562 eontra
1263 2512 1375 2576 plebeios
1393 2516 1510 2565 auctores
1525 2518 1617 2580 loturi,
1634 2521 1722 2573 nolue-

944 2615 957 2640 ι
972 2597 1022 2648 rint
1041 2597 1072 2648 ad
1098 2598 1152 2650 hmo
1170 2600 1272 2650 consilia
1285 2601 1399 2651 homines
1419 2600 1497 2666 piebis
1525 2604 1723 2658 studiosissimus

944 2702 956 2725 ι
969 2681 1100 2746 advocare,
1114 2684 1157 2747 qui
1171 2685 1289 2735 nimirum
1303 2685 1388 2749 iniquo
1401 2686 1483 2737 antruo
1502 2686 1528 2739 id
1540 2688 1616 2739 laturi
1628 2696 1720 2753 essent,

943 2786 1047 2837 «neque
1069 2775 1166 2838 passuri
1188 2774 1266 2827 ullum
1290 2775 1404 2840 iniquum
1433 2777 1577 2830 institutum
1598 2781 1719 2835 adversus

943 2883 955 2908 ι
969 2863 1064 2929 plebem
1079 2865 1205 2918 constitui.
1227 2887 1240 2912 ι»

974 3059 1061 3110 LVlll.
1077 3059 1145 3109 Talia
1155 3073 1233 3124 quum
1246 3060 1378 3112 Canuleius
1390 3076 1547 3127 magnacum
1558 3066 1722 3132 indignatione

946 3151 1049 3214 diceret,
1060 3156 1086 3202 et
1097 3157 1232 3209 senatores.
1243 3154 1286 3220 qui
1298 3154 1322 3205 in
1341 3156 1471 3207 eonsilium
1483 3158 1585 3209 admissi
1601 3174 1649 3211 non
1666 3163 1721 3215 tue·

943 3247 1009 3305 rant,
1031 3258 1083 3294 rem
1100 3244 1184 3308 iniquo
1203 3244 1285 3296 auimo
1312 3246 1413 3308 terrent,
1435 3261 1581 3313 pmgressus
1594 3252 1721 3304 consulum

943 3334 1014 3396 alter,
1038 3336 1180 3398 Genucius,
1197 3336 1290 3385 lactum
1310 3349 1429 3399 purgare,
1454 3342 1528 3402 atque
1553 3354 1640 3391 eorum
1660 3344 1721 3395 iram

943 3423 1018 3474 lenire
1042 3424 1186 3485 conabatur,
1214 3425 1332 3477 docens:
1358 3448 1370 3471 ι
1392 3433 1412 3477 Α
1434 3442 1460 3479 se
1480 3429 1574 3480 amicos
1598 3437 1722 3485 assumtus

944 3536 957 3559 ι
972 3517 1057 3575 tuisse,
1071 3531 1118 3568 non
1129 3521 1155 3568 ut
1170 3520 1256 3566 contra
1269 3518 1364 3581 plebem
1376 3523 1486 3582 agerent,
1498 3520 1541 3569 sed
1559 3522 1587 3571 ut
1602 3534 1659 3572 curn
1670 3523 1722 3575 suis

945 3626 957 3650 ι
972 3607 1079 3658 maxime
1090 3607 1234 3659 necessariis
1245 3608 1418 3669 oonsultarcnt‚
1432 3623 1481 3672 qua
1497 3609 1591 3662 ratione
1609 3616 1722 3666 neutram

943 3699 1099 3750 «factionem
1121 3697 1267 3750 imminuere
1281 3699 1436 3761 viderentur,
1453 3704 1536 3751 utrum
1556 3704 1677 3768 celeriter,
1690 3720 1722 3758 an

943 3810 956 3835 ι
969 3789 1073 3852 tardius,
1089 3790 1149 3855 legis
1172 3789 1281 3840 terendo
1310 3791 1447 3852 cognitione
1473 3795 1569 3845 senatui
1592 3797 1720 3859 permissa.

942 3902 955 3926 ι
968 3883 1098 3933 Horatium
1118 3895 1179 3932 vero
1192 3885 1218 3932 et
1240 3880 1368 3931 Valerium
1392 3882 1459 3933 nulla
1482 3883 1529 3934 alia
1546 3883 1578 3935 de
1595 3900 1681 3938 caussa
1698 3889 1722 3939 in

944 3979 1099 4031 «eonsilium
1116 3993 1130 4030 a
1147 3993 1174 4031 se
1197 3993 1245 4030 uon
1263 3981 1338 4031 luisse
1363 3985 1499 4043 assumtos,
1526 3997 1602 4047 ηυοιιι
1618 3999 1649 4035 ne
1671 4001 1723 4052 qua

945 4095 957 4117 ι
971 4073 1080 4138 suspicio
1094 4072 1126 4123 de
1145 4071 1193 4122 illis
1210 4079 1295 4123 contra
1318 4086 1402 4123 eorum
1416 4073 1561 4136 dignitatem
1584 4076 1650 4126 inter
1666 4077 1721 4142 ple·

943 4185 956 4209 ι
970 4163 1038 4216 beios
1048 4162 1163 4224 oriretur,
1178 4162 1248 4227 quasi
1268 4163 1415 4214 sententiam
1433 4167 1572 4215 mutassent
1588 4164 1620 4215 de
1636 4167 1721 4232 reipu-

945 4257 1041 4308 «bllcae
1057 4254 1261 4306 administrandas
1287 4254 1395 4314 ratione,
1411 4254 1433 4305 sl
1459 4255 1484 4305 in
1502 4255 1606 4307 aliorum
1622 4259 1719 4307 senten·

944 4369 956 4393 ιι
970 4351 1029 4400 tiam
1044 4350 1155 4411 ivissent,
1174 4362 1233 4414 quae
1246 4347 1307 4410 legis
1319 4347 1483 4410 cognitionem
1503 4348 1527 4398 in
1541 4347 1607 4399 aliud
1624 4353 1722 4412 tempus

942 4461 954 4483 ι
968 4440 1046 4504 magis
1057 4444 1223 4504 opporbanum
1236 4439 1395 4490 differendam
1408 4440 1531 4492 censebat.
1567 4440 1614 4490 Sed
1623 4440 1722 4504 quando

942 4551 954 4574 ι
967 4530 1090 4591 omnibus,
1111 4530 1201 4596 quiod
1220 4530 1248 4579 id
1262 4529 1400 4580 constitum
1423 4531 1528 4581 assumti
1549 4530 1656 4591 luerent,
1677 4542 1718 4580 co·

942 4642 954 4664 ι
967 4614 1043 4684 grritio
1062 4619 1173 4680 celerior,
1188 4632 1264 4684 quam
1282 4619 1381 4678 tardior,
1407 4620 1460 4669 visa
1473 4623 1512 4672 est
1530 4620 1616 4669 melior
1637 4632 1679 4680 se,
1693 4622 1721 4668 ut

941 4730 954 4755 ι
968 4710 1108 4762 illisriaum
1123 4712 1171 4772 ost,
1188 4709 1277 4760 lacere.
1298 4730 1309 4753 ιι
1329 4713 1412 4768 Quum
1429 4711 1484 4762 bue
1504 4710 1623 4770 dixisset,
1641 4712 1667 4758 ot
1678 4721 1721 4772 per

939 4803 999 4855 deos
1014 4806 1123 4868 jurasset
1142 4816 1169 4853 se
1194 4814 1251 4851 vera
1267 4801 1363 4859 dicere,
1388 4801 1499 4858 addidit.
1515 4813 1624 4850 «omnes
1645 4800 1720 4850 etiam

942 4920 954 4944 ι
970 4902 1109 4959 senatores,
1124 4898 1167 4962 qui
1192 4897 1288 4947 lucram
1304 4895 1416 4946 advocati
1431 4909 1480 4944 non
1498 4893 1589 4953 verbis,
1602 4895 1647 4945 sed
1667 4895 1720 4945 lac·

942 5011 954 5035 ι
965 4992 1007 5053 tis,
1023 5005 1122 5043 omnem
1137 4988 1333 5041 criminationem
1345 4987 1476 5037 dilaturos.
1494 4989 1631 5052 Postquam
1643 4988 1719 5051 euim,

941 5101 952 5123 ι
968 5081 1013 5146 qui
1035 5080 1113 5145 legem
1130 5075 1289 5137 dissuadere,
1310 5077 1357 5124 aut
1373 5075 1477 5125 suadere
1502 5075 1649 5139 voluissent,
1663 5079 1720 5143 lura

934 5190 953 5235 f‘
966 5183 1012 5220 sua
1038 5170 1208 5236 protulissent,
1238 5179 1265 5216 ae
1292 5164 1398 5229 primum
1421 5165 1556 5218 sententiaa
1584 5167 1721 5232 exquisitu-

52 4831 81 4869 ιο
108 4803 188 4863 εἰπὼν
205 4806 250 4865 καί
264 4804 336 4874 θεοὺς
355 4807 552 4884 ἰπομυσάμενος
568 4798 587 4880 ἦ
601 4805 653 4884 μὴν
676 4809 778 4879 τάληθῆ
798 4806 883 4886 λίγιιν

108 4893 153 4954 καί
176 4893 235 4960 τοὺς
255 4894 472 4974 παρακληθίντας
500 4896 531 4955 ἰκ
563 4899 615 4956 τῶν
640 4897 804 4974 βουλευτῶν,
833 4893 883 4976 ίρη

108 5009 119 5034 ι
137 4985 233 5044 Πᾶσαι
250 4980 428 5041 άπολθσισθαι
446 4982 590 5057 διαβολὴν,
607 4983 638 5044 σθ
651 4983 752 5063 λόγοις,
767 4986 827 5043 ἄλλ’
840 4981 882 5063 ίρ·

107 5093 200 5148 ιγοις.
254 5064 344 5130 Ὅταν
364 5065 416 5146 γάρ
434 5069 459 5126 οἰ
480 5066 633 5149 βουλόμενοι
656 5076 813 5152 κατηγορεῖν
838 5072 884 5131 καί

107 5188 119 5212 ι
135 5161 322 5240 οἰπολογιῖσθαι
335 5153 396 5236 περὶ
410 5159 457 5214 τοῦ
475 5155 558 5235 νόμου
571 5158 721 5230 διιξίλθωσι
733 5160 765 5220 τδι
780 5160 880 5234 δίκαια,
