3772 5828
164 341 224 399 576

165 468 368 551 ἀκροθολισμοῖς
382 468 549 546 χρησάμενοι
571 466 618 523 καὶ
632 466 705 525 οὐδέν
719 466 854 543 ἀξιόλογον
876 465 942 543 δρά·

166 580 257 623 σαντες
275 555 321 614 σὺν
338 556 448 635 μεγάλῳ
469 552 609 633 αὐχήματι
632 555 761 612 άπῖλθον.
805 551 839 615 Ὁ
855 552 944 628 μέντοι

165 644 309 723 Ῥωμαίων
324 644 423 711 ὕπατος
438 640 553 704 ἐκλιπών
567 642 612 700 τ’σν
627 642 741 787 χάρακα
762 645 796 721 τῇ
817 636 942 719 ἐπιούσῃ·

166 738 197 797 τδ
211 735 263 815 γάρ
274 734 371 814 χοιρίον
382 734 413 792 οὗ
423 731 482 791 λίαν
498 730 614 812 ἀσραλές
639 754 673 801 ,ν·
690 728 945 808 μετεστρατοπεδεύ-

168 850 232 888 σατο
244 827 270 884 ἐν
287 822 504 901 ἐπιτηδειοτέρῳ,
526 820 585 879 ίνθα
602 820 699 899 τάρρον
715 818 737 877 τ’
752 816 870 898 ὠρύξατο
886 822 943 897 βα-

167 914 287 993 θυτέραν,
304 912 349 971 καί
362 912 470 991 χάρακα
492 908 602 969 totino
620 910 790 989 ὑψηλότερον.
835 909 899 973 Τοῖς
915 907 944 966 δί

168 1001 303 1076 πολεμίοις
318 1004 401 1058 ταῦτα
413 1002 495 1077 ὁρῶσι
507 996 574 1056 πολὺ
585 997 680 1075 θράσος
694 996 883 1075 προσεγένετο,
898 996 943 1054 καί

168 1094 207 1149 έτι
218 1093 336 1167 μᾶλλον,
352 1088 444 1159 ἐπειδὴ
455 1086 598 1163 σύμμαχος
609 1086 696 1151 αὐτοῖς
712 1084 821 1165 ἀρίκετο
834 1083 944 1163 στρατιά

168 1178 240 1255 παρά
255 1186 301 1238 τοῦ
316 1178 493 1237 Οὐολούσκων
507 1196 534 1233 τε
549 1174 594 1231 καὶ
610 1175 733 1233 Αἰκανῶν
750 1172 856 1245 ἐθνους,
869 1172 944 1232 οὐδέν

168 1268 207 1325 ἐτι
219 1267 444 1343 διαμελλήσαντες
463 1266 561 1340 ἐπῆγον
576 1266 615 1341 τῷ
630 1260 775 1337 Ῥωμαίων
791 1263 900 1343 χάρακι.

208 1358 312 1417 λλΠΙ.
336 1354 371 1414 ‘0
386 1352 413 1411 δέ
427 1352 538 1423 θπατος,
552 1350 741 1427 ἐνθυμούμενος
759 1348 799 1407 ότι
812 1354 859 1409 οὐκ
874 1348 944 1418 ἀξιό-

168 1467 253 1522 μαχος
267 1443 342 1501 ἐσται
364 1446 380 1511 i,
396 1440 443 1499 σὺν
458 1442 532 1518 αύτῷ
547 1437 656 1514 δύναμις
678 1437 857 1515 ἀγωνιζομένη
880 1436 945 1516 πρὸς

168 1532 303 1611 α’μρότερα
327 1529 360 1587 τά
386 1528 466 1598 ἔθνη,
495 1528 595 1600 πέμπει
623 1524 695 1591 τινὰς
714 1528 744 1584 ἐκ
767 1528 819 1583 τῶν
843 1524 945 1585 ίππέων

167 1624 314 1697 γράμματα
329 1621 365 1682 εἰς
378 1617 425 1688 τήν
441 1612 552 1691 Ῥώμην
568 1614 743 1692 κομίζοντας,
763 1614 797 1673 δι’
817 1604 855 1673 ῶν
871 1612 944 1685 ἠξίου

168 1718 277 1788 ταχεῖαν
295 1708 381 1773 αὐτοῖς
403 1705 486 1765 ἐλθεῖν
502 1704 670 1783 ἐπικουρίαν,
691 1709 727 1770 ὡς
747 1703 944 1775 κινδυνευούσης

168 1796 421 1876 ὀληςζδιαρθαρῆναι
441 1798 489 1865 τῆς
508 1792 555 1853 σὺν
577 1796 648 1874 αύτῷ
671 1804 806 1874 στρατιᾶς.
851 1798 945 1855 Ταῦτα

168 1885 351 1963 ἐπιλεξάμενος
377 1888 391 1942 ό
415 1883 562 1951 συνύπατος
584 1886 662 1944 αὐτοῦ
687 1886 853 1961 Ποστόμιος·
878 1875 944 1955 ἦσαν

167 1976 218 2056 γάρ
234 1974 314 2053 μέσαι
337 1973 427 2039 νύκτες
451 1976 585 2049 μάλιστα,
601 1972 645 2031 dri
664 1976 688 2031 οί
706 1976 795 2039 ἱππεῖς
810 1973 943 2053 ἀρίκοντο·

167 2064 210 2123 did
225 2064 347 2142 κηρύκων
367 2065 472 2123 πολλῶν
487 2062 546 2128 τοὺς
567 2062 707 2139 βουλευτάς
729 2064 758 2119 ἐκ
777 2064 828 2119 τῶν
853 2064 942 2119 οἰκιῶν

114 2188 127 2219 ·,
168 2155 325 2213 συνεκάλει..
363 2154 416 2211 tint
438 2152 537 2229 γίνεται
550 2152 636 2227 δόγμα
653 2151 748 2230 βουλῆς
766 2150 827 2229 πρὶν
843 2150 944 2229 ἡμέραν

167 2242 294 2320 λαμπράν
317 2239 453 2318 γενέσθαι,
475 2243 555 2301 Τιτον
578 2239 624 2316 μέν
652 2234 790 2313 Κοίντιον,
813 2240 857 2297 τὀν
873 2243 944 2298 ὑπα-

167 2328 298 2387 τεύσαντα
312 2328 343 2385 τό
361 2326 457 2407 τρίτον,
483 2325 580 2403 ἔχοντα
603 2328 663 2395 τοὺς
686 2326 879 2404 ἀκμαιοτάτους
892 2330 944 2385 τῶν

166 2416 230 2474 νέων
260 2414 353 2484 πεζούς
375 2415 470 2475 τεκαὶ
498 2420 588 2481 ἱππεῖς
609 2418 678 2495 ἀρχῐξΙ
706 2416 871 2491 κοσμηθέντα
899 2416 943 2472 τἰν·

166 2504 273 2584 θυπάτῳ
289 2505 385 2586 χωρεῖν
399 2504 442 2563 ἐπί
460 2503 519 2570 τοίνς
534 2503 674 2577 πολεμίους
694 2502 719 2572 ἐξ
735 2504 836 2585 έρόδου·
852 2494 939 2565 Αύλον

167 2594 194 2653 δέ
218 2595 379 2671 Ποστόμιον,
394 2594 439 2652 τὸν
455 2594 541 2673 ἕτερον
563 2595 615 2650 τῶν
641 2592 760 2669 ὑπάτων,
782 2592 828 2661 τάς
849 2593 943 2659 λοιπός

166 2684 289 2759 δυνάμεις
309 2682 510 2760 συναγαγόντα,
534 2680 564 2748 θς
585 2681 636 2741 ἔδει
659 2682 831 2763 χρονιώτερον
848 2685 941 2741 συνελ·

166 2776 230 2840 θεῖν,
243 2775 278 2836 ὡς
297 2770 328 2827 ἀν
350 2772 421 2850 αὐτῷ
433 2771 528 2849 τάχους
546 2770 687 2849 ἐγγένηται
702 2775 817 2849 βοηθεῖν.
837 2770 942 2851 ἹΙμίρα

167 2857 190 2916 δ’
214 2858 266 2931 ἤδη
287 2859 436 2940 διέρωσκε,
466 2860 512 2918 καί
538 2863 551 2917 θ
578 2855 697 2926 Κοίντιος
727 2860 858 2938 συνήγαγε
886 2860 944 2928 τοὺς

167 2949 301 3016 ἐθελοντάς
321 2947 550 3027 πεντακισχιλίους
572 2950 679 3022 μάλιστ’
706 2950 818 3027 ἀνδρας·
842 2950 887 3007 καί
913 2952 942 3008 οὗ

166 3038 233 3096 πολὺ
254 3036 372 3116 ἐπισχών
388 3035 476 3115 ἐξῆγεν
492 3037 522 3092 ἐκ
535 3039 583 3105 τῆς
604 3036 715 3101 πόλεως.
758 3040 843 3095 Τοῦτο
858 3042 943 3095 ύποπ·

166 3128 305 3192 τεύσαντες
326 3125 437 3202 ἔμελλον
459 3125 482 3180 οἱ
499 3124 610 3183 Αἰκανοὶ
631 3123 676 3180 καὶ
702 3124 763 3202 πρίν
779 3125 861 3182 ἐλθεῖν
885 3128 942 3184 ἐπι-

172 3220 278 3296 κουρίαν
289 3224 341 3279 τοῖς
353 3214 496 3289 Ἰἰιιμαίοις
507 3212 681 3290 προσύάλλεεν
693 3218 732 3292 τῷ
740 3215 841 3293 χάρακι
854 3216 950 3286 αὐτῶν,

169 3308 213 3363 καί
238 3303 415 3375 διανοηθέντες
440 3305 474 3368 ῶς
499 3301 544 3381 βία
572 3301 617 3359 καὶ
643 3300 737 3372 πλήθει
766 3302 948 3381 ἁλωσόμενον,

166 3402 270 3471 ἐξῆλθον
288 3398 375 3476 ἀθρόοι
391 3397 453 3476 διχῇ
469 3394 605 3471 νείμαντες
620 3392 727 3460 αύτούς·
739 3392 839 3471 γίνεταί
854 3417 880 3452 τε
897 3393 944 3470 μέ-

111 3546 115 3553 ,
166 3513 214 3567 γας
228 3486 299 3565 ἀγών
315 3489 348 3544 δι’
363 3483 425 3555 ὅλης
439 3488 486 3553 τῆς
504 3482 604 3563 ἡμέρας
619 3486 720 3560 ἰταμῶς
737 3484 823 3541 αὐτῶν
838 3483 943 3541 έπιόαι-

166 3579 260 3637 υόντων
285 3576 338 3642 τοῖς
357 3577 563 3653 προτειχίσμασι
591 3572 659 3631 κατά
682 3573 768 3631 πολλά
795 3572 879 3652 μέρη,
898 3574 942 3632 καί

165 3668 224 3724 οὔτε
238 3667 346 3723 παλτῶν
362 3662 421 3722 οὔτε
446 3660 550 3745 [βελῶν
573 3662 640 3740 ἀπὸ]
660 3662 740 3729 τόξων
761 3664 819 3722 οὔτε
840 3664 942 3742 χερμά-

166 3757 215 3812 δων
241 3756 293 3814 ἀπὸ
317 3752 456 3835 σρενδόνης
477 3751 624 3832 ἀφιεμένων
656 3753 831 3820 ἀδιαλείπτοις
852 3756 942 3833 βολαῖς

166 3844 365 3922 ἀνειργομένων.
412 3840 497 3903 Ἔνθα
520 3843 551 3912 δὴ
580 3843 840 3920 παρακελευσάμενοι
860 3843 942 3913 ἀλλή-

165 3934 220 3997 λοις
241 3933 297 3989 ὅτε
323 3930 421 3996 ύπατος
441 3930 487 3988 καί
506 3934 520 3988 ό
536 3929 698 4009 πρεαόευτὴς
719 3931 765 4010 ὑφ’
787 3931 832 3988 ἕνα
851 3931 941 4006 καιρόν

166 4019 376 4085 ἀναπετάσαντες
400 4018 445 4085 τάς
471 4020 572 4089 πύλας,
600 4018 657 4093 ἅμα
672 4022 724 4084 τοῖς
755 4018 943 4094 ἀκμαιοτάτοις

166 4106 332 4182 ἐκτρέχουσιν
356 4107 399 4163 ἐπί
424 4106 483 4174 τούς
503 4106 657 4183 πολεμίους,
678 4110 736 4166 κατ’
758 4108 839 4188 σίμρω
862 4132 889 4167 τε
908 4112 942 4169 τὰ

167 4193 234 4270 μέρη
248 4197 292 4262 τῆς
309 4194 460 4272 προσβολῆς
475 4194 648 4274 συρράξαντες
661 4199 749 4263 αύτοῖς
765 4196 942 4275 ἀποτρέπουσι

165 4280 225 4343 τοὺς
242 4280 425 4348 ἐπιβαίνοντας
441 4288 479 4361 τῷ
492 4287 602 4362 χάρακι.
626 4288 735 4362 Τροπῆς
750 4284 777 4346 δέ
791 4288 942 4363 γενομένης,

127 4406 135 4424 ι
166 4372 237 4445 ὁμὲν
251 4371 348 4435 ὕπατος
364 4371 405 4428 ἐπ’
420 4372 505 4449 ὀλίγον
518 4374 610 4440 διώξας
625 4372 684 4439 τοὺς
700 4377 758 4432 καθ’
772 4376 865 4434 ἑαυτὸν
883 4375 943 4457 [τε-

165 4459 326 4538 ταγμένους]
362 4460 527 4541 ἀνέστρεψεν·
560 4467 573 4520 ό
602 4464 628 4522 δέ
654 4465 764 4543 ἀδελρδς
789 4466 866 4523 αὐτοῦ
898 4467 943 4524 καί

165 4548 328 4628 πρεσβευτὴς
354 4550 469 4616 Πόπλιος
496 4552 628 4631 Φούριος,
650 4552 699 4612 ὐπὸ
719 4554 837 4628 λήματός
855 4556 942 4613 τεκαὶ

165 4638 311 4717 προθυμίας
364 4637 591 4719 ρερόμενος,ἀχρι
615 4646 660 4712 τῆς
689 4642 862 4722 παρεμόολῆς
892 4645 942 4700 τῶν

165 4730 298 4803 πολεμίοιν
323 4725 406 4798 ἤλασε
451 4726 552 4783 διώκων
574 4731 665 4787 τεκαὶ
689 4733 806 4789 κτείνων.
850 4721 942 4791 Ἦσαν

114 4844 121 4860 ν
166 4818 192 4873 δὲ
208 4819 253 4875 δύο
274 4826 381 4895 σπεῖραι
399 4815 458 4895 περὶ
471 4816 548 4872 αὐτὸν
560 4818 588 4872 οὐ
602 4819 706 4886 πλείους
722 4823 822 4899 ἀνδρῶν
833 4819 941 4899 έχουσαι

166 4907 267 4980 χιλίων.
312 4910 400 4967 Τοῦτο
427 4904 553 4982 μαθόντες
571 4908 594 4962 οἱ
617 4909 741 4984 πολέμιοι
767 4909 826 4985 περί
842 4931 942 4966 πεντα-

166 4995 309 5069 κισχιλίους
322 4998 439 5070 μάλιστα
456 4993 589 5072 γενόμενοι
608 5002 738 5075 χωροῦσιν
755 4999 796 5053 ἐπ’
813 4996 891 5055 αὐτὸν
908 4999 937 5055 ἐκ

165 5085 210 5136 τοῦ
225 5083 353 5159 χάρακος·
370 5087 415 5144 καὶ
437 5078 506 5143 οὗτοι
528 5084 576 5160 μέν
592 5083 617 5151 ἐξ
636 5085 755 5150 ἐναντίας
770 5086 940 5165 προσῄεσαν,

165 5172 253 5234 ίππεῖς
279 5171 302 5225 δ’
326 5174 411 5229 αὐτῶν
435 5174 526 5253 κύκλῳ
549 5173 751 5250 περιελάσαντες
766 5173 834 5230 κατά
856 5174 940 5232 νώτου

680 334 850 395 otos'ttstt
871 332 1253 399 ttnttcnttsttssnssts

996 473 1076 537 (tosus
1087 474 1212 525 entmnon
1223 474 1296 525 rante
1308 474 1604 537 totnserst)osstrstn
1615 480 1788 545 opportuniore

996 570 1050 621 Ιοοο
1060 570 1152 635 posuit.
1172 570 1217 621 ubi
1232 575 1259 621 et
1269 570 1436 636 profundiore
1451 568 1524 623 tosss
1539 574 1569 623 ot
1582 572 1677 627 altiore
1685 576 1753 627 nito
1761 590 1788 628 ει

996 668 1094 719 muniit.
1127 671 1184 727 Quo
1197 670 1253 719 riso
1273 668 1390 719 hostibus
1408 668 1521 721 sndssis
1544 672 1646 735 στενίις
1661 676 1688 725 ot
1709 674 1789 725 molto

997 771 1085 835 magis,
1102 775 1236 835 postquam
1261 770 1321 834 ipsis
1333 784 1459 821 novorum
1475 771 1620 837 συνίσταται
1639 774 1789 827 nnxitiumn

999 873 1145 924 volscorum
1163 876 1189 923 et
1207 874 1344 937 AEqumum
1360 876 1435 935 ganto
1455 872 1570 925 missum
1594 876 1669 927 vonit
1689 895 1696 925 z
1714 877 1748 927 its
1764 882 1789 925 ut

999 974 1060 1025 nibil
1074 973 1182 1039 amptius
1207 972 1326 1035 ounotnti,
1343 974 1427 1039 oopiss
1444 974 1479 1027 sd
1503 976 1608 1029 rsitum
1625 980 1787 1031 itomanomm

998 1072 1161 1125 adducerent.

1030 1356 1117 1407 stttn.
1149 1360 1181 1407 nt
1198 1358 1300 1419 oonsot,
1320 1358 1530 1411 animadvertens
1549 1374 1631 1413 soum
1657 1363 1785 1415 exereitum

999 1472 1049 1507 non
1066 1458 1118 1508 toro
1134 1458 1196 1509 satis
1212 1459 1311 1509 tironum
1332 1459 1364 1509 nd
1388 1461 1567 1513 resistendum
1592 1464 1718 1517 sntbsbns
1736 1481 1785 1531 gon

1000 1560 1078 1623 tibus,
1090 1561 1212 1625 quosdam
1227 1562 1326 1627 (quitos
1342 1575 1402 1612 oum
1425 1562 1510 1615 literis
1525 1566 1639 1617 Βοιακτα
1657 1568 1731 1627 misit,
1744 1582 1784 1631 per

1000 1674 1064 1726 quas
1083 1662 1205 1712 soritium
1224 1662 1272 1713 sibi
1292 1662 1408 1713 ootnriter
1432 1662 1503 1714 mitti
1533 1666 1696 1731 postulabit,
1717 1670 1779 1732 qnod

1002 1768 1071 1814 totus
1082 1778 1145 1815 suus
1162 1767 1287 1816 orentius
1306 1765 1330 1814 in
1347 1779 1448 1816 summo
1457 1766 1612 1821 discrimine
1639 1775 1779 1821 resonatur.

1002 1866 1161 1928 Postumius,
1175 1867 1230 1930 ojus
1239 1866 1339 1929 coliem,
1351 1865 1391 1917 bis
1400 1868 1605 1936 aoooptis,(nsm
1619 1870 1699 1923 terme
1708 1872 1783 1923 nstin

1002 1969 1119 2023 animat,
1136 1980 1216 2030 aquom
1229 1967 1325 2031 equites
1340 1980 1370 2016 oo
1384 1972 1521 2035 nonerunt)
1534 1976 1623 2037 potrus
1639 1974 1784 2037 permultos

1001 2078 1125 2130 praecones
1146 2079 1177 2115 ετ
1205 2064 1303 2116 indibus
1324 2065 1419 2116 ascitos
1444 2066 1472 2119 in
1498 2070 1597 2123 cuniam
1610 2075 1779 2125 nonroosrit:

1000 2164 1147 2230 tactumque
1162 2169 1201 2216 est
1224 2170 1282 2215 ante
1302 2166 1396 2217 claram
1416 2167 1503 2221 Ιυοετιι
1520 2172 1774 2231 ssnstnsooosnttum,

1000 2270 1029 2317 nt
1046 2268 1074 2318 T.
1095 2266 1224 2329 Quintius,
1240 2268 1285 2332 qui
1302 2271 1342 2318 ter
1353 2269 1442 2319 oonsut
1460 2270 1623 2331 tnerst,onm
1641 2272 1774 2325 tsonnma

1000 2368 1113 2434 peditum
1135 2368 1299 2434 equitumque
1313 2368 1460 2434 iuventute,
1483 2370 1652 2437 pmmnn
1670 2374 1774 2441 imperio

1000 2474 1112 2532 armatus,
1129 2469 1154 2519 in
1168 2469 1253 2520 hostes
1266 2467 1397 2519 confestim
1405 2470 1469 2533 irot;
1480 2476 1507 2523 et
1517 2476 1549 2525 Α.
1557 2474 1706 2538 Postumius,
1717 2476 1778 2528 atter

1001 2570 1103 2627 consul.
1124 2567 1314 2633 rettqntscopiis
1329 2568 1432 2625 coactis,
1454 2569 1489 2621 sd
1500 2584 1571 2637 qnos
1590 2574 1712 2639 nogmdas
1729 2576 1779 2626 bn-

1000 2668 1068 2731 ginno
1086 2680 1155 2717 mora
1179 2666 1285 2731 eiopus
1300 2670 1367 2725 erat,
1396 2672 1493 2733 quantu
1518 2672 1635 2723 maximo
1659 2674 1779 2727 oelatime

1001 2772 1093 2831 posset,
1105 2768 1158 2817 suis
1168 2781 1240 2833 opem
1252 2766 1334 2818 torret.
1367 2767 1452 2819 Prima
1462 2766 1521 2821 tuoe
1531 2772 1655 2830 Quintius
1663 2773 1776 2823 oontnxit

1000 2869 1196 2918 voluntariorum
1220 2868 1297 2920 terme
1310 2868 1422 2934 (quinquo
1440 2868 1536 2930 millia,
1563 2886 1612 2924 ιιεσ
1629 2871 1696 2939 torp
1711 2886 1774 2923 mora

999 2971 1129 3033 intorjncta
1140 2983 1171 3019 ex
1188 2970 1249 3021 urbo
1258 2985 1301 3022 ms
1312 2970 1408 3021 salonit.
1442 2972 1518 3036 AEqni
1532 2973 1772 3041 boosuspintisnnt.

1000 3073 1074 3134 atquo
1098 3072 1231 3133 antequam
1258 3070 1398 3120 subsidium
1426 3072 1549 3123 nonnanis
1576 3077 1680 3135 venire,
1702 3080 1776 3125 rastra

1000 3187 1084 3222 annum
1099 3185 1239 3237 oppugnare
1248 3173 1273 3222 in
1283 3174 1366 3223 animo
1378 3173 1520 3225 habuerunt
1533 3182 1571 3239 et,
1588 3184 1619 3229 ut
1633 3195 1658 3231 τι
1667 3182 1778 3231 etmulti-

1001 3277 1086 3328 tndine
1106 3292 1135 3327 aa
1148 3279 1326 3341 expugnaturi,
1345 3278 1457 3328 exercitu
1482 3293 1529 3329 suo
1553 3281 1675 3335 bifariam
1690 3284 1775 3343 diviso,

1000 3394 1130 3430 animosos
1155 3381 1243 3430 castris
1267 3381 1358 3444 agressi
1382 3385 1456 3437 sunt;
1482 3388 1681 3451 pugnatumque
1696 3389 1776 3438 sorita

1000 3499 1044 3549 per
1056 3488 1136 3533 totum
1147 3482 1222 3541 diam,
1236 3481 1303 3545 quod
1314 3482 1349 3531 illi
1359 3481 1511 3533 munitiones
1522 3485 1604 3535 variis
1625 3502 1661 3541 ex
1675 3490 1780 3554 portibus

1001 3586 1119 3636 audacior
1145 3582 1335 3640 adsconderont.
1356 3596 1402 3632 noc
1412 3582 1556 3645 iaculorum
1577 3600 1625 3637 nec
1638 3590 1779 3653 sagittamm

1002 3702 1045 3737 noc
1064 3686 1173 3750 tapidum
1199 3683 1274 3733 funda
1298 3683 1445 3733 omissorum
1459 3683 1587 3736 contintds
1599 3687 1714 3752 jactibus
1729 3692 1782 3740 snb

1000 3790 1091 3839 innovari
1106 3792 1213 3852 possent.
1247 3784 1412 3837 Tuncconsut
1426 3789 1452 3835 ot
1472 3785 1587 3850 legatus,
1609 3790 1737 3842 oobortati
1756 3806 1781 3841 se

1000 3893 1117 3949 inritam,
1131 3889 1214 3939 subito
1225 3890 1316 3953 apertis
1330 3889 1407 3954 portis
1419 3887 1507 3939 oodom
1519 3892 1652 3954 tempore,
1667 3908 1717 3943 nna
1725 3908 1780 3944 cnm

999 3992 1158 4043 validissimis
1173 3991 1316 4055 quibusquo
1329 3990 1491 4054 irruptionem
1504 3990 1531 4041 in
1550 3991 1640 4044 hostes
1655 3993 1779 4055 feserunt,

1000 4098 1024 4144 at
1039 4094 1071 4143 ab
1098 4097 1205 4157 utroquo
1226 4098 1364 4142 nostrornm
1387 4095 1468 4156 parto,
1490 4106 1540 4157 qua
1563 4097 1781 4159 oppugnabantur,

998 4194 1064 4244 iacta
1081 4194 1106 4243 in
1119 4208 1161 4244 mis
1184 4193 1358 4257 improssiooo,
1381 4193 1444 4251 ittos,
1467 4193 1618 4257 quivnttum
1639 4197 1781 4250 adso-onde-

998 4295 1071 4357 bant,
1087 4296 1237 4360 repararunt.
1272 4293 1392 4343 Hostibus
1416 4296 1501 4343 notem
1526 4293 1550 4342 in
1578 4293 1668 4359 fugam
1692 4301 1781 4362 narsis,

998 4395 1084 4444 onnsnt
1108 4409 1156 4444 non
1186 4395 1254 4455 longo
1280 4397 1426 4457 pomeoutus
1452 4406 1509 4451 nos,
1530 4394 1573 4455 qni
1600 4395 1650 4446 sibi
1675 4402 1780 4464 oppositi

998 4497 1076 4551 orant,
1096 4507 1209 4541 rovorsus
1224 4495 1270 4541 ost.
1305 4491 1354 4541 Sod
1373 4490 1449 4542 irater
1461 4493 1515 4556 ojus
1527 4497 1552 4542 ot
1569 4493 1668 4557 togatus
1685 4500 1713 4548 Ρ.
1731 4502 1779 4548 Fo-

1000 4594 1051 4642 rius
1069 4594 1143 4642 ommi
1164 4594 1335 4656 rnnognitudinn
1354 4598 1379 4644 oi
1401 4594 1487 4644 ardore
1511 4595 1632 4659 abreptos
1643 4613 1728 4664 usqne
1750 4600 1781 4651 ad

998 4693 1107 4743 hostium
1125 4699 1218 4753 rastra,
1235 4700 1303 4757 tango
1317 4695 1433 4744 tnmrondo
1445 4699 1467 4744 ot
1483 4694 1603 4745 cadendo
1634 4712 1678 4749 eos
1691 4706 1728 4749 ost
1743 4702 1781 4750 in·

997 4796 1097 4841 soontns
1114 4812 1119 4841 :
1135 4795 1220 4843 babuit
1240 4799 1324 4844 astitum
1337 4809 1421 4844 socom
1442 4796 1505 4844 (tuas
1517 4797 1635 4849 cobortes
1655 4816 1706 4851 non
1723 4800 1779 4865 ptus

996 4905 1072 4954 aquam
1096 4889 1163 4939 initio
1185 4890 1312 4941 boninum
1340 4892 1540 4956 connnploctontos
1575 4897 1633 4953 Quo
1664 4898 1777 4948 animad-

998 5000 1083 5043 nnrso,
1100 4985 1207 5035 bostium
1221 4987 1319 5036 circitor
1333 4989 1465 5051 quinquies
1484 4988 1552 5038 attilio
1569 5004 1603 5039 on
1617 4993 1708 5043 castris
1721 5008 1778 5057 pno-

997 5085 1073 5146 grossi
1088 5098 1146 5134 oum
1168 5085 1248 5133 attosti
1266 5091 1322 5135 sunt
1342 5092 1435 5149 :atqua
1450 5087 1476 5136 hi
1493 5087 1597 5151 quidum
1615 5106 1630 5139 a
1644 5091 1728 5143 tmtnta
1736 5109 1781 5145 ons

998 5184 1102 5245 ansgrassi
1124 5187 1192 5246 sunt,
1215 5184 1311 5247 oaptitos
1323 5199 1381 5235 noro
1395 5200 1437 5249 por
1457 5186 1566 5237 insidiam
1580 5200 1689 5240 suorum
1702 5192 1781 5242 aciem
