3772 5828
585 320 897 395 'le'lQUl'l'ATUM
919 322 1066 384 ROMAN.
1089 325 1161 384 LIB.
1186 326 1236 385 lx.

113 459 162 533 γῆν
181 454 311 531 διανέμειν
333 453 529 535 ψηφισαμένης.
576 452 629 513 Καὶ
650 458 726 513 τοῦτο
748 451 892 534 ἀπέφαινεν

114 546 157 605 ἐπὶ
172 546 209 624 τῷ
223 541 384 623 συμφέροντι
393 542 451 603 τότε
464 544 546 607 αὐτήν
559 541 758 621 βεόουλεὺσθαι,
767 541 811 600 ἵνα
825 542 893 620 μήτε

113 637 148 711 γῆ
163 633 257 711 χέρσος
289 623 326 709 ή,
339 631 386 690 καί
400 636 414 692 ὁ
427 631 476 703 τήν
487 630 564 690 πολιν
578 633 704 709 οἰκουρῶν
717 629 798 704 πίνης
814 630 893 712 όχλος

115 719 152 797 μή
178 720 275 799 ἀργός,
291 716 383 799 ῶσπερ
396 726 442 779 νῦν
455 727 509 786 τοῖς
531 719 676 798 ἀλλοτρίοις
697 721 806 798 ἀγαθοῖς
829 724 892 800 φθο·

73 833 86 868 ιι
114 813 183 868 νῶν·
208 805 379 889 ἐπιτρέφηται
403 807 430 867 δέ
454 807 578 888 τῇπόλιι
596 807 685 879 νεότης
712 810 738 866 έν
766 806 894 888 ἐφεστίοις

116 898 160 955 καί
176 896 283 979 κλήροις
301 894 449 978 πατρῴοις,
473 895 573 975 έχουσά
592 919 618 954 τι
634 895 680 955 καλ
698 897 741 955 ἀπὶ
755 901 793 976 τῷ
806 898 893 963 καλῶς

115 986 260 1066 τετράφθαι
276 985 346 1063 μίγα
366 993 485 1067 φρονεῖν·
507 988 564 1045 ἐπεὶ
589 985 643 1054 τοῖς
661 985 687 1063 γ’
703 985 828 1067 ἀκλήροις
847 984 893 1046 καί

115 1076 212 1133 ἐκτῶν
230 1073 375 1155 ἀλλοτρίων
388 1074 550 1150 κτημάτων,
568 1073 585 1134 ἀ
601 1079 694 1151 μισθοῦ
720 1076 894 1155 ἐργάζονται,

116 1163 248 1243 γλίσχρως
274 1162 520 1245 διατρεφομένοιςή
546 1164 662 1243 ἀρχῆθεν
683 1162 722 1240 μὴ
748 1162 893 1243 ἰμφύεσθαι

63 1266 88 1307 ιο
116 1250 203 1331 ἔρωτα
217 1260 307 1327 γενεᾶς
326 1249 440 1324 τέκνων,
458 1250 476 1323 ἢ
499 1249 618 1332 ἐμφύντα
636 1250 751 1330 πονηρόν
775 1250 893 1333 ἐκφέρειν

115 1339 216 1420 καρπὸν
232 1341 279 1398 καί
293 1341 347 1399 οὐδ’
368 1340 487 1421 εὐτυχῆ,
507 1343 537 1400 ἐκ
549 1341 681 1400 ταπεινῶν
695 1361 725 1398 τε
744 1361 893 1420 συμπορισ-

116 1428 192 1490 θέντα
203 1419 251 1489 οἷα
265 1427 333 1496 εἰκδς
347 1430 441 1506 γάμων
455 1427 501 1488 καί
515 1429 542 1487 ίν
555 1425 820 1508 κατεπτωχευμέναις
831 1451 893 1507 τρο·

115 1519 196 1595 φέντα
212 1519 313 1597 τύχαις.
356 1543 368 1570 ι
379 1515 453 1596 Ἐγὼ
472 1517 519 1594 μέν
534 1508 578 1576 οὑν
591 1562 600 1595 ,
615 1515 681 1597 ἔφη,
697 1516 807 1595 γνώμην
821 1519 892 1576 ἀπο·

116 1632 129 1658 υ
144 1605 296 1681 δείκνυμαι,
314 1604 349 1664 τά
361 1628 389 1663 τε
399 1603 624 1683 προόουλιυθίντα
637 1604 689 1662 ὑπὸ
698 1609 744 1662 τοῦ
757 1603 891 1685 συνεδρίου

62 1717 87 1756 ta
116 1719 129 1746 ιι
145 1697 190 1753 καί
206 1693 249 1753 δεδι
267 1691 314 1761 τάς
330 1691 428 1770 μεταξύ
443 1691 562 1774 ταραχάς
575 1691 794 1772 παρειλκυσμένα
810 1695 892 1770 ἀμπι·

117 1808 130 1833 a
145 1782 205 1838 δοῦν
222 1779 281 1846 τοὺς
292 1781 426 1851 ὑπάτους,
440 1782 485 1839 καί
499 1779 558 1848 τοὺς
570 1778 758 1857 ποιησομένους
774 1778 823 1854 τήν
835 1783 892 1842 δια·

117 1893 130 1919 «ι
145 1867 228 1943 νομήν
247 1866 342 1949 ἀνδρας
356 1869 562 1932 ἀποδεικνύναι

157 1957 215 2018 Lll.
240 1960 334 2017 Ταῦτα
348 1956 465 2025 εἰπόντος
488 1956 632 2034 Αἰμιλίου,
650 1957 768 2039 δεύτερος
787 1956 891 2028 κληθεὶς

115 2039 227 2111 Ἄππιος
244 2043 399 2112 Κλαύδιοςδ
416 2048 456 2126 τῷ
472 2046 581 2126 πρόσθεν
599 2044 749 2112 ὑπατεύσας
762 2042 830 2120 ίτει,
843 2042 892 2115 τήν

60 2157 89 2195 no
117 2132 236 2191 ἐναντίαν
250 2131 361 2211 γνώμην
382 2132 551 2215 ἀπεφήνατο,
576 2133 723 2206 διδάσκων,
745 2136 782 2201 ὡς
800 2131 892 2205 ούθ’ἡ

116 2223 198 2299 βουλὴ
221 2222 356 2299 διανεῖμαι
374 2220 408 2281 τά
427 2223 544 2300 δημόσια
567 2221 751 2302 [πράγματα]
767 2220 891 2303 προαίρε-

115 2334 155 2371 σιν
180 2312 257 2391 ἔσχε·
274 2311 357 2371 πάλαι
371 2312 423 2390 γάρ
440 2315 471 2370 διν
492 2311 628 2386 εἰληφέναι
644 2311 679 2370 εά
691 2310 803 2378 δόξαντα
825 2312 892 2390 αὐτῇ

114 2399 203 2466 τέλος·
218 2400 278 2458 ἀλλ’
299 2397 441 2479 εἰς’χρόνον
461 2399 508 2458 καὶ
523 2397 663 2476 διάγνωσιν
685 2396 778 2478 ίτίραν
792 2397 891 2458 ἀνεθά-

115 2491 194 2557 λετο,
210 2492 310 2545 παῦσαι
333 2485 537 2565 προθυμουμένη
556 2483 605 2557 τήν
619 2485 679 2545 τότε
702 2491 891 2566 κατασχοῦσαν

60 2604 87 2644 25
116 2574 225 2645 στάσιν,
236 2575 268 2647 ἣν
281 2576 384 2651 εἰσῆγεν
402 2576 416 2632 ὑ
433 2579 467 2654 τῇ
489 2573 620 2655 τυραννίδι
637 2576 777 2655 ἐπιχειρῶν
794 2573 892 2642 ὑπατος

116 2663 161 2721 καὶ
178 2660 246 2737 μετά
267 2667 352 2721 ταῦτα
368 2661 442 2732 δίκας
465 2661 523 2730 δούς
537 2662 637 2730 καλάς·
653 2661 713 2723 ούεε
729 2664 754 2723 οἱ
776 2661 844 2740 μετά
862 2663 893 2724 εδ

114 2750 302 2829 προόούλιυμα
318 2751 444 2832 λαχόντες
466 2750 564 2812 ὑπατοι
580 2751 653 2819 τέλος
670 2755 723 2819 τοῖς
738 2752 891 2833 ἐψηφισμέ-

114 2862 167 2906 νοις
178 2842 323 2915 ίπιιεσαν,
344 2841 454 2919 δρῶντες
467 2838 536 2900 όσων
551 2841 727 2902 εἰσελεύσεται
750 2843 840 2900 κακῶν
855 2844 892 2911 εἰς

113 2927 162 2998 τήν
177 2929 251 2987 πολιν
266 2927 336 3009 ἀρχή
353 2926 552 2988 συνεθισθέντων
564 2927 598 2987 τά
611 2928 687 2988 κοινά
702 2932 754 2989 τῶν
768 2928 890 3002 πενήτων

59 3041 87 3080 ao
114 3015 316 3094 διαλαγχάνειν·
332 3012 364 3073 αἰ
379 3037 408 3074 τε
423 3017 482 3092 μετ’
494 3015 607 3082 ἐκείνους
618 3016 807 3076 πεντεκαίδεκα
824 3021 888 3077 ὑπα-

112 3109 196 3176 τεῖαι,
213 3106 317 3164 πολλῶν
342 3107 432 3171 αὐτοῖς
455 3105 625 3186 ίπαχθέντων
647 3104 699 3166 tot
727 3111 774 3166 τοῦ
803 3106 889 3183 δήμου

113 3194 256 3268 κινδύνοιν,
270 3191 344 3252 ούδίν
366 3191 510 3270 ὑπέμειναν
531 3192 546 3252 ὑ
564 3193 602 3270 μή
619 3193 741 3276 συνέφερε
757 3197 796 3277 τῷ
811 3201 890 3278 κοινῷ

112 3281 252 3363 πράττειν,
268 3281 310 3341 iat
320 3281 351 3341 τδ
367 3283 430 3360 μηδ’
445 3281 540 3351 ἐξεῖναί
551 3304 625 3364 σφισι
644 3284 714 3344 κατά
729 3284 761 3344 τδ
774 3283 890 3364 προόού·

112 3372 197 3445 λεαμα
211 3369 270 3437 τοὺς
280 3370 430 3450 γεωμόρους
447 3371 641 3441 ἀποδεικνύειν,
663 3373 732 3432 ἀλλά
745 3379 799 3439 τοῖς
813 3371 891 3452 πρόν·

59 3487 86 3525 γε
113 3482 166 3525 τοις
189 3461 296 3526 ἐκείνοις
315 3459 441 3532 ὑπάτοις,
473 3486 485 3512 υ
503 3458 566 3520 ὥστ’
578 3461 631 3521 οὔδ’
649 3465 729 3538 ὑμῖν,
743 3450 890 3542 έφησεν,ῶ

115 3574 127 3600 ι
144 3549 273 3626 Οὐαλέριε
287 3548 333 3608 καί
351 3545 383 3607 σύ
396 3548 524 3625 Αἰμίλιε,
541 3555 589 3627 γῆς
612 3549 779 3625 ἀναδασμοὺς
799 3551 890 3629 εἰσφέ-

115 3663 128 3688 s
145 3660 212 3715 ρειν,
240 3635 284 3701 οὑς
307 3639 354 3695 οὐκ
377 3635 502 3704 ἀπέταξεν
524 3640 586 3714 ὑμῖν
609 3637 641 3697 τό
659 3639 807 3716 συνέδριον,
830 3636 889 3700 ούτε

115 3749 127 3776 ιι
143 3725 229 3789 καλῶς
248 3723 303 3804 ἔχει
316 3724 450 3803 προγόνων
464 3715 537 3783 odos
550 3729 671 3805 ἀγαθῶν,
686 3724 740 3785 οὔτ’
752 3729 887 3807 ἀσφαλῶς.

114 3839 127 3866 ο
144 3812 197 3873 Καὶ
210 3810 271 3892 περὶ
286 3811 334 3888 μὲν
345 3817 389 3873 τοῦ
401 3812 651 3892 προόουλεύματος,
664 3818 699 3880 ὡς
710 3817 738 3874 ού
753 3820 889 3894 κρατεῖσθε

114 3929 126 3954 ιι
143 3899 193 3959 ὑπὸ
207 3901 288 3958 αὑτοῦ
306 3901 330 3959 οἱ
348 3900 480 3968 τοσούτοις
497 3899 605 3982 ὕστερον
618 3902 811 3972 ὑπατεύσαντες
821 3905 888 3987 χρό-

114 4018 127 4043 n
142 4012 206 4061 νοις,
217 3993 301 4048 ταῦτα
315 3988 403 4048 ἱκανοί.
420 3990 487 4068 Περὶ
502 3989 529 4049 δὲ
542 3998 587 4052 τοῦ
603 3991 779 4071 βιασαμένους
790 3994 887 4067 τινάςή

114 4079 266 4146 «λαθόντας
281 4078 482 4161 σφετερίσασθαι
503 4081 537 4138 τά
553 4079 667 4156 δημόσια
682 4083 783 4164 βραχὺς
803 4086 888 4165 ἀπαρ-

113 4196 126 4220 «
141 4175 181 4225 κεῖ
194 4189 237 4244 μοι
252 4165 338 4246 λόγος.
382 4168 417 4227 Εἰ
434 4171 486 4247 γάρ
500 4191 538 4234 τις
552 4158 608 4228 οἶδε
622 4169 804 4251 καρπούμενόν
818 4195 887 4248 τινα,

112 4283 124 4307 ι
140 4245 176 4314 οὑν
189 4257 237 4314 οὑκ
256 4254 313 4335 έχει
324 4258 434 4328 κτῆσιν,
451 4256 585 4326 ἀποδεῖξαι
598 4256 684 4338 νόμῳ,
696 4258 808 4338 μήνυσιν
823 4262 888 4321 ἀπι-

112 4366 124 4393 a
139 4342 258 4419 νεγκάτω
271 4343 336 4423 πρὸς
355 4342 415 4411 τούς
432 4343 546 4412 ὑπάτους
559 4343 606 4406 καί
621 4347 735 4426 κρινάτω
743 4347 813 4407 κατά
828 4346 889 4418 τούς

112 4431 247 4511 «νόμους,
270 4432 314 4500 οὑς
337 4432 432 4493 νεωστὶ
456 4432 544 4506 δεήσει
576 4437 700 4518 γράφειν·
726 4438 811 4496 πάλαι
835 4438 888 4519 γάρ

112 4521 307 4603 «ἐγράφησαν,
334 4523 380 4583 καί
406 4523 488 4590 ούδείς
517 4526 611 4593 αὐτοὺς
637 4526 750 4606 ἠφάνικε
781 4527 885 4608 χρόνος.

112 4633 124 4658 ι
139 4608 217 4669 Ἐπεὶ
231 4611 259 4669 δέ
269 4611 315 4670 καί
329 4612 389 4692 περὶ
406 4618 452 4671 τοὺ
474 4612 650 4694 συμφέροντος
662 4614 774 4673 έποιιῖτο
794 4613 886 4691 λόγους

112 4722 124 4746 ν
139 4697 258 4772 Αἰμίλιος
268 4745 276 4773 ,
286 4701 321 4766 ὡς
334 4699 378 4760 έπί
394 4704 433 4779 τῷ
443 4701 549 4759 πάντων
567 4703 658 4779 ἀγαθῷ
672 4703 720 4772 τῆς
729 4703 887 4782 κληρουχίας

112 4808 124 4832 υ
140 4783 273 4858 ἐσομένης,
286 4790 344 4849 οὑδὲ
356 4789 469 4849 τοὺτοτδ
480 4789 557 4870 μέρος
570 4792 725 4868 ἀνέλεγκτον
736 4793 813 4851 isaar
826 4793 885 4870 βού·

111 4897 124 4921 ⁴<
138 4871 228 4947 λομαι.
271 4876 351 4951 Ἐμοί
364 4877 416 4958 γάρ
431 4879 502 4938 δοκεῖ
519 4877 549 4936 τδ
568 4877 658 4938 αὐτόθι
674 4879 751 4957 μόνον
764 4881 840 4945 αὑτός
854 4903 883 4955 γε

110 4986 122 5011 τι
143 4964 215 5038 δρᾶν,
231 4960 261 5018 τό
273 4961 301 5021 δέ
314 4961 410 5039 μέλλον
422 4970 452 5025 ού
466 4975 643 5047 προσκοπεῖν,
654 4966 694 5026 ότι
707 4968 800 5047 μικρδν
814 4958 883 5026 εἶναι

108 5049 227 5108 «δοκοῦν
249 5047 287 5106 ίτι
307 5053 360 5108 τῶν
381 5051 514 5127 δημοσίων
536 5063 589 5121 τοῖς
604 5058 692 5135 ἀργοῖς
709 5053 754 5113 καλ
777 5056 884 5133 ἀπόροις

107 5162 119 5186 ιι
135 5134 304 5213 μεταδιδόναι
319 5137 423 5196 πολλῶν
437 5136 512 5197 έσται
530 5141 576 5200 καὶ
591 5144 713 5223 μεγάλων
731 5144 820 5202 κακῶν
839 5141 882 5201 al«

1664 323 1725 385 5θὺ

948 484 960 506 τι
975 462 1067 513 lumin
1081 463 1216 514 utilitatem
1236 463 1363 529 publicam
1375 466 1434 513 tuuc
1453 463 1484 512 ab
1500 463 1554 524 ipso
1566 468 1653 515 senatu
1672 465 1725 517 lac·

947 573 959 597 ι
976 557 1039 612 tum,
1056 566 1089 604 ue
1097 567 1156 618 ager
1162 552 1272 604 incultus
1289 559 1414 614 maneret,
1429 565 1491 602 nere
1504 551 1591 602 urbani
1606 567 1725 619 pauperes

948 661 960 684 a
983 640 1056 690 otiosi
1073 640 1111 704 (ut
1129 640 1200 704 tunc)
1216 639 1303 691 alienis
1323 639 1394 688 bonis
1412 637 1571 698 inriderent;
1587 642 1666 704 utque
1682 642 1723 704 lu·

948 750 960 772 a
975 732 1065 781 ventus
1071 727 1166 780 urbana
1175 728 1200 778 in
1207 728 1260 779 suis
1269 726 1364 777 laribus
1374 730 1400 777 et
1408 726 1518 792 paternis
1528 727 1725 792 possessionibus

948 839 960 862 α
976 818 1140 883 educaretur,
1157 822 1182 869 et
1197 818 1301 868 honesta
1317 816 1423 867 educata
1442 830 1531 880 magno
1548 819 1615 867 esset
1626 814 1725 867 animo:

948 927 959 949 ι
976 921 1032 957 nam
1052 907 1092 967 iis,
1111 907 1155 972 qui
1167 906 1264 957 nullum
1283 905 1459 969 patrimonium
1480 905 1614 964 haberent,
1634 908 1661 956 et
1681 905 1726 970 qui

949 1012 961 1041 ι
978 1009 1051 1060 parce
1064 1009 1092 1045 se
1108 993 1203 1046 alerent
1215 993 1302 1044 alicnis
1316 994 1435 1058 proemia,
1452 1008 1514 1058 quas
1528 1008 1604 1060 opera
1617 1008 1663 1044 sua
1679 992 1725 1043 sibi

949 1104 961 1128 a
978 1087 1109 1148 μεταποιεῖ,
1136 1087 1180 1134 aut
1192 1079 1293 1133 omnino
1310 1083 1406 1133 nullum
1431 1083 1641 1148 procreandorum
1662 1081 1723 1133 libs-

949 1193 961 1216 ι
975 1186 1058 1223 τοτυιιι
1073 1185 1183 1223 amorem
1199 1171 1304 1222 insitum
1316 1176 1434 1234 essesut,
1447 1173 1467 1221 si
1479 1173 1654 1232 insitusesset,
1670 1185 1725 1222 nm·

949 1278 961 1308 a
977 1260 1029 1311 lum
1044 1259 1153 1311 fructum
1166 1261 1285 1326 prolerre,
1301 1263 1326 1310 et
1337 1274 1426 1325 parum
1437 1259 1545 1319 felicem,
1559 1259 1628 1325 quod
1643 1259 1726 1310 simile

949 1371 960 1393 a
975 1363 1007 1400 ex
1025 1349 1114 1401 humili
1125 1349 1272 1415 plerumque
1289 1350 1402 1413 coniugio
1416 1349 1557 1413 proveniret
1567 1353 1592 1400 ct
1611 1349 1637 1399 iu
1652 1361 1726 1399 men·

947 1459 960 1483 ο
975 1438 1030 1489 dica
1045 1438 1144 1491 torturas
1164 1439 1198 1489 sit
1219 1438 1348 1490 educatus.
1383 1441 1434 1501 Ego
1450 1439 1541 1502 igitur,
1556 1437 1649 1502 lnquit.
1662 1437 1726 1487 hauc

948 1547 959 1571 ν
972 1528 1120 1579 οεοιοοθοιυ
1129 1528 1194 1588 dico,
1206 1531 1236 1578 ut
1251 1526 1482 1586 senatusconsulta,
1500 1539 1557 1589 qum
1569 1525 1724 1577 turbulento·

948 1637 960 1661 ι
973 1630 1029 1666 rum
1041 1619 1179 1680 tempomm
1198 1617 1340 1668 interventu
1352 1615 1384 1666 ad
1398 1615 1461 1665 trane
1478 1627 1557 1678 usque
1569 1614 1635 1665 diem
1650 1612 1726 1666 dilata

948 1725 960 1749 ι
974 1708 1041 1765 suut,
1056 1703 1226 1755 aconsulibus
1241 1704 1428 1766 continuentur,
1451 1707 1477 1754 et
1491 1703 1624 1755 decemriri
1637 1716 1726 1755 creen-

948 1814 960 1838 ι
974 1797 1025 1855 tur,
1036 1792 1079 1858 qui
1092 1792 1291 1858 agrosdividant.
1304 1813 1317 1836 ν

979 1983 1031 2034 Lll.
1048 1984 1092 2033 llis
1109 1983 1141 2033 ab
1158 1982 1255 2032 AEmilio
1273 1982 1361 2043 dictis,
1379 1981 1504 2033 secundus
1517 1984 1617 2045 rogatus
1631 1983 1725 2048 Appius

948 2073 1080 2136 claudius,
1113 2072 1247 2137 superioris
1267 2071 1322 2120 anni
1357 2069 1461 2129 consul,
1489 2069 1639 2120 contrariam
1661 2071 1725 2122 dixit

947 2162 1094 2214 sententiam
1113 2180 1119 2209 ι
1135 2161 1240 2219 docens,
1259 2172 1386 2221 nurrqnam
1402 2170 1456 2208 eam
1479 2157 1556 2207 tuisse
1571 2157 1725 2210 voluntatem

947 2252 1057 2308 mustus,
1075 2252 1103 2299 ut
1115 2262 1155 2299 res
1165 2247 1269 2313 publicae
1278 2247 1450 2297 dividerentur
1463 2264 1469 2296 :
1483 2260 1539 2296 narn
1554 2245 1575 2296 sl
1590 2247 1723 2305 voluisset,

945 2338 1092 2404 jampridem
1106 2337 1131 2387 id
1147 2336 1248 2388 iecisse:
1272 2337 1355 2388 sedin
1371 2335 1438 2386 eliud
1455 2340 1553 2400 tempus
1569 2337 1624 2400 ejus
1637 2336 1672 2388 rei
1681 2351 1726 2389 co-

947 2428 1079 2491 gnitionem
1103 2425 1242 2481 distulisse'.
1270 2425 1338 2490 quod
1367 2428 1468 2489 cuperet
1496 2425 1561 2475 illam
1580 2426 1725 2479 seditionem

948 2516 1036 2580 sopire.
1064 2527 1140 2578 quarn
1164 2512 1284 2562 excitarat
1300 2510 1386 2561 consol
1410 2510 1530 2560 attestans
1554 2513 1723 2572 tyrannidem.

947 2609 973 2656 et
991 2608 1076 2669 postea
1098 2602 1193 2652 meritis
1211 2602 1288 2665 punis
1304 2601 1412 2651 allectus
1433 2622 1439 2651 τ
1458 2614 1537 2664 neque
1554 2601 1647 2664 primos
1668 2608 1725 2666 post

947 2690 1017 2742 titud
1047 2687 1289 2739 senatusconsultum
1318 2686 1432 2737 eonsules
1467 2686 1568 2737 decreta
1594 2692 1725 2738 exsecutos

948 2793 1014 2837 esse,
1035 2777 1102 2843 quod
1116 2776 1230 2827 riderent
1248 2776 1348 2841 quantis
1366 2775 1530 2827 malisaditus
1545 2776 1570 2826 in
1587 2777 1722 2842 rempubli-

946 2880 1001 2917 cam
1021 2865 1159 2930 patefieret.
1174 2864 1195 2914 si
1207 2865 1304 2929 publica
1318 2865 1468 2929 puaperibus
1481 2863 1607 2915 dividendi
1617 2880 1671 2916 nros
1683 2882 1724 2918 re·

947 2953 1069 3017 ciperetur
1082 2973 1088 3002 :
1103 2964 1185 3018 neque
1194 2950 1310 3016 deinceps
1324 2964 1369 3016 per
1378 2952 1508 3002 continuos
1525 2952 1666 3015 quindecim
1679 2969 1724 3005 an·

947 3056 991 3092 nos
1003 3041 1066 3092 ullos
1075 3041 1196 3099 consules,
1208 3039 1355 3121 lichulta
1364 3039 1473 3104 pericula
1481 3040 1552 3090 illisa
1562 3039 1632 3102 plebs
1641 3047 1724 3093 essent

947 3130 1022 3192 illata,
1037 3129 1184 3181 sustinuisse
1198 3128 1335 3194 quidquam
1353 3132 1439 3178 contra
1461 3128 1603 3194 reipublicae
1613 3146 1724 3183 commo-

946 3217 977 3269 da
990 3218 1084 3276 lacere,
1099 3217 1166 3281 quod
1179 3231 1209 3268 na
1220 3217 1304 3268 liceret
1319 3217 1421 3282 quidem
1434 3216 1495 3281 ipsis
1503 3230 1534 3266 er
1552 3217 1596 3268 illo
1608 3223 1723 3271 senatus-

945 3306 1059 3357 consulto
1071 3307 1132 3357 istos
1148 3307 1201 3371 agri
1223 3306 1333 3356 linitores
1346 3320 1447 3364 creare;
1469 3306 1514 3357 sed
1533 3307 1592 3357 solis
1605 3307 1656 3359 illis
1671 3311 1723 3374 pri-

945 3394 992 3446 mis
1013 3395 1169 3454 consulibus,
1193 3407 1304 3458 quomam
1323 3394 1467 3445 consulatu
1481 3395 1509 3444 id
1528 3394 1632 3460 soctrtm
1647 3402 1722 3450 asset.

946 3504 958 3527 e
975 3485 1071 3546 ltaque,
1082 3496 1113 3532 uc
1122 3481 1302 3544 vobisquidem
1315 3480 1425 3546 (inquit),
1438 3483 1528 3543 Valeri,
1541 3488 1621 3550 tuque
1631 3487 1722 3548 AEmill‚

946 3571 1004 3622 «de
1013 3571 1153 3621 dividendis
1168 3572 1232 3635 egris
1245 3571 1337 3621 reterre
1349 3571 1419 3630 licet¹
1439 3573 1532 3637 quibus
1543 3575 1590 3624 lior
1606 3590 1621 3624 a
1636 3581 1723 3630 senatu

945 3685 957 3709 a
975 3661 1119 3712 mandatum
1130 3672 1178 3707 non
1186 3662 1233 3715 est,
1243 3673 1287 3709 nec
1297 3660 1337 3723 td,
1350 3661 1418 3725 quod
1427 3658 1529 3724 scottis,
1539 3661 1671 3713 honestum
1680 3665 1724 3714 aut

945 3769 956 3792 e
973 3750 1057 3798 tutum
1071 3751 1109 3794 est
1125 3743 1164 3802 iis,
1177 3744 1221 3807 qui
1237 3759 1267 3794 ex
1281 3744 1352 3794 bonis
1368 3744 1502 3805 rnajoribus
1515 3752 1574 3796 sunt
1585 3748 1643 3799 orti.
1675 3752 1721 3800 st-

946 3843 1020 3895 tque
1035 3829 1090 3879 imo
1102 3826 1203 3892 quidem
1220 3827 1251 3877 de
1272 3829 1500 3886 senatusconsulto,
1523 3844 1573 3893 quo
1594 3833 1631 3879 tot
1651 3834 1722 3883 annis

944 3933 956 3957 a
974 3913 1029 3976 post
1044 3908 1157 3960 consules
1171 3908 1229 3958 tacti
1241 3922 1287 3958 non
1299 3907 1430 3965 tenemini,
1443 3907 1537 3957 dixisse
1549 3907 1610 3957 satis
1629 3910 1670 3960 sit.
1685 3915 1722 3961 Dc

945 4016 956 4038 κ
972 3995 1022 4046 iltis
1035 4008 1103 4051 vero,
1119 3992 1162 4058 qui
1174 3992 1213 4040 rel
1222 3992 1246 4039 vi
1259 3992 1320 4041 clam
1334 3990 1399 4041 bona
1409 3989 1510 4055 publica
1521 3990 1569 4041 sibi
1584 3996 1719 4056 usurpant.

945 4097 956 4121 ι
971 4077 1058 4142 paucis
1066 4088 1139 4137 agere
1151 4074 1213 4124 satis
1223 4072 1284 4122 mihi
1294 4072 1348 4123 erit.
1382 4073 1407 4122 Si
1421 4073 1479 4138 quis
1490 4074 1556 4123 enim
1567 4079 1721 4140 compertum

945 4179 956 4202 ι
971 4159 1054 4217 hahet,
1070 4156 1178 4221 aliquem
1193 4153 1327 4217 trulegam,
1346 4168 1453 4218 quorum
1468 4168 1495 4204 se
1508 4155 1646 4217 legitimum
1662 4172 1722 4223 pos·

944 4257 956 4282 a
971 4248 1093 4288 sessorem
1106 4233 1210 4300 probare
1229 4247 1278 4283 non
1298 4233 1383 4296 possit,
1399 4234 1454 4297 ejus
1466 4247 1554 4284 nomen
1563 4234 1595 4284 ad
1608 4236 1722 4288 consules

944 4342 956 4363 τ
972 4321 1079 4381 deierat,
1094 4333 1184 4386 resque
1197 4317 1324 4383 judicetur
1343 4316 1492 4380 exlegibus,
1506 4332 1563 4382 quae
1580 4334 1628 4369 non
1647 4324 1722 4372 erunt

944 4426 955 4448 ι
970 4418 1035 4455 nuuc
1048 4405 1195 4467 condendre;
1215 4403 1365 4469 jampridem
1391 4404 1456 4452 enim
1477 4403 1577 4467 scripto
1599 4407 1670 4462 suut,
1695 4405 1721 4453 et

943 4508 955 4529 ι
970 4487 1036 4537 nullu
1052 4491 1163 4538 vetustas
1176 4501 1217 4538 cas
1227 4487 1326 4537 delerit.
1360 4489 1482 4545 Quoniam
1495 4501 1554 4537 vero
1563 4488 1677 4538 AEmilius
1688 4472 1723 4538 de¹

943 4588 955 4612 ι
970 4568 1079 4619 utilitate
1100 4569 1174 4619 etiam
1197 4568 1323 4623 disseruit.
1349 4583 1492 4619 asseverans
1506 4569 1557 4632 agri
1573 4568 1719 4621 divisionem

942 4648 1033 4700 «bono
1054 4649 1106 4701 fore
1132 4648 1257 4707 omnihus,
1275 4665 1304 4699 no
1331 4651 1393 4700 lrnnc
1417 4649 1517 4714 quidem
1544 4654 1638 4713 partem
1666 4649 1718 4697 sins

942 4730 1137 4782 «contutatione
1152 4731 1297 4795 relinquam.
1324 4732 1446 4782 llicenim
1466 4731 1566 4780 videtur
1581 4731 1641 4779 milri
1662 4733 1718 4778 tan-

941 4837 953 4859 ι
970 4815 1097 4866 tummodo
1117 4821 1262 4880 presentem
1275 4830 1357 4866 rerum
1371 4820 1465 4867 statum
1478 4819 1604 4878 spectaro,
1625 4812 1668 4861 sed
1681 4813 1716 4874 id,

940 4897 1034 4962 «qnod
1054 4903 1091 4947 est
1105 4897 1233 4958 futurum,
1251 4912 1410 4964 nequaquam
1430 4898 1580 4962 prospicere3
1599 4894 1716 4946 nimirum

941 4999 953 5023 a
968 4977 1031 5028 hanc
1049 4993 1130 5029 rerunt
1150 4980 1306 5043 publicarum
1328 4980 1472 5029 divisionem
1489 4977 1576 5025 otiosis
1594 4981 1618 5023 et
1633 4978 1716 5039 egenis

940 5085 952 5108 ι
967 5063 1107 5114 hominibus
1120 5079 1269 5122 concessam,
1289 5081 1346 5130 qma
1366 5064 1446 5113 acllrue
1463 5063 1560 5110 vitietur
1578 5060 1646 5125 {terri
1661 5076 1715 5113 esso

940 5171 951 5195 s
967 5151 1098 5209 momenti,
1115 5152 1251 5201 mullorum
1266 5156 1290 5200 ot
1304 5163 1448 5210 taragnorurn
1466 5148 1586 5199 mitiorum
1599 5162 1713 5201 caussam
