3772 5828
623 420 917 495 ANTIQUITATUM
939 424 1088 485 nolint.
1115 426 1187 487 LlB.
1212 428 1252 489 ll.
1685 446 1723 501 dl)

124 544 281 620 λευσάμενος
299 555 354 613 τοῖς
378 547 445 626 ἀμφ’
466 548 543 607 atrii
565 550 655 609 ἐδίωκε
676 553 734 618 τοὺς
754 554 896 631 φεύγοντας

123 635 173 690 τῶν
197 632 331 709 πολεμίων
360 638 576 709 ἐσκεδασμένους,
606 640 650 696 καίΙ
671 641 750 721 μέχρι
771 646 823 701 τῶν
843 667 895 701 πυ-

122 722 173 778 λῶν
203 720 296 786 αὐτούς
326 720 439 794 ἤλασεν,
469 720 533 782 ὥστ’
562 727 715 804 ἠναγκάσθη
744 729 897 788 καταλιπὼν

121 811 235 883 ἡμιτελῆ
256 808 303 880 τὴν
323 811 397 882 νίκην
428 816 441 869 6
461 810 601 888 Ῥωμύλος
631 816 787 898 ἐπιπρέψαι
807 842 834 877 τε
854 820 898 877 καὶ

80 907 94 943 ⁶
120 895 164 954 ἐπὶ
184 896 217 956 τά
236 900 346 956 νικῶντα
369 903 420 957 τῶν
447 902 579 976 πολεμίων
598 900 718 962 ὤσασθαι
738 904 815 984 μέρη.
859 905 897 965 Τὸ

121 985 170 1060 μὲν
192 984 224 1057 δθ,
244 984 341 1062 κάμνον
363 990 415 1046 τῶν
435 987 557 1047 Σαθίνων
579 990 655 1069 μέρος
674 993 700 1049 έν
720 995 757 1072 τῷ
775 992 825 1072 ἴσῳ
844 993 896 1051 πά-

120 1074 162 1130 λιν
180 1063 225 1144 ἦν,
247 1071 409 1146 ἀπελθούσης
427 1079 474 1146 τῆς
506 1074 573 1151 μετδι
592 1075 731 1154 Ῥωμύλου
751 1081 896 1157 δυνάμεως·

121 1164 135 1218 6
156 1159 183 1219 δέ
203 1160 318 1229 κίνδυνος
338 1160 407 1229 ἅπας
427 1164 486 1241 περὶ
506 1162 549 1221 τὀν
571 1162 698 1240 Κούρτιον
709 1167 754 1224 καῖ
772 1166 831 1234 τοὺς
849 1167 896 1227 σύν

121 1249 214 1329 ἐκείνῳ
244 1255 370 1319 νικῶντας
403 1253 527 1332 ἐγεγόνει.
571 1254 670 1333 Χρόνον
700 1254 746 1332 μὲν
775 1248 818 1316 οδν
836 1283 894 1317 τινα

68 1348 91 1385 ¹⁰
118 1340 141 1396 οί
161 1338 274 1399 Σαόῖνοι
290 1339 424 1416 δεξάμενοι
448 1341 504 1407 τοὺς
515 1340 666 1418 Ῥωμαίους
675 1345 803 1421 λαμπρῶς
823 1348 894 1421 ἠγω·

117 1427 238 1489 νίσοντο·
257 1428 349 1488 ἔπειτα
369 1433 474 1490 πολλῶν
494 1431 537 1489 ἐπ’
562 1431 657 1498 αὐτούς
685 1433 825 1492 συνιόντων
846 1435 895 1492 ένέ·

118 1517 209 1576 κλινάν
239 1541 268 1577 τε
298 1518 343 1577 καλ
369 1519 490 1589 διέσωζον
517 1520 622 1588 έαυτοθς
643 1521 686 1580 ἐπὶ
707 1523 750 1582 τὸν
769 1523 892 1602 χάρακα,

118 1607 218 1678 πολλὴν
236 1612 282 1666 τοῦ
307 1607 435 1688 Κουρτίου
454 1608 614 1691 παρέχοντος
634 1612 721 1678 αὐτοῖς
741 1614 777 1678 είς
799 1612 829 1670 τὸ
857 1613 894 1687 μὴ

118 1694 259 1754 διώκεσθαι
287 1694 505 1775 τεταραγμένοις,
535 1697 604 1757 elli
625 1700 709 1778 βάδην
729 1701 894 1779 ἀποχωρεῖν,

76 1790 89 1826 ⁵
118 1783 276 1865 ἀσφάλειαν.
329 1783 412 1851 Αὐτός
440 1785 491 1864 γάρ
520 1786 636 1857 εἱστήκει
667 1789 816 1867 μαχόμενος
848 1789 895 1846 καί

118 1870 163 1929 τόν
179 1870 318 1948 Ῥωμύλον
338 1873 435 1956 trrro'vr’
454 1875 573 1953 ἐδέχετο·
591 1875 691 1952 γίνεταί
709 1900 738 1937 τε
756 1881 808 1935 τῶν
828 1880 891 1953 ἡγε-

120 1959 207 2032 μόνων
234 1961 319 2017 αὐτῶν
340 1962 527 2039 συμπεσόντων
537 1964 663 2034 ἀλλήλοις
683 1965 764 2042 μέγας
782 1967 827 2024 καὶ
846 1989 895 2023 κα·

117 2048 162 2112 λὸς
183 2046 264 2124 άγόνν.
314 2045 441 2125 Ἔξαιμος
471 2053 494 2108 δ’
515 2051 566 2123 ἤδη
599 2054 643 2110 καλ
674 2052 823 2124 καταθελλς
856 2052 893 2111 ὢν

117 2136 277 2215 όίίούρτιος
295 2138 373 2216 ὑπῄει
404 2142 465 2197 κατ’
485 2140 584 2215 ὀλίγον,
617 2141 663 2198 καὶ
690 2141 768 2200 αὐτὸν
791 2144 892 2200 ἐκτῶν

61 2231 88 2269 2⁰
115 2224 223 2284 κατόπιν
243 2225 386 2305 ὑπεδέχετο
405 2227 485 2304 λίμνη
498 2230 608 2305 βαθεῖα,
627 2226 659 2297 ἣν
678 2233 823 2306 περιελθεῖν
845 2229 892 2306 μὲν

114 2315 229 2391 χαλεπὸν
250 2306 282 2385 ἧν
302 2315 517 2394 περικεχυμένων
541 2316 706 2394 πανταχόθεν
729 2320 781 2375 τῶν
809 2321 890 2377 πολε·

115 2403 194 2478 μίων,
216 2406 324 2462 διελθεῖν
348 2403 371 2461 δ’
392 2403 443 2462 ὑπό
463 2405 488 2461 τ’
510 2402 580 2469 ἰλύος
599 2404 726 2477 πλήθους,
746 2406 778 2476 ἣν
799 2405 830 2464 τά
845 2405 892 2464 πέ-

118 2488 156 2566 ριξ
188 2492 298 2566 τέλματ’
332 2482 406 2569 εἶχε,
435 2492 479 2548 καλ
506 2491 600 2569 βάθους
629 2490 721 2557 ύδατυς
749 2499 793 2550 τοῦ
827 2493 893 2552 κατά

119 2577 201 2650 μέσην
227 2577 306 2649 αὐτὴν
327 2581 500 2650 συνεστῶτος,
521 2579 627 2656 άπορον.
668 2578 759 2658 Ταύτῃ
780 2579 893 2654 πλησιά-

59 2673 86 2708 2⁸
117 2687 165 2732 σας
191 2664 293 2744 ε’ρριψιν
313 2666 405 2725 ίαυτόν
424 2670 459 2732 είς
487 2667 517 2725 τὸ
536 2675 608 2742 νᾶμα
636 2667 682 2724 σὺν
711 2677 764 2736 τοῖς
792 2668 892 2737 ὅπλοις·

114 2757 160 2812 καὶ
185 2752 372 2829 θῬωμύλος,
393 2757 428 2820 ὡς
452 2755 547 2813 αὐτίκα
573 2754 604 2825 δὴ
623 2762 668 2815 τοῦ
695 2757 785 2836 ἀνδρὸς
806 2758 833 2814 έν
860 2762 893 2833 τῇ

113 2843 193 2919 λίμνῃ
217 2841 477 2922 διαφθαρησομένου,
500 2845 544 2902 καί
569 2843 616 2919 ἅμ’
637 2844 693 2903 ἐπεὶ
714 2843 839 2903 ἀδύνατον
860 2835 892 2916 ἦν

113 2929 181 2988 κατθι
200 2930 331 3004 τέλματός
346 2932 371 2988 τ’
391 2931 467 2989 αὐτόν
488 2931 533 2990 καὶ
547 2931 579 2990 δι’
599 2931 689 3000 ὕδατος
711 2934 808 2993 πολλοῦ
827 2932 890 2991 διώ·

114 3042 182 3093 κειν,
211 3020 255 3079 ἐπὶ
284 3019 343 3087 τοὺς
364 3021 457 3087 ἄλλους
486 3020 615 3089 Σαύίνους
633 3023 769 3101 τρέπεται.
814 3023 848 3083 ‘O
864 3023 891 3080 δέ

60 3117 87 3154 ³⁰
115 3109 241 3190 Κούρτιος
272 3111 358 3168 πολλὰ
387 3110 523 3188 μοχθήσας
551 3110 598 3170 σὺν
627 3111 713 3191 χρόνῳ
733 3109 847 3179 σώζεταί
865 3112 891 3165 τ’

112 3197 143 3253 ἐκ
174 3200 220 3268 τῆς
248 3197 343 3274 λίμνης
362 3199 394 3256 τὰ
422 3197 482 3256 ὅπλ’
503 3200 570 3279 ἔχων
590 3200 636 3258 καὶ
668 3202 704 3267 είς
724 3197 767 3257 τὸν
792 3196 891 3278 χάρακ’

114 3286 253 3365 ἐπάγεται.
296 3278 379 3355 tideo<
408 3287 518 3354 θτόπος
536 3287 720 3366 ἀνακέχωσται
744 3285 793 3363 μὲν
821 3287 889 3358 ἤδη,

113 3377 233 3432 καλεῖται
253 3377 275 3433 δ’
297 3373 323 3442 ἐξ
344 3375 442 3434 ἐκείνου
460 3381 506 3433 τοῦ
529 3374 628 3441 πάθους
650 3375 775 3453 Κούρτιος
802 3375 890 3448 λάκος,

114 3464 141 3520 έν
163 3469 234 3542 μέσῳ
254 3463 359 3539 μάλιστ’
378 3461 414 3521 ὧν
433 3467 479 3534 τῆς
499 3463 642 3538 Ῥωμαίων
664 3466 768 3539 ἀγορᾶς.

156 3553 258 3612 XLlll.
275 3550 413 3628 Ῥωμύλος
426 3550 454 3611 δὲ
465 3553 524 3618 τοθς
539 3552 633 3618 ἄλλους
643 3549 743 3609 διώκων
759 3549 834 3626 ἐγγὺς
848 3574 891 3628 γε·

116 3638 223 3715 νόμενος
242 3644 287 3698 τοῦ
308 3641 486 3713 Καπιτωλίου,
506 3641 550 3699 καλ
576 3639 675 3705 πολλάς
696 3638 802 3704 ἐλπίδας
822 3639 891 3718 ἔχων

115 3727 235 3807 αἱρήσειν
250 3727 278 3787 et
300 3730 432 3810 φρούριον,
457 3730 546 3797 ἄλλοις
573 3753 602 3787 τε
626 3730 731 3793 πολλοῖς
759 3726 892 3805 τραύμασι

114 3815 303 3890 καταπονηθείς
320 3819 365 3876 καὶ
384 3818 416 3889 δὴ
437 3817 482 3876 καλ
501 3818 573 3875 λίθου
593 3819 681 3894 πληγῇ
703 3814 807 3895 ἐξαισίῳ
820 3816 889 3875 κατθι

114 3904 245 3985 κροτάφου
259 3906 407 3986 ἐνεχθέντος
422 3909 451 3964 ἐκ
462 3908 514 3966 τῶν
529 3905 625 3964 ἄνωθεν
636 3903 777 3976 κακωθείς,
788 3903 890 3983 αίρεταί

113 4017 142 4053 τε
163 3993 227 4072 πρὸς
246 3997 298 4053 τῶν
324 3993 460 4074 παρόντων
483 3994 613 4073 ἡμιθανὴς
626 3993 671 4051 καλ
692 3995 728 4060 εἰς
755 3992 785 4050 τὸ
804 3993 890 4072 τεῖχος

113 4081 284 4163 ἀποφέρεται.
328 4085 390 4150 Τοῖς
411 4082 439 4143 δέ
459 4080 603 4159 Ῥωμαίοις
623 4081 677 4148 δέος
704 4081 828 4156 ἐμπίπτει
848 4082 892 4140 τὀν

112 4169 219 4246 ἡγεμόν’
239 4170 324 4230 οὐκέθ’
346 4173 438 4249 δρῶσι,
458 4170 503 4229 καλ
523 4170 648 4250 τρέπεται
668 4169 697 4226 τδ
717 4166 797 4234 δεξιὸν
816 4167 892 4246 κέρας

113 4261 149 4325 είς
169 4257 270 4340 φυγήν·
301 4261 325 4318 οἱ
355 4260 379 4317 δ’
406 4261 433 4318 έν
461 4263 499 4338 τῷ
521 4259 646 4338 εὐωνύμῳ
673 4254 813 4337 ταχθέντες
834 4261 890 4333 ἅμα

113 4351 150 4426 τῷ
184 4347 325 4422 Λοκόμωνι
353 4347 417 4414 τέως
447 4345 494 4427 μέν
524 4351 643 4425 ἀντεῖχον
673 4346 723 4404 ὑπὸ
753 4349 798 4402 τοῦ
830 4351 891 4424 ἡγε-

76 4456 87 4491 a
115 4437 190 4511 μόνος
211 4435 459 4516 ἀναθαρρυνόμενοι,
474 4436 662 4514 λαμπροτάτου
671 4433 705 4493 τά
724 4431 830 4510 πολέμι’
842 4438 888 4493 οἰν-

114 4523 172 4602 epi<
200 4522 246 4583 καί
274 4525 379 4583 πλεῖστ’
399 4524 462 4603 ίργα
491 4522 560 4582 κατὰ
588 4526 678 4581 τοῦτον
703 4520 748 4581 τόν
777 4520 889 4598 πόλεμον

115 4612 334 4690 ἀποδειξαμένου·
360 4614 416 4671 inei
447 4612 474 4670 δί
499 4614 616 4677 κάκεῖνος
643 4609 744 4678 ἐλαθεὶς
774 4610 816 4669 διὰ
839 4613 890 4668 τῶν

114 4703 231 4780 πλευρῶν
247 4701 345 4776 σαυνίῳ
358 4702 405 4771 τῆς
416 4699 552 4776 δυνάμεως
574 4697 766 4768 ὑπολειπούσης
784 4695 888 4771 ἔπεσεν,

113 4789 166 4848 οὐδ’
180 4788 253 4848 αὐτοὶ
267 4788 410 4863 διέμειναν.
453 4785 532 4862 Φυγλ
553 4787 586 4858 δὴ
609 4786 675 4862 μετὰ
689 4789 765 4846 τοῦτο
787 4784 892 4845 πάντων

67 4887 91 4925 ⁸⁰
114 4879 198 4936 αὐτῶν
219 4874 331 4954 ἐγένετο,
346 4875 391 4934 καλ
405 4881 430 4936 οἱ
450 4875 562 4936 Σαθῖνοι
583 4873 770 4954 τεθαρρηκότες
784 4874 889 4932 ίδίωκον

114 4966 175 5046 άχρι
193 4969 241 5036 τῆς
260 4963 375 5031 πόλεως·
391 4965 445 5038 ἤδη
466 4963 494 5023 δέ
511 4963 698 5034 πλησιάζοντες
717 4971 775 5026 ταῖς
793 4961 889 5028 πύλαις

115 5054 307 5128 ἀπηλαύνοντο,
346 5056 394 5124 τῆς
431 5053 551 5124 νεότητος
589 5048 771 5120 ἐπεξελθούσης
803 5049 890 5114 αι’ντοῖς

114 5145 281 5225 ἀκραιφνοῦς,
300 5133 320 5220 ᾗ
343 5140 377 5200 τά
396 5142 473 5222 τείχη
492 5142 631 5221 φυλάττειν
655 5141 669 5195 6
690 5134 812 5215 βασιλεὺς
831 5133 890 5194 ἐπέ-

114 5233 208 5314 τρεψε,
229 5229 275 5290 καλ
294 5236 341 5292 τοῦ
359 5228 515 5308 Ῥωμύλου·
540 5231 601 5308 ῥᾷον
622 5225 672 5304 γάρ
697 5223 749 5296 ἤδη
770 5213 839 5303 εἶχεν
861 5227 890 5282 ἐκ

953 565 1106 614 contendere.
1140 566 1284 615 Sabinorum
1295 567 1370 630 igitur
1382 581 1445 629 pars,
1459 580 1516 630 quae
1526 533 1661 632 laboralut,
1675 585 1729 621 rur·

953 694 995 729 sus
1011 694 1082 742 aequo
1097 684 1176 730 marte
1194 681 1333 743 pugnabat,
1352 685 1483 744 postquam
1499 681 1666 732 discesserunt
1684 685 1727 746 qui

952 809 1009 843 cum
1023 794 1126 844 ltomulo
1138 800 1215 845 erant.
1250 798 1327 845 Omne
1343 800 1426 846 autem
1445 796 1583 860 periculum
1605 796 1629 846 in
1650 797 1729 860 ipsum

952 886 1064 957 Curtium
1076 910 1102 958 et
1113 908 1138 957 in
1150 908 1205 957 eius
1214 909 1393 960 commilitones
1404 910 1510 961 victores
1522 914 1560 960 est
1571 924 1727 962 conversum.

953 1025 1032 1084 Atque
1051 1021 1226 1084 aliquantisper
1242 1022 1323 1073 Sabini
1343 1025 1508 1074 llomanonrm
1521 1025 1640 1090 impetum
1655 1027 1724 1077 susti·

952 1135 1039 1181 nentes
1050 1133 1146 1194 egregie
1158 1137 1298 1194 pugnarunt
1312 1150 1319 1182 ι
1340 1132 1452 1183 sedeam
1471 1134 1541 1185 multi
1552 1135 1577 1185 in
1593 1149 1636 1186 eos
1647 1131 1728 1199 iugra-

951 1242 1030 1298 ereut,
1047 1239 1124 1289 aciem
1137 1239 1285 1290 inclinarunt
1297 1242 1323 1290 et
1337 1254 1364 1290 sc
1375 1241 1400 1290 ln
1416 1245 1497 1291 eastra
1509 1241 1644 1293 incolumes
1655 1257 1727 1294 rece-

950 1350 1048 1411 perunt.
1087 1349 1186 1398 Curtius
1214 1348 1280 1398 enim
1298 1349 1426 1413 diligenter
1444 1354 1558 1410 strenue,
1588 1366 1619 1402 ne
1646 1353 1727 1404 bostis

951 1453 1108 1518 perturbatos
1123 1456 1304 1519 insequeretur,
1326 1459 1352 1505 et
1377 1457 1460 1507 etleeit
1484 1461 1512 1507 ut
1533 1459 1622 1509 sensim
1639 1461 1726 1522 pedem

948 1563 1004 1612 tuto
1028 1561 1157 1612 reterrent.
1191 1565 1247 1626 lpse
1272 1563 1337 1612 enim
1363 1576 1473 1627 pugnans
1494 1566 1592 1615 Romuli
1608 1569 1726 1632 impetum

948 1668 1098 1732 excipiebat,
1120 1672 1195 1733 atque
1218 1683 1292 1729 grase
1306 1671 1332 1719 et
1354 1670 1499 1732 praeclarum
1520 1675 1644 1722 certamen
1662 1673 1727 1723 inter

947 1779 1016 1842 ipsos
1030 1777 1118 1837 duces,
1134 1775 1176 1839 qui
1199 1775 1246 1825 sibi
1264 1778 1546 1840 invicemoccurrerant‚
1567 1781 1726 1832 commissum
1783 1810 1785 1814 ν

948 1890 995 1937 est.
1028 1888 1061 1935 at
1080 1884 1182 1933 Curtius
1205 1883 1255 1933 iam
1278 1884 1409 1947 exsanguis
1433 1888 1459 1934 el
1483 1885 1540 1934 telis
1560 1887 1658 1936 saucius
1681 1901 1725 1950 pe·

947 1991 1091 2056 detemptim
1113 1991 1261 2051 recedebat,
1274 2004 1410 2053 eumquen
1431 1995 1500 2055 tergo
1524 1992 1592 2055 palus
1605 1995 1726 2056 protunda

950 2102 1060 2165 excepit,
1091 2115 1165 2164 quam
1188 2101 1318 2151 circumire
1338 2100 1439 2151 difficile
1460 2106 1527 2162 erat,
1546 2100 1659 2152 hostibus
1679 2117 1725 2153 un-

947 2212 1022 2276 dique
1048 2210 1217 2272 circumtueis;
1237 2211 1342 2261 transire
1370 2224 1429 2260 vero
1457 2225 1505 2261 non
1535 2214 1642 2275 poterat,
1672 2216 1723 2262 tum

947 2318 980 2369 ob
1002 2319 1065 2369 cuni
1089 2319 1201 2383 copiam,
1222 2319 1289 2383 quod
1314 2323 1400 2383 stagna
1425 2320 1600 2380 circumdedit,
1623 2325 1676 2372 tum
1692 2323 1725 2374 ob

947 2440 1019 2490 aquae
1037 2427 1242 2492 protunditatem,
1259 2440 1314 2493 quaa
1344 2429 1370 2476 iu
1393 2429 1448 2479 eius
1464 2429 1546 2480 medio
1569 2435 1632 2481 erat.
1674 2434 1724 2483 lta·

947 2550 1004 2600 que,
1024 2550 1080 2614 eum
1102 2536 1133 2585 ad
1157 2536 1221 2585 lianc
1242 2537 1400 2594 accessisset,
1420 2543 1530 2587 armatus
1546 2553 1572 2588 se
1595 2539 1723 2602 inaquam

948 2644 1058 2693 coniecit.
1107 2646 1138 2693 Et
1160 2644 1286 2705 Romulus,
1304 2658 1405 2707 sperans
1426 2659 1483 2696 eum
1505 2646 1576 2696 brevi
1596 2646 1620 2696 in
1635 2646 1724 2710 palude

948 2754 1093 2817 periturum,
1107 2753 1180 2803 simul
1199 2754 1273 2804 etiam
1286 2755 1345 2818 quia
1360 2769 1408 2803 non
1426 2759 1522 2818 poterat
1541 2767 1597 2803 euni
1611 2748 1725 2820 per'ssqui

947 2875 990 2926 per
1009 2875 1108 2911 coenum
1122 2864 1146 2912 et
1160 2875 1249 2925 aquam
1269 2863 1427 2926 protundum,
1447 2865 1472 2912 in
1485 2863 1545 2913 alios
1559 2864 1662 2914 saliinos
1675 2864 1724 2914 lm·

947 2977 1031 3035 petum
1046 2973 1168 3022 convertit
1199 2973 1300 3023 Curtius
1316 2987 1373 3022 sero
1390 2973 1433 3022 diu
1453 2972 1560 3023 luctatus
1575 2971 1673 3023 tandem
1692 2985 1723 3022 ex

947 3080 1034 3143 palude
1049 3094 1106 3130 cum
1126 3080 1201 3131 armis
1216 3082 1303 3142 evasit,
1328 3086 1354 3130 et
1373 3080 1397 3130 ln
1418 3086 1499 3131 castra
1523 3082 1644 3131 abductus
1670 3085 1720 3133 est.

946 3194 996 3242 lsle
1013 3191 1082 3241 lucus
1097 3192 1144 3240 iam
1155 3195 1220 3240 terra
1232 3195 1346 3254 congesta
1363 3191 1471 3253 repletus
1483 3195 1533 3249 est;
1551 3190 1631 3239 adbuc
1641 3192 1723 3241 tamen

945 3302 978 3350 ob
993 3301 1062 3350 illurn
1073 3314 1158 3351 casum
1175 3303 1278 3349 vocatur
1302 3299 1402 3349 Cunius
1417 3297 1501 3360 lasus,
1513 3302 1588 3362 atque
1603 3299 1679 3348 terme
1698 3299 1722 3348 in

947 3408 1028 3459 medio
1044 3411 1211 3458 Romanorum
1222 3408 1275 3455 tom
1287 3411 1333 3456 est.

978 3526 1061 3574 xlllt.
1090 3521 1209 3572 Romulus
1230 3534 1288 3570 vero
1315 3520 1375 3570 alios
1403 3533 1565 3584 persequens,
1587 3534 1644 3570 cum
1671 3520 1721 3570 iam

945 3617 977 3667 ad
995 3615 1142 3679 capitolium
1162 3613 1321 3675 accessisset,
1335 3617 1361 3664 et
1375 3615 1400 3663 in
1418 3626 1530 3678 magnam
1548 3626 1615 3677 spem
1637 3613 1720 3663 renis-

942 3716 980 3759 set
1006 3709 1070 3759 arcis
1092 3706 1231 3770 capiendas,
1248 3710 1338 3769 preter
1353 3708 1400 3757 alia
1425 3706 1541 3766 vulnera,
1562 3706 1651 3769 quibus
1670 3711 1722 3756 erat

942 3807 1072 3871 fatigatus,
1090 3805 1199 3855 int'austo
1218 3803 1294 3854 etlam
1316 3803 1384 3855 iactu
1403 3803 1456 3852 saxi
1481 3803 1512 3853 de
1536 3803 1597 3852 loeis
1609 3801 1720 3867 superio·

943 3902 1011 3953 ribus
1043 3902 1068 3951 in
1095 3906 1206 3965 tempora
1224 3899 1300 3951 delati
1334 3900 1475 3961 sauciatus,
1500 3901 1675 3949 semimortuus
1707 3913 1722 3950 ε

942 3996 1061 4060 proximis
1078 3994 1192 4045 sublatus
1210 3997 1236 4044 et
1252 3992 1277 4042 iu
1292 3993 1379 4044 urbem
1401 3991 1501 4063 relatus,
1518 3995 1565 4043 est.
1597 3995 1720 4043 Romanos

941 4097 1024 4144 autem
1053 4091 1128 4141 timor
1158 4089 1261 4146 invasit,
1275 4085 1343 4148 quod
1368 4085 1458 4136 ducem
1477 4098 1525 4135 non
1547 4083 1651 4148 amplius
1678 4087 1720 4136 vi·

941 4184 1046 4246 debant,
1072 4186 1205 4233 eteorum
1228 4180 1344 4229 dextrum
1370 4191 1448 4228 cornu
1466 4179 1492 4228 in
1518 4178 1600 4241 lugam
1622 4190 1720 4226 versum

941 4282 987 4330 est.
1019 4277 1069 4335 Qui
1082 4289 1141 4326 vero
1163 4277 1189 4326 in
1201 4274 1265 4324 levo
1288 4288 1344 4324 eum
1361 4274 1415 4338 ipso
1431 4275 1573 4322 Lucumone
1589 4273 1719 4327 stetemnt,

941 4372 1092 4437 aliquamdiu
1102 4371 1219 4421 hostibus
1238 4371 1399 4431 restiterunt,
1418 4367 1485 4432 quod
1504 4368 1615 4432 ipsorum
1626 4366 1720 4415 animos

941 4466 1098 4518 confirmaret
1119 4462 1169 4514 dux
1182 4464 1257 4514 rebus
1276 4461 1372 4512 bellicis
1392 4461 1553 4520 clarissimus,
1566 4459 1611 4522 qui
1626 4459 1651 4508 in
1675 4458 1720 4505 Ιιοο

942 4560 1028 4625 proelio
1050 4557 1155 4623 plurima
1173 4555 1268 4620 egregia
1285 4554 1394 4605 facinora
1411 4553 1488 4604 edidit
1505 4571 1512 4602 ε
1532 4555 1660 4615 postquam
1674 4563 1721 4597 au·

941 4660 992 4708 tem
1009 4656 1100 4720 etipse
1116 4667 1160 4718 per
1174 4653 1241 4703 latus
1259 4651 1308 4716 pilo
1323 4649 1455 4711 traiectus,
1478 4647 1572 4698 viribus
1587 4645 1636 4693 tam
1659 4642 1719 4691 deti·

943 4753 1063 4804 cientibus
1072 4750 1170 4813 cecidit,
1183 4765 1214 4800 ne
1227 4750 1274 4813 ipsi
1286 4749 1386 4813 quidem
1398 4751 1427 4798 in
1437 4759 1530 4812 ραροο
1544 4740 1720 4804 perstiteruntt

941 4857 1026 4916 itaque
1038 4856 1125 4918 postea
1140 4864 1226 4902 omnes
1244 4850 1269 4900 in
1282 4850 1365 4913 lugam
1382 4851 1440 4896 sunt
1456 4843 1530 4903 versi,
1545 4843 1569 4888 et
1581 4834 1665 4886 Sabini
1680 4850 1723 4884 au-

942 4945 1028 4996 dacter
1045 4959 1087 4995 eos
1099 4958 1178 5007 usquo
1192 4943 1224 4992 ad
1246 4942 1332 4991 urbem
1346 4935 1469 5003 persecuti
1487 4935 1553 4983 sunl.
1577 4931 1639 4978 Cum
1660 4940 1721 4977 sero

943 5035 993 5091 lam
1009 5040 1041 5090 ad
1057 5043 1141 5104 portas
1159 5036 1321 5095 accederent,
1337 5032 1428 5096 repulsi
1449 5030 1506 5079 sunt
1519 5026 1659 5085 iuventute,
1681 5022 1723 5073 cui

943 5146 989 5184 rex
1002 5145 1129 5183 murorum
1143 5129 1280 5180 custodiam
1293 5123 1464 5181 commiserat,
1477 5120 1557 5168 ineos
1574 5115 1669 5167 viribus
1682 5128 1719 5164 re·

945 5225 1060 5275 centibus
1083 5226 1227 5287 erumpente
1251 5221 1381 5272 :etcum
1407 5215 1459 5279 ipse
1479 5224 1579 5278 quoquc
1601 5209 1722 5283 Romulus

1602 5308 1628 5356 7.
