3772 5828
608 334 903 411 ANTIQUITATUM
926 330 1074 391 notiam.
1100 331 1173 392 LlB.
1197 331 1277 392 Vlll.

120 505 133 531 ιι
153 499 228 536 σαντι
251 475 281 534 τδ
295 473 421 538 πεπονθὸς
436 473 533 535 κακῶς.
575 467 643 529 Ὅτι
666 467 693 525 δὲ
716 468 745 525 οὑ
766 463 832 542 μετὰ
850 467 894 523 λο-

122 594 135 620 ιι
152 570 248 645 γισμοῶ
264 563 395 643 σώφρονος
414 559 561 633 ἐξετάζεις,
577 556 620 624 οθς
640 555 786 630 ἀμύνεσθαί
807 552 895 612 τεκαὶ

123 652 135 709 ιί
152 651 324 734 τιμωρεῖσθαί
335 673 376 708 σοι
387 647 527 730 προσήκει,
539 643 598 705 otii
610 645 757 725 μετριάζεις
773 641 834 721 περὶ
850 639 897 711 τήν

122 743 294 820 «ἀνάπραξιν
313 741 360 810 τῆς
380 738 464 808 δίκης,
487 734 588 792 ἀλλ”έν
609 735 646 808 τῷ
660 731 731 809 αὐτῷ
748 733 849 786 τίθεσαι
865 730 899 816 τά

120 859 133 885 ι
149 855 178 890 τε
193 829 299 889 ἀναίτια
312 837 365 891 τοῖς
380 823 471 891 αἰτίοις
487 821 533 882 καλ
548 820 582 880 τδι
596 822 671 897 φίλια
685 827 738 885 τοῖς
752 819 900 893 πολεμίοις,

124 943 136 967 ιι
153 914 249 991 νόμους
270 936 298 971 τε
315 911 394 976 κινεῖς
417 910 518 991 φύσεως
544 908 700 978 ἀκινήτους,
719 907 764 966 καλ
786 907 821 965 sd
835 907 900 988 πρὸς

125 1031 138 1056 ιι
156 1002 215 1069 τοὺς
230 1001 303 1070 θεοὺς
319 998 506 1079 συνταράττεις
521 994 595 1068 ὅσια,
613 997 657 1055 καὶ
673 996 730 1055 οὑδὲ
746 997 856 1056 σεαυτὸν
872 995 899 1064 ἐξ

126 1118 138 1142 ιι
157 1081 194 1149 ῶν
208 1114 237 1150 τε
253 1090 298 1148 καλ
320 1087 390 1154 ὅστις
414 1086 476 1168 ἔφυς
497 1084 538 1145 ίτι
553 1084 699 1162 μέμνησαι,
716 1089 792 1143 τοῦτο
806 1089 900 1143 τεθαυ-

126 1206 139 1231 ι
157 1178 291 1256 μάκαμεν.
345 1174 467 1253 Ἥκομέν
499 1197 528 1233 τι
554 1172 748 1240 ἀποσταλέντες
774 1172 825 1231 ὑπδ
854 1179 900 1232 τού

126 1295 139 1320 ιι
156 1273 242 1327 κοινοῦ
253 1266 375 1347 πρέσὺεις
387 1267 411 1324 cl
422 1263 580 1346 προύχοντες
590 1263 681 1342 ἡλικία
691 1264 743 1321 τῶν
754 1264 900 1342 πατρικίων

125 1384 138 1409 ι
155 1356 200 1416 καλ
224 1356 284 1432 περί
304 1380 333 1414 σε
358 1353 570 1432 προθυμότατοι,
595 1351 760 1429 μεμιγμένην
779 1349 900 1430 φέροντες

125 1472 138 1498 ιι
156 1445 334 1520 δικαιολογίαν
358 1444 534 1524 παραιτήσει,
556 1440 603 1500 καλ
624 1443 664 1521 ἐφ’
678 1431 716 1507 οἷς
731 1439 851 1518 ἀξιοῦμέν
871 1464 901 1501 σε

125 1560 137 1586 ιι
156 1535 327 1594 διαλύσασθαι
338 1531 384 1604 τήν
394 1532 489 1612 ἔχθραν
498 1531 563 1612 πρδς
571 1530 615 1590 τ’·ον
625 1531 708 1607 δῆμον
720 1529 901 1606 ἀπαγγελούν-

126 1646 139 1672 ιι
157 1644 206 1687 τες·
222 1621 287 1701 πρὸς
310 1619 337 1678 δὲ
352 1618 467 1691 τούτοις,
491 1617 508 1675 ἀ
534 1617 674 1694 νομίζομεν
691 1605 757 1675 εἶναι
771 1614 901 1674 κάλλιστα

128 1735 140 1761 ιι
157 1711 203 1769 καὶ
218 1706 412 1790 συμφορώτατά
428 1729 486 1780 σοι,
503 1711 588 1766 ταῦτα
601 1703 813 1784 παραινέσοντες.

165 1800 270 1859 lllllv.
296 1824 308 1849 ιι
327 1794 443 1877 Ἀρχίεω
464 1794 520 1854 δέὺ
542 1792 603 1874 περὶ
625 1796 677 1851 τῶν
694 1791 802 1852 δικαίων
816 1791 901 1871 λόγος.

128 1887 279 1958 «Συνέστη
309 1885 338 1944 rb
367 1883 507 1961 δημοτικὸν
532 1883 575 1940 ἐπί
605 1904 646 1942 σοι
671 1878 829 1960 παροξυνθὲν
852 1879 903 1938 ὑπὸ

129 2000 141 2024 ιι
159 1977 210 2033 τῶν
236 1973 396 2053 δημάρχων,
426 1971 472 2031 καλ
501 1959 563 2041 ἧκον
586 1962 622 2039 bi
646 1967 848 2036 ἀποκτενοῦντές
872 1992 902 2028 σε

130 2089 143 2114 ιι
161 2062 265 2142 όίκριτον
280 2054 316 2128 οίς
339 2061 447 2145 φοὺερδς
466 2052 547 2134 ἦσθα.
597 2063 681 2120 Τοῦτο
695 2060 726 2120 τδ
745 2058 820 2139 ἔργον
837 2061 904 2119 lxo)-

66 2196 68 2200 »
130 2177 143 2203 ιι
160 2151 277 2230 λύσαμεν
292 2156 367 2228 ἡμεῖς
381 2154 404 2209 oi
417 2154 446 2210 ίκ
459 2156 504 2209 τοὺ
518 2149 667 2228 συνεδρίου,
678 2145 724 2205 καί
733 2144 904 2228 παρέσχομέν

129 2266 141 2291 ιι
159 2263 200 2298 σοι
223 2240 306 2317 μηδὲν
328 2239 342 2298 δ
362 2242 400 2316 μή
421 2237 522 2297 δίκαιον
551 2229 582 2310 ήν
599 2236 659 2296 τότε
678 2240 780 2296 παθεῖν.
823 2235 903 2299 Merit

127 2354 140 2380 ιι
157 2334 232 2388 τούτο
255 2326 452 2408 προύκαλοῦντό
467 2349 497 2385 σε
513 2328 537 2383 ci
562 2325 722 2392 κωλυθέντες
743 2325 845 2385 ἀνελεῖν
860 2325 902 2384 tut

127 2441 140 2468 ιι
163 2416 255 2491 δίκην,
271 2415 454 2492 αἰτιασάμενοι
466 2416 594 2493 πονηροὺς
607 2414 666 2470 κατ’
678 2414 763 2471 αὐτῶν
779 2417 862 2472 εἰπεῖν
876 2416 903 2472 ἐν

128 2529 140 2555 ιι
160 2510 193 2581 τῇ
219 2509 300 2584 βουλῇ
317 2505 417 2582 λόγους.
437 2502 601 2578 Ἐνὲστημεν
617 2502 662 2558 καλ
678 2501 742 2581 πρδς
756 2507 848 2573 τοῦτο,
867 2504 903 2569 ῶς

129 2618 142 2644 ιι
160 2583 250 2664 οἶσθα,
264 2592 311 2650 καί
326 2593 374 2649 οὐκ
386 2589 568 2670 ἐπετρέψαμεν
584 2587 643 2647 οὔτε
659 2589 766 2670 γνώμης
782 2590 842 2648 οὗτε
853 2590 901 2651 λό·

129 2706 142 2732 ιι
162 2705 216 2757 γων
239 2679 365 2758 ὑποσχεῖν
382 2701 412 2735 σε
430 2677 514 2744 δίκας.
533 2676 720 2757 Ἀποτυχόντες
736 2677 782 2736 καλ
810 2681 902 2740 τούτου

128 2793 141 2818 ιι
160 2770 334 2834 τελευτῶντες
350 2758 414 2839 ἧκον
434 2768 474 2847 ἐφ’
495 2772 565 2845 ἡμᾶς
581 2766 732 2843 αἰτιώμενοί
745 2791 774 2825 σε
791 2766 835 2826 ἐπὶ
858 2793 903 2828 τν-

128 2882 141 2910 ιι
161 2856 273 2937 ραννίδι.
306 2857 416 2928 Ταύτην
433 2854 509 2921 αὐτὸς
523 2854 665 2932 ὑπέμεινας
688 2857 903 2935 ἀπολογήσασθαι

128 2970 141 2999 ιι
162 2945 211 3018 τήν
228 2948 333 3020 αἰτίαν,
350 2942 442 3017 ἐπειδή
465 2944 594 3022 πάμπολυ
610 2949 718 3024 ἀπεῖχες
740 2949 834 3021 αὐτῆς,
857 2948 904 3006 καὶ

129 3060 142 3086 ιι
159 3035 293 3116 παρέσχες
314 3039 368 3101 τοῖς
383 3035 533 3112 δημοτικοῖς
556 3034 617 3113 περλ
629 3039 740 3093 σεαυτοῦ
756 3033 803 3108 τήν
817 3038 903 3118 ψῆφον

129 3149 142 3176 ιι
160 3124 314 3186 ἀναλαόεῖν.
375 3122 410 3184 Ἦ
433 3121 515 3202 βουλὴ
537 3121 566 3180 δέ
590 3123 635 3182 καλ
662 3121 720 3182 τότε
746 3129 834 3204 παρῆν
857 3124 903 3183 καὶ

128 3237 141 3265 ιι
158 3212 256 3279 πολλθις
284 3213 397 3273 ἐποιεῖτο
426 3210 527 3284 δεήσεις
556 3210 623 3290 ὑπὲρ
647 3218 705 3272 σοῦ.
757 3211 835 3279 Τίνος
859 3204 904 3271 οὖν

129 3324 141 3351 ιι
158 3303 234 3376 ἡμεῖς
252 3301 275 3358 οἱ
295 3299 430 3380 πατρίκιοι
445 3303 498 3359 τῶν
523 3297 733 3375 συμὺεάηκότων
750 3322 792 3359 σοι
814 3303 903 3359 κακῶν

129 3413 142 3439 ιι
160 3388 303 3465 γεγόναμεν
319 3389 414 3461 circem
431 3389 478 3448 καὶ
495 3388 538 3448 διδ
551 3387 578 3446 τί
592 3388 715 3463 πολεμεῖς
735 3394 799 3464 ἡμῖν
814 3390 905 3450 τοσαύ·

71 3496 99 3536 ss
131 3502 144 3526 ιι
163 3499 212 3545 την
229 3476 331 3536 εύνοιαν
346 3476 560 3554 ἀποδειξαμένοις
575 3475 636 3558 περί
648 3500 677 3535 σε
697 3476 767 3536 κατδι
782 3476 826 3536 τδν
844 3479 903 3538 τότε

132 3589 144 3613 ιι
163 3565 268 3642 ἀγῶνας
285 3563 353 3623 illl
369 3564 422 3641 μὴν
438 3565 496 3624 citt
516 3568 546 3625 τὸ
568 3563 709 3641 δημοτικδν
725 3564 797 3622 ἅπαν
813 3566 904 3633 ἐξελα-

133 3678 145 3700 ιι
164 3651 238 3721 θῆναί
247 3675 275 3709 σε
287 3652 444 3730 βουλόμενον
452 3651 559 3733 εὑρέθη·
571 3651 630 3712 δυσλ
641 3658 702 3731 γοῦν
715 3653 811 3734 ψήφοις
821 3654 904 3722 ἑάλως

134 3767 146 3789 ιι
168 3739 337 3817 μόναις,ῶστε
348 3739 406 3799 οὐδὲ
416 3740 515 3807 τούτοις
526 3740 558 3800 διν
573 3741 626 3812 εἴης
638 3742 685 3799 σὺν
696 3740 756 3820 δίκῃ
769 3744 904 3822 πολέμιος,

133 3856 145 3880 ιι
164 3825 228 3887 οίσε
250 3853 319 3895 ωςο

77 3947 102 3988 ιι)
133 3945 144 3969 ιι
163 3919 186 3976 εί
203 3917 303 3995 βούλει,
326 3927 393 3979 πᾶσι
409 3917 456 3995 μὲν
473 3926 525 3985 τοῖς
547 3919 674 3995 δημόταις
691 3918 783 3991 δόξαν,
805 3921 853 4001 ύλῃ
877 3920 905 3979 δέ

133 4035 145 4058 ιι
164 4032 197 4086 τη
211 4011 293 4085 βουλῇ
308 4007 387 4087 φανέν
402 4005 485 4086 ταύτῃ
496 4007 649 4088 χρήσασθαί
666 4032 695 4067 σε
715 4015 748 4091 τῇ
766 4019 904 4092 συμφορᾷ,

134 4123 145 4147 ιι
165 4094 210 4154 καλ
227 4096 326 4154 δίκαιον
343 4085 410 4154 εἶναί
424 4118 471 4155 σου
485 4095 515 4155 τδ
529 4095 593 4176 πρὸς
605 4096 723 4165 ἅπαντας
738 4103 809 4176 ἡμᾶς
822 4108 905 4177 μῖσος.

133 4211 145 4236 ιι
170 4186 228 4241 ἀλλ’
248 4186 275 4241 αἱ
290 4183 411 4261 γυναῖκές
432 4207 476 4258 σε,
496 4173 518 4242 ἀν
541 4185 664 4267 Μάρκιε,
690 4184 715 4243 τί
739 4187 822 4246 δεινὸν
849 4190 905 4268 aip-

132 4301 145 4326 ιι
162 4273 295 4353 γάσαντο,
312 4276 367 4333 ἀνθ’
390 4272 450 4333 ότου
472 4276 596 4348 πολεμεῖς
619 4276 726 4347 αὗταῖς;
749 4275 827 4335 ποίαν
847 4278 907 4336 ἐπε·

74 4391 101 4429 ςς
132 4389 145 4415 ιι
163 4362 290 4442 νέγκασαι
312 4364 373 4442 περί
400 4367 484 4446 φυγῆς
509 4366 611 4445 ψῆφον,
642 4363 659 4435 ί,
687 4363 759 4431 τίνας
787 4368 907 4425 εἰποῦσαι

133 4479 146 4504 ιι
165 4451 232 4511 κατδι
251 4458 298 4511 σού
313 4451 442 4534 πονηροὺς
461 4452 568 4532 λόγους;
586 4453 611 4511 τί
627 4451 655 4511 δέ
670 4456 694 4512 οἱ
717 4456 808 4522 παῖδες
831 4458 907 4531 ἡμῶν

134 4568 146 4593 ιι
164 4541 309 4619 δράσαντες
330 4541 347 4615 ἢ
370 4541 548 4615 διανοηθέντες
569 4543 734 4622 ἀδικεῖνπερλ
749 4548 796 4602 σού
817 4544 908 4603 κινδυ-

135 4656 147 4680 ιι
165 4630 281 4689 νεύουσιν
298 4632 362 4711 ὑπὲρ
391 4632 579 4713 αἰχμαλωσίας
606 4631 652 4691 καλ
680 4635 731 4702 τῶν
759 4632 864 4710 ἄλλων,
891 4634 908 4692 ἃ

136 4744 149 4769 ιι
167 4723 259 4777 παθεῖν
270 4719 362 4788 αὐτοὺς
374 4724 454 4794 εἰκὸς,
465 4722 510 4781 ἐάν
526 4720 629 4793 ήπολις
640 4717 801 4802 ὑλῷςθίντά
819 4722 909 4782 δίκαια

75 4835 103 4875 ω
137 4832 149 4859 ιι
171 4807 287 4886 διαιτᾷς,
306 4798 329 4868 ῶ
341 4809 463 4891 Μάρκιε,
476 4810 556 4869 καὶεί
570 4813 661 4869 τοῦτον
676 4808 724 4868 οίει
737 4813 789 4870 δεῖν
800 4811 844 4872 τὸν
852 4813 910 4893 τρό-

135 4922 149 4948 ιι
167 4916 216 4952 πον
230 4900 264 4953 rb
280 4895 389 4957 ὑπαίτια
403 4899 449 4958 καὶ
463 4900 545 4979 έχθρλι
570 4897 674 4977 μισεῖν,
687 4896 755 4958 ὥστε
770 4898 838 4977 μηδὲ
857 4904 909 4958 τῶν

135 5011 149 5037 ιι
169 4983 294 5042 ἀναιτίων
310 4984 442 5061 φείδεσθαι
458 4987 504 5047 καλ
519 4985 627 5068 φιλίων,
647 4987 695 5047 οὐκ
711 4986 762 5068 ἀρα
779 4987 809 5048 τδι
827 5012 909 5069 προσ-

136 5073 264 5146 ιιήκοντα
296 5071 371 5152 ἀνδρὶ
402 5074 493 5155 ἀγαθῷ
521 5082 633 5157 φρονεῖς.
684 5070 745 5135 Ἵνα
770 5075 797 5134 δέ
822 5075 909 5135 πάντα

139 5188 152 5215 ι
169 5163 244 5222 ταῦτ’
260 5164 330 5243 ἀφῶ,
343 5162 372 5218 τί
382 5157 414 5219 δν
427 5159 496 5241 ἔχοις
511 5165 610 5242 εἰπεῖν,
624 5151 646 5223 ῶ
661 5164 726 5245 πρδς
740 5162 817 5238 Διδς,
835 5163 910 5231 εἴτις

1671 341 1730 400 coa

953 482 1053 533 «aquo
1064 483 1118 518 cam
1138 470 1240 533 accepit.
1257 472 1350 518 t'erum
1365 469 1430 519 illud
1449 470 1577 532 miramur,
1596 475 1662 537 quod
1682 491 1731 526 nou

953 579 965 601 ιι
982 561 1050 607 recte
1062 556 1157 606 ratione
1176 571 1220 606 nec
1232 557 1369 621 prudenter
1383 558 1511 622 inquiras,
1525 574 1588 624 quos
1607 563 1691 613 ulcisci
1708 569 1733 614 ct

953 667 966 690 ιι
980 659 1045 710 quos
1059 644 1186 695 vindicare
1201 645 1247 694 tibi
1268 647 1414 705 conveniat,
1428 661 1474 696 nec
1486 647 1588 698 modum
1608 650 1688 700 ullum
1708 653 1732 703 in

954 755 967 779 ιι
986 733 1116 799 exigendis
1132 732 1211 798 poenis
1231 747 1315 784 serves
1335 733 1400 784 :secl
1417 734 1505 784 codem
1531 737 1605 785 modo
1625 738 1734 789 insontes
1769 742 1773 751 '

954 843 967 866 ιι
980 837 1031 888 quo
1046 827 1143 880 sontes.
1158 825 1184 872 et
1199 822 1292 872 amicos
1316 837 1367 887 quo
1387 823 1501 873 inimicos
1522 828 1628 887 tractes,
1649 827 1734 877 immo-

955 930 967 955 ιι
982 910 1095 975 bilesque
1108 914 1205 961 naturae
1215 910 1281 973 leges
1292 910 1385 970 violes,
1404 915 1429 962 et
1442 911 1496 961 iura
1524 912 1611 963 divina
1630 914 1735 965 conlun-

955 1015 968 1042 ιι
982 997 1044 1058 das,
1062 1002 1138 1063 atque
1160 1012 1191 1048 ne
1220 997 1358 1048 recorderis
1383 999 1486 1062 quidem
1508 1001 1659 1065 quibusnam
1684 1004 1736 1067 ipsc

955 1107 968 1131 ι
981 1090 1064 1145 ortus,
1080 1090 1105 1137 et
1119 1087 1234 1152 quisnam
1248 1087 1289 1138 sis.
1304 1090 1336 1138 ut
1348 1102 1393 1138 nos
1402 1105 1416 1139 c
1426 1091 1539 1154 patriciis
1551 1096 1611 1141 natu
1624 1093 1734 1152 inanimi,

957 1194 970 1219 ι
985 1176 1074 1240 tuique
1092 1175 1284 1235 studiosissimi,
1304 1176 1378 1240 legati
1392 1190 1407 1226 a
1421 1180 1546 1243 republica
1559 1181 1690 1242 venimus,
1707 1185 1736 1231 ut

955 1284 967 1306 ι
985 1262 1152 1314 defensionem
1180 1278 1237 1313 cum
1262 1263 1435 1328 deprecatione
1454 1268 1557 1320 mixtam
1584 1268 1734 1331 afferamus,

957 1371 969 1395 ι
984 1355 1013 1402 ut
1026 1352 1170 1402 nuntiemus
1180 1352 1343 1413 conditiones.
1359 1340 1453 1419 quihus
1470 1359 1625 1421 postulemus
1637 1363 1664 1409 ut
1678 1373 1735 1410 cum

956 1459 969 1482 ι
986 1439 1057 1504 plebe
1074 1440 1216 1504 ingratiam
1236 1442 1335 1501 redeas.
1346 1446 1373 1494 et
1390 1446 1511 1508 praeterea
1526 1449 1556 1495 ut
1567 1446 1598 1496 iis
1613 1447 1645 1496 de
1661 1448 1737 1499 rebus

956 1545 969 1569 ι
987 1529 1011 1575 te
1031 1525 1225 1586 admoneamus,
1241 1541 1305 1591 quas
1328 1532 1353 1578 et
1371 1529 1552 1594 pulcherrimas
1572 1545 1626 1582 esse
1641 1533 1736 1597 tibique

958 1633 970 1657 ιι
984 1616 1092 1666 maxime
1106 1616 1243 1667 muducere
1255 1620 1382 1681 putamus.

988 1807 1074 1856 xxiv.
1094 1825 1106 1849 ιι
1121 1808 1156 1855 llo
1166 1807 1274 1870 primum
1291 1807 1393 1872 quidem
1408 1808 1440 1858 de
1451 1809 1505 1860 iure
1518 1811 1593 1860 verba
1607 1811 1736 1864 iaciamus,

960 1915 972 1949 α
987 1897 1142 1962 conspiravit
1154 1899 1179 1949 in
1193 1903 1219 1951 tc
1230 1900 1300 1964 plcbs
1319 1915 1333 1949 a
1344 1900 1451 1951 tribunis
1462 1903 1586 1952 conc-itata
1596 1942 1601 1965 ,
1613 1908 1687 1967 teque
1699 1905 1739 1954 in-

960 2008 972 2038 ιι
986 1991 1131 2042 demnatum
1148 1993 1260 2044 occidere
1272 1995 1354 2044 conati
1368 1997 1435 2054 suut,
1448 1995 1541 2059 quibus
1551 2009 1606 2045 eras
1621 1997 1739 2048 lormida-

960 2105 972 2129 ιι
988 2084 1054 2135 bilis.
1110 2088 1164 2136 Hoc
1183 2101 1215 2137 ne
1237 2087 1323 2147 lieret,
1350 2102 1395 2137 uos
1416 2091 1545 2139 senatores
1564 2090 1737 2154 prohibuimus

961 2197 973 2220 ι
989 2176 1184 2243 dicemusque,
1212 2194 1243 2230 ne
1266 2179 1328 2244 quid
1352 2182 1496 2231 contraius
1521 2187 1581 2233 tuuc
1609 2186 1736 2247 patereris.

961 2290 972 2313 ιι
987 2273 1077 2321 Postea
1093 2272 1116 2322 ei
1129 2271 1175 2336 qui
1186 2275 1212 2321 te
1225 2271 1363 2322 interlicere
1377 2273 1496 2336 prohibiti
1516 2280 1590 2335 suut,
1603 2276 1739 2327 criminan-

962 2366 1028 2414 ιιοε
1047 2367 1073 2414 te
1092 2365 1116 2414 in
1135 2369 1222 2415 senatu
1246 2364 1293 2416 sibi
1312 2365 1484 2424 maledixisse,
1504 2367 1569 2418 diem
1599 2369 1645 2419 tibi
1667 2370 1737 2422 dixe-

961 2476 973 2500 ιι
990 2460 1057 2507 mnt.
1091 2457 1137 2507 llic
1159 2472 1275 2523 quoquo,
1289 2461 1318 2506 ut
1339 2457 1401 2516 scis,
1420 2458 1572 2518 restitimus,
1594 2475 1638 2511 nec
1661 2466 1684 2513 le
1698 2461 1737 2513 vel

961 2567 974 2591 ι
989 2548 1118 2598 scotomiae
1127 2548 1201 2599 dicim
1212 2549 1250 2599 vel
1266 2550 1385 2600 orationis
1398 2548 1491 2600 habitae
1501 2565 1586 2614 poenas
1597 2551 1665 2603 lucre
1674 2555 1740 2617 passi

961 2658 1083 2695 «sumus.
1119 2646 1181 2696 tium
1196 2646 1243 2695 lroc
1254 2660 1355 2711 quoque
1375 2645 1489 2696 frustrati
1506 2645 1626 2708 fuissent,
1640 2649 1739 2700 laudern

961 2757 973 2781 ι
988 2752 1032 2788 nos
1047 2737 1170 2797 adierunt,
1183 2738 1321 2801 tyrannidis
1336 2737 1461 2790 aucense
1476 2739 1569 2790 crimen
1584 2740 1737 2804 objicientes.

962 2849 974 2872 ιι
990 2829 1027 2879 ld
1056 2829 1104 2879 hoc
1133 2830 1226 2880 crimen
1252 2828 1414 2880 refellendum
1439 2831 1493 2894 ipsc
1516 2833 1665 2897 respondere
1691 2849 1739 2886 non

961 2941 973 2964 ιι
986 2920 1124 2979 dubitasti,
1139 2921 1209 2985 quod
1223 2922 1255 2972 ab
1271 2936 1300 2970 ea
1316 2921 1389 2987 culpa
1401 2923 1653 2988 plurimumaberas‚
1669 2932 1696 2978 et
1715 2932 1740 2978 le

961 3029 973 3053 ι
991 3010 1070 3073 plebis
1087 3010 1180 3062 iudicio
1203 3011 1346 3076 permisisti.
1378 3017 1411 3062 at
1432 3017 1493 3062 tuno
1516 3027 1616 3078 quoque
1639 3019 1740 3067 senalus
1771 3069 1772 3073 ,

960 3123 973 3147 ιι
989 3103 1084 3165 adluit,
1104 3108 1130 3156 ct
1146 3109 1190 3155 tua
1203 3119 1291 3155 caussa
1307 3105 1401 3155 mullas
1415 3118 1501 3169 preces
1514 3105 1636 3156 adhibuit.
1649 3108 1740 3158 Cuius-

960 3216 973 3242 ιι
990 3211 1049 3248 nam
1070 3198 1147 3263 igitur
1166 3197 1242 3259 mali,
1262 3197 1330 3262 quod
1353 3197 1398 3247 tibi
1425 3198 1556 3260 acciderit,
1584 3203 1735 3262 nospatricii
1792 3264 1796 3271 Ι

960 3305 973 3329 ιι
991 3291 1107 3337 auctores
1125 3286 1240 3337 fuimus?
1252 3292 1278 3337 et
1294 3301 1397 3338 curuos
1413 3286 1478 3337 bello
1494 3288 1571 3352 petis,
1585 3289 1629 3353 qui
1644 3294 1740 3342 tantem

960 3399 973 3423 ιι
988 3394 1046 3442 erga
1059 3384 1084 3430 te
1100 3380 1298 3431 benevolentiam
1310 3381 1336 3430 iu
1354 3384 1398 3429 lua
1410 3394 1499 3430 caussa
1509 3381 1669 3448 periculoque
1680 3386 1741 3435 tuuc

960 3491 973 3516 ιι
988 3470 1238 3523 demonstravimus?
1255 3473 1307 3523 imo
1326 3486 1357 3523 ne
1379 3472 1476 3536 plebem
1489 3473 1592 3537 quidem
1614 3478 1693 3526 totam
1710 3493 1740 3528 ne

965 3584 977 3608 ι
991 3564 1114 3627 expellere
1126 3565 1234 3616 voluisse
1251 3565 1312 3615 satis
1328 3568 1435 3615 constat.
1448 3565 1552 3616 Duobus
1563 3569 1627 3617 enim
1642 3572 1740 3623 tautum

960 3676 973 3701 ιι
991 3654 1117 3719 suffragiis
1136 3656 1269 3708 damnatus
1285 3656 1363 3708 suisli.
1383 3661 1466 3716 Quare
1479 3672 1510 3708 ne
1524 3658 1563 3708 his
1572 3660 1674 3723 quidem
1687 3661 1740 3714 iure

961 3767 974 3792 ιι
986 3747 1066 3798 hostis
1082 3760 1137 3799 esse
1156 3750 1239 3812 potes,
1263 3749 1308 3814 qui
1326 3752 1350 3799 to
1370 3754 1399 3800 ut
1422 3751 1545 3802 insontem
1566 3751 1738 3806 absolvemnt.

962 3861 974 3885 ι
987 3840 1035 3892 Sed
1058 3839 1180 3892 iaciamus
1190 3879 1197 3901 ,
1209 3840 1231 3891 si
1248 3840 1316 3900 libet,
1338 3845 1362 3891 te
1374 3841 1455 3892 totius
1467 3843 1546 3906 plebis
1558 3847 1584 3893 et
1603 3845 1681 3896 totius
1699 3859 1738 3896 sa-

961 3950 974 3976 ιι
989 3933 1065 3981 natus
1088 3928 1213 3980 communi
1234 3930 1356 3980 sententia
1378 3930 1403 3979 in
1422 3931 1469 3981 boc
1487 3931 1652 3984 intortunium
1675 3936 1739 3986 inci·

961 4039 973 4063 ιι
989 4018 1070 4076 disse,
1088 4021 1114 4069 et
1135 4020 1207 4068 tuum
1227 4017 1252 4067 in
1270 4031 1314 4067 nos
1335 4032 1421 4069 ornnes
1445 4019 1530 4070 odium
1551 4019 1647 4070 iustum
1669 4035 1739 4084 esse;

947 4110 974 4151 χιι
988 4106 1049 4171 quid
1071 4106 1251 4156 mmeudamni
1271 4106 1401 4166 mulieres,
1421 4107 1512 4169 Marci,
1536 4108 1582 4158 tibi
1605 4108 1738 4174 dederunt,

962 4216 974 4238 ιι
990 4200 1018 4245 ut
1036 4195 1130 4246 bellum
1150 4194 1200 4245 illis
1217 4193 1340 4244 inferres?
1361 4194 1428 4260 quod
1450 4194 1598 4260 suffragium
1619 4197 1754 4249 advorsus·

963 4307 974 4330 ιι
991 4290 1016 4336 te
1031 4287 1156 4347 tulerant,
1174 4288 1204 4336 ut
1224 4286 1250 4336 in
1260 4286 1375 4336 exsilium
1395 4287 1539 4351 pelleretis?
1555 4303 1631 4353 quam
1649 4291 1739 4339 rualem

963 4396 975 4418 ι
990 4374 1132 4424 concionem
1146 4373 1268 4424 adversus
1280 4378 1305 4423 te
1318 4373 1458 4424 babuerunt
1470 4378 1481 4424 ‘l
1494 4376 1562 4440 quod
1576 4392 1635 4426 vcro
1646 4378 1741 4426 licinus

964 4461 1112 4512 «iniustum
1133 4461 1210 4511 nostri
1232 4461 1302 4511 liberi
1326 4465 1370 4511 aut
1393 4460 1505 4512 iecerunt
1527 4467 1570 4513 aut
1601 4465 1742 4527 cogitarunt

964 4573 975 4596 ιι
993 4554 1079 4603 contra
1091 4553 1131 4613 te,
1144 4554 1173 4599 ut
1185 4564 1251 4600 nuuc
1264 4551 1313 4600 illis
1326 4550 1453 4602 immineat
1462 4552 1601 4616 periculum
1612 4554 1741 4602 servitutis

964 4663 976 4686 ι
992 4646 1015 4693 ει
1026 4641 1132 4693 aliorum
1151 4640 1274 4690 malorum
1284 4678 1290 4697 ‚
1302 4652 1371 4704 quae,
1391 4643 1411 4690 si
1430 4642 1534 4705 pervim
1550 4641 1610 4690 urbs
1620 4641 1740 4703 rapiatur,

963 4751 976 4775 ιι
994 4745 1036 4782 eos
1055 4743 1172 4796 passuros
1191 4729 1326 4779 verisimile
1346 4731 1405 4778 est?
1423 4733 1477 4779 Non
1500 4733 1567 4779 recto
1586 4729 1675 4784 sentis,
1696 4739 1740 4774 nec

964 4840 977 4865 ι
990 4818 1143 4878 meinimis,
1157 4817 1250 4876 ilarci,
1270 4821 1346 4882 alque
1360 4818 1396 4867 ita
1419 4821 1501 4868 sontes
1516 4821 1542 4867 ct
1555 4817 1667 4865 inimicos
1683 4814 1741 4864 ollio

964 4930 976 4953 ιι
992 4907 1176 4974 persequendos
1188 4921 1281 4966 censes,
1296 4910 1365 4956 utne
1376 4907 1514 4956 insontibus
1528 4902 1628 4966 quidem
1642 4906 1667 4950 ct
1680 4905 1740 4953 arui·

965 4994 1164 5062 comparentur,
1178 5007 1226 5042 uon
1241 4993 1267 5042 id
1282 4993 1390 5056 rogitas,
1409 4991 1477 5056 quod
1491 4988 1571 5036 virum
1590 4986 1683 5036 bonum
1695 4988 1740 5039 dc-

965 5103 978 5126 ι
992 5084 1040 5132 oct.
1078 5080 1127 5131 Sed
1138 5085 1167 5131 ut
1187 5079 1336 5130 haecomnia
1351 5077 1478 5131 omittam,
1493 5071 1570 5136 quid,
1584 5087 1628 5136 per
1645 5078 1738 5131 iorem,

967 5189 978 5219 ι
993 5169 1142 5235 respondere
1163 5183 1263 5234 posses,
1289 5169 1309 5218 si
1320 5165 1376 5231 quis
1393 5168 1418 5215 tc
1437 5164 1601 5225 interrogaret
1614 5184 1620 5212 :
1633 5178 1741 5227 <prienam
