3772 5828
175 276 236 336 550

176 408 293 469 ἀναίτιον
315 406 394 466 αθτδν
417 404 577 483 ἀπέφαινεν,
602 406 673 465 ἀλλά
691 406 737 466 καί
756 410 792 473 ὡς
810 407 954 488 κράτιστον

176 502 276 577 ἀνδρῶν
299 494 333 555 τά
359 495 476 570 πολέμια
499 495 546 554 καλ
572 499 728 575 στρατηγῶν
754 498 955 575 φρονιμώτατον

176 586 340 646 ἐπαινεῖσθαί
350 608 378 644 τι
393 584 582 661 satraparum
596 585 648 643 ὑπὸ
661 585 768 645 πάντων
782 584 865 656 ἠξίου.
880 584 956 662 Ἔφη

176 677 203 735 δὲ
218 679 290 746 δεῖν,
314 678 336 735 ti
354 672 402 753 μέν
419 674 516 751 ἀγαθόν
530 675 630 734 οἴονται
649 675 724 741 τέλος
749 674 885 756 εἰληφέναι
909 675 955 735 τὸν

136 786 144 819 ι
179 764 308 841 πόλεμον,
326 762 484 844 ἀμφοτέροις
499 763 572 842 σφίσι
590 760 638 832 τὴν
657 761 736 842 χάριν
759 764 868 822 εἰδέναι·
888 765 911 822 εί
926 762 955 823 δέ

175 852 306 931 πονηρόν,
318 851 483 932 ἀμφοτέρους
499 854 625 927 ζημιοῦν·
642 850 718 910 κοινά
732 851 784 931 γάρ
806 850 955 920 αὐτοῖςκαὶ

176 942 209 999 τά
226 942 391 1021 ιθοολεύματοι
406 944 450 999 καί
465 940 499 998 τά
515 942 579 1019 ίργα
591 940 637 997 καὶ
651 938 699 1007 τλς
718 943 748 998 ία
758 945 806 999 τοῦ
817 941 954 1017 δαιμονίου

176 1033 259 1139 τύχας
270 1031 419 1141 γεγονέναι.
458 1021 513 1091 Ἶίν
533 1031 556 1088 δ’
569 1030 598 1087 ού
621 1028 698 1104 μόνον
711 1032 726 1087 θ
737 1028 815 1107 λόγος
834 1036 882 1089 τοῦ
902 1033 955 1090 ἀν-

177 1122 253 1199 δρός,
269 1122 338 1180 ἀλλὰ
360 1124 406 1179 καὶ
416 1120 443 1178 θ
463 1120 518 1197 βίος
534 1117 647 1191 πείθων,
670 1117 737 1175 ἐν
719 1140 819 1176 απασιν
842 1118 954 1190 ίξητασ·

177 1206 254 1283 μένος
265 1208 335 1315 ἔργον
337 1234 348 1273 ς
360 1210 476 1283 ἀγαθοῖς.
521 1206 671 1285 Προσην“
646 1226 674 1265 οε
694 1206 811 1282 τούτοις,
834 1205 848 1265 θ
863 1208 954 1265 πλιῖσ·

176 1320 220 1356 τον
242 1298 359 1367 ἐκίνησεν
378 1319 436 1354 οικτ
438 1320 485 1371 ον,
514 1296 599 1375 ὄψεως
623 1317 718 1373 σχημα
742 1294 878 1371 συμπαθὲς
899 1284 953 1354 οἷον

176 1389 237 1465 περὶ
259 1388 307 1443 αύ
299 1408 351 1449 ους
374 1407 459 1449 τους
451 1342 580 1442 τέπονθότ
583 1384 651 1453 αςά,
676 1386 819 1458 μέλλοντας
838 1385 953 1464 πάσχειν

177 1478 210 1533 τὰ
225 1473 296 1533 δεινλι
308 1474 425 1549 γίνεσθαι
440 1474 521 1549 ριλιῐ.
564 1470 647 1531 Ὥστε
668 1470 787 1539 καὶτοὺς
803 1472 952 1554 προσήκον-

176 1585 223 1627 τας
247 1570 300 1626 τοῖς
330 1561 482 1619 ἀπολωλόσι
518 1560 564 1619 καί
592 1560 733 1628 δοκοῦντας
767 1562 952 1628 ἀδιαλλάκτως

176 1650 246 1728 ἔχειν
261 1652 326 1727 πρὸς
340 1648 383 1706 τὸν
398 1647 480 1707 αἴτιόν
498 1670 572 1728 σφισι
585 1651 632 1714 τῆς
647 1662 784 1730 συμφορᾶς
796 1651 953 1729 μαλακωτέ-

177 1763 235 1820 ρους
253 1740 386 1816 γενέσθαι,
411 1738 457 1796 καὶ
472 1738 617 1797 ἀποθέσθαι
641 1738 688 1811 τὴν
715 1739 813 1819 ὀργήν,
837 1743 873 1805 ὡς
890 1740 954 1810 ἐδή-

175 1832 273 1888 λωσαν.
297 1831 482 1889 Ἀναδοθεισῶν
499 1828 550 1908 γάρ
565 1833 617 1889 τῶν
639 1828 734 1909 ψήφων
754 1829 865 1903 οὐδεμία
885 1827 953 1908 φυλὴ

175 1923 221 1976 τού
241 1917 333 1996 ἀνδρὸς
344 1918 558 1998 κατεψηφίσατο.
601 1916 635 1976 ‘0
654 1916 702 1992 μὲν
723 1909 767 1976 σύν
779 1918 823 1974 τὀν
841 1914 952 1995 Σερουί-

175 2009 230 2065 λιον
251 2004 412 2065 καταλαύὼν
433 2006 549 2072 κίνδυνος
563 2006 682 2066 τοιούτου
698 2008 787 2070 τέλους
807 2004 911 2083 ἔτυχεν.

122 2112 150 2151 το
218 2097 348 2155 ΧΧΧΙΧ.
377 2099 417 2153 Ού
437 2098 528 2153 πολλῶ
552 2097 580 2153 δὲ
603 2094 710 2175 ὕστερον
733 2094 822 2174 χρόνῳ
840 2092 953 2173 στρατιά

176 2184 353 2260 Ῥωμαίων
342 2206 365 2240 ε
357 2183 481 2254 τΛθεν
469 2184 821 2266 επι’1υρρηνοθς,αγοντος
843 2182 952 2262 θατέρου

175 2293 226 2325 ων
237 2292 273 2325 ο
264 2268 304 2324 ά
294 2292 343 2323 ὀιι
359 2268 477 2327 Ποπλίου
489 2270 684 2344 Οὖαλερίου.“
662 2268 781 2339 ..υνέστη
792 2268 845 2349 γάρ
856 2263 952 2341 αθθιςη

176 2359 377 2417 Οὐιεντανῶν
364 2357 485 2433 σύναμις,
511 2358 695 2438 προσθεμένων
714 2356 801 2424 αὐτοῖς
820 2357 952 2431 Σαόίνων,

176 2444 200 2504 οἳ
219 2445 282 2512 τίως
294 2448 429 2512 ὀκνοῦντες
446 2448 533 2512 αὐτοῖς
551 2446 713 2525 συνάρασθαι
727 2451 772 2505 τοῦ
787 2445 904 2522 πολέμου
919 2450 954 2513 ὡς

137 2557 149 2591 ο
177 2535 313 2594 ἀδυνάτων
330 2537 484 2616 ἐφιεμένοις,
505 2535 576 2611 τότε,
599 2536 690 2608 tantan
710 2537 758 2606 τήν
776 2560 804 2594 τε
822 2536 952 2607 Μενηνίου

176 2630 259 2705 φυγὴν
275 2630 391 2702 ἔγνωσαν
406 2625 451 2684 καὶ
467 2628 511 2683 τὸν
524 2625 705 2704 ἐπιτειχισμὸν
722 2630 768 2683 τοῦ
780 2624 892 2696 πλησίον
907 2628 953 2694 τῆς

175 2714 286 2791 Ῥὼμης
300 2716 386 2793 όρους,
395 2716 603 2772 τεταπεινῶσθαι
615 2715 770 2790 νομίσαντες
778 2714 824 2781 τάς
833 2737 862 2772 τι
874 2714 952 2773 δυνά-

176 2826 233 2880 μεις
247 2804 292 2869 τάς
305 2802 446 2881 Ῥωμαίων
461 2802 505 2859 καὶ
518 2802 548 2859 τὸ
561 2802 684 2882 φρόνημα
696 2807 743 2872 τῆς
758 2804 859 2868 πολεως
870 2808 950 2874 ἡττῆ·

175 2898 245 2964 σθαι,
254 2892 449 2969 συνελάμόανον
459 2894 511 2957 τοῖς
518 2892 661 2970 Τυρρηνοῖς
672 2892 772 2963 πολλὴν
780 2894 953 2951 ἀποστειλαν·

121 3011 125 3021 ·
174 3003 215 3047 τις
230 2980 349 3056 δύναμιν.
363 2982 398 3037 Οἱ
410 2980 437 3036 δὲ
456 2978 611 3038 Οὐιεντανοὶ
625 3002 658 3056 τη
678 3001 705 3035 τε
716 2976 828 3057 σφετέρᾳ
843 2978 951 3053 δυνάμει

174 3068 373 3136 πεποιθότεςκαὶ
383 3072 415 3146 τῇ
425 3066 648 3127 istimaverunt
660 3065 761 3143 ἡκούσῃ
771 3065 816 3123 καί
824 3063 869 3131 τὰς
877 3064 950 3142 παρὰ

173 3165 224 3220 τῶν
236 3162 321 3218 ἄλλοιν
331 3162 476 3236 Τυρρηνῶν
492 3157 641 3233 ἐπικουρίας
655 3157 845 3232 περιμένοντες,
856 3160 951 3233 προθυ-

175 3252 236 3327 μίαν
250 3248 295 3325 μὲν
306 3239 378 3328 εἶχον
392 3250 434 3306 ἐπὶ
445 3248 491 3319 την
501 3246 609 3322 Ῥώμην
622 3243 738 3302 ἐλαύνειν
747 3248 785 3324 τῷ
797 3244 896 3303 πλείονι
905 3249 951 3315 τῆς

174 3339 300 3419 σφετέρας
313 3346 448 3414 στρατιᾶς,
458 3342 493 3404 ῶς
505 3335 605 3401 οὐδενὸς
621 3335 708 3401 αὐτοῖς
718 3334 799 3411 ὁμόσε
810 3336 949 3416 χωρήσον-

133 3452 145 3487 :J
173 3453 224 3499 τος,
236 3427 304 3486 ἀλλὰ
321 3429 388 3483 δυεῖν
403 3424 552 3495 brittanni,
571 3427 600 3482 ἐκ
615 3424 785 3503 τειχομαχίας
800 3426 951 3500 αἱρήσοντες

170 3512 219 3581 την
245 3510 320 3569 πόλιν
345 3507 362 3578 ἦ
387 3511 458 3583 λιμῶ
483 3507 718 3586 κατεργασόμενοι.
770 3506 894 3591 Ὶίφθασε
920 3512 947 3571 δὲ

170 3600 218 3667 τὴν
235 3598 403 3678 ἐπιχείρησιν
420 3600 534 3656 αὐτῶνθ
555 3598 719 3677 Οὐαλέριος,
740 3603 766 3659 ἓν
782 3592 804 3681 ᾧ
823 3602 861 3659 ἔτι
872 3601 947 3673 ἔμελ-

171 3690 215 3745 λον
230 3689 324 3745 ἐκεῖνοι
341 3686 459 3752 καὶτοὺς
475 3687 658 3764 ὑστερίζοντας
676 3690 835 3767 συμμάχους
850 3688 948 3763 ἀνέμε-

170 3800 229 3848 νον,
244 3776 320 3841 αὐτὸς
337 3775 443 3851 ἀγαγὼν
460 3774 603 3850 Ῥωμαίων
619 3776 667 3846 την
690 3776 834 3855 κρατίστην
859 3777 949 3851 ἀκμὴν

170 3866 215 3922 καὶ
228 3866 258 3922 τὸ
270 3866 344 3941 παρὰ
357 3868 408 3921 τῶν
431 3864 581 3942 συμμάχων
595 3864 775 3940 ἐπικουρικὸν,
791 3866 838 3921 οὐκ
852 3868 881 3923 ἐκ
901 3870 947 3923 τοῦ

170 3959 281 4032 φανεροῦ
304 3953 483 4028 ποιησάμενος
504 3952 551 4022 τὴν
574 3952 674 4024 ἔξοδον,
698 3953 806 4015 ἀλλ’ὡς
828 3953 946 4025 μάλιστα

169 4040 296 4106 λήσεσθαι
322 4040 413 4104 αὐτούς
442 4042 546 4115 ἔμελλε.
602 4037 741 4117 Προελθὼν
768 4039 821 4117 γάρ
846 4042 876 4097 ἐκ
900 4045 946 4113 τῆς

169 4123 279 4199 Ῥώμης
299 4128 358 4206 περὶ
382 4128 469 4198 δείλην
483 4129 576 4207 ἀθρόαν,
590 4128 634 4185 καὶ
648 4126 741 4191 incid<
758 4127 802 4182 τὸν
820 4126 944 4204 Τίόεριν,

170 4216 200 4271 ού
221 4212 325 4290 μακράν
348 4215 472 4294 ἀποσχὼν
491 4222 537 4287 ’.ἧς
554 4218 668 4286 πόλιως,
685 4216 944 4292 κατεστρατοπέδευ-

169 4326 223 4363 σεν.
265 4300 370 4360 νΙ·’,πειτ’
387 4306 538 4375 ἀναστήσας
562 4305 610 4375 τὴν
635 4306 762 4415 στρατιίιγ
779 4304 839 4382 περὶ
863 4305 945 4380 μέσας

168 4393 261 4457 νύκτας
290 4384 392 4468 ἦγεν’
381 4393 526 4471 εντοίχει,
548 4420 627 4453 και
619 4418 680 4471 τριν
705 4418 757 4469 ηιι
747 4418 807 4473 ραν
823 4394 944 4473 γενεσθαι

167 4481 229 4538 θατ’
218 4504 244 4558 ερ
247 4506 268 4536 ιν
282 4503 382 4558 χαρακι
395 4505 467 4537 των
458 4485 521 4538 ὀλε
512 4485 622 4558 ιείιινέ
713 4483 830 4543 Auo
847 4508 928 4562 γαρ
912 4476 943 4542 ἀν

168 4569 285 4647 σττραύπ
270 4592 315 4626 εο
305 4572 353 4675 352,
371 4592 407 4677 μ’·
408 4571 518 4646 ιριςμὲν
531 4508 674 4631 τδΤυύε
624 4596 782 4650 ,resumes
757 4573 901 4652 ’ἔρωθιδὲ
914 4574 943 4631 τὸ

168 4658 305 4730 listinae,
322 4661 350 4715 ού
368 4656 410 4713 διά
425 4681 527 4735 μακροι
543 4662 666 4732 ἀλληλιιν
679 4662 822 4739 ἀπέχοντα.
843 4659 941 4740 Πρώτη

167 4749 194 4806 δὲ
215 4747 391 4829 προσαγαγὼν
409 4746 456 4815 τὴν
477 4744 587 4821 δύναμιν
608 4773 640 4827 τη
656 4748 780 4808 Σαύίνων
798 4772 942 4827 στρατοπε-

167 4836 238 4912 δεία,
255 4832 468 4912 καθυπνωμένων
483 4832 522 4890 ἔτι
539 4840 591 4892 τῶν
608 4838 739 4895 πλείστων
759 4836 804 4894 καὶ
819 4840 941 4911 οὐδεμιᾶς

165 4920 243 4991 οὔσης
268 4926 403 5003 ἀξιολόγου
429 4925 561 5003 φυλακῆς,
585 4916 627 4981 οἶα
648 4929 674 4983 ἐν
697 4923 770 5005 φιλία
785 4946 813 4981 τε
837 4929 871 5003 γῇ
895 4924 939 4982 καὶ

165 5008 234 5066 κατὰ
253 5014 352 5083 πολλὴν
374 5012 519 5094 ὑπεροψίαν
535 5017 587 5070 τῶν
606 5015 741 5088 πολεμίων
758 5014 862 5090 οὐδαμῇ
886 5015 939 5087 ἀγ-

165 5096 345 5175 γελλομένων,
360 5100 385 5165 ἐξ
401 5101 492 5178 ἐφόδου
508 5102 607 5177 γίνεται
620 5102 700 5169 αὐτῆς
714 5100 852 5176 ἐγκρατής.
876 5101 937 5158 Τῶν

700 272 866 336 ΙλλθΧῩΒΙΙ
888 274 1266 341 ΗΑθΙθΑίλΧΑΒΒΕΝΒΙΕ

1011 416 1092 467 mlum
1102 418 1209 469 alienum
1228 432 1285 469 euna
1300 434 1315 468 a
1327 418 1400 484 eulpa
1412 412 1670 484 pronuntiaritssed
1682 425 1758 477 etiarn
1769 433 1793 477 ut

1012 501 1093 553 virum
1111 503 1147 554 rei
1168 503 1284 553 militaris
1296 504 1491 569 peritissimum,
1512 508 1538 556 et
1550 504 1646 557 ducem
1665 509 1795 573 sapientis·

1010 589 1114 649 cinnum,
1135 591 1168 642 ab
1179 592 1296 643 omnibus
1314 592 1411 643 laudari
1432 606 1461 644 ac
1474 592 1595 644 honorari
1616 608 1718 661 mquum
1742 612 1795 651 esse

1010 679 1124 729 censebat
1134 699 1141 740 ;
1151 679 1311 745 addiditque,
1325 681 1346 730 si
1360 680 1513 732 bochellum
1528 680 1641 734 feliciter
1651 687 1795 741 conlectum

1009 768 1189 827 existimarent,
1216 769 1337 819 ambobus
1358 768 1406 819 sibi
1438 770 1546 835 gratiam
1573 770 1733 836 babendum
1756 775 1795 826 sin

1010 854 1149 915 infeliciter,
1160 856 1247 907 ambos
1261 870 1293 907 ea
1303 870 1378 922 aquo
1391 857 1572 910 mulctandos:
1587 874 1649 911 narn
1659 864 1686 912 et
1694 862 1794 913 masilia

1009 948 1035 995 et
1050 943 1132 1005 iacta,
1149 948 1174 995 et
1190 944 1297 995 tortuosa
1311 959 1387 995 casus
1401 946 1449 996 sibi
1465 960 1613 1000 communes
1623 948 1712 1003 luisse.
1745 954 1794 1003 lton

1010 1033 1091 1084 solum
1102 1037 1185 1085 autem
1203 1036 1258 1098 ejus
1269 1034 1357 1093 oratic,
1375 1034 1421 1085 scd
1440 1036 1518 1087 ctiam
1538 1038 1663 1090 omuibus
1682 1040 1708 1090 iu
1722 1042 1794 1093 rebus

1009 1124 1119 1186 spectata
1134 1122 1193 1171 ritca
1206 1122 1331 1187 probitas,
1344 1123 1464 1175 domines
1472 1126 1611 1177 monebata
1627 1128 1718 1181 aderat
1731 1144 1793 1195 pra·

1010 1214 1076 1261 terea
1087 1211 1156 1277 quod
1175 1213 1312 1263 inanimam
1333 1214 1517 1265 miserationem
1538 1216 1695 1279 concitavit,
1711 1221 1793 1270 nultus·

1009 1301 1069 1366 ipsis
1089 1300 1223 1352 aflectibus
1246 1302 1414 1367 respondeus,
1426 1305 1509 1368 qualis
1520 1319 1578 1357 esse
1595 1307 1662 1358 solet
1683 1309 1791 1361 illorum.

1008 1390 1052 1455 qui
1065 1390 1159 1439 atrocia
1180 1390 1245 1441 mals
1260 1392 1299 1441 vet
1311 1393 1364 1456 jam
1381 1393 1491 1457 perpessi
1504 1394 1544 1444 rel
1564 1398 1713 1460 perpessuri
1727 1402 1790 1447 sunl.

1010 1479 1044 1528 ila
1056 1482 1083 1527 ul
1099 1479 1175 1529 etiam
1189 1494 1311 1530 russorum
1328 1481 1475 1541 necessarii,
1494 1482 1540 1547 qui
1564 1483 1739 1548 implacabiles
1757 1486 1793 1536 ri·

1009 1566 1139 1625 debentur,
1159 1568 1255 1618 auctori
1279 1582 1331 1619 sua
1344 1568 1496 1621 calamitatis
1506 1586 1534 1623 sa
1550 1571 1666 1623 mitiores
1691 1578 1793 1638 praesta·

1010 1661 1073 1711 rent,
1086 1658 1198 1722 iramque
1207 1657 1365 1721 deponerent,
1381 1661 1410 1708 ut
1419 1670 1448 1709 rc
1460 1661 1520 1723 ipsu
1529 1658 1694 1711 declararunt
1711 1676 1791 1717 :naun

1009 1745 1102 1810 populo
1116 1745 1141 1794 iu
1157 1744 1277 1807 sutfragia
1297 1746 1380 1805 misso,
1399 1746 1514 1797 omnium
1528 1746 1642 1798 tribuum
1666 1748 1792 1815 suffragiis

1008 1835 1196 1887 estuleolutus.
1230 1836 1372 1887 Periculum
1384 1836 1470 1901 igitur,
1489 1836 1515 1887 in
1536 1836 1606 1902 quod
1619 1839 1744 1891 Servilius
1756 1842 1792 1891 in-

1009 1922 1110 1981 adderet,
1126 1923 1191 1974 burm
1204 1925 1291 1975 babuit
1300 1926 1405 1975 exitum.

1039 2096 1145 2145 llxxll'.
1173 2097 1226 2144 lton
1242 2094 1322 2143 multo
1346 2098 1403 2158 post
1434 2098 1597 2149 Romanorum
1619 2099 1746 2149 exereitus
1763 2099 1788 2147 in

1008 2194 1125 2243 Etruscos
1137 2193 1242 2243 alterius
1256 2193 1366 2243 consulis
1383 2196 1411 2244 Ρ.
1425 2196 1518 2247 Valerii
1528 2196 1603 2247 ductu
1623 2202 1661 2247 cst
1682 2196 1784 2259 protec-

1008 2292 1057 2338 tus.
1091 2290 1262 2341 Rursusenim
1276 2289 1418 2341 veientium
1432 2292 1552 2343 exercitus
1562 2296 1661 2343 mactus
1671 2297 1708 2343 est
1719 2333 1725 2345 .
1738 2294 1782 2343 eui

1007 2388 1090 2439 Sabini
1101 2404 1128 2441 se
1138 2390 1305 2453 adjunxerunt
1316 2390 1369 2453 qui,
1379 2403 1461 2455 quum
1475 2392 1614 2459 aliquandiu
1626 2406 1653 2443 sc
1665 2392 1698 2443 ad
1713 2393 1785 2443 illam

1007 2486 1065 2536 belli
1076 2486 1219 2537 serietatem
1239 2484 1330 2536 addere
1346 2484 1567 2549 resonnidasseut,
1583 2489 1651 2555 qsnod
1674 2490 1711 2540 illi
1732 2504 1785 2551 res,

1006 2584 1122 2648 ‹percelleri
1136 2598 1182 2633 uon
1193 2586 1316 2647 poterant,
1327 2581 1486 2647 affectarent,
1498 2590 1565 2645 tunc,
1575 2600 1654 2652 quum
1662 2588 1787 2650 cognoris·

1007 2687 1059 2733 seut
1074 2683 1215 2733 Menenium
1236 2682 1409 2747 profligatum,
1426 2688 1454 2735 cl
1474 2685 1622 2749 praesidium
1638 2687 1665 2737 in
1677 2688 1787 2752 proximo

1007 2781 1062 2831 urlJi
1078 2785 1163 2831 monte
1175 2780 1357 2831 communitum
1373 2781 1441 2831 vires
1452 2783 1537 2847 populi
1550 2784 1655 2835 llomaui
1669 2784 1782 2841 amictas,

1006 2877 1152 2940 aulnmsque
1167 2877 1221 2939 ejus
1238 2876 1329 2926 tractos
1338 2880 1506 2941 contusosque
1522 2879 1587 2937 rati,
1607 2878 1692 2930 nrissis
1702 2878 1783 2942 mgen-

1007 2973 1073 3023 tibus
1087 2973 1172 3035 eJinis.
1186 2974 1306 3023 Etruscos
1318 2974 1446 3036 juverunt.
1480 2975 1687 3029 l'eicntcsrero.
1699 2976 1784 3026 clauis

1005 3073 1029 3119 ct
1053 3069 1200 3119 SalJimJnJuJ
1223 3070 1300 3134 copiis
1322 3084 1405 3121 recens
1421 3070 1538 3121 adductis
1563 3072 1629 3131 freti,
1658 3076 1785 3125 crateris

1006 3166 1116 3216 Etruscis
1137 3166 1230 3215 utinilia
1258 3169 1442 3228 exspectantes»,
1469 3168 1549 3229 parati
1578 3171 1650 3217 eraut
1683 3171 1783 3218 Romam

1006 3265 1082 3328 ipsam
1097 3268 1179 3327 petere
1197 3278 1253 3312 cum
1274 3266 1367 3328 rJanore
1380 3265 1417 3313 sui
1432 3266 1556 3315 enercitus
1567 3270 1648 3329 parte.
1660 3272 1785 3332 sperantes

1006 3362 1101 3411 uultum
1128 3375 1212 3410 secum
1236 3361 1352 3423 cJJJJgredi
1372 3375 1510 3411 ausurum:
1541 3362 1585 3411 scd
1607 3376 1633 3412 se
1655 3378 1670 3413 e
1691 3364 1785 3415 duobus

1005 3457 1111 3507 atterum
1134 3457 1255 3507 facturos.
1282 3462 1325 3508 anit
1350 3458 1437 3507 urbem
1458 3457 1482 3506 ri
1514 3463 1717 3522 expugnaturos,
1742 3466 1782 3511 aut

1007 3556 1069 3606 tame
1089 3554 1251 3605 conlecturos.
1287 3555 1336 3604 Sul
1353 3555 1468 3604 l'alerius
1490 3568 1577 3604 eorum
1598 3561 1704 3607 conatus
1722 3572 1784 3623 pras-

1004 3654 1081 3711 veuit,
1093 3652 1153 3702 duur
1167 3653 1202 3701 illi
1217 3652 1300 3701 Jscllnuc
1312 3650 1494 3702 esurrctabautur
1504 3654 1529 3701 et
1542 3652 1668 3704 sociorum
1685 3656 1784 3705 taulan-

1006 3753 1068 3802 tiunJ
1082 3753 1175 3802 auxilia
1196 3751 1383 3815 enspeelabaut,
1403 3751 1456 3814 ipse
1468 3764 1525 3801 cum
1539 3752 1678 3803 lectissimo
1692 3758 1782 3806 llorrra·

1003 3864 1041 3899 na·
1052 3848 1193 3911 jnrentntis
1206 3849 1292 3896 nJlJore
1315 3853 1339 3897 et
1351 3849 1473 3899 sociorum
1483 3849 1568 3912 copiis,
1587 3865 1636 3901 non
1648 3854 1731 3917 palam
1741 3851 1781 3904 secl

1003 3961 1078 4010 quam
1091 3945 1258 3994 occultissimo
1278 3947 1368 4008 polerit.
1382 3960 1507 4007 cipressus.
1540 3952 1603 4000 llam
1616 3952 1719 4003 circiter
1733 3966 1784 4003 res·

1004 4043 1127 4106 pentinum
1137 4042 1311 4103 crepusculum
1327 4044 1454 4106 productis·
1467 4059 1499 4095 ex
1516 4046 1578 4097 urbe
1590 4049 1677 4113 copiis,
1692 4054 1717 4101 ei
1732 4054 1781 4101 tra·

1001 4141 1065 4203 jecto
1076 4139 1171 4195 Tiberi,
1185 4153 1232 4188 uon
1247 4141 1333 4202 procul
1347 4142 1378 4191 ab
1392 4142 1454 4194 urbe
1468 4147 1550 4195 castra
1561 4147 1654 4210 posuit.
1689 4148 1783 4198 Deinde

1000 4232 1064 4279 eirea
1088 4233 1193 4281 nJediauJ
1222 4238 1319 4284 noctem
1346 4239 1482 4290 excitatum
1508 4246 1645 4296 exercitum
1670 4249 1783 4303 celeriter

999 4327 1099 4384 «elusim
1117 4330 1155 4385 ct,
1171 4331 1302 4392 autequam
1325 4331 1377 4382 dies
1397 4335 1562 4391 illucesceret,
1581 4339 1658 4389 altera
1676 4343 1783 4394 anstium

1000 4427 1079 4470 eastra
1104 4428 1141 4471 est
1171 4424 1282 4474 adortus.
1320 4429 1378 4476 ltiua
1406 4432 1471 4480 enim
1503 4438 1573 4483 eraut
1603 4441 1686 4487 rastra
1712 4452 1780 4487 seor-

1000 4529 1053 4564 sum
1075 4518 1167 4580 posita,
1188 4533 1231 4566 ms·
1252 4534 1338 4581 mapuo
1364 4522 1493 4575 interuallo
1514 4528 1578 4578 iuter
1600 4543 1627 4578 se
1648 4530 1779 4585 distantia:

999 4639 1047 4672 unna
1057 4626 1233 4679 tltrJJsroJuJJJ,
1245 4624 1323 4673 alleca
1343 4625 1501 4677 Sabinorum.
1536 4627 1584 4677 Sed
1603 4628 1674 4690 prius
1688 4630 1720 4679 ad
1735 4633 1781 4679 Sa·

998 4725 1111 4773 binorum
1134 4727 1214 4770 (nistra
1232 4723 1339 4773 udumtis
1358 4727 1450 4789 copiis,
1472 4742 1549 4790 ‹puum
1572 4727 1675 4790 plurimi
1698 4731 1780 4780 adhuc

997 4840 1082 4875 sonmo
1106 4826 1178 4888 sopiti
1195 4831 1285 4883 esseut,
1309 4828 1429 4892 nullaque
1449 4829 1561 4879 custodia
1582 4832 1645 4881 sutis
1662 4834 1733 4882 lirma
1756 4835 1779 4883 iu

996 4920 1056 4981 ipsis
1076 4919 1164 4967 eastris
1185 4924 1260 4973 essct,
1288 4920 1354 4982 quod
1376 4922 1400 4970 iu
1423 4927 1509 4984 pultato
1533 4938 1592 4986 agro
1611 4925 1673 4974 uilril
1700 4927 1782 4976 uulnus

995 5032 1071 5081 qJJer
1087 5018 1184 5066 bostem
1207 5017 1336 5071 timerent.
1354 5019 1385 5067 ele
1405 5034 1455 5081 quo
1470 5019 1565 5068 nullum
1579 5023 1695 5073 nuJJtinm
1708 5038 1780 5073 ncce-

996 5115 1091 5174 perant.
1114 5111 1152 5159 liis
1173 5110 1252 5172 prium
1279 5110 1373 5172 impetu
1399 5110 1502 5174 poillur.
1538 5112 1573 5161 lbi
1603 5113 1644 5162 alii
1669 5114 1695 5163 iu
1720 5115 1783 5178 ipsis
