3772 5828
209 357 270 419 516

210 490 282 549 οὐδέν
294 488 334 546 ἔτι
343 493 427 546 ποιεῖν
441 477 473 557 ἦν
486 482 607 549 δυνατός·
622 480 725 549 οὐδενός
741 482 793 561 γάρ
807 484 858 540 εῖσι
870 483 922 538 τῶν
940 478 989 548 tto

209 582 257 649 τῆς
270 576 370 641 πόλεως
386 576 410 633 οἱ
424 574 472 644 τὴν
494 571 663 653 δημαρχικὴν
686 571 791 651 ἔχοντες
805 569 923 638 ἐξουσίαν
937 568 990 627 κό-

211 689 278 747 ριοι·
293 668 505 742 περιγέγραπται
521 661 573 739 γδρ
594 663 682 720 αὐτῶν
702 659 733 719 τὸ
754 658 851 738 κράτος
864 665 919 723 τοῖς
932 654 989 713 τεί-

210 778 286 834 χεσι,
297 756 342 813 καί
357 754 411 811 οὐδ’
423 752 619 821 ἀπαυλισθῆναι
629 754 676 821 τῆς
693 749 794 815 πόλεως
810 748 897 812 αὐτοῖς
908 745 990 822 θέμις,

170 858 182 891 ¹·
210 843 250 901 ότι
265 841 304 919 μὴ
319 840 384 920 πρὸς
398 838 445 898 ένα
469 839 576 918 καιρόν,
589 840 616 897 έν
631 828 655 919 ᾧ
676 847 762 896 πᾶσαι
780 838 807 894 αί
821 840 868 907 τῆς
889 833 991 898 πόλεως

211 932 295 1011 ἀρχαὶ
309 928 398 1002 κοινὴν
414 928 479 1008 ὑπὲρ
491 932 537 986 τοῦ
549 926 670 987 Λατίνων
686 926 772 992 έθνους
788 928 825 1003 τῷ
839 916 884 983 Διί
899 921 992 981 θυσίαν

212 1022 257 1079 ἐπὶ
271 1020 302 1079 τὸ
318 1018 449 1079 ’.θλὸανῶν
461 1016 519 1096 όρος
534 1015 736 1075 ἀναύοιίνουσαι.
767 1016 855 1073 Τοῦτο
871 1009 991 1087 διαμένει

212 1110 293 1190 μέχρι
306 1112 358 1168 τῶν
380 1109 439 1167 καθ’
455 1112 526 1185 ἡμᾶς
539 1104 641 1185 χρόνων
656 1104 687 1163 τὸ
701 1104 770 1176 ἔθος,
786 1102 816 1161 τὸ
827 1101 938 1179 μηδενός
953 1090 992 1158 εἷ-

211 1224 256 1259 ναι
274 1202 326 1259 τῶν
350 1197 400 1267 ἔξω
424 1200 471 1267 τῆς
494 1194 596 1261 πόλεως
611 1192 670 1260 τούς
694 1191 848 1271 δημάρχους
873 1190 988 1270 κυρίους.

160 1310 185 1348 ro
213 1290 268 1350 itai
286 1290 318 1359 δέ,
332 1286 377 1345 καί
389 1285 432 1344 τόν
449 1282 576 1364 έμγύλιον
593 1280 738 1359 Ῥωμαίων
753 1280 869 1357 πολεμον
888 1278 933 1337 ε’πί
945 1283 992 1349 τῆς

212 1378 277 1454 lui:
296 1374 414 1446 ἡλικίας,
429 1372 457 1439 te
471 1372 594 1449 μέγιστος
613 1374 667 1429 τῶν
690 1369 742 1448 πρδ
764 1371 844 1428 αὐτοῦ
867 1366 991 1441 πολέμων

212 1462 328 1542 ἐγένετο,
350 1468 368 1534 ί,
391 1460 524 1531 κινήσασα
545 1460 674 1539 πρόφασις
699 1458 743 1517 ἐπί
764 1457 876 1522 πολλαῖς
900 1454 993 1524 άλλαις

213 1552 311 1620 δόξασα
337 1549 433 1627 μείζων
448 1540 515 1609 εἶναι
536 1549 581 1608 καί
607 1551 754 1629 ἀποχρῶσα
779 1549 920 1618 διαστῆσαι
944 1545 991 1617 τὴν

212 1642 289 1699 πόλιν
303 1638 350 1710 ἥδε
365 1631 414 1713 ἦν,
435 1638 476 1697 ότι
499 1640 553 1697 τῶν
576 1637 721 1716 δημάρχων
735 1633 804 1700 τινές
818 1632 991 1703 ἐξεληλάσθαι

212 1734 259 1801 τῆς
277 1730 378 1794 πολεως
403 1725 555 1803 αἰτιώμενοι
577 1725 623 1807 βίη
642 1724 706 1805 πρός
722 1729 768 1783 τοῦ
788 1722 848 1782 τότε
866 1722 993 1803 κατέχον-

212 1839 255 1882 τος
279 1817 314 1874 τθι
332 1814 401 1874 κατὰ
424 1812 471 1886 τὴν
495 1812 613 1873 Ἰταλίαν
640 1813 786 1891 ἡγεμόνος,
812 1809 856 1869 ίνα
883 1810 993 1887 μηδενὸς

213 1894 263 1963 εἶεν
277 1903 315 1963 ἔτι
329 1902 431 1984 κύριοι,
444 1901 488 1961 ἐπὶ
502 1901 546 1960 τὸν
562 1905 634 1984 έντῇ
648 1906 670 1963 Γ
671 1901 768 1981 αλατία
780 1900 814 1959 τδι
827 1900 993 1978 στρατόπεδα

212 1992 375 2073 κατέχοντα,
393 1994 429 2058 ὡς
456 1994 504 2051 οὐκ
519 1990 623 2071 έχοντις
641 1990 700 2049 όποι
720 1988 891 2069 τράπωνται,
915 1989 993 2047 κατέ-

213 2106 304 2161 φυγον.
348 2080 382 2141 ‘0
399 2081 476 2159 δὲτῇ
500 2079 631 2161 προράσει
649 2076 735 2157 ταύτῃ
758 2076 942 2156 χρησάμενος,
956 2080 992 2145 ὡς

159 2222 172 2233 ,
213 2173 284 2250 ἀρχῇ
307 2168 393 2245 δήμου
413 2176 528 2246 παναγεῖ
555 2167 585 2226 τὸ
610 2166 705 2245 κράτος
727 2162 897 2246 ἀφαιρεθείσῃ
918 2167 991 2248 παρά

213 2260 272 2324 τοὺς
286 2258 377 2334 όρκους
401 2260 453 2315 τῶν
473 2255 608 2335 προγόνων
622 2254 700 2321 θσίως
722 2254 768 2311 καλ
790 2251 837 2311 οὐν
853 2252 913 2329 δίκη
930 2257 993 2331 βοη-

213 2348 280 2419 θῶν,
295 2346 371 2412 αὐτός
391 2370 420 2405 τε
444 2344 491 2406 σὺν
517 2349 570 2413 τοῖς
594 2345 684 2411 ὅπλοις
703 2333 780 2414 ἦλθεν
800 2344 837 2409 εἰς
852 2341 901 2413 τὴν
915 2342 992 2403 πόλιν

212 2433 258 2491 καί
271 2428 333 2501 τούς
343 2433 437 2513 ἄνδρας
452 2434 496 2493 ἐπὶ
510 2434 558 2507 vlu
577 2432 662 2512 ἀρχὴν
683 2431 829 2509 κατήγαγε.

252 2525 442 2585 Lxxxi'ltt.
465 2524 533 2583 Τότε
547 2522 574 2581 δέ
592 2545 637 2581 ουν
651 2522 675 2581 ol
692 2519 808 2597 δημόται
825 2521 873 2591 τῆς
886 2518 993 2598 δημαρ-

212 2615 291 2692 χικῆς
315 2612 432 2681 ἐξουσίας
456 2612 529 2672 οὐδὲν
549 2610 725 2677 ἀπολαύοντες
740 2614 844 2689 ὑφεῖντο
861 2613 907 2669 τοῦ
928 2610 992 2689 θρά·

214 2723 288 2773 σους,
319 2702 364 2760 καί
394 2702 545 2780 προσιόντες
574 2704 628 2768 τοῖς
654 2699 700 2759 έπί
726 2702 775 2770 τῆς
805 2698 993 2777 στρατολογίας

214 2793 382 2868 τεταγμένοις
401 2792 445 2851 τόν
471 2792 540 2873 ίερδν
566 2792 644 2874 ὅρκον
659 2791 785 2866 ὤμνυσαν
808 2789 854 2846 καί
874 2788 926 2848 bero
947 2788 993 2856 τδις

214 2876 331 2952 σημαίας
353 2879 558 2957 κατεγράφοντο.
615 2878 692 2939 Ἐπεὶ
708 2877 736 2936 δὲ
756 2877 786 2937 τὸ
802 2878 919 2945 literni<
940 2880 991 2935 τῶν

214 2963 300 3044 λόχων
327 2963 514 3045 ἐξεπληρώθη,
541 2965 755 3044 διεκληρώσαντο
786 2965 832 3031 τδις
853 2964 993 3041 ἡγεμονίας

215 3058 266 3111 τῶν
281 3055 464 3132 στρατοπέδων
487 3057 510 3112 oi
533 3052 643 3112 ὕπατοι·
659 3052 734 3111 καλό
756 3051 804 3124 μὲν
819 3052 924 3118 ditare
945 3052 993 3123 τήν

214 3140 258 3200 ἐπὶ
278 3148 311 3222 τῇ
334 3141 440 3222 βοηθείᾳ
453 3145 504 3200 τῶν
529 3142 679 3220 συμμάχων
695 3140 894 3198 ἀποσταλεῖσαν
913 3139 992 3198 δόνα-

214 3253 259 3303 μιν
274 3229 493 3309 παρελάμθανεν,
509 3234 522 3289 ὁ
536 3230 564 3290 δὲ
582 3228 731 3309 Οὐαλέριος
752 3228 799 3298 την
820 3230 846 3285 έν
860 3228 993 3289 Οὐυλυύσ-

214 3342 270 3385 καις
293 3318 551 3397 στρατοπεδεύουσαν
575 3320 647 3398 ἄγων
671 3317 731 3386 τούς
756 3315 849 3376 νεωστί
864 3340 995 3399 καταγρα·

215 3406 321 3486 φέντας.
365 3411 486 3467 Modoura
506 3407 533 3466 δὲ
547 3407 595 3480 τλν
609 3410 758 3489 παρουσίαν
779 3412 858 3469 αὐτοῦ
877 3411 929 3478 τοῖς
947 3435 995 3471 πο·

216 3498 316 3574 λεμίοις
336 3497 420 3554 ἐδόκει
445 3498 571 3577 στρατιάν
593 3523 621 3556 τε
646 3498 737 3578 ἑτέραν
755 3500 990 3577 μεταπέμπεσθαι,

214 3585 260 3643 καλ
271 3589 297 3643 έν
311 3585 470 3665 ἰσχυροτέρῳ
481 3585 512 3643 τὸ
527 3589 703 3667 στρατόπεδον
714 3590 876 3661 ποιήσασθαι
890 3588 992 3670 χωρίῳ,

214 3673 355 3749 καίμηδέν
380 3677 409 3732 ἐκ
423 3680 468 3733 τοῦ
496 3681 670 3757 καταρρονεῖν
697 3680 781 3736 αὐτῶν
808 3678 847 3736 ἔτι
866 3678 994 3756 προπετὲς

213 3764 371 3841 κινδύνευμα
386 3767 422 3829 ὡς
434 3763 559 3842 πρότερον
572 3765 721 3842 ὑπομένειν.
766 3765 897 3844 Ἐγεγόνει
910 3772 993 3826 ταῦτα

214 3849 257 3907 διδι
271 3852 388 3930 ταχέων,
403 3853 559 3933 ἀμφοτέροις
574 3876 602 3910 τε
617 3852 737 3931 παρέστη
753 3863 806 3919 τοῖς
816 3854 927 3930 ἡγεμόσι
941 3860 993 3914 τῶν

179 3986 182 3990 .
214 3937 350 4011 δυνάμεων
365 3940 444 4016 ὁμοία
459 3942 519 4020 περὶ
532 3945 577 3999 τοῦ
588 3942 704 4016 πολέμου
718 3940 829 4018 γνώμη,
844 3944 877 4000 τόι
893 3946 991 4004 ἑαυτῶν

215 4024 352 4103 ρυλαίττειν
368 4027 545 4107 ἐρύματα,ε’άν
557 4052 596 4094 τις
607 4028 677 4107 ἐπίῃ,
689 4035 742 4093 τοῖς
754 4028 780 4085 δὲ
792 4033 844 4087 τῶν
859 4032 992 4108 πολεμίων

214 4113 248 4173 ὡς
264 4111 309 4190 βία
328 4114 569 4191 κρατηθησομένοις
590 4116 628 4194 μί,
650 4121 805 4197 ἐπιχειρεῖν.
853 4121 906 4179 Καὶ
920 4124 934 4178 ό
949 4120 992 4179 διδ

215 4196 297 4273 μέσου
312 4201 405 4277 χρόνος
418 4205 465 4260 οὐκ
481 4204 566 4281 ὀλίγος
579 4204 680 4283 ἐγένετο
693 4207 720 4263 έν
737 4206 811 4288 ρόόῳ
826 4210 878 4267 τῶν
895 4212 993 4290 ε’πιχει-

216 4285 316 4366 ρήσεων
331 4290 495 4367 τριθόμενος·
508 4297 537 4353 οὐ
550 4293 639 4369 μέντοι
654 4296 698 4353 καὶ
713 4297 748 4363 εἷς
767 4295 839 4363 τέλος
853 4323 884 4376 γε
900 4300 992 4374 διαμέ-

175 4397 184 4414 ’
215 4399 266 4432 νειν
294 4378 320 4432 ἐν
344 4381 397 4443 τοῖς
428 4381 602 4457 ἐγνωσμένοις
630 4384 803 4456 ἐδυνήθησαν.
813 4382 921 4446 Ὁπότε.
941 4387 991 4468 γὰρ

215 4465 380 4554 ἐπισιτισμοῦ
402 4469 494 4545 χάριν,
515 4470 532 4540 ἢ
556 4475 607 4528 τῶν
636 4474 722 4531 σίλλων
750 4476 905 4546 ἐπιτηδείων
926 4478 992 4544 τινός

214 4555 250 4610 ὡν
267 4553 421 4632 ἅμ’ξθῖἕρθῐς
434 4554 499 4628 ἔδει,
517 4558 596 4637 μοῖρά
614 4584 652 4626 τις
665 4563 827 4634 ἀποσταλείη
849 4571 896 4634 τῆς
908 4589 992 4645 στρα-

213 4649 289 4713 τιᾶς,
315 4640 447 4717 συμόολαί
468 4644 491 4702 τ’
507 4648 590 4705 αὐτῶν
613 4650 727 4728 ἐγίνοντο
751 4651 795 4709 καὶ
814 4653 932 4730 πληγαὶ,
948 4653 992 4710 καί

213 4730 243 4788 τό
259 4739 332 4789 νικᾶν
348 4733 394 4788 οὐκ
411 4731 450 4789 ἀεὶ
466 4735 539 4810 παρὰ
552 4742 605 4802 τοῖς
618 4740 705 4805 αὐτοῖς
717 4738 808 4815 ἔμενε·
824 4741 950 4806 πολλάκις
965 4742 992 4800 δέ

214 4819 436 4896 συμπλεκομένων
459 4823 581 4892 ἀλληλοις
601 4827 764 4899 ἀπέθνησκόν
789 4851 818 4885 τε
842 4831 888 4888 οὐκ
909 4828 991 4905 ὀλίγον

218 4910 263 4965 καί
287 4910 449 4989 τραυματίαι
471 4912 575 4978 πλείους
601 4914 724 4992 ἐγίνοντο.
789 4920 853 4983 Τοῖς
879 4919 926 4994 μὲν
948 4909 992 4976 οὐν

213 4991 356 5071 Ῥωμαίοις
377 5000 407 5058 τό
431 5002 642 5072 ἀπαναλωμένον
665 5008 713 5072 τῆς
736 5014 860 5081 στρατιᾶς
883 5004 991 5080 οὐδεμία

212 5079 311 5139 οἴκοθεν
329 5089 465 5166 ἐπικουρία
479 5089 640 5165 ἐξεπλήρου·
654 5088 685 5145 τό
699 5089 725 5147 δὲ
745 5094 796 5147 τῶν
815 5091 989 5151 Οὐολούσκων

212 5171 387 5248 στρατόπεδον
403 5176 490 5233 άλλων
505 5179 547 5234 ἐπ’
561 5176 650 5241 ἄλλοις
662 5175 781 5246 ἡκόντων
795 5179 896 5251 πολλὴν
910 5178 990 5252 αὔξη·
1018 5183 1022 5197 “

731 345 902 408 DlONYSll
927 340 1303 408 nnttcanrtnssensts

1044 488 1083 537 ert
1092 485 1279 549 circumscripta
1299 483 1397 535 :immo
1414 494 1446 533 ae
1463 484 1614 547 pernoctare
1635 481 1748 546 quidem
1768 490 1839 537 extra

1044 582 1132 633 urbem
1146 582 1207 646 ipris
1222 582 1259 631 lar
1271 582 1323 643 est,
1338 579 1386 631 atri
1398 578 1508 643 quodam
1524 582 1625 631 statuto
1637 584 1775 647 ternpore,
1789 599 1841 649 quo

1044 694 1131 731 omner
1144 681 1228 745 populi
1239 678 1344 729 Romani
1357 678 1517 741 magistratus
1533 677 1560 741 in
1574 678 1671 729 Albano
1686 686 1778 732 monte
1791 698 1839 747 pro

1045 778 1186 828 tatinomrn
1210 780 1283 839 gente
1308 775 1361 825 lori
1388 788 1519 825 commuue
1548 775 1706 829 mendcium
1729 777 1837 832 faciunt.

1046 878 1129 941 Atque
1144 876 1185 925 bie
1198 888 1252 925 runs
1265 873 1298 923 ad
1314 877 1424 924 noctram
1436 886 1516 936 usque
1526 876 1631 925 etatem
1645 883 1797 942 permanet,
1812 890 1837 933 ut

1046 972 1230 1037 tribuniplebis
1249 972 1273 1021 in
1289 984 1334 1031 ea,
1357 980 1415 1033 que
1430 971 1491 1021 ruat
1512 972 1583 1021 extra
1609 970 1718 1036 urbem,
1740 976 1836 1027 aullura

1046 1069 1086 1120 ius
1098 1082 1128 1119 ac
1146 1070 1295 1133 potestatem
1315 1065 1430 1117 babeant.
1471 1067 1618 1125 Quinetiam
1639 1084 1752 1133 cauam,
1767 1088 1832 1139 que.

1046 1170 1136 1231 praeter
1160 1165 1251 1215 multae
1272 1163 1347 1225 alias,
1369 1163 1464 1215 bellum
1486 1164 1559 1217 cirile
1580 1167 1757 1220 Romanorum
1780 1184 1833 1221 mea

1046 1266 1119 1315 relate
1138 1266 1237 1329 geatam
1249 1262 1331 1327 (quod
1348 1261 1396 1312 luit
1407 1261 1518 1313 omnium
1531 1245 1693 1329 superiorum
1709 1268 1829 1319 bellorum

1046 1360 1200 1425 maximum)
1211 1360 1321 1412 manime
1332 1360 1439 1412 moriare
1454 1366 1480 1412 et
1496 1364 1538 1414 rel
1550 1364 1606 1415 sola
1622 1365 1756 1420 civitatem
1770 1368 1831 1420 diri-

1047 1459 1106 1511 dere
1118 1459 1229 1525 potuisse
1248 1458 1301 1509 risa
1312 1461 1361 1521 ert,
1379 1458 1434 1510 baec
1448 1456 1513 1519 luit;
1531 1460 1602 1524 quod
1623 1462 1722 1528 aliquot
1741 1466 1829 1517 tribuni

1047 1558 1141 1624 plebis,
1155 1556 1249 1621 questi,
1270 1572 1298 1608 so
1312 1558 1344 1608 ab
1361 1570 1391 1608 eo
1404 1557 1569 1622 imperatore,
1584 1561 1631 1625 qni
1653 1564 1717 1613 tuae
1735 1564 1829 1613 ltaliam

1048 1657 1165 1720 tenebat,
1183 1656 1244 1707 urbe
1263 1670 1308 1721 per
1331 1657 1383 1706 vira
1399 1655 1501 1720 poleos,
1515 1670 1548 1708 ue
1559 1670 1639 1722 quara
1659 1660 1765 1725 amplius
1783 1675 1829 1724 po-

1048 1758 1163 1804 testatern
1180 1753 1314 1815 baberent,
1327 1753 1360 1804 ad
1378 1754 1552 1819 imperatorem
1563 1756 1609 1820 qui
1624 1756 1652 1807 iu
1665 1736 1743 1808 Gallia
1753 1772 1826 1807 exer·

1048 1852 1112 1902 citur
1126 1851 1244 1913 babebat,
1259 1852 1330 1913 quasi
1352 1864 1401 1900 noa
1414 1840 1550 1913 baberent,
1572 1867 1625 1917 quo
1640 1868 1669 1906 re
1693 1860 1828 1913 uerterent,

1047 1952 1216 2013 confugerant.
1250 1948 1295 1998 llle
1314 1961 1374 1998 rero
1392 1947 1440 1999 bae
1459 1950 1590 2003 ουοααῖυιιο
1611 1966 1689 2016 usur,
1715 1959 1829 2019 unquam

1047 2047 1202 2111 magistratui
1225 2045 1304 2109 plebis
1328 2044 1515 2108 saeratissimo,
1537 2060 1583 2099 aaa
1604 2054 1731 2113 potestate
1745 2056 1831 2102 contra

1047 2147 1170 2198 maiorum
1183 2143 1355 2195 iusiurandum
1367 2145 1482 2209 privato,
1497 2146 1537 2211 pio
1546 2152 1571 2197 et
1586 2146 1652 2197 iuste
1665 2163 1829 2211 succurrens,

1047 2244 1216 2307 climacum
1239 2241 1349 2292 exercitu
1370 2242 1395 2291 in
1415 2242 1508 2295 urbem
1523 2242 1602 2306 veuit,
1624 2245 1652 2295 et
1664 2245 1779 2297 tribunos
1798 2248 1826 2297 in

1047 2342 1217 2407 magistratum
1230 2340 1307 2391 armis
1322 2338 1431 2391 reduxit.

1078 2535 1232 2585 uxxnvtn.
1249 2534 1319 2583 Tunc
1332 2531 1408 2596 igitur
1417 2532 1507 2597 plebeii
1519 2533 1645 2597 nonina.
1657 2550 1737 2600 quara
1749 2537 1828 2590 tribu·

1048 2634 1109 2685 aitia
1126 2636 1249 2699 potestate
1267 2632 1335 2683 nullo
1353 2632 1428 2683 ιιιοθυ
1447 2633 1609 2697 iuvarentur,
1630 2636 1663 2687 de
1674 2637 1780 2689 audacia
1793 2653 1829 2690 re·

1048 2736 1183 2797 minemat;
1202 2738 1229 2786 et
1250 2737 1338 2785 euntes
1359 2733 1392 2784 nd
1415 2747 1472 2795 eoo,
1488 2734 1534 2798 qui
1554 2735 1694 2789 delentibus
1711 2738 1829 2792 iubendis

1050 2836 1186 2902 praeerant,
1204 2833 1304 2884 militari
1320 2837 1478 2885 raemrnento
1495 2848 1524 2886 ee
1535 2835 1727 2890 obstrinxerunt
1741 2844 1767 2890 et
1779 2841 1828 2891 aab

1049 2932 1125 2997 signis
1136 2931 1234 2982 nomina
1248 2930 1378 2981 dedemnt.
1411 2932 1589 2997 Supplemeato
1606 2940 1691 2987 autern
1705 2936 1827 3001 legionum

1049 3031 1202 3095 conscripto,
1214 3031 1328 3081 eonsules
1343 3030 1481 3094 provinciae
1493 3032 1557 3084 inter
1568 3046 1597 3085 ae
1616 3035 1699 3087 sortiti
1710 3041 1768 3087 auat
1782 3051 1829 3089 :ac

1049 3128 1141 3178 Fabius
1159 3127 1259 3189 quidem
1280 3127 1432 3188 exereitum,
1453 3129 1528 3180 sociis
1548 3132 1642 3181 anxilio
1665 3134 1828 3191 missuserat.

1048 3225 1161 3289 aceepit,
1177 3224 1291 3273 i'at‘erins
1303 3238 1362 3274 rero
1376 3239 1446 3286 eum,
1459 3229 1504 3290 qni
1516 3228 1541 3278 in
1551 3229 1649 3280 i'olseis
1659 3234 1743 3282 rastra
1754 3233 1830 3283 babc·

1049 3325 1106 3385 bat,
1124 3335 1172 3372 nna
1194 3335 1252 3371 cnm
1277 3322 1448 3386 supplemento
1471 3325 1545 3375 rrrodo
1567 3328 1720 3393 conscripto.
1751 3330 1830 3381 Cuius

1050 3422 1156 3473 adrontn
1169 3420 1267 3484 cognito
1279 3419 1393 3471 hostibus
1403 3421 1496 3486 placuit
1509 3437 1587 3473 noras
1599 3426 1686 3490 copias
1695 3442 1829 3487 acrersere.

1049 3526 1075 3572 ct
1089 3520 1113 3569 in
1127 3520 1182 3570 loro
1193 3517 1326 3569 munitiore
1344 3522 1426 3571 castra
1446 3521 1550 3584 metari,
1571 3525 1598 3574 et
1613 3536 1713 3588 carere,
1732 3540 1763 3578 ne
1780 3542 1831 3578 am·

1049 3623 1114 3687 plius
1131 3626 1164 3671 ob
1177 3634 1247 3671 suam
1257 3618 1366 3669 bostium
1380 3619 1587 3682 contemptionem
1599 3619 1626 3671 in
1635 3623 1738 3688 aliquod
1751 3629 1829 3677 teme·

1050 3721 1142 3770 rarium
1154 3717 1307 3782 paericulum,
1328 3719 1356 3765 ut
1369 3719 1441 3778 ante,
1457 3714 1601 3767 inciderent.
1640 3720 1702 3769 llaeo
1719 3721 1832 3773 celeriter

1050 3819 1198 3873 fecurunt,
1213 3817 1239 3864 ot
1252 3813 1383 3875 utriusque
1403 3812 1475 3864 ducis
1492 3812 1525 3865 dc
1544 3813 1602 3865 belli
1615 3818 1718 3880 gerendi
1738 3820 1830 3871 ratione

1048 3917 1135 3968 eadem
1151 3914 1199 3963 tnit
1210 3912 1344 3973 sententia,
1367 3911 1481 3963 uidelicet
1497 3916 1525 3965 ut
1539 3928 1598 3966 suas
1610 3919 1764 3970 munitiones
1775 3924 1830 3972 tue·

1048 4021 1141 4079 rentur,
1154 4017 1175 4066 ri
1185 4016 1242 4080 quis
1251 4029 1294 4065 ens
1306 4012 1448 4075 invaderet,
1459 4028 1490 4064 ae
1498 4012 1607 4063 bostium
1616 4019 1790 4073 munitiones.
1803 4019 1831 4067 ut

1048 4129 1090 4166 eas
1103 4129 1145 4178 per
1157 4114 1206 4163 rirn
1222 4115 1405 4177 expugnarent,
1417 4111 1517 4161 minime
1536 4111 1739 4175 aggrederentur.
1775 4117 1831 4172 Quo

1049 4213 1141 4262 laetum
1161 4216 1199 4261 est
1223 4214 1266 4272 nt,
1281 4209 1342 4260 dnm
1362 4212 1439 4261 alteri
1461 4210 1557 4260 alteror
1583 4210 1684 4274 aggredi
1698 4215 1829 4267 nnetuunt,

1048 4311 1142 4360 interea
1155 4324 1203 4358 nnn
1225 4322 1311 4371 parum
1331 4308 1449 4372 temporis
1464 4311 1595 4359 tereretur.
1629 4310 1741 4356 Attamen
1754 4305 1780 4355 in
1799 4322 1830 4357 ca

1048 4408 1168 4457 sententia
1184 4421 1261 4469 usque
1276 4407 1307 4456 ad
1330 4406 1387 4456 belli
1409 4406 1484 4456 tinem
1508 4418 1649 4470 permanere
1668 4418 1717 4452 non
1740 4408 1830 4467 potue·

1047 4508 1113 4553 runt.
1148 4505 1252 4561 Quoties
1264 4504 1329 4554 enim
1342 4509 1386 4553 nui
1400 4504 1581 4555 frumentatum
1601 4506 1643 4552 aut
1661 4500 1692 4550 ad
1705 4502 1770 4553 alias
1790 4519 1832 4555 res

1048 4603 1181 4665 parandas,
1202 4615 1260 4664 qne
1283 4601 1396 4664 utrisque
1410 4576 1555 4652 necessaria
1567 4600 1727 4663 riderentur,
1747 4601 1830 4665 aliqua

1049 4699 1175 4748 exercitus
1197 4712 1254 4761 pars
1276 4698 1432 4751 mittebatur.
1461 4699 1591 4748 condictus
1614 4703 1640 4749 ct
1666 4699 1771 4749 rrrlrrera
1786 4713 1828 4749 se·

1048 4795 1196 4859 quatiantur,
1221 4810 1264 4846 nec
1284 4795 1358 4846 iidem
1388 4810 1483 4859 semper
1502 4796 1633 4846 rictoriarn
1653 4798 1828 4861 reportabant,

1049 4899 1074 4946 ot
1087 4909 1162 4958 qrrrnn
1177 4896 1267 4959 saepius
1281 4896 1497 4960 congrederentur,
1511 4911 1558 4945 non
1578 4898 1651 4960 pauci
1669 4898 1789 4947 radebant
1804 4903 1828 4950 ct

1047 4993 1130 5057 plnres
1153 4993 1337 5043 sauciabantur.
1373 4994 1420 5043 Sed
1441 4996 1542 5043 Romani
1566 4995 1638 5045 noris
1661 4996 1727 5059 copii
1753 4995 1829 5046 ‹lornn

1047 5090 1129 5140 missis
1149 5103 1250 5139 snornrn
1277 5088 1398 5139 iacturam
1423 5092 1534 5154 supplere
1558 5093 1625 5143 baud
1646 5098 1780 5157 poterant:
1805 5100 1829 5144 at

1047 5190 1193 5240 Volscorum
1215 5187 1336 5240 exereitus
1356 5189 1410 5241 aliis
1432 5193 1488 5256 post
1503 5192 1564 5242 alios
1578 5192 1736 5245 venientibus
1756 5194 1829 5245 raldo
