3772 5828
623 343 922 419 nnrroorrnnon
943 343 1092 405 nonan.
1120 343 1192 404 urs.
1216 344 1267 406 nr.

147 479 234 557 ταρῆς
247 499 275 535 τε
289 478 342 535 τῶν
356 474 461 536 οίκείων
476 478 575 558 νεκρῶν
584 477 630 536 καὶ
644 477 785 561 θεραπείας
797 479 849 535 τῶν
863 498 925 535 κεκ·

150 565 272 640 μηκότων
285 565 377 637 ἕνεκα,
396 565 667 645 παρασκευασάμενοι
681 565 715 624 τά
730 568 767 634 είς
785 564 829 625 ab
846 566 925 625 πόλε-

139 656 199 730 Δμον
216 653 373 715 ἐλλείποντα
389 652 481 735 ἑτέραν
505 653 671 732 ἠγωνίσαντο
691 654 781 734 μάχην
804 652 865 732 περὶ
886 658 925 735 τῷ

149 739 292 815 Ῥωμαίων
307 741 418 822 χάρακι.
462 741 665 820 Προσελθοόσης
680 741 731 823 γάρ
747 742 830 815 άλλης
846 741 926 801 δυνά-

103 853 119 890 σ
149 853 218 904 μεως
233 830 286 896 τοῖς
304 829 479 896 Οὐολούσκοις
492 852 521 888 τε
535 829 581 889 καί
596 833 721 896 Αἰκανοῖς
733 832 763 889 ἐκ
779 833 831 890 τῶν
846 827 923 909 πέριξ

147 918 253 998 χωρίον
268 920 298 976 οὐ
310 917 352 977 διὰ
370 921 473 996 μακροῦ
491 916 593 991 όντων,
610 917 731 998 ἐπαρθεὶς
746 922 760 978 ό
777 917 926 998 στρατηγός

150 1009 252 1077 αὐτῶν,
268 1005 307 1064 ότι
326 1004 372 1064 καί
386 1005 582 1067 πενταπλάσιοι
598 1009 650 1065 τῶν
668 1006 803 1083 πολεμίων
821 998 890 1080 ἠσαν
901 1008 926 1066 οἱ

148 1095 278 1173 σρέτεροι,
294 1094 340 1165 τήν
355 1118 383 1153 τε
398 1093 573 1177 παρεμόολήν
590 1097 643 1154 τῶν
662 1094 809 1172 Ῥωμαίων
828 1096 878 1154 οὐκ
898 1097 925 1154 ἐν

148 1184 237 1263 ἐχυρῷ
251 1175 331 1242 ούσαν
344 1186 428 1264 ὀρῶν,
442 1184 584 1261 κράτιστον
600 1182 732 1242 ὖπέλαόεν
749 1174 814 1243 είναι
832 1183 925 1262 καιρθν

107 1288 122 1322 o
147 1264 289 1344 ἐπιχειρεῖν
304 1267 400 1337 αὐτοῖς.
447 1269 620 1347 Ἐνθυμηθείς
633 1268 660 1328 δέ
672 1275 756 1331 ταῦτα
766 1269 826 1351 περί
840 1269 923 1350 μέσας

147 1359 255 1435 νύκτας,
276 1353 325 1440 ἠγε
337 1362 385 1435 τήν
400 1361 512 1441 δύναμιν
534 1360 579 1421 έπί
595 1359 640 1420 τὸν
659 1358 766 1441 χάρακα
789 1364 840 1421 τῶν
854 1361 925 1422 Ῥω-

148 1452 249 1530 μαίων,
264 1450 310 1511 καί
326 1449 416 1532 κύκλῳ
429 1453 591 1532 περιατήσας
606 1450 740 1532 ἐφρούρει,
761 1447 799 1526 μή
821 1450 924 1509 λάθοιεν

148 1541 277 1606 ἀπιόντες.
321 1542 356 1600 Ὁ
375 1540 402 1600 δὲ
417 1537 551 1611 Κοίντιος,
567 1542 603 1607 όις
625 1539 706 1616 έμαθε
723 1541 774 1597 τῶν
790 1538 925 1613 πολεμίων

147 1628 177 1686 τὸ
191 1631 311 1708 πλῆθος,
333 1631 476 1707 ἀγαπητῶς
495 1626 613 1701 ἐδέξατο,
640 1626 687 1688 καί
704 1625 857 1709 περιμείνας
876 1626 925 1695 έως

106 1734 119 1771 s
148 1716 235 1796 ἡμέρα
246 1716 269 1775 τ’
285 1715 387 1795 ἐγένετο
398 1714 444 1775 καλ
457 1713 513 1794 ὥρα
523 1712 673 1787 πληθούσης
684 1714 802 1790 μάλιστα
818 1716 924 1795 άγορᾶς,

147 1804 299 1882 κάμνοντας
324 1804 375 1877 ἠδη
400 1804 459 1873 τοὺς
476 1803 617 1881 πολεμίους
643 1802 796 1880 αἰσθόμενος
820 1803 870 1861 ὑπό
896 1826 924 1862 τε

149 1894 294 1971 ἀγρυπνίας
316 1893 361 1953 καὶ
385 1893 606 1973 οῖκροόολισμῶν,
630 1891 676 1952 καί
693 1896 723 1953 οὐ
739 1889 809 1952 κατὰ
832 1890 925 1972 λάχους

149 1982 202 2041 οὐδ’
218 1984 244 2042 ἐν
266 1980 337 2050 τάξει
351 1984 546 2063 προσάγοντας,
575 1980 644 2040 ἀλλὰ
663 1982 787 2061 πολλαχῇ
810 1981 925 2060 κεχυμέ·

149 2094 205 2137 νους
225 2069 271 2128 καί
287 2068 439 2148 σποράδας,
456 2069 559 2138 ἀνοίξας
577 2067 624 2136 τίις
637 2067 722 2136 πύλας
742 2072 788 2128 τοῦ
804 2067 923 2149 χάρακος

103 2174 121 2212 ιο
149 2157 287 2239 ἐξέδραμεν
307 2157 363 2234 ἅμα
379 2161 432 2224 τοῖς
446 2158 592 2224 ἐπιλέκτοις
611 2159 662 2215 τῶν
689 2154 807 2229 ἱππέων,
830 2157 875 2216 καί
899 2159 923 2217 οί

148 2249 220 2317 πεζοί
236 2249 423 2312 πυκνώσαντες
442 2244 501 2314 τοὺς
520 2246 613 2325 λόχους
634 2244 802 2318 ἠκολούθουν.
847 2248 883 2306 Οἱ
895 2247 922 2306 δέ

149 2340 311 2399 Οὐολοῦσκοι
336 2338 552 2415 καταπλαγέντες
575 2336 661 2393 αὐτῶν
681 2335 712 2394 τό
743 2332 855 2413 θράσος,
878 2336 924 2394 καί

148 2426 177 2485 τὸ
193 2425 303 2504 μανικὸν
317 2429 364 2495 τῆς
385 2424 476 2504 ίρόδου
493 2419 593 2503 βραχὺν
615 2419 791 2501 ἀνασχόμενοι
811 2422 923 2502 χρόνον,

152 2515 342 2595 άνακρούονται
357 2515 403 2576 καί
423 2519 604 2596 ὑποχωροῦσιν
622 2515 674 2575 άπδ
688 2521 732 2575 τοῦ
746 2514 879 2595 χάρακος·
894 2507 925 2588 ἠν

105 2616 117 2650 ⁵
150 2607 202 2683 γάρ
221 2627 259 2670 τις
283 2606 312 2664 οὐ
336 2604 428 2683 πρόσω
449 2611 494 2665 τοῦ
524 2603 702 2686 στρατοπέδου
728 2606 807 2686 λόφος
828 2603 926 2685 ὑψηλὸς

150 2696 271 2762 ἐπιεικῶς
285 2697 340 2763 ἐίς
352 2699 443 2755 τοῦτον
457 2694 658 2774 ἀνατρέχουσιν,
667 2697 702 2761 ὡς
715 2693 925 2771 ἀναπαυσόμενοί

149 2782 172 2839 τ’
196 2774 268 2850 αθθις
291 2783 338 2842 καί
361 2785 397 2851 είς
424 2781 496 2853 τάξιν
517 2780 754 2856 καταστησόμενοι.
801 2780 870 2840 Ἀλλ’
895 2785 924 2841 ού

148 2865 200 2947 γόιρ
227 2867 313 2933 αὐτοῖς
347 2864 477 2943 ἐξεγένετο
502 2865 667 2938 καταστῆναί
693 2889 723 2925 τε
747 2865 793 2926 καί
817 2864 922 2932 toneat<

149 2952 308 3025 όναλαύεῖν,
339 2954 398 3012 ἀλλ’
424 2956 454 3013 ἐκ
481 2953 558 3020 ποδὸς
580 2953 762 3026 ἠκολούθησαν
790 2956 877 3023 αὐτοῖς
900 2956 924 3013 οί

103 3071 122 3109 to
150 3043 270 3119 πολέμιοι
289 3042 466 3114 πιλήσαντες,
487 3045 523 3108 ὡς
539 3040 646 3118 μάλιστ’
668 3032 701 3112 ἠν
723 3041 830 3102 δυνατὸν
843 3087 851 3115 ,
865 3039 925 3110 τοὺς

148 3132 257 3210 λόχους,
282 3128 325 3188 ἵνα
341 3129 379 3207 μή
395 3132 601 3211 καταρραχθῶσι
615 3129 679 3207 πρός
705 3128 812 3196 άναντες
827 3129 923 3210 χωρίον

150 3219 313 3297 βιαζόμενοι,
329 3220 374 3278 καὶ
393 3219 497 3297 γίνεταε
516 3220 599 3296 μέγας
609 3217 681 3298 ἀγὼν
695 3217 740 3277 tart
755 3217 821 3276 πολὺ
847 3217 925 3299 μέρος

147 3312 193 3379 τῆς
214 3307 331 3386 ἡμέρας,
354 3307 441 3387 νεκροί
462 3331 492 3366 τε
516 3308 645 3366 πίπτουσι
660 3307 755 3367 πολλοὶ
770 3309 815 3388 ἀφ’
832 3307 923 3366 έκατέ·

149 3419 212 3475 ρων.
255 3398 311 3457 Καὶ
331 3399 494 3457 Οὐολοῦσκοι
519 3398 614 3469 πλήθει
637 3419 666 3454 τε
682 3394 853 3476 ὑπερέχοντες
879 3394 924 3453 καὶ

103 3512 121 3550 ss
149 3487 178 3544 τό
193 3489 222 3545 ἐκ
237 3493 281 3545 τοῦ
305 3485 385 3546 τόπου
405 3484 610 3567 προσειληφότες
629 3484 762 3565 ἀσφαλές,
785 3483 921 3563 οὐδετέρου

149 3575 248 3633 τούτων
264 3573 336 3633 οὐδὲν
348 3573 445 3653 ἀγαθὸν
462 3572 640 3650 άπήλαυσαν,
654 3573 712 3634 ἀλλ’
725 3572 834 3645 ὑπὸτῆς
849 3571 921 3634 Ῥω·

150 3660 236 3736 μαίων
264 3663 410 3741 προθυμίας
440 3660 487 3719 καὶ
506 3664 600 3744 ἀρετῆς
625 3659 806 3729 έκόιασθέντες
830 3663 873 3720 τόν
896 3684 925 3720 τε

150 3748 227 3830 λόρον
243 3748 359 3817 ἐξέλιπον
374 3751 420 3810 καὶ
433 3749 478 3810 ἐπί
494 3749 537 3811 τόν
550 3750 659 3831 χάρακα
674 3749 811 3832 φεύγοντες
822 3751 845 3806 ot
860 3750 925 3808 πολ-

149 3838 190 3897 λοί
202 3838 376 3910 ἀπέθνησκον.
418 3840 459 3900 Ού
477 3837 528 3920 γάρ
546 3839 637 3899 εἴασαν
653 3840 745 3908 αὐτοὺς
760 3840 784 3897 ot
794 3837 926 3914 Ῥωμαῖοι

103 3952 122 3988 ιιι
150 3927 304 4000 διώκοντες,
320 3930 378 3985 ἀλλ’
400 3930 430 3986 ἐκ
448 3927 527 3995 ποδὸς
541 3927 737 4002 ἠκολούθησαν,
754 3926 799 3986 καί
815 3928 844 3985 οὗ
860 3927 924 4007 πρό·

149 4040 222 4096 τερον
238 4017 422 4095 ἀπετράποντο
441 4016 459 4088 ἠ
480 4015 527 4088 τήν
547 4016 719 4096 παρεμόολήν
746 4019 832 4076 αὐτῶν
854 4019 922 4076 ἑλεῖν

148 4106 217 4166 κατὰ
232 4105 338 4187 κράτος.
383 4107 405 4166 Γ
406 4104 521 4183 ενύμενοι
536 4105 564 4165 δέ
580 4105 713 4183 σωμάτων
728 4130 757 4166 τι
770 4103 923 4186 [ἐγκρατεῖς

148 4195 214 4279 καὶ]
240 4196 289 4255 ὅσα
312 4195 495 4275 ἐγκατελήφθη
514 4198 552 4275 τῷ
574 4194 676 4275 χάρακι
702 4193 749 4254 καί
768 4190 857 4253 ἵππων
879 4191 925 4252 καί

148 4287 238 4345 ὅπλων
252 4283 296 4344 καί
321 4283 468 4364 χρημάτων
492 4283 660 4360 παμπόλλων
685 4281 786 4362 κύριοι,
805 4280 852 4352 τήν
878 4280 925 4358 μέν

103 4401 122 4439 ιε
149 4374 230 4436 νύκτα
258 4373 358 4447 ἐκείνην
382 4372 470 4432 αὐτόθι
496 4370 806 4452 κατεστρατοπέδευσαν·
836 4373 870 4450 τῇ
897 4369 925 4429 δέ

150 4465 259 4545 ἐπιούσῃ
272 4465 376 4546 ἡμέρα,
389 4461 423 4522 τά
438 4464 474 4531 εἰς
493 4459 648 4541 πολιορκίαν
671 4460 808 4533 ἐπιτήδεια
823 4480 925 4539 παρεσ-

150 4554 355 4631 κευασμένος,δ
377 4551 475 4620 ύπατος
500 4550 546 4612 ἐπί
572 4547 620 4623 τήν
645 4547 785 4609 Ἀντιατῶν
799 4548 875 4607 πολιν
896 4546 926 4605 ού

150 4640 233 4697 πλείω
247 4641 397 4722 ἀπέχουσαν
417 4641 559 4723 τριάκοντα
573 4635 689 4697 σταδίων
716 4627 764 4714 ἠγε
780 4634 828 4707 τήν
849 4633 926 4693 δόνα-

151 4749 205 4801 μιν.
260 4727 375 4806 Ἰέτυχον
403 4729 430 4790 δέ
455 4730 574 4809 φυλακῆς
600 4727 676 4785 ἕνεκα
703 4726 755 4793 τοῖς
780 4724 926 4793 Ἀντιάταις

103 4839 123 4874 ιιι
150 4816 273 4874 Αἰκανῶν
296 4839 362 4884 τινες
379 4818 511 4895 ἐπίκουροι
537 4815 666 4895 παρόντες
688 4816 734 4873 καί
751 4813 925 4895 ρυλάττοντες

151 4904 185 4965 τόι
206 4905 301 4983 τείχη,
321 4903 345 4962 οἳ
360 4904 417 4964 τότε
433 4907 565 4973 δείσαντες
586 4904 616 4963 τό
628 4903 771 4979 Ῥωμαίων
792 4902 925 4981 τολμηρὸν

151 4993 323 5072 ἀποδρασμὸν
348 4994 378 5050 ἐκ
400 4997 445 5063 τῆς
463 4995 565 5060 πόλεως
591 4992 752 5073 ἐπεχείρουν
778 4997 919 5054 ποιεῖσθαι.

151 5083 297 5159 Γενομένης
313 5081 339 5140 st
361 5088 415 5148 τοῖς
434 5080 580 5148 Ἀντιάταις
600 5081 735 5161 γνώσεως,
760 5080 922 5155 κωλυόμενοι

151 5172 215 5253 πρός
239 5174 325 5233 αὐτῶν
352 5170 457 5230 ἀπιέναι
482 5168 591 5247 γνώμην
607 5171 740 5229 ἐποιοῦντο
759 5168 922 5247 παραδοῦναι

1698 355 1755 416 571

980 482 1146 536 cadaveribus
1158 485 1353 550 sepeliendiset
1375 471 1476 549 aegrotis
1496 488 1614 539 curandis
1635 497 1759 546 consumti

980 586 1050 644 sunt,
1064 581 1201 646 rebusque,
1214 594 1272 646 quse
1289 581 1320 631 ad
1334 595 1443 645 pugnam
1457 583 1601 633 necessarie
1621 589 1699 644 orant,
1714 602 1759 652 pa-

980 678 1052 741 ratis,
1063 678 1170 729 aiterum
1186 678 1302 744 proelium
1314 693 1392 744 prope
1409 680 1578 730 Romanorum
1591 686 1673 733 castra
1687 698 1759 735 coru·

980 776 1110 827 miserunt.
1142 779 1205 826 Nam
1219 791 1298 841 quum
1315 790 1385 827 novae
1404 776 1483 841 copisa
1498 776 1595 828 volscis
1606 783 1631 829 et
1647 780 1760 846 AEquisa

981 872 1068 923 ricinis
1083 871 1181 937 populis
1193 872 1274 922 missae
1291 876 1388 930 essent,
1410 887 1497 924 eorum
1513 875 1649 940 imperator
1661 878 1758 940 clatus,

979 968 1048 1032 rqcsod
1060 981 1112 1019 sne
1130 969 1207 1033 copiae
1228 969 1361 1034 quintuplo
1375 970 1480 1033 majores
1499 977 1583 1023 essent
1600 988 1677 1039 quarn
1698 975 1758 1026 bos-

981 1063 1050 1122 tites,
1079 1067 1105 1115 ct
1122 1077 1224 1114 cernens
1243 1066 1411 1114 Romanorum
1435 1069 1517 1116 castra
1543 1067 1570 1118 in
1591 1068 1646 1119 loco
1669 1083 1759 1134 pamm

979 1162 1076 1211 munito
1099 1162 1156 1224 sita,
1179 1166 1278 1226 tempus
1304 1176 1345 1212 eos
1364 1161 1493 1213 adoriendi
1515 1167 1756 1229 opportunissimum

979 1258 1087 1322 putarit.
1120 1262 1180 1309 llrec
1193 1262 1277 1309 autem
1297 1258 1419 1308 inanimo
1440 1260 1545 1320 habens,
1568 1263 1634 1314 circa
1649 1263 1758 1316 inediam

981 1358 1078 1406 noctem
1090 1355 1122 1406 ad
1139 1358 1307 1406 Romanorum
1321 1360 1402 1406 caetra
1418 1357 1501 1421 copias
1512 1358 1593 1417 duxit,
1616 1373 1695 1424 caque
1708 1360 1757 1411 cir·

980 1453 1114 1513 cumdata,
1130 1468 1162 1505 ne
1181 1455 1245 1504 clam
1259 1453 1431 1517 discederent,
1454 1456 1619 1508 custodiebat.
1652 1460 1758 1510 Gratum

981 1550 1029 1601 boc
1042 1549 1091 1602 suit
1106 1552 1217 1614 Quintio,
1230 1553 1328 1617 cognita
1348 1553 1459 1604 bostium
1475 1555 1647 1618 multitudine,
1660 1570 1759 1621 exspes·

980 1650 1084 1713 tutoque
1104 1648 1182 1699 donec
1205 1648 1366 1709 illucesceret.
1392 1651 1454 1701 bora
1475 1651 1524 1703 diei
1539 1667 1589 1718 qua
1604 1654 1685 1705 sorum
1696 1656 1760 1707 solet

981 1743 1209 1810 frequentissimum
1236 1759 1303 1808 esse,
1329 1748 1530 1800 animadvertens
1554 1750 1638 1802 bostcs
1658 1753 1710 1816 lam
1731 1758 1757 1804 et

981 1845 1072 1910 vigitiis
1090 1849 1115 1895 et
1130 1844 1317 1896 velitationibus
1335 1844 1465 1910 fatigatos,
1484 1862 1529 1899 uec
1544 1851 1702 1901 centuriatim
1715 1865 1761 1902 nec

981 1939 1110 1992 ordinibus
1123 1941 1251 1992 instructis
1268 1942 1401 2002 accedero,
1416 1943 1460 1992 scd
1483 1943 1584 1995 confuso
1594 1961 1623 1995 ac
1635 1947 1758 2010 sparsim,

981 2039 1074 2102 apertis
1085 2044 1222 2090 castrorum
1237 2040 1321 2103 portis,
1346 2053 1403 2089 curn
1419 2040 1491 2089 lectis
1502 2041 1632 2104 equitibus
1648 2045 1761 2107 eruptio-

981 2148 1037 2185 nem
1058 2135 1084 2185 in
1102 2149 1145 2186 eos
1161 2134 1220 2187 tecit
1239 2138 1285 2186 :et
1298 2137 1393 2200 pedites
1412 2136 1524 2187 densatis
1546 2138 1691 2190 cohortibus
1700 2154 1761 2191 ειειιι

983 2231 1161 2297 sequebantur.
1195 2237 1227 2283 nt
1238 2233 1324 2283 volsci
1336 2248 1422 2284 eorum
1440 2234 1544 2287 audacia
1560 2239 1587 2286 et
1603 2235 1697 2288 furiosa
1711 2238 1761 2289 im-

982 2329 1106 2394 pressione
1125 2330 1213 2389 territi,
1234 2346 1312 2395 quum
1329 2331 1405 2383 breve
1421 2331 1541 2397 temporis
1554 2332 1662 2397 spatium
1675 2348 1760 2385 eorum

981 2429 1103 2492 impeturn
1124 2428 1316 2487 sustinuissent,
1342 2429 1434 2493 repulsi
1457 2435 1517 2481 sunt
1530 2434 1556 2481 et
1576 2447 1591 2482 a
1616 2433 1706 2484 castris
1721 2448 1761 2485 re-

981 2534 1118 2581 cesserunt.
1153 2533 1213 2581 Erat
1233 2536 1316 2582 autem
1339 2546 1387 2582 non
1408 2533 1494 2597 procui
1515 2537 1634 2585 acastris
1658 2536 1761 2600 quidam

981 2627 1096 2679 tumulus
1108 2629 1265 2679 mediocriter
1290 2630 1357 2680 attus
1378 2631 1426 2680 :in
1442 2644 1498 2680 eum
1520 2645 1597 2681 cursu
1611 2645 1638 2681 se
1661 2646 1761 2698 recepe·

982 2728 1049 2785 runt,
1062 2730 1091 2775 ut
1106 2741 1192 2776 rursus
1205 2728 1361 2793 quiescerent
1375 2731 1401 2779 ct
1412 2727 1491 2777 aciem
1508 2742 1567 2778 mot
1581 2703 1758 2782 instaurarent.

981 2824 1032 2876 Sed
1049 2839 1097 2876 non
1112 2825 1181 2875 ticuit
1197 2825 1258 2889 ipsis
1282 2826 1317 2875 tbt
1330 2825 1465 2876 consistere
1476 2828 1503 2876 et
1515 2825 1583 2876 vires
1595 2827 1737 2892 reoottigere
1754 2849 1760 2878 :

981 2922 1066 2972 hostes
1083 2922 1148 2972 enim
1163 2922 1289 2986 evestigio
1299 2936 1342 2973 eos
1354 2922 1434 2973 secuti
1451 2925 1527 2984 sunt,
1550 2922 1661 2974 densatis
1676 2926 1762 2975 robor-

982 3018 1136 3083 tibusquam
1155 3018 1262 3069 maxime.
1289 3018 1340 3069 sieri
1362 3019 1622 3083 poterat',nelocu1n
1642 3020 1760 3071 acclivem

980 3115 1159 3168 adscendentes
1185 3114 1211 3166 vi
1230 3114 1435 3176 deturbarentur;
1452 3118 1626 3180 certatumque
1639 3119 1678 3166 est
1696 3116 1761 3166 acri·

980 3216 1019 3263 ter
1032 3213 1063 3263 ad
1078 3212 1187 3263 multum
1210 3212 1277 3275 diei,
1299 3227 1439 3277 magnaque
1453 3213 1571 3278 utrinque
1593 3213 1674 3264 cedes
1695 3213 1761 3264 tacta

980 3307 1027 3355 est.
1060 3307 1093 3354 Et
1112 3305 1216 3362 volscis,
1233 3305 1291 3355 ticet
1316 3305 1477 3357 multitudine
1502 3306 1643 3370 superiores
1658 3311 1758 3366 essent,

980 3402 1006 3449 et
1027 3400 1075 3449 loci
1090 3403 1180 3449 natura
1205 3399 1394 3462 adiuvarentur,
1420 3406 1503 3451 umen
1528 3405 1647 3452 neutrum
1668 3403 1759 3453 borum

981 3490 1087 3556 protuit;
1105 3493 1149 3542 sed
1164 3495 1332 3542 Romanorum
1352 3493 1481 3544 alacritate
1495 3498 1521 3544 et
1538 3494 1704 3559 virtutcputsi
1717 3499 1758 3545 tu·

981 3589 1077 3640 rnutum
1089 3588 1252 3653 reliquerunt,
1269 3591 1295 3638 et
1312 3587 1386 3638 multi
1397 3587 1455 3653 fuga
1468 3594 1550 3640 castra
1563 3595 1676 3654 petentes
1685 3590 1760 3641 occisi

981 3689 1049 3736 sunt.
1082 3687 1168 3749 Neque
1180 3683 1245 3734 enim
1255 3684 1358 3734 Romani
1373 3698 1416 3734 eos
1428 3685 1547 3750 persequi
1563 3685 1765 3749 desirernat‚sed

980 3795 1023 3832 eos
1034 3798 1049 3833 e
1061 3783 1164 3847 vestigio
1175 3782 1254 3833 secuti
1267 3786 1342 3841 sunt,
1359 3796 1405 3832 uec
1418 3782 1489 3846 prius
1504 3784 1597 3835 reversi
1612 3789 1672 3835 suut
1682 3800 1759 3850 quarn

980 3891 1066 3928 eorum
1078 3880 1160 3926 rastra
1173 3877 1197 3925 ri
1217 3878 1344 3940 ceperunt.
1368 3874 1517 3940 Corporibus
1541 3877 1667 3926 antemio
1688 3891 1759 3928 suam

980 3970 1129 4034 potestatem
1149 3966 1272 4026 redactis,
1294 3979 1351 4031 que
1373 3966 1399 4016 in
1423 3966 1511 4016 eastris
1534 3966 1633 4018 inerant
1655 3968 1757 4029 relicta,

980 4057 1060 4122 equis,
1080 4057 1156 4107 armis
1181 4055 1341 4121 pecuniisque
1361 4054 1492 4120 permultis
1513 4055 1592 4119 potiti,
1608 4055 1677 4106 iilam
1696 4070 1758 4107 noc·

979 4152 1030 4199 tem
1050 4150 1076 4200 in
1099 4149 1149 4200 iltis
1173 4148 1262 4199 castris
1285 4150 1457 4210 transegerunt
1479 4164 1484 4195 ι
1508 4147 1622 4212 sequenti
1642 4160 1702 4199 vero
1717 4148 1759 4200 die

980 4241 1073 4308 paratis
1094 4240 1170 4292 rebus
1192 4238 1307 4290 omnibus
1320 4239 1351 4289 ad
1363 4238 1574 4304 oppugnationem
1595 4241 1757 4303 necessariis,

980 4332 1067 4384 consui
1081 4331 1113 4381 ad
1126 4315 1213 4381 urbem
1225 4330 1367 4389 Antiatum,
1379 4328 1481 4394 triginta
1491 4329 1548 4380 inde
1559 4330 1639 4381 stadia
1646 4345 1696 4380 non
1708 4344 1758 4380 am·

979 4428 1045 4495 plius
1058 4428 1206 4490 distantem,
1219 4428 1304 4492 copias
1315 4426 1394 4477 duxit.
1409 4424 1522 4475 Antiates
1542 4428 1626 4474 autern
1639 4424 1671 4473 ad
1690 4422 1759 4475 urbis

979 4523 1120 4575 custodiam
1150 4521 1253 4587 ejusque
1289 4521 1434 4586 presidium
1471 4519 1594 4585 quosdam
1620 4521 1758 4581 AEquorum

979 4617 1123 4669 auxiliarios
1142 4614 1286 4666 habebant:
1303 4615 1348 4679 qui
1374 4620 1435 4666 tunc
1448 4614 1566 4680 quidem,
1590 4616 1757 4663 Rornanorum

979 4709 1081 4761 audacia
1094 4707 1175 4760 territi
1190 4720 1221 4757 ex
1244 4705 1305 4757 urbc
1324 4705 1454 4770 profugere
1469 4705 1637 4763 conabantur;
1661 4700 1704 4750 scd
1730 4713 1757 4748 re

979 4801 1159 4854 shannatibus
1174 4799 1271 4864 cognita
1283 4803 1309 4849 et
1329 4799 1361 4848 ab
1371 4799 1419 4849 iltis
1433 4799 1501 4850 abire
1519 4794 1651 4862 prohibiti,
1669 4790 1755 4840 urbem

979 4895 1095 4948 Romanis
1114 4891 1308 4944 adventantibus
1324 4891 1415 4941 dedere
1434 4892 1589 4941 statuerunt.
1626 4884 1753 4942 Antiates,

979 4989 1026 5041 boc
1038 5000 1081 5052 per
1093 4985 1211 5036 indicium
1221 4984 1327 5050 coquito,
1339 4981 1444 5045 tempori
1454 4981 1593 5033 cesserunt,
1604 4973 1755 5039 consilioque

979 5097 1036 5134 curn
1047 5081 1095 5133 iliis
1110 5079 1312 5139 communicato,
1326 5075 1414 5126 orbern
1429 5071 1531 5130 Quintio
1546 5069 1696 5120 dediderunt
1715 5069 1755 5120 bis

978 5174 1174 5226 conditionibus:
1191 5177 1218 5224 ut
1228 5171 1301 5237 ιΕηιιί
1316 5171 1417 5231 accepta
1430 5165 1478 5215 trde
1492 5163 1592 5228 publica
1605 5162 1708 5220 abirent,
1729 5167 1753 5209 et
