3772 5828
327 480 781 610 ΔΙΟΝΥΣΙΟΥ

431 713 689 777 λλΕΞλ-ΚΔΡΟΥ

264 897 856 993 ΑΛΙΚΑΡΝΑΣΕΩΣ

260 1087 497 1173 anullino:
525 1104 862 1185 arxarouorms

434 1276 539 1324 AOI'OE
556 1275 689 1325 cuntot.

209 1626 232 1685 l.
256 1626 304 1704 Τῷ
319 1625 346 1682 δὲ
360 1623 427 1702 μετλ
441 1624 547 1692 τούτους
559 1625 610 1684 tm
623 1625 748 1706 διαφορᾶς
758 1624 898 1704 γενομένης
907 1625 946 1703 τῷ

168 1711 245 1793 δήμῳ
258 1714 323 1794 πρὸς
341 1711 388 1784 τὴν
403 1711 500 1790 βουλὴν
518 1712 578 1792 περὶ
600 1714 653 1770 τῶν
679 1713 944 1793 ἀποδειχθησομένων

167 1800 289 1860 ύπάτων·
301 1805 325 1860 ol
340 1798 389 1878 μέν
402 1799 455 1879 γδιρ
469 1799 557 1872 ἠξίουν
573 1801 736 1882 ἀμφοτέρους
752 1803 847 1860 ἐκτῶν
870 1806 945 1883 ἀρισ-

166 1893 328 1969 τοκρατικῶν
352 1888 395 1946 tart
419 1890 468 1960 τὴν
490 1886 575 1968 ἀρχὴν
591 1891 773 1969 προαγαγεῖν,
794 1890 850 1947 ὁδί
865 1891 946 1966 δῆμος

126 2001 140 2038 o
167 1980 197 2037 ἐκ
214 1982 265 2036 τῶν
283 1980 369 2056 troad
384 1974 597 2058 κεχαρισμένων·
613 1976 866 2056 γνωσιμαχήσαντες
882 1976 945 2058 πρὸς

167 2066 314 2137 ἀλλήλους,
327 2070 344 2137 ἡ
358 2066 439 2143 βουλὴ
456 2071 501 2123 καὶ
518 2063 627 2138 δδῆμος
642 2064 716 2129 τέλος
730 2063 885 2123 συνέπεισαν
900 2066 946 2124 ἀλ-

113 2166 117 2173 “
166 2154 262 2225 ληλους
283 2152 327 2234 ἀρ’
344 2153 471 2231 ἑκατέρας
484 2156 530 2222 τῆς
557 2151 661 2230 μερίδος
680 2153 779 2211 ὕπατον
795 2156 946 2231 αἱρεθῆναι·

167 2243 213 2301 καὶ
224 2241 409 2299 ἀποδείκνυται
425 2240 532 2299 Καίσων
546 2239 594 2313 μέν
604 2239 710 2305 bitae<
722 2242 753 2299 τὸ
767 2240 885 2320 δεύτερον
895 2243 947 2302 ὑπὸ

166 2335 214 2402 τῆς
227 2331 339 2409 βουλῆς,
358 2333 372 2388 ὁ
386 2327 429 2386 τὸν
452 2329 568 2388 Κίσσιον
582 2329 627 2388 tart
645 2332 678 2406 τῇ
692 2329 825 2408 τυραννίδι
840 2330 944 2410 κρίνας,

168 2418 281 2497 Σπόριος
301 2418 328 2476 δέ
354 2416 471 2496 Φούριος
494 2416 544 2478 ὑπὸ
564 2420 616 2476 τῶν
641 2419 805 2491 δημοτικῶν,
832 2420 875 2479 ἐπὶ
899 2426 947 2495 τῆς

167 2508 365 2586 έύδομηκοοτῆς
388 2506 433 2564 καὶ
465 2505 589 2582 πέμπτης
618 2506 794 2583 ὀλυμπιάδος,
821 2508 946 2588 ἄρχοντος

166 2596 289 2669 Ἀθήνησι
301 2595 471 2672 Καλλιάδου,
486 2595 545 2654 καθ’
561 2593 589 2652 δν
601 2592 694 2674 χρόνον
706 2595 861 2674 ίστράτευσε
876 2597 946 2679 Ξέρ-

167 2689 210 2761 ξης
224 2687 267 2746 tat
285 2686 333 2759 τλν
348 2685 477 2749 Ἑλλάδα,
533 2683 608 2766 Ἄρτι
627 2685 655 2743 δὲ
677 2685 877 2766 παρειληρότων
897 2689 943 2747 αθ·

166 2781 217 2835 τῶν
239 2773 287 2847 τὴν
309 2774 393 2856 ἀρχὴν
415 2776 535 2836 Λατίνων
558 2797 587 2833 τε
609 2773 735 2854 πρέσάεις
756 2765 820 2845 ἧκον
836 2777 879 2835 ἐπὶ
894 2777 942 2849 την

126 2917 131 2928 ,
168 2867 283 2945 βουλὴν,
300 2863 418 2941 δεόμενοι
430 2864 534 2943 πέμψαι
547 2861 621 2942 σρίσι
642 2861 686 2920 τὸν
705 2860 792 2940 ἕτερον
810 2865 861 2921 τῶν
875 2865 945 2924 ἀποί-

167 2978 218 3013 των
243 2954 310 3032 μετὰ
333 2954 485 3027 δυνάμεως,
500 2950 527 3017 δς
549 2953 597 3009 ούκ
619 2950 690 3009 ε’ἀσει
711 2951 870 3028 προσωτέρω
886 2977 944 3034 χω-

168 3051 219 3122 ρεῖν
233 3042 279 3114 τὴν
297 3043 418 3103 Αἰκανῶν
433 3039 627 3118 καταφρόνησιν
639 3061 646 3072 ·
661 3038 706 3094 καί
719 3038 855 3115 Τυρρηνία
869 3049 944 3101 πᾶσα

166 3133 309 3211 ἠγγέλλετο
334 3131 492 3201 κεκινημένη
521 3126 566 3184 καὶ
590 3130 619 3183 ού
649 3126 692 3183 διά
719 3132 821 3202 μακροῦ
854 3131 945 3206 χωρή-

167 3245 248 3280 σουσα
274 3222 309 3285 είς
338 3218 459 3290 πολεμον.
510 3215 636 3293 Συνήχθη
658 3213 709 3293 γάρ
733 3215 769 3280 είς
790 3213 879 3286 κοινὴν
904 3220 945 3277 έκ-

112 3334 124 3369 a
167 3310 279 3382 κληοίαν
297 3309 326 3367 το
345 3305 427 3370 ἔθνος·
445 3304 490 3362 καί
515 3305 600 3362 πολλὰ
616 3305 780 3363 Οὐιεντανῶν
801 3303 944 3373 δεηθέντων

167 3397 329 3479 συνάρασθαί
343 3419 415 3476 σριτι
429 3401 473 3453 τοῦ
489 3399 558 3452 κατὰ
575 3392 718 3471 Ῥωμαίων
730 3391 856 3469 πολέμου,
872 3394 945 3466 τέλος

166 3491 258 3559 ἐξεῖναι
288 3495 341 3553 τοῖς
372 3484 537 3564 βουλομένοις
563 3485 708 3563 Τυρρηνῶν
747 3481 866 3562 μετέχειν
899 3492 946 3559 τῆς

166 3582 319 3661 στρατείας·
335 3578 379 3637 καί
399 3576 500 3654 ἐγένετο
521 3575 579 3654 χείρ
596 3575 738 3656 ἀξιόμαχος
750 3579 767 3647 ἡ
781 3584 833 3644 τοῖς
850 3580 943 3639 Οὐιεν-

165 3675 252 3737 τανοῖς
267 3669 389 3736 ἑκουσίως
413 3673 457 3725 τοῦ
478 3668 596 3743 πολέμου
622 3670 807 3747 συναιρομένη.
850 3676 942 3733 Ταῦτα

114 3777 140 3816 aa
168 3765 278 3833 periodos
306 3767 360 3824 τοῖς
381 3760 407 3815 ἐν
429 3755 498 3814 τέλει
523 3757 666 3835 Ῥωμαίων
688 3759 757 3828 ἔδοξε
776 3763 901 3841 στρατιάς
915 3787 943 3821 τε

167 3849 343 3927 καταγράρειν
364 3844 489 3913 καὶτοὺς
511 3847 625 3913 θπάτους
652 3847 814 3927 ἀμφοτέρους
835 3851 941 3923 ἐξιέναι,

166 3934 272 4011 τὸνμὲν
288 3940 411 4001 Αἰκανοῖς
429 3958 457 3993 τε
482 3935 669 4011 πολεμήσοντα
692 3936 737 3994 καί
765 3937 888 4003 Λατίνοις
905 3964 942 3998 τι·

167 4022 254 4099 μωρδν
280 4023 419 4098 ἐσόμενον,
443 4025 486 4084 τὸν
510 4024 531 4083 δ’
552 4026 595 4084 tat
614 4024 764 4105 Τυρρηνίας
788 4025 881 4095 ἀξοντοι
895 4027 942 4095 at<

167 4108 298 4183 δυνύμεις.
357 4110 530 4192 Ἀντέπραττε
560 4114 588 4172 δέ
618 4114 681 4195 πρὸς
711 4119 795 4173 ταῦτα
830 4115 943 4196 Σπόριος

112 4219 139 4258 ao
166 4197 285 4270 Ἰκίλιος,
301 4203 353 4256 τῶν
370 4200 516 4281 δημάρχων
532 4194 580 4269 εἷς·
602 4204 647 4261 καί
659 4203 780 4281 συνοίγων
793 4207 829 4271 είς
844 4207 943 4278 ἐκκλη-

167 4289 225 4345 σίαν
240 4288 282 4344 τδν
307 4290 388 4363 δῆμον
406 4292 551 4371 ὁσημέραι,
567 4291 614 4359 τὰς
637 4293 696 4370 περὶ
719 4298 765 4364 τῆς
783 4293 943 4375 κληρουχίας

166 4377 321 4455 ὑποσχέσεις
337 4379 432 4457 ἀπῄτει
455 4381 527 4459 παρὰ
549 4386 596 4452 τῆς
613 4384 722 4460 βουλῆς,
740 4383 785 4441 καί
807 4383 879 4442 οὐδὲν
894 4385 941 4462 ἔφη

166 4464 347 4542 συγχωρήσειν
373 4464 432 4523 οὔτε
457 4471 508 4524 τῶν
533 4470 577 4527 ἐπὶ
600 4470 643 4526 τὸν
668 4470 784 4546 πόλεμον
809 4469 868 4528 οὔτε
891 4472 942 4526 τῶν

166 4554 234 4611 κατὰ
250 4555 326 4609 πόλιν
350 4556 392 4609 ὑπ’
409 4556 488 4624 αὐτῆς
513 4557 697 4637 ψηφιζομένων
726 4561 942 4629 ἐπιτελεσθῆναι,

111 4662 137 4699 ao
166 4645 210 4701 ἐὰν
225 4641 262 4719 μὴ
278 4640 335 4707 τοὺς
352 4642 415 4701 δέκα
433 4644 528 4722 ἀνδρας
546 4646 703 4714 ἀποδείξωσι
718 4651 820 4725 πρῶτον
837 4644 942 4724 δριστδις

164 4737 211 4803 τῆς
226 4733 355 4808 δημοσίας
372 4733 479 4810 χώρας,
494 4733 537 4790 καί
559 4735 664 4794 διελωοι
682 4734 728 4806 τὴν
746 4740 795 4815 γῆν
812 4739 847 4801 ὡς
862 4734 942 4794 ὑπέσ-

164 4844 241 4898 χοντο
256 4827 293 4903 τῷ
309 4822 396 4903 δήμῳ.
430 4821 609 4902 ’λπορουμένῃ
625 4824 652 4882 δὲ
668 4829 700 4903 τῇ
712 4826 794 4903 βουλῇ
813 4825 857 4882 καὶ
872 4826 942 4899 ἀμη-

163 4912 280 4990 χανούσῃ
297 4914 323 4970 τί
336 4913 388 4992 χρὴ
405 4919 497 4983 ποιεῖν,
514 4910 626 4979 Ἄππιος
645 4915 777 4979 Κλαύδιος
789 4912 941 4971 ὑποτίθεται

165 5006 272 5052 σκοπεῖν
295 5002 365 5066 ὅπως
388 5000 560 5072 διαστήσεται
576 4999 610 5058 τδι
624 5005 675 5058 τῶν
692 5002 778 5059 ἀλλων
796 5001 940 5079 δημάρχων

109 5093 137 5131 ⁴0
163 5084 228 5163 πρὸς
241 5087 318 5144 αὐτὸν
328 5133 336 5159 ,
348 5090 478 5146 διδάσκων
491 5089 530 5145 ότι
550 5088 594 5146 τὸν
608 5089 742 5146 κυιλύοντα
760 5089 805 5145 καὶ
817 5089 939 5164 ἐμποδὼν

1212 485 1583 617 DIONYSII

1251 721 1478 783 ntnxnunul
1501 722 1536 784 F.

1024 897 1780 1010 HALICARNASSENSIS

1074 1111 1399 1197 anianensium
1429 1114 1720 1188 uounnauuu

1278 1285 1373 1336 Ltssnn
1386 1287 1501 1338 NONUS.

1035 1645 1056 1694 l.
1069 1643 1186 1709 Sequenti
1201 1656 1265 1694 anno
1275 1642 1398 1696 discordia
1408 1645 1472 1697 inter
1482 1647 1581 1712 plebem
1595 1654 1624 1702 et
1633 1656 1748 1702 senatum
1757 1653 1788 1702 de

1002 1744 1145 1795 consulibus
1159 1744 1272 1795 creandis
1284 1748 1340 1795 orta
1363 1745 1480 1809 (patricii
1496 1748 1563 1798 enim
1585 1752 1724 1816 utrumque
1734 1766 1788 1804 con·

1001 1852 1080 1902 sulem
1091 1866 1123 1902 es
1136 1852 1298 1915 optimatibus
1315 1853 1368 1903 fiori
1380 1853 1515 1917 volebant,
1531 1856 1605 1921 plebs
1620 1872 1682 1909 vero
1698 1874 1730 1910 ex
1745 1875 1790 1925 με·

1000 1957 1127 2022 pularibus
1138 1961 1163 2007 et
1181 1957 1221 2007 sui
1239 1958 1373 2022 studiosis)
1390 1964 1446 2025 post
1462 1963 1563 2012 ructuas
1584 1966 1790 2017 concertationes

1002 2063 1100 2115 tandem
1113 2064 1177 2114 inter
1191 2078 1233 2115 eos
1247 2065 1377 2128 convenit,
1391 2070 1420 2116 ut
1432 2081 1464 2118 ex
1478 2071 1583 2132 utraque
1604 2074 1679 2133 parte
1696 2072 1786 2122 consul

1001 2176 1128 2223 crearetur
1143 2174 1289 2240 :creatique
1311 2177 1369 2226 sunt
1407 2178 1519 2225 asenatn
1532 2171 1632 2236 audem
1646 2173 1720 2222 ceso
1734 2175 1783 2222 Fa-

1003 2273 1056 2323 bius
1071 2273 1177 2334 iterum,
1193 2275 1236 2337 qui
1251 2275 1364 2325 Cassium
1381 2274 1517 2338 tyrannidis
1527 2284 1596 2323 εοοειι
1610 2274 1750 2335 peregerat,
1764 2287 1780 2321 a

1002 2375 1072 2439 plebe
1091 2388 1150 2425 vero
1165 2377 1207 2440 Sp.
1220 2376 1323 2438 Furius,
1337 2376 1518 2440 septuagesima
1528 2372 1612 2433 quinta
1622 2371 1779 2436 olympiade,

1002 2477 1120 2528 archonte
1133 2476 1235 2528 Athenis
1248 2477 1371 2538 calliade,
1385 2490 1436 2542 quo
1454 2480 1565 2541 tempore
1578 2476 1673 2525 llerxes
1683 2474 1785 2538 aspredi-

1002 2574 1093 2627 tionem
1110 2578 1136 2628 in
1148 2575 1270 2629 Graeciam
1287 2574 1355 2627 lecit.
1389 2576 1549 2641 Simulatque
1560 2578 1646 2627 autem
1658 2575 1687 2626 hi
1705 2574 1784 2641 inagi-

1001 2683 1109 2730 stratum
1120 2687 1253 2745 ceperunt,
1265 2678 1337 2741 legati
1351 2677 1432 2728 Latini
1450 2677 1482 2727 ad
1502 2680 1620 2728 senatum
1640 2679 1783 2733 venerunt,

1000 2786 1124 2846 petentes,
1139 2785 1169 2833 ut
1181 2783 1245 2833 alter
1255 2781 1341 2833 consul
1355 2795 1412 2831 cum
1425 2781 1538 2831 exercitu
1554 2779 1781 2838 adsemitteretun

999 2886 1043 2947 qui
1058 2885 1159 2935 niruiam
1169 2888 1307 2950 AEquorum
1318 2883 1472 2934 insolentiam
1490 2886 1681 2946 compesceret:
1693 2884 1719 2932 et
1729 2884 1781 2930 tota

1000 2987 1100 3036 Etruria
1116 2991 1252 3047 commota,
1263 2989 1288 3036 et
1299 2985 1368 3037 brevi
1385 2984 1417 3035 ad
1431 2997 1500 3034 arma
1519 2987 1629 3035 ventura
1647 2982 1779 3034 nuntiaba-

1000 3093 1050 3138 tur.
1084 3088 1144 3138 Eius
1155 3088 1220 3139 enirn
1234 3088 1315 3151 gentis
1327 3099 1462 3138 commune
1471 3085 1605 3136 concilium
1619 3088 1781 3136 muneratum

1000 3191 1081 3242 suerat
1094 3210 1099 3239 :
1113 3194 1138 3241 et
1152 3205 1230 3256 ιγυιιιιι
1245 3191 1361 3241 l'eientes
1370 3189 1456 3240 multis
1467 3188 1584 3253 precibus
1599 3189 1738 3253 petiissent,
1754 3193 1781 3238 ut

1000 3308 1026 3344 se
1038 3293 1070 3343 ad
1089 3291 1146 3342 belli
1166 3293 1310 3342 societatem
1326 3294 1412 3341 eontra
1428 3292 1552 3340 Romanos
1570 3289 1708 3353 adderent,
1725 3294 1781 3341 tan-

1000 3398 1057 3449 dem
1071 3399 1200 3450 decretum
1214 3403 1265 3457 est,
1292 3396 1364 3446 licere
1385 3394 1498 3445 Etruscis
1511 3394 1556 3457 qui
1578 3395 1673 3445 retient
1695 3395 1731 3445 ire
1749 3394 1780 3443 ad

1000 3518 1055 3554 eam
1069 3506 1191 3557 militiam.
1226 3507 1312 3570 ltaque
1328 3501 1489 3553 adicientes
1503 3501 1529 3550 iu
1544 3501 1691 3553 huiusbelti
1709 3502 1784 3553 socie·

1000 3615 1076 3663 tatem
1091 3629 1165 3664 manu
1178 3628 1225 3663 non
1235 3609 1412 3662 contemnenda
1423 3609 1491 3658 ultro
1507 3610 1633 3660 convenit.
1650 3611 1698 3662 llis
1708 3611 1784 3662 rebus

999 3718 1103 3781 cognitis
1114 3719 1208 3782 placuit
1220 3714 1407 3780 usuagistratibus
1422 3716 1600 3776 Romanorum,
1614 3717 1644 3764 ut
1656 3717 1784 3767 exereitus

999 3825 1220 3883 conscriberentur,
1244 3827 1271 3874 et
1291 3823 1366 3873 anrbo
1380 3821 1496 3873 consules
1510 3821 1607 3873 exirent
1622 3837 1628 3866 ι
1650 3824 1716 3873 alter
1727 3826 1782 3888 qui-

998 3928 1055 3979 dem
1071 3929 1164 3979 bellum
1181 3942 1237 3977 carm
1250 3928 1338 3991 AEquis
1353 3930 1469 3991 gesturus
1478 3929 1504 3976 et
1517 3925 1613 3976 Latinis
1623 3940 1696 3990 optem
1715 3928 1781 3978 latu-

997 4049 1056 4094 rus,
1075 4035 1139 4084 alter
1152 4048 1210 4085 roro
1223 4034 1247 4082 in
1263 4035 1387 4083 Etruriam
1400 4032 1625 4097 copiasduoturus.
1659 4032 1705 4083 His
1721 4048 1782 4085 roro

997 4143 1136 4193 intercessit
1155 4145 1197 4207 Sp.
1220 4141 1319 4201 lollius,
1340 4156 1405 4190 unus
1424 4140 1608 4192 etribunorum
1620 4139 1735 4202 collegio,
1752 4145 1779 4190 et

997 4247 1092 4311 {iletrem
1110 4246 1142 4296 ad
1165 4245 1304 4296 concionem
1328 4247 1440 4309 quotidie
1466 4261 1605 4298 convocans
1630 4246 1776 4311 promissam

991 4361 1259 4423 agrorumdirisioneru
1268 4377 1282 4410 a
1291 4364 1377 4411 serrata
1388 4365 1513 4426 repetebat
1522 4388 1529 4427 ς
1538 4370 1564 4416 et
1572 4365 1674 4421 dicebat.
1687 4379 1714 4417 se
1722 4382 1774 4419 non

991 4474 1120 4524 passurum
1132 4460 1183 4508 lieri
1194 4459 1329 4522 qrridqnam
1340 4476 1436 4517 eorum,
1445 4477 1502 4526 qum
1514 4469 1613 4515 senatus
1622 4464 1660 4514 vel
1668 4464 1695 4514 iu
1706 4466 1775 4517 bello

992 4561 1029 4608 vel
1043 4562 1064 4609 iu
1076 4560 1136 4608 urbe
1150 4562 1229 4608 taren
1238 4560 1402 4619 ‹lecrerlsset‚
1417 4562 1462 4612 nisi
1474 4566 1543 4628 prius
1553 4567 1709 4620 decemviros
1721 4572 1774 4633 agri

991 4657 1083 4721 publici
1105 4655 1213 4704 linitores
1236 4664 1357 4715 creasset,
1377 4673 1515 4725 agrumque
1537 4666 1688 4728 promissum
1708 4668 1774 4731 plebi

990 4754 1122 4804 divisisset.
1158 4754 1202 4803 ilic
1222 4755 1355 4806 hoerentem
1376 4762 1489 4808 senatum
1510 4767 1533 4810 et
1556 4764 1653 4815 consilii
1675 4766 1773 4815 inoneru

996 4887 1056 4945 App.
1079 4879 1196 4930 Claudius
1210 4877 1368 4937 submonuit,
1390 4877 1462 4925 ‹larret
1481 4890 1600 4940 operam,
1620 4879 1650 4925 ut
1667 4875 1778 4940 reliquos

995 4991 1106 5039 tribunos
1127 4988 1158 5036 ab
1177 4987 1220 5035 illo
1237 4986 1373 5043 alienaret;
1398 4984 1490 5035 (lucens
1509 5000 1579 5044 eum,
1600 4987 1643 5049 qui
1661 4989 1778 5036 senatus·

995 5096 1106 5146 consulto
1127 5092 1309 5151 intercedebat,
1326 5096 1524 5148 sacrosanctum,
1540 5095 1566 5141 et
1585 5105 1617 5141 ex
1636 5092 1699 5155 ipsis
1715 5093 1776 5156 legi·

936 5197 996 5256 5-20
