3772 5828
220 318 260 380 ³0
729 333 896 394 uroursu
919 334 1296 396 usurcuuuussuusrs

213 472 279 550 θεῷ,
297 469 343 529 καὶ
359 471 442 547 βωμοί
467 470 535 526 κατὰ
558 466 646 532 πόλεις
666 489 693 525 τε
714 464 832 544 ἵδρυνται
850 476 896 527 καί
920 468 982 546 παρ’

213 560 298 631 θδοθς,
315 559 360 615 καί
375 555 491 622 σπανίως
501 555 531 613 ῦιν
547 553 616 633 εύροι
634 556 672 620 τίς
686 554 800 621 Ἰταλίας
813 559 908 636 χῦιρυν,
923 555 983 613 ένθοι

214 647 253 725 μὴ
262 647 386 724 τυγχάνει
395 644 563 718 τιμόιμενοςδ
578 642 645 708 θεός.
659 640 694 702 ‘0
709 639 756 717 μὲν
768 632 812 701 οῦν
826 645 931 720 μυθικὸς
940 646 983 704 λό-

214 757 257 811 γος
271 734 335 811 ύπέρ
350 735 427 789 αὐτοῦ
442 730 541 787 τοιόσδε
557 728 744 806 παραδέδοται.

253 823 327 882 XLI.
340 818 370 878 ‘0
381 819 403 877 δ’
416 817 602 894 ἀληθέστερος,
618 811 640 900 ᾧ
657 817 749 874 πολλοὶ
760 820 812 875 τῶν
823 820 851 875 έν
867 818 985 894 ἱστορίας

215 911 332 990 σχήματι
344 909 391 973 τάς
400 905 504 984 πράξεις
517 907 595 963 αὐτοῦ
613 905 812 982 διηγησαμένων
828 906 984 983 ἐχρήσαντο,
1024 962 1027 969 ,

215 998 327 1056 τοιόσδε·
349 999 384 1060 ὡς
410 993 591 1073 στρατηλάτης
615 992 750 1067 γενόμενος
776 990 899 1048 ἁπάντων
923 991 985 1071 κρά·

214 1108 299 1149 τιστος
310 1087 361 1142 τῦιν
376 1082 434 1139 καθ’
447 1079 538 1138 ἑαυτὸν
551 1078 696 1156 Ἡρακλῆς,
714 1077 759 1135 καί
774 1076 909 1153 δυνάμεως
916 1080 986 1136 πολ·

215 1178 261 1244 λῆς
277 1169 433 1247 ἡγούμενος,
448 1167 555 1225 άπασαν
571 1168 665 1235 ἐπῆλθε
684 1164 731 1235 τὴν
752 1164 821 1232 ἐντὸς
843 1165 985 1239 Ὠκεανοῦ,

214 1260 350 1320 καταλύων
360 1257 407 1333 μὲν
417 1255 441 1313 εί
450 1279 488 1320 τις
495 1253 534 1326 εἴη
544 1252 662 1333 τυραννίς
668 1256 761 1331 βαρεῖα
771 1253 816 1311 καί
823 1253 987 1331 λυπηρθτοῖς
1002 1267 1007 1287 ¹

214 1344 401 1428 ἀρχομένοις,’λ
409 1346 481 1408 πόλις
488 1342 624 1421 θόρίζουσα
631 1340 677 1400 καί
687 1339 832 1416 λωύωμίνη
839 1339 884 1407 τδις
895 1341 986 1415 πέλας,

214 1438 231 1508 ἢ
246 1435 350 1513 ἡγεμὼν
369 1431 510 1510 ἀνθρώπων
524 1431 647 1508 ἀνημέρῳ)
660 1429 745 1506 διαίτῃ
758 1428 803 1487 καί
819 1428 988 1498 ξενοκτονίαις

215 1523 346 1587 ἀθεμίτοις
358 1521 516 1602 χρωμένων·
538 1516 662 1582 καθιστάς
674 1517 701 1575 δὲ
713 1517 837 1593 νομίμους
853 1516 987 1596 βασιλείας

214 1611 260 1670 καί
270 1611 416 1691 σωρρονικά
427 1605 608 1683 πολιτεύματα
619 1605 665 1663 καί
677 1603 740 1683 βίων
757 1603 803 1675 έθη
815 1603 987 1685 φιλάνθρωπα

214 1699 260 1759 καί
274 1701 430 1771 κοινοπαθῆ·
441 1695 505 1776 πρὸς
518 1694 546 1753 δὲ
559 1693 656 1760 τούτοις
669 1690 787 1766 Ἕλλησί
800 1716 828 1751 τε
841 1692 988 1774 βαρύάρους

215 1786 453 1864 συγκεραννύμενος
469 1783 514 1842 καὶ
524 1781 677 1848 θαλαττίους
688 1782 863 1864 ἠπειρώταις,
886 1779 912 1839 οἲ
923 1781 987 1848 τέως

217 1875 342 1939 ἀπίστους
352 1873 396 1931 καί
412 1872 623 1936 ἀσυναλλάκτους
635 1860 707 1949 εἶχον
721 1870 845 1946 ὁμιλίας,
857 1869 950 1951 ἐρήμῳ
959 1894 987 1929 τε

219 1968 255 2038 γῇ
269 1964 356 2030 πολεις
369 1960 560 2038 ἐνιδρυόμενος,
579 1957 628 2017 καί
637 1959 771 2035 ποταμούς
786 1958 919 2037 ἐκτρέπειν
930 1962 988 2017 ἐπι-

219 2050 357 2120 κλύζοντας
368 2050 459 2121 πεδία,
470 2050 515 2106 καί
526 2048 632 2128 τρέόους
642 2047 774 2124 ἐκτέμνων
787 2046 895 2112 αἰύάτοις
905 2046 987 2124 ὄρεσι,

219 2144 266 2200 καλ
281 2131 365 2196 τᾶλλα
380 2136 586 2215 μηχανώμενος,
602 2139 637 2200 ὣς
656 2133 748 2192 άπασα
760 2139 795 2210 γῆ
808 2135 855 2193 καί
870 2134 988 2193 θάλαττα

218 2225 291 2298 κοινὴ
311 2233 368 2284 ταῖς
385 2226 507 2284 ἁπάντων
525 2224 627 2303 χρείαις
646 2223 790 2300 γενήσοιτο.
831 2221 949 2298 Ἀρέκετο
967 2222 988 2281 δ’

219 2319 253 2378 εἷς
267 2313 379 2373 Ἰταλίαν
400 2315 430 2369 ού
445 2312 615 2388 μονόστολος,
636 2312 691 2369 οὐδ’
704 2310 787 2388 ἀγέλη
805 2313 871 2386 βοῦιν
890 2310 989 2386 ἑπόμε-

219 2423 274 2464 νος·
292 2400 349 2458 ούτε
371 2398 421 2478 γθρ
445 2403 559 2478 θχῦιρος
575 2400 601 2455 έν
616 2399 699 2478 τρίύῳ
720 2407 772 2463 τοῖς
794 2402 830 2463 εἰς
851 2396 943 2476 Ἀργος
963 2398 988 2466 έξ

218 2487 338 2567 Ἰίίηρίας
359 2486 624 2562 ἀνασκευαζομένοις,
639 2484 698 2546 ούτε
713 2491 758 2542 τοῦ
782 2486 891 2543 διελθεῖν
911 2485 987 2544 ἕνεκα

218 2575 266 2645 τὴν
280 2574 371 2654 χώραν
386 2573 517 2644 τοσαύτης
532 2573 562 2631 ἂν
577 2574 675 2644 ἠξιώθη
690 2578 780 2649 τιμῆς·
796 2574 852 2631 ἀλλ’
867 2573 911 2632 ἐπί
924 2576 990 2632 δον·

218 2663 300 2722 λύσει
322 2663 367 2721 καί
390 2664 458 2740 ἀρχῇ
472 2664 525 2719 τῶν
548 2660 604 2742 τῇδ’
620 2659 764 2740 ἀνθρώπων
781 2660 893 2740 στρατὸν
916 2661 989 2737 άγων

218 2748 519 2828 πολύν,’16ηρίανῆδη
540 2748 740 2827 κεχειρωμένος.
800 2751 944 2830 Διατρίψαι
964 2752 989 2806 τ’

219 2836 306 2895 αύτόθι
321 2834 403 2894 πλείω
416 2837 509 2914 χρόνον
532 2837 688 2912 ἠναγκάσθη
710 2843 756 2894 τοῦ
777 2860 805 2895 τε
819 2843 941 2896 ναυτικοῦ
956 2842 989 2916 τῇ

218 2925 332 3002 ἀπουσία
341 2924 376 2996 ,ἣ
391 2925 491 3002 ἐγένετο
504 2928 632 3001 χειμῶνος
646 2925 833 2996 έπιλαύόντος,
847 2926 892 2983 καί
903 2928 941 3004 τῷ
952 2925 989 3002 μὴ

165 3037 192 3077 so
219 3010 305 3070 πάντα
323 3012 357 3068 τὰ
377 3009 439 3079 έθνη
452 3011 486 3067 τὰ
503 3011 650 3088 κατέχοντα
670 3010 786 3069 Ἰταλίαν
801 3016 990 3091 προσχωρῆσαι

220 3099 291 3173 αὐτῷ
315 3097 432 3155 έκούσια.
474 3097 561 3174 Χωρλς
581 3099 632 3176 γάρ
653 3099 810 3156 τῶνᾶλλων
834 3099 989 3178 βαρύάριυν,

220 3186 250 3243 τὸ
264 3184 369 3259 Λιγύων
384 3183 456 3261 γένος
471 3185 537 3241 πολὺ
552 3184 598 3242 καί
618 3185 754 3263 μάχιμον,
777 3186 820 3244 tei
833 3195 890 3253 ταῖς
911 3188 990 3267 παρό·

221 3277 274 3339 θοις
288 3276 338 3330 τῶν
352 3271 467 3332 Ἀλπέων
483 3273 549 3345 ὀρῶν
561 3270 713 3351 ἱδρυμένον,
727 3274 886 3331 ἀποκωλύειν
900 3273 988 3343 ὅπλοις

221 3362 268 3429 τάς
295 3359 414 3427 εἰσύολθς
436 3363 516 3418 αύτοῦ
537 3360 585 3428 τάς
612 3364 647 3427 εἰς
668 3361 783 3422 Ἰταλίαν
805 3363 988 3441 έπεχείρησεν,

165 3469 192 3509 ss
221 3451 282 3509 ἔνθα
307 3449 427 3527 μέγιστος
442 3447 512 3525 α’γὼν
527 3452 580 3515 τοῖς
600 3449 732 3520 Ἕλλησιν
755 3451 870 3528 ἐγένετο,
885 3451 989 3511 πάντων

223 3538 315 3604 αὐτοὺς
330 3537 514 3597 ἐπιλειπόντων
528 3539 555 3595 ε’ν
569 3541 601 3616 τῇ
615 3539 690 3617 μάχη
704 3541 756 3595 τῶν
772 3541 865 3617 βελῶν.
909 3544 990 3612 Δηλοῖ

222 3623 249 3682 δὲ
260 3625 303 3683 τὸν
318 3627 432 3703 πόλεμον
444 3625 517 3686 τάνδε
531 3629 583 3684 τῶν
596 3627 713 3705 ἀρχαίων
729 3633 845 3697 ποιητῶν
858 3630 990 3709 Αἰσχύλος

221 3713 247 3768 έν
264 3714 398 3791 Προμηθεῖ
409 3714 539 3794 λυομένῳ.
578 3713 723 3786 Πεποίηται
738 3715 789 3797 γάρ
806 3720 876 3796 αὐτῷ
891 3722 904 3776 δ
919 3722 989 3800 Ιίρο·

222 3799 316 3874 μηθεὺς
328 3797 455 3880 Ἡρακλεῖ
469 3804 502 3859 τά
516 3803 539 3859 τ’
565 3800 632 3860 ἄλλα
657 3803 808 3882 προλέγων,
827 3807 861 3871 ὥς
881 3805 988 3866 ἕκαστον

167 3904 194 3944 so
221 3888 291 3964 αὐτῷ
302 3908 327 3943 τι
349 3887 530 3964 συμύήσισθαι
545 3888 637 3964 ἔμελλε
652 3888 721 3947 κατά
731 3888 778 3960 τὴν
797 3892 841 3948 ἐπὶ
857 3895 989 3971 Γηρυόνην

222 3972 372 4050 στρατείαν,
384 3977 429 4033 καὶ
444 3975 476 4046 δὴ
501 3977 546 4032 καὶ
559 3976 675 4055 περὶτοῦ
690 3979 848 4055 Λιγυστικοῦ
862 3985 990 4061 πολέμου,

220 4062 256 4125 ὡς
277 4062 306 4118 ού
327 4059 413 4143 ῥᾴδιος
434 4067 447 4120 ὁ
471 4062 542 4142 ἀγὼν
561 4064 653 4137 ἔσται,
677 4065 854 4143 διηγούμενος.
897 4071 940 4129 Τά
962 4071 989 4129 δὲ

220 4145 357 4224 ποιήματα
369 4139 414 4206 ὅδ’
430 4148 497 4228 ἔχει·

281 4307 359 4362 Ἠξιις
371 4308 396 4356 δέ
408 4309 504 4370 Λιγύων
519 4311 550 4367 τίς
564 4311 693 4373 άτάρθητον
706 4314 820 4376 στρατὸν,

167 4380 192 4419 tt
281 4376 325 4424 isi'
336 4378 364 4426 οὐ
376 4377 452 4441 μάχης
465 4380 521 4442 σάφ’
535 4382 588 4431 οἶδα
604 4385 646 4431 καὶ
658 4384 737 4447 θοῦρός
749 4402 792 4448 περ
802 4388 835 4434 ὠν

282 4449 376 4510 μέμψει.
405 4449 529 4512 Ιίέπρωται
538 4453 582 4516 γάρ
594 4470 621 4502 σε
634 4456 674 4502 καὶ
686 4455 743 4516 βέλη
755 4458 840 4506 λιπεῖν.

260 4581 347 4641 XLH.
372 4579 481 4650 Ἐπειδὴ
496 4582 521 4640 δέ
543 4584 647 4653 τούτους
670 4589 916 4669 καταστρεψάμενος
938 4593 990 4647 τῶν

219 4670 340 4747 παρόδων
354 4670 512 4749 ἐκράτησεν,
523 4674 546 4729 οῖ
561 4673 608 4748 μέν
620 4697 687 4742 τινες
697 4676 807 4734 ἑκούσιοι
819 4677 991 4756 παρεδίδοσαν

222 4756 294 4835 αύτῷ
315 4755 362 4820 τάς
383 4756 481 4828 πόλεις,
499 4756 604 4832 μάλιστ’
620 4760 676 4819 ὅσοι
694 4763 745 4820 ἀπὸ
768 4767 813 4823 τοῦ
834 4762 990 4836 Ἑλληνικοῦ

167 4859 194 4897 ευ
223 4841 311 4917 γένους
327 4833 412 4914 ἦσαν,
426 4842 443 4915 ἢ
456 4844 577 4919 δυνάμεις
598 4849 644 4905 οὐκ
661 4839 732 4928 ε’έχον
747 4850 909 4930 ἀξιοχρέους,
923 4858 947 4912 οἱ
964 4853 991 4912 δέ

224 4930 326 4996 πλείους
334 4934 363 4989 ἐκ
372 4931 488 5009 πολέμου
498 4931 543 4989 καί
552 4935 701 5012 πολιορκίας
715 4939 884 5017 παρίσταντο.
900 4938 989 5012 ’Rubi

222 5015 317 5083 τούτοις
329 5026 380 5083 τοῖς
400 5020 474 5099 μάχῃ
495 5025 645 5098 κρατηθεῖσι
665 5023 767 5083 καὶτὸν
784 5023 834 5081 ὑπὸ
848 5024 989 5102 Ῥωμαίων

221 5105 443 5182 μυθολογούμενον
467 5110 565 5181 Κᾶκον,
585 5111 713 5181 δυνάστην
734 5109 792 5169 τινά
809 5103 989 5192 κομιδῇίβιίρ·

1039 478 1114 539 atque
1132 475 1157 524 ia
1174 475 1234 539 ipsis
1254 475 1301 525 riis
1323 487 1373 524 aras
1394 475 1453 523 suut
1469 477 1558 524 erecte
1576 493 1582 522 ι
1603 473 1732 527 asciscite
1747 490 1816 542 repe·

1037 586 1086 635 rius
1104 585 1182 636 ulium
1207 584 1319 634 initalia
1341 583 1437 644 locum,
1459 583 1502 634 ubi
1523 583 1586 634 deus
1608 584 1657 635 iste
1671 598 1721 636 nou
1744 584 1815 637 wls·

1039 702 1088 749 tur.
1122 700 1181 746 iioec
1200 684 1276 759 igitur
1291 699 1348 746 suut
1367 709 1423 759 qure
1445 695 1534 746 tabuiis
1556 695 1588 745 ds
1608 697 1651 746 iilo
1668 698 1815 762 potiuntur.

1072 813 1133 862 xii.
1146 814 1179 861 at
1191 811 1271 860 verior
1289 809 1372 875 opinio
1386 823 1435 874 qua
1455 811 1493 861 usi
1508 813 1567 862 suut
1584 810 1658 862 multi
1673 825 1713 862 res
1732 813 1764 862 ab
1785 825 1817 864 eo

1040 906 1123 965 gestes
1152 901 1268 950 historico
1291 901 1348 950 stiio
1371 900 1508 964 persecuti,
1526 900 1580 950 bec
1601 905 1648 951 est.
1682 902 1815 965 Hercules,

1040 1005 1098 1043 cum
1110 992 1218 1041 omnium
1230 1006 1283 1040 sure
1296 991 1377 1041 aetatis
1389 991 1567 1055 imperatorum
1579 996 1646 1042 esset
1662 995 1816 1055 prestantis·

1040 1083 1117 1134 simus
1144 1094 1294 1145 magnusque
1321 1081 1404 1145 copias
1427 1079 1546 1139 duceret,
1575 1084 1716 1146 peragravit
1746 1083 1818 1145 quid-

1040 1173 1100 1237 quid
1114 1178 1234 1223 terramm
1249 1177 1361 1223 Oceanus
1373 1173 1456 1233 cingit,
1468 1175 1590 1233 evertens,
1611 1173 1632 1224 si
1646 1165 1694 1236 quia
1708 1173 1819 1235 tyrannis

1040 1267 1136 1330 populis
1158 1265 1274 1314 subiretis
1296 1264 1377 1326 gravis
1396 1276 1426 1322 ac
1441 1263 1545 1314 molesta
1562 1265 1643 1324 esset,
1665 1264 1709 1313 aut
1726 1263 1748 1312 si
1768 1276 1818 1329 qus

1041 1357 1126 1407 ciritae
1137 1356 1291 1407 coutumeliis
1303 1357 1378 1418 etque
1392 1355 1488 1405 iniuriis
1506 1354 1601 1405 viciuos
1619 1354 1761 1414 iniecisset,
1775 1359 1820 1404 aut

1041 1447 1105 1509 siqui
1116 1445 1168 1494 dux
1180 1444 1304 1493 hominurn
1315 1444 1417 1494 immani
1425 1443 1578 1507 rittegenero
1586 1443 1718 1494 etueieriis
1731 1442 1816 1505 brrspi·

1042 1542 1093 1587 tum
1110 1537 1218 1586 cedibus
1243 1536 1364 1586 utentium
1388 1538 1461 1598 esset,
1479 1539 1506 1587 st
1519 1549 1594 1600 regne
1605 1533 1715 1598 legitima
1726 1533 1752 1584 et
1762 1546 1817 1584 mo-

1042 1626 1141 1676 derates
1162 1624 1311 1688 respublicas
1331 1623 1473 1686 constituit,
1494 1628 1521 1674 et
1543 1636 1626 1673 mores
1645 1623 1767 1672 humanos
1790 1634 1820 1670 ac

1042 1717 1172 1767 sociabiles
1184 1717 1208 1765 iu
1219 1715 1297 1764 vitam
1308 1715 1414 1766 induxit,
1447 1717 1571 1765 Praetereo
1581 1716 1680 1765 Graecos
1691 1727 1749 1763 cum
1761 1713 1817 1762 bar-

1042 1805 1109 1854 baris
1116 1804 1217 1853 miscuit
1231 1807 1256 1854 et
1269 1817 1326 1854 cum
1340 1802 1469 1853 maritimis
1480 1803 1674 1855 mediterraneos
1685 1803 1813 1860 homiues,

1043 1896 1160 1959 quiante
1179 1894 1231 1944 siue
1250 1893 1298 1944 tide
1317 1897 1343 1944 et
1356 1894 1407 1944 sine
1429 1894 1480 1944 uita
1503 1894 1619 1945 societate
1641 1894 1817 1944 commercium

1044 1985 1108 2035 iuter
1121 1999 1148 2035 se
1165 1985 1302 2035 habuerant
1315 2005 1321 2034 ι
1333 1989 1359 2034 et
1372 1983 1398 2034 iu
1410 1983 1470 2034 iocis
1485 1983 1591 2034 desertis
1604 1985 1680 2035 urbes
1695 1983 1815 2042 condidit.

1043 2080 1068 2127 et
1082 2077 1190 2138 duvios,
1205 2077 1248 2139 qui
1266 2089 1365 2140 campos
1376 2074 1539 2134 inundabant,
1555 2077 1647 2126 avertit
1660 2080 1685 2125 et
1702 2075 1726 2124 in
1744 2088 1816 2124 moa·

1044 2167 1112 2218 tibus
1131 2164 1263 2217 inaccessis
1279 2166 1384 2232 rupibus
1399 2167 1475 2216 sectis
1493 2167 1548 2215 vias
1560 2166 1674 2230 aperuit,
1695 2168 1720 2215 et
1734 2169 1816 2215 cetera

1046 2259 1146 2309 molitus
1157 2261 1209 2320 est,
1229 2261 1257 2308 ut
1268 2259 1348 2307 omnis
1361 2260 1428 2309 terra
1441 2259 1466 2308 et
1479 2270 1548 2307 mare
1560 2256 1675 2306 omnibus
1687 2270 1818 2306 commune

1042 2355 1108 2400 esset
1124 2350 1282 2413 omniumque
1299 2347 1385 2399 usibus
1409 2348 1546 2399 inserviret.
1579 2349 1607 2397 lu
1625 2349 1721 2397 lteiiam
1735 2350 1819 2397 autem

1043 2456 1091 2492 uon
1104 2442 1170 2490 scius
1186 2441 1267 2501 venit,
1280 2454 1325 2491 nee
1337 2442 1413 2491 boum
1425 2443 1563 2491 enueutum
1575 2453 1658 2490 seeum
1671 2439 1729 2503 egit.
1762 2441 1816 2488 Nou

1043 2533 1108 2583 euim
1126 2546 1167 2595 per
1190 2533 1253 2581 hauc
1266 2532 1390 2593 regionem
1408 2533 1448 2582 vie
1468 2532 1538 2582 ducit
1551 2532 1612 2593 iliis,
1624 2531 1666 2596 qui
1681 2541 1711 2581 ex
1729 2531 1816 2595 Hispe-

1043 2625 1083 2674 uie
1097 2629 1172 2688 Argos
1188 2624 1300 2685 redeunt,
1317 2637 1365 2674 uec
1378 2627 1478 2688 propter
1501 2623 1605 2687 regionis
1627 2624 1818 2686 peragratiouem

1043 2719 1112 2765 teuto
1124 2716 1214 2764 irouore
1232 2714 1320 2778 diguus
1332 2714 1432 2763 habitus
1449 2714 1536 2765 suisset
1551 2733 1557 2762 :
1572 2715 1615 2765 sed
1630 2714 1750 2778 Hispanis
1765 2714 1816 2763 iem

1044 2806 1146 2856 subacto
1156 2820 1226 2863 ,cum
1238 2819 1326 2867 magno
1337 2805 1449 2855 exercitu
1468 2807 1577 2854 osuitrin
1588 2805 1706 2864 Italiam,
1720 2807 1747 2853 ut
1758 2817 1813 2853 erus

1044 2897 1136 2946 insoles
1160 2897 1285 2958 subigeret
1305 2899 1331 2946 et
1349 2896 1451 2959 imperio
1476 2909 1521 2945 suo
1542 2895 1674 2945 subiceret.
1707 2894 1754 2943 Sed
1776 2893 1819 2943 hie

1044 2989 1138 3040 diutius
1151 2990 1245 3038 morari
1260 2991 1360 3038 coaetus
1374 2988 1430 3049 est,
1445 2990 1500 3036 tum
1515 2991 1615 3051 propter
1628 2985 1713 3035 classis
1726 2985 1817 3036 absen-

1047 3082 1122 3142 tiam,
1148 3095 1204 3144 qum
1225 3079 1414 3144 tempestatibus
1444 3079 1553 3129 bibernis
1579 3077 1740 3140 retinebatur,
1763 3081 1820 3128 tum

1045 3172 1119 3222 etiam
1133 3172 1190 3234 quia
1200 3186 1248 3221 non
1256 3183 1341 3220 omues
1353 3171 1445 3221 italica
1454 3173 1539 3232 gentes
1550 3170 1616 3219 uitro
1626 3183 1653 3220 se
1665 3170 1688 3220 ei
1698 3169 1818 3221 adiunxe-

1046 3266 1109 3313 rant.
1143 3266 1205 3312 Nam
1228 3265 1318 3327 prester
1345 3264 1440 3311 ceteros
1458 3259 1590 3318 barbaros,
1614 3261 1732 3324 Ligurum
1759 3275 1819 3325 gens

1046 3367 1134 3417 magne
1147 3368 1177 3403 ec
1188 3354 1320 3415 bellicosa,
1337 3365 1394 3415 que
1407 3351 1432 3400 iu
1445 3350 1501 3415 ipso
1516 3351 1613 3416 Alpium
1626 3352 1734 3402 transitu
1748 3352 1820 3402 sedes

1046 3445 1136 3504 hebet,
1152 3459 1209 3494 eum
1221 3445 1252 3495 ab
1269 3445 1346 3496 Italica
1359 3443 1508 3508 ingressione
1524 3443 1654 3508 prohibere
1672 3446 1758 3493 conata
1772 3445 1819 3493 est.

1045 3529 1092 3580 iiic
1104 3532 1253 3580 acerrimum
1268 3535 1419 3580 certameua
1434 3531 1528 3580 Grecis
1546 3530 1706 3579 commissum
1718 3533 1770 3590 est,
1792 3530 1817 3579 iu

1044 3635 1107 3684 quo,
1130 3621 1190 3670 dum
1216 3625 1338 3684 puguant,
1360 3620 1442 3670 omnia
1461 3621 1511 3671 teia
1532 3633 1576 3669 eos
1593 3619 1746 3673 deiecerunt.
1776 3620 1820 3670 Β·

1044 3713 1144 3775 schyiua
1158 3726 1232 3771 uero,
1251 3713 1366 3775 antiquus
1376 3713 1463 3775 poste,
1476 3713 1524 3762 hoc
1538 3711 1626 3761 beilum
1642 3711 1668 3761 iu
1682 3711 1819 3761 Promethei

1045 3803 1116 3853 soluti
1141 3802 1222 3852 iabuie
1245 3802 1362 3852 declaret.
1395 3802 1463 3852 Facit
1479 3803 1544 3852 euim
1564 3801 1737 3851 Prometheum
1756 3803 1817 3851 Her·

1045 3894 1094 3943 cuii
1122 3906 1180 3943 cum
1209 3893 1258 3941 siis
1281 3893 1453 3954 precinentem
1476 3896 1550 3955 prout
1568 3890 1663 3955 singule
1690 3893 1712 3942 ei
1734 3895 1819 3943 esseut

1044 3986 1163 4034 eventura
1174 3982 1198 4031 iu
1209 3982 1360 4044 expeditione
1372 3985 1458 4031 eontra
1471 3984 1609 4046 Geryonem
1620 3988 1751 4047 suscepte,
1763 3986 1817 4034 tum

1043 4072 1117 4125 etiem
1137 4077 1277 4123 narrantem
1294 4073 1348 4123 beiti
1373 4074 1490 4137 Ligustici
1511 4076 1669 4127 difficultates
1687 4077 1712 4125 iu
1730 4075 1818 4141 proelio

1044 4163 1193 4215 subeundas.
1227 4163 1258 4213 iii
1273 4168 1354 4215 autem
1367 4168 1424 4214 suut
1437 4165 1491 4215 eius
1506 4181 1610 4217 versus:

1098 4315 1182 4361 Veuies
1192 4314 1265 4357 etium
1274 4315 1430 4370 adtigeram
1441 4315 1585 4370 intrepidum
1599 4318 1737 4361 exereitum.

1101 4385 1153 4437 Ubi,
1162 4384 1230 4439 probe
1238 4382 1293 4438 scic,
1304 4385 1358 4429 ticet
1369 4385 1400 4428 εἰσ
1410 4384 1531 4429 bellicosus
1537 4385 1648 4440 proeiium
1735 4384 1818 4440 [ciant.

1099 4455 1152 4501 Νοιι
1166 4454 1316 4509 vituperabis.
1329 4456 1392 4500 Itum
1410 4455 1436 4500 in
1446 4456 1508 4511 sctis
1524 4460 1565 4510 est,
1576 4460 1604 4500 ut
1616 4457 1654 4501 oei
1666 4458 1712 4501 teta
1728 4461 1750 4501 te
1761 4455 1818 4511 desi·

1046 4600 1120 4649 XLII.
1133 4598 1181 4647 Sed
1194 4602 1324 4661 postquem
1337 4599 1377 4649 bis
1387 4600 1494 4649 subactis
1511 4600 1642 4650 transitum
1655 4602 1701 4652 sibi
1711 4615 1755 4665 per
1765 4602 1816 4652 rim

1045 4686 1173 4749 patefecit,
1184 4684 1226 4735 aiii
1239 4685 1339 4749 quidem
1355 4686 1430 4736 urbes
1445 4701 1504 4736 sues
1521 4687 1544 4736 ei
1560 4692 1646 4750 sponte
1656 4687 1816 4750 dediderunt,

1045 4773 1166 4836 precipue
1187 4786 1246 4822 vero
1262 4775 1382 4836 quotquot
1398 4774 1478 4824 Greci
1492 4774 1586 4837 generis
1603 4778 1689 4834 erunt,
1705 4779 1748 4825 aut
1767 4789 1817 4826 nou

1044 4861 1105 4909 sutis
1129 4860 1211 4909 tincas
1235 4861 1317 4923 copias
1342 4859 1475 4911 hebebant.
1509 4863 1555 4912 Sed
1574 4863 1684 4926 pierique
1706 4863 1771 4914 betlo
1790 4867 1816 4913 ei

1044 4947 1170 4998 obsidione
1190 4947 1267 4997 euecti
1291 4962 1318 4998 se
1342 4948 1491 4998 subiceruut.
1525 4952 1591 5001 luter
1612 4965 1656 5001 eos
1680 4951 1755 5014 igitur
1772 4950 1815 5015 qui

1043 5033 1106 5087 betto
1128 5035 1213 5086 domiti
1235 5037 1308 5095 suut,
1323 5040 1348 5086 et
1365 5038 1457 5087 (tecum
1477 5039 1641 5088 Romanorum
1662 5039 1750 5089 subulis
1769 5051 1815 5089 ce·

1042 5121 1150 5183 lebrem,
1168 5121 1226 5186 (qui
1241 5121 1352 5187 princeps
1373 5123 1443 5174 uelde
1459 5123 1578 5175 barbarus
1593 5129 1646 5175 erut
1658 5129 1683 5176 et
1706 5123 1813 5175 homiui·
