3772 5828
578 435 780 499 nicanum
800 439 855 500 EX
875 440 948 502 uie.
974 441 1055 504 XVII
1076 444 1125 503 ET
1146 445 1251 505 XVIII.

131 573 300 639 ψρίγολλα,
316 571 384 627 πόλις
399 568 537 631 ’ίταλίας,ἢ
552 570 580 621 τθ
594 571 636 634 μὶν
647 571 747 637 ἀρχαῖον
758 571 788 631 ἦν
806 569 881 621 Ὀπι-

100 653 167 708 κῶν,
180 646 264 695 ῖποιτοι
274 642 437 692 Οὐολούσκων
445 642 549 703 ίγίνιτο.
558 643 593 694 Τὸ
606 642 697 692 ῖθνικὸν
708 644 880 705 Φριγελλανος,

101 729 134 781 ὡς
150 717 275 771 Διονύσιοι
300 712 327 770 ιζ’
344 719 387 770 τῆς
401 714 538 776 Ῥωμαῖκῆς
555 713 732 779 Ἀρχαιολογῖας
754 715 796 763 καὶ
816 715 882 765 ἄλλοι

100 798 217 845 πλεῖστοι.
228 783 318 846 stepo.
338 785 401 846 Byr..
416 783 501 847 (VIII.
516 783 573 846 22.)

63 873 76 912 ι
132 864 300 921 manzerina,
315 852 382 908 πόλις
400 853 425 901 δν
443 851 533 915 Ἰταλίᾳ
552 855 682 904 Σαυνιτῶν.
703 854 828 912 Διονύσιος
843 857 882 905 Ins·

102 927 292 996 sardiniam-Id
313 925 402 974 δθνικὸν
426 925 594 987 Μεντυρναῐος.
616 923 706 988 stepo.
730 928 792 990 Βμτ.
809 925 882 991 (Lib,

102 1007 215 1066 lx,25.)

134 1078 277 1135 Αῖκαλον,
294 1076 401 1140 φρούριον
424 1078 466 1132 τῆς
482 1071 582 1129 Ἰταλίας
611 1071 748 1134 Διονύσιος,
768 1071 803 1130 ις’
821 1072 885 1122 Ῥω·

104 1153 191 1209 μαἰκῆε
204 1145 391 1210 Ἆρχαιολογίας.
405 1142 494 1205 steps.
508 1144 572 1203 Βμτ.

53 1241 77 1280 ,η
140 1216 225 1266 ‘Ideo
235 1219 295 1274 δες,
309 1216 373 1272 ίθνος
387 1213 500 1265 Κελτικὸν
516 1213 573 1274 πρὸς
585 1217 615 1275 τῇ
631 1209 742 1275 Ἰλλυρία.
762 1211 886 1271 Διονύσιος

105 1287 267 1351 ἑκκαιδεκάτῳ
278 1287 318 1351 (I).
333 1283 422 1349 θύομέν.
434 1284 500 1346 Byz.

1654 458 1714 516 'II'I

968 581 1002 643 (1)
1012 585 1151 656 θαμινά,
1176 583 1251 634 italie
1273 586 1370 647 civilas,
1390 585 1462 637 Initio
1483 589 1566 652 opicis
1585 604 1614 640 ac
1631 599 1716 656 postea

937 645 1033 717 Volscis
1051 647 1161 719 suintila.
1181 645 1358 756 Fregellanus
1381 652 1497 721 populas
1515 651 1608 724 dicitur
1624 668 1639 704 a
1658 658 1717 707 Din-

938 719 1009 831 ιργμιο
1017 708 1195 831 &aemilii-oni
1218 709 1233 756 Ii
1254 712 1338 773 ‚xvll
1351 711 1377 760 et
1389 724 1403 760 a
1416 711 1539 775 plerisque
1552 717 1613 764 atus.
1627 719 1714 782 slepi.

971 846 1005 902 (2)
1019 808 1173 900 Μειιίιιινια,
1196 841 1284 891 civitas
1299 841 1324 891 io
1339 843 1717 913 ltaIIaSamnitum.1)ionysius

940 902 1032 964 (intio.
1049 904 1119 952 Itom.
1135 902 1176 952 lib.
1196 905 1260 952 xvii
1272 903 1308 954 sic
1321 917 1353 1016 οφ

941 964 1002 1030 pulo
1015 965 1113 1015 dicitnr.
1129 964 1217 1029 steph,
1231 969 1296 1029 Bos.
1308 966 1336 1029 (fl
1353 905 1632 1032 θῖιξξῑ-ἳμφίσπιωνιιενι
1647 926 1717 975 al¹o·

970 1036 1006 1098 (3)
1028 1038 1164 1100 AEcotum,
1188 1036 1266 1086 itallae
1288 1037 1428 1091 castellum.
1461 1042 1594 1107 Dionysius
1622 1045 1716 1110 (Asitiq.

941 1101 1100 1160 nom.xv1).
1114 1096 1201 1162 steph.
1216 1102 1280 1162 Itys.

973 1171 1007 1229 (i)
1026 1168 1152 1280 θαρρεῖτε,
1170 1169 1256 1220 celtica
1273 1185 1334 1283 φριιο
1349 1173 1424 1261 Juxta
1436 1175 1552 1238 Illyrium.
1586 1176 1721 1243 Dionysius

943 1230 1282 1357 taratolano
1297 1239 1420 1348 inlini.

560 1550 766 1612 EXCEIIPTA
788 1550 840 1611 nx
860 1549 985 1612 LIBRIS
1008 1552 1089 1613 XVII
1112 1561 1143 1616 et
1163 1555 1267 1617 XVIII.

146 1804 168 1862 I.
186 1836 227 1848 -
238 1804 298 1878 (16,
314 1800 372 1880 II).
384 1797 450 1861 'Ort
461 1803 475 1860 ὁ
487 1801 642 1868 Σαυνιτικὸς
659 1791 731 1867 adut<
746 1799 886 1880 ἀνερριπί-

106 1897 157 1962 σθη
169 1891 292 1963 πόλεμος,
308 1889 360 1950 ἀπὸ
374 1888 496 1964 τοιαύτης
510 1888 596 1955 αἰτίας
609 1887 761 1970 ἀρξάμενος.
804 1889 883 1949 Μετὰ

106 1976 153 2041 τὸις
163 1977 292 2049 σπονδάς,
304 1976 335 2043 θς
345 1977 502 2048 ἐποιήσαντο
517 1977 582 2058 πρὸς
592 1976 640 2048 τὴν
652 1975 795 2052 Ῥωμαίων
805 1978 882 2036 πόλιν
895 1992 898 2000 ·

53 2085 80 2122 ιο
107 2069 131 2127 σί
147 2069 287 2138 Σαυνῖται,
301 2065 393 2145 χρόνον
405 2065 492 2145 ὀλίγον
505 2063 666 2146 ἐπισχόντες,
678 2064 721 2124 ἐπὶ
734 2062 884 2131 Λευκανούς

107 2156 284 2236 ἐστράτευσαν
297 2154 407 2236 ὁμόρους
421 2153 514 2228 ὄντας,
528 2157 558 2214 ἐκ
577 2156 693 2220 παλαιᾶς
711 2176 779 2222 τινος
796 2157 884 2235 ὁρμη-

107 2243 193 2311 θέντες
207 2243 311 2324 ἔχθρας.
368 2245 439 2303 Κατ’
456 2243 539 2324 άρχὸς
563 2243 611 2319 μέν
635 2233 680 2301 ούν
701 2251 758 2309 ταῖς
783 2244 883 2301 taurini

107 2332 234 2408 δυνάμεσι
253 2331 427 2403 πιστεύοντες,
447 2332 471 2390 oI
484 2324 612 2391 Λευκανοί
627 2329 671 2388 τάν
693 2329 746 2409 [τε]
766 2328 884 2407 πόλεμον

107 2418 239 2502 διέφερον,
253 2420 280 2477 έν
294 2418 412 2486 άπάσαις
428 2419 454 2477 δέ
470 2423 678 2494 μειονεκτοῦντες
693 2417 751 2482 ταῖς
772 2416 883 2496 μάχαις,

51 2500 80 2568 In
106 2507 153 2566 καλ
162 2506 248 2567 πολλά
260 2507 307 2582 μέν
319 2505 517 2570 ἀπολωλεκότες
524 2504 576 2576 ἤδη
586 2505 683 2584 χωρία,
693 2505 886 2571 κινδυνεύοντες

107 2594 134 2652 δὲ
145 2596 191 2653 καλ
202 2593 263 2672 περλ
272 2597 319 2664 τῆς
332 2592 413 2664 άλλης
427 2596 476 2671 γῆς
486 2591 605 2664 ἁπάσης,
620 2592 664 2649 iat
678 2590 727 2662 τὴν
742 2591 886 2669 Ῥωμαίων

109 2683 230 2761 βοήθειαν
251 2680 458 2758 ἡναγκάσθησαν
480 2687 648 2761 καταφυγεῖν·
670 2679 816 2748 συνειδότες
837 2678 885 2756 μέν

108 2771 209 2836 ἑαυτοῖς
220 2768 401 2851 ἐψευσμένοις,
417 2767 448 2836 θς
461 2767 588 2847 πρότερον
600 2767 757 2838 ἐποιήσαντο
765 2769 829 2849 πρὸς
840 2768 886 2826 αύ-

107 2857 167 2925 τούς
184 2858 337 2935 ὁμολογίας,
354 2859 380 2915 ἐν
396 2847 437 2924 αἷς
451 2856 540 2938 φιλίαν
561 2854 696 2914 συνέθεντο
716 2855 762 2914 καλ
777 2879 885 2932 συμμα·

53 2970 80 3008 τι
107 2947 180 3026 χίαν,
189 2948 236 3005 οὐκ
245 2944 400 3023 ἀπογνόντες
407 2943 436 3004 δέ
446 2942 600 3022 συμπείσειν
609 2944 712 3017 αύτούς,
723 2944 767 3003 tto
779 2944 806 3012 έξ
816 2937 889 3003 άπά-

107 3059 156 3108 σης
169 3041 216 3108 τῆς
230 3035 331 3102 πόλεως
343 3033 404 3101 τοὺς
418 3033 639 3116 έπιφανιστάτους
655 3037 752 3103 παῖδας
772 3033 886 3113 ὁμήρους

107 3126 165 3202 ἅμα
174 3133 228 3195 τοῖς
239 3123 413 3206 πρεσύουταῖς
423 3122 623 3184 ἀποστείλωσιν·
636 3122 702 3200 ὅπερ
715 3122 761 3183 καλ
775 3121 882 3196 συνέόη.

109 3219 166 3292 (la)
180 3214 356 3296 Ἀφικομένων
370 3213 422 3294 γάρ
440 3216 492 3272 τῶν
507 3211 645 3292 πρέσύιων
660 3211 706 3270 καλ
725 3211 813 3271 πολλὰ
827 3211 887 3270 διο-

109 3305 210 3380 μένων,
222 3304 240 3377 ἥ
255 3327 284 3362 τε
300 3301 381 3384 βουλὴ
397 3302 519 3383 δέχεσθαι
534 3301 568 3360 τὰ
581 3301 667 3382 δμηρα
683 3301 766 3380 έγνω,
778 3300 823 3360 καλ
837 3298 886 3370 τὴν

54 3409 82 3448 eo
109 3393 196 3474 φιλίαν
219 3393 284 3473 πρὸς
304 3391 363 3458 τοὺς
377 3391 527 3458 Λευκανοὺς
548 3391 682 3471 συνάψαι,
707 3390 754 3450 καλ
776 3390 887 3466 ὁδῆμοτ

109 3482 260 3560 ἐπεκύρωσε
280 3480 313 3538 cd
327 3478 489 3561 ψηφισθέντα
504 3482 549 3537 ὁπ’
565 3481 657 3550 αὐτῆς.
692 3480 844 3555 Γενομένων
858 3475 886 3535 δὲ

108 3575 161 3629 τῶν
173 3572 307 3642 συνθηκῶν
322 3569 388 3648 πρὸς
402 3566 463 3636 τούς
478 3568 673 3632 ἀποσταλέντας
684 3567 736 3629 unt
749 3569 801 3625 τῶν
816 3571 886 3626 Λευ·

109 3663 196 3717 κανῶν
213 3658 325 3739 ἄνδρας,
340 3659 363 3715 οἱ
378 3655 554 3738 πρεσόύτατοι
569 3655 712 3733 Ῥωμαίων
728 3653 774 3715 καὶ
790 3653 887 3733 τιμιώ-

109 3771 194 3821 τατοι,
206 3744 431 3826 προχειρισθέντες
445 3744 496 3804 out
508 3749 554 3816 τῆς
566 3749 660 3826 βουλῆς
674 3742 806 3824 πρέσόεις,
821 3745 888 3801 άπε-

56 3847 83 3886 ³⁶
110 3833 245 3906 στάλησαν
269 3833 312 3889 ἐπὶ
334 3833 382 3901 τὴν
402 3831 492 3903 κοινὴν
515 3833 568 3890 τῶν
600 3834 737 3892 Σαυνιτῶν
763 3829 886 3903 σύνοδον,

111 3921 272 3995 δηλώσοντες
287 3920 373 3988 αὐτοῖς
384 3920 424 3978 ὁτι
438 3919 508 4001 φίλοι
523 3918 569 3978 καλ
583 3919 720 4000 σύμμαχοι
741 3917 886 3995 Ῥωμαίων

111 4011 162 4071 εἰσί
182 4008 329 4079 Λευκανοί,
347 4008 393 4068 καλ
414 4007 463 4080 τήν
477 4032 506 4067 τε
521 4007 623 4089 χώραν,
643 4009 675 4081 ἣν
691 4008 783 4088 έτυχον
800 4010 886 4067 αὐτῶν

111 4098 286 4180 ἀφῃρημένοι,
301 4096 532 4178 παρακαλέσαντες
552 4097 719 4167 ἀποδιδόναι,
743 4095 790 4156 καὶ
805 4098 887 4175 μηδὲν

112 4189 150 4249 ἔτι
169 4186 294 4265 πράττειν
321 4185 397 4266 ἔργον
420 4186 572 4264 πολεμίων,
589 4188 624 4252 ὡς
648 4187 678 4245 ού
698 4185 888 4266 περιοψομένης

56 4310 83 4350 40
111 4282 157 4349 τῆς
174 4274 318 4348 Ῥωμαίων
338 4275 441 4344 πολιτνος
458 4273 517 4341 τοὺς
538 4276 633 4347 ἑαυτῆς
646 4272 736 4341 ίκέτας
751 4273 886 4343 ἐξελαυνο-

111 4366 203 4445 μένους
218 4368 247 4425 ἐκ
262 4369 311 4437 τῆς
322 4365 458 4444 σφετέρας.
478 4363 574 4427 Ursini.

151 4458 189 4518 II.
218 4456 287 4534 (16,
311 4455 381 4532 13).
404 4453 439 4513 Οἱ
466 4449 492 4510 δέ
517 4453 660 4526 Σαυνῖται,
679 4455 731 4512 τῶν
750 4450 886 4531 πρέσόιων

112 4544 284 4614 ἀκούσαντες,
298 4540 463 4619 ἠγανάκτουν
477 4563 506 4599 τε
521 4541 565 4600 καλ
580 4543 769 4622 ἀπελογοῦντο·
783 4544 887 4622 πρῶτον

114 4632 160 4708 μὲν
175 4659 187 4685 ιι
199 4635 246 4691 ούκ
261 4631 304 4691 ἐπὶ
319 4631 402 4714 τούτῳ
415 4634 576 4702 πεποιῆσθαι
584 4630 703 4708 λέγοντες
712 4629 760 4698 τὸς
770 4628 831 4710 περὶ
842 4634 888 4701 τῆς

59 4746 85 4784 ιι
113 4746 127 4770 ιι
141 4720 245 4798 εἰρήνης
255 4719 413 4799 ὁμολογίας,
424 4719 469 4779 on
483 4721 522 4799 τῷ
536 4717 637 4796 μηδένα
651 4718 719 4795 μήτε
733 4718 807 4800 φιλον
825 4716 888 4775 ἴδιον

114 4835 126 4859 ιι
142 4806 291 4883 ἡγήσασθαι
301 4809 363 4884 μήτ’
374 4809 478 4891 ἐχθρὸν,
487 4807 533 4867 tio
542 4807 580 4885 μὴ
594 4806 726 4886 Ῥωμαῖοι
738 4806 889 4879 κελεύωσιν·

114 4923 127 4948 ιι
143 4893 224 4954 ἔπειθ’
238 4894 278 4954 ὁτι
294 4896 443 4962 Λευκανούς
459 4898 489 4956 ού
501 4896 627 4978 πρότερον
643 4895 801 4966 ίποιήσαντο
816 4893 888 4957 Ῥω-

113 5015 126 5040 ιι
146 4989 219 5063 μαῖαι
234 4985 333 5062 φίλους,
348 4989 407 5046 ἀλλ’
420 4987 530 5066 ἔναγχος
542 4986 683 5062 πολεμίους
692 4986 745 5060 ἤδη
760 4989 833 5064 σφῶν
846 4985 889 5044 όν-

114 5104 127 5131 ιι
141 5100 204 5146 τας,
219 5075 350 5154 πρόφασιν
370 5073 430 5134 οὔτε
445 5074 548 5134 δικαίαν
568 5073 623 5134 οὔτ’
639 5076 791 5154 εὐσχήμονα
806 5096 890 5133 κατα-

60 5188 87 5227 no
114 5192 127 5220 ιι
141 5162 328 5240 σκευαζόμενοι
344 5166 389 5221 τού
400 5162 550 5221 καταλῦσαι
566 5159 614 5230 τθις
628 5163 750 5229 σπονδάς.
763 5161 888 5240 Ἀποκρι-

115 5282 127 5308 i
140 5254 257 5332 νομένων
267 5251 295 5313 δὲ
305 5254 357 5311 τῶν
368 5247 511 5326 Ῥωμαίων
526 5249 566 5310 ὁτι
577 5249 637 5319 τούς
652 5249 782 5323 θτιηκόουε
794 5252 888 5328 ὁμολο·

974 1839 995 1887 I.
1009 1837 1042 1901 (1)
1055 1840 1138 1896 Quum
1149 1838 1313 1889 Samniticum
1321 1839 1415 1890 bellum
1427 1841 1509 1893 denno
1517 1844 1650 1894 excitatum
1663 1843 1718 1903 init,

923 1918 926 1926 ⁵
940 1938 993 2001 elus
1002 1938 1060 1988 talis
1074 1938 1137 1989 Initii
1149 1953 1223 1990 cansa
1235 1939 1339 1990 dicenda
1350 1944 1395 1991 cst.
1429 1944 1489 1993 Post
1505 1944 1586 1995 Indus
1600 1960 1657 1995 cum
1670 1948 1719 1996 Ito-

939 2053 1013 2090 mana
1032 2038 1132 2091 civitate
1155 2040 1246 2090 Iactum
1275 2043 1406 2103 samaiim,
1423 2041 1492 2093 brevi
1517 2059 1587 2094 mora
1613 2047 1719 2112 interpo-

941 2140 998 2200 sita,
1012 2143 1099 2191 contra
1117 2144 1229 2193 Lucanos
1245 2142 1378 2203 finitimos,
1394 2145 1499 2209 antiqno
1522 2144 1578 2196 odin
1590 2148 1716 2207 commoti,

941 2241 1024 2307 copias
1048 2242 1195 2293 eduxerunt.
1243 2244 1278 2307 (u)
1300 2244 1424 2308 PrincipIo
1445 2245 1522 2308 igitur
1542 2247 1648 2307 Lucani,
1662 2246 1718 2296 viri·

941 2343 988 2394 bns
1006 2343 1060 2392 suis
1081 2342 1245 2404 confidentes,
1266 2342 1359 2394 bellum
1378 2345 1545 2408 sustinebant;
1568 2345 1613 2397 sed
1637 2346 1719 2397 omni-

940 2444 988 2495 bus
1005 2444 1096 2508 proeIIIs
1111 2444 1247 2505 imminuti,
1266 2450 1292 2495 et
1310 2449 1369 2496 tunc
1383 2444 1487 2510 perditis
1505 2446 1591 2498 multis
1611 2446 1718 2497 castellis

940 2551 967 2599 et
983 2547 1015 2599 de
1033 2549 1129 2612 reliqna
1147 2547 1200 2610 agri
1218 2551 1288 2627 parte
1305 2546 1486 2611 periclitantes,
1501 2549 1533 2599 ad
1552 2552 1718 2600 Romanorum
1813 2536 1816 2541 ’

940 2647 1046 2699 tutelam
1058 2649 1190 2714 contugere
1202 2647 1281 2698 coacti
1294 2651 1360 2698 sunt.
1378 2651 1411 2711 (3)
1425 2647 1517 2699 Lucani
1530 2651 1611 2699 autern
1626 2649 1719 2700 conscii

941 2751 1010 2798 erant
1020 2751 1120 2813 pactum
1134 2762 1191 2798 cnm
1206 2748 1321 2799 Romanis
1336 2748 1368 2799 ab
1381 2748 1441 2812 ipsis
1451 2749 1528 2800 fuisse
1540 2750 1655 2811 tractum,
1668 2765 1719 2816 qno

940 2848 1011 2913 prius
1020 2862 1077 2898 eum
1089 2848 1138 2899 illis
1150 2848 1283 2899 amicitiam
1297 2853 1322 2900 et
1335 2848 1416 2899 Ioedns
1426 2849 1614 2900 constituerant.
1627 2853 1720 2902 Tamen

941 2949 988 3000 hos
1001 2963 1145 3014 permovere
1159 2963 1208 3000 non
1231 2948 1410 3014 desperabant,
1431 2950 1453 3000 si
1476 2965 1507 3000 ex
1522 2951 1636 3002 universa
1655 2954 1718 3004 ciri-

943 3055 994 3104 tats
1008 3052 1174 3105 nobilissimos
1186 3066 1276 3119 pueros
1293 3066 1349 3102 cnm
1365 3051 1453 3117 legatis
1466 3052 1565 3103 obsides
1577 3055 1717 3116 mitterent;

941 3154 967 3202 et
980 3149 1017 3201 Ita
1030 3151 1157 3202 successit.
1171 3151 1206 3215 (l)
1220 3150 1319 3214 Legatis
1329 3149 1398 3201 enim
1409 3151 1573 3214 praesentibus
1586 3153 1719 3203 vehemen-

942 3254 1032 3316 terque
1043 3251 1231 3314 adserentibus,
1250 3252 1347 3303 senatui
1359 3251 1458 3303 obsides
1469 3253 1577 3316 recipere
1591 3254 1682 3319 placuit
1694 3262 1720 3308 et

942 3350 1077 3402 amicitiam
1092 3352 1200 3403 scribere
1212 3366 1270 3402 cum
1282 3353 1388 3403 Lucanis
1398 3352 1485 3417 legatis
1496 3372 1504 3402 ι
1517 3359 1540 3404 et
1555 3355 1661 3419 populus
1672 3356 1720 3409 hoc

943 3459 1187 3509 senatusconsultum
1198 3460 1278 3509 ratum
1288 3460 1354 3510 lecit.
1376 3460 1409 3523 (5)
1421 3461 1556 3512 contractu
1565 3467 1649 3514 antem
1660 3480 1721 3517 con·

944 3556 1013 3608 cluso
1023 3573 1079 3609 cum
1090 3559 1151 3610 viris
1163 3574 1177 3609 a
1187 3561 1291 3610 Lucanis
1303 3560 1398 3624 legatis,
1409 3561 1467 3613 lecti
1478 3577 1493 3613 a
1503 3569 1590 3614 senatu
1600 3567 1644 3630 qui
1656 3568 1721 3619 inter

943 3661 1069 3710 Romanos
1089 3664 1114 3710 et
1137 3660 1245 3710 maxime
1263 3661 1375 3724 provecti
1394 3665 1470 3714 intuto
1490 3666 1516 3714 et
1536 3664 1720 3720 lionoraIIssimi

944 3763 1023 3821 erant,
1039 3760 1064 3811 in
1082 3760 1225 3812 missIonsm
1241 3759 1273 3810 ad
1288 3774 1421 3811 commune
1438 3761 1578 3813 Samnitum
1590 3766 1721 3817 mucidum

944 3864 1049 3929 protecti
1063 3869 1130 3925 sunt,
1150 3864 1195 3930 qni
1213 3864 1358 3916 nuntIarent
1372 3863 1421 3914 iilis
1438 3866 1552 3916 Lucanos
1566 3868 1645 3917 socios
1657 3871 1718 3922 ami-

942 3980 1035 4032 cosque
1048 3948 1133 4032 popnli
1148 3965 1253 4017 Romani
1271 3979 1336 4028 esse,
1355 3970 1537 4031 moneremque
1557 3970 1679 4020 samnites
1693 3975 1721 4020 ut

944 4070 1053 4122 ablatum
1069 4070 1101 4122 Iis
1116 4083 1203 4136 agrurn
1221 4068 1362 4128 redderent,
1378 4068 1487 4132 nihilque
1500 4069 1615 4135 deinceps
1631 4071 1722 4124 hostile

942 4173 1052 4226 tacerent
1068 4193 1076 4226 ι
1094 4188 1176 4240 neque
1190 4173 1256 4225 enim
1269 4177 1405 4225 Romanam
1420 4173 1508 4225 urbem
1521 4188 1650 4238 passuram
1668 4191 1721 4236 eos,

942 4272 987 4336 qni
1000 4272 1047 4323 sibi
1062 4273 1184 4338 supplices
1196 4256 1288 4334 essent,
1302 4285 1317 4322 e
1334 4271 1387 4322 suis
1399 4270 1470 4321 bonis
1482 4271 1579 4335 capelli

975 4470 999 4518 ll
1016 4468 1050 4533 (t)
1070 4469 1194 4519 Samnites
1210 4468 1294 4528 igitur,
1311 4466 1404 4518 auditis
1420 4467 1516 4531 legatis,
1536 4467 1652 4532 indignati
1667 4467 1718 4530 pri·

943 4594 1022 4640 mum,
1036 4579 1071 4631 ita
1085 4593 1112 4629 ss
1125 4593 1230 4643 purgare
1242 4583 1370 4644 soporant
1383 4593 1389 4624 :
1403 4599 1415 4623 ιι
1433 4584 1519 4629 Pacem
1535 4594 1584 4629 non
1596 4594 1624 4628 aa
1636 4578 1722 4627 condi-

945 4686 1042 4736 ctione
1064 4699 1121 4735 eurn
1141 4686 1258 4735 Itomanis
1278 4685 1309 4734 ab
1330 4698 1357 4734 se
1379 4684 1550 4749 compositam,
1571 4684 1666 4733 nntium
1693 4688 1719 4731 ut

945 4825 957 4849 ιι
975 4805 1075 4855 hostem
1088 4802 1128 4852 vel
1139 4803 1255 4861 amidam,
1268 4802 1317 4852 nisi
1326 4817 1401 4866 quom
1413 4803 1431 4852 ii
1439 4803 1578 4866 jussissent,
1593 4799 1720 4852 haberent.

945 4920 1039 4969 «Tum
1056 4919 1170 4967 Lucanos
1189 4929 1237 4966 non
1257 4920 1329 4966 antea
1350 4917 1382 4966 ad
1401 4920 1566 4966 Romanorum
1587 4914 1720 4965 amicitiam

946 5032 1120 5094 «accessisse,
1141 5031 1184 5081 ned
1199 5044 1285 5095 nuper,
1302 5045 1378 5094 quum
1395 5032 1447 5094 J'arn
1466 5028 1617 5079 Samnitibus
1636 5029 1722 5081 hostes

946 5170 958 5193 ιι
976 5150 1047 5199 erant
1068 5165 1074 5198 ε
1094 5159 1265 5211 querensque
1282 5147 1376 5210 justam
1391 5157 1472 5209 neque
1490 5142 1606 5193 decoram
1620 5157 1722 5193 cansam

947 5280 960 5306 ιι
977 5272 1031 5312 esse
1046 5259 1164 5312 Romanis
1182 5257 1290 5309 violandi
1304 5255 1394 5307 toedns.
1411 5257 1444 5320 (a)
1464 5255 1510 5315 lbi,
1526 5269 1604 5319 quum
1618 5253 1722 5306 Romani
