3772 5828
593 369 880 442 abironitarum
904 370 1043 432 itbntdnt.
1067 374 1135 432 ΗΒ.
1157 375 1194 432 11.
1646 383 1683 442 9⁸1

92 499 140 570 τήν
168 498 403 576 ἀφυλακτοτάτην,
420 498 500 576 α’πήει
523 498 568 556 καί
593 499 650 566 τοὺς
679 499 750 558 ένδον
774 503 860 559 ἔλαθε.

133 588 268 650 xxxix.
282 584 372 665 Μέχρι
380 586 426 662 μὲν
435 586 466 656 δὴ
476 586 574 645 τούτοιν
588 585 863 667 σομρέρονταιπάντες

92 676 116 731 οἰ
130 672 271 749 Ῥωμαίων
284 681 455 751 συγγραφεῖς,
471 675 498 732 έν
514 674 541 733 δί
556 675 609 742 τοῖς
624 674 729 753 ὕστερον
750 676 862 753 λεγομέ-

91 783 142 826 νοις
159 763 210 840 οιίχ
223 763 402 838 ὁμολογοῦσιν.
446 762 551 820 Πείσων
569 761 621 841 γδρ
635 765 649 820 ὁ
667 754 861 840 τιμητικός,οὸ

52 854 67 890 Ι»
91 847 274 927 καὶπρότερον
289 848 432 926 έμνήσθην,
447 848 556 928 ἄγγελόν
570 873 647 928 φησιν
661 851 768 920 ὑπὸτῆς
785 851 862 930 Ταρ-

90 934 167 1001 πείας
181 938 363 1005 ἀποσταλῆναι
372 936 473 1017 νύκτωρ
487 942 516 996 ἐκ
527 943 573 996 τοῦ
586 938 695 1018 χωρίου,
711 938 862 1012 δηλώσοντα

90 1030 129 1105 τῷ
144 1026 275 1106 Ῥωμύλῳ
288 1028 335 1095 τὰς
346 1027 532 1106 γινομέναςτῇ
547 1029 610 1107 κόρῃ
625 1028 687 1108 πρὸς
700 1028 760 1094 τοὺς
775 1028 860 1088 zesi-

90 1137 151 1180 νοος
169 1113 322 1193 ὁμολογίας,
342 1113 382 1174 ότι
411 1113 503 1192 μέλλοι
534 1115 568 1172 τδι
591 1117 773 1195 σκεπαστήρια
799 1119 862 1196 παρ’

91 1204 176 1264 αὐτῶν
185 1203 265 1262 αἰτεῖν
283 1205 352 1262 δπλα
367 1200 410 1263 διδ
423 1205 470 1274 τῆς
489 1205 635 1274 κοινότητος
648 1207 700 1262 τῶν
716 1209 859 1282 ὁμολογιῶν

37 1313 63 1348 ιο
90 1292 345 1371 παρακρουσαμένη,
379 1290 487 1364 δύναμίν
511 1292 539 1350 τ’
571 1291 714 1360 ἀξιώσοντα
748 1293 861 1370 πέμπειν

91 1380 133 1437 έπὶ
149 1378 179 1437 τὸ
192 1379 314 1459 φρούριον
329 1379 420 1456 έτέραν
434 1377 540 1451 νυκτὸς,
556 1383 592 1445 ὡς
606 1381 679 1460 αύτῷ
694 1382 861 1461 στρατηλάτῃ

89 1466 314 1546 παραληιβομένην
329 1465 388 1533 τοίς
409 1466 548 1542 πολεμίους
568 1465 681 1543 γυμνοὺς
695 1472 746 1527 τῶν
761 1469 860 1528 ὅπλων·

93 1553 136 1613 τόν
167 1553 190 1612 δ’
216 1554 326 1631 ἄγγελον
352 1554 568 1631 αὐτομολήσαντα
596 1556 659 1633 πρὸς
681 1555 724 1613 τὸν
747 1555 862 1633 ἡγεμόνα

90 1644 140 1699 τῶν
155 1640 276 1700 Σαόίνων
298 1639 442 1720 κατήγορον
463 1641 581 1719 γενέσθαι
595 1646 649 1702 τῶν
669 1646 716 1715 τῆς
729 1645 863 1721 Ταρπείας

37 1756 64 1794 ια
91 1730 286 1808 βουλευμάτων.
329 1729 363 1788 Οἱ
379 1728 406 1787 ti
421 1729 481 1808 περὶ
492 1729 537 1788 τόν
558 1729 664 1790 Φάύιόν
686 1754 715 1789 τε
736 1731 781 1790 καί
796 1733 862 1809 Κίγ-

92 1839 148 1874 κιον
164 1816 238 1874 οὐδὲν
255 1821 355 1875 τοιοῦτο
367 1816 500 1893 γεγονέναι
513 1818 646 1897 λέγουσιν,
662 1820 731 1878 ἀλλὰ
752 1820 863 1898 φυλάξαι

91 1904 140 1975 τὴν
162 1905 243 1981 κόρην
268 1902 475 1964 διαόεόαιοῦνται
500 1904 548 1974 τάς
569 1908 698 1986 περὶτῆς
725 1908 863 1988 προδοσίας

91 1990 233 2061 συνθήκας.
275 1991 316 2052 Τδι
333 1993 355 2050 δ’
379 1992 435 2065 ὁξῆς
454 1992 567 2062 ἅπαντες
590 1996 670 2054 πάλιν
688 1995 781 2067 ὁμοίοις
795 1997 860 2073 γρά-

93 2102 185 2160 φουσι.
227 2080 302 2140 Φασὶ
324 2079 375 2161 γάρ
395 2078 434 2141 ότι
456 2083 669 2161 παραγενομένου
683 2083 728 2143 σὺν
743 2087 780 2163 τῷ
794 2106 862 2164 κρα-

35 2190 64 2229 ιο
92 2166 173 2245 τίοτιμ
190 2171 237 2237 τῆς
259 2177 384 2248 στρατιᾶς
403 2168 477 2249 μέρει
491 2174 537 2228 τοῦ
561 2169 689 2248 βασιλέως
710 2174 761 2228 τῶν
775 2169 862 2230 Σαόί-

91 2280 153 2327 νων,
172 2256 338 2336 ρυλάττουσα
353 2256 400 2324 τδις
414 2257 599 2335 ύποσχέοειςὴ
614 2257 734 2334 Τάρπεια
750 2267 801 2325 τοῖς
815 2259 862 2334 μὲν

91 2344 227 2419 πολεμίοις
250 2344 346 2423 ἀνέῳξε
365 2344 413 2414 τήν
434 2345 607 2421 συγκειμένην
624 2345 736 2415 πυλίδα,
757 2346 816 2412 τοὺς
839 2348 862 2404 δ’

90 2435 117 2489 έν
131 2435 169 2511 τῷ
183 2434 275 2512 χωρίῳ
287 2433 407 2512 φύλακας
423 2432 596 2502 ἀναστήσασα
614 2433 759 2510 διαταχέων
773 2434 864 2502 σώζειν

91 2518 199 2583 ἑαυτοὺς
210 2518 282 2589 ἠξίου
297 2518 356 2577 καθ’
370 2516 459 2597 ἑτέρας
474 2518 573 2587 ἐξόδους
584 2527 637 2587 τοῖς
650 2519 783 2596 πολεμίοις
797 2524 864 2600 οἰρα·

31 2633 62 2671 25
91 2615 163 2675 νεῖς,
180 2609 214 2669 ὡς
234 2605 399 2683 κατεχόντων
414 2605 465 2676 ἤδη
484 2609 537 2663 τῶν
554 2606 676 2666 Σαόίνων
690 2605 720 2665 τὸ
734 2610 863 2690 ρρούριον.

94 2692 283 2772 Διαρυγόντων
302 2693 329 2749 δὲ
351 2691 448 2751 τούτων
469 2692 528 2760 τοὺς
545 2694 593 2770 μὲν
614 2692 743 2764 Σαόίνους
768 2699 865 2776 ἀνεῳγ-

90 2780 173 2855 μένας
197 2779 318 2858 εὑρόντας
341 2779 386 2845 τόις
409 2781 493 2848 πύλας
521 2791 663 2861 κατασχεῖν
687 2783 716 2841 τὸ
745 2784 863 2865 φρούριον

91 2869 191 2946 ἔρημον
205 2871 257 2925 τῶν
270 2867 407 2948 ρυλάκων·
421 2868 469 2941 τήν
487 2870 514 2928 δί
526 2869 673 2951 Τάρπειαν,
689 2874 723 2934 ὡς
744 2872 777 2931 τὰ
801 2876 865 2953 παρ’

92 2959 188 3026 ἑαυτῆς
222 2953 272 3013 ὅσα
297 2956 418 3014 συνέθετο
447 2958 668 3038 παρεσχημένην,
698 2958 784 3027 ἀξιοῦν
807 2962 865 3029 τοὺς

35 3065 63 3101 su
92 3043 197 3121 μισθοὺς
212 3048 259 3114 τῆς
272 3043 413 3122 προδοσίας
426 3044 496 3102 κατὰ
518 3047 578 3113 τοὺς
598 3044 687 3126 όρκους
703 3047 860 3111 ἀπολαβεῖν,

129 3132 190 3192 XL.
206 3127 319 3191 Ἔπειτα
333 3131 412 3190 πάλιν
427 3132 502 3210 ὁμὲν
516 3133 620 3193 Πείσων
634 3135 697 3214 ιρησί
712 3138 763 3193 τῶν
780 3136 864 3196 Ecdi-

89 3242 140 3277 νων
154 3219 197 3278 τόν
213 3218 310 3299 χρυσὸν
326 3218 437 3295 ἑτοίμων
459 3219 540 3279 όντων
562 3221 659 3281 διδόναι
677 3227 710 3302 τῇ
731 3222 796 3304 κόρῃ
821 3226 864 3283 τὸν

90 3308 150 3386 περὶ
163 3315 217 3374 τοῖς
240 3309 383 3387 οἰριοτεροῖς
399 3309 534 3388 βραχίοσι,
556 3311 603 3381 τὴν
627 3310 762 3388 Τάρπειαν
776 3316 805 3370 οδ
821 3314 864 3372 τόν

90 3397 187 3472 κόσμον
212 3396 280 3454 τίλλὰ
297 3394 356 3463 τοὺς
371 3395 475 3475 θυρεοὺς
488 3400 552 3476 παρ’
568 3402 653 3456 αὐτῶν
675 3402 767 3459 αἰτεῖν.
809 3403 865 3461 Τα·

36 3499 64 3536 aa
92 3482 140 3563 τίῳ
172 3483 199 3540 δὲ
234 3482 314 3557 θυμόν
344 3482 369 3540 τ’
399 3485 520 3543 εἰσελθεῖν
546 3483 588 3542 tet
619 3488 652 3562 τῇ
682 3484 797 3565 ἐξαπάτῃ
819 3488 863 3546 καὶ

92 3568 218 3646 λογισμόν
235 3577 280 3630 τοῦ
299 3567 337 3646 μὴ
363 3570 516 3648 παραίήναι
531 3569 578 3636 τίις
592 3571 744 3646 ὁμολογίας.
787 3574 865 3640 Δόξαι

94 3659 117 3713 δ’
141 3646 186 3714 ούν
211 3656 282 3736 αύτῷ
305 3658 394 3716 δοῦναι
420 3655 468 3732 μὲν
496 3659 528 3716 τὰ
547 3655 629 3726 ὁπλα,
658 3655 747 3735 ὥσπερ
769 3663 865 3729 ήπαῑς

92 3744 204 3820 ἠξίωσε,
220 3748 365 3817 ποιήσαιθ’
382 3743 451 3811 ὁπως
466 3748 552 3813 αὐτοῖς
573 3744 653 3819 μηδὲν
668 3745 785 3804 λαθοῦσα
798 3750 865 3827 χρή-

92 3854 180 3895 σεται·
202 3836 247 3894 καὶ
267 3835 361 3895 αὐτίκα
387 3836 580 3912 διατεινάμενον
593 3838 628 3900 ὡς
651 3833 758 3910 μάλιστ’
774 3837 865 3916 ἰσχύος

40 3935 66 3973 ⁴⁰
94 3916 148 4004 εἰχε
171 3927 246 4004 ῥῖψαι
266 3925 309 3983 τὀν
324 3924 412 4003 θυρεὸν
428 3921 497 3983 κατδι
508 3927 555 3995 τῆς
569 3925 656 4002 κόρης,
680 3921 725 3980 καί
745 3927 797 3989 τοῖς
811 3925 865 3982 άλ-

94 4015 147 4080 λοις
160 4013 408 4091 παρακελεύσασθαι
421 4012 503 4071 τοῦτο
522 4019 618 4072 ποιεῖν.
660 4010 739 4069 Οὕτω
752 4012 783 4082 δή
799 4015 866 4089 βαλ-

92 4102 207 4177 λομένην
221 4101 350 4158 πάντοθεν
362 4100 409 4171 τὴν
429 4099 565 4181 Τάρπειαν
579 4098 631 4157 ὑπὸ
646 4099 758 4169 πλήθους
777 4123 806 4158 τε
820 4101 866 4160 καὶ

92 4187 180 4266 ἰσχύος
196 4191 248 4245 τῶν
269 4186 379 4265 πληγῶν
395 4195 484 4246 πεσεῖν
506 4187 552 4245 καὶ
566 4188 799 4267 περισωρευθεῖσαν
815 4189 866 4247 ὑπὸ

92 4277 142 4333 τῶν
164 4276 262 4352 θυρεῶν
277 4277 426 4333 οἰποθανεῑν.
473 4275 508 4334 Οἱ
523 4272 552 4333 δὲ
564 4274 625 4354 περὶ
647 4275 690 4333 τὸν
705 4273 809 4334 dusios
822 4276 865 4334 ἰπὶ

46 4377 67 4415 ⁴⁵
92 4368 143 4431 τοῖς
171 4362 296 4430 Σοόίνοις
322 4369 425 4422 ποιοῦσι
445 4361 493 4434 τὴν
512 4367 564 4422 τῶν
576 4364 719 4440 ὁμολογιῶν
746 4363 862 4435 εἰπέτην.

91 4452 153 4511 Δέον
183 4451 234 4530 γὰρ
256 4449 351 4518 αὐτοὺς
378 4450 420 4509 τὸν
447 4450 559 4531 χρυσόν,
585 4449 674 4529 ὥσπερ
701 4455 718 4521 ἠ
744 4449 865 4528 Τάρπεια

91 4540 174 4612 ἠξίου,
194 4538 264 4598 κατὰ
284 4536 331 4604 τὸς
352 4538 490 4616 ὁμολογίας
506 4540 671 4610 ἀποδιδόναι,
692 4537 865 4618 χαλεπαίνον-

90 4649 133 4696 τας
147 4628 191 4688 eut
205 4631 244 4708 τῷ
263 4627 368 4707 μεγέθει
380 4633 426 4686 τοῦ
444 4633 536 4704 μισθοῦ
551 4627 585 4686 cir
603 4620 785 4708 σκεπαστήρια
804 4628 864 4687 κατΙ

91 4717 168 4788 εύτῆς
190 4719 291 4795 βαλεῖν,
316 4718 353 4784 ὣς
370 4714 443 4775 ταῦθ’
467 4717 505 4775 ὅτ’
525 4713 649 4792 ὤμνυσαν
678 4715 744 4791 αὐτῇ
771 4712 862 4772 δώσειν

51 4809 71 4848 ⁸⁰
92 4803 294 4884 ὁιιεσχημένοιις.
334 4800 427 4864 Ἔοικε
441 4805 469 4862 δὲ
489 4803 523 4863 τδι
548 4803 615 4880 μετδ
635 4808 717 4861 ταῦτα
735 4801 861 4878 γενόμενα

91 4891 134 4964 τήν
146 4893 282 4960 Πείσωνος
296 4891 473 4970 ἀληθεστέραν
490 4901 574 4951 ποιεῖν
588 4892 731 4971 οἰπόρασιν.
772 4887 863 4970 Τάφου

91 5003 117 5039 τι
126 4981 178 5062 γδρ
189 4982 244 5041 ἔνθ’
256 4979 349 5041 ίπεοιν
363 4979 484 5054 ἠξίωται,
499 4981 542 5039 τὸν
557 4978 695 5058 ἱερώτατον
710 4981 755 5048 τῆς
764 4977 863 5044 πολεως

93 5068 238 5151 κατέχουσα
267 5068 365 5148 λόρον,
390 5069 436 5128 καί
459 5067 524 5148 χοδις
560 5070 626 5145 αὐτῇ
650 5066 781 5142 Ῥωμαῖοι
804 5062 864 5123 καθ’

92 5155 196 5217 ὁιαατον
215 5157 333 5217 ἰνιαιιτὸν
353 5159 517 5217 ἰπιτιλοῦσι·
532 5155 602 5237 λέγω
613 5156 636 5213 δ’
649 5155 665 5213 ά
680 5152 784 5214 Πείσων
797 5151 862 5226 γρά-

166 5275 287 5315 ιιιοπεειι.

917 513 1684 584 maximenegtegipntabat,elamiisquiinarceerantsereeepit.

949 601 1052 650 xxxiii.
1078 603 1158 663 Atque
1184 600 1303 652 hactenus
1327 616 1414 656 omnes
1435 606 1538 654 Romam
1558 608 1688 669 scriptores

917 707 1090 765 consentiunt:
1105 711 1132 757 ιιι
1145 707 1170 757 in
1184 708 1344 771 sequentibus
1357 708 1512 767 dissentiunt.
1545 711 1687 770 Pisoenim,
1790 744 1793 749 -
1875 724 1879 741 ¹

917 810 1049 862 Censorius
1063 813 1147 872 (cuins
1167 813 1239 876 paulo
1261 817 1317 864 ante
1331 815 1447 876 memini)
1467 815 1554 865 asserit
1577 817 1688 867 nuntium

917 930 949 967 ex
968 931 1025 968 arce
1042 931 1057 968 a
1076 919 1178 983 Tarpeia
1199 924 1273 970 noctu
1297 923 1415 983 missum,
1429 922 1471 985 qui
1491 923 1594 973 Romulo
1612 923 1688 988 signi·

918 1020 1004 1072 bearet
1029 1024 1088 1085 quid
1112 1024 1181 1087 virgo
1204 1039 1261 1074 cum
1288 1025 1384 1077 Sabinis
1407 1030 1479 1090 pacta
1502 1030 1585 1088 esset,
1603 1040 1689 1091 nempe

917 1142 1061 1192 armaque
1087 1142 1176 1193 corpus
1196 1133 1328 1194 protegunt
1352 1131 1384 1181 ab
1410 1131 1458 1182 iltis
1484 1133 1626 1196 pactionum
1640 1146 1689 1182 am·

916 1231 1035 1294 biguitate
1060 1231 1168 1295 deceptis
1189 1246 1243 1282 eam
1268 1233 1414 1296 petituram,
1431 1237 1457 1283 et
1486 1235 1528 1296 qui
1551 1234 1688 1297 postularet

917 1343 945 1388 ιιι
964 1338 1024 1388 alias
1054 1342 1128 1387 noctu
1153 1337 1236 1400 capnias
1258 1337 1284 1387 in
1306 1351 1388 1387 urcem
1416 1339 1540 1398 mitteret,
1556 1351 1612 1400 quau
1632 1352 1689 1392 cum

918 1447 970 1512 ipso
984 1445 1048 1496 duce
1059 1445 1144 1496 bostes
1155 1445 1230 1496 armis
1240 1445 1344 1496 nudatos
1354 1447 1527 1510 opprimerent.
1560 1445 1607 1495 Sed
1622 1444 1690 1495 hune

917 1553 1030 1604 nuntium
1047 1553 1080 1602 ad
1095 1566 1176 1615 regern
1188 1552 1333 1602 Sabinorum
1347 1551 1520 1615 transfugisse,
1540 1553 1566 1601 et
1579 1550 1615 1600 itti
1630 1564 1689 1600 eon-

917 1659 971 1710 siiia
989 1658 1099 1722 Tarpeias
1117 1657 1244 1707 indicasse.
1277 1656 1366 1706 Fabius
1381 1670 1441 1706 reno
1464 1661 1490 1707 et
1514 1656 1614 1705 cincius
1632 1654 1689 1704 nibil

916 1763 966 1814 tale
977 1761 1094 1813 accidisse
1103 1761 1203 1821 dicunt,
1220 1760 1263 1810 sed
1276 1761 1382 1824 puellam
1395 1763 1467 1824 pacta
1487 1760 1630 1825 proditionis
1641 1772 1692 1809 ser·

917 1881 989 1919 vasso
1001 1866 1133 1917 affirmant.
1166 1870 1198 1915 at
1213 1865 1238 1915 in
1251 1864 1281 1914 iis
1300 1877 1356 1929 quae
1375 1869 1513 1926 sequuntur
1534 1878 1620 1915 omnes
1631 1876 1691 1914 con·

918 1974 1033 2024 sentiunt.
1067 1974 1169 2021 Narrant
1183 1972 1248 2021 enim
1265 1970 1401 2032 Tarpeiam,
1422 1971 1450 2020 ut
1464 1969 1585 2032 promissa
1604 1982 1690 2019 serra·

917 2080 970 2139 ret,
994 2090 1050 2140 rege
1075 2076 1220 2125 Sabinorum
1239 2089 1296 2124 cum
1322 2074 1446 2125 exercitus
1468 2078 1538 2137 parte
1559 2073 1692 2123 lectissima

917 2183 1072 2244 adventante,
1088 2181 1200 2232 hostibus
1216 2184 1320 2243 portam,
1340 2179 1371 2228 de
1392 2193 1441 2242 qua
1462 2179 1581 2229 intereos
1597 2191 1691 2228 eonve-

906 2290 999 2348 .uerat,
1013 2284 1145 2350 aperuisse,
1164 2283 1260 2348 locique
1279 2281 1394 2332 custodes
1415 2295 1448 2332 ec
1467 2294 1557 2331 somno
1573 2281 1691 2332 excitatos

916 2391 1056 2453 monuisse,
1067 2392 1096 2440 ut
1110 2389 1179 2439 ocius
1196 2389 1361 2439 secernerent
1374 2400 1417 2451 per
1435 2387 1509 2437 atium
1528 2390 1625 2452 portam
1636 2384 1692 2436 hos·

917 2499 984 2549 tibus
1006 2496 1165 2558 incognitam,
1182 2495 1248 2558 quod
1262 2493 1345 2544 Sabini
1361 2495 1409 2544 iam
1425 2507 1506 2543 arcem
1520 2495 1689 2556 occupassent.

918 2605 981 2656 Cum
1008 2607 1091 2653 autem
1119 2601 1145 2651 bi
1177 2601 1342 2665 diffugissent,
1366 2599 1468 2650 Sabinos
1492 2603 1575 2648 nactos
1607 2601 1691 2661 portas

918 2717 1015 2778 apertas
1034 2724 1165 2775 occupasse
1183 2724 1264 2760 arcem
1277 2724 1292 2759 ιι
1305 2708 1450 2760 custodibus
1468 2708 1611 2758 desertam:
1629 2709 1690 2757 Tar·

917 2821 997 2883 peiam
1012 2832 1084 2879 nero,
1098 2817 1163 2880 quod
1178 2830 1234 2880 quae
1250 2816 1356 2880 pollicita
1372 2816 1451 2864 inerat
1464 2813 1634 2878 prestitisset,
1648 2826 1691 2875 pe-

917 2927 986 2976 tiisse
1000 2929 1029 2976 ut
1041 2924 1088 2976 sibi
1099 2925 1186 2975 darent
1199 2923 1342 2988 proditionis
1356 2920 1502 2981 mercedem,
1512 2934 1587 2983 quam
1598 2919 1691 2969 iureiu-

918 3033 995 3082 rando
1011 3031 1180 3095 promiserant.

950 3133 997 3180 XL.
1011 3131 1058 3179 Hic
1069 3143 1156 3179 rursus
1167 3128 1225 3177 Piso
1238 3128 1287 3186 ait,
1300 3125 1394 3176 Sabinis
1403 3123 1495 3188 paratis
1508 3135 1595 3171 aurum
1605 3120 1692 3184 puella

919 3237 1014 3288 tradere
1037 3236 1101 3301 quod
1134 3234 1159 3283 in
1188 3233 1292 3284 sinistris
1326 3232 1433 3282 braebiis
1459 3230 1602 3295 gestabant,
1630 3230 1691 3277 Tar·

919 3348 999 3411 peiam
1011 3360 1059 3396 non
1072 3346 1243 3395 ornamentum
1254 3341 1330 3402 illud,
1348 3340 1391 3391 sed
1400 3354 1486 3391 corum
1502 3343 1572 3389 scuta
1584 3338 1691 3401 petiisse.
1787 3378 1793 3389 .

918 3461 988 3507 Tunc
1003 3461 1085 3507 autem
1102 3455 1214 3513 Tatium,
1238 3452 1270 3501 ob
1283 3453 1356 3502 istam
1376 3449 1487 3499 fraudem
1503 3448 1540 3499 ira
1552 3450 1692 3510 correptum

919 3564 1069 3627 excogitasse
1081 3561 1209 3620 rationem,
1222 3571 1271 3620 qun
1286 3562 1386 3620 pactum
1397 3569 1444 3604 non
1463 3555 1573 3604 violaret.
1606 3552 1693 3604 Visum

920 3671 983 3722 enim
996 3668 1029 3719 itii
1041 3681 1109 3716 arma
1120 3665 1220 3728 quidem
1235 3664 1340 3724 tradere,
1351 3665 1378 3712 ιιι
1389 3660 1470 3727 puelia
1482 3659 1634 3724 postulabat,
1649 3659 1692 3708 sed

918 3782 953 3831 ita
968 3782 997 3830 ut
1012 3778 1043 3829 iis
1056 3775 1163 3839 acceptis
1175 3775 1211 3824 uti
1226 3787 1273 3823 non
1291 3775 1374 3836 posset
1395 3792 1402 3820 ·.
1423 3783 1499 3833 quare
1516 3782 1573 3819 mon
1587 3768 1646 3818 totis
1660 3768 1694 3818 vi·

919 3892 987 3942 ribus
1000 3888 1124 3940 vibratum
1139 3887 1236 3935 scutum
1250 3882 1276 3932 in
1299 3880 1403 3944 pueltam
1424 3878 1518 3939 iecisse,
1539 3880 1565 3928 et
1580 3880 1607 3927 ut
1628 3876 1693 3927 idem

919 3995 960 4046 alii
976 3993 1085 4044 iacerent
1098 3991 1249 4054 imperasse:
1265 3990 1338 4049 atque
1349 3984 1384 4033 ita
1397 3981 1504 4045 undique
1516 3982 1619 4046 petitum
1633 3983 1692 4031 Tar-

920 4106 999 4170 peiam
1012 4100 1167 4154 multitudine
1175 4103 1200 4150 et
1215 4098 1237 4147 ri
1248 4099 1341 4148 ictuum
1355 4094 1482 4152 cecidisse,
1496 4097 1521 4144 et
1532 4093 1609 4143 scutis
1619 4090 1693 4140 undi-

919 4225 967 4276 que
978 4211 1092 4261 obrutam
1105 4207 1202 4257 obiisse.
1236 4204 1326 4253 Fabius
1344 4217 1402 4253 aero
1416 4201 1481 4250 hanc
1500 4201 1611 4252 fraudem
1623 4202 1694 4252 Subi·

920 4315 957 4364 nis
969 4313 1081 4365 attribuit
1096 4331 1103 4360 ι
1115 4311 1151 4361 ait
1162 4310 1227 4360 enim
1245 4322 1297 4368 eos,
1316 4321 1374 4358 eum
1393 4319 1480 4356 aurum
1493 4309 1521 4358 ut
1534 4307 1636 4369 Tarpeia
1648 4320 1693 4367 po·

919 4418 1024 4470 stuiarat
1040 4419 1159 4481 expecto
1175 4414 1272 4464 tradere
1284 4412 1410 4472 deberent,
1425 4409 1563 4475 indignatos
1574 4409 1695 4463 mercedis
1741 4416 1744 4421 '

919 4521 1094 4585 magnitudine,
1114 4532 1183 4569 arma
1195 4516 1285 4581 quibus
1305 4529 1332 4566 se
1346 4514 1461 4579 tegebant
1474 4514 1499 4564 in
1513 4528 1568 4566 earn
1584 4513 1670 4563 iecisse
1685 4532 1692 4562 ε

918 4626 986 4692 quod
1004 4626 1067 4685 haec,
1092 4637 1142 4688 qno
1166 4627 1275 4687 tempore
1298 4621 1434 4681 iurassent,
1458 4619 1492 4669 iili
1514 4616 1690 4682 promisissent.

918 4731 966 4783 sed
979 4744 1034 4795 quas
1049 4733 1135 4793 postea
1148 4732 1205 4779 sunt
1221 4731 1308 4778 secuta
1330 4727 1423 4781 iaciunt
1441 4728 1468 4775 ut
1487 4721 1581 4772 Pisonis
1599 4721 1693 4768 senten·

917 4839 952 4889 tia
971 4836 1003 4887 nd
1031 4834 1159 4885 veritatem
1184 4833 1287 4898 propius
1322 4832 1439 4882 accedere
1467 4826 1589 4876 videatur.
1630 4822 1692 4870 Nam

917 4941 1023 5006 sepulcri
1034 4939 1134 4997 bonore,
1150 4938 1174 4986 in
1187 4951 1216 4986 eo
1233 4939 1286 4986 toco
1300 4936 1343 4986 ubi
1359 4932 1489 4988 ceciderat,
1501 4929 1526 4978 in
1539 4923 1691 4975 sanctissimo

916 5048 985 5101 urbis
994 5047 1055 5098 cotie
1063 5043 1223 5097 Romanieam
1232 5043 1330 5103 dignam
1341 5038 1492 5095 huirnemnt,
1509 5032 1580 5097 eique
1592 5029 1692 5082 inseriae

917 5153 1048 5218 quotannis
1063 5151 1170 5213 iaciunt3
1186 5149 1243 5201 ιιῖεο
1256 5149 1338 5197 autem
1356 5155 1412 5207 que
1434 5140 1491 5191 Piso
1509 5137 1608 5202 scribit,
1628 5150 1690 5203 qno·

1583 5232 1599 5283 7
1693 5234 1697 5245 .
