3772 5828
158 381 217 440 436

160 512 215 579 έξδν
239 512 397 589 μεταλαύεῖν
419 511 463 571 διά
482 510 513 569 τδ
536 512 686 582 στασιάζειν
713 513 939 583 ἀπεκωλύθησαν,

161 602 197 667 είς
211 597 258 666 τάς
279 602 372 667 λοιπὰς
386 599 486 668 ἐξόδους
507 600 634 676 γένωνται
657 599 857 681 φρονιμώτεροι.
874 600 940 659 Διαί-

161 712 218 748 νοια
233 688 280 766 μίν
295 693 340 747 τοῦ
359 689 449 768 ἀνδρὸς
466 688 514 759 ἥδε
527 688 627 767 ἐγένετο
644 688 701 766 περί
718 689 749 748 τδ
760 688 842 764 ἔργον.
860 688 939 767 Χολιμ

161 777 189 836 δέ
204 778 310 854 ὑπούλῳ
333 776 378 835 καί
396 776 480 856 φθόνῳ
499 778 634 852 δυσμενῶν
655 774 721 846 αὐτή
744 778 801 834 καθ’
823 776 938 848 αὑτλνὴ

124 886 137 924 o
163 866 254 945 πρᾶξις
270 864 440 939 ἐξεταζομένη
457 863 614 941 δημαγωγία
627 887 666 929 τις
680 864 801 944 ἐφαίνετο
815 856 881 923 εἶναι
893 866 938 923 καί

162 954 293 1030 δεκασμὸς
308 952 468 1033 τυραννικός.
510 949 598 1010 Ὥστε
614 955 676 1029 βοῆς
690 951 735 1010 καὶ
746 951 938 1029 θορύύευπάσα

162 1033 194 1115 ἦν
207 1043 367 1112 ἀνάπλεωςή
383 1039 534 1122 ἀγορά,καί
546 1037 605 1097 οὐτε
622 1043 635 1097 ὑ
647 1039 768 1116 Μάρκιος
778 1040 843 1119 πρὸς
855 1047 939 1101 ταῦτα

162 1120 234 1209 εἶχεν
250 1130 265 1190 ὅ
278 1155 302 1189 τι
316 1130 521 1209 ἀπολογήσαιτο,
536 1127 596 1186 οὐτε
616 1126 715 1192 ύπατος
733 1127 786 1186 οὐτ’
803 1128 880 1196 ἄλλος
893 1131 940 1188 οὐ·

163 1217 229 1292 δεῖς,
249 1210 292 1277 οἷα
308 1217 340 1289 δὴ
360 1216 508 1296 παραδόξου
528 1214 574 1274 καὶ
597 1214 794 1293 ἀπροσδοκήτου
817 1215 940 1297 φανείσης

111 1331 137 1371 ro
162 1306 207 1365 έπί
220 1329 294 1387 σφισι
304 1310 349 1379 τῆς
364 1307 459 1372 αίτῖας.
485 1301 596 1375 Ἐπειδὴ
612 1302 639 1360 δὲ
651 1300 732 1368 οὐδείς
743 1304 828 1363 οὐκέτι
843 1305 939 1364 dario·

162 1398 249 1473 γεῖτο,
263 1397 397 1455 ἀνέδωκαν
414 1400 437 1452 οί
451 1393 585 1473 δήμαρχοι
595 1393 642 1466 τὴν
659 1395 746 1473 ψῆφον
758 1400 815 1460 ταῖς
830 1395 937 1475 φυλαῖς,

162 1483 267 1561 τίμημα
292 1483 484 1565 ἐπιγράψαντες
513 1487 545 1561 τῇ
570 1482 629 1562 δίκη
655 1481 740 1562 φυγήν
761 1477 845 1540 ἀίδιον
871 1483 941 1540 κατὰ

164 1572 219 1639 δέος
262 1563 336 1648 οἶμαι
357 1578 402 1631 τοῦ
417 1571 455 1649 μή
483 1570 515 1629 ἀν
530 1571 631 1630 ἁλῶναι
654 1571 698 1631 τθν
721 1569 802 1651 ἀνδρα
829 1570 941 1631 θανάτου

164 1663 234 1740 αὐτῷ
263 1661 426 1739 τιμηθέντος.
472 1661 523 1728 Ὡς
559 1661 581 1719 δ’
609 1660 775 1741 ίπεψήφισαν
807 1658 937 1735 ἅπαντες,

112 1769 136 1807 lo
164 1750 390 1830 διαριθμουμένων
413 1752 466 1809 τῶν
483 1749 578 1832 ψήφων
600 1751 630 1810 οὐ
655 1749 724 1828 μέγα
743 1749 773 1809 τδ
789 1749 941 1829 διάλλαγμα

163 1839 255 1920 δφάνη.
299 1841 373 1905 Mra(
386 1836 438 1918 γάρ
453 1837 497 1897 καί
510 1837 593 1898 είκοσι
605 1837 664 1897 τότε
679 1840 768 1920 φυλῶν
784 1841 883 1912 οὐσῶν,
900 1830 941 1906 αἷς

162 1931 282 2008 ἡψῆφος
308 1927 434 2000 ἀνεδόθη,
461 1927 507 1993 τάς
531 1927 696 1994 ἀπολυούσας
719 1926 802 2008 φυλάς
829 1928 941 2008 ἔσχενθ

163 2016 284 2097 Μάρκιος
297 2017 380 2077 ἐννέα·
402 2016 471 2078 ὥστε
484 2022 506 2075 εί
520 2015 566 2075 δύο
588 2019 737 2095 προσῆλθον
758 2018 830 2098 αὐτῷ
846 2019 939 2095 φυλαὶ,

164 2104 207 2164 διά
218 2103 267 2177 τὴν
283 2106 427 2186 ἰσοψηφίαν
437 2104 582 2164 ἀπελέλντο
594 2103 637 2180 δν,
645 2102 734 2183 ῶσπερ
746 2102 848 2180 δνύμος
856 2101 938 2174 ἠξίου.

112 2211 138 2248 ²⁰
204 2194 289 2254 LXV.
314 2191 388 2264 Αὕτη
412 2192 505 2272 πρώτη
529 2194 588 2251 κατ’
602 2192 694 2269 ἀνδρὸς
715 2191 857 2271 πατρικίου
872 2191 940 2272 πρό-

163 2284 257 2352 κλησις
271 2283 307 2348 είς
331 2280 376 2339 τὸν
400 2281 483 2358 δῆμον
506 2283 608 2361 ἐγένετο
629 2280 673 2338 ίπί
697 2279 766 2359 δίκη.
811 2279 866 2340 Καί
889 2283 942 2341 ἀπ’

164 2368 262 2428 ἐκείνου
278 2376 323 2429 τοῦ
343 2368 439 2450 χρόνου
453 2380 507 2437 τοῖς
525 2370 631 2448 ὑστερον
648 2367 815 2444 λαμύάνονσι
830 2370 877 2443 τὴν
892 2376 939 2431 τοῦ

165 2459 248 2536 δήμου
271 2459 435 2539 προστασίαν
457 2459 512 2525 έθος
535 2461 650 2530 κατέστη
672 2461 762 2518 καλεῖν
791 2457 834 2526 οὑς
858 2459 939 2528 δόξειε

162 2551 213 2606 τῶν
236 2548 351 2607 πολιτῶν
365 2548 439 2621 δίκην
457 2547 597 2628 ὑφέξοντας
621 2547 666 2607 ἐπί
679 2552 724 2606 τοῦ
740 2546 837 2625 δήμου.
883 2547 939 2609 Καί

111 2661 136 2698 aa
163 2637 262 2697 ἰνθένδε
280 2637 447 2718 ἀρξάμενοςδ
462 2639 544 2715 δῆμος
558 2638 625 2715 ἤρθη
642 2635 742 2716 μέγας,
760 2642 776 2707 ἡ
792 2635 819 2695 δὲ
832 2639 938 2716 ἀριστο·

163 2726 258 2804 κρατία
273 2725 361 2786 πολλδι
374 2732 421 2786 τοῦ
433 2727 544 2808 ἀρχαίου
564 2724 713 2803 ἀξιώματος
726 2722 861 2799 ἀπίὺαλι,
878 2729 935 2803 βου·

162 2816 209 2884 λῆς
222 2837 249 2872 τε
262 2816 382 2896 μετέχειν
395 2815 572 2897 ίπιτρέπουσα
588 2822 639 2880 τοῖς
650 2816 812 2890 δημοτικοῖς,
828 2814 873 2873 καί
889 2817 938 2894 ἀρ-

162 2903 212 2980 χάς
227 2905 344 2979 μετιέναι
363 2910 549 2985 συγχωροῦσα,
566 2906 643 2983 ίερῶν
654 2927 681 2962 τε
694 2903 854 2982 προστασίας
866 2905 937 2981 λαιμ-

163 2989 251 3050 ύάνειν
264 2995 293 3052 οὐ
311 2994 451 3052 κωλύουσα
468 2993 512 3050 καί
525 2991 574 3051 ὅσοι
589 2992 658 3050 ἀλλα
680 2990 829 3066 τιμιώτατα
844 2983 876 3062 ήν
891 2991 937 3050 καί

110 3111 137 3150 30
164 3082 216 3138 ἴδια
233 3086 285 3141 τῶν
312 3081 459 3161 πατρικίων
482 3081 567 3158 μόνων
583 3079 666 3136 ἅπασι
686 3078 887 3152 κοινωσαμένη,
904 3079 938 3138 τδι

163 3169 210 3246 μίν
228 3172 271 3229 ὑπ’
287 3170 403 3249 ἀνάγκης
419 3192 447 3225 τε
471 3165 517 3224 καὶ
531 3171 646 3236 ἄκουσα,
671 3163 704 3222 τά
726 3164 753 3223 δέ
772 3168 801 3223 ἐκ
814 3166 937 3243 προνοίας

162 3262 247 3318 τεκαὶ
264 3259 354 3338 σοφίας
375 3257 441 3335 ὑπὲρ
457 3246 493 3314 ὧν
506 3253 575 3315 κατά
595 3255 639 3311 τὸν
657 3255 751 3311 οἰκεῖον
765 3257 854 3332 καιρὸν
873 3256 934 3335 ἐρῶ,

162 3351 249 3409 Τοῦτο
264 3347 354 3425 μέντοι
366 3348 396 3406 τό
410 3345 486 3416 ἔθος,
506 3343 576 3418 λέγω
594 3342 621 3401 δὲ
636 3344 666 3401 τὸ
680 3345 818 3401 καλεῖσθαι
831 3343 891 3411 τούς
910 3348 937 3404 έν

162 3440 195 3515 τῇ
208 3437 282 3496 πόλει
296 3434 498 3498 δυναστεύοντας
516 3433 558 3490 ἐπὶ
571 3434 659 3508 δίκην,
673 3423 728 3503 {ab
744 3432 826 3507 δῆμος
839 3432 938 3511 ἐγένετο

110 3559 135 3597 35
162 3526 222 3584 τότε
244 3527 348 3604 κύριος,
374 3521 472 3588 πολλάς
499 3520 530 3579 ἀν
560 3521 696 3600 παράσχοι
718 3519 803 3597 λόγων
825 3524 944 3601 ἀφορμὰς

164 3620 216 3678 τοῖς
231 3613 345 3670 ἐπαινεῖν
362 3609 425 3667 αὐτὸ
441 3608 606 3688 βουλομένοις
625 3606 756 3688 ήψέγειν.
773 3609 870 3666 Πολλοὶ
890 3610 936 3684 μὲν

162 3702 213 3780 γάρ
229 3702 280 3774 ἤδη
297 3699 374 3760 καλοί
390 3700 435 3758 καί
457 3702 549 3774 ἀγαθοὶ
571 3698 661 3774 ἄνδρες
675 3699 721 3754 οὐκ
736 3695 796 3764 ἀξια
816 3703 861 3765 τῆς
876 3699 936 3774 ἀρε·

162 3793 208 3861 τῆς
227 3791 339 3864 ἔπαθον,
358 3790 474 3867 αἰσχρῶς
490 3787 534 3844 καί
549 3789 638 3851 κακῶς
659 3785 705 3849 τάς
722 3783 808 3863 ψυχάς
822 3785 871 3842 ὑπὸ
888 3788 937 3842 τῶν

164 3877 307 3955 δημάρχων
324 3874 526 3958 ἀφαιρεθέντες·
543 3870 638 3929 πολλοὶ
656 3870 682 3927 δέ
696 3870 815 3936 αὐθάδεις
829 3872 874 3928 καί
888 3895 937 3930 τυ-

111 3991 139 4031 to
165 3965 279 4040 patareni
293 3974 346 4030 τοῖς
361 3965 466 4041 τρόποις
481 3961 558 4037 λόγον
581 3956 788 4034 ἀναγκασθέντες
812 3961 937 4037 ὑποσχεῖν

164 4055 208 4107 τοὺ
226 4052 282 4126 βίου
293 4052 337 4110 καὶ
352 4055 404 4111 τῶν
417 4050 633 4123 ἐπιτηδευμάτων
650 4046 722 4112 δίκας
733 4044 780 4112 τίς
790 4048 938 4123 προσηκού-

164 4161 213 4204 σας
227 4139 330 4199 ἔδοσαν.
373 4140 471 4200 Ὁπότε
485 4138 533 4216 μὲν
549 4128 593 4196 οὐν
609 4135 720 4193 ἀπὸτοῦ
734 4133 875 4214 κρατίστου
893 4136 937 4207 γέ·

163 4251 248 4287 νοιντο
263 4233 289 4284 αἱ
305 4229 471 4306 διαγνώσεις,
490 4228 536 4288 καί
549 4224 716 4303 καθαιρεθείη
732 4222 765 4282 τδι
782 4226 833 4282 τῶν
851 4224 936 4300 μεγά-

163 4321 215 4377 λων
239 4317 383 4396 αὐχήματα
408 4317 455 4377 σύν
471 4319 546 4395 δίκη,
572 4315 640 4393 μέγα
665 4339 690 4373 τι
715 4313 760 4373 καί
785 4313 936 4389 θαυμαστὸν

111 4442 137 4477 ,ς
164 4408 284 4485 ἐφαίνετο
296 4397 362 4464 εἶναι
372 4412 474 4485 χρῆμα,
486 4405 531 4464 καί
542 4406 592 4464 ύπδ
603 4403 701 4459 πάντων
712 4406 844 4479 ἐπῃνεῖτο·
857 4402 936 4462 όπάτε

164 4494 190 4552 δέ
207 4494 284 4573 ἀρετή
308 4495 462 4574 φθονηθεῖσα
480 4493 569 4572 ἀνδρὸς
584 4492 617 4552 τδι
639 4490 714 4552 κοινδι
734 4483 762 4550 εὐ
780 4492 937 4557 διοικοῦντος

163 4584 258 4651 ἀδίκως
275 4583 439 4663 ἀναιρεθείη,
452 4583 533 4640 δεινόν
546 4607 571 4640 τι
584 4590 635 4648 τοῖς
651 4581 740 4648 ἀλλοις
755 4579 936 4659 κατεφαίνετο,

163 4674 208 4731 καί
223 4675 245 4731 οί
262 4678 305 4731 τοῦ
321 4672 390 4736 ἔθους
407 4668 530 4751 ἄρξαντες
544 4674 749 4749 κατηγοροῦντο.
805 4667 936 4733 Πολλάκις

163 4787 191 4821 τε
212 4762 416 4842 βουλευσάμενοι
438 4763 461 4816 οῖ
475 4756 617 4833 Ῥωμαῖοι,
633 4760 732 4837 πότερα
748 4755 800 4837 χρὴ
820 4758 935 4812 καταλῦ·

111 4875 136 4912 ου
164 4872 207 4906 σαι
220 4851 281 4909 αὐτὸ
297 4849 313 4919 ἢ
329 4847 483 4930 φυλάττειν,
504 4836 556 4904 οἷον
574 4847 648 4925 παρά
670 4849 721 4904 τῶν
737 4842 872 4923 προγόνων
885 4866 935 4900 πα-

165 4938 289 5014 ρέλαδον,
304 4938 376 4998 οὐθὲν
387 4936 515 5007 ἐπέθηκαν
529 4939 561 5015 τῇ
576 4936 658 5013 βουλῇ
670 4933 760 5011 πέρας.
780 4933 811 4990 tlt
824 4927 850 4988 δέ
865 4928 935 5007 [ἐμὲ]

164 5025 202 5082 δεῖ
224 5027 267 5082 καί
292 5029 368 5086 αὐτὸν
392 5025 577 5107 ἀποφήνασθαι
594 5022 655 5099 περὶ
677 5020 837 5090 τηλικούτων
855 5040 937 5097 πραγ-

165 5111 254 5187 μάτοιν
271 5113 395 5189 γνώμην,
419 5112 478 5189 ἐμοί
500 5110 572 5169 δοκεῖ
590 5109 622 5167 τδ
645 5106 692 5182 μέν
717 5109 773 5172 ἔθος
788 5103 853 5164 αὐτὸ
878 5102 936 5161 καθ’

165 5200 242 5259 ἑαυτδ
268 5197 449 5275 ἐξεταζόμενον
477 5195 607 5275 χρήσιμον
640 5185 702 5255 εἶναι
729 5193 773 5252 καί
799 5192 874 5250 πολει
902 5195 935 5271 τῇ

689 374 856 440 btultlslt
880 378 1257 443 Hatlcalmassuttsls

993 522 1125 587 participes
1135 536 1189 574 asse
1202 523 1350 588 potuissent,
1362 525 1384 575 si
1393 525 1543 590 noluissent)
1557 529 1652 592 seipsos
1662 536 1778 595 propter

994 607 1140 659 seditionem
1154 608 1328 673 fraudassent,
1343 610 1369 661 ia
1380 611 1481 674 reliquis
1495 612 1694 677 expeditionibus
1707 632 1777 680 pru-

993 692 1116 744 dentiores
1143 699 1233 746 essent.
1269 697 1323 746 ltoc
1341 696 1415 760 igitur
1435 698 1558 749 tuitillius
1574 700 1622 751 viri
1649 715 1679 752 ea
1695 703 1721 751 in
1744 717 1779 755 re

993 776 1132 828 consilium.
1165 778 1213 829 Sed
1225 780 1263 830 ira
1278 779 1382 831 subdola
1397 785 1423 832 et
1437 782 1530 833 invidia
1550 784 1709 837 inimieorum
1721 790 1780 838 tae·

992 860 1046 911 turn
1058 859 1152 910 nudum
1167 861 1328 926 perpendens,
1339 861 1419 926 piebis
1433 868 1625 917 assentationem
1640 868 1775 930 quandam

993 944 1020 993 et
1032 942 1187 1007 largitionem
1202 943 1352 1007 tyrannicam
1367 945 1585 1009 interpretabatur.
1607 953 1774 1018 Quapropter

994 1025 1145 1078 clamoribus
1161 1029 1188 1077 et
1199 1026 1306 1077 tumulto
1327 1030 1407 1078 totum
1426 1029 1506 1080 torum
1522 1035 1693 1097 perstrepebat
1704 1057 1711 1096 3
1723 1051 1775 1087 nee

994 1107 1103 1158 llarcius
1139 1106 1199 1171 quid
1221 1106 1254 1158 ad
1277 1108 1332 1159 trec
1352 1110 1524 1174 responderet,
1542 1113 1664 1175 babebat,
1687 1132 1775 1182 neque

993 1187 1057 1239 alius
1070 1187 1208 1256 quispiam
1228 1189 1294 1255 quod
1309 1195 1506 1256 praeteromnem
1517 1198 1729 1259 exspectationem
1743 1206 1773 1252 et

993 1284 1062 1337 spem
1084 1271 1132 1323 boc
1145 1273 1237 1325 eumen
1253 1275 1313 1339 ipsis
1334 1274 1457 1327 obiectum
1482 1281 1557 1328 esset.
1591 1282 1690 1343 Quare,
1714 1297 1776 1336 eum

994 1354 1076 1406 nobas
1097 1355 1204 1420 amptius
1225 1355 1258 1408 ad
1277 1357 1371 1409 crimen
1395 1360 1455 1411 illud
1478 1365 1657 1427 responderet,
1678 1365 1776 1419 tribuni

995 1438 1075 1491 tribus
1091 1440 1116 1491 in
1128 1439 1247 1506 suiiragia
1267 1442 1396 1503 miserunt,
1419 1444 1527 1497 stlitem
1548 1449 1635 1499 exsilio
1648 1457 1775 1516 perpetuo

994 1520 1160 1575 aesbrmrunt.
1171 1523 1231 1587 quia
1244 1524 1292 1589 (ut
1308 1526 1442 1592 existimo)
1462 1529 1618 1593 verebantur,
1635 1547 1665 1584 ne
1687 1535 1775 1587 alrsol·

995 1610 1105 1670 veretur,
1118 1608 1140 1658 si
1153 1623 1249 1674 paenam
1259 1612 1387 1677 capitalem
1397 1614 1422 1664 in
1431 1628 1487 1666 eum
1500 1617 1652 1670 statuissent.
1665 1622 1772 1679 Deinde,

995 1706 1052 1743 cum
1061 1706 1147 1744 omnes
1160 1696 1279 1761 suttragia
1291 1697 1418 1759 tulissent,
1435 1700 1570 1752 numeratis
1582 1702 1708 1768 suffragiis
1720 1720 1772 1757 non

996 1790 1110 1842 magnum
1131 1777 1262 1831 discrimen
1285 1781 1408 1847 apparuit.
1441 1783 1503 1835 itam
1526 1799 1584 1837 cnm
1607 1801 1637 1838 eo
1659 1792 1775 1853 tempore

998 1873 1041 1909 aar
1067 1859 1149 1911 tribus
1166 1868 1257 1925 essent,
1275 1879 1332 1928 quae
1343 1866 1369 1916 in
1380 1865 1498 1932 sutfragia
1511 1875 1582 1921 erant
1595 1872 1685 1929 missae.
1702 1878 1775 1925 llar-

995 1943 1050 1993 cius
1062 1957 1076 1993 a
1090 1958 1179 1996 novem
1190 1948 1363 2002 absolvebatur
1378 1965 1384 1995 τ
1401 1951 1485 2017 itaque
1499 1956 1521 2005 si
1533 1955 1591 2007 dun
1603 1957 1684 2009 tribus
1696 1975 1773 2024 pra*-

998 2029 1068 2075 tercu
1080 2038 1106 2075 se
1121 2024 1168 2089 ipsi
1182 2027 1367 2094 ademissent,
1392 2033 1426 2084 ob
1448 2034 1621 2099 suffragiorum
1643 2041 1774 2103 equalita-

996 2116 1047 2165 tem
1058 2114 1185 2166 absolutus
1196 2117 1296 2170 luisset.

1027 2213 1096 2262 Lliv.
1118 2214 1177 2263 ilaec
1188 2215 1267 2278 prima
1284 2215 1329 2265 tuit
1342 2216 1376 2267 de
1391 2220 1446 2268 viro
1464 2218 1565 2284 patritio
1580 2219 1610 2269 ad
1624 2222 1709 2286 populi
1724 2222 1768 2273 iu·

996 2309 1087 2360 dicium
1100 2312 1198 2362 vocatio
1212 2331 1218 2363 ι
1233 2317 1317 2377 postea
1330 2315 1362 2365 ab
1376 2316 1420 2367 illo
1431 2319 1541 2383 tempore
1555 2318 1602 2368 boc
1619 2318 1645 2368 in
1662 2333 1770 2373 consue·

996 2408 1106 2461 tudinem
1122 2410 1205 2474 venit,
1218 2413 1248 2462 ut
1257 2411 1350 2464 tribuni
1363 2414 1459 2478 plebis,
1475 2413 1658 2480 quibuscunque
1670 2417 1771 2470 civibus

996 2509 1100 2573 vellent,
1113 2510 1178 2563 diem
1201 2511 1328 2575 dicerent,
1344 2514 1411 2577 apud
1429 2515 1547 2580 populum
1557 2519 1632 2579 atque
1645 2517 1703 2568 inde
1719 2519 1770 2584 pri·

995 2621 1065 2657 mum
1090 2607 1167 2672 plebia
1186 2612 1296 2673 potestas
1322 2623 1439 2676 magnum
1461 2615 1537 2679 coepit
1563 2616 1769 2669 incrementum:

996 2710 1071 2768 atque
1084 2704 1215 2768 optimates
1229 2707 1326 2757 tantum
1347 2708 1459 2771 pristinas
1475 2709 1605 2774 dignitatis
1616 2714 1772 2779 amiserunt,

995 2805 1025 2854 ut
1037 2799 1149 2851 homines
1162 2801 1272 2865 plebeios
1291 2802 1317 2852 in
1334 2805 1449 2854 senatum
1465 2805 1633 2870 admitterent,
1647 2813 1771 2874 etmagia·

996 2905 1077 2953 tratus
1098 2899 1190 2951 ambire
1207 2898 1256 2950 illis
1269 2900 1457 2964 permitterent,
1473 2916 1519 2953 nec
1535 2917 1550 2953 a
1571 2905 1717 2958 sacerdotiis
1729 2922 1773 2959 eos

997 3000 1155 3066 repellerent,
1169 3000 1195 3048 et
1207 2997 1268 3047 alios
1282 2998 1403 3047 maximos
1415 3011 1531 3062 quosque
1548 2999 1655 3052 bonores
1668 3016 1698 3053 ac
1711 3009 1773 3061 sotis

996 3099 1103 3166 patriciis
1119 3095 1266 3161 peculiares,
1279 3095 1369 3159 partim
1384 3099 1532 3149 necessitate
1545 3102 1626 3151 eoacti
1638 3107 1666 3154 et
1685 3105 1768 3168 inviti,

995 3201 1083 3267 partim
1098 3193 1197 3262 provide
1214 3208 1244 3245 ac
1257 3194 1391 3260 sapienter,
1411 3211 1469 3249 cum
1493 3200 1608 3252 omnibus
1624 3207 1768 3255 comanuni·

996 3297 1080 3349 carent
1092 3291 1225 3356 dequibus
1237 3303 1284 3343 sue
1298 3295 1410 3360 ternpore
1422 3296 1528 3350 dicetur.
1562 3301 1696 3365 ceterum,
1713 3317 1770 3355 mos

996 3408 1055 3467 iste,
1070 3414 1156 3467 nempe
1172 3414 1260 3452 vocare
1286 3399 1409 3465 principes
1427 3402 1536 3453 civitatis
1551 3403 1582 3453 ad
1603 3417 1705 3454 causam
1732 3407 1771 3457 di·

996 3502 1131 3554 cendamin
1142 3498 1250 3559 iudicio,
1259 3497 1330 3549 ouius
1343 3498 1475 3551 arbitrium
1490 3503 1544 3551 tum
1560 3515 1636 3566 penes
1646 3504 1769 3568 populum

994 3603 1059 3660 crat,
1076 3597 1179 3648 multam
1199 3593 1326 3646 materiam
1343 3595 1454 3659 prebere
1480 3600 1579 3660 potest,
1602 3598 1704 3651 laudare
1725 3605 1771 3652 arrt

995 3695 1136 3760 vituperare
1148 3695 1295 3747 volentibus.
1320 3694 1394 3745 blultl
1409 3695 1474 3746 enim
1486 3695 1543 3746 boni
1556 3701 1583 3747 et
1600 3697 1700 3751 bonesti
1713 3703 1771 3763 riri,

995 3794 1185 3857 haudquaquam
1198 3808 1242 3858 pro
1255 3792 1373 3858 dignitate
1397 3795 1509 3855 tractati,
1523 3794 1628 3859 turpiter
1640 3810 1670 3847 ac
1683 3799 1770 3863 inique

995 3903 1009 3938 a
1022 3886 1127 3937 tribunis
1140 3887 1191 3936 rita
1206 3886 1303 3950 spoliati
1320 3889 1392 3946 sunt,
1415 3885 1486 3936 multi
1497 3888 1570 3937 etiam
1580 3889 1681 3953 superbi
1693 3893 1768 3953 atqua

993 3987 1113 4050 tyrannici
1139 3984 1227 4047 ingenii
1252 3982 1380 4042 lromines,
1404 3983 1483 4033 coacti
1501 3982 1561 4032 vitae
1580 3985 1606 4034 et
1626 3984 1768 4036 studiorum

993 4088 1093 4124 suornm
1115 4074 1234 4122 rationem
1265 4068 1383 4129 reddere,
1410 4071 1509 4121 meritas
1530 4084 1616 4136 penas
1639 4072 1770 4124 dederunt.

992 4167 1095 4223 Quoties
1110 4166 1182 4228 igitur
1196 4163 1289 4226 optimo
1310 4176 1339 4212 ac
1362 4161 1518 4226 integerrimo
1541 4163 1623 4214 animo
1636 4164 1668 4216 de
1688 4168 1769 4216 causis

992 4275 1194 4336 cognoscebatur,
1207 4278 1232 4322 et
1241 4270 1403 4335 superborum
1412 4263 1468 4315 etati
1477 4260 1579 4326 spiritus
1588 4262 1640 4312 lure
1649 4261 1769 4325 deprime·

991 4362 1089 4426 bantur,
1106 4365 1159 4413 baec
1179 4379 1219 4413 res
1237 4363 1307 4412 valde
1322 4373 1410 4425 magna
1427 4360 1454 4409 et
1465 4355 1608 4407 admiranda
1627 4353 1768 4419 videbator,

992 4473 1018 4521 et
1036 4472 1068 4522 ab
1093 4469 1207 4520 omnibus
1228 4462 1384 4516 laudabatur.
1422 4454 1524 4512 Quoties
1548 4463 1606 4501 rere
1624 4447 1663 4498 nir
1681 4448 1771 4512 aliquis

993 4565 1025 4614 ob
1046 4562 1163 4613 inuidiam
1183 4556 1283 4608 virtutis
1302 4566 1350 4616 qua
1372 4544 1546 4611 rempublicam
1567 4543 1629 4593 bene
1651 4540 1770 4591 adminis-

993 4654 1103 4702 traverat
1127 4649 1216 4699 iniuste
1240 4643 1382 4700 tollebatur,
1405 4639 1451 4688 trec
1469 4635 1523 4686 aliis
1544 4638 1616 4684 atrox
1631 4634 1770 4695 ridebatur,

992 4746 1102 4796 etbuirrs
1126 4743 1201 4794 moris
1216 4742 1329 4790 auctores
1353 4734 1538 4785 damnabantur.
1577 4733 1608 4780 Et
1627 4743 1684 4778 cum
1706 4740 1772 4790 saepe

992 4837 1097 4899 populus
1115 4840 1238 4885 Romanus
1256 4828 1435 4885 consultasset,
1456 4828 1537 4875 rrtrum
1550 4825 1598 4874 iste
1612 4834 1668 4870 mos
1682 4819 1771 4869 tollen·

992 4926 1052 4986 dos,
1065 4939 1096 4976 an
1111 4925 1160 4982 ita,
1176 4924 1204 4972 ut
1217 4935 1231 4970 a
1245 4916 1380 4968 maioribus
1397 4918 1515 4976 acceptus
1531 4917 1598 4973 erat,
1620 4921 1771 4961 conservan-

992 5018 1040 5069 dus
1053 5018 1132 5077 essct,
1149 5014 1181 5065 ad
1194 5011 1287 5062 nullutn
1304 5008 1376 5056 sanein
1391 5006 1519 5055 consilium
1530 5005 1655 5070 perduxit.
1697 5001 1771 5059 Quod

992 5111 1012 5158 si
1026 5109 1088 5160 mibi
1098 5119 1196 5171 quoqne
1215 5103 1245 5151 de
1258 5100 1333 5151 rebus
1347 5097 1421 5147 tantis
1436 5110 1516 5147 meam
1533 5096 1680 5148 sententiam
1693 5092 1769 5143 inter·

992 5212 1081 5264 ponere
1096 5199 1168 5257 licet,
1183 5195 1245 5245 mibi
1261 5191 1361 5243 videtur
1372 5202 1425 5240 mos
1440 5188 1501 5248 iste,
1517 5189 1537 5237 st
1555 5201 1640 5252 perse
1656 5183 1770 5237 conside·
