3772 5828
205 298 266 359 bai
725 292 896 354 DlONYSll
919 291 1296 353 HALlCiIltNASSENSlS

208 459 221 484 ι
234 435 287 490 τῶν
305 427 433 507 πατρίδας
452 427 613 508 ἀκλιίψαντις
631 427 677 486 καὶ
696 426 843 506 πρδςὴμᾶς
862 449 980 504 μετανα-

212 517 398 593 ιστησόμινοι
421 516 487 582 τίνες
508 514 628 577 ἔσονται·
650 514 749 595 πότερα
771 519 796 575 σί
818 515 934 587 οἰκήσεις
954 539 984 574 τι

211 635 224 660 α
240 607 286 666 καί
305 605 410 686 ἐφέστια
429 605 475 664 καί
499 604 571 685 βίους
588 602 676 663 καλεδ
695 610 824 680 τιμᾶσθαι
838 603 913 685 παρδ
930 606 984 670 τοῖς

211 695 360 764 ιπολίταις
383 694 426 753 ert
448 695 569 774 πατέρων
589 694 731 774 έπρόνιιαν
754 692 863 766 ἢδόξσν
888 692 985 760 οἰκείας

167 817 180 855 ς
208 788 330 865 «ἀρετῆς
345 785 468 864 έχοντις;
495 783 541 843 καί
571 782 609 849 τίς
634 781 664 842 ἀν
680 781 829 857 ύπομείνιιι
851 782 885 841 τά
901 784 984 841 οἰκεῖα

212 900 224 927 ι
243 872 402 953 παραλιπὼν
423 873 508 949 ἀγαθά
531 877 583 932 τῶν
599 870 744 953 ἀλλοτρίων
756 871 888 953 γλίσχρως
903 893 985 948 μετα·

210 991 224 1016 ι
243 963 333 1023 λσόεῑν
350 966 457 1034 κακῶν;
479 960 573 1041 οὐγὰρ
592 960 695 1040 εἰρήνης
719 961 765 1021 καί
784 966 883 1044 τρυρῆς
902 984 984 1039 μετα·

211 1076 224 1105 ι
237 1051 381 1132 ληψόμενοι
392 1051 467 1131 δεῦρο
485 1048 604 1122 ήξουαιν,
623 1048 692 1107 ἀλλά
712 1047 836 1108 κινδύνων
847 1047 893 1109 καὶ
906 1048 985 1108 πολέ-

210 1162 224 1195 r
243 1162 311 1211 μου,
338 1137 366 1207 ἐξ
384 1128 421 1196 ὧν
442 1137 539 1211 ἀθηλον
564 1140 586 1196 εἰ
605 1137 835 1217 κατορθωθήσεται
849 1139 880 1198 τό
898 1138 981 1206 τίλας.

157 1253 181 1293 ω
209 1213 269 1288 «Ἠ
290 1227 319 1286 τδ
341 1227 481 1303 δημοτικὸν
501 1225 546 1284 καί
566 1225 684 1284 ἀνέστιον
705 1223 855 1303 ίπαξόμεθα
877 1229 984 1298 πλῆθος,

211 1342 223 1369 ι
239 1306 292 1375 οἷον
302 1322 347 1374 καὶ
359 1316 388 1374 τδ
402 1315 502 1374 ἐνθένδε
515 1313 645 1375 ἀπελαθθν
658 1305 704 1387 ἦν,
716 1315 794 1386 δῆλον
808 1316 849 1374 ὅτι
859 1313 903 1372 διὰ
917 1314 984 1395 χρέα

211 1404 285 1464 ικαθ
319 1404 463 1471 καταδίκας
497 1401 542 1462 καὶ
573 1402 620 1470 τάς
659 1401 845 1482 ὁμοιοτρόπους
878 1403 984 1469 ταύταις

209 1522 222 1547 ι
242 1493 376 1570 συμφορὰς
403 1495 549 1568 ἀγαπητῶς
567 1490 630 1550 tara
649 1493 717 1573 τύχη
738 1491 960 1573 μεθιδρυσόμενον
971 1516 980 1566 ;

208 1579 252 1638 αδ
279 1581 329 1638 κάν
353 1570 439 1637 τάλλα
459 1577 576 1660 χρηστὸν
591 1568 609 1656 ᾖ
627 1576 673 1636 καί
695 1577 810 1658 μέτριον,
837 1575 881 1636 ἵνα
903 1577 982 1658 [καὶ]

155 1701 179 1740 1,
209 1696 222 1724 ι
238 1673 315 1730 τοῦτο
329 1671 415 1734 αὐτοῖς
428 1666 614 1747 χαρισώμεθα,
636 1665 680 1725 θιά
697 1667 777 1725 τοῦτό
784 1663 818 1741 γέ
827 1664 905 1726 τοιτδ
918 1666 983 1745 μήτ’

209 1763 332 1820 «οἰκεῖον
354 1750 421 1818 εἶναι
445 1756 509 1834 μήθ’
533 1754 683 1835 ὁμοδίαιτον
712 1754 776 1833 μήτ’
803 1756 918 1831 ἐθισμῶν
937 1757 983 1816 καί

209 1876 222 1902 υ
238 1848 324 1925 νόμων
345 1844 391 1906 καί
406 1844 525 1913 παιδείας
537 1844 659 1923 γενέσθαι
672 1848 720 1914 τῆς
733 1843 794 1923 παρ’
810 1849 876 1919 ἡμῖν
890 1844 983 1918 έμπει·

206 1959 287 2016 ερον,
314 1936 409 2015 μακρῷ
432 1932 464 2004 δή
486 1955 534 2003 που
548 1931 594 1991 καὶ
608 1933 647 2014 τῷ
665 1931 744 1990 παντὶ
773 1929 865 1989 κόκισν
888 1929 920 1989 ἀν
940 1931 980 2003 εἴη

207 2052 220 2079 ι
235 2031 280 2086 τοῦ
295 2027 359 2104 παρ’
376 2028 450 2100 ἡμῖν.

151 2147 177 2186 aa
244 2116 401 2193 Llll.«Tr'r[›
409 2111 455 2189 μέν
464 2107 683 2190 γ’ίπιχωρίιρκαί
693 2106 840 2168 τέκνωνκαθ
850 2111 982 2186 γυναικῶν

208 2231 220 2257 υ
237 2202 383 2279 καὶγονέων
391 2199 546 2258 καίπολλῶν
554 2199 641 2258 ἀλλων
647 2198 778 2276 σωμάτων
786 2198 886 2258 οἰκείων
893 2197 981 2279 θμηρά

208 2318 220 2342 α
237 2293 308 2349 laria
323 2288 431 2366 ἐνθάδε,
445 2286 491 2346 καί
505 2289 584 2346 αὐτοῦ
596 2285 628 2352 νὴ
639 2285 690 2345 Δία
710 2289 755 2344 τοῦ
776 2284 917 2367 θρέψαντος
931 2290 980 2345 αύ-

207 2404 220 2430 s
239 2379 298 2449 τούς
312 2377 421 2458 ἐδόρους
434 2379 449 2435 δ
463 2375 560 2450 πόθος,
574 2375 715 2454 ἀναγκαῖος
729 2371 766 2433 ῶν
778 2373 862 2434 ἀπασι
878 2375 923 2434 καί
934 2377 980 2436 ούκ

207 2490 221 2521 α
237 2465 380 2549 ἐξαιρετός·
395 2469 410 2523 θ
424 2465 446 2523 δ’
467 2463 607 2536 ίπίκλητός
627 2465 654 2542 γ’
672 2457 759 2523 οὑτοσί
782 2463 827 2523 καί
842 2464 981 2538 έπίσκηνος

150 2594 176 2634 ,γ
207 2584 219 2610 ι
236 2557 326 2637 όχλος,
344 2557 366 2617 εἰ
387 2555 488 2635 γένοιτο
498 2559 562 2630 ἡμῖν
576 2552 703 2626 σύνοικος,
717 2552 818 2619 οὐθενός
833 2554 904 2635 αὐτῷ
919 2553 980 2612 τού·

207 2671 287 2705 «των
311 2646 400 2704 ίνθόδε
421 2643 501 2716 ὄντος,
523 2642 588 2722 ύπίρ
610 2642 677 2711 τίνος
696 2641 728 2702 ἀν
753 2642 871 2713 ἀξιώσειε
891 2643 980 2702 κινθυ·

205 2735 317 2793 σνεύειν
341 2736 453 2811 ἀγαθοῦ,
475 2735 497 2791 εἰ
514 2731 552 2810 μή
571 2756 610 2800 τις
630 2734 702 2812 αὐτῷ
721 2735 769 2810 γῆς
787 2754 816 2790 τε
837 2732 981 2812 ὑπόσχοιτο

206 2849 219 2875 α
236 2823 303 2900 μέρη
319 2822 411 2881 δώσειν
431 2819 476 2879 καί
490 2820 590 2886 πόλεως
602 2822 696 2899 μοῖραν
708 2817 773 2892 θσην
790 2817 822 2888 δή
835 2841 905 2895 τινα,
923 2819 981 2886 tole

207 2935 220 2963 ι
236 2916 281 2969 νῦν
291 2911 393 2990 κυρίους
405 2914 490 2968 αὐτῶν
504 2908 671 2989 ἀφελόμενος,
686 2901 722 2968 ῶν
736 2911 784 2968 οὐκ
794 2910 915 2986 ἀξιοῦμεν
926 2913 980 2977 τοῖς

148 3029 176 3071 ω
204 2999 359 3067 ιπολλσίκις
374 2997 579 3074 ἀγωνισαμένοις
603 2996 668 3076 ὑπὲρ
689 2999 774 3056 αὐτῶν
789 2998 909 3065 πολίταις
929 3021 978 3074 με·

207 3117 219 3142 «
236 3090 384 3148 ταδιδόναι·
401 3088 445 3145 καὶ
457 3084 520 3153 ἴσως
537 3084 569 3143 διν
591 3086 649 3143 οὐδὲ
666 3085 766 3154 τούτοις
784 3084 922 3166 ἀρκεσθείη
938 3087 980 3146 δο·

202 3205 215 3232 ι
229 3180 294 3238 θεῖσι
310 3178 415 3256 μόνοις,
431 3174 500 3234 ἀλλά
515 3176 560 3231 καί
572 3177 657 3250 τιμῶν
678 3173 723 3232 καί
751 3176 842 3254 ἀρχῶν
866 3173 912 3233 καί
926 3178 978 3234 τῶν

204 3295 216 3320 ι
233 3269 320 3326 ἄλλων
335 3267 438 3341 ἀγαθῶν
455 3263 481 3331 ἐξ
495 3261 553 3321 laea
567 3270 621 3330 τοῖς
629 3262 776 3342 πατρικίοις
793 3262 912 3332 ἀξιώσειε
932 3288 978 3342 με·

204 3383 216 3408 ι
233 3352 422 3430 ταλαμύόνειν.
446 3347 450 3355 ’
465 3352 568 3411 Οὐκοῦν
580 3352 603 3410 εί
618 3349 905 3435 μίνοῦκέπιτρέψομεν
916 3351 977 3412 ἀκα-

204 3468 283 3504 εστα
299 3450 350 3503 τῶν
371 3440 548 3519 αἰτουμένων,
568 3444 669 3523 ἐχθροῖς
684 3449 736 3509 τοῖς
759 3442 797 3520 μὴ
821 3444 977 3523 τυγχάνουσι

203 3531 399 3611 «χρησόμεθα
416 3531 439 3588 εἰ
455 3528 482 3587 δὲ
507 3529 729 3612 συγχωρήσομεν,
755 3535 772 3604 ἡ
794 3531 889 3613 πατρίς
913 3537 976 3608 ἡμῖν

203 3648 216 3675 ι
234 3620 369 3700 οἰχήσεται
389 3618 434 3678 καί
456 3623 474 3690 ἡ
496 3619 615 3679 πολιτεία
635 3621 699 3701 πρὸς
720 3624 795 3698 ἡμῶν
814 3624 899 3681 αὐτῶν
926 3645 975 3679 κα-

203 3708 392 3787 ιταλυομένη.
436 3706 490 3768 Καί
508 3711 536 3767 οὗ
553 3709 712 3789 προστίθημι
733 3713 857 3783 ἐνταῦθα,
871 3711 911 3771 ότι
925 3734 976 3769 πο·

202 3823 215 3850 ι
231 3799 318 3872 λεμεῑν
332 3797 486 3867 ἐπιτηδείων
496 3795 626 3874 σωμάτων
639 3802 700 3873 ἡμῖν
716 3801 743 3856 ἐν
756 3802 794 3877 τῷ
805 3797 916 3876 παρόντι
928 3800 976 3874 δεῖ,

144 3917 171 3956 40
203 3889 259 3943 «ab
279 3889 400 3964 γεωργῶν
430 3885 488 3945 οὐδέ
509 3889 594 3957 θητῶν
619 3888 673 3945 οὐδ’
690 3886 811 3962 ἐμπόρων
836 3885 895 3944 οὐδὲ
922 3889 975 3944 τῶν

203 3996 215 4022 ι
233 3973 292 4047 περὶ
306 3975 352 4038 τδις
364 3972 509 4050 βαναύσους
519 3972 614 4053 τέχνας
628 3974 829 4053 ἀσχολουμένων
840 4018 848 4044 ,
858 3971 903 4039 οθς
918 3971 975 4048 ἀμα

143 4089 145 4093 ·
202 4083 215 4111 ι
232 4058 319 4126 δεήσει
340 4061 478 4135 μανθάνειν
498 4062 531 4120 τά
550 4060 684 4141 πολεμικά
708 4063 754 4121 καὶ
776 4065 868 4139 πεῖραν
889 4062 975 4118 αὐτῶν

199 4172 210 4195 ι
227 4144 341 4204 διδόναι·
361 4150 468 4228 χαλεπὴ
487 4149 513 4209 dl
530 4159 609 4233 πεῖρα
620 4154 672 4210 τῶν
692 4149 729 4228 μὴ
746 4152 773 4208 ἐν
789 4149 853 4208 έθει·
872 4148 973 4228 ἀνάγκη

198 4231 253 4291 «δὲ
274 4233 402 4302 τοιούτους
423 4229 490 4297 εἶναι
514 4239 573 4307 τοὺς
593 4239 739 4319 σύγκλυδας
760 4238 804 4297 καὶ
826 4240 856 4296 ἐκ
877 4239 974 4308 παντός

142 4358 169 4397 4,
201 4323 314 4385 «ἔθνους
336 4329 582 4402 μετανισταμένους.
628 4326 828 4408 Στρατιωτικήν
846 4325 898 4406 γάρ
915 4327 972 4388 οὔτε

197 4415 276 4489 αδρῶ
290 4411 445 4491 συμμαχίαν
466 4419 531 4490 ἡμῖν
551 4416 674 4495 οὐδεμίαν
695 4421 862 4476 συνεστῶσαν
881 4418 935 4477 αὕτ’
950 4421 972 4476 εἰ

199 4525 211 4551 ι
229 4500 320 4579 ρανείη
336 4523 374 4565 τις
387 4503 417 4559 ἐκ
440 4510 484 4563 τοῦ
504 4505 645 4582 ἀδοκήτου,
659 4507 849 4586 παραινέσαιμι
868 4506 899 4565 ἀν
910 4511 971 4584 ύμῖν

196 4590 417 4669 «παραδέξασθαι
434 4592 515 4666 αὐτὴν
536 4604 588 4662 τοῖς
609 4595 707 4676 τείχεσι
727 4600 886 4679 προχείρως,
907 4599 971 4656 πολ·

195 4709 207 4732 ‘¹
221 4679 269 4748 λὰξ
284 4680 336 4753 ἤδη
357 4683 401 4741 καί
422 4683 538 4761 fitilla<
558 4686 729 4760 έπιστάμενος
750 4689 838 4754 πόλεις
859 4694 916 4753 ταῖς
935 4688 970 4743 εἷ-

143 4797 168 4836 bb
199 4797 210 4822 ι
228 4772 378 4851 οαχθείσαις
396 4773 438 4830 ἐπὶ
454 4774 558 4853 ρυλακῇ
573 4789 707 4856 στρατιαῖς
722 4779 927 4853 δεδουλωμένας.

233 4863 308 4923 LIV.
326 4893 336 4911 υ
355 4861 560 4938 Ἐνθυμούμενοί
586 4889 613 4924 τε
634 4865 665 4936 δὴ
683 4871 765 4924 ταῦτα
787 4865 833 4923 καί
860 4864 909 4922 ὅσα
937 4862 968 4936 δή

1040 454 1053 480 ι
1064 434 1108 500 qui
1129 433 1235 499 patrium
1254 447 1323 484 suam
1342 433 1473 497 timerent,
1492 438 1518 487 et
1539 435 1571 486 ad
1590 450 1636 488 nos
1655 437 1817 503 migrabunt?

1038 542 1051 567 ι
1065 525 1151 574 atrum
1160 522 1195 573 illi
1210 523 1254 586 qui
1264 522 1314 573 iam
1325 526 1405 574 certas
1420 522 1493 574 sedes
1506 527 1532 574 et
1547 524 1613 575 lares
1623 528 1650 576 et
1661 527 1757 578 rictum
1767 529 1816 580 ira·

1039 631 1053 657 ι
1066 613 1139 672 beni,
1160 616 1186 662 et
1202 611 1235 661 ob
1255 611 1377 663 maiorum
1395 611 1565 672 nobiliiatem,
1586 614 1626 664 vel
1644 615 1746 667 virtutis
1764 632 1818 671 suae

1039 718 1051 743 ιι
1066 700 1169 764 pinnam
1184 699 1252 763 apud
1270 712 1329 749 suos
1341 699 1408 750 eires
1427 699 1453 750 in
1469 699 1563 750 honore
1576 713 1632 751 esse
1647 707 1771 766 possunt?
1784 709 1818 756 At

1039 809 1052 834 a
1068 788 1181 855 quIsuarn
1217 787 1269 838 suis
1302 787 1375 837 bouis
1404 787 1497 838 relictis
1526 788 1665 840 aberratum
1696 792 1817 845 maiorum

1038 897 1052 922 ι
1068 877 1175 942 turpiter
1187 876 1309 941 particeps
1323 876 1377 926 lieri
1385 888 1459 941 oeque
1470 875 1553 926 aalma
1567 877 1645 929 vei'rt?
1657 880 1817 942 nequeenim

1040 986 1053 1012 a
1067 966 1135 1032 pacis
1145 969 1172 1017 et
1187 965 1330 1017 deliniamm
1343 964 1476 1030 participes
1490 965 1570 1017 iuturi
1582 966 1633 1017 huc
1644 969 1746 1021 venient
1754 1008 1761 1030 ,
1770 970 1815 1023 sed

1039 1075 1053 1100 ι
1068 1054 1234 1120 periculorum
1255 1057 1281 1106 et
1297 1054 1371 1117 belli,
1387 1067 1494 1118 qnorum
1513 1055 1593 1107 eritas
1612 1056 1672 1107 ielis
1692 1070 1769 1109 necne
1783 1059 1818 1111 oli

1040 1164 1052 1189 ε
1067 1145 1166 1195 iuturus
1178 1143 1300 1194 incertum
1316 1147 1363 1195 est.
1391 1148 1429 1195 An
1443 1143 1542 1195 turbam
1554 1144 1676 1210 plebeiam
1689 1147 1817 1200 etlaribus

1039 1251 1052 1277 ι
1067 1242 1192 1282 carentem
1208 1232 1233 1281 iu
1251 1230 1338 1283 urbem
1349 1232 1549 1295 introducemus,
1563 1233 1705 1284 cuiusmodi
1723 1238 1816 1287 ecerat

1039 1344 1052 1367 a
1067 1337 1124 1388 qum
1138 1321 1196 1372 iriae
1218 1323 1320 1386 expulsa
1342 1322 1402 1384 inii,
1415 1322 1533 1373 nimIrum
1548 1337 1606 1386 quae
1620 1336 1656 1373 aes
1669 1323 1778 1374 alleuum
1789 1329 1818 1376 et

1040 1413 1173 1463 «mulctas
1191 1410 1287 1474 aliaque
1307 1410 1448 1462 istiusmodi
1468 1412 1533 1463 mnia
1555 1411 1660 1462 libenter
1683 1425 1769 1463 mcum
1783 1412 1817 1463 sit

1039 1519 1053 1544 ι
1067 1500 1231 1560 translatura,
1244 1499 1423 1564 συοαιιιισυεοὶ
1441 1499 1547 1565 migrare
1555 1499 1703 1565 rnnt‘rgerit?
1713 1514 1771 1564 quae
1782 1500 1815 1551 ii·

1038 1609 1051 1635 ι
1068 1588 1209 1652 cetuiioqui
1218 1588 1282 1654 irngi
1293 1591 1320 1639 ei
1331 1587 1443 1639 modesta
1456 1588 1489 1639 sit
1503 1590 1546 1651 (ut
1555 1590 1602 1639 troc
1611 1588 1816 1654 eisIargIamur),

1038 1697 1051 1722 a
1065 1677 1217 1742 ιγυὶαίοιιιοιι
1233 1690 1313 1741 neque
1324 1676 1390 1727 dorni
1409 1680 1467 1728 uota
1486 1682 1539 1737 est,
1554 1690 1635 1743 nequa
1653 1677 1738 1728 σκότια
1752 1678 1813 1729 viius

1037 1784 1051 1811 ι
1066 1767 1162 1818 ratione
1180 1767 1268 1827 utitur,
1283 1769 1424 1818 nostrorum
1436 1779 1536 1817 morum
1548 1770 1574 1817 et
1591 1767 1675 1831 legam
1693 1770 1719 1816 et
1733 1766 1812 1818 disci·

1037 1874 1050 1899 «
1064 1853 1139 1928 pilum
1154 1855 1269 1919 ImperIta
1289 1858 1343 1916 est,
1356 1856 1444 1919 procul
1457 1854 1533 1906 dubio
1544 1855 1616 1920 longe
1630 1857 1705 1920 nique
1713 1867 1814 1920 prorsus

1037 1960 1050 1986 ι
1065 1941 1112 1993 bac
1121 1947 1205 1993 nostra
1218 1943 1289 2008 plebe
1299 1942 1408 1994 deterior
1419 1947 1458 1994 est
1469 1945 1562 1994 tutum.

1064 2117 1128 2166 IIII.
1140 2135 1153 2160 a
1167 2116 1248 2168 liuius
1261 2117 1327 2167 enirn
1340 2117 1463 2183 IudIgenae
1475 2124 1502 2171 et
1511 2119 1604 2172 liberas
1617 2124 1643 2172 et
1653 2120 1770 2184 coniuges
1787 2123 1815 2171 et

1036 2221 1048 2246 ι
1062 2205 1189 2267 parentes,
1201 2208 1227 2255 et
1236 2205 1327 2266 multos
1342 2205 1404 2256 aiios
1417 2208 1569 2258 aecesmios
1579 2207 1619 2259 Iuc
1628 2207 1728 2258 obsides
1736 2206 1812 2258 babe-

1035 2311 1048 2336 α
1061 2306 1135 2356 mus,
1148 2297 1223 2360 atque
1233 2296 1297 2347 adeo
1313 2296 1396 2360 ipsam
1406 2298 1496 2353 natalis
1505 2298 1550 2349 soil
1561 2296 1725 2358 desiderium,
1743 2298 1812 2360 quod

1035 2400 1048 2424 ε
1063 2383 1179 2436 omnibus
1194 2384 1333 2436 necessario
1345 2385 1411 2437 inest
1427 2400 1473 2438 nec
1485 2385 1812 2453 pretermittimus

1035 2488 1048 2513 ι
1066 2470 1120 2523 irae
1135 2476 1161 2524 et
1180 2473 1300 2536 iuqailina
1322 2474 1411 2537 turbu,
1423 2474 1446 2526 ai
1460 2475 1590 2527 nobiscum
1603 2475 1733 2536 babltarIt,
1755 2489 1813 2526 curu

1035 2577 1048 2602 ν
1066 2563 1127 2614 nibil
1139 2576 1224 2613 eornm
1241 2562 1282 2613 bic
1298 2562 1402 2626 lrabeat,
1422 2562 1496 2615 culus
1507 2564 1567 2615 boni
1580 2578 1669 2616 caussa
1680 2565 1815 2631 periclitari

1035 2675 1048 2698 ι
1062 2653 1138 2714 volet,
1153 2651 1201 2701 nisi
1211 2650 1268 2716 quis
1282 2649 1428 2715 polliceatur
1440 2651 1503 2704 soei
1518 2657 1546 2704 et
1562 2654 1616 2719 agri
1630 2656 1726 2719 partem
1738 2657 1812 2704 datu-

1034 2764 1047 2789 «
1064 2756 1135 2803 rum,
1151 2744 1177 2791 et
1197 2738 1267 2789 urbis
1281 2739 1418 2803 pontonem
1433 2740 1541 2805 οθηιιαιυ
1564 2741 1597 2792 iis
1616 2742 1659 2806 qui
1672 2756 1737 2792 nunc
1759 2754 1813 2792 earn

1035 2830 1200 2896 «possident,
1223 2831 1336 2892 ereptam
1360 2842 1418 2893 qum
1444 2831 1528 2881 brnen
1549 2829 1664 2880 nolumus
1689 2828 1812 2893 impertiri

1035 2921 1174 2979 «civibus,
1194 2918 1238 2981 qui
1256 2917 1348 2982 saeptus
1361 2930 1406 2982 pro
1423 2918 1463 2969 bis
1481 2919 1617 2968 certarunt.
1650 2922 1685 2967 Ac
1704 2917 1812 2968 fumasse

1035 3030 1047 3054 a
1060 3023 1091 3059 ne
1102 3007 1250 3070 hisquidem
1267 3006 1585 3071 soliemneesslseontents
1600 3004 1663 3066 erIt;
1679 3005 1810 3056 sedetiam

1035 3098 1187 3148 «bonorum
1206 3101 1231 3145 et
1253 3096 1456 3160 magistratuum,
1470 3096 1497 3144 et
1518 3093 1621 3143 afiorum
1637 3093 1759 3143 bonorum
1779 3108 1810 3145 ex

1034 3207 1046 3232 ι
1062 3194 1137 3249 aquo
1148 3199 1205 3234 cum
1219 3185 1328 3250 patriciis
1345 3183 1464 3249 particeps
1476 3195 1530 3234 esse
1552 3182 1628 3232 volet.
1663 3182 1716 3231 itisi
1734 3183 1812 3246 igitur

1034 3296 1046 3320 ι
1059 3287 1214 3341 manuque
1237 3273 1386 3336 postularint
1408 3270 1444 3323 als
1470 3270 1681 3331 concesserimus,
1709 3284 1752 3320 aas
1779 3271 1810 3321 ub

1033 3384 1045 3407 u
1060 3367 1187 3428 acceptam
1200 3363 1323 3426 repulsam
1333 3360 1448 3412 Iniurieoa
1458 3359 1605 3411 habebimus
1618 3380 1625 3409 z
1636 3359 1704 3422 quod
1718 3361 1739 3410 si
1752 3374 1810 3411 oon·

1033 3473 1045 3497 u
1059 3453 1218 3511 cesserimus,
1236 3452 1317 3515 patria
1335 3455 1361 3502 et
1376 3449 1540 3517 respublicae
1561 3448 1708 3512 nobisipsis
1725 3461 1811 3499 eversa

1032 3561 1045 3587 ι
1058 3540 1155 3607 peribit.
1190 3541 1243 3588 Nou
1264 3536 1368 3599 addam,
1393 3535 1464 3587 nobis
1479 3535 1505 3586 in
1527 3535 1660 3599 praeseutIa
1681 3548 1808 3599 opusesse

1032 3649 1044 3674 υ
1061 3627 1201 3680 bominibus
1217 3625 1248 3675 ab
1261 3624 1354 3674 beilum
1366 3623 1474 3685 idoneis,
1488 3636 1537 3673 uon
1549 3622 1676 3686 agricolis,
1690 3626 1734 3672 aut
1743 3636 1807 3672 mer·

1031 3740 1043 3763 ι
1059 3720 1179 3779 ueneriis,
1194 3720 1238 3767 aut
1254 3714 1450 3774 mercatoribus,
1463 3716 1506 3764 aut
1520 3713 1595 3764 etiam
1607 3713 1630 3762 is
1648 3713 1691 3776 qui
1702 3714 1809 3763 sordidis

1030 3829 1043 3854 ιι
1058 3811 1154 3860 artibus
1165 3820 1265 3872 operam
1277 3807 1377 3866 navant,
1387 3817 1451 3869 quos
1461 3803 1534 3854 simui
1547 3806 1572 3855 et
1583 3817 1624 3853 res
1637 3802 1738 3854 bellinus
1752 3803 1806 3851 dis-

1031 3918 1042 3939 «
1058 3912 1128 3958 cere,
1150 3901 1175 3948 et
1198 3909 1285 3946 earum
1306 3893 1430 3959 specimen
1454 3891 1514 3943 dare
1532 3891 1665 3957 oportebii.
1699 3890 1805 3943 Difficile

1031 4004 1043 4028 ι
1057 3984 1261 4044 veraedariis,
1276 3983 1315 4031 cui
1337 3995 1386 4031 non
1405 3979 1561 4041 assueveris,
1583 3977 1705 4043 specimen
1716 3976 1776 4028 dare
1797 3993 1803 4021 :

1030 4090 1042 4115 ι
1057 4074 1084 4123 at
1095 4085 1194 4123 necesse
1208 4074 1246 4122 est
1256 4072 1318 4121 tales
1330 4082 1384 4144 esse
1400 4082 1442 4119 eos
1450 4107 1460 4133 ,
1473 4068 1517 4132 qui
1535 4069 1584 4119 buc
1597 4067 1760 4131 convenient,
1779 4072 1804 4118 et

1029 4181 1041 4204 u
1056 4175 1088 4211 err
1105 4159 1221 4211 omuibus
1237 4146 1377 4210 nationibus
1391 4158 1541 4222 migrabunt.
1574 4157 1658 4208 Nullas
1671 4157 1737 4208 euim
1754 4157 1803 4206 mi-

1028 4270 1040 4294 «
1055 4249 1139 4302 litores
1149 4250 1274 4299 sociorum
1287 4249 1370 4314 copias
1381 4247 1406 4296 iu
1424 4249 1533 4297 nostram
1551 4247 1656 4309 gratiam
1670 4247 1720 4297 Iam
1737 4260 1804 4297 cosc-

1028 4357 1040 4380 α
1056 4343 1094 4390 aas
1106 4339 1191 4399 videm
1213 4352 1306 4400 neque,
1331 4336 1352 4388 sl
1372 4349 1428 4399 quoe
1444 4348 1475 4385 eu
1496 4334 1622 4398 insperato
1643 4337 1803 4399 apparerent,

1027 4446 1040 4469 u
1056 4428 1125 4478 vobis
1136 4442 1177 4478 eas
1196 4428 1260 4476 iutra
1279 4426 1368 4477 merula
1380 4429 1473 4476 temere
1496 4423 1648 4486 recipIeudas
1659 4436 1785 4472 censerem
1797 4441 1803 4470 :

1028 4533 1040 4557 a
1055 4528 1112 4564 eum
1133 4516 1209 4564 sciam
1229 4516 1320 4565 multas
1338 4519 1363 4565 et
1385 4518 1498 4577 potentes
1517 4512 1591 4562 urbes
1606 4514 1638 4563 ab
1655 4511 1804 4563 exercitibus

1054 4602 1162 4666 presidii
1193 4618 1280 4654 caussa
1298 4603 1447 4655 Introductis
1470 4603 1494 4653 ln
1516 4603 1666 4652 servitutem
1688 4598 1803 4651 redactas

1025 4710 1038 4734 tt
1057 4703 1121 4740 θδθθ.

1054 4875 1116 4923 LIV.
1136 4894 1148 4917 κ
1170 4877 1229 4923 Hac
1246 4874 1321 4938 igitur
1333 4877 1358 4925 et
1371 4876 1419 4926 alia
1440 4888 1597 4939 quecunque
1619 4889 1633 4923 a
1657 4872 1727 4924 uobis
1745 4873 1803 4920 anie

198 4970 211 4995 ι
228 4948 305 5026 ἕτερα
325 4956 389 5029 ἡμῖν
411 4949 512 5031 εἴρηται
532 4954 671 5033 πρότερον,
686 4953 724 5010 ἔτι
739 4951 765 5011 δὲ
779 4958 830 5011 τῶν
846 4975 968 5031 παρακα·
1024 4981 1037 5008 ι
1051 4961 1118 5012 dicta
1139 4966 1198 5013 sunt
1216 4964 1413 5021 considerantes,
1431 4968 1567 5028 praterea,
1587 4978 1673 5014 eorum
1690 4961 1734 5025 qui
1755 4972 1801 5008 sos

199 5056 211 5077 ν
228 5034 341 5094 λούντων
357 5040 458 5107 ἐπίτδις
476 5041 619 5119 διαλλαγὰς
635 5042 904 5119 ἀναμιμνησκόμενοι,
929 5037 969 5098 ότι

198 5141 211 5175 t
228 5122 258 5179 οὗ
277 5125 340 5201 παρ’
353 5129 417 5201 ἡμῖν
431 5127 518 5204 μόνοις
532 5129 550 5201 ἢ
565 5128 676 5209 πρώτοις
690 5129 766 5189 πενία
780 5129 844 5209 πρὸς
857 5130 968 5190 πλοῦτον

1025 5051 1085 5101 uad
1096 5066 1182 5115 pacem
1198 5053 1328 5102 imitantur
1349 5065 1486 5112 memores,
1507 5053 1591 5103 sciatis
1610 5065 1658 5101 non
1679 5049 1805 5112 aporians

1025 5159 1037 5183 ι
1053 5139 1119 5190 solos
1133 5144 1176 5191 ant
1194 5140 1285 5204 prirrros
1304 5140 1448 5192 dissensisse
1458 5153 1578 5204 pauperes
1595 5153 1610 5189 a
1624 5135 1758 5199 divitibus,
1778 5137 1804 5184 et
