3772 5828
632 365 925 438 ANTIQUITATUM
947 368 1093 430 ROMAN.
1115 371 1188 432 LlB.
1213 371 1261 432 tx.

142 529 164 551 7ιι
179 501 265 558 λεῑτσι
283 496 349 578 πρδς
370 496 457 569 ἐνίων,
479 497 568 578 μωρία
583 497 606 556 δ’
621 502 638 570 ή
661 500 830 576 δικαιοσύνη,
847 525 928 577 μανι-

151 617 164 639 ιι
180 587 224 646 aba
248 586 275 644 δέ
299 587 329 646 τὸ
350 587 466 665 ἀνδρεῖον
481 587 527 645 καί
550 586 651 658 ἠλίθιον
665 587 695 646 τὸ
718 591 837 669 σῶφρον,
861 587 878 646 ἀ
901 591 927 648 δέ

152 704 164 729 ιι
181 672 281 752 μισητά
301 672 374 754 παρδι
390 682 444 740 τοῖς
460 673 596 756 προτέροις
615 667 661 748 ἦν,
684 680 768 734 ταῦτα
782 676 928 756 πυργοῦταί

151 791 164 817 ιι
179 786 208 821 τε
222 767 265 820 νῦν
281 761 327 821 καὶ
345 761 480 838 θαυμάσια
501 760 582 833 ἡλίκα
604 761 723 842 φαίνεται
737 771 791 831 τοῖς
803 764 928 843 διεφθαρ-

151 878 164 903 ιι
181 850 266 929 μένοις
281 851 384 927 ἀγαθά,
400 850 525 930 ἀνανδρία
545 852 590 908 καὶ
606 849 762 930 βωμολοχία
773 851 818 908 καί
831 849 928 921 κακοή·

151 967 164 990 ιι
180 944 247 1014 θεια,
262 939 307 997 καὶ
321 937 351 996 τδ
364 942 512 1020 πανοῦργον
528 937 642 1020 [σορὸν]
658 939 703 997 καί
723 938 753 997 τδ
763 938 827 1019 πρὸς
842 940 929 998 πάντα

154 1054 167 1078 ιι
182 1028 275 1102 ἷταμδν
291 1026 333 1085 καλ
354 1025 383 1084 ab
404 1023 497 1101 μηδενί
512 1027 564 1081 τῶν
584 1024 740 1102 κρειττόνων
758 1026 889 1096 εῦπειθές·
912 1030 928 1089 t

154 1146 167 1168 ιι
187 1117 285 1181 πολλὰς
309 1115 360 1187 ἤδη
382 1114 472 1180 πόλεις
498 1112 610 1192 ίσχυρδς
631 1112 750 1174 λαθόντα
769 1116 800 1174 ίκ
825 1118 928 1199 βάθρων

145 1223 167 1256 ἰι
184 1203 315 1284 ἀνέτρεψε.
358 1201 440 1262 Ταῦθ’
464 1203 537 1280 ὑμῖν,
557 1192 579 1260 ἀι
596 1202 686 1281 βουλὴ,
703 1203 750 1263 εἴθ’
772 1204 838 1278 ἡδέα
857 1208 928 1267 ἐστίν

154 1322 167 1345 ιι
182 1297 283 1351 ἀκουειν
300 1291 346 1350 εἴτ’
364 1290 469 1370 ἀνιαρά,
481 1290 549 1368 μετδι
565 1291 651 1362 πάσης
664 1292 788 1366 ἀληθείας
801 1293 846 1354 καί
861 1320 929 1374 παρ-

153 1411 165 1435 ιι
182 1381 273 1461 ρησίας
288 1380 400 1461 εἴρηται,
417 1388 471 1446 τοῖς
488 1379 537 1456 μέν
549 1381 765 1459 πεισθησομένοις
780 1385 864 1461 ὑμῶν,
883 1387 928 1444 ἐὰν

152 1500 165 1525 ιι
181 1472 231 1550 ἄρα
247 1475 381 1540 πεισθῆτε,
392 1469 419 1528 ἐν
433 1492 462 1526 τε
475 1472 513 1550 τῷ
526 1469 637 1548 παρόντι
651 1493 671 1550 χ
674 1471 775 1549 ρήσιμα
791 1475 838 1532 καὶ
848 1476 884 1542 είς
896 1475 928 1534 τό

152 1589 166 1613 ιι
180 1558 274 1636 μέλλον
292 1559 413 1638 ἀσφαλῆ·
429 1557 488 1635 ἐμοί
499 1558 536 1632 δέ,
553 1556 581 1626 δς
594 1557 660 1635 ὑπὲρ
672 1567 717 1619 τοῦ
731 1565 806 1640 κοινῇ
822 1561 926 1640 συμφέ-

151 1669 164 1693 ιι
181 1665 267 1721 ροντος
278 1643 343 1710 ίδίας
354 1643 495 1722 ἀπεχθείας
509 1647 685 1726 ἀναιροῦμαι,
699 1645 803 1705 πολλῶν
817 1645 929 1722 ἐσόμενα

110 1769 114 1782 ·
152 1757 164 1781 ιι
179 1731 303 1790 κινδύνων
316 1729 401 1791 αίτια.
446 1734 567 1812 Προορᾶν
585 1731 636 1812 γάρ
648 1730 737 1798 ἱκανός
749 1734 803 1809 είμι
815 1731 849 1792 τά
861 1755 929 1809 συμ-

152 1846 164 1869 ιι
180 1818 315 1896 όησόμενα
327 1823 356 1879 ἐκ
368 1825 510 1898 λογισμοῦ,
524 1822 569 1881 καί
584 1820 788 1901 παραδείγματα
801 1826 928 1899 ποιοῦμαι

152 1934 163 1958 ιι
180 1906 321 1990 τάλλότρια
338 1908 410 1981 πάθη
425 1914 476 1968 τῶν
492 1911 617 1987 ἐμαυτοῦ.
634 1936 646 1963 ν

192 1998 266 2058 LIV.
289 2001 374 2058 Ταῦτ’
402 1997 518 2067 εἰπόντος
533 1998 666 2072 Ἀππίου,
694 1997 740 2058 καί
767 2001 820 2059 τῶν
840 1999 927 2060 ἀλλων

151 2086 239 2163 ὀλίγου
260 2088 312 2145 δεῖν
330 2086 434 2146 πάντων
449 2086 497 2158 τήν
514 2086 596 2160 αὐτὴν
619 2087 728 2168 γνώμην
750 2086 926 2170 ἀποφηναμέ-

103 2192 122 2227 ιν
150 2182 241 2252 νων,ἡ
256 2177 304 2253 μὲν
319 2177 400 2256 βουλή
416 2177 540 2237 διελύετο.
565 2179 601 2237 Οἱ
614 2178 641 2236 δέ
657 2176 790 2258 δήμαρχοι
802 2175 835 2238 δι’
850 2179 927 2257 ὀργῆς

150 2261 252 2343 ἔχοντες
277 2262 325 2338 τήν
350 2264 498 2345 ἀποτυχίαν
524 2264 662 2345 ἀπήισαν,
689 2266 735 2324 καί
762 2264 830 2342 μετὰ
849 2272 925 2327 τοῦτο

149 2353 295 2427 ἐσκόπουν,
310 2354 380 2420 ὅπως
391 2351 589 2433 τιμωρήσονται
603 2355 647 2412 τδν
665 2354 763 2432 ἀνδρα·
778 2353 863 2422 ἔδοξεν
880 2346 924 2414 οῦν

149 2442 235 2506 αὐτοῖς
250 2440 338 2499 πολλὰ
353 2441 574 2521 βουλευσαμένοις
591 2442 651 2522 δίκη
663 2442 707 2502 τὸν
723 2440 833 2501 Ἄππιον
857 2447 925 2503 θπα·

149 2532 238 2604 γαγεῖν
253 2528 363 2587 θάνατον
381 2530 480 2608 ἐχούσῃ
491 2528 521 2587 τδ
531 2529 647 2606 τίμημα.
695 2530 749 2590 Καί
760 2530 828 2608 μετά
842 2537 925 2591 ταῦτα

103 2634 120 2671 ιι
149 2615 175 2671 ἐν
190 2615 319 2697 ἐκκλησία
338 2620 385 2675 τοῦ
407 2617 498 2697 ἀνδρὸς
513 2617 741 2699 κατηγορήσαντες
761 2619 926 2700 παρεκιῦιουν

148 2703 222 2776 ’ήκειν
239 2705 356 2773 ἅπαντας
373 2710 407 2774 είς
421 2706 469 2778 τήν
480 2707 741 2789 ἀποδειχθησομένην
759 2710 876 2790 ἡμέραν,
890 2715 925 2780 ὡς

149 2794 293 2862 διοίσοντας
321 2794 387 2908 ὑπὲρ
411 2798 491 2856 αὐτοῦ
512 2799 608 2879 ψῆρον.
659 2795 690 2857 Ἃ
715 2796 743 2856 δέ
768 2798 924 2877 κατηγορεῖν

148 2883 257 2955 ἔμελλον
272 2889 355 2942 ταῦτα
369 2907 411 2956 ην·
422 2883 461 2943 δτι
473 2885 588 2968 πονηράς
599 2885 675 2947 ἐτίθει
689 2884 759 2947 κατά
767 2892 814 2949 τοῦ
828 2887 911 2965 δήμου

147 2971 254 3049 γνώμας
267 2976 313 3031 καὶ
325 2973 417 3034 στάσιν
436 2977 539 3054 εἰσῆγεν
556 2978 589 3043 είς
604 2975 651 3048 τὴν
667 2976 743 3038 πόλιν
757 2977 803 3036 καί
822 2977 924 3057 δημάρ-

103 3076 122 3111 ιυ
147 3081 188 3139 χῳ
212 3069 303 3141 χεῖρας
324 3060 452 3142 ἐπήνεγκε
473 3065 546 3144 παρὰ
563 3064 623 3132 τοῦς
642 3065 725 3146 ἱεροδς
748 3066 862 3142 νόμους,
878 3066 924 3125 καί

149 3159 272 3225 στρατιᾶς
284 3151 452 3231 ἡγησάμενος
471 3151 517 3212 σῦν
535 3151 621 3234 βλάόη
635 3177 664 3214 τε
680 3154 726 3213 καλ
742 3155 854 3235 αἰσχύνη
875 3180 924 3232 με·

148 3238 214 3318 γάλῃ
232 3241 383 3321 ἀνέστρεψε.
437 3245 532 3302 Ταῦτα
548 3241 717 3320 προειπόντες
736 3245 763 3301 ἐν
779 3247 817 3324 τῷ
829 3244 923 3316 πλήθει

147 3325 191 3384 καί
205 3329 286 3407 ῥητήν
299 3333 345 3388 τιν’
363 3329 545 3397 ἀποδείξαντες
561 3329 674 3411 ἡμέραν,
692 3333 718 3390 ἐν
733 3324 751 3411 ἶ,
771 3333 843 3400 τέλος
858 3331 922 3414 ίρη-

148 3439 196 3474 σαν
210 3417 343 3480 ἐπιθήσειν
359 3424 393 3499 τῇ
408 3419 486 3497 δίκῃ,
505 3419 688 3499 παρήγγειλαν
710 3421 782 3502 αὐτῷ
799 3429 922 3500 παρεῖναι

103 3523 121 3560 ιο
147 3505 205 3563 τότε
232 3507 465 3587 ἀπολογησομένῳ.
507 3507 734 3587 Ἀγανακτούντων
762 3507 789 3568 δέ
814 3509 920 3569 πάντων

147 3595 199 3650 τῶν
215 3598 362 3672 πατρικίων
378 3594 423 3652 καί
445 3598 701 3675 παρεσκευασμένων
714 3597 804 3676 ἁπάσῃ
826 3603 924 3677 προθυ-

149 3681 198 3763 μίορ
215 3682 306 3750 σώζειν
321 3683 368 3741 τδν
383 3681 481 3764 ἀνδρα,
494 3682 540 3742 καλ
555 3684 599 3743 aba
614 3683 728 3744 Ἄππιον
738 3685 924 3763 παρακαλούν·

148 3792 200 3828 των
212 3762 277 3839 εἶξαι
286 3775 323 3848 τῷ
334 3773 419 3852 καιρῷ
430 3771 476 3831 καλ
492 3775 585 3851 σχῆμα
600 3781 658 3842 ταῖς
675 3773 819 3853 παρούσαις
832 3771 924 3852 τύχαις

147 3858 277 3937 ἁρμόττον
293 3859 464 3938 μεταλαόεῖν,
478 3859 549 3919 οῦδλν
563 3859 611 3941 έρη
622 3861 740 3934 ποιήσειν
757 3863 771 3919 θ
786 3860 852 3942 ἀνὴρ
863 3860 922 3922 ούτε

103 3970 121 4007 o
149 3949 253 4024 ἀγεννές
270 3949 330 4008 οὔτε
341 3952 392 4008 τῶν
410 3949 605 4032 προγεγονότων
628 3951 711 4031 ἔργων
728 3951 849 4024 ἀνάξιον,
872 3975 922 4028 μυ·

150 4037 218 4115 ρίους
236 4039 258 4095 δ’
281 4037 311 4096 ἀν
327 4038 466 4113 ὑπομεῖναι
481 4038 607 4106 θανάτους
623 4039 748 4119 πρότερον
766 4040 783 4112 ἣ
805 4039 922 4117 γονάτων

149 4123 266 4204 ἅψασθαί
288 4150 370 4192 τινος·
394 4125 453 4193 τούς
473 4148 501 4185 τε
524 4126 591 4208 ὑπέρ
614 4129 692 4187 αὐτοῦ
713 4129 811 4188 δεῖσθαι
842 4149 925 4207 παρε-

148 4213 340 4291 σκευασμένους
360 4213 513 4286 διεκώλυεν,
526 4213 607 4274 εἶπιλιν
622 4218 658 4284 ὡς
680 4214 871 4282 διπλασίωςδν
887 4218 926 4274 ai-

149 4302 251 4373 διαθείη
267 4308 352 4363 ταῦτα
366 4302 431 4383 θπέρ
445 4305 523 4361 αὐτοῦ
537 4309 676 4371 ποιοῦντας
686 4303 789 4385 ἐτέρους
804 4306 887 4383 δρῶν,
904 4304 921 4362 ἀ

103 4410 120 4446 n
148 4389 210 4466 μηδ’
224 4389 302 4458 αὐτὸς
322 4389 387 4473 ὑπὲρ
403 4395 483 4450 αὑτοῦ
498 4391 623 4471 πρέπειν
647 4392 782 4474 πρέποντα
806 4396 920 4469 ἡγεῖται.

147 4482 240 4540 Ταῦτά
259 4505 287 4540 τε
302 4480 334 4553 δὴ
346 4479 391 4541 καλ
403 4481 489 4541 πολλά
500 4478 580 4558 όμοια
593 4480 694 4548 τούτοις
705 4479 790 4559 λόγοιν
803 4477 848 4538 καί
862 4477 921 4539 οὔτε

149 4568 244 4639 ἐσθῆτα
260 4570 374 4638 ἀλλάξας
388 4570 447 4630 ούτε
462 4569 492 4630 τδ
506 4575 553 4643 τῆς
568 4571 650 4652 ὄψεως
662 4576 759 4649 γαῦρον
778 4567 925 4636 ἀλλοιώσας

150 4652 208 4712 οὔτε
224 4658 388 4736 φρονήματός
412 4683 441 4719 τε
466 4658 606 4742 ὑφέμενος,
628 4663 662 4726 ὡς
686 4648 752 4717 εἶδεν
776 4657 855 4738 ὀρθὴν
878 4655 924 4717 καλ

150 4742 280 4822 μετέωρον
293 4746 336 4807 tot
358 4747 552 4829 τ’ᾐπροσδοκία1
571 4753 616 4806 τοῦ
637 4749 737 4824 ἀγῶνος
759 4745 806 4818 τὴν
828 4744 923 4823 πόλιν,

103 4858 122 4896 ιο
150 4830 244 4909 ὀλίγων
267 4831 305 4892 ίτι
326 4835 489 4915 λειπομένων
510 4838 615 4916 ἡμερῶν
636 4833 727 4894 ἐαυτὸν
751 4834 920 4918 διεχρήσατο.

152 4917 187 4974 0t
209 4913 257 4989 μέν
272 4913 304 4985 δή
321 4918 497 4994 προσήκοντες
517 4924 589 4999 αὐτῷ
607 4920 686 4978 νόσον
703 4920 866 4993 ἐσκήπτοντο
882 4946 928 5001 γε·

151 5000 239 5059 νέσθαι
257 5005 304 5058 τοῦ
326 5003 438 5062 θανάτου
464 5006 563 5066 αἰτίαν.
611 5007 819 5086 Προενεχθέντος
836 5011 864 5068 δέ
882 5017 928 5070 τοῦ

152 5089 274 5166 σώματος
289 5093 325 5155 είς
341 5089 388 5159 τήν
413 5095 554 5171 ἀγορὰν,θ
578 5092 624 5170 μὲν
647 5096 701 5162 υίδς
720 5097 799 5155 αὐτοῦ
814 5097 929 5177 προσιὼν

153 5186 205 5245 τοῖς
227 5178 373 5258 δημάρχοις
391 5177 437 5238 καλ
458 5189 509 5247 τοῖς
530 5180 638 5248 ὑπάτοις
663 5183 737 5255 ἠξίου
753 5182 800 5259 τήν
818 5187 928 5264 νόμιμον

1704 359 1761 438 scr

985 534 996 557 ιι
1012 528 1069 578 quea
1089 513 1154 578 apud
1173 514 1267 576 priscos
1285 512 1370 563 odiosa
1381 514 1467 575 erant,
1479 512 1534 563 lroec
1548 487 1614 563 nunc
1626 514 1719 575 extolli,
1736 522 1762 567 et

984 633 997 660 ι
1012 612 1154 663 hominibus
1171 611 1296 675 corruptis
1307 610 1451 660 adrniranda
1461 614 1525 662 bona
1536 611 1625 674 videri,
1640 612 1761 675 ignaviam

985 731 997 755 ιι
1011 709 1108 760 scillcet
1121 711 1144 758 et
1162 707 1339 758 scurrilitatem
1352 711 1377 757 et
1396 707 1577 771 malignitatem
1590 711 1615 757 ct
1626 709 1762 760 versutiam

985 830 997 853 ι
1013 813 1038 860 et
1056 806 1166 857 animum
1179 805 1211 854 ad
1224 805 1320 869 quaevis
1337 805 1511 863 temerarium.
1536 810 1561 855 ct
1578 805 1608 855 nd
1622 807 1691 856 nulla
1709 822 1763 858 rue-

985 928 997 951 ι
1011 906 1073 957 liora
1088 904 1300 967 obtemperantem
1315 920 1321 949 :
1336 915 1394 965 ηυιυ
1406 902 1458 965 jam
1469 901 1563 952 multas
1576 907 1690 969 potentes
1701 905 1763 954 eivi-

985 1029 997 1053 ιι
1013 1011 1079 1058 tates
1098 1004 1211 1056 funditus
1232 1006 1385 1053 everterunt.
1412 1005 1484 1064 ilaec,
1503 1006 1590 1055 Patres
1613 1006 1761 1072 conscripti,

985 1124 998 1154 ιι
1013 1105 1066 1155 aive
1085 1102 1174 1154 auditu
1185 1100 1295 1165 jucnnela
1315 1100 1385 1150 vobis
1401 1105 1475 1159 snnt,
1490 1102 1543 1153 sive
1557 1104 1678 1163 molesta,
1692 1119 1706 1155 a
1722 1119 1764 1157 mc

986 1224 998 1248 ιι
1011 1206 1036 1253 et
1051 1199 1179 1251 consume
1193 1199 1219 1247 et
1242 1195 1367 1246 liberrime
1381 1201 1440 1246 sunt
1460 1197 1540 1257 aliem,
1561 1198 1592 1248 iis
1612 1199 1712 1264 quidem
1731 1199 1763 1250 de

986 1318 999 1348 ιι
1014 1298 1092 1358 robis,
1105 1296 1148 1362 qui
1162 1309 1201 1345 rne
1219 1293 1328 1354 audient,
1350 1293 1460 1344 simodo
1476 1308 1516 1346 me
1531 1296 1650 1361 audietis,
1659 1300 1685 1349 et
1697 1312 1763 1348 nnnc

986 1417 997 1439 ι
1013 1394 1084 1446 utilia
1093 1396 1120 1443 ct
1129 1392 1155 1442 in
1166 1396 1293 1456 posterum
1305 1393 1377 1450 tota;
1390 1391 1453 1441 mibi
1463 1405 1537 1452 vero,
1551 1393 1596 1456 qni
1606 1394 1762 1457 publicorum

985 1514 998 1538 ι
1012 1489 1199 1542 commodorum
1219 1501 1307 1539 caussa
1331 1489 1442 1552 privatus
1471 1489 1614 1540 inimicitias
1642 1487 1761 1552 suscipio.

984 1616 997 1640 ιι
1015 1592 1095 1644 multa
1119 1590 1229 1657 perirtula
1253 1590 1368 1641 allatura.
1402 1595 1450 1642 lies
1465 1591 1531 1642 enim
1544 1590 1643 1643 iuturus
1664 1595 1764 1645 ratioci-

985 1712 998 1741 ι
1013 1695 1113 1744 natione
1134 1690 1270 1756 praevidere
1284 1705 1398 1756 possum,
1414 1698 1439 1743 et
1456 1692 1519 1758 quid
1534 1693 1596 1744 mibi
1611 1694 1644 1744 sit
1658 1698 1760 1746 crentu-

985 1815 997 1839 ιι
1014 1809 1078 1856 rum,
1089 1807 1120 1843 ex
1133 1792 1241 1842 aliorum
1251 1794 1371 1857 exemplis
1383 1798 1408 1844 ct
1421 1794 1521 1845 casibus
1533 1796 1643 1860 conjicio.
1656 1818 1668 1842 o

1015 2013 1077 2063 niv.
1093 2013 1139 2064 ilis
1153 2012 1185 2063 ab
1204 2013 1281 2076 Appio
1294 2012 1377 2073 dietis,
1403 2016 1428 2062 et
1444 2014 1500 2064 aliis
1521 2014 1599 2065 terme
1610 2016 1726 2067 omnibus
1737 2018 1763 2068 in

985 2114 1098 2167 eamdem
1119 2114 1264 2165 sententiam
1278 2114 1405 2176 euntibus,
1429 2119 1530 2165 senatus
1551 2117 1651 2181 ‹pnidem
1669 2121 1708 2169 est
1728 2119 1763 2170 ni·

984 2215 1083 2266 missus.
1101 2214 1205 2264 Tribuni
1219 2219 1304 2264 autem
1327 2214 1359 2264 cb
1389 2214 1528 2279 repulsam,
1544 2230 1621 2282 ‹pnam
1636 2218 1762 2282 tulemnt,

984 2323 1042 2374 irati
1052 2322 1167 2373 abierunt
1186 2326 1229 2371 :et
1250 2321 1335 2372 statim
1347 2327 1475 2386 ceperunt
1488 2324 1643 2387 consultare,
1654 2301 1763 2390 quanam

983 2421 1080 2474 ratione
1095 2420 1169 2470 illum
1191 2420 1377 2471 ulciscerentur.
1413 2421 1466 2472 illis
1489 2422 1565 2485 igitur
1586 2428 1642 2487 [root
1666 2425 1762 2490 longam

985 2517 1191 2570 consultationem
1203 2517 1296 2582 placuit
1314 2517 1380 2568 diem
1402 2520 1479 2583 Appio
1491 2519 1581 2581 dicere,
1596 2520 1664 2571 litem
1681 2525 1763 2587 capite

985 2614 1176 2666 aestimantibus.
1209 2616 1268 2663 Post
1279 2614 1334 2664 hacc
1345 2615 1445 2666 homine
1456 2629 1501 2679 pro
1510 2617 1625 2667 concione
1635 2622 1761 2679 accusato,

985 2712 1111 2764 adhortati
1125 2715 1183 2762 sunt
1194 2724 1288 2770 omnes,
1300 2691 1329 2761 ut
1343 2714 1376 2762 ad
1384 2712 1450 2762 diem
1463 2713 1557 2765 dictam
1568 2714 1694 2776 adessent,
1708 2719 1762 2767 snt·

986 2807 1062 2874 tregia
1075 2808 1107 2858 de
1126 2807 1171 2858 illo
1189 2807 1274 2858 laturi.
1308 2808 1416 2860 cumina
1442 2814 1539 2866 autem.
1554 2825 1612 2877 quo
1636 2812 1672 2863 illi
1692 2817 1762 2865 erant

984 2906 1113 2972 objecturi,
1134 2907 1189 2957 baec
1202 2909 1294 2957 erant:
1318 2907 1467 2958 maiescum
1486 2914 1571 2961 eontra
1589 2911 1686 2976 plebem
1709 2928 1762 2965 sen·

985 3004 1074 3056 tentias
1088 3003 1177 3065 dicero,
1189 3002 1335 3053 seditionem
1352 3003 1377 3055 in
1391 3004 1519 3055 unitatem
1536 3007 1658 3067 iuducere,
1673 3014 1697 3061 et
1715 3012 1760 3062 tri·

984 3102 1050 3153 buno
1064 3103 1151 3151 contra
1165 3103 1274 3150 sacmtas
1295 3100 1358 3164 leges
1370 3115 1457 3152 manos
1469 3103 1631 3170 intulissei,et
1641 3109 1761 3159 exercitui

984 3198 1140 3268 proiectum,
1153 3199 1253 3261 accepta
1273 3197 1364 3260 ingenti
1384 3198 1454 3250 clade
1472 3203 1498 3251 et
1512 3201 1655 3266 ignominia,
1671 3207 1699 3255 tn
1710 3219 1759 3273 ρει-

984 3301 1066 3349 trtnm
1078 3308 1215 3347 reversum.
1245 3294 1344 3358 llispro
1357 3296 1474 3348 concione
1487 3297 1562 3350 dictis
1572 3339 1578 3361 ,
1589 3304 1707 3366 certaque
1720 3303 1761 3354 die

982 3398 1134 3464 praestituta,
1150 3410 1202 3460 qua
1216 3395 1375 3458 acinaticium
1393 3402 1537 3461 peracturos
1548 3400 1674 3463 dixerunt,
1686 3404 1718 3465 ei,
1732 3409 1768 3458 ut.

983 3496 1014 3546 ad
1028 3507 1142 3545 caussam
1154 3491 1283 3543 dicendam
1303 3494 1407 3556 veniret,
1421 3495 1608 3550 denuntiarunt.
1643 3499 1672 3550 ld
1681 3515 1759 3565 quum

982 3606 1068 3646 omnes
1082 3589 1179 3656 patricii
1200 3603 1265 3653 aegre
1279 3589 1387 3652 tenent,
1408 3596 1433 3643 et
1447 3593 1609 3647 omniomnis
1624 3600 1702 3661 parati
1717 3613 1759 3649 es-

982 3691 1117 3738 scntreum
1132 3696 1240 3745 servare,
1254 3688 1279 3734 et
1302 3687 1408 3749 Appium
1423 3688 1590 3753 hortarentur,
1606 3697 1635 3742 ut
1655 3696 1760 3760 tempori

981 3785 1079 3837 eederet
1089 3786 1115 3834 et
1127 3781 1240 3833 habitum
1255 3784 1371 3848 presenti
1385 3783 1491 3837 fortuna
1515 3791 1700 3844 convenientem
1716 3810 1760 3845 su·

980 3883 1067 3940 meret,
1081 3878 1181 3944 negarit
1193 3877 1237 3930 ille
1248 3893 1275 3931 se
1286 3880 1423 3946 quidquam
1432 3881 1566 3948 tactorum,
1579 3889 1646 3954 quod
1656 3890 1703 3941 sibi
1714 3893 1758 3944 de·

980 3980 1064 4033 decori
1074 3980 1149 4038 essct,
1160 3978 1186 4024 ct
1196 3973 1271 4025 rebus
1281 3978 1338 4026 ante
1353 3976 1428 4041 gestis
1438 3977 1579 4042 indignum,
1594 3986 1620 4032 et
1633 3997 1659 4034 sc
1668 3984 1758 4037 millies

980 4082 1044 4135 mori
1054 4082 1137 4145 mallo,
1154 4096 1231 4149 ηυιιιιι
1250 4081 1366 4146 cuiqnam
1383 4077 1415 4128 ad
1427 4090 1507 4140 genua
1528 4076 1656 4128 accideret.
1672 4081 1705 4128 Et
1717 4093 1760 4130 eos

979 4191 1091 4244 quoque,
1103 4177 1148 4244 qui
1160 4190 1206 4242 pro
1217 4189 1245 4227 oe
1257 4172 1383 4240 deprecari
1405 4171 1483 4236 parati
1501 4175 1586 4231 erant,
1601 4171 1758 4236 impediebat,

980 4270 1074 4335 dicens,
1086 4271 1239 4336 duplicatum
1250 4269 1369 4336 pudorem
1379 4267 1426 4318 sibi
1435 4266 1494 4325 iore,
1506 4266 1528 4315 si
1538 4266 1634 4317 videret
1643 4268 1705 4318 alios
1714 4283 1759 4333 pro

980 4378 1007 4414 se
1015 4379 1044 4415 ea
1051 4366 1140 4426 iacere,
1153 4379 1211 4431 qnae
1222 4379 1252 4416 ne
1265 4364 1347 4429 ipsum
1358 4374 1435 4426 prosc
1444 4360 1545 4425 quidem
1556 4361 1758 4412 tancredeeorum

980 4460 1086 4522 putaret.
1100 4461 1160 4510 Hoec
1171 4459 1270 4524 aliaque
1288 4458 1368 4508 multa
1384 4455 1476 4507 similia
1494 4455 1590 4516 dicens,
1606 4470 1651 4506 nec
1662 4461 1758 4510 mutata

979 4555 1049 4603 resta
1058 4553 1205 4603 necvarieta
1213 4552 1336 4616 gravitate
1351 4550 1444 4608 vultus,
1457 4548 1648 4612 necquidquam
1658 4549 1759 4613 (lepris

979 4644 1031 4693 tina
1047 4642 1247 4708 magnanimitate
1262 4642 1403 4699 remittens,
1421 4644 1450 4690 ut
1464 4640 1526 4690 vidit
1542 4644 1620 4689 totam
1632 4640 1757 4689 civitatem

979 4736 1033 4800 clus
1042 4735 1130 4800 indicii
1140 4735 1324 4799 exspectatione
1337 4737 1448 4785 erectam
1460 4736 1484 4783 et
1500 4745 1660 4795 suspensam,
1672 4732 1757 4791 ptaueis

978 4830 1036 4879 ante
1043 4826 1164 4890 iudicium
1177 4825 1266 4875 diebus
1278 4839 1367 4875 manns
1381 4826 1428 4875 sibi
1439 4823 1533 4876 attulit.
1546 4825 1605 4885 Ejus
1619 4826 1700 4869 tauron
1713 4836 1757 4873 ne-

978 4918 1079 4968 cessarii
1087 4918 1169 4981 ipsum
1179 4918 1266 4967 morbo
1272 4919 1420 4967 exstinctum
1428 4915 1585 4966 simulabant.
1619 4910 1699 4961 artato
1711 4928 1757 4963 au-

978 5015 1029 5061 tem
1054 5010 1078 5059 in
1097 5010 1178 5060 inrum
1203 5012 1338 5069 cadavere,
1360 5010 1491 5070 tilinsejus
1505 5007 1567 5056 adiit
1593 5004 1706 5056 tribunos
1728 5012 1755 5060 et

978 5101 1092 5153 consules
1100 5103 1238 5168 petiitque,
1256 5107 1285 5153 ut
1306 5102 1351 5152 sibi
1376 5100 1493 5163 preputium
1508 5097 1539 5147 ati
1563 5099 1704 5151 concionem
1724 5103 1758 5152 lc·

978 5198 1090 5262 gitimam
1100 5205 1273 5262 convocarent,
1287 5201 1383 5263 sibique
1395 5199 1421 5249 in
1434 5212 1464 5249 ea
1474 5212 1542 5250 more
1553 5198 1675 5263 matorum
1686 5202 1711 5249 ct
1724 5212 1755 5260 en
