3772 5828
198 391 238 449 δ’.)

197 520 304 592 λώὸιος,
321 517 471 596 τυραννικόν
494 539 522 575 τε
544 520 637 596 χρῆμα
663 515 707 574 καί
731 521 795 582 θεοῖς
820 519 970 597 ἀπεχθόμε·
997 543 1000 580 ς

196 632 258 682 νον,
275 608 330 674 ένὸς
344 605 425 664 δέοντ’
441 607 547 664 εἴκοσιν·
572 594 594 684 a}
608 609 802 683 περιφρονοῦντι
823 605 856 664 τὰ
877 607 970 680 δαιμά·

197 719 241 755 νεα
260 693 454 754 κατεσκεύαστο
469 694 600 768 κεραυνῶν
616 714 643 749 τε
663 691 806 768 μιμήματα
821 693 866 750 καί
877 695 970 753 κτύποι

199 789 318 863 βρονταῖς
330 784 464 861 ίμριρεῖς,
479 770 515 845 οἷς
529 778 688 838 δεδίττεσθαι
702 779 760 844 τοὺς
773 779 921 858 ἀνθρώπους
936 785 971 847 ώς

156 896 169 934 ς
199 871 254 937 θεὸς
270 869 352 942 ἠξίου.
406 864 536 946 Ὀμύρων
550 865 576 924 δί
591 866 635 924 καὶ
650 871 782 945 κεραυνῶν
795 868 831 933 εἰς
843 867 887 926 τὸν
900 858 969 927 οἶκον

198 961 277 1018 αύτοῦ
295 955 532 1036 κατασκηψάντων,
548 959 594 1025 τῆς
607 976 635 1011 τι
649 954 753 1031 λίμνης,
769 959 832 1036 παρ’
846 956 879 1028 ἣν
893 958 969 1016 οἰκῶν

198 1045 323 1125 ἐτύγχανε
334 1089 343 1122 ,
354 1042 516 1121 πλημμύραν
531 1045 578 1101 οὐκ
591 1045 711 1102 εἰωθυῖαν
724 1042 868 1116 λαθούσης,
883 1067 969 1103 κατα-

197 1134 314 1199 κλυσθεὶς
322 1134 455 1197 πανοίκιος
465 1130 621 1190 άπολλυται.
635 1130 690 1191 Καὶ
699 1138 743 1190 νῦν
753 1130 793 1190 lar
804 1132 970 1207 διαλαμπού-

197 1244 244 1293 σης
257 1225 303 1292 τῆς
312 1221 406 1297 λίμνης
417 1222 443 1277 ἓν
459 1219 532 1298 μέρει
540 1217 600 1294 τινὶ,
608 1219 670 1278 ὅταν
679 1218 845 1299 ὑπονοστήσῃ
858 1220 887 1279 τὸ
897 1229 969 1297 νᾶμα

144 1333 170 1373 ιο
196 1309 241 1367 καί
257 1308 378 1387 σταθερὸς
391 1311 405 1364 b
428 1306 503 1384 βυθὸς
525 1306 641 1384 γένηται,
654 1305 795 1366 παστάδων
807 1308 909 1388 ἐρείπια
923 1311 968 1368 καὶ

197 1398 256 1456 ἀλλ’
264 1396 390 1467 οἰκήσεως
397 1395 459 1474 ἴχνη
466 1394 594 1475 ραίνεται.
600 1393 754 1462 Ἀουεντῖνος
765 1397 791 1454 δὲ
797 1396 869 1476 παρίι
875 1398 967 1458 τούτου

196 1484 244 1557 τὴν
256 1483 408 1542 δυναστιίαν
422 1482 614 1558 διαδεξάμενος,
627 1483 671 1562 ἄρ’
682 1474 712 1541 ού
729 1489 781 1542 τῶν
799 1484 866 1543 έπτδ
880 1486 967 1567 λάρων

198 1597 236 1638 τις
248 1573 381 1649 ἐπώνυμος
391 1571 490 1649 ἐγένετο
500 1574 551 1629 τῶν
562 1569 816 1647 συμπεπολισμένων
825 1575 857 1648 τῇ
865 1571 968 1653 Ῥώμη,

137 1703 142 1713 .
197 1661 337 1741 τριάκοντα
353 1661 398 1719 καί
411 1659 478 1719 ἔπτὰ
490 1658 536 1733 έτη
548 1661 595 1732 τὴν
611 1659 695 1738 ἀρχὴν
714 1659 838 1738 κατέσχε.
864 1662 969 1738 Πρόκρις

145 1771 169 1810 ra
199 1749 225 1808 bi
240 1747 308 1826 μετά
326 1752 417 1806 τοῦτον
429 1746 476 1819 ἔτη
491 1747 572 1807 εἰκοσι
591 1748 637 1805 καὶ
651 1748 723 1826 τρία.
766 1744 872 1807 'Ensis'
888 1749 966 1826 Ἀμύ-

197 1841 268 1910 λιος,
284 1838 312 1895 ού
328 1834 373 1893 οίνν
389 1835 447 1914 δίκη
463 1834 510 1906 τὴν
525 1834 661 1914 βασιλείαν
675 1835 818 1914 κατασχὼν
838 1835 967 1914 Νεμέτορι

196 1923 394 2005 προσήκουσαν,
406 1914 474 1994 δςῆν
495 1925 567 2002 αὐτῷ
587 1922 761 2001 πρεσάύτερος
781 1923 907 1999 ἀδελφὸς,
923 1925 968 1982 δύο

196 2014 241 2071 καί
256 2011 438 2090 τετταράκοντ’
453 2011 498 2082 έτη
515 2012 674 2069 δυναστεύει.
716 2009 872 2086 ’λμολίουδΙ
895 2015 968 2071 ἀναι-

197 2101 310 2178 ρεθέντος
327 2099 377 2157 ὑπὸ
392 2099 531 2176 Ῥωμύλου
548 2099 593 2156 καί
610 2098 732 2175 Ῥώμου,
747 2101 799 2156 τῶν
815 2100 844 2156 ἐκ
866 2104 912 2169 τῆς
930 2103 967 2157 ἱε·

141 2205 169 2246 to
197 2199 242 2268 ρᾶς
257 2190 336 2267 κόρης
349 2188 508 2264 γενομένων,
532 2189 567 2252 ῶς
588 2185 682 2244 αὐτίκα
705 2185 881 2263 λεχθήσεται,
901 2187 968 2261 μετὰ

195 2277 240 2334 τ’σν
266 2273 363 2334 ἐκείνου
387 2275 496 2332 θάνατον
520 2271 704 2349 άπολαμύάνιι
726 2273 775 2342 τὴν
799 2271 867 2331 κατὰ
888 2272 966 2345 νόμον

197 2362 348 2421 δυναστείαν
369 2361 497 2439 Νεμέτωρ
511 2365 525 2418 b
541 2363 592 2418 τῶν
613 2359 754 2419 νεανίσκων
777 2364 965 2442 μητροπάτωρ.

195 2454 244 2530 Τῷ
259 2451 282 2508 δ’
298 2449 355 2520 ἑξῆς
367 2452 418 2508 ἔτει
432 2454 478 2520 τῆς
490 2447 636 2526 Νεμέτορος
650 2450 744 2530 ἀρχῆς,
752 2448 864 2528 δευτέρῳ
880 2447 907 2509 δὲ
922 2450 967 2508 καί

196 2540 343 2617 τριακοστῷ
364 2539 409 2596 καί
422 2539 630 2616 τετρακοσιοστῷ
649 2536 717 2596 μετὰ
731 2537 778 2607 τὴν
794 2535 875 2597 Ἰλίου
891 2538 962 2596 ἅλω·
977 2540 980 2546 ’

141 2638 168 2680 τε
197 2651 256 2699 τιν,
275 2625 398 2686 ἀποικίαν
426 2627 572 2691 στείλαντες
594 2625 734 2697 Ἀλὸανοὶ,
759 2624 899 2701 Ῥωμύλου
922 2628 967 2686 καί

195 2715 303 2792 Ῥώμου
319 2715 366 2787 τὴν
384 2713 525 2792 ἡγεμονίαν
539 2716 619 2784 αὐτῆς
633 2715 757 2793 ἐχόντων,
771 2715 886 2782 κτίζουσι
896 2714 966 2774 Ῥώ-

196 2829 261 2882 μην,
277 2803 352 2870 έτους
366 2805 504 2868 ἐνεστῶτος
518 2802 623 2882 πρώτου
644 2807 689 2871 τῆς
706 2801 819 2878 ίὸδόμης
836 2802 965 2877 ὀλυμπιά-

195 2893 252 2966 δος,
266 2890 298 2964 ἣν
320 2892 393 2951 ἐνίκα
408 2892 512 2948 στάδιον
533 2893 650 2958 Δαϊκλῆς
665 2889 824 2959 Μεσσήνιος,
841 2889 966 2968 άρχοντος

195 2979 317 3050 Ἀθήνησι
329 2977 454 3055 Χάροπος
468 2975 576 3045 έτοςτῆς
588 2975 721 3040 δεκαετίας
733 2979 845 3055 πρῶτον.

139 3082 167 3123 ao
233 3066 354 3126 LXXII.
367 3061 600 3143 Ἀμρισάητνίσεως
612 3061 638 3120 δέ
649 3064 747 3133 πολλῆς
761 3061 891 3134 ούσηςκοιί
906 3065 966 3142 περὶ

195 3159 238 3211 τοῦ
253 3152 348 3231 χρόνου
368 3155 414 3222 τῆς
433 3150 541 3216 κτίσεως
563 3151 608 3208 καί
628 3149 758 3228 περὶτῶν
781 3152 904 3208 οἰκιστῶν
918 3157 965 3222 τῆς

193 3242 302 3312 πόλεως,
311 3238 445 3303 ούδάθτὸς
452 3236 527 3316 ᾤμην
537 3239 588 3295 δεῖν
600 3237 689 3314 ὥσπερ
698 3235 891 3312 ὁμολογούμενα
902 3240 965 3318 πρὸς

192 3327 318 3387 ἁπάντων
333 3325 358 3394 ἕξ
372 3327 513 3407 ἐπιδρομῆς
525 3326 675 3403 παρελθεῖν.
711 3326 840 3402 Κεράλων
853 3326 900 3401 μὲν
914 3328 964 3405 γάρ

193 3419 207 3472 ὁ
220 3415 363 3496 Γεργίθιος,
378 3412 539 3497 συγγραρείνς
548 3412 659 3479 παλαιὸς
674 3413 758 3483 πάνυ,
771 3413 876 3494 δευτέρα
886 3425 963 3497 γενεᾷ

141 3518 166 3556 aa
194 3501 262 3575 μετδι
276 3501 319 3560 τὸν
335 3501 454 3563 Ἰλιακὸν
473 3501 587 3578 πολεμον
603 3502 719 3559 ἐκτίσθαι
738 3499 809 3579 λέγει
829 3502 876 3573 τὴν
889 3504 963 3561 πάλιν

194 3588 245 3647 ὑπὸ
254 3593 304 3646 τῶν
320 3591 344 3658 ἐξ
356 3589 435 3650 Ἰλίου
448 3590 624 3648 διασωθέντων
639 3589 685 3648 σὺν
696 3589 798 3669 Αἰνεία·
810 3591 928 3663 οἰκιστὴν
941 3591 965 3649 δ’

194 3678 274 3748 αὐτῆς
283 3679 421 3757 ιἰποραίνει
430 3678 473 3736 τὸν
484 3679 650 3753 ἡγησάμενον
657 3682 702 3746 τῆς
714 3677 834 3744 ἀποικίας
849 3677 963 3754 Ῥῶμον·

193 3769 282 3822 τοῦτον
298 3766 319 3822 δ’
337 3756 468 3823 εἶναιτῶν
483 3765 587 3826 Αἰνείου
599 3765 700 3820 παίδων
713 3767 767 3820 ἕνα·
791 3765 919 3843 τέτταρας
933 3767 962 3824 δέ

194 3873 270 3926 φησιν
287 3852 379 3933 Αἰνείᾳ
394 3852 514 3929 γενέσθαι
527 3851 637 3926 παῖδας,
651 3849 784 3909 Ἀσκάνιον
801 3854 962 3930 Εὐρυλέοντα

140 3950 167 3988 θθ
194 3936 331 4012 Ῥωμύλον
342 3937 458 4012 Ῥῶμον.
472 3938 582 4015 Εἴρηται
590 3937 617 3994 δὲ
628 3938 672 3995 καὶ
679 3937 825 4016 Δημαγόρᾳ
833 3939 878 3995 καὶ
889 3939 963 4015 ’λγα-

194 4024 280 4102 θύλλῳ
296 4025 340 4084 καί
354 4025 442 4091 ἄλλοις
453 4028 556 4102 συχνοῖς
571 4022 623 4082 ὅτε
640 4024 731 4102 χρόνος
745 4026 815 4082 καὶὸ
831 4030 877 4094 τῆς
887 4028 961 4083 άποι-

193 4111 250 4179 κίας
265 4113 370 4188 ἡγεμὼν
381 4118 395 4171 b
407 4114 491 4178 αὐτός.
536 4111 568 4172 ‘0
584 4115 610 4171 δὲ
626 4113 672 4178 τδις
686 4111 781 4192 ἱερείας
797 4111 842 4178 τὰς
857 4115 882 4169 έν
897 4109 962 4192 Ἀρ-

192 4222 232 4277 γει
246 4199 290 4258 καί
305 4199 338 4257 sd
356 4201 414 4258 καθ’
427 4200 541 4273 έκάστην
559 4202 709 4281 πραχθέντα
724 4201 889 4276 συναγαγὼν,
910 4203 960 4259 λί-

193 4285 262 4344 νείαν
279 4286 355 4366 ρησίν
376 4290 406 4345 ἐκ
426 4290 568 4348 Μολοττῶν
590 4291 623 4354 εἷς
639 4287 757 4347 Ἰταλίαν
783 4288 888 4345 ἐλθόντα
904 4292 960 4363 μετ’

139 4387 165 4425 ⁴⁵
193 4372 341 4441 Ὀδυσσέως
363 4375 478 4446 οἰκιστὴν
495 4377 615 4455 γενέσθαι
636 4381 683 4448 τῆς
704 4375 813 4443 πόλεως·
834 4377 961 4452 ὀνομάσαι

193 4462 217 4520 δ’
231 4463 313 4534 αὐτὴν
328 4462 380 4521 άπδ
406 4471 467 4538 μιᾶς
485 4468 536 4522 τῶν
558 4464 678 4524 Ἰλιάδων
694 4463 812 4540 Ῥώμης.
852 4463 960 4537 Ταύτην

193 4551 220 4610 δέ
247 4551 317 4629 λέγει
351 4557 407 4618 ταῖς
432 4549 525 4618 άλλαις
557 4554 666 4630 Τρωάσι
694 4552 961 4630 παρακελευσαμένην

193 4643 267 4718 κοινῷΙ
283 4637 341 4712 μετ’
355 4639 439 4696 αὐτῶν
458 4640 591 4715 ἐμπρῆσαι
605 4640 639 4698 τά
660 4640 765 4719 σκάφη,
783 4640 961 4720 βαρυνομένην

192 4726 335 4806 τῇπλάνῃ.
380 4724 523 4802 Ὁμολογεῖ
536 4728 559 4784 δ’
575 4728 704 4807 αὐτῷκαὶ
722 4729 868 4802 Δαμαστὴς
882 4732 896 4785 b
913 4730 960 4788 Σι-

138 4821 166 4859 ὓθ
193 4814 275 4890 γειείνς
295 4815 340 4874 καί
354 4813 429 4872 ἄλλοι
442 4814 518 4879 τινές.
562 4815 740 4892 Ἀριστοτέλης
754 4818 805 4874 δ’ὁ
824 4816 962 4896 Ιοιλάσορος

192 4904 306 4984 Ἀχανῶν
318 4927 389 4971 τινας
407 4903 506 4981 ἱστορεῖ
524 4906 572 4961 τῶν
592 4903 644 4962 ἀπὸ
656 4908 752 4981 Τροίας
765 4905 962 4982 άνακομισαμέ·

191 5017 244 5053 νων
269 4991 456 5072 περιπλέοντας
480 4994 602 5064 Μαλέαν,
631 4991 722 5050 ἔπειτα
746 4994 857 5070 χειμῶνι
881 4993 961 5076 βιαίῳ

193 5081 405 5148 καταληοθέντας
418 5081 482 5149 τέως
494 5081 540 5158 μέν
555 5081 606 5139 ὑπὸ
621 5084 672 5138 τῶν
684 5079 839 5156 πνευμάτων
853 5082 962 5159 ρερομέ·

192 5186 251 5231 νους
263 5167 386 5245 πολλαχῆ
400 5176 445 5228 τοῦ
458 5170 586 5246 πελάγους
610 5171 775 5240 πλανᾶσθαι,
787 5165 963 5237 τελευτῶντας

716 382 885 444 nton'tlslt
910 385 1284 447 anticann'nssan‘sls

1024 529 1094 590 dius,
1107 529 1262 591 tyrannicum
1275 531 1301 578 et
1312 527 1359 578 diis
1367 527 1475 577 invisum
1488 526 1626 590 ingenium,
1648 526 1800 592 undeviginti

1023 644 1108 681 annos.
1158 631 1314 694 limantem,
1335 642 1393 680 cum
1415 632 1484 679 esset
1506 629 1612 679 deorum
1633 633 1798 694 contemptor,

1023 736 1148 788 machinas
1157 737 1322 798 excogitarat,
1335 737 1427 800 quibus
1436 736 1538 799 fulmina
1549 735 1691 789 imitaretur
1701 738 1727 785 at
1735 739 1799 786 stre·

1023 835 1089 900 pitus
1101 837 1205 888 tonitrui
1218 838 1310 889 similes
1330 837 1431 899 ederet,
1444 836 1534 901 quibus
1546 836 1659 890 homines
1678 840 1753 902 tanqu
1758 852 1799 888 am

1023 936 1085 990 deus
1099 940 1190 990 terrere
1204 938 1309 990 volebat.
1350 939 1395 989 Sed
1407 953 1464 988 cum
1475 939 1566 989 imbres
1577 942 1604 988 et
1616 938 1720 989 fulmina
1733 952 1797 989 cere

1022 1037 1048 1089 in
1060 1039 1114 1090 eiua
1128 1039 1336 1090 domumcoelitus
1348 1039 1491 1103 irruissent,
1509 1043 1535 1089 ct
1549 1039 1631 1100 beas,
1641 1039 1710 1090 iuxta
1721 1054 1796 1102 quem

1023 1145 1162 1203 habitabat,
1185 1149 1389 1209 praetermorem
1416 1144 1584 1206 exundasset,
1606 1144 1701 1195 diluvio
1725 1144 1798 1195 obru-

1022 1251 1132 1295 tuscum
1148 1247 1199 1295 tota
1218 1243 1311 1294 satollia
1321 1244 1401 1308 periit.
1434 1246 1466 1294 Et
1478 1256 1544 1293 nunc
1560 1242 1636 1294 etiam
1652 1244 1676 1292 in
1689 1244 1798 1306 quadam

1022 1352 1091 1414 parte
1108 1348 1161 1398 lacu
1176 1347 1319 1409 deliciante,
1340 1361 1398 1397 cum
1420 1360 1493 1410 aquas
1520 1352 1674 1398 recesserunt
1692 1352 1719 1398 et
1740 1349 1798 1398 ime

1023 1455 1090 1503 lacus
1103 1456 1186 1516 partes
1202 1455 1268 1503 stant
1285 1452 1409 1512 immotas,
1426 1451 1547 1502 atriorum
1567 1453 1646 1503 ruinae
1666 1455 1692 1503 et
1705 1452 1797 1504 domus

1022 1557 1148 1607 manifesta
1162 1556 1265 1620 vestigia
1281 1562 1425 1607 cernuntur.
1462 1556 1600 1609 Aventinus
1616 1569 1691 1618 vero,
1705 1558 1749 1622 qui
1763 1559 1794 1608 ab

1021 1676 1051 1712 co
1065 1674 1167 1725 regnum
1178 1660 1285 1723 accepit,
1304 1662 1394 1722 (aquo
1406 1672 1472 1711 unus
1489 1673 1503 1710 e
1514 1662 1609 1724 septem
1626 1658 1741 1723 collibus,
1753 1660 1796 1724 qui

1021 1763 1145 1817 moenibus
1169 1763 1284 1813 Romanis
1300 1762 1444 1829 εῖιιςςιιαίιιι,
1464 1775 1552 1813 noman
1569 1762 1679 1828 accepi)
1707 1775 1795 1814 aaran

1020 1877 1096 1914 annos
1119 1877 1221 1931 regnum
1243 1862 1330 1914 tenuit.
1362 1866 1454 1914 Procas
1471 1867 1528 1928 post
1547 1861 1616 1916 huno
1632 1878 1694 1915 κκιιι
1718 1878 1794 1914 annos

1021 1964 1138 2028 regnavit.
1171 1963 1264 2017 Deinde
1276 1962 1401 2027 Amulius,
1413 1964 1456 2027 qui
1475 1968 1566 2030 praeter
1585 1965 1623 2016 tas
1636 1980 1740 2030 regnum
1753 1979 1793 2016 oc·

1020 2069 1131 2132 cuparii,
1152 2068 1216 2131 qnod
1232 2068 1264 2116 ad
1278 2069 1432 2118 Numitorem
1450 2068 1526 2133 ipsius
1548 2069 1648 2119 tratrem
1672 2069 1795 2122 maiorem

1020 2174 1079 2221 natu
1092 2171 1241 2234 pertinebat,
1252 2183 1296 2233 per
1310 2184 1387 2219 annos
1407 2183 1458 2218 run
1473 2169 1592 2232 regnavit.
1625 2169 1722 2220 Amulio
1736 2185 1796 2221 vcro

1020 2272 1116 2322 sublato
1129 2284 1143 2320 a
1158 2273 1260 2320 Romulo
1271 2274 1297 2320 et
1314 2273 1400 2331 Remo,
1411 2269 1455 2332 qui
1471 2282 1503 2319 ex
1521 2272 1618 2319 saerata
1632 2270 1726 2332 virgine
1740 2272 1792 2322 sue

1020 2379 1076 2425 rant
1087 2373 1220 2439 procreati,
1233 2375 1262 2422 nt
1276 2386 1332 2421 mox
1347 2372 1452 2434 dicetur,
1469 2370 1604 2434 pestilitas
1623 2373 1729 2422 mortem
1742 2374 1795 2422 ltu·

1019 2475 1093 2525 rnitor
1109 2473 1298 2523 adolescentium
1312 2486 1374 2521 avus
1392 2476 1519 2521 maternus
1535 2458 1638 2536 regnum
1656 2472 1795 2538 legitimum

1020 2574 1119 2636 recepit.
1153 2575 1242 2621 Postea
1256 2585 1313 2622 vero
1331 2571 1408 2622 altero
1426 2584 1490 2621 anno
1504 2571 1571 2636 regni
1583 2572 1725 2637 Numitoris,
1740 2577 1797 2639 post

1020 2673 1090 2723 ilium
1105 2677 1204 2736 captum
1216 2684 1340 2732 οοοττειι,
1355 2671 1442 2721 Albani
1458 2672 1553 2722 colonia
1565 2674 1662 2726 Romuli
1676 2676 1796 2739 nemeae

1019 2771 1097 2822 ductu
1112 2774 1187 2822 sarissa
1197 2776 1298 2823 Romam
1307 2771 1477 2833 condiderunt,
1486 2771 1556 2823 initio
1568 2773 1641 2841 prlrol
1652 2775 1708 2825 anni
1720 2777 1794 2839 septi·

1013 2889 1064 2928 mo)
1086 2874 1245 2937 olympiadis,
1259 2888 1308 2937 qua
1321 2874 1418 2923 Daicles
1440 2874 1574 2925 Messenius
1588 2875 1612 2923 in
1632 2874 1792 2937 stadiorum,

1017 2976 1135 3026 archonte
1141 2972 1242 3021 Athenis
1253 2971 1371 3035 Charopo,
1378 2971 1515 3021 desentiatis
1525 2972 1619 3036 imperii
1629 2986 1692 3022 anno
1705 2947 1793 3037 primo.

1048 3075 1146 3123 lxxii.
1159 3073 1278 3129 Quoniam
1290 3076 1373 3121 antem
1383 3073 1446 3123 inter
1459 3073 1590 3136 scriptores
1601 3087 1688 3137 magna
1699 3079 1738 3125 est
1747 3075 1793 3126 du-

1017 3168 1163 3220 lritatiotam
1173 3168 1203 3215 do
1213 3166 1265 3229 ipso
1273 3169 1382 3229 tempere
1390 3180 1439 3229 quo
1452 3167 1510 3215 urbs
1521 3165 1618 3215 condita
1624 3169 1671 3228 est,
1679 3181 1753 3230 ουειιιι
1761 3169 1794 3219 de

1018 3263 1077 3325 ipsis
1089 3260 1155 3310 urbis
1162 3258 1336 3319 conditoribus,
1349 3273 1378 3308 ne
1388 3273 1432 3322 ego
1445 3258 1544 3322 quidem
1560 3272 1613 3309 rem
1624 3258 1707 3323 istam,
1722 3264 1792 3323 quasi

1017 3356 1125 3405 omnium
1138 3352 1291 3403 consessione
1305 3353 1448 3402 confirmata
1467 3353 1507 3410 sit,
1523 3352 1600 3403 obiter
1611 3357 1637 3404 et
1657 3356 1741 3417 paucis
1751 3369 1794 3407 ex·

1017 3445 1153 3510 ponendam
1161 3443 1254 3495 censui.
1267 3445 1329 3493 Nam
1336 3443 1459 3506 Cephalon
1471 3443 1619 3508 Gergitbius,
1633 3445 1737 3510 scriptor
1747 3461 1791 3497 an·

1016 3538 1177 3601 tiqaissimus,
1186 3550 1249 3586 anno
1265 3535 1370 3586 seeundo
1381 3539 1435 3598 post
1444 3535 1535 3585 bellurn
1546 3536 1647 3587 Iliacum
1659 3537 1694 3587 ait
1703 3538 1790 3590 urborn

1016 3632 1138 3680 conditam
1149 3643 1203 3680 essa
1217 3629 1248 3680 ab
1262 3630 1309 3680 illis
1325 3629 1367 3691 qui
1386 3642 1442 3677 cum
1462 3631 1537 3677 AEnea
1559 3641 1589 3678 ex
1602 3629 1647 3679 llio
1660 3629 1791 3682 incolumes

1016 3725 1187 3788 profugerant,
1203 3723 1304 3785 eiusque
1314 3721 1463 3770 conditorem
1472 3721 1547 3771 luisse
1556 3721 1663 3773 aitinnat
1670 3726 1788 3786 Remum,

1016 3816 1116 3867 coloniae
1135 3816 1222 3866 ducem
1238 3834 1243 3862 :
1261 3814 1326 3863 hunc
1339 3816 1420 3864 autem
1441 3813 1515 3864 luisse
1534 3829 1611 3865 unum
1623 3829 1655 3867 ωε
1666 3819 1750 3867 AEneae
1760 3817 1791 3867 ii·

1016 3909 1055 3958 liis
1075 3911 1197 3958 :AEnaam
1218 3907 1283 3956 enim
1297 3911 1403 3970 quatuor
1423 3907 1484 3957 lilios
1508 3907 1641 3971 babuisse,
1661 3909 1791 3960 Ascanium

1016 4000 1323 4062 Euryleontemttomulum
1332 4004 1357 4049 et
1370 4002 1481 4049 Remum.
1500 4002 1647 4065 Demagoras
1658 4009 1791 4066 quoqueet

1015 4092 1171 4154 Agathyllus,
1180 4095 1205 4141 et
1214 4090 1285 4141 inulti
1299 4090 1412 4141 aliiidcm
1426 4095 1523 4155 tempus
1536 4096 1561 4143 et
1570 4093 1674 4145 eundem
1686 4092 1788 4145 colonie

1015 4182 1102 4232 ducem
1116 4183 1190 4231 tuisse
1204 4185 1335 4233 testantur.
1368 4181 1416 4231 Sed
1429 4182 1500 4244 isqui
1512 4182 1543 4234 de
1554 4183 1721 4234 sacerdotibus
1732 4197 1790 4246 qua

1015 4275 1085 4338 Argis
1102 4279 1171 4323 erant
1182 4256 1292 4338 scripsit,
1310 4279 1335 4323 et
1346 4289 1375 4324 oa
1387 4274 1484 4339 collegit
1503 4289 1559 4340 qua
1579 4276 1699 4339 cuiusque
1722 4278 1788 4325 tem·

1016 4381 1074 4433 pore
1090 4368 1233 4426 factasunt,
1248 4368 1283 4417 ait
1305 4370 1405 4418 AEneam
1425 4381 1482 4417 curn
1499 4368 1617 4430 Ulyssea
1635 4367 1749 4419 aalma
1765 4368 1790 4418 in

1016 4461 1111 4511 ltaliam
1133 4461 1266 4511 venisseet
1283 4461 1369 4511 urbem
1390 4460 1528 4511 condidisse
1549 4474 1652 4524 umque
1672 4461 1704 4510 da
1717 4460 1790 4511 unius

1017 4549 1121 4598 iliadum
1140 4552 1224 4598 noma
1253 4549 1349 4601 nomine
1368 4549 1505 4598 vacavisse.
1540 4551 1609 4599 lianc
1628 4551 1712 4598 autem
1732 4548 1791 4600 dicit

1017 4641 1091 4690 nimio
1116 4655 1197 4692 errore
1213 4642 1335 4706 fatigatam
1362 4642 1422 4692 alias
1439 4642 1546 4705 virgines
1569 4642 1686 4692 Troianas
1706 4641 1791 4704 impu·

1017 4735 1089 4795 iisse,
1102 4737 1131 4784 ut
1144 4749 1192 4784 una
1208 4748 1293 4785 secam
1306 4749 1381 4784 naves
1397 4735 1562 4785 incenderent.
1596 4733 1672 4797 Eique
1684 4732 1790 4783 assenti-

1017 4832 1059 4876 tur
1071 4828 1199 4877 Damastes
1220 4827 1321 4890 sigum,
1346 4830 1372 4876 et
1390 4828 1429 4877 alii
1456 4827 1564 4890 quidam.
1598 4823 1791 4876 narratorem

1018 4913 1177 4979 philosophus
1186 4914 1279 4975 scribit,
1294 4915 1393 4966 Grecos
1404 4916 1533 4978 quosdam,
1544 4929 1575 4966 ex
1584 4914 1655 4965 Troia
1666 4915 1791 4964 ravenen-

1017 5008 1070 5062 tes,
1089 5002 1150 5053 dum
1172 5003 1264 5052 circum
1285 5003 1388 5054 blaloam
1410 5005 1539 5069 navigant,
1566 5004 1672 5055 violenta
1694 5005 1791 5064 tempe·

1018 5095 1081 5142 staie
1094 5093 1227 5154 correptos,
1244 5091 1395 5155 aliquamdiu
1411 5093 1510 5156 quidem
1529 5091 1609 5143 ventis
1621 5089 1725 5156 αςςίιεῖοε
1746 5103 1791 5154 per

1019 5181 1097 5230 sarias
1105 5181 1179 5231 maris
1192 5182 1273 5244 partes
1286 5193 1380 5231 errasse
1392 5200 1399 5232 ι
1409 5181 1507 5232 undem
1515 5180 1606 5231 veroin
1616 5192 1673 5233 euru
1686 5178 1792 5244 regionis
