3772 5828
582 333 875 405 ANTtQtttrauttnt
893 334 1049 411 ,sottum
1074 335 1147 396 LlB.
1170 336 1209 397 ll.

104 461 242 538 “Ι)ωμύλον
260 467 337 534 ν’·,τῆς
347 462 448 530 πόλεως
459 462 540 544 ἀρχή,
557 464 657 524 Τατίου
671 464 872 533 τελευτήσαντος

103 551 129 620 ἐξ
148 550 297 622 ἐπιδουλῆς,
318 551 351 622 ἣν
376 552 534 623 συνέστησαν
551 553 591 610 ἐπ’
613 555 683 631 αὐτῷ
707 552 873 612 Λαόινιατῶν

102 645 126 701 ol
146 639 348 722 κορυφαιότατοι
372 640 599 722 συμφρονήσαντες
622 641 675 698 ἀπὸ
695 641 814 709 τοιαύτης
833 643 874 698 αῖ·

102 729 165 803 τίας.
184 733 245 790 Τῶν
266 727 374 805 ἑταίρων
398 730 464 793 τινὲς
478 733 523 786 τοῦ
544 729 643 789 Τατίου
661 728 802 806 λῃστήριον
816 727 875 796 ἐξα-

61 836 75 873 s
101 818 225 895 γαγόντες
246 820 280 882 τίς
309 816 356 886 τὴν
388 815 556 876 Λαόινιατῶν
581 817 681 897 χώραν,
700 815 826 896 χρήματά
850 818 872 874 τ’

101 907 187 962 αύτῶν
208 903 332 984 ἥρπασαν
351 902 441 960 πολλὰ
470 903 514 960 καί
537 903 711 982 βοσκημάτων
733 904 873 973 ἀπήλασαν

101 993 215 1069 ἀγέλας,
239 995 288 1049 τῶν
310 991 332 1048 δ’
349 989 558 1061 ἐπιόοηθούντων
578 988 621 1054 οθς
643 988 690 1066 μέν
705 983 871 1061 ἀπέκτειναν,

102 1077 146 1142 ob<
170 1080 193 1136 δ’
221 1078 422 1158 ἐτραυμάτισαν.
475 1076 645 1158 ’λφικομίνης
670 1075 697 1134 δέ
732 1075 873 1155 πρεσόείας

103 1165 176 1244 παρὰ
199 1167 250 1224 τῶν
272 1163 437 1241 ἠδικημένων
469 1166 514 1223 καλ
533 1165 567 1224 τδι
588 1165 667 1223 δίκαι’
697 1164 874 1237 ἀπαιτούσης,

106 1257 119 1310 δ
140 1252 187 1331 μέν
202 1252 339 1327 Ῥωμύλος
353 1252 488 1310 ἐδικαίωσε
501 1252 664 1331 παραδοῦναι
686 1248 745 1317 τούς
761 1251 874 1328 δράσαν-

100 1366 146 1409 τας
176 1345 230 1409 τοῖς
258 1343 417 1412 ἀδικηθεῖσιν
446 1338 570 1418 ἀπάγειν,
596 1340 610 1395 δ
637 1339 664 1397 δέ
696 1339 794 1405 Τάτιος
819 1341 871 1397 τῶν

99 1429 210 1507 ἑταίρων
223 1429 408 1509 περιεχόμενος
424 1429 470 1485 οὐκ
484 1425 558 1497 ἠξίου
572 1425 623 1506 πρδ
646 1426 720 1498 δίκης
741 1426 813 1492 τινάς
827 1428 871 1484 ὑπ’

100 1520 199 1598 ἐχθρῶν
216 1518 339 1595 ἄγεσθαι,
353 1518 399 1575 καλ
412 1522 496 1575 ταῦτα
506 1516 615 1582 πολίτας
637 1516 712 1582 όντας
722 1517 772 1573 ύπδ
785 1515 872 1583 ξένων·

101 1607 253 1675 δικάζεσθαι
277 1606 299 1664 δ’
319 1604 405 1669 αὐτοῖς
421 1604 523 1663 ἐκελευε
544 1602 604 1669 τοὺς
628 1605 768 1675 ἠδικῆσθαι
784 1602 873 1680 λέγον-

99 1719 145 1761 τας
168 1695 202 1759 εἷς
223 1693 332 1770 Ῥόιμην
353 1692 530 1772 ἀφικομένους.
571 1694 607 1750 Ol
628 1693 676 1767 μὲν
700 1691 731 1762 δὴ
750 1689 872 1770 πρίσόεις

99 1782 171 1841 ούδέν
185 1780 318 1858 εὑρόμενοι
332 1782 383 1837 τῶν
402 1779 507 1838 δικαίων
518 1766 720 1857 ἀγανακτόῶντες
739 1779 869 1858 ἀπῄεσαν·

99 1870 320 1938 ἀκολουθήσαντες
356 1868 380 1924 δ’
401 1868 486 1934 αὐτοῖς
512 1871 563 1924 τῶν
587 1866 710 1927 Σαόίνων
738 1866 805 1935 τινὲς
824 1869 871 1925 ὑπ’

100 1958 188 2032 ὀργῆς,
209 1953 396 2031 ἐσκηνωμένοις
429 1953 503 2035 παρδ
530 1954 578 2026 τὴν
601 1954 673 2012 όδόν·
693 1953 792 2034 ἑσπέρα
820 1952 870 2033 γάρ

101 2041 195 2109 αὐτοὺς
220 2042 379 2101 κατέλαόεν·
405 2043 564 2101 ἐπιτίθενται
594 2041 755 2112 καθεύδωσι,
778 2040 823 2101 καί
838 2039 872 2100 τά

44 2153 71 2192 au
100 2152 129 2187 τε
150 2130 268 2210 χρήματ’
279 2129 370 2196 αὐτούς
392 2132 560 2209 ἀφαιροῦνται
582 2129 627 2187 καί
643 2127 752 2196 ὁπόσους
773 2132 799 2189 ἐν
812 2137 871 2193 ταῖς

100 2217 199 2284 κοίταις
214 2219 251 2276 ἐτι
270 2216 416 2277 κατέλαόον
439 2218 663 2297 ἀποσφάττουσιν,
678 2217 746 2283 όσοις
768 2216 796 2275 δί
815 2241 868 2276 τα-

99 2318 159 2389 χεῖα
175 2314 221 2380 τῆς
235 2310 376 2380 ἐπιόουλῆς
398 2312 483 2368 αὐτῶν
498 2308 616 2380 αἴσθησις
635 2308 738 2386 ἐγένετο
760 2308 805 2367 καί
825 2313 870 2367 τοῦ

99 2400 233 2477 διαφυγεῖν
250 2397 358 2472 δύναμις
368 2399 403 2461 εἰς
416 2396 463 2466 τήν
477 2398 552 2454 πόλιν
569 2399 748 2476 ἀφικνοῦνται.
792 2397 870 2456 Mer&

100 2488 173 2541 τοῦτ’
199 2485 229 2541 ἔκ
248 2507 277 2541 τε
307 2482 435 2543 Ααόινίου
454 2483 576 2561 πρίσόεις
604 2483 755 2561 ἀφικόμενοι
779 2484 823 2541 καὶ
846 2483 872 2553 ἐξ

40 2590 70 2627 τε
102 2570 189 2627 ἄλλοιν
209 2569 310 2629 πόλεων
327 2573 428 2648 συχνῶν
449 2570 609 2645 κατηγόρουν
621 2574 667 2638 τῆς
686 2571 871 2647 παρανομίας,

101 2657 144 2716 καί
159 2659 274 2732 πολεμον
286 2657 478 2736 παρήγγελλον,
492 2661 514 2715 εἰ
525 2658 562 2732 μή
573 2656 704 2723 τεύξονται
714 2662 758 2728 τῆς
767 2657 848 2729 δίκης.

140 2747 200 2806 Lll.
218 2745 348 2826 Ῥωμύλῳ
364 2747 411 2821 μέν
425 2736 469 2803 σύν
479 2744 578 2820 δεινόν,
595 2744 682 2824 ὥσπερ
708 2736 751 2816 ἦν,
768 2745 797 2803 τδ
811 2745 871 2825 περί

98 2833 159 2899 τοὺς
173 2831 338 2912 πρεσόευτδις
360 2832 479 2908 ἐφαίνετο
492 2835 574 2899 πάθος
594 2832 638 2891 καί
652 2831 760 2910 ταχείας
775 2835 870 2911 ἀφοσι-

96 2921 184 2987 ώσεως
204 2920 333 2996 δεόμενον,
348 2923 382 2985 ύις
396 2923 464 2999 ἱεροῦ
476 2920 669 2995 καταλυομένου
683 2918 772 2995 νόμον.
815 2920 869 2978 Καὶ

43 3031 70 3068 :tu
98 3009 170 3067 ούδέν
192 3009 232 3067 ἐτι
260 3008 453 3084 διαμελλήσας,
475 3012 510 3076 ὡς
536 3001 602 3067 είδεν
624 3009 799 3086 ὀλιγωροῦντα
826 3010 869 3067 τόν

99 3098 214 3169 Τάτιον,
238 3097 315 3164 αὐτὸς
332 3097 461 3156 συνελαόε
484 3095 543 3162 τοὺς
566 3096 671 3174 ἐνόχους
690 3098 728 3177 τῷ
753 3095 811 3172 άγει
825 3096 870 3154 καί

100 3185 179 3256 δήσας
192 3185 329 3266 παρέδοικε
347 3188 401 3250 τοῖς
419 3183 591 3264 πρεσόευταῖς
613 3183 734 3260 ἀπάγειν.
776 3181 869 3260 Τατίῳ

99 3274 125 3331 δὲ
139 3273 218 3348 θυμός
231 3275 254 3331 τ’
269 3272 415 3352 εἰσέρχεται
433 3277 480 3341 τῆς
494 3271 610 3351 ύόρεοις,
623 3272 654 3343 ἢν
668 3272 719 3331 berb
737 3275 781 3328 τοῦ
805 3292 868 3327 συν-

100 3366 222 3442 ἄρχοντος
234 3364 322 3439 ᾐτιᾶθ
345 3359 464 3439 ύόρίσθαι
488 3359 556 3419 κατά
575 3360 622 3430 τὴν
647 3359 792 3438 παράδοσιν
817 3360 869 3415 τῶν

44 3466 71 3506 ss
101 3451 215 3529 ἀνδρῶν,
229 3449 275 3506 καὶ
302 3438 386 3513 οἶκτος
409 3451 460 3506 τῶν
491 3447 679 3525 ἀπαγομένων·
707 3437 738 3517 ἦν
760 3444 870 3524 γάρκαὶ

100 3535 224 3614 συγγενής
238 3558 276 3601 τις
287 3536 367 3593 αιἰτοῦ
382 3536 420 3615 τῷ
435 3535 492 3611 ἄγει
508 3534 614 3612 ἔνοχος·
637 3535 681 3591 καὶ
703 3531 796 3588 αὐτίκα
811 3528 871 3596 τοὺς

100 3622 259 3702 στρατιώτας
277 3622 419 3683 ἀναλαόόιν
446 3623 549 3695 έόοήθει
572 3623 614 3680 δεδι
631 3620 738 3700 τάχους,
764 3620 790 3677 ἐν
815 3620 867 3699 ὁδῷ

99 3711 123 3768 τ’
146 3710 220 3778 ὄντας
241 3709 299 3779 τούς
326 3710 450 3792 πρέσόεις
484 3709 643 3769 καταλαόὼν
668 3707 788 3788 ἀφείλετο
811 3706 869 3774 τοὺς

98 3799 287 3878 ἀπαγομένους.
340 3799 442 3878 Χρόνου
457 3797 479 3857 δ’
494 3801 523 3858 οὗ
538 3800 637 3857 πολλοῦ
658 3795 816 3866 διελθόντος,
834 3797 869 3860 ὡς

46 3906 72 3944 tu
99 3888 146 3964 μέν
161 3887 228 3955 τινές
242 3912 338 3969 φασιν,
355 3887 412 3965 ἅμα
427 3887 559 3966 Ῥωμύλῳ
573 3883 781 3964 παραγενόμενος
795 3885 830 3949 εἰς
839 3882 869 3940 τδ

98 3977 224 4036 Λαόίνιον
240 3975 316 4036 ἔνεκα
337 3978 438 4053 θυσίας,
459 3976 492 4047 ἣν
515 3975 567 4032 ἔδει
586 3974 639 4040 τοῖς
653 3971 782 4051 πατρῴοις
803 3976 869 4036 θεοῖς

98 4066 162 4144 ὺπέρ
176 4064 333 4136 stersisse
348 4070 424 4122 θῦσαι
443 4063 501 4129 τοὺς
521 4063 650 4141 βασιλεῖς,
665 4059 814 4120 συστάντων
827 4060 868 4116 ἐπ’

99 4153 175 4212 αύτδν
189 4157 242 4213 τῶν
262 4152 373 4230 ίταίρων
397 4175 426 4210 τε
453 4151 499 4210 καί
523 4150 592 4227 γένει
607 4148 791 4227 προσηκόντων
815 4150 869 4213 τοῖς

98 4240 267 4320 ἀνηρημένοις
285 4240 444 4320 πρέσόεσιν,
460 4240 504 4298 ἐπὶ
523 4241 574 4297 τῶν
591 4237 687 4313 βωμῶν
704 4237 759 4301 ταῖς
775 4258 869 4313 μαγει-

52 4351 75 4389 ιι
99 4339 180 4404 ρικαῖς
194 4330 305 4408 σφαγίσι
328 4327 374 4388 καί
388 4336 442 4395 τοῖς
456 4328 590 4407 βουπόροις
614 4323 714 4389 δόελοίς
728 4323 868 4397 παιόμενος

99 4418 266 4490 ἀποθνήσκει.
309 4416 357 4484 Ὡς
371 4418 393 4475 δ’
407 4420 431 4474 οῖ
448 4416 509 4496 περί
523 4414 652 4476 Λικίννιον
667 4410 819 4491 γράφουσιν,
838 4413 867 4469 ού

99 4507 163 4581 μετά
186 4506 326 4582 Ῥωμύλου
353 4505 561 4587 παραγενόμενος
587 4501 645 4563 οὐδὲ
667 4500 745 4580 χάριν
772 4501 866 4580 ίερῶν,

99 4594 163 4653 ἀλλὰ
181 4595 257 4672 μόνος
271 4597 306 4662 ὡς
320 4593 418 4654 πείσων
438 4592 497 4660 τούς
512 4590 680 4663 ἀδικηθέντας
700 4592 802 4667 ἀφεῖναι
816 4588 869 4654 τοῖς

98 4681 235 4761 δεδρακόσι
248 4683 296 4756 τὴν
317 4682 421 4762 ὀργὴν,
442 4683 672 4760 ἀγανακτήσαντος
690 4681 735 4735 τοῦ
754 4676 869 4747 πλήθους

56 4798 78 4838 σς
98 4769 139 4830 ἐπί
157 4775 196 4852 τῷ
208 4771 246 4848 μή
261 4772 457 4849 παραδίδοσθαι
480 4771 553 4849 σφίσι
568 4767 625 4832 τούς
640 4767 744 4846 ἄνδρας,
764 4769 799 4830 ὡς
814 4765 868 4823 ότι

98 4855 233 4937 Ῥωμύλος
262 4859 400 4919 ἐδικαίωσε
427 4857 471 4916 καί
498 4864 515 4929 η
540 4860 591 4916 τῶν
616 4854 759 4932 Ῥοιμαίοιν
785 4853 869 4931 ἔκρινε

99 4947 192 5026 βουλή,
216 4946 262 5007 καί
289 4950 341 5006 τῶν
366 4945 549 5026 προσηκόντων
574 4949 628 5012 τοῖς
651 4947 772 5002 τεθνεῶσι
800 4940 868 5001 κατά

98 5038 192 5110 πλῆθος
215 5036 389 5119 ὁρμησάντων
404 5037 446 5095 ἐπ’
462 5035 554 5111 αὐτόν,
570 5035 694 5100 ἀδύνατος
708 5031 744 5091 ὢν
759 5032 797 5090 ότι
811 5033 868 5090 δια·

98 5131 184 5206 φυγεῖν
203 5125 253 5198 τήν
272 5128 302 5185 ἐκ
315 5123 403 5206 χειρός
417 5124 501 5200 δίκην,
520 5120 763 5183 sarcientibus?
784 5121 868 5178 αὐτῶν

1631 339 1693 400 toa

926 474 1057 525 Romulum
1078 475 1162 532 rediit,
1188 475 1309 525 exstincto
1329 474 1400 523 Tatio
1427 488 1470 537 per
1495 475 1612 539 insidias,
1635 490 1722 539 quas.

927 565 1044 615 coniurati
1079 565 1260 616 Larinieusium
1283 563 1414 629 optimates
1438 566 1459 613 ei
1487 565 1529 613 tali
1555 566 1586 614 de
1611 579 1697 615 caussa

927 656 1080 702 struxerant.
1114 652 1221 709 Quidam
1236 666 1267 702 cx
1279 651 1344 701 Tatii
1360 649 1446 700 amicis
1464 664 1519 698 cum
1534 650 1696 713 praedatorum

927 754 1011 799 mauu,
1030 741 1094 790 tacta
1111 740 1136 790 in
1150 754 1235 804 agrum
1256 741 1426 789 bariolensem
1440 739 1592 793 excursione.
1609 737 1699 789 multas

928 841 967 878 res
980 842 1065 878 eorum
1082 832 1215 892 rapuerant
1229 833 1255 879 ct
1266 830 1361 893 pecoris
1375 841 1459 891 greges
1479 827 1610 890 abegerant
1629 844 1635 874 :
1655 840 1700 877 eo-

926 927 983 964 rum
1004 920 1086 965 autern
1104 915 1146 978 qui
1158 929 1229 979 opern
1245 916 1352 966 tulerant
1370 915 1431 965 alios
1452 914 1615 971 trucidarunt,
1639 912 1699 963 ulios

927 1003 1078 1051 sauciarunt.
1112 1003 1174 1052 (lum
1192 1005 1275 1052 autem
1293 1003 1365 1065 legati
1377 1001 1408 1050 ab
1421 1003 1456 1051 cis
1471 1001 1514 1061 qui
1530 1001 1643 1050 iniuriam
1655 1013 1698 1050 ae·

926 1096 1041 1157 ceperant
1054 1095 1124 1145 missi
1141 1108 1215 1145 suurn
1238 1094 1336 1143 sibilus
1352 1093 1424 1143 tribui
1438 1093 1596 1157 postularent,
1611 1095 1699 1142 Romn-

926 1181 965 1232 lus
987 1197 1086 1246 asquum
1101 1196 1156 1233 esse
1173 1183 1270 1233 censuit
1294 1186 1321 1231 ut
1341 1182 1454 1231 rnaleticii
1473 1183 1586 1232 auctores
1609 1181 1699 1231 iniuria

926 1270 1019 1320 effectis
1043 1270 1191 1320 dederentur
1211 1270 1241 1319 ud
1262 1269 1408 1332 supplicium
1430 1286 1436 1318 ι
1458 1271 1484 1318 at
1503 1269 1587 1318 Tatius
1609 1268 1699 1319 amico

926 1380 982 1416 narn
995 1380 1106 1416 caussam
1125 1366 1260 1417 defendens
1273 1365 1398 1429 indignum
1420 1363 1545 1414 iudicabat
1560 1364 1655 1427 aliquos
1666 1364 1699 1414 ab

926 1459 1031 1510 inimicis
1052 1463 1108 1509 aute
1132 1459 1252 1509 iudicium
1274 1459 1371 1518 suinai,
1391 1460 1527 1522 presertim
1555 1471 1613 1506 vero
1632 1458 1699 1508 ures

925 1549 1046 1598 Romanos
1060 1561 1075 1596 a
1095 1547 1234 1611 peregrinis.
1268 1549 1350 1603 Quare
1362 1546 1435 1596 iussit
1446 1559 1499 1608 eos,
1511 1546 1553 1609 qui
1567 1545 1598 1594 de
1612 1544 1698 1594 iniuria

925 1636 1099 1701 querebantur,
1117 1638 1219 1686 Romam
1238 1636 1360 1700 protectos
1381 1634 1411 1685 de
1434 1635 1487 1685 iure
1503 1648 1560 1684 cnm
1580 1635 1698 1684 aduersa·

926 1723 968 1772 riis
988 1721 1132 1784 disceptare.
1175 1722 1256 1784 Legati
1285 1721 1368 1783 igitur,
1395 1735 1451 1770 cum
1469 1720 1531 1769 nihil
1560 1719 1624 1782 sequi
1641 1718 1698 1768 boui

925 1809 1055 1872 impetrare
1071 1808 1222 1872 potuissent,
1247 1806 1427 1871 indignabundi*
1445 1807 1619 1857 discesserunt.
1650 1809 1699 1855 Eos

924 1903 1007 1949 autern
1029 1899 1107 1947 secuti
1129 1898 1230 1960 quidam
1248 1896 1328 1946 sebini
1353 1895 1424 1952 irati,
1446 1895 1470 1944 in
1497 1895 1609 1945 tentoriis
1629 1895 1699 1944 iusta

925 1988 991 2037 riam
1004 1986 1069 2050 (nox
1083 1989 1146 2036 euim
1156 1999 1199 2036 eos
1210 1985 1381 2050 oppresserat)
1391 1984 1540 2034 dormientes
1549 1983 1699 2040 invaserunt,

925 2078 951 2124 et
973 2074 1085 2137 pecuniis
1114 2072 1265 2137 spoliarunt,
1292 2074 1318 2120 et
1343 2075 1464 2134 quotquot
1488 2068 1700 2133 deprehenderunt

925 2162 1006 2211 adbuc
1031 2162 1138 2212 iacentes
1153 2160 1178 2210 in
1197 2159 1321 2211 cubilibus
1340 2160 1500 2223 iugularunt3
1516 2159 1560 2221 qui
1578 2171 1638 2206 vero
1660 2156 1699 2206 ln·'

925 2250 1000 2303 sidias
1016 2263 1102 2300 eorum
1112 2248 1256 2317 praeseptire'
1269 2252 1295 2297 et
1306 2248 1410 2298 eradere
1423 2249 1562 2311 potuerunt,
1578 2246 1602 2294 in
1614 2244 1699 2294 urbem

924 2350 1001 2386 suem
1015 2336 1147 2386 redierunt.
1180 2337 1269 2384 Postea
1283 2337 1336 2384 taus
1350 2348 1364 2384 e
1379 2333 1488 2393 Lauinio,
1502 2345 1576 2395 quarn
1588 2345 1619 2380 ετ
1635 2330 1700 2381 mul·

925 2423 957 2473 tis
970 2424 1023 2472 aliis
1037 2422 1178 2473 civitatibus
1189 2422 1261 2484 legati
1277 2422 1430 2481 missisunt,
1442 2421 1485 2482 qui
1497 2420 1529 2470 de
1540 2419 1631 2470 violato
1645 2420 1698 2470 iure

924 2511 1032 2574 gentium
1045 2514 1261 2571 conquererentur,
1277 2514 1302 2560 et
1322 2509 1414 2558 bellum
1435 2507 1583 2567 indicerent,
1595 2506 1643 2555 nisi
1660 2506 1700 2557 ius

924 2610 997 2647 suum
1010 2596 1154 2646 obtinerent.

954 2773 1007 2821 Lll.
1026 2775 1060 2819 Ac
1080 2768 1184 2819 Romulo
1200 2767 1300 2830 quidem
1314 2779 1388 2829 grave
1409 2765 1435 2814 id
1451 2764 1583 2814 ridebatur
1605 2764 1648 2819 lut
1671 2777 1698 2814 rc

924 2874 982 2911 vera
1004 2859 1071 2922 erat)
1093 2859 1159 2922 quod
1186 2858 1272 2920 legatis
1298 2858 1440 2918 acciderat,
1467 2859 1541 2917 atque
1564 2855 1699 2917 expiatione

924 2957 1038 3017 prompta
1053 2966 1142 3015 egens,
1154 2951 1220 3014 quod
1233 2951 1272 3001 lea
1288 2949 1443 3000 sanctissima
1457 2948 1546 2998 violata
1561 2952 1634 2996 esset.
1649 2948 1699 2996 Nec

924 3049 1017 3099 diutius
1041 3051 1181 3107 cunctatus,
1208 3060 1265 3096 cum
1285 3042 1499 3095 animadvertisset
1524 3039 1622 3089 Tatium
1645 3038 1693 3088 boc

923 3143 1105 3207 parvifacere,
1123 3145 1226 3206 ipsemet
1252 3140 1439 3206 comprehcndit
1465 3138 1576 3188 lroruines
1603 3137 1698 3199 piaculo

922 3238 1051 3298 obnoxios,
1066 3241 1091 3287 ct
1114 3237 1209 3284 uinctos
1234 3234 1322 3297 ,legatis
1344 3232 1501 3283 abducendos
1521 3228 1630 3279 tradidit.
1648 3230 1697 3277 Ta·

923 3329 985 3377 tium
1004 3341 1064 3377 uero
1079 3325 1115 3374 irs
1133 3325 1165 3374 ob
1181 3325 1253 3373 istam
1268 3322 1440 3372 coutumeliam
1461 3319 1550 3378 subiit,
1567 3332 1616 3381 qua
1638 3329 1665 3366 se
1684 3330 1699 3365 a
1782 3360 1786 3368 .

923 3420 997 3485 regni
1017 3419 1083 3468 socio
1106 3421 1206 3481 propter
1221 3416 1317 3465 illorum
1337 3415 1462 3464 bominum
1483 3411 1633 3462 deditionem
1658 3410 1696 3458 at-

926 3517 1017 3565 lectum
1038 3511 1127 3564 aiebat.
1149 3512 1174 3560 et
1195 3509 1268 3558 simul
1289 3509 1362 3558 etiam
1385 3509 1523 3558 commotus
1540 3508 1579 3554 est
1602 3503 1699 3553 miseri-

925 3605 1009 3655 cordia
1022 3618 1106 3654 eorum
1126 3601 1170 3665 qui
1190 3602 1382 3662 abducebantur,
1399 3614 1455 3651 uam
1475 3604 1502 3651 et
1514 3613 1579 3650 uuus
1594 3613 1626 3649 er
1645 3599 1699 3650 eius

925 3698 1033 3762 cognatis
1047 3697 1142 3761 piaculo
1157 3695 1278 3746 obnoxius
1299 3699 1359 3745 erat.
1393 3699 1473 3757 atquc
1486 3694 1568 3745 statim
1577 3693 1697 3743 militibus

924 3800 1028 3863 stipatus
1048 3798 1164 3849 currilium
1192 3797 1249 3847 tulit
1269 3801 1294 3846 et
1314 3797 1398 3860 legatis
1419 3797 1443 3845 in
1464 3795 1550 3844 itinere
1575 3795 1698 3858 oppressis

925 3906 968 3943 eos
983 3892 1028 3955 qui
1043 3891 1228 3942 abducebantur
1241 3888 1338 3952 eripuit.
1373 3892 1425 3938 Non
1446 3886 1523 3937 multo
1544 3889 1625 3937 aute'm
1640 3891 1696 3948 post

926 3992 970 4050 (ut
984 3989 1094 4039 nonnulli
1118 3986 1204 4049 aiunt)
1229 3999 1286 4035 cum
1301 3984 1405 4035 Romulo
1421 3983 1549 4032 Lariuiuur
1576 3982 1699 4044 proiectus

926 4085 1038 4135 sacrificii
1061 4097 1157 4134 caussa.
1177 4081 1244 4144 quod
1271 4081 1318 4130 diis
1339 4079 1426 4142 patriis
1445 4077 1573 4142 oportebat
1594 4091 1638 4141 pro
1662 4077 1697 4126 ci·

925 4182 1009 4232 vitatis
1021 4181 1125 4231 salutca
1136 4178 1234 4243 regibus
1245 4177 1307 4237 lueri,
1323 4177 1388 4225 lacta
1403 4175 1427 4225 ln
1441 4189 1498 4225 curn
1511 4175 1697 4238 conspiratione,

924 4286 938 4322 a
958 4274 1092 4337 legatorum
1106 4284 1226 4320 rusorum
1239 4268 1323 4318 amicis
1338 4272 1362 4319 et
1372 4267 1487 4317 aitinibus
1499 4266 1530 4316 ad
1541 4266 1618 4329 ipsam
1631 4276 1698 4312 aram

926 4369 1010 4418 cultris
1024 4367 1148 4418 culinariis
1162 4370 1187 4417 et
1197 4364 1306 4415 verubus
1320 4363 1410 4426 quibus
1421 4362 1454 4411 ad
1470 4361 1546 4411 bores
1568 4359 1698 4410 torrendos

924 4460 1059 4511 utebantur
1073 4472 1204 4523 percussus
1218 4454 1315 4506 cecidit.
1348 4453 1411 4513 Sed,
1430 4457 1458 4503 ut
1477 4452 1584 4503 Licinius
1603 4450 1697 4508 scribit.

923 4570 1002 4621 usquc
1013 4572 1070 4609 cum
1084 4555 1188 4608 Romulo
1200 4567 1279 4618 neque
1294 4565 1419 4603 sacrorum
1429 4564 1517 4600 caussa
1526 4563 1555 4598 eo
1564 4547 1641 4608 renit,
1651 4547 1693 4597 sed

925 4660 994 4710 solus
1007 4667 1126 4706 sussurus
1140 4653 1220 4712 lassis,
1240 4654 1268 4700 ut
1281 4650 1341 4699 iram
1357 4649 1383 4697 iu
1400 4651 1485 4696 sontes
1496 4645 1656 4698 remitterent,
1672 4642 1697 4689 et

923 4755 993 4819 plebe
1008 4767 1073 4817 segre
1083 4752 1189 4810 terente,
1200 4745 1363 4813 quodilliviri
1378 4743 1425 4795 sibi
1440 4757 1488 4793 non
1500 4741 1656 4798 dederentur,
1669 4743 1697 4789 ut

923 4856 949 4902 et
958 4850 1079 4901 uornutus
1093 4861 1192 4910 oequurn
1213 4858 1267 4895 csse
1281 4846 1409 4894 censuerat
1428 4841 1517 4902 etipse
1534 4838 1699 4886 Romanorum

923 4945 1023 4994 senatus
1037 4940 1194 4999 decreuerat,
1209 4937 1240 4986 ab
1259 4947 1379 4984 caesomm
1392 4928 1502 4992 cognatis
1524 4936 1610 4986 ruagna
1625 4933 1700 4972 manu

923 5034 1016 5096 impetu
1043 5031 1123 5090 lacto,
1161 5041 1217 5077 cum
1250 5028 1396 5089 praesentem
1424 5017 1559 5067 vindictam
1588 5015 1700 5080 effugere

924 5139 972 5174 oon
984 5127 1083 5188 posset.
1096 5121 1219 5181 lapidibus
1235 5119 1265 5168 ab
1277 5117 1326 5168 illis
1338 5115 1440 5165 obrutus
1458 5109 1560 5161 interiit.
1594 5110 1640 5160 llic
1652 5106 1699 5173 lgl·
