3772 5828
199 319 263 380 658

200 476 213 500 α
228 451 406 529 σκιψάμενοςς
418 446 557 525 ἐμπειρίαν
567 445 595 506 δὲ
605 445 974 526 ίκανήνδχειςτῶντόπωνδιδι

199 565 213 591 ι
227 542 274 606 τδς
285 539 384 603 πολλός
396 537 546 616 στρατείας.
559 536 646 615 Λάχου
662 535 690 594 δί
702 558 745 595 σοι
755 535 873 614 δόισομεν
887 536 979 596 ἐπιλί-

201 656 214 681 ·‹
229 651 297 687 κτων
314 630 394 700 νέων,
408 626 512 704 εὐζώνῳ
522 623 690 701 ἐσταλμένων
704 624 821 687 ὁπλίσει·
836 626 878 685 σοὶ
892 624 921 685 δὲ
934 623 948 685 i
969 659 979 672 ·

203 740 277 784 ιπος
291 740 319 775 τε
336 715 379 774 δεδι
395 715 444 787 τήν
465 714 571 786 ἡλικίαν
584 712 732 792 παρίοτω,
756 714 801 773 καλ
824 714 982 789 δπλισμδςδ

162 818 176 857 ⁸
203 835 214 858 ι
229 807 282 873 τοῖς
295 805 456 879 τηλικούτοις
477 801 596 882 πρίπων.
609 829 621 854 ν
663 797 877 880 ΙὙποδεξαμένου
892 803 920 861 ll
932 807 980 861 τοῦ

200 896 327 969 Σικκίου,
348 893 394 953 καί
421 891 511 975 ψιλοὺς
526 891 683 964 αἰτήσαντος
697 891 790 949 ίκατδν
814 890 979 963 ἐπιλέκτους,

200 984 292 1044 οὐδένα
319 984 412 1064 χρόνον
438 981 590 1062 ἐπισχόντες
619 981 801 1055 ἐκπέμπουσιν
832 979 911 1037 αύτδν
940 977 980 1036 δτι

199 1075 290 1141 νυκτδς
318 1074 398 1143 ούσης
421 1073 466 1131 καλ
487 1070 533 1130 σδν
561 1071 631 1148 αύτῷ
658 1069 717 1135 τοὺς
744 1069 836 1128 ἑκατὸν
866 1068 978 1147 ἄνδρας,

200 1165 230 1222 ts
244 1167 295 1221 τῶν
311 1163 382 1221 ίδίων
408 1160 518 1240 ἑταίρων
540 1158 599 1226 τοδς
626 1159 808 1236 ἰταμωτάτους
822 1157 980 1234 ἐπιλεξάμε-

149 1268 173 1310 to
199 1274 254 1324 νοι,
269 1243 307 1317 οἷς
327 1250 479 1329 ἐπέσκηψεν
502 1250 655 1306 ἀποκτεῖναι
676 1248 721 1307 τὸν
745 1248 827 1325 άδρα,
852 1247 981 1323 μεγάλους

200 1338 306 1414 μισθούς
336 1341 383 1409 τῆς
407 1336 576 1417 ἀνδροφονίας
601 1337 789 1414 ὑποσχόμενοι.
848 1333 927 1395 Ἐπεὶ
953 1334 980 1394 δὲ

198 1427 266 1488 πολὺ
281 1425 450 1507 προελθόντες
472 1427 524 1483 ἀπὸ
547 1429 592 1482 τού
607 1425 740 1505 χάρακος,
758 1425 794 1490 είς
812 1422 910 1502 χωρίον
930 1414 979 1494 ήλ-

199 1523 243 1576 θον
255 1515 386 1595 δχθηρδν,
402 1512 448 1572 καί
462 1512 617 1591 στενόπορον
629 1511 674 1571 καί
688 1511 805 1592 χαλεπδν
817 1512 893 1592 ἵππῳ
912 1510 979 1580 διεξ-

200 1609 299 1675 ελθεῖν,
323 1603 363 1663 δτι
386 1602 424 1677 μὴ
448 1601 532 1680 βάδην
552 1603 671 1678 ἀνιόντι,
693 1603 735 1660 διὰ
754 1601 803 1672 τήν
826 1601 981 1680 τραχύτητα

148 1710 172 1748 Ιῐ»
199 1697 251 1751 τῶν
264 1695 368 1772 ὄχθων,
385 1690 507 1767 σύνθημα
522 1691 610 1757 δόντες
623 1691 748 1762 ἀλλήλοις
760 1689 850 1769 στίρος
863 1688 978 1764 ἐποίουν,

202 1785 238 1849 ὡς
261 1781 318 1859 ἅμα
342 1780 508 1860 χωρήσοντες
524 1782 568 1838 ἐπ’
582 1778 659 1838 siris
676 1779 772 1859 άθρόοι.
798 1778 929 1856 Θεράπων
951 1776 979 1837 δά

199 1894 237 1937 τις
259 1869 428 1939 ὑπασπιστής
443 1872 492 1926 τοῦ
513 1867 637 1945 Σικκίου,
659 1869 692 1927 sd
716 1867 850 1944 πολεμικὰ
864 1868 975 1945 ἀγαθός,

199 1961 307 2027 εἰκάσας
334 1958 383 2030 τήν
410 1960 525 2017 διάνοιαν
549 1960 652 2028 αὐτῶν,
683 1955 799 2034 μηνυτὴς
816 1955 916 2034 γίνεται
940 1958 979 2034 τῷ

199 2051 324 2127 δεσπότῃ.
369 2048 508 2121 Κάκεῖνος,
523 2048 559 2114 όνς
575 2045 642 2125 ἔγνω
656 2044 877 2122 κατακλειόμενον
898 2043 976 2104 αὑτὸν

145 2153 172 2193 κο
198 2141 235 2206 είς
247 2137 412 2217 δυσχωρίας,
428 2134 490 2194 ἔνθα
504 2136 553 2194 ούκ
566 2126 599 2206 ήν
615 2135 724 2195 θυνατδν
744 2131 794 2192 duic
809 2134 903 2216 κράτος
916 2132 978 2192 ε’λά-

198 2250 244 2286 σαι
264 2227 308 2287 τὸν
330 2224 428 2295 ἵππον,
446 2223 609 2283 καθάλλεταί
631 2246 660 2283 τε
682 2224 728 2282 καί
749 2222 813 2289 στδις
829 2222 873 2282 ἐπὶ
890 2221 978 2282 τδνό-

201 2321 278 2395 χθον,
292 2313 335 2373 isa
352 2313 390 2390 μή
405 2312 551 2381 κυκλωθείη
562 2313 626 2395 πρδς
636 2313 738 2377 αὐτῶν.
752 2313 796 2371 τδν
810 2310 977 2382 ὑπασπιστὴν

198 2404 278 2480 μόνον
295 2403 377 2483 ἔχων,
389 2400 448 2468 τοὺς
462 2401 584 2468 δπιόντας
603 2401 753 2477 ὑπέμεινεν.
783 2400 977 2480 Ὁρμησάντων

197 2493 225 2553 δὲ
237 2491 295 2569 άμα
314 2491 418 2550 πάντων
434 2492 540 2549 πολλῶν
554 2487 637 2549 όντων
649 2490 690 2548 ἐπ’
710 2490 810 2564 αύτδν,
828 2488 976 2548 ἀποκτείνει

145 2596 171 2634 '25
198 2581 245 2659 μίν
260 2581 321 2660 περὶ
345 2579 558 2650 πεντεκαίδεκα,
579 2578 751 2658 τραυματίζει
770 2579 797 2637 ii
817 2580 862 2638 καὶ
887 2578 978 2637 διπλα·

197 2670 280 2737 αίονς.
325 2669 430 2730 Ἐδόκει
445 2666 472 2726 δὲ
495 2667 527 2727 άν
547 2667 593 2725 καί
610 2665 670 2735 τοδς
682 2666 776 2735 άλλους
791 2666 909 2733 ἅπαντας
923 2667 979 2726 δια·

197 2763 300 2838 φθεῖραι
316 2757 479 2839 μαχόμενος,
500 2760 524 2815 εἰ
543 2755 673 2835 συνήισαν
695 2758 787 2832 θμύσε.
830 2757 865 2816 Οἱ
880 2758 908 2815 δὲ
927 2755 979 2835 άρα

197 2847 447 2927 συμφρονήσαντες,
462 2848 498 2913 ὡς
511 2845 619 2929 άμαχύν
632 2846 682 2926 [τι]
696 2844 736 2917 είη
746 2848 856 2924 χρῆμα,
872 2844 917 2901 καὶ
931 2844 979 2902 ούκ

197 2935 228 2994 διν
243 2934 326 2996 ἕλοιεν
352 2934 429 2993 αύτδν
448 2935 599 3008 συστάδην,
621 2939 669 3006 τῆς
692 2931 739 3009 μδν
756 2935 785 2990 ἐκ
799 2933 886 3011 χειρὸς
901 2930 976 2989 άπεί-

143 3032 170 3070 ³⁰
196 3045 275 3102 χοντο
290 3025 398 3100 μάχης,
420 3022 580 3101 προσωτέρω
594 3019 622 3079 δὲ
643 3019 805 3085 ἀποστάντες
826 3019 938 3078 ἔόαλλον
953 3021 978 3078 oi

198 3112 245 3189 μὲν
267 3112 379 3177 σαυνίοις
392 3154 398 3178 ,
411 3113 434 3169 oi
450 3111 477 3168 δὲ
497 3108 644 3188 χερμάσιν,
661 3111 684 3167 oi
700 3106 727 3165 δὲ
744 3106 841 3175 ξύλοις·
857 3106 924 3172 τινὲς
950 3108 978 3164 δὲ

198 3204 299 3273 αύτῶν,
315 3201 502 3278 προσελθόντες
519 3200 611 3256 ἐκτῶν
625 3195 744 3274 πλαγίων
762 3195 806 3255 τδν
823 3195 918 3273 ὄχθον,
932 3197 977 3253 καὶ

197 3291 331 3368 γενόμενοι
342 3287 411 3347 κατδι
422 3290 546 3368 κεφαλῆς,
557 3283 903 3366 κατεκύλιονύπερμεγίθεις
914 3284 979 3342 ἄνοι-

199 3384 240 3436 θεν
249 3377 355 3458 πέτρας,
366 3376 414 3445 ἕως
425 3376 474 3434 ύπδ
483 3374 599 3445 πλήθους
609 3377 660 3432 τῶν
677 3372 703 3441 ἐξ
719 3373 837 3439 ἐναντίας
852 3374 980 3452 βαλλομὲ·

145 3481 171 3519 lb
197 3492 264 3531 νων,
291 3468 337 3525 καὶ
364 3465 459 3545 βάρους
482 3468 533 3523 τῶν
552 3464 649 3522 άνωθεν
677 3461 977 3543 ἐπικαταραττομύνων,

198 3555 342 3636 διέφθειραν
359 3554 445 3612 αὐτόν.
505 3553 611 3618 Σίκκιος
632 3550 727 3627 μὲνδὴ
745 3552 868 3624 τοιαύτης
886 3574 978 3609 κατα-

199 3648 312 3723 στρορῆς
335 3645 437 3719 ἔτυχεν.
496 3700 499 3705 ,

253 3734 373 3792 xltvlt.
396 3734 430 3789 Ol
456 3731 482 3788 δὲ
507 3728 712 3809 διαπραξάμενοι
740 3730 783 3789 τὸν
808 3728 884 3809 μόνον
915 3721 978 3802 ήκον

198 3823 241 3880 ἐπὶ
257 3823 286 3880 τὸ
302 3820 497 3899 στρατόπεδον,
524 3818 629 3894 ἄγοντες
656 3817 714 3883 τούς
735 3818 915 3894 τραυματίας,
934 3818 979 3876 καί

144 3935 171 3972 ro
198 3911 349 3988 διέσπειραν
371 3910 467 3987 λόγον,
484 3913 518 3973 ὡς
539 3906 671 3988 ἐπιφανεὶς
691 3909 776 3973 αὐτοῖς
791 3905 923 3976 πολεμίοιν
938 3905 980 3964 λό·

197 4021 245 4076 χος
263 3998 304 4055 τόν
324 4020 351 4055 τε
373 3998 478 4056 Σίκκιον
501 3996 660 4055 ἀποκτείνειε
686 3996 731 4054 καὶ
751 3994 810 4061 τοὺς
825 3995 919 4058 ἄλλους
936 3993 980 4050 άν-

199 4087 261 4162 δρας
271 4131 277 4154 ,
287 4076 324 4149 οἷς
334 4084 448 4163 πρώτοις
460 4084 595 4163 ἐνέτυχεν,
611 4087 685 4142 αὐτοί
697 4107 724 4142 τε
738 4082 824 4141 πολλδ
839 4081 980 4158 τραύματα

198 4173 324 4238 λαθόντες
350 4173 424 4247 μόλις
449 4172 541 4239 αὐτοὺς
569 4175 736 4254 άπορύγοιεν.
789 4169 842 4230 Καὶ
875 4169 979 4228 ἐδόκουν

200 4261 283 4320 δίπαοι
295 4263 376 4319 πιστὰ
388 4262 485 4341 λέγειν.
501 4264 541 4323 Oi
552 4260 605 4339 μὴν
621 4261 697 4320 ἔλαθέ
709 4284 737 4338 γε
750 4260 837 4319 αὐτῶν
850 4259 977 4337 τὸέργον,

145 4380 171 4417 st>
201 4352 269 4410 άλλδι
284 4352 379 4430 καίπερ
396 4354 421 4408 ἐν
437 4353 534 4431 ἐρημία
557 4357 603 4409 τού
618 4351 695 4430 μόνον
710 4350 845 4427 γεγονότος
862 4350 907 4406 καὶ
925 4373 978 4424 μη-

201 4443 262 4499 δένα
278 4440 395 4516 μηνυτὴν
416 4443 537 4519 ἔχοντος,
552 4441 602 4500 ὑπὸ
617 4446 661 4497 τού
678 4442 763 4517 χρεὼν
779 4440 857 4496 αὐτού
874 4438 978 4506 καὶτῆς

200 4531 305 4589 ἅπαντα
323 4529 515 4601 ἐπισκοπούσης
527 4528 560 4587 τδι
575 4531 655 4600 θνητὰ
666 4530 812 4605 πράγματα
828 4529 901 4599 δίκης
918 4526 978 4597 ἐξη-

200 4620 350 4698 λέγχθησαν
368 4618 519 4698 τεκμηρίοις
535 4617 792 4699 άναμρισόητήτοις.
836 4620 870 4675 Oi
885 4615 935 4694 γδιρ
953 4619 978 4672 ἐν

198 4707 439 4787 τῷστρατοπέδῳ,
460 4711 543 4786 παρῆς
558 4731 586 4764 τε
603 4707 729 4783 δημοσίας
745 4706 815 4774 άξιον
836 4703 977 4780 Ιἡγούμενοι

144 4816 170 4851 su
199 4801 243 4857 τδν
267 4800 365 4877 άνδρα,
389 4798 435 4854 καὶ
457 4802 535 4872 τιμῆς
550 4796 623 4874 παρδι
640 4797 698 4864 τοὺς
714 4798 808 4862 σίλλους
833 4792 975 4871 διαρόρου,

200 4888 243 4943 διδι
261 4887 346 4945 πολλὰ
369 4886 416 4962 μὲν
435 4888 480 4942 καὶ
493 4884 579 4961 ἄλλα,
597 4886 714 4959 μάλιστα
731 4886 757 4943 δὲ
771 4887 810 4943 ότι
826 4880 976 4962 πρεσύύτης

198 4971 234 5028 ὢν
254 4980 298 5031 καί
313 4976 363 5032 ύπδ
378 4980 425 5042 τῆς
447 4973 547 5042 ἡλικίας
562 4975 715 5047 πολεμικῶν
732 4971 840 5046 ciprinum
864 4969 977 5027 ἀπολυό-

198 5083 290 5137 μενος,
303 5065 338 5128 εἰς
357 5063 474 5118 κίνδυνον
493 5061 609 5118 ἑκούσιον
632 5063 728 5117 ἔδωκεν
743 5060 835 5117 ἑαυτὸν
851 5057 916 5135 όπίρ
931 5062 976 5113 τοῦ

197 5151 271 5224 κοινῗΙ
297 5151 488 5226 συμφέροντος,
515 5149 670 5227 γηρίζοντοιι
697 5149 861 5212 συνελθόντες
885 5148 920 5210 εἷς
952 5142 979 5201 ἓν

727 313 893 376 DIONYSll
912 315 1288 379 HALlCAiiNASSENSiS

1038 475 1050 505 ι
1064 459 1147 509 lecto?
1165 460 1275 511 locorum
1285 460 1350 511 enim
1366 459 1428 509 satis
1439 458 1528 509 bonam
1540 458 1656 511 notitiam
1674 459 1711 510 ob
1723 463 1828 515 crebras

1037 548 1232 612 «expeditiones
1249 563 1264 600 ο
1287 553 1311 598 te
1332 551 1460 612 susceptas
1478 547 1565 599 hebes.
1611 547 1744 601 Dabimus
1770 564 1828 602 τετυ

1036 653 1048 675 ι
1065 633 1111 685 tibi
1135 636 1262 685 cohortem
1287 635 1407 685 lectorum
1430 633 1570 696 Juvenum,
1595 634 1781 698 expeditorum
1801 641 1827 689 el

1037 723 1140 771 normis
1176 722 1354 772 instructorum
1391 741 1398 772 τ
1440 720 1535 784 tibique
1570 724 1677 787 propter
1720 729 1825 777 cetatcnr

1035 828 1048 851 ιι
1060 823 1150 873 equus,
1170 815 1195 860 et
1218 814 1345 861 armatura
1366 813 1450 861 tantm
1470 809 1538 860 riros
1560 810 1657 863 decens
1680 813 1823 866 dabitur.»

1035 898 1109 956 Quod
1121 899 1245 962 negotium
1267 913 1343 964 quum
1372 899 1466 949 siccius
1491 898 1661 963 suscepisset,
1690 905 1719 952 et
1749 902 1824 953 lectos

1036 990 1137 1038 centurn
1153 988 1241 1038 milites
1261 988 1349 1039 leritu
1363 991 1472 1038 annates
1494 987 1622 1051 petiisset,
1654 990 1727 1040 nulla
1748 991 1824 1041 inter·

1036 1076 1116 1140 posita
1134 1089 1204 1126 mora
1215 1091 1281 1138 euro,
1299 1077 1359 1126 dum
1372 1076 1453 1126 adhuc
1475 1090 1523 1126 nox
1535 1081 1611 1139 esset,
1628 1079 1782 1139 emiserunt,
1798 1082 1824 1131 et

1037 1177 1153 1214 unacum
1176 1178 1205 1215 eo
1219 1168 1319 1216 neutum
1343 1164 1429 1228 viros,
1453 1165 1539 1216 electis
1563 1165 1744 1218 audacissimis
1766 1170 1820 1234 qni·

1036 1253 1130 1319 busque
1143 1254 1174 1304 de
1186 1268 1288 1303 suornm
1311 1254 1447 1305 amicornm
1468 1268 1587 1316 nurnero;
1603 1257 1699 1320 quibus
1712 1258 1821 1323 impera·

1037 1344 1103 1399 runt,
1123 1346 1150 1392 ut
1169 1341 1293 1391 homiuem
1319 1342 1492 1402 interficerent,
1516 1355 1606 1408 magras
1627 1345 1708 1396 caedis
1720 1347 1821 1410 praermn

1037 1430 1146 1494 polliciti.
1181 1435 1262 1489 Quum
1277 1435 1377 1492 autem,
1390 1432 1461 1496 longe
1473 1446 1489 1483 a
1503 1433 1595 1483 castris
1617 1435 1746 1499 progressi
1758 1473 1765 1496 ,
1776 1450 1821 1487 re-

1036 1520 1129 1570 nisseut
1152 1519 1185 1570 ad
1206 1521 1288 1571 locum
1304 1521 1470 1581 tumulosum,
1490 1525 1639 1587 angustum,
1655 1527 1741 1591 etqui
1757 1540 1823 1591 equo

1037 1609 1177 1672 difficulter,
1194 1611 1240 1660 nisi
1262 1610 1382 1675 gradatim
1410 1615 1498 1673 eunte,
1523 1612 1623 1663 transtri
1654 1617 1763 1678 poterat,
1788 1615 1822 1665 ol>

1037 1701 1157 1752 elisorum
1181 1703 1354 1767 asperitatem,
1382 1701 1450 1766 signo
1472 1701 1537 1752 iuter
1554 1716 1581 1753 se
1606 1703 1684 1765 dsto,
1712 1720 1819 1757 cuneum

1037 1797 1155 1858 iecerunt,
1182 1798 1211 1845 ut
1231 1795 1256 1844 in
1279 1808 1336 1845 curn
1364 1795 1467 1846 conferti
1488 1796 1689 1861 regrederentur.
1712 1800 1819 1858 Quidam

1036 1887 1119 1935 autern
1129 1885 1244 1946 tumulus,
1257 1884 1327 1935 Siccii
1339 1887 1514 1948 propugnator,
1525 1885 1590 1936 bello
1601 1890 1731 1943 strennus.
1741 1902 1820 1951 quum

1037 1977 1144 2024 mentem
1167 1987 1252 2023 eorum
1282 1973 1447 2037 conjecisset,
1470 1988 1524 2026 rem
1556 1976 1657 2026 domino
1688 1977 1818 2029 indicarit.

1035 2061 1080 2112 llle
1109 2061 1153 2113 ubi
1187 2077 1214 2112 se
1238 2062 1357 2125 angustiis
1384 2062 1547 2113 interclusum
1576 2064 1705 2127 coguovit,
1737 2080 1820 2128 quum

1034 2160 1125 2211 equum
1141 2148 1200 2199 totis
1215 2147 1312 2198 uiribus
1327 2162 1397 2212 egere
1408 2162 1456 2198 uon
1473 2152 1568 2212 posset,
1580 2147 1672 2198 desiliit
1691 2162 1723 2198 ex
1736 2162 1776 2207 eo,
1791 2156 1817 2200 et

1035 2238 1103 2286 stans
1124 2235 1149 2285 in
1169 2235 1274 2297 tumulo,
1288 2249 1320 2286 ne
1333 2235 1365 2285 ab
1386 2236 1434 2285 illis
1456 2234 1652 2296 ermnuoetnr,
1674 2248 1733 2285 cnm
1757 2238 1815 2287 solo

1036 2336 1081 2373 suo
1105 2326 1285 2387 propugnatore
1316 2337 1400 2374 eornm
1433 2323 1549 2388 impeturn
1584 2320 1688 2386 excepit.
1723 2327 1810 2382 anm

1034 2416 1119 2462 autern
1135 2425 1234 2472 omnes,
1258 2426 1364 2475 quorum
1386 2426 1490 2474 maguus
1502 2414 1556 2463 erut
1572 2424 1695 2473 nummus,
1709 2411 1734 2461 in
1750 2426 1812 2463 eum

1034 2498 1176 2558 irruissent,
1192 2514 1277 2551 eornm
1297 2500 1396 2550 circiter
1419 2500 1561 2563 quindecim
1581 2499 1653 2551 durni
1678 2501 1813 2560 interiecit,

1035 2591 1059 2639 et
1076 2586 1151 2650 duplo
1170 2587 1252 2652 piures
1270 2588 1417 2639 vulneravit.
1452 2588 1590 2640 videbatur
1613 2591 1698 2640 anum
1710 2594 1818 2642 ceteros

1035 2689 1133 2739 quoqne
1152 2691 1237 2727 omnes
1255 2691 1364 2742 prognaes
1385 2677 1564 2730 interfecturus
1577 2679 1670 2743 θείοιο,
1692 2681 1818 2733 simanns

1036 2779 1093 2817 cnm
1104 2781 1134 2816 eo
1145 2780 1275 2817 conserere
1288 2766 1432 2817 uoluissent.
1467 2766 1505 2817 llli
1528 2779 1608 2827 vero,
1623 2780 1702 2831 quum
1724 2782 1816 2832 cogno-

1036 2857 1130 2907 sissent
1147 2869 1204 2905 eum
1216 2855 1296 2906 virum
1312 2868 1367 2905 esse
1381 2855 1509 2916 invictum,
1527 2868 1610 2920 neque
1620 2868 1704 2921 pugna
1715 2857 1817 2908 mlada

1036 2957 1086 2997 ase
1093 2946 1154 2996 cedi
1168 2959 1253 3009 posse,
1264 2945 1374 2995 cominus
1387 2958 1495 3010 pugnare
1506 2945 1659 2997 destiterunt
1667 2984 1674 3007 ,
1682 2950 1709 2998 et
1719 2947 1818 3013 lougius

1035 3036 1173 3100 progressi,
1197 3035 1295 3085 eminus
1309 3036 1350 3085 alii
1365 3037 1472 3100 jaculis,
1490 3036 1535 3086 alii
1554 3035 1633 3097 saxis,
1647 3035 1689 3085 alii
1708 3034 1818 3087 instibus

1036 3135 1093 3171 eum
1123 3121 1263 3184 petebant:
1287 3122 1395 3172 nonnulli
1417 3123 1490 3173 etism
1512 3137 1614 3184 eorum,
1636 3138 1668 3174 ex
1688 3129 1817 3174 transser-

1037 3210 1071 3259 sis
1095 3211 1196 3259 tumulis
1221 3211 1251 3259 ad
1270 3226 1326 3261 eum
1351 3212 1507 3272 aecedentes,
1524 3216 1549 3263 et
1570 3214 1626 3277 ejus
1643 3213 1718 3277 capiti
1731 3212 1817 3263 immi-

1037 3302 1139 3357 nentes,
1155 3301 1307 3362 praegramlia
1326 3315 1384 3350 suna
1398 3301 1506 3364 desuper
1523 3301 1548 3351 in
1565 3316 1624 3352 eum
1638 3301 1815 3359 devolvebant,

1037 3387 1114 3436 donec
1128 3386 1285 3437 multitudini·
1308 3390 1440 3451 telorum,
1451 3402 1508 3451 quas
1521 3403 1553 3438 ex
1569 3388 1676 3439 adverso
1692 3388 1814 3449 indeban-

1038 3481 1087 3537 tnr,
1101 3481 1126 3527 et
1143 3478 1264 3538 gravitate
1281 3492 1417 3539 sonorum,
1441 3492 1499 3541 quae
1519 3477 1627 3542 desuper
1640 3492 1698 3528 cnm
1718 3477 1814 3540 impetu

1037 3562 1183 3623 terebantur,
1197 3577 1253 3613 eum
1265 3566 1429 3614 coniecerunt.
1465 3564 1559 3614 Siccius
1575 3564 1653 3628 igitur
1663 3563 1739 3614 talem
1757 3564 1816 3614 vitra

1037 3655 1176 3706 exitumost
1190 3655 1299 3704 sortitus.

1069 3745 1170 3794 xxn'tr.
1183 3744 1231 3801 Qui
1248 3756 1307 3793 vero
1321 3741 1414 3793 eedem
1438 3746 1620 3808 perpetrarant,
1642 3743 1668 3794 in
1682 3745 1765 3795 castra
1782 3758 1820 3794 re·

1037 3837 1143 3896 dierunt,
1155 3838 1297 3886 vulneratos
1309 3834 1474 3892 adducentes,
1485 3836 1511 3884 et
1524 3845 1651 3882 rumorem
1663 3836 1818 3896 sparserunt,

1037 3923 1145 3972 lrostium
1170 3923 1297 3972 eohortem
1311 3919 1344 3970 de
1361 3920 1495 3983 improviso
1516 3919 1563 3969 sihi
1590 3919 1744 3984 apparuisse,
1762 3919 1820 3969 Sic·

1036 4009 1153 4073 cinrnque
1168 4012 1194 4060 et
1206 4009 1275 4069 alios,
1289 4008 1314 4057 in
1324 4022 1388 4072 quos
1402 4007 1495 4072 primos
1508 4005 1639 4067 incideret,
1650 4005 1819 4063 interfecisse,

1036 4109 1112 4160 seque
1123 4095 1210 4146 multis
1230 4096 1337 4161 acceptis
1350 4093 1493 4144 vulneribus
1506 4093 1547 4143 vix
1558 4106 1590 4143 en
1601 4106 1689 4143 eorum
1700 4093 1819 4141 manibus

1035 4182 1152 4248 etiugisse
1167 4202 1173 4233 ε
1190 4185 1354 4248 omnibusque
1377 4195 1416 4231 ros
1439 4180 1579 4245 probabiles
1594 4179 1678 4230 dicere
1692 4178 1816 4228 rideban-

1035 4276 1084 4322 tur.
1119 4273 1183 4323 lllnd
1196 4276 1277 4322 tamen
1292 4287 1376 4322 eorum
1393 4271 1486 4320 lacinus
1501 4284 1549 4319 nou
1567 4269 1653 4325 latuit;
1668 4266 1710 4316 sed
1721 4279 1815 4328 quam-

1036 4362 1073 4410 vis
1088 4361 1169 4411 enectos
1187 4363 1210 4411 in
1222 4361 1354 4411 solitudine
1369 4361 1455 4410 luisset
1470 4358 1550 4415 laeta,
1565 4362 1588 4408 et
1601 4355 1693 4405 nullum
1707 4353 1817 4406 haberet

1035 4450 1155 4509 indicem,
1179 4450 1210 4499 ab
1233 4450 1285 4510 ipsu
1308 4451 1356 4498 tato
1378 4453 1402 4497 ot
1423 4463 1437 4497 a
1455 4447 1566 4510 justitia,
1588 4455 1643 4506 quas
1666 4453 1754 4490 omnes
1774 4457 1819 4491 res

1035 4541 1175 4589 mortalium
1199 4535 1307 4599 inspicit,
1341 4535 1487 4585 certissimis
1524 4526 1672 4594 argumentis
1702 4530 1818 4579 convicti

1035 4629 1100 4675 sunt..
1134 4629 1196 4674 Nam
1215 4623 1257 4685 qui
1280 4623 1304 4671 iu
1317 4623 1404 4670 rostris
1421 4625 1508 4681 erant,
1523 4619 1643 4669 lrominem
1658 4613 1762 4677 publico
1777 4617 1818 4665 iu-

1035 4727 1106 4772 uere,
1122 4716 1148 4762 et
1170 4711 1309 4760 honoribus
1322 4713 1414 4774 preter
1433 4713 1537 4758 caeteros
1561 4702 1699 4766 insignibus
1712 4703 1819 4765 (lignum

1033 4801 1167 4860 (lucentes,
1186 4814 1243 4848 euru
1274 4800 1307 4848 ub
1339 4801 1398 4847 alias
1423 4797 1513 4846 multas
1542 4807 1658 4853 caussas,
1678 4794 1733 4841 tum
1758 4806 1820 4841 vero

1033 4889 1186 4953 potissimum
1204 4888 1284 4953 quod,
1293 4902 1371 4952 quum
1381 4888 1433 4951 ipse
1446 4900 1522 4935 senex
1533 4889 1607 4943 esset,
1619 4888 1644 4933 et
1658 4896 1703 4947 per
1715 4884 1819 4930 letalem

1034 4976 1176 5026 bellicorum
1204 4975 1366 5024 certaminum
1390 4971 1520 5030 immunis,
1546 4974 1629 5020 lernen
1646 4983 1672 5018 se
1692 4967 1758 5015 ultro
1772 4981 1821 5029 pro

1033 5064 1157 5115 communi
1170 5064 1276 5113 utilitato
1296 5061 1405 5126 periculo
1420 5060 1566 5118 obtulisset,
1592 5057 1733 5108 statuerunt
1756 5069 1819 5106 cum

1035 5152 1256 5215 tribuslogionibus
1268 5151 1293 5201 iu
1309 5164 1386 5200 unum
1397 5150 1488 5200 coactis
1500 5148 1584 5212 egredi
1595 5148 1626 5199 ad
1637 5161 1726 5213 eorpus
1737 5145 1820 5211 ipsius
