3772 5828
168 371 226 431 236

169 503 300 576 Μιλησίου
311 502 437 572 διάνοιαν,
452 506 486 563 ὥς
495 501 583 576 ἔμοιγε
595 503 680 573 δοκεῖ,
692 502 889 578 μιμησάμενος·
900 501 945 563 καί

168 589 219 669 γάρ
234 593 329 656 ἐκεῖνος
346 589 499 669 Περιάνδρῳ
520 590 582 649 ποτέ
604 593 641 668 τῷ
664 591 807 669 Κορινθίων
827 590 946 670 τυράννῳ

169 677 353 756 πυνθανομένῳ
377 676 419 737 διά
440 682 485 736 τοῦ
504 677 666 757 πεμφθέντος
694 680 823 756 ἀγγέλου,
839 682 894 744 πῶς
914 677 945 737 ἀν

170 767 365 845 ἐγκρατέστατα
379 765 427 837 τὴν
442 766 526 846 ἀρχήν
539 767 688 848 κατάσχοι,
703 768 779 847 λόγον
791 768 839 846 μὲν
854 770 945 830 οὐδένα

129 869 142 907 u
171 852 343 923 circissarius,
368 855 518 913 ἀκολουθεῖν
546 853 574 912 δέ
595 853 641 912 τόν
663 853 760 924 ἥκοντα
783 859 848 935 παρ’
867 857 946 915 αύτοδ

170 941 308 1013 κελεύσας,
320 933 368 1018 ήγε
383 943 415 1000 δι’
432 940 545 1021 ἀρούρας
561 940 732 1023 σιτοσπόρου,
748 943 865 1012 καὶτοὺς
879 947 945 1006 bns-

170 1031 291 1110 ρι’χοντας
306 1034 358 1090 τῶν
379 1029 502 1110 σταχύων
524 1029 679 1113 ἀποθραύων
702 1033 819 1110 ἐρρίπτει
840 1032 945 1112 χαμαί,

169 1119 298 1179 διδάσκων
314 1119 354 1177 ὅτι
379 1120 419 1177 δεῖ
433 1122 485 1176 τῶν
510 1121 596 1178 ἀστῶν
619 1119 676 1185 τοὺς
691 1120 884 1198 δοκιμωτάτους
901 1146 946 1181 κο·

170 1206 254 1267 λούειν
269 1231 298 1266 τε
314 1209 359 1266 καὶ
381 1208 545 1287 διαφθείρειν.
587 1207 629 1267 Τό
644 1209 831 1287 παραπλήσιον
852 1207 885 1281 δὴ
901 1209 947 1269 καί

117 1318 143 1357 ln
170 1301 215 1356 τοῦ
230 1295 379 1377 Ταρκυνίου
392 1297 450 1355 τότε
464 1295 640 1367 ποιήσαντος,
656 1295 742 1363 συνείς
761 1298 809 1367 τὴν
831 1298 946 1358 διάνοιαν

171 1389 215 1445 τοῦ
239 1382 369 1462 πατρδςθ
388 1382 500 1458 Σέξτος,
517 1383 557 1442 ὅτι
571 1381 672 1443 κελεύει
693 1383 751 1450 rubr
773 1384 948 1466 ὑπερέχοντας

171 1474 224 1529 τῶν
238 1474 261 1533 Γ
262 1471 344 1531 αύίων
367 1474 498 1551 ἀναιρεῖν,
517 1473 688 1532 συνεκάλεσεν
704 1476 739 1540 εἰς
753 1474 896 1546 ἐκκλησίαν
916 1474 948 1533 τὸ

171 1560 284 1630 πλῆθοέ,
299 1561 345 1619 καὶ
361 1558 445 1620 πολύν
461 1559 527 1638 ὑπὲρ
546 1564 624 1618 αύτοῦ
644 1561 719 1638 λόγον
732 1560 891 1637 διαθέμενος,
907 1559 948 1621 ὅτε

171 1646 375 1728 καταπεφευγὼς
391 1650 428 1715 εἰς
442 1646 491 1720 τήν
510 1648 615 1707 ἐκείνων
627 1649 715 1708 πίστιν
732 1651 788 1724 ἅμα
805 1650 857 1719 τοῖς
869 1649 947 1710 ἐσσί-

119 1756 144 1795 εο
171 1758 224 1815 ροες
237 1737 377 1795 κινδυνεύει
393 1738 548 1818 συλληφθεὶς
562 1737 614 1797 θπό
627 1761 703 1796 τινων
716 1744 755 1816 τῷ
766 1737 848 1818 πατρί
861 1763 948 1818 παρα-

170 1826 291 1897 δοθῆναι,
303 1824 350 1897 τήν
363 1828 387 1884 τ’
403 1825 489 1905 ἀρχήν
505 1825 609 1902 ἕτοιμος
623 1817 656 1899 ἦν
668 1827 811 1887 ἀποθέσθαι
824 1829 869 1888 καί
884 1829 948 1907 πρὶν

170 1913 189 1986 ἦ
207 1915 300 1974 παθεῖν
313 1937 338 1971 τι
353 1914 435 1973 δεινὸν
455 1914 577 1995 ἀπαίρειν
593 1917 623 1974 ἐκ
636 1918 682 1985 τῆς
696 1915 812 1989 πολιως,
827 1916 948 1998 δακρύων

171 2002 227 2080 ἅμα
245 2002 291 2062 καί
305 2001 352 2073 τὴν
371 2006 465 2061 ἑαυτοῦ
484 2006 569 2082 τύχην
590 2003 842 2085 κατολοφυρόμενος,
857 2005 947 2086 ὥσπερ

171 2093 194 2150 οί
214 2092 272 2150 κατ’
290 2090 413 2162 ἀλήθειαν
430 2091 495 2169 ὑπὲρ
509 2094 556 2161 τῆς
576 2094 662 2173 ψυχῆς
677 2094 847 2169 ἀγωνιῶντες.

117 2195 147 2235 ου
210 2179 302 2239 Lvtl.
326 2176 514 2258 Ἠρεθισμένου
549 2176 577 2237 δέ
602 2186 647 2239 τοῦ
671 2179 785 2250 πλήθους
808 2179 854 2239 καί
880 2179 948 2257 μετὰ

171 2271 270 2336 πολλῆς
279 2267 426 2345 προθυμίας
437 2265 642 2342 πυνθανομένου,
653 2266 719 2332 τίνες
728 2268 793 2327 εἰσίν
804 2273 828 2328 οἱ
836 2268 948 2345 μέλλον-

170 2377 212 2420 τες
227 2353 303 2413 αὐτόν
318 2354 484 2433 προδιδόναι,
496 2352 541 2412 τόν
554 2353 760 2435 ἐπιφανέστατον
775 2359 826 2414 τῶν
842 2357 948 2418 Ιάόίων

172 2440 311 2502 Ἀντίστιον
327 2441 452 2522 Πέτρωνα
465 2442 612 2518 ὠνόμασεν,
627 2440 655 2508 δς
670 2444 696 2501 ἐν
714 2442 804 2524 εἰρήνη
818 2468 846 2504 τι
861 2448 948 2506 πολλέι

171 2530 215 2590 καί
232 2532 361 2591 σπουδαῖα
384 2531 603 2608 πολιτευσάμενος
617 2529 663 2591 καί
679 2533 839 2613 στρατηγίας
849 2537 949 2604 πολλάς

116 2636 144 2677 ει
170 2618 311 2686 τετελεκὼς
323 2618 525 2698 ἐπιφανέστατος
538 2619 661 2678 ἁπάντων
673 2619 795 2698 ἐγεγόνει.
840 2621 948 2683 Ἀπολο-

170 2706 948 2791 γουμένουδέτοῦάνδρδςκαίδιάτδμηδένἓαυτῷσυνεεδέναι

170 2806 257 2856 πᾶσαν
269 2795 384 2862 ἐξέτασιν
397 2795 579 2872 ὑπομένοντος,
596 2797 645 2877 ἐρη
659 2797 853 2876 βούλεσθαιτλν
864 2799 949 2860 οἰκίαν

172 2886 249 2943 αὐτοῦ
268 2885 431 2965 διερευνῆσαι
446 2883 553 2965 πέμψας
572 2887 692 2964 ἐτέρους,
709 2887 786 2956 alal<
800 2889 823 2946 δ’
838 2888 882 2949 ἐπί
903 2894 949 2962 τῆς

172 2973 315 3043 ἐκκλησίας
336 2974 382 3032 σὺν
407 2973 498 3053 ἐκείνῳ
512 2972 562 3039 ἐως
576 2970 607 3031 διν
631 2977 655 3032 οἱ
677 2976 837 3055 πεμφθέντες
854 2979 948 3038 ἔλθωσι

116 3081 145 3131 50
172 3061 269 3137 μένειν.
313 3059 414 3141 Ἰἰτυχε
430 3063 458 3120 δέ
478 3059 640 3140 διεφθαρκὼς
654 3064 733 3120 αὐτοῦ
748 3067 800 3121 τῶν
824 3066 948 3144 θεραπόν·

171 3171 224 3208 των
237 3147 308 3217 τινός
324 3151 456 3231 ἀργυρίῳ,
467 3149 514 3217 τάς
528 3149 572 3208 ἐπὶ
582 3150 625 3209 τὸν
635 3149 740 3228 ὄλεθρον
751 3156 798 3209 τοῦ
813 3153 949 3232 Πέτρωνος

171 3239 432 3306 κατασκευασθείσας
455 3237 593 3303 ἐπιστολάς
617 3239 820 3315 σεσημασμένας
847 3245 881 3318 τῇ
903 3248 948 3303 τοῦ

171 3329 267 3409 πατρὸς
283 3330 409 3412 σφραγῖδι
422 3327 551 3394 λαθόντας
571 3327 642 3386 ἔνδον
660 3328 813 3390 ἀποθέσθαι.
856 3329 906 3399 Ὦς
921 3335 949 3392 δὲ

170 3419 193 3476 oi
205 3418 366 3496 πεμφθέντες
380 3417 424 3476 ἐπὶ
437 3417 484 3487 τὴν
502 3415 623 3495 ἔρευναν·
641 3417 715 3476 οὐδὲν
730 3416 781 3495 γάρ
800 3423 919 3480 ἀντεῖπεν
935 3428 949 3482 ὁ

71 3520 74 3525 “
115 3515 142 3552 ³⁵
170 3506 296 3585 Πέτρων,
327 3505 384 3562 ἀλλ’
408 3508 488 3587 ἐφῆκε
513 3504 560 3578 τήν
583 3506 667 3565 οίκίσν
688 3509 811 3588 ἐρευνᾶν·
834 3511 949 3588 εὑρόντες

171 3595 222 3655 ἐνθ’
240 3587 272 3669 ἦν
295 3596 516 3675 ἀποκεκρυμμένα
528 3596 562 3654 τά
586 3597 749 3678 γράμματα,
764 3606 887 3681 παρῆσαν
912 3607 948 3669 εἰς

169 3684 217 3752 τήν
229 3684 389 3757 ἐκκλησίαν,
411 3685 493 3750 ἄλλοις
508 3708 535 3743 τε
551 3687 650 3754 πολλάς
673 3689 793 3769 φέροντες
810 3691 950 3758 ἐπιστολὰς

172 3771 438 3848 ἐπισεσημασμένας,
457 3771 564 3843 κοίτην
582 3773 645 3854 πρὸς
657 3776 701 3834 τόν
718 3775 857 3835 Ἀντίστιον
879 3801 950 3855 γρα-

87 3935 89 3938 y
171 3861 280 3938 φιῖσαν,
295 3859 478 3938 ἐπιγινώσκειν
489 3860 574 3941 φήσας
588 3862 636 3933 τὴν
650 3864 782 3942 σφραγῖδα
794 3871 839 3924 τοῦ
852 3868 950 3945 πατρὸς

118 3962 145 4007 sn
171 3949 185 4002 θ
211 3947 304 4015 Σέξτος
329 3950 422 4020 ἔλυσε,
445 3949 491 4009 καί
512 3952 551 4030 τῷ
566 3959 720 4030 γραμματεῖ
732 3953 791 4019 δούς
814 3953 949 4012 ἐκελευσεν

172 4035 367 4111 ἀναγινώσκειν.
409 4037 576 4118 Ἐγέγραπτο
611 4040 633 4097 δ’
661 4043 688 4098 ἐν
712 4042 797 4118 αὐτῇ,
831 4044 950 4117 μάλιστα

172 4122 220 4199 μέν
232 4126 317 4191 ζῶντα
336 4128 500 4205 παραδοῦναι
514 4128 558 4187 τὸν
571 4127 626 4187 υἱόν
644 4131 715 4209 αύτῷ
731 4130 777 4188 καί
796 4133 950 4204 κομίζεσθαι

170 4210 228 4278 τοὺς
252 4212 493 4291 διωμολογημένους
514 4214 636 4299 μισθούς,
657 4218 702 4277 ἐὰν
730 4219 757 4276 δέ
778 4218 904 4277 ἀδύνατον
932 4210 950 4299 ᾗ

171 4307 264 4371 τοῦτο,
287 4301 336 4371 τήν
363 4305 479 4382 κεφαλήν
506 4305 672 4380 ἀποτεμόντα
696 4306 811 4386 πέμψαι.
856 4311 949 4368 Ταῦτα

117 4418 142 4458 45
172 4390 199 4447 δὲ
223 4388 363 4461 ποιήσαντι
384 4392 455 4470 αὐτῷ
479 4416 507 4451 τε
537 4394 654 4462 καὶτοῖς
680 4395 882 4474 συλλαύομένοις
905 4405 950 4458 τοῦ

171 4479 264 4558 ἔργου,
291 4477 371 4559 χωρὶς
393 4482 445 4536 τῶν
484 4481 572 4541 ἀλλων
596 4487 710 4558 μισθῶν,
740 4482 785 4550 οθς
823 4485 948 4564 πρότερον

171 4567 320 4646 ὑπέσχητο,
336 4568 469 4626 πολιτείαν
485 4593 513 4627 τε
536 4569 584 4642 τήν
611 4573 637 4629 ἐν
652 4570 746 4650 Ῥώμῃ
770 4571 861 4632 δώσειν
883 4575 948 4655 ἔφη,

171 4655 216 4714 καί
227 4659 262 4723 είς
273 4657 317 4715 τὸν
328 4660 379 4714 τῶν
388 4659 532 4735 πατρικίων
546 4661 655 4737 ἀριθμὸν
667 4659 785 4728 ἅπαντας
797 4663 949 4744 ἐγγράψειν,

171 4746 255 4814 οἰκίας
266 4769 293 4805 τε
307 4748 351 4804 καὶ
360 4745 473 4825 κλήρους
488 4747 533 4805 καὶ
548 4749 737 4830 άλλαςιδωρεάς
751 4752 850 4817 πολλάς
860 4751 949 4822 ἐπιθή-

117 4858 147 4898 tn
173 4855 226 4891 σειν
247 4835 292 4893 καὶ
316 4836 444 4914 μεγάλας.
488 4833 550 4916 Ἐφ’
567 4829 605 4906 οἷς
622 4837 792 4917 ἐρεθισθέντες
810 4842 834 4897 oi
855 4839 949 4900 Γάύιοι

173 4917 217 4974 τὸν
243 4924 290 4994 μὲν
312 4925 454 4984 Ἀντίστιον
483 4926 669 5005 ἐκπεπληγότα
684 4927 727 4986 ἐπὶ
749 4931 782 5008 τῇ
809 4927 949 5009 παραδόξῳ

175 5019 296 5089 συμφορᾷ
311 5015 355 5070 καί
369 5016 428 5072 οὐδὲ
446 5015 535 5097 φωνὴν
555 5015 605 5073 ύπδ
619 5021 665 5076 τοῦ
682 5020 764 5074 κακοῦ
781 5015 856 5096 ῥῆξαι
869 5018 948 5075 δυνά-

175 5116 251 5170 μενον
264 5098 443 5161 ἀποκτείνουσι
458 5106 597 5182 βάλλοντες
610 5103 700 5169 λίθοις·
714 5102 763 5172 τήν
777 5104 805 5160 δέ
816 5105 886 5163 κατὰ
898 5107 949 5162 τῶν

176 5183 262 5241 ἀλλων
276 5181 383 5251 ζήτησίν
403 5209 431 5242 τε
452 5189 497 5245 καὶ
523 5189 650 5268 τιμωρίαν
665 5191 716 5246 τῶν
729 5187 813 5246 ταύτὰ
834 5192 872 5268 τῷ
895 5190 948 5250 Πί-

687 368 858 428 ΙΠΟΝΥΞΠ
881 367 1258 430 Hatlcnnnassuttsls

998 509 1086 560 Milesii
1098 507 1322 573 (utmibiridelnr)
1333 509 1461 560 consillum
1476 522 1505 561 ae
1513 512 1655 576 exemplum
1666 518 1780 565 mantus.

997 599 1059 648 dam
1077 596 1155 648 stille
1171 596 1230 646 olim
1248 595 1381 646 Periandro
1402 597 1514 647 corinthi
1537 601 1643 662 tyranno
1653 613 1698 665 per
1718 615 1778 652 nun·

998 685 1062 736 tium
1074 685 1106 735 ad
1120 699 1147 736 se
1158 684 1278 743 missum,
1297 686 1326 735 ut
1339 683 1487 750 intelligeret
1499 699 1607 750 quanam
1626 688 1721 739 ratione
1734 690 1779 740 im·

999 773 1095 839 perium
1115 772 1222 824 maxime
1242 772 1342 823 inaure
1356 776 1452 836 posset,
1466 773 1561 824 nudum
1574 788 1718 840 responsum
1732 778 1780 828 de·

998 861 1050 920 dit;
1060 860 1131 926 sequi
1143 874 1203 911 rem
1223 860 1309 912 iubens
1322 860 1449 921 nuntium,
1466 860 1537 913 duxit
1550 876 1609 914 eum
1622 877 1668 928 per
1689 879 1777 916 arrum

999 949 1123 1000 trumenlo
1144 949 1282 1008 censitum,
1303 952 1329 1000 et
1349 951 1430 1015 spicas
1447 950 1619 1002 eminentiores
1640 952 1781 1018 defringens

999 1037 1069 1088 humi
1084 1036 1198 1102 proiecit.
1217 1036 1322 1087 innuens
1336 1040 1374 1088 alc
1386 1051 1444 1088 enm
1456 1039 1652 1103 spectatissimos
1666 1055 1780 1106 quosque

999 1125 1108 1176 civitatis
1125 1128 1239 1176 transnare
1253 1131 1330 1189 atque
1353 1126 1508 1193 exstinguere
1522 1127 1623 1180 debere.
1658 1131 1721 1182 cum
1733 1132 1782 1196 igi-

998 1216 1041 1265 tur
1061 1217 1121 1264 tunc
1140 1217 1167 1264 et
1189 1213 1242 1278 lpse
1258 1214 1405 1277 Tarquinius
1424 1215 1504 1266 simile
1525 1216 1643 1280 quiddam
1664 1218 1780 1279 lecisset,

999 1305 1090 1354 Sextus
1105 1305 1211 1352 mentem
1224 1302 1302 1366 patris
1313 1301 1463 1368 intelligens,
1476 1304 1544 1367 qnod
1558 1305 1653 1356 iuberet
1669 1305 1780 1356 eminen-

999 1390 1108 1442 tissimos
1122 1403 1234 1456 quosque
1247 1390 1279 1441 de
1293 1390 1395 1442 Gabinis
1412 1392 1480 1451 tolli,
1494 1392 1611 1458 populum
1632 1393 1665 1445 ad
1680 1397 1781 1447 concio·

1000 1492 1057 1530 nem
1070 1478 1230 1536 convocarit3
1246 1476 1289 1528 ubi
1301 1491 1358 1528 cum
1373 1479 1481 1530 mullum
1497 1480 1529 1532 de
1543 1494 1570 1532 se
1581 1495 1720 1533 sermonem
1738 1485 1782 1534 ln·

999 1566 1107 1628 buissel,
1120 1565 1187 1631 quod
1198 1579 1349 1630 quamquam
1361 1567 1386 1618 in
1398 1567 1472 1619 iidem
1483 1581 1569 1621 eornm
1582 1584 1629 1620 una
1641 1585 1698 1622 cum
1707 1572 1781 1622 sociis

1002 1657 1166 1721 wulugissel.
1182 1657 1207 1708 in
1221 1658 1332 1723 periculo
1346 1664 1457 1711 essetne
1478 1660 1652 1724 aquibusdam
1668 1677 1781 1727 compre·

1000 1742 1092 1794 bensus
1104 1744 1166 1808 patri
1176 1742 1315 1805 dederetur,
1326 1748 1428 1810 paratus
1437 1750 1490 1797 erat
1501 1746 1534 1796 ad
1544 1746 1721 1811 deponendum
1731 1748 1780 1797 im-

1002 1831 1112 1896 perium,
1126 1834 1293 1896 etantequam
1301 1832 1401 1898 grarim
1411 1832 1504 1897 aliquid
1513 1834 1668 1898 experiretur
1676 1848 1707 1886 ex
1717 1834 1779 1885 urbe

1002 1918 1130 1971 discedere
1146 1921 1240 1982 roluit;
1261 1919 1392 1971 lacrimam
1405 1920 1528 1985 simulque
1539 1925 1633 1973 sortem
1654 1937 1726 1974 suam
1737 1923 1782 1973 de·

1001 2007 1117 2072 plorans,
1133 2007 1204 2071 quasi
1215 2020 1272 2059 rere
1286 2009 1312 2058 in
1330 2012 1441 2059 extremo
1455 2009 1544 2073 capitis
1557 2009 1667 2072 periculo
1683 2024 1784 2061 versans

1002 2094 1078 2146 animi
1091 2094 1216 2147 anxietate
1227 2100 1388 2160 premeretur.

1035 2194 1113 2244 bvii.
1130 2194 1225 2258 Populo
1238 2198 1321 2244 erilem
1342 2192 1499 2244 rebemenlsr
1519 2192 1631 2255 irritato,
1645 2198 1670 2244 et
1683 2208 1782 2244 summo

1001 2292 1084 2343 studio
1093 2294 1233 2344 sciscitante
1240 2295 1339 2358 quinam
1349 2296 1432 2344 essent
1441 2296 1488 2358 qui
1501 2305 1557 2344 enm
1567 2292 1671 2357 prodere
1682 2293 1783 2354 uellent,

1002 2390 1196 2443 illustrissimum
1215 2391 1324 2443 omnium
1338 2390 1489 2442 Gabinorum
1501 2389 1634 2442 Antistium
1649 2394 1779 2441 Patronem

1001 2491 1148 2551 nominarii,
1162 2492 1216 2558 qni,
1227 2491 1295 2556 quod
1311 2495 1337 2543 el
1347 2491 1415 2556 pacis
1425 2495 1535 2557 tempere
1546 2489 1638 2542 mullas
1649 2494 1676 2542 el
1686 2491 1785 2556 precla-

1002 2603 1043 2640 ras
1054 2603 1094 2641 res
1106 2589 1234 2653 gessisset,
1251 2591 1278 2640 et
1298 2591 1390 2655 saepius
1399 2587 1554 2654 imperatoris
1570 2600 1673 2638 munere
1686 2588 1786 2638 iunctus

1003 2690 1079 2747 esser,
1100 2687 1211 2739 claritate
1219 2689 1318 2739 cunctis
1324 2688 1441 2738 anteibat.
1473 2687 1519 2739 illo
1529 2689 1614 2738 subm
1626 2700 1654 2737 se
1667 2692 1785 2751 purgante

1003 2787 1042 2847 et,
1059 2787 1125 2850 quod
1146 2786 1238 2837 nullius
1265 2786 1365 2837 sceleris
1385 2787 1434 2837 sibi
1451 2788 1519 2837 esset
1535 2786 1663 2847 conscius,
1683 2801 1781 2837 omnem

1003 2880 1185 2946 inquisitionem
1214 2881 1379 2939 admittente.
1402 2880 1529 2946 respondit
1558 2884 1650 2933 seetm
1675 2895 1702 2930 se
1723 2880 1785 2932 velle

1003 2981 1086 3032 missis
1102 2981 1188 3031 amicis
1209 2981 1310 3031 domum
1332 2982 1385 3030 eins
1406 2979 1569 3046 perscrutari,
1587 2983 1662 3044 alque
1683 2979 1782 3030 interim

1005 3092 1061 3128 cum
1073 3092 1103 3129 eo
1117 3079 1143 3128 in
1156 3078 1271 3128 coercione
1284 3091 1399 3135 manere.
1411 3076 1489 3128 donec
1502 3079 1573 3130 missi
1582 3076 1695 3129 redirent.
1730 3078 1781 3126 lam

1004 3178 1085 3226 antem
1103 3174 1223 3238 quosdam
1245 3176 1299 3224 eius
1314 3187 1399 3224 servos
1411 3175 1516 3238 pecurna
1535 3178 1693 3239 corruperat,
1708 3178 1737 3224 ut
1752 3176 1782 3223 lr-

1002 3277 1067 3324 leras
1079 3311 1087 3335 ‚
1098 3273 1122 3323 in
1133 3273 1267 3338 perniciem
1285 3272 1396 3322 l‘elronis
1407 3275 1518 3336 paratus,
1534 3272 1609 3337 patris
1622 3271 1702 3335 sigillo
1713 3272 1781 3322 obsi-

1002 3376 1088 3436 gnatas
1100 3370 1168 3421 domi
1184 3371 1344 3421 occultarent.
1378 3371 1425 3419 l'lri
1436 3384 1494 3421 reru
1507 3370 1550 3434 qui
1569 3370 1601 3420 ad
1620 3369 1781 3420 scrutandum

1003 3469 1072 3518 missi
1085 3469 1183 3519 inerant
1202 3473 1295 3530 (neque
1316 3467 1381 3516 enim
1408 3468 1479 3515 l‘elro
1494 3464 1638 3514 adversatus
1650 3485 1652 3488 ·
1663 3466 1716 3523 est.
1738 3463 1782 3514 sed

1003 3558 1112 3621 permisit
1125 3562 1154 3607 nt
1173 3557 1241 3606 edes
1262 3568 1321 3606 suus
1333 3556 1520 3615 scrutarentur)
1534 3552 1637 3617 repertis
1662 3551 1739 3602 literis
1758 3555 1783 3602 in

1005 3654 1060 3704 leco
1076 3656 1116 3704 nbi
1130 3655 1262 3705 reconditae
1278 3655 1390 3711 inerant.
1402 3653 1433 3702 ad
1452 3652 1592 3702 concionem
1606 3653 1699 3702 reversi
1715 3655 1783 3712 sunl,

1003 3765 1059 3799 curn
1075 3751 1166 3800 inultas
1189 3751 1250 3802 alias
1264 3752 1380 3815 epistolas
1402 3750 1545 3810 obsignatas
1561 3749 1707 3807 atterentes,
1729 3752 1781 3798 tum

1004 3858 1057 3893 carn
1071 3858 1128 3908 quau
1144 3844 1176 3894 ad
1188 3846 1319 3894 Antistium
1332 3845 1424 3907 arripio
1439 3845 1533 3901 tuerat,
1547 3845 1637 3892 Sextus
1651 3854 1740 3892 seeum
1750 3855 1781 3892 ex

1004 3943 1080 4006 patris
1096 3941 1176 4006 sigilio
1191 3956 1337 4006 continerem
1357 3943 1475 3999 aderens,
1496 3954 1550 3989 earn
1569 3939 1699 4004 aperuilet
1717 3939 1781 3989 seri-

1005 4038 1043 4087 [ιω
1057 4037 1173 4088 traditam
1183 4039 1281 4089 recitari
1294 4040 1373 4087 inussit.
1409 4041 1435 4087 ln
1448 4053 1478 4087 ea
1491 4044 1572 4088 aulem
1585 4036 1703 4101 seriptum
1717 4042 1780 4098 erat,

1003 4140 1033 4184 ut
1045 4135 1169 4200 praeripnc
1185 4137 1269 4185 risum
1287 4137 1363 4187 lilium
1375 4135 1423 4187 sibi
1437 4136 1540 4188 dederet
1559 4140 1585 4189 et
1604 4139 1704 4201 praemia
1722 4153 1782 4204 pro·

1004 4235 1077 4285 missa
1099 4236 1188 4294 terrete
1203 4237 1223 4285 si
1244 4251 1302 4286 vero
1321 4237 1368 4288 boc
1388 4242 1508 4301 praeslare
1527 4252 1574 4288 non
1592 4245 1691 4303 posset,
1707 4246 1783 4306 caput

1002 4332 1057 4382 eius
1072 4311 1225 4395 amputatum
1245 4332 1317 4383 adse
1331 4335 1440 4384 mitteret
1456 4353 1462 4383 ι
1480 4349 1535 4399 qnoe
1547 4334 1603 4386 siet
1615 4336 1668 4399 ipse
1683 4341 1711 4387 et
1723 4340 1783 4387 secia

1004 4433 1166 4493 peregissent,
1182 4437 1272 4493 prreler
1283 4432 1330 4482 alia
1344 4434 1443 4496 praemia
1454 4471 1460 4491 ,
1471 4447 1527 4495 quae
1540 4433 1589 4483 illis
1603 4438 1676 4484 antea
1687 4435 1783 4499 prorni-

1004 4530 1081 4583 seral.
1097 4541 1124 4576 se
1137 4527 1190 4576 illos
1212 4529 1312 4579 ciuitate
1327 4532 1435 4579 llornanu
1451 4532 1609 4591 donaturum,
1623 4537 1647 4580 el
1661 4545 1748 4582 ornnes
1760 4533 1784 4581 in

1004 4622 1134 4687 patricium
1149 4624 1261 4674 ordinere
1281 4626 1479 4688 adscripturum,
1493 4631 1519 4675 el
1533 4627 1620 4675 dumos
1637 4631 1663 4676 et
1675 4640 1748 4690 agros
1759 4633 1782 4677 et

1004 4719 1051 4769 alia
1080 4719 1156 4768 mulla
1188 4734 1322 4784 magnaque
1347 4722 1411 4770 dona
1443 4721 1585 4772 additurum
1611 4723 1783 4786 pollicebatur.

1004 4816 1099 4878 Quibus
1113 4817 1187 4867 rebus
1211 4819 1298 4869 irritati
1321 4821 1410 4870 Gabini
1430 4821 1563 4871 Antistium
1585 4823 1709 4888 inopinato
1722 4838 1782 4873 casu

1003 4917 1148 4975 attonitum,
1169 4920 1193 4965 et
1214 4930 1264 4980 prus
1285 4918 1370 4968 dolore
1391 4931 1423 4969 ne
1444 4932 1530 4970 vocem
1549 4920 1649 4984 quidem
1667 4920 1782 4972 emittere

1003 5015 1138 5075 valentem,
1159 5013 1281 5077 lapidibus
1307 5015 1425 5067 obrutum
1448 5015 1623 5071 interleeemnt
1644 5039 1651 5070 ι
1674 5019 1700 5068 in
1720 5018 1783 5069 alios

1003 5125 1063 5164 vero
1083 5110 1193 5163 eiusdem
1211 5113 1305 5162 consilii
1327 5113 1406 5162 socios
1429 5112 1612 5178 inquisitionem
1632 5120 1656 5170 et
1674 5115 1783 5167 animad-

1004 5208 1140 5257 versionem
1166 5208 1241 5256 sexto
1268 5206 1441 5269 permiserunt.
1476 5209 1518 5260 llle
1538 5222 1597 5260 urm
1622 5210 1674 5262 suis
1696 5209 1785 5260 amicis
