3772 5828
195 336 255 396 θθθ
708 327 877 390 DIONYSII
899 329 1282 392 HALICARNASSENSIS

194 470 298 532 λατῖνος
312 462 397 524 πολλδ
413 461 658 545 κατολοφυράμενος
682 461 789 533 ἑαυτὸν,
811 466 834 521 εἰ
848 461 893 522 διδ
911 486 977 539 συγ·
1026 471 1145 522 ditionem
1165 474 1315 535 nonquestus
1335 471 1402 536 qnod
1421 471 1455 522 ob
1472 473 1667 526 misericordiam
1683 490 1742 540 erge
1760 491 1804 528 oo-

139 616 144 627 ,
196 559 277 634 γενῶν
299 552 371 612 ἔλεον
399 551 515 610 ἐκλιπεῖν
544 548 774 628 ἀναγκασθήσεται
791 550 839 619 τὴν
863 551 977 629 πατρίδα
1027 560 1326 625 gnntosoogereturnnlio
1335 562 1432 625 patrato
1440 560 1645 627 seetsrepstrtem
1655 563 1803 628 relinquere,

198 643 280 720 μηδὲν
300 638 631 712 dissertissimorum
645 638 739 719 ἀρχήν.
781 636 815 700 ‘0
826 640 853 700 δὲ
864 640 978 718 Βροῦτος
1027 650 1198 714 magistratum
1220 648 1329 714 deponit.
1364 651 1456 700 Brutus
1479 662 1540 700 roro
1556 649 1716 714 ianmtoeo,
1736 653 1804 717 quod

199 727 489 796 inertissimorum
512 728 545 787 τδ.
568 727 697 806 κράτιστα
720 727 765 785 καλ
784 727 979 808 συμφορώτατα
1026 735 1120 799 optime
1133 738 1159 785 et
1181 734 1234 784 suis
1256 739 1282 786 et
1302 734 1444 799 reipublice
1462 736 1600 788 commodis
1622 737 1803 801 eonsuiuisset.

158 836 171 874 s
199 823 285 900 ἑαυτῷ
297 841 326 876 τε
338 817 383 876 καλ
397 820 429 897 τῇ
442 816 517 876 πολιι
530 814 745 894 βιόουλευμίνου,
753 816 899 895 παρεκάλει
911 815 979 892 μήτε
1028 822 1130 887 rogatum
1144 822 1232 874 nasibi
1245 836 1307 873 neve
1320 825 1421 888 petris,
1440 837 1537 875 memor
1549 826 1730 889 preteritorum
1750 841 1803 878 me-

198 910 272 987 αύτῷ
288 905 355 979 μήτε
370 911 401 985 τῇ
416 902 523 983 πατρίδι
539 910 720 980 μνησικακεῖν,
735 902 826 984 ίτέραν
848 904 876 962 δέ
893 926 977 978 μετα·
1028 909 1117 970 iorum,
1131 911 1242 961 intensus
1259 915 1342 972 esset;
1371 911 1423 972 sed,
1438 912 1478 963 sel
1492 914 1589 964 mutato
1610 913 1743 977 domicilio,
1760 929 1802 980 pn·
1868 958 1873 966 .

199 994 314 1055 λαόόντα
328 993 429 1064 οίκησιν
443 992 491 1062 τὴν
514 989 743 1068 καταλειπομένην
759 989 874 1069 πατρίδα
888 995 978 1069 ἡγεῐσ-
1027 999 1101 1051 triam
1123 1014 1138 1050 e
1161 1013 1187 1050 se
1200 999 1312 1050 relietum
1335 1013 1433 1065 semper
1458 1001 1562 1066 patrium
1584 1017 1656 1054 suam
1683 1004 1802 1066 duceret,

199 1087 253 1154 θαι,
275 1083 384 1160 μηδενὸς
410 1079 472 1157 μήτ’
487 1079 580 1158 ἔργου,
606 1079 674 1156 μήτε
702 1080 780 1155 λόγου
805 1083 979 1139 κοινωνοῦντα
1026 1089 1184 1139 nereeontrs
1199 1087 1278 1153 ipsam
1300 1101 1357 1139 euru
1380 1088 1493 1140 hostimrs
1512 1089 1592 1141 ulium
1608 1095 1654 1143 aut
1674 1092 1804 1143 consilium

198 1181 251 1239 τοῖς
266 1174 366 1250 ἐχθροῖς
381 1167 439 1227 κατ’
454 1169 548 1239 αὐτῆς·
562 1166 593 1225 τὸ
609 1166 630 1225 δ’
643 1164 703 1227 tim
719 1166 980 1245 ἐπυδημίανθπολα-
1026 1180 1071 1228 eut
1096 1177 1188 1228 tactum
1204 1177 1398 1229 communicaret
1424 1196 1432 1228 ι
1456 1178 1487 1229 ed
1504 1191 1626 1230 summum
1649 1193 1706 1231 eurn
1722 1180 1806 1230 irorta·

146 1281 172 1320 tu
199 1261 280 1321 όόντα
296 1261 344 1328 τὴν
357 1256 569 1336 μετανάστασιν,
584 1257 632 1315 οὐκ
646 1254 795 1335 ἐξορισμὸν,
810 1255 869 1315 οὐδὲ
884 1256 978 1337 ρυγὴν,
1026 1264 1101 1315 betur
1123 1268 1151 1317 ut
1181 1265 1244 1316 hene
1271 1265 1440 1328 migrationem
1458 1265 1611 1319 existimaret
1625 1267 1805 1333 peregrmo-

199 1349 294 1427 ςδμέν
312 1350 390 1421 σῶμα
404 1344 478 1427 παρδ
491 1353 546 1412 τοῖς
562 1342 764 1420 θποδεξαμίνοις
786 1347 867 1425 ἐχειν,
880 1347 928 1416 τὴν
952 1345 979 1405 δί
1028 1368 1099 1415 nem,
1122 1367 1170 1404 nou
1198 1357 1283 1404 eutem
1312 1355 1487 1418 relegationem
1518 1370 1599 1420 neque
1620 1357 1750 1418 exsilium
1777 1359 1804 1408 et

201 1436 290 1519 ψυχὴν
305 1435 379 1515 παρδι
402 1435 455 1501 τοῖς
485 1432 683 1513 προπέμπουσι.
727 1432 823 1491 Ταῦτα
846 1431 870 1491 δ’
889 1432 979 1492 θποθί·
1026 1456 1117 1508 eorpus
1128 1440 1250 1506 apudoos
1265 1443 1384 1506 sqtribus
1397 1445 1552 1508 exciperetur
1561 1445 1674 1504 haberet,
1692 1447 1803 1496 animum

201 1549 277 1604 μενος
301 1531 339 1602 τῷ
363 1522 437 1605 ἀνδρί
453 1521 537 1583 πείθει
559 1522 605 1581 τὸν
633 1523 716 1598 δῆμον
739 1521 822 1581 ιίκοσι
844 1521 980 1580 ταλάντων
1027 1544 1086 1583 vero
1107 1529 1174 1595 apud
1196 1543 1274 1581 eoae
1298 1531 1389 1595 quimus
1411 1532 1588 1585 dimitteretur.
1624 1537 1707 1592 Quum
1728 1535 1804 1599 igitur

200 1616 290 1675 δοῦναι
306 1615 377 1695 αὐτῷ
390 1610 488 1690 δωρεάν
500 1610 563 1688 ,καί
574 1609 651 1676 αθτθς
661 1610 739 1668 πέντε
745 1610 863 1670 τάλαντα
872 1609 979 1690 προστί-
1026 1620 1076 1671 iroo
1087 1619 1162 1670 modo
1170 1619 1241 1670 ilium
1251 1620 1428 1682 admonuisset,
1440 1622 1564 1686 persuasit
1572 1623 1663 1689 populo
1674 1626 1703 1673 ut
1717 1623 1804 1687 viginti

147 1729 173 1769 ta
201 1710 278 1775 θηοιν
292 1707 322 1762 ἐκ
337 1705 389 1761 τῶν
412 1699 494 1762 ἰδίων.
534 1697 679 1779 Ταρκύνιος
705 1696 752 1777 μέν
768 1697 800 1770 δὴ
821 1701 980 1766 Κολλατῖνος
1024 1707 1172 1759 talentorum
1182 1706 1804 1776 donoeumdouaretretipsedopropriapeouuis

200 1791 308 1871 τοιαύτη
327 1790 396 1870 τύχῃ
415 1786 567 1870 περιπεσὼν
592 1789 628 1855 είς
649 1781 789 1848 Λαουίνιον
818 1785 916 1870 ᾤχετο,
931 1786 980 1859 τὴν
1027 1795 1074 1846 stis
1095 1794 1341 1860 quinquegrnninit.
1373 1797 1524 1861 Tarquinius
1548 1797 1624 1862 igitur
1651 1798 1802 1860 Collatinus,

201 1881 363 1960 μητρόπολιν
373 1876 545 1937 τοῦΛατίνων
553 1874 652 1955 γένους,
661 1869 716 1954 ἐνῇ
726 1875 834 1956 γηραιδς
846 1875 978 1936 ἐτελεύτα.
1026 1896 1104 1946 quum
1121 1883 1147 1933 iu
1163 1883 1237 1933 talem
1261 1882 1383 1934 torinnam
1402 1883 1542 1941 incidisset,
1558 1886 1685 1937 ieriutum
1704 1887 1802 1938 Latmo·

200 1967 235 2030 ‘0
248 1970 275 2028 δέ
290 1973 403 2049 Βροῦτος
418 1969 466 2027 οὒκ
480 1966 558 2035 ἀξιῶν
572 1965 651 2043 μόνος
671 1964 827 2046 όρχεινούδ*
853 1968 889 2036 είς
913 1965 979 2026 θπό-
1027 1985 1083 2022 rum
1105 1971 1252 2036 metropolin
1272 1971 1360 2037 petiit,
1381 1972 1425 2023 nbi
1445 1986 1519 2024 senex
1543 1972 1614 2024 obiit.
1648 1978 1681 2025 tit
1694 1977 1805 2037 Brutus,

199 2080 271 2118 νοιαν
284 2057 407 2116 εἰσελθεῖν
422 2063 475 2122 τοῖς
489 2053 623 2126 πολίταις,
641 2051 681 2113 ότι
694 2052 839 2134 μοναρχίας
855 2054 980 2133 ὑπαχθείς
1025 2075 1102 2126 quum
1124 2060 1225 2112 mtutrue
1241 2075 1341 2127 equum
1362 2067 1471 2114 censeret
1486 2077 1514 2114 se
1530 2063 1612 2114 sotum
1628 2065 1767 2130 imperare,
1780 2071 1805 2117 et

147 2168 175 2208 ae
199 2147 272 2227 πόθῳ
280 2144 324 2205 τδν
334 2143 483 2204 συνύπατον
494 2141 618 2213 ἐξήλασεν
630 2147 660 2202 ἐκ
669 2141 856 2221 τῇςπατρίδος,
866 2143 980 2206 καλέσας
1026 2146 1801 2216 nolletvenireiusuapieiouemapudeiresseregnieupiditate

199 2233 244 2292 τὸν
259 2236 342 2308 δῆμον
354 2231 427 2297 εὐθὺς
442 2234 478 2298 είς
490 2230 520 2289 τὸ
534 2229 633 2306 πεδίον,
649 2227 709 2289 ἔνθα
725 2220 758 2303 ἦν
772 2229 879 2306 σύνηθες
893 2234 980 2302 αὐτοῖς
1025 2238 1157 2303 impulsent
1168 2238 1285 2302 collegam
1301 2238 1380 2304 petrin
1401 2237 1540 2304 expulisse,
1557 2237 1643 2288 statim
1665 2242 1803 2288 convocate

200 2320 258 2388 τούς
267 2343 292 2378 τε
307 2319 424 2399 βασιλεῖς
433 2318 477 2377 καλ
491 2318 537 2386 etr
552 2317 633 2385 άλλας
650 2317 734 2398 άρχθς
748 2318 919 2392 καθιστάναι,
933 2345 979 2381 συ·
1026 2327 1114 2392 populo
1128 2327 1152 2376 iu
1174 2339 1307 2392 eampum,
1330 2325 1371 2377 uhi
1381 2325 1492 2378 οολοθεοῑ
1507 2327 1615 2390 etreges
1637 2327 1737 2377 elalios
1751 2339 1805 2377 ma·

200 2409 331 2489 νάρχοντα
340 2408 452 2484 αίρεῑται
462 2405 577 2466 Πόπλιον
586 2403 741 2488 Οὐαλέριον,
750 2405 886 2486 ἀπόγονον,
894 2407 981 2475 ὡςκαλ
1028 2417 1257 2480 germaniorem,
1276 2415 1419 2466 consulatus
1434 2414 1551 2480 notingam
1563 2416 1696 2480 assumpsit
1707 2417 1735 2466 Ρ.
1748 2418 1801 2465 vs·

174 2543 176 2546 .
200 2497 325 2578 πρότερον
341 2486 433 2570 ε’ίπον,
448 2502 492 2555 τοῦ
507 2493 620 2555 Σαόίνοιι
640 2495 797 2574 Οὐαλερίου,
818 2496 900 2576 ἄνδρα
913 2499 979 2555 πολ-
1027 2503 1125 2566 Ιοιῖυιιι,
1141 2503 1280 2564 oriundum,
1298 2505 1326 2553 ul
1337 2505 1364 2554 et
1376 2504 1435 2554 ante
1453 2501 1513 2563 dixi,
1525 2501 1694 2554 esebiuorum
1716 2506 1803 2567 geute,

147 2604 174 2644 as
201 2590 254 2647 λῶν
269 2585 316 2663 μὲν
332 2585 473 2644 καλάλλων
499 2585 713 2662 ἐπιτηδευμάτων
726 2585 802 2667 χάριν
820 2586 980 2646 ἐπαινεῖσθαί
1028 2591 1217 2643 rtrumeumob
1230 2591 1456 2644 multaaliarerum
1471 2591 1766 2643 bonnmmstudiulsude
1779 2595 1804 2642 et

200 2700 230 2736 τι
245 2677 291 2735 καί
305 2677 483 2752 θωμάζεσθαι
501 2674 580 2749 ἄξιον,
593 2675 711 2753 μαλιστα
723 2676 751 2736 δέ
764 2679 811 2748 τῆς
824 2674 981 2753 αὐταρκείας
1027 2681 1191 2732 admiratione
1204 2680 1323 2746 dignum,
1344 2683 1398 2731 tum
1416 2692 1476 2732 suu
1490 2680 1615 2745 prreeipue
1633 2681 1666 2730 ob
1679 2679 1737 2730 sile
1753 2680 1804 2730 irn-

200 2767 246 2823 τοῢ
261 2762 329 2842 βίου.
373 2760 524 2841 Φιλοσορία
548 2761 599 2844 γάρ
613 2786 652 2831 τις
674 2761 858 2832 αθτοδίδακτος
880 2761 981 2842 ίγίνιτο
1027 2769 1160 2831 geiitetem.
1195 2771 1277 2820 iuerat
1298 2768 1363 2820 enim
1384 2769 1410 2819 in
1431 2782 1463 2820 eo
1486 2769 1598 2820 inustum
1621 2767 1747 2834 quoddam
1763 2780 1803 2818 aa·

201 2850 262 2931 περί
285 2849 374 2921 αὐτὸν,
389 2850 421 2922 ἣν
449 2851 475 2908 ἐν
504 2853 610 2919 πολλοῖς
627 2848 781 2919 dormituro
803 2850 980 2932 πράγμασιν,
1027 2857 1126 2922 pientius
1142 2857 1263 2918 studium,
1280 2856 1347 2908 utin
1368 2857 1454 2909 multis
1471 2857 1547 2909 rebus
1565 2855 1757 2919 demonstrarit,
1772 2856 1803 2907 de

201 2936 266 3017 ύπίρ
281 2928 317 2996 ὧν
328 2937 415 3013 ὀλίγον
432 2935 538 3014 ὕστερον
565 2939 627 3017 ἐρῶ.
980 2944 985 2951 ’
1026 2946 1208 3011 quibuspuullo
1222 2948 1280 3011 post
1293 2945 1383 2997 dicam.

147 3040 175 3080 ao
242 3027 324 3086 xlii.
348 3025 425 3086 Μετδ
444 3026 513 3084 τοῦτ’
526 3025 577 3096 ἤδη
605 3033 654 3104 μιᾷ
672 3024 764 3104 γνώμῃ
794 3026 855 3104 περὶ
874 3026 980 3086 πάντων
1058 3036 1126 3087 iiiii.
1144 3037 1208 3084 cnm
1228 3035 1276 3084 hoo
1292 3034 1368 3097 igitur
1384 3048 1432 3100 per
1451 3035 1534 3086 omniu
1548 3033 1760 3095 consentiens‚de
1773 3033 1803 3084 iis

204 3114 348 3195 χρώμενοι,
363 3114 422 3179 τοὺς
438 3111 484 3188 μὲν
499 3111 543 3170 ἐπὶ
554 3117 587 3192 τῇ
608 3113 710 3193 καθόδῳ
727 3117 779 3172 τῶν
797 3115 918 3195 φυγάδων
938 3139 981 3174 συ·
1025 3124 1146 3183 omuibus,
1161 3123 1203 3187 qui
1215 3124 1241 3173 iu
1252 3123 1374 3174 exsulum
1388 3123 1495 3175 raditum
1509 3124 1677 3183 coniuratum,
1689 3123 1804 3173 eontinuo

199 3202 396 3282 superoptime<
415 3201 533 3268 ἅπαντας
556 3200 712 3260 ἀπέκτειναν
737 3207 916 3281 παραχρῆμα,
935 3204 980 3263 καλ
1027 3211 1175 3276 supplicium
1188 3210 1294 3276 sumpsit
1307 3231 1313 3260 :
1328 3215 1353 3262 st
1365 3225 1474 3273 serrum,
1489 3211 1667 3262 ooniurationis
1678 3209 1802 3270 indicem,

202 3294 247 3352 τὸν
264 3292 420 3371 μηνύσαντα
448 3287 495 3360 τὴν
522 3288 690 3365 συνωμοσίαν
719 3290 809 3349 δοῦλον
834 3290 981 3371 ἐλευθερίας
1027 3300 1141 3351 libertato
1165 3304 1190 3350 et
1216 3300 1317 3351 civitate
1342 3301 1465 3351 donarunt
1481 3314 1510 3350 so
1532 3299 1699 3360 honorarunt,
1722 3298 1805 3348 addito

202 3406 231 3441 τε
258 3382 304 3441 καλ
327 3378 460 3446 πολιτείας
480 3379 619 3456 μεταδόσει
657 3377 702 3437 καλ
728 3379 849 3458 χρήμασι
876 3381 981 3448 πολλοῖς
1026 3393 1146 3452 preterea
1161 3403 1209 3440 uon
1222 3403 1304 3455 perseo
1319 3390 1431 3454 pecunius
1443 3389 1555 3453 premio.
1590 3386 1682 3438 Deinde
1696 3385 1804 3436 consiliis

147 3480 173 3520 8⁵
201 3471 342 3545 ἐτίμησαν.
386 3467 502 3527 Ἔπειτα
518 3467 578 3546 τρία
593 3466 775 3545 πολιτεύματα
789 3467 919 3527 κάλλιστα
934 3469 980 3527 καὶ
1027 3479 1107 3531 trihus
1123 3480 1293 3545 pulcherrimis
1308 3494 1337 3531 ae
1353 3478 1491 3530 utilissimis
1509 3474 1651 3542 'reipublieae
1664 3477 1802 3527 etieoerunt

108 3589 112 3596 ·
200 3557 396 3639 συμφορώτατα
426 3558 464 3635 τῷ
493 3558 571 3634 κοινῷ
596 3557 844 3634 καταστησάμενοι,
871 3558 930 3626 τούς
955 3560 979 3618 τ’
1026 3571 1227 3621 utemuesoives
1244 3569 1397 3620 concordiam
1416 3568 1522 3628 sterent,
1537 3566 1728 3618 etinimicnrum
1748 3566 1803 3614 tae-

199 3651 226 3708 ἐν
241 3652 274 3724 τῇ
296 3647 371 3706 πόλει
393 3643 493 3711 πάντας
518 3645 635 3720 δμονοεῖν
656 3645 856 3722 παρεσκεύασαν
874 3648 919 3706 καί
933 3645 980 3714 τάς
1029 3657 1120 3709 tionem
1134 3657 1318 3710 imminuerunt.
1352 3660 1413 3717 Quae
1426 3655 1595 3706 oonsiiiahoee
1607 3657 1715 3706 ttrerunt.
1747 3654 1802 3704 i'ri·

198 3738 250 3795 τῶν
265 3738 365 3816 ἐχθρῶν
386 3733 501 3812 ἑταιρίας
513 3731 654 3808 ἐμείωσαν.
697 3723 752 3793 Ἦν
766 3734 792 3793 δὲ
808 3733 841 3792 τὰ
855 3734 979 3795 πολιτεύ-
1026 3756 1112 3805 mum,
1127 3745 1234 3809 optimos
1253 3757 1365 3809 quosque
1381 3744 1413 3794 de
1428 3742 1500 3807 plebe
1512 3741 1622 3793 deiectos
1636 3742 1660 3792 in
1674 3741 1804 3806 patricium

199 3845 271 3898 ματα
295 3828 347 3882 τῶν
363 3823 463 3899 ἀνδρῶν
477 3821 574 3880 τοιαίδε.
619 3823 729 3900 Πρῶτον
748 3822 796 3899 μὲν
815 3825 912 3882 ἐκτῶν
931 3827 979 3896 δη·
1023 3831 1134 3882 ordinem
1148 3832 1283 3895 ellegerunt
1301 3832 1418 3883 eteritis
1432 3830 1803 3895 senatumexpiareruutuaquo

146 3923 174 3964 ιο
200 3915 313 3987 μοτικῶν
342 3910 400 3975 τοῖς
428 3908 582 3989 κρατίστους
615 3909 799 3986 ἐπιλέξαντες,
826 3913 979 3992 πατρικίους
1026 3920 1059 3971 sd
1075 3926 1241 3974 trecentorum
1254 3936 1393 3973 numerum.
1425 3923 1519 3973 Deinde
1534 3925 1690 3986 tyrannorum
1702 3919 1803 3970 bonain

199 3994 343 4071 ἐποίησαν,
365 3998 410 4057 καί
434 3998 640 4077 συνεπλήρωσαν
664 3998 689 4065 ἐξ
713 4001 798 4056 αὐτῶν
816 3999 863 4072 τὴν
882 4001 978 4081 βουλὴν
1024 4009 1150 4071 pubiicum
1170 4008 1730 4074 latsomnibnsoivibusdiripieudedederunt,
1745 4021 1801 4072 per·

197 4082 256 4149 τοὺς
271 4087 443 4162 τριακοσίους.
485 4084 601 4148 Ἔπειτα
613 4087 660 4152 τὰς
670 4086 760 4152 οὐσίας
778 4090 829 4145 τῶν
846 4090 978 4168 τυράννων
1026 4098 1151 4149 mittentes
1166 4101 1193 4149 ut
1208 4100 1382 4164 unusquisque
1398 4103 1518 4163 quantum
1539 4101 1624 4164 posset
1643 4101 1758 4162 caperet,
1777 4101 1803 4148 et

199 4173 235 4238 είς
260 4172 289 4230 τὸ
316 4175 399 4234 κοινόν
425 4175 510 4236 άπασι
525 4184 578 4242 τοῖς
596 4174 715 4242 πολίταις
736 4177 855 4256 φέροντες
874 4178 978 4251 ἐθεσαν,
1025 4201 1111 4251 agrum
1130 4201 1216 4238 eorum
1237 4202 1311 4252 quem
1334 4188 1453 4252 privatim
1475 4187 1643 4253 possidebunt,
1663 4187 1802 4237 diviserunt

199 4260 416 4339 συγχωρήσαντες
430 4264 489 4321 ὅσον
502 4263 533 4322 ἂν
546 4263 623 4323 λάόοι
642 4287 679 4329 τις
695 4263 720 4332 ἐξ
737 4266 821 4323 αὐτῶν
836 4264 920 4346 ἔχειν·
934 4265 979 4324 καλ
1026 4276 1122 4327 uiribus
1140 4277 1262 4341 inopibus,
1275 4291 1324 4328 uuo
1338 4282 1434 4329 tantum
1451 4290 1538 4341 campo
1550 4281 1663 4341 excepto.
1676 4276 1720 4339 qui
1739 4276 1803 4326 inter

145 4363 171 4402 ts
199 4348 247 4419 τὴν
269 4352 352 4407 αὐτῶν
368 4355 416 4426 γῆν
438 4352 501 4423 όσην
527 4352 667 4424 ἐκέκτηντο
689 4356 743 4418 τοῖς
761 4354 862 4432 μηδένα
882 4360 979 4436 κλῆρον
1024 4365 1112 4415 urbem
1135 4367 1160 4415 et
1179 4365 1282 4414 tirrvium
1298 4365 1419 4416 situsest.
1453 4367 1525 4414 iiuuo
1543 4366 1607 4415 euim
1624 4365 1698 4415 iisrti
1718 4376 1802 4414 sorum

199 4437 287 4516 έχουσι
304 4437 444 4515 διένειμαν,
456 4440 483 4498 ἓν
502 4441 577 4516 μόνον
592 4439 736 4518 ἐξελόμενοι
753 4443 878 4516 πεδίον,δ
894 4446 978 4503 κεῖται
1024 4453 1130 4504 msiores
1149 4456 1334 4513 consecrarant,
1348 4457 1445 4518 pratum
1458 4452 1529 4517 equis
1541 4453 1699 4503 norrrmodum
1714 4455 1738 4503 et
1762 4451 1801 4501 iu·

199 4527 296 4604 μεταξὺ
320 4533 366 4598 τῆς
384 4551 412 4585 τε
428 4530 528 4596 πόλεως
551 4529 597 4587 καλ
613 4536 658 4588 τοῦ
678 4539 808 4607 ποταμοῦ.
851 4537 938 4594 Τοῦτο
955 4536 977 4592 δ’
1024 4542 1123 4593 sentuti
1147 4541 1171 4590 in
1192 4541 1267 4591 amnis
1289 4541 1432 4592 exercendis
1457 4542 1611 4606 gymnasium
1638 4541 1802 4605 aptissimum.

196 4616 285 4698 Ἄρεος
306 4616 433 4696 ὑπάρχειν
460 4619 527 4696 ἱερὸν
543 4621 567 4676 oi
590 4619 716 4700 πρότερον
742 4622 918 4702 ἐψηφίσαντο,
935 4622 949 4682 ί
968 4657 979 4668 -
1026 4632 1147 4693 Campum
1161 4632 1243 4680 nutem
1254 4628 1404 4695 iampridem
1414 4630 1525 4680 lrniodeo
1537 4632 1708 4680 consecratum
1717 4628 1801 4688 tuisse,

198 4730 255 4774 ποις
271 4731 300 4766 τε
312 4707 431 4781 λειμῶνα
445 4705 491 4766 καλ
512 4705 578 4773 νέοις
593 4710 702 4766 ἀσκοῦσι
717 4708 763 4774 τὰς
781 4710 914 4778 ἐνοπλίους
931 4735 978 4788 με·
1025 4721 1051 4769 et
1062 4717 1223 4782 i’erquiuium
1243 4732 1299 4767 oum
1324 4732 1456 4782 usurpasse
1470 4721 1495 4767 et
1512 4718 1564 4767 suis
1581 4716 1704 4779 segetibus
1723 4714 1804 4779 opple-

142 4807 170 4846 t›⁰
196 4797 272 4864 λέτας
293 4797 436 4876 γυμνάσιον
458 4795 683 4866 ἐπιτηδειότατον·
703 4797 742 4855 ότι
770 4797 797 4857 δέ
819 4800 868 4876 κοιλΙ
884 4799 978 4879 πρότε-
1025 4807 1173 4869 visse‚eius
1187 4807 1222 4856 rei
1237 4807 1557 4871 argumentummeximum
1574 4804 1682 4856 arbitror
1694 4816 1759 4861 esse,
1776 4800 1802 4851 id

198 4902 240 4957 ρον
260 4887 329 4964 ίερδν
348 4875 379 4956 ἦν
402 4885 475 4944 τοῦδε
492 4890 537 4942 τοῦ
562 4887 636 4952 θεοῦ,
658 4884 805 4965 Ταρκύνιος
830 4887 856 4944 δέ
882 4909 978 4966 operr—
1024 4897 1090 4960 qnod
1105 4899 1179 4947 tuma
1190 4883 1372 4947 oonsulibusde
1387 4895 1510 4959 tunginus,
1522 4909 1579 4958 qum
1590 4896 1614 4944 in
1624 4908 1654 4945 eo
1664 4893 1741 4949 eraut,
1754 4889 1799 4939 de·

199 4971 336 5045 ρισάμενος
360 4973 478 5055 ἔσπειρεν
497 4973 572 5044 αύτδ,
590 4972 712 5051 μέγιστον
737 4980 854 5054 ἡγοῦμαι
874 4977 977 5053 τεκμή-
1024 4986 1176 5035 eretumest.
1211 4987 1273 5034 Nem
1285 4983 1452 5049 quumomniu
1462 4987 1621 5048 tyrannorum
1637 4979 1800 5043 bonapopuio

199 5076 251 5131 ριον
273 5049 338 5116 εἶναι
362 5062 392 5119 τδ
412 5062 529 5146 πραχθὲν
559 5062 609 5122 ὑπὸ
623 5068 674 5123 τῶν
700 5065 810 5123 ὑπάτων
832 5063 890 5123 τότε
915 5065 976 5144 περὶ
1024 5073 1160 5138 diripientia
1178 5071 1304 5123 dedissent
1328 5076 1491 5134 trumentum,
1513 5072 1580 5137 quod
1597 5071 1622 5121 in
1646 5069 1694 5119 hoc
1714 5080 1802 5131 eampo

197 5142 257 5210 τοὺς
275 5145 302 5202 ἐν
323 5147 395 5224 αὗτῷ
409 5156 546 5230 καρπούς,
576 5149 697 5211 αιλιταντα
718 5153 769 5235 γάρ
788 5151 976 5234 ἐπιτρέψαντες
1024 5165 1108 5213 natum
1127 5162 1224 5222 tuerat,
1246 5160 1363 5225 quodque
1382 5164 1407 5212 in
1431 5162 1496 5212 ereis
1523 5162 1603 5212 adhuc
1623 5161 1691 5219 erat,
1718 5157 1758 5209 sei
1779 5171 1803 5207 m
