3772 5828
160 314 219 372 662

684 308 856 369 DlONYSll
882 309 1261 371 fllblcnbrtnssuttsls

159 442 299 509 ἐκπαντὸς
313 440 411 523 τρόπου
431 438 597 521 χαρίζεσθαι.
650 438 709 511 Τὴν
726 438 773 516 μὲν
790 430 837 498 ούν
860 438 935 512 δίκην
994 448 1517 514 severointereapuellamiulibertatcm
1534 449 1692 515 exlegibus
1705 466 1794 506 asser·

160 532 238 592 αθτδν
259 530 308 613 ἔφη
336 529 380 590 τδν
405 529 508 609 πατέρα
530 528 591 607 περί
615 530 663 599 τῆς
687 527 813 609 θυγατρδς
837 529 937 587 ἀπολο-

159 621 287 700 γήσεσθαι
310 617 523 697 παραγινόμενον
543 616 595 675 διεδ
610 619 656 686 τῆς
680 626 817 697 στρατιᾶς·
837 614 886 688 τὴν
911 616 938 675 δέ

159 715 204 768 τοῦ
227 707 349 785 σώματος
374 703 558 776 ἀντιποίησιν,
578 703 612 775 ἣν
640 703 691 763 ίδει
718 704 840 783 γενέσθαι
869 703 939 763 κατδι

121 814 134 850 s
160 797 221 868 τοὺς
243 795 351 872 νόμους,
371 792 448 859 αὐτὸς
472 796 621 863 ποιεῖσθαι,
646 798 713 861 θεῖος
734 789 770 851 ῶν
797 796 845 863 τῆς
861 791 939 862 κόρης

160 886 205 946 καὶ
220 885 254 945 τά
274 884 363 944 δίκαια
375 880 500 962 ὑπέχειν,
516 880 589 940 otilo
611 878 699 953 ἀξιῶν,
713 879 772 940 οὔτε
795 879 865 949 ξένον
880 878 939 938 οὔτε

85 1034 91 1043 ,
161 974 227 1053 θμὴ
241 973 286 1034 καί
307 975 360 1040 τοῖς
382 970 470 1037 ἄλλοις
483 969 639 1029 ἀποδίδοται
659 968 807 1043 Ῥωμαίοις
828 966 938 1041 δίκαιον,

162 1066 185 1124 εἰ
208 1063 253 1123 καί
281 1062 318 1139 μὴ
343 1068 424 1121 πᾶσιν
447 1059 608 1137 ἀνθρώποις,
626 1057 750 1135 σώματος
766 1060 801 1125 είς
820 1058 939 1117 δουλείαν

162 1150 190 1220 ἐξ
212 1148 359 1230 ἐλευθερίας
382 1144 527 1224 ἀγομένου,
548 1143 585 1220 μὴ
608 1145 651 1202 τόν
677 1143 867 1225 ἀφαιρούμενον
892 1143 940 1215 τὴν

110 1260 135 1299 to
162 1237 327 1319 ίλευθιρίαν,
350 1233 420 1294 ἀλλὰ
441 1235 484 1292 τδν
509 1234 672 1311 φυλάττοντα
689 1231 776 1311 κύριον
804 1222 871 1291 εἶναι
892 1232 939 1309 με’·

160 1351 208 1409 χρι
227 1326 311 1399 δίκης.
353 1322 428 1403 Ἔφη
452 1345 482 1381 τε
501 1322 544 1380 διὰ
567 1320 667 1388 πολλάς
691 1321 777 1389 αίτίας
798 1323 940 1402 προσήκειν

162 1419 200 1495 τῷ
219 1412 321 1493 Ἆππίιρ
338 1411 478 1491 φυλάττειν
501 1414 578 1469 τοῦτο
591 1408 622 1468 τὸ
636 1409 752 1469 δίκαιον·
771 1413 875 1489 πρῶτον
893 1409 941 1486 μέν

162 1503 202 1561 ὅτι
225 1501 268 1560 τὸν
293 1500 371 1575 νόμον
389 1505 480 1557 τοῦτον
507 1497 564 1576 ἅμα
580 1506 634 1565 τοῖς
659 1499 746 1566 άλλοις
762 1502 789 1559 iv
811 1508 868 1566 ταῖς
894 1498 943 1558 δῶ·

163 1592 226 1649 δεκα
247 1588 345 1657 δέλτοις
369 1588 530 1667 ἀνέγραψεν·
557 1587 669 1660 ἔπειτα,
685 1586 725 1645 ὅτι
744 1592 790 1659 τῆς
815 1589 942 1668 δεκαδαρ-

122 1701 134 1736 s
162 1677 223 1758 χίας
245 1675 369 1754 ἡγεμών·
386 1676 450 1754 πρὸς
476 1674 503 1734 δέ
524 1676 640 1748 τούτοις,
661 1675 701 1735 ότι
721 1675 788 1755 μετά
809 1681 858 1748 τῆς
872 1679 941 1735 ὑπα-

162 1769 236 1837 τικῆς
258 1762 375 1832 ἐξουσίας
399 1762 445 1822 καί
462 1762 509 1835 τὴν
534 1762 686 1844 δημαρχίαν
706 1766 896 1846 προσειλήφει,
911 1755 942 1836 ἧς

162 1845 229 1912 εἶναι
244 1851 384 1932 κράτιστον
400 1851 474 1932 ἔργον
491 1860 544 1920 τοῖς
565 1852 684 1911 ἀσθενέσι
705 1854 749 1911 καὶ
763 1852 870 1934 δρόμοις
889 1857 941 1912 τῶν

162 1943 277 2001 πολιτῶν
297 1945 412 2021 βοηθεῖν.
467 1940 557 2009 'iiiios
583 1963 611 2000 τε
639 1940 688 2012 τὴν
714 1943 942 2022 καταπεφευγυῖαν

164 2028 206 2088 ῖπ’
230 2030 308 2089 αθτδν
334 2033 440 2101 ἐλεῆσαι
460 2030 605 2109 παρθένον,
629 2029 728 2111 μητρδς
752 2030 799 2107 μέν
824 2031 939 2110 ὀρφανὴν

163 2112 244 2177 οὖσαν
273 2119 312 2177 έτι
344 2118 444 2188 πάλαι,
469 2118 567 2196 πατρὸς
589 2119 612 2177 δ’
643 2116 743 2197 ἔρημον
769 2120 796 2176 έν
822 2121 861 2198 τῷ
881 2117 942 2178 τότε

164 2207 270 2287 χρόνῳ,
294 2205 492 2265 κινδυνεύουσαν
509 2207 538 2265 ού
559 2206 707 2286 χρημάτων
731 2209 942 2286 ἀποστερηθῆναι

165 2297 345 2374 προγονικῶν,
369 2295 436 2355 ἀλλά
460 2296 506 2354 καί
536 2295 644 2375 άνδρδς,
666 2295 711 2356 καλ
736 2297 861 2375 πατρίδος
882 2297 943 2370 καὶ,

165 2381 179 2441 θ
193 2384 297 2441 πάντων
310 2379 432 2461 μέγιστον
445 2372 512 2443 εἶναι
531 2384 602 2443 δοκεῖ
616 2388 668 2443 τῶν
688 2387 858 2463 ἀνθρωπίνων
879 2387 942 2463 ἀγα·

165 2473 232 2546 θῶν,
245 2476 292 2544 τῆς
303 2476 348 2532 τοῦ
359 2471 482 2550 σώματος
494 2471 650 2554 ἐλευθερίας.
670 2499 683 2525 ν
699 2471 943 2550 Ἀνακλαυσάμενος

110 2580 130 2617 a.
166 2561 193 2621 δὲ
218 2558 265 2634 την
293 2560 381 2641 θόρεν,
402 2563 438 2628 είς
458 2562 491 2634 ἣν
513 2560 621 2638 ἔμελλεν
642 2566 657 2633 ἡ
680 2567 742 2628 παῖς
762 2560 944 2641 παραδοθήσε·

166 2656 227 2710 σθαι
237 2696 248 2725 ,1
269 2650 315 2711 καί
337 2649 420 2710 πολὺν
445 2653 543 2709 ἐκτῶν
572 2650 719 2731 παρόντων
733 2651 843 2723 κινήσας
871 2649 943 2709 ἔλεον

72 2756 75 2760 ’
167 2740 227 2818 περὶ
242 2745 288 2798 τοῦ
303 2740 398 2820 χρόνον
414 2744 459 2810 τῆς
473 2738 557 2815 δίκης,
581 2741 630 2820 έρη
648 2741 792 2799 τελευτῶν·
804 2766 817 2794 ι
831 2738 943 2811 Ἐπειδὴ

166 2835 276 2907 ταχεῖαν
298 2829 378 2899 αὐτῆς
395 2827 518 2904 βούλεται
540 2827 661 2905 γενέσθαι
678 2827 725 2896 τὴν
743 2826 827 2908 κρίσιν
849 2827 944 2886 Κλαύ-

167 2919 218 2985 διος
226 2963 236 2993 ,
250 2922 264 2977 ὁ
277 2916 358 2994 μηδέν
369 2918 512 2987 ἠδικῆσθαι
523 2915 638 2996 φάμενος
648 2918 674 2973 έν
689 2919 742 2982 τοῖς
756 2915 943 2974 πεντεκαίδεκα

112 3020 139 3058 ao
166 3002 251 3063 ίτεσιν
264 3049 271 3076 ,
286 3004 372 3082 ἕτερος
387 3002 435 3080 μὲν
452 3003 483 3060 οίν
503 3027 541 3069 τις
556 3003 620 3083 ὑπὲρ
639 3005 801 3074 τηλικούτων
817 3005 943 3083 ἀγωνιζό-

167 3117 262 3170 μενος,
283 3093 353 3150 δεινὰ
370 3092 482 3170 πάσχειν
504 3090 575 3159 ἔλεξε
597 3091 643 3149 καί
667 3091 811 3170 ἠγανάκτει
826 3093 895 3151 κατδι
913 3093 944 3152 τδ

168 3180 254 3254 εἰκδς,
277 3179 339 3238 ὅταν
360 3177 449 3259 εἰρήνη
471 3180 580 3257 γένηται
604 3177 649 3236 καί
668 3179 763 3244 πάντες
787 3179 895 3238 ἔλθωσιν
920 3184 945 3240 oi

168 3276 211 3329 νῦν
224 3271 294 3334 ὄντες
308 3268 351 3326 ἐπὶ
362 3267 560 3346 στρατοπέδου,
572 3268 630 3326 τότε
647 3265 694 3338 τὴν
706 3266 781 3339 δίκην
791 3268 868 3336 ἀξιῶν
880 3271 943 3326 ἀπο·

166 3360 313 3437 λογεῖσθαι,
340 3357 382 3416 ὅτε
406 3356 452 3415 καί
468 3356 608 3438 μαρτύρων
631 3355 753 3437 εὐπορία,
774 3356 820 3414 καί
845 3357 943 3437 φίλων,

114 3474 139 3512 35
167 3445 213 3504 καί
241 3448 369 3504 δικαστῶν
396 3443 550 3525 ἀμφοτέροις
574 3445 647 3504 ἔσται
671 3453 723 3511 τοῖς
749 3445 942 3523 δικαζομένοις,

168 3534 290 3592 πολιτικά
321 3533 366 3590 καί
390 3535 485 3612 μέτρια
510 3535 653 3614 πράγματα
676 3534 812 3618 προρέρων
836 3535 881 3595 καί
909 3540 942 3613 τῇ

168 3618 310 3696 Ῥωμαίων
327 3624 424 3695 συνήθη
436 3624 570 3703 πολιτεία*
586 3652 597 3676 ιι
611 3622 707 3700 Ἡμεῖς
722 3625 765 3696 δέ,
777 3626 841 3706 έρη,
857 3624 943 3704 λόγοιν

169 3737 181 3759 ιι
196 3709 269 3768 οὐδέν
287 3711 415 3789 δεόμεθα,
431 3712 485 3770 οὔτ’
500 3713 617 3793 εἰρήνης,
633 3711 691 3772 οὔτε
706 3714 786 3794 ὄχλου
802 3716 884 3794 φίλων
899 3714 944 3773 καί

169 3826 181 3848 ιι
197 3799 343 3867 δικαστῶν,
372 3798 427 3857 οὔτ’
457 3802 492 3869 είς
515 3800 574 3867 τοὺς
600 3800 753 3876 δικασίμους
780 3803 887 3880 χρόνους
915 3803 945 3862 τδ

169 3894 307 3964 «πρᾶγμα
329 3887 547 3965 άναόαλλόμεθα,
574 3890 641 3948 άλλδι
663 3890 707 3947 καί
731 3892 756 3946 ἐν
775 3890 884 3971 πολέμῳ
901 3893 946 3951 καί

169 3974 222 4028 «ἓν
248 3976 341 4033 σπάνει
368 3977 451 4056 φίλων
472 3977 517 4035 καὶ
539 3979 586 4035 οὐκ
606 3980 632 4034 ἐν
658 3976 722 4043 ἴσοις
738 3977 874 4045 δικασταῖς
901 3979 945 4037 καί

170 4087 181 4111 ιι
196 4068 363 4139 παραχρῆμα
397 4064 561 4142 ὑπομένομεν
587 4066 792 4142 ἀπολογεῖσθαι,
822 4072 945 4127 τοσοῦτον

170 4176 181 4200 ιι
198 4151 369 4225 αἰτησάμενοι
387 4155 458 4233 παρὰ
474 4161 519 4214 σοῦ
535 4155 641 4234 χρόνον,
656 4151 769 4226 Ἄππιε,
785 4153 843 4219 ὅσος
859 4156 946 4223 ἱκανὸς

170 4263 181 4287 ιι
197 4236 272 4296 ἔσται
295 4242 331 4316 τῷ
347 4242 427 4318 πατρὶ
452 4248 498 4310 τῆς
520 4246 598 4321 κόρης
618 4243 670 4300 άπὸ
694 4243 872 4324 στρατοπέδου
895 4269 946 4304 πα·

170 4355 182 4377 ιι
201 4327 367 4405 ραγενηθέντι
383 4327 430 4395 τὰς
446 4332 512 4398 ἰδίας
532 4331 715 4411 άποδύρασθαι
729 4333 824 4412 τύχας,
840 4334 886 4392 καὶ
904 4333 946 4393 διὰ

170 4444 181 4463 ιι
197 4418 290 4473 ἑαυτοῦ
304 4414 352 4484 τὴν
368 4418 441 4487 δίκην
459 4421 685 4497 ἀπολογήσασθαι.
702 4450 713 4472 n

208 4504 318 4565 XXXI.
343 4508 461 4564 Τοιαῦτα
480 4516 525 4569 τοῦ
553 4511 719 4586 Νομιτωρίου
741 4510 875 4583 λέξαντος,
901 4513 945 4569 καὶ

168 4601 213 4655 τοῦ
232 4596 433 4673 περιεστηκότος
449 4596 528 4676 ὄχλου
545 4600 649 4677 μεγάλη
668 4603 716 4678 βοῇ
736 4599 945 4675 διασημήναντες

168 4688 203 4749 ὡς
219 4684 308 4741 δίκαια
332 4683 414 4759 ἀξιοῖ,
440 4687 531 4766 μικρὸν
558 4688 673 4768 ἐπισχὼν
701 4688 794 4768 χρόνον
820 4684 943 4754 Ἄππιος·

116 4800 141 4835 ων
170 4802 181 4823 ιι
198 4772 270 4849 Ἐγὼ
292 4773 335 4831 τὸν
353 4774 401 4851 μέν
416 4775 513 4849 νόμον,
537 4769 624 4850 εἶπεν,
648 4780 694 4836 οὐκ
717 4780 802 4854 ἀγνοῶ
819 4777 862 4834 τὸν
879 4774 944 4854 ὑπέρ

171 4888 182 4910 ιι
199 4865 243 4929 τῆς
256 4862 404 4939 ἓγγυήσεως
414 4866 465 4919 τῶν
479 4865 514 4928 εἷς
527 4864 645 4921 δουλείαν
665 4867 799 4941 ἀγομένων
815 4866 943 4942 κείμενον,

171 4972 183 4995 ιι
198 4946 225 5011 ὃς
243 4951 290 5007 οὐκ
308 4954 338 5008 δα
355 4950 427 5029 παρδι
444 4960 496 5016 τοῖς
512 4950 712 5029 ἀφαιρουμένοις
734 4943 800 5010 εῖναι
816 4951 845 5008 τδ
866 4953 943 5024 σῶμα

1004 3795 1016 3816 it

1004 3891 1015 3913 ί(

1004 3988 1015 4011 ί(

1003 4083 1014 4104 ta

1003 4180 1014 4202 tt

1003 4277 1008 4299 t

993 551 1087 607 turum,
1105 547 1172 611 quod
1198 552 1266 599 esset
1283 547 1336 610 ejus
1361 548 1513 610 avunculus,
1530 562 1714 614 caussamque
1737 553 1792 616 eius

992 647 1106 694 acturum
1127 645 1293 709 :nullumque
1318 645 1361 709 jus
1390 658 1483 696 uorum
1505 645 1721 712 postulaturum,
1747 656 1791 703 aut

992 747 1059 810 quod
1074 747 1281 813 ceterisquoquc
1302 749 1398 799 civibus
1417 749 1536 800 Romanis
1549 764 1602 801 uon
1627 754 1789 806 concedere-

993 847 1042 905 tur,
1055 844 1114 895 doct
1123 858 1171 895 nou
1179 845 1293 895 omnibus
1309 845 1459 906 bominibus,
1475 846 1612 913 nimirum,
1625 854 1659 901 ut
1671 851 1733 914 eius
1746 855 1789 917 qui

993 955 1024 991 ex
1037 941 1186 991 libertatein
1201 941 1345 992 servitutem
1357 942 1485 1003 asseritur,
1502 958 1557 994 oon·
1565 944 1598 1007 is,
1620 946 1669 1010 qui
1690 947 1717 1000 iu
1734 964 1784 1001 ser·

997 1037 1109 1099 ritutcru,
1125 1036 1211 1098 sedis,
1227 1036 1271 1103 ιμνί
1285 1037 1309 1087 iu
1325 1037 1463 1088 libertatem
1483 1042 1587 1103 asserit,
1603 1044 1733 1097 domiuus
1747 1049 1788 1106 sit,

994 1125 1114 1191 pendente
1136 1125 1187 1176 lite.
1220 1125 1360 1190 liultasque
1377 1127 1410 1177 ob
1423 1143 1524 1181 caussas
1541 1132 1646 1197 hocius
1657 1138 1693 1187 ab
1706 1138 1789 1202 Appio

995 1224 1144 1275 servandum
1171 1222 1291 1276 dicebat:
1311 1225 1434 1289 primum,
1458 1229 1517 1292 quia
1541 1229 1608 1282 banc
1629 1233 1717 1298 legem
1738 1250 1789 1287 uua

995 1331 1054 1368 curu
1069 1317 1165 1368 caeteris
1188 1317 1213 1367 iu
1235 1317 1365 1370 duodecim
1388 1321 1478 1373 tabulis
1495 1325 1647 1391 scripserat,
1671 1331 1786 1393 δεῖσθε,

996 1414 1054 1479 (γυῖα
1070 1417 1123 1464 erat
1143 1414 1324 1465 decemviratus
1338 1418 1466 1482 princeps3
1490 1426 1624 1485 praterea,
1643 1430 1707 1492 quta
1728 1444 1786 1480 oum

996 1510 1119 1562 consulari
1134 1515 1255 1576 potestate
1280 1516 1432 1567 tribunitiam
1446 1518 1523 1570 etiam
1546 1529 1696 1588 acceperat,
1711 1528 1788 1592 cujus

996 1621 1043 1670 boc
1057 1622 1111 1670 erat
1125 1621 1277 1685 precipuum
1287 1635 1393 1683 munus,
1411 1626 1441 1674 ut
1449 1624 1546 1676 civibus
1557 1628 1666 1679 intirmis
1677 1633 1705 1680 et
1717 1631 1786 1681 omrai

996 1718 1089 1768 auxilio
1100 1716 1226 1768 destitutis
1243 1732 1315 1782 opem
1339 1720 1422 1771 terret.
1457 1723 1601 1789 orabatque
1616 1740 1675 1777 eum
1693 1734 1723 1778 ut
1735 1730 1785 1779 rni-

997 1809 1131 1861 sericordia
1140 1812 1281 1860 moreretur
1303 1811 1421 1876 virginis,
1433 1828 1492 1881 ques
1501 1816 1534 1866 ad
1547 1830 1606 1869 eum
1616 1820 1784 1885 confugerat,

997 1930 1053 1979 quau
1071 1922 1121 1983 jam
1144 1924 1239 1988 pridem
1261 1927 1340 1974 matre
1364 1921 1467 1983 orbata,
1488 1926 1515 1973 et
1538 1926 1597 1974 tunc
1616 1924 1695 1975 ctiam
1713 1928 1784 1988 patre

1001 2011 1121 2068 destituta
1142 2024 1204 2080 erat,
1222 2022 1248 2070 et
1260 2020 1300 2069 cui
1319 2018 1463 2068 imminebat
1484 2019 1619 2083 periculum
1633 2032 1683 2068 non
1698 2019 1783 2069 solum

997 2113 1126 2166 amittendi
1138 2114 1294 2179 patrimonii,
1306 2113 1349 2165 sed
1360 2113 1436 2164 etiam
1449 2113 1532 2164 mariti
1544 2118 1570 2164 et
1580 2112 1670 2177 patriae
1682 2118 1710 2163 et
1723 2129 1781 2165 suae

997 2212 1129 2273 libertatis,
1149 2212 1214 2278 quud
1238 2211 1348 2263 omnium
1366 2211 1524 2301 bumanorum
1546 2209 1666 2259 bonorum
1688 2212 1777 2260 maxi·

997 2326 1066 2361 mum
1088 2313 1197 2375 putatur.
1231 2310 1326 2361 Delicta
1348 2313 1434 2361 autem
1450 2308 1552 2372 biania,
1569 2321 1620 2372 qua
1638 2307 1773 2358 adicienda

998 2411 1050 2458 erat
1060 2407 1147 2471 puella.
1162 2411 1187 2456 ct
1206 2420 1293 2471 magna
1305 2407 1461 2457 adstantium
1470 2404 1679 2457 cuumisentioue
1690 2410 1773 2470 mota,

998 2505 1096 2554 taudem
1107 2503 1233 2566 dejmlicii
1245 2506 1354 2566 tenpore
1369 2504 1423 2554 buc
1441 2502 1506 2554 dixit
1518 2521 1524 2555 :
1544 2522 1556 2546 ι
1568 2503 1779 2568 Quandoquidem

1000 2600 1131 2659 claudius,
1151 2601 1194 2665 qui
1215 2614 1258 2664 per
1277 2600 1417 2663 quindecim
1439 2614 1518 2652 anuos
1533 2614 1561 2653 se
1579 2601 1648 2653 uuila
1661 2602 1780 2654 allectum

999 2698 1087 2763 iniuria
1109 2698 1182 2759 dixit,
1207 2697 1254 2747 lroc
1274 2697 1395 2760 iudicium
1415 2698 1530 2751 celeriter
1560 2699 1644 2764 peragi
1665 2699 1736 2761 vult,
1760 2702 1781 2751 si

999 2797 1135 2861 quisalius
1154 2796 1185 2847 de
1204 2794 1277 2846 rebus
1294 2798 1370 2847 tantis
1389 2798 1540 2873 decertaret,
1553 2811 1582 2849 se
1600 2800 1710 2849 atmoem
1725 2812 1780 2863 per·

1000 2892 1049 2957 poti
1081 2889 1193 2954 injuriam
1224 2888 1388 2953 existimaret,
1424 2896 1451 2944 et
1478 2893 1568 2944 merito
1602 2892 1781 2959 indignaretur,

1001 2990 1127 3052 postulans
1145 2993 1173 3040 ut
1193 2995 1252 3039 tunc
1269 2989 1371 3039 demum
1393 3001 1482 3039 caussa
1504 2988 1612 3050 dicatur,
1636 3002 1716 3053 quum
1732 3001 1783 3052 par

1004 3086 1077 3136 luerit
1103 3087 1180 3145 iacta,
1204 3098 1351 3147 omnesque,
1376 3085 1417 3147 qui
1450 3099 1516 3135 nunc
1546 3085 1572 3135 in
1595 3085 1684 3136 castris
1707 3091 1782 3146 suut,

1002 3184 1093 3235 reversi
1119 3184 1222 3243 luerint,
1251 3187 1325 3247 atque
1346 3183 1447 3233 testium
1467 3187 1494 3234 ct
1516 3185 1650 3236 amicorum
1671 3189 1697 3235 et
1710 3185 1782 3249 judi·

1002 3297 1058 3332 cum
1075 3283 1172 3344 utrique
1193 3281 1337 3343 litigantium
1360 3281 1421 3343 parti
1444 3283 1515 3344 copia
1531 3281 1565 3332 sit
1580 3282 1673 3341 iuiura3
1694 3282 1782 3333 uiriles

1001 3381 1027 3427 et
1051 3391 1136 3441 aequas
1156 3389 1256 3426 caussas
1279 3376 1406 3436 aderens,
1432 3379 1458 3426 et
1479 3376 1504 3425 in
1528 3377 1651 3441 republica
1671 3380 1782 3428 liomana

1003 3478 1113 3529 usitatas.
1150 3498 1161 3520 ιι
1178 3481 1228 3527 Nos
1255 3489 1313 3525 vero
1337 3475 1455 3539 (iuquit)
1483 3490 1564 3539 neque
1584 3476 1679 3537 verbis,
1700 3492 1783 3542 aeque

1006 3598 1017 3620 r
1033 3590 1106 3641 pace,
1121 3589 1200 3638 neque
1213 3575 1348 3625 amicorum
1373 3576 1398 3624 ct
1410 3575 1523 3638 judicum
1545 3577 1619 3626 turba
1635 3576 1783 3642 indigemus,

1004 3696 1017 3718 «ι
1032 3688 1110 3737 neque
1119 3687 1168 3724 rom
1182 3673 1206 3722 in
1219 3671 1285 3721 aliud
1300 3674 1397 3735 tempus
1412 3670 1519 3734 legitimo
1525 3669 1621 3734 judicio
1633 3670 1784 3723 destinatum

1029 3772 1188 3831 disserimus,
1204 3769 1247 3820 scd
1258 3772 1285 3820 et
1310 3769 1335 3818 in
1349 3768 1426 3828 bello,
1439 3770 1502 3819 etin
1520 3768 1656 3818 amicorum
1667 3770 1781 3831 penuria,

1030 3875 1055 3920 et
1068 3869 1238 3934 apudjudices
1250 3882 1297 3918 nou
1310 3882 1395 3931 aequos
1407 3881 1437 3916 en
1454 3870 1564 3930 tempore
1572 3879 1687 3916 caussam
1700 3866 1786 3918 dicore

1029 3983 1078 4018 uon
1090 3969 1241 4029 dubitamus,
1260 3968 1356 4015 tautum
1372 3966 1495 4026 tempusa
1514 3964 1555 4022 te,
1567 3962 1640 4026 Appi,
1654 3966 1784 4028 petentes,

1030 4069 1152 4127 quantum
1165 4062 1227 4128 patri
1254 4060 1341 4124 puellis
1359 4073 1391 4109 ex
1406 4057 1494 4107 castris
1507 4069 1606 4107 reverso
1625 4056 1785 4122 adproprias

1032 4159 1184 4210 calamitates
1198 4157 1328 4220 lugendas,
1354 4160 1379 4205 et
1395 4156 1426 4204 ad
1445 4167 1558 4206 caussam
1572 4155 1604 4205 ab
1615 4155 1658 4207 ilio
1675 4156 1730 4220 ipso
1741 4156 1784 4208 di-

1008 4279 1014 4298 ι
1030 4257 1133 4307 cendam
1145 4259 1177 4308 sit
1191 4257 1259 4307 satis.
1278 4277 1288 4299 »ι

1033 4520 1116 4566 xxxi.
1135 4520 1216 4575 Quum
1243 4519 1396 4568 Numitorius
1414 4517 1467 4567 brec
1491 4517 1604 4567 dixisset.
1627 4517 1653 4565 ct
1672 4517 1784 4567 circum-

1001 4609 1068 4654 stans
1080 4604 1151 4654 turbu
1164 4606 1252 4669 ingenti
1271 4622 1330 4657 soce
1345 4608 1515 4667 significasset,
1530 4618 1599 4668 uqua
1610 4603 1642 4653 ab
1662 4605 1705 4654 illo
1722 4621 1787 4670 pos·

1001 4692 1088 4754 tutari,
1113 4695 1215 4756 Appius,
1243 4709 1320 4756 parra
1337 4696 1465 4759 interjecta
1488 4707 1557 4743 mora
1582 4712 1616 4741 ιιι
1640 4693 1783 4756 Eqrridcm,

1001 4802 1013 4823 ιι
1028 4781 1116 4843 inquit,
1131 4796 1177 4830 nou
1189 4784 1271 4845 igrrom
1288 4784 1351 4833 lrnnc
1367 4799 1420 4835 esse
1440 4785 1518 4847 legem
1542 4782 1574 4832 de
1589 4781 1722 4832 vacatione
1741 4797 1785 4832 oo«

1002 4887 1013 4913 n
1029 4883 1095 4926 rum,
1112 4870 1188 4932 quiin
1209 4871 1353 4921 servitutem
1369 4876 1521 4931 asseruntur,
1544 4885 1599 4936 quae
1622 4885 1670 4921 uon
1689 4874 1784 4935 patitur

1002 4971 1128 5020 «corpus,
1145 4958 1264 5020 prendente
1285 4958 1342 5018 lite,
1361 4973 1416 5009 csse
1432 4959 1456 5007 in
1480 4961 1605 5023 potestate
1623 4972 1724 5013 corum,
1740 4960 1783 5022 qui

171 5057 182 5080 ιι
200 5034 278 5110 μέχρι
293 5037 381 5107 δίκης,
398 5036 455 5094 οὐδὲ
469 5040 648 5114 καταλύσαιμι
662 5037 691 5094 ἂν
708 5038 735 5095 ὃν
751 5041 826 5103 αὐτὸς
843 5036 944 5116 ἔγραψα
1002 5067 1013 5088 ιι
1029 5046 1053 5095 in
1071 5046 1214 5095 seruitutem
1231 5050 1352 5101 asserunt,
1365 5061 1473 5096 ueccam
1490 5046 1631 5112 abrogabo,
1648 5059 1725 5109 quom
1738 5062 1784 5112 ego

171 5145 182 5162 ιι
198 5120 279 5175 ἑκών·
295 5128 377 5181 ἐκεῖνο
393 5128 482 5199 μέντοι
503 5127 601 5186 δίκαιον
629 5130 759 5204 ἡγοῦμαι,
777 5130 844 5185 δυεῖν
862 5126 943 5185 ὄντοιν
1002 5159 1013 5178 ιι
1029 5136 1081 5199 ipse
1096 5136 1162 5184 ultro
1173 5136 1275 5199 scripsi:
1296 5136 1356 5185 iilud
1375 5141 1455 5186 tnrnou
1473 5151 1573 5200 coquum
1598 5151 1653 5188 esse
1673 5150 1781 5199 censeo,
