3772 5828
181 344 240 402 726
700 334 867 397 hlohlslt
888 335 1265 398 tlhtlchhhasstsh'sls

220 475 298 535 xlv.
321 474 384 555 (18,
400 473 430 552 8)
446 475 542 533 Ταῦτα
563 470 610 550 μὲν
626 474 680 530 τῶν
694 474 771 549 τριῶν
789 470 957 553 πρεσάευτῶν
1046 480 1111 530 lllV.
1142 479 1176 541 (t)
1198 481 1258 529 llaee
1274 480 1353 532 tribus
1379 480 1467 545 legatis
1494 495 1577 532 coram
1594 481 1670 534 dixit.
1696 485 1807 538 Secreto

180 562 316 641 παρόντων
338 560 437 629 ἔλεξεν·
454 560 508 641 ἰδία
523 559 550 619 δὲ
565 560 608 619 τόν
630 558 779 637 Φαόρίκιον
805 556 958 617 άπολαῦών·
1011 576 1099 628 deindo
1110 580 1227 627 remeo
1240 577 1304 629 (((χὶι
1313 579 1426 629 Fabricio
1442 599 1449 630 =
1466 579 1703 644 «Egotqpahricj,
1721 585 1805 634 moni.

184 678 196 703 “
215 649 289 724 Ἐγὼ
304 649 330 708 δὲ
340 696 347 722 ι
358 649 451 729 φησὶνι
469 637 655 725 ὦψαὸθῖκῑῖν
675 643 839 722 πυνθάνομαί
851 667 881 703 ⁶⁸
893 645 958 724 Ἀθά·
1013 696 1026 720 ιι
1039 658 1803 743 tussumteeg'regiumiohellistmpmtorem,viratustumet

182 767 196 794 ιι
208 763 295 799 τιστον
313 742 339 798 ἐν
356 736 508 814 ἡγεμονίαις
534 735 657 811 πολέμων
680 725 765 809 εἶναι,
787 734 833 792 καλ
854 738 892 813 τῷ
907 733 958 815 βίῳ

138 852 153 892 s
182 855 194 880 ιι
210 827 308 887 δίκαιον
319 827 365 886 καλ
379 824 518 904 σόνρρονα,
529 823 574 883 καλ
588 822 636 889 τδις
648 822 730 890 άλλας
741 821 847 889 ἁπάσας
862 821 957 902 ἔχοντα

181 944 194 970 ι
210 919 319 998 ιἰρετὰς,
334 915 480 997 χρημάτων
496 913 523 972 δί
539 913 651 992 ἄπορον,
665 912 710 971 καί
724 914 782 971 καθ’
797 910 825 970 ἓν
838 910 868 971 τῦ
880 910 957 991 μίρος

181 1034 194 1061 ιι
208 1012 286 1066 τοῦτο
309 1003 503 1081 ἱλασσούμινον
519 1002 569 1061 ὑπὸ
591 1007 637 1071 τῆς
662 1002 761 1082 τύχης,
785 1000 854 1060 ὥστε
875 1001 957 1079 μηδίν

181 1122 195 1149 ιι
209 1096 314 1170 άμεινον
325 1099 376 1154 τῶν
387 1093 554 1153 πενεστάτων
571 1093 717 1171 βουλευτῶν
731 1094 756 1150 ἐν
765 1098 818 1156 τοῖς
830 1091 898 1149 κατὰ
912 1091 955 1150 τὸν

182 1209 194 1234 ιι
210 1183 266 1262 βίον
280 1183 420 1245 διατελεῖν.
462 1184 547 1241 Τοῦτο
573 1179 605 1250 δὴ
628 1178 659 1237 τὸ
679 1180 755 1257 μέρος
786 1181 956 1258 ἐκπληρῶσαι

126 1286 154 1327 10
181 1298 194 1323 ιι
208 1271 440 1350 προθυμούμενος,
469 1269 570 1346 ίτοιμός
597 1272 651 1344 εἰμι
678 1268 777 1325 διδόναι
796 1267 837 1327 col
857 1270 957 1338 πλῆθος

181 1387 194 1413 ιι
210 1362 333 1440 άργυρίσυ
350 1358 396 1418 καλ
417 1358 527 1438 χρυσίου
547 1362 689 1429 τοσοῦτον,
708 1355 768 1415 ὅσον
791 1359 955 1430 κτησάμενος

180 1476 193 1501 ιι
208 1449 328 1515 ἅπαντας
337 1446 494 1526 ὑπερόαλιῑς
503 1446 610 1526 πλούτῳ
619 1448 678 1512 τοῦς
689 1447 804 1522 μάλιστα
815 1445 956 1514 δοκοῦντας

181 1565 193 1591 ιι
208 1537 351 1614 Ῥωμαίων
371 1540 505 1616 εὐπορεῖν·
530 1535 610 1594 καλὸν
630 1534 742 1611 νομίσας
762 1533 890 1610 άνάλινμα
908 1535 955 1595 καλ

181 1653 193 1678 ιι
210 1624 309 1703 πρέπον
323 1625 433 1701 ἡγεμόνι
455 1623 515 1691 τοῦς
529 1622 641 1702 α’γαθοὺς
666 1623 761 1703 ἄνδρας
787 1619 896 1690 άναίίως
908 1630 955 1698 τῆς

139 1738 152 1774 ι,
180 1740 192 1765 ιι
208 1715 302 1791 ἀρετῆς
317 1713 359 1770 διὰ
368 1714 460 1771 πενίαν
473 1713 636 1791 πράττοντας
649 1714 802 1793 εὐεργετεῖν,
815 1716 860 1774 καὶ
875 1721 955 1796 βασι·

180 1829 192 1855 ιι
206 1803 280 1861 λικοῦ
302 1799 416 1860 πλούτου
437 1809 513 1860 τοῦτο
532 1802 655 1878 ἀνάθημα
676 1803 721 1860 καλ
746 1803 955 1881 κατασκεύασμα

180 1918 193 1943 ιι
207 1889 405 1971 λαμπρότατον.
433 1890 474 1969 (9)
492 1889 592 1950 Μαθὼν
607 1891 634 1950 δὲ
646 1890 694 1962 τὴν
709 1892 775 1968 ἐμήν
790 1894 951 1974 προαίρεσιν,

180 2006 192 2031 ιι
207 1980 252 2038 καὶ
265 1988 355 2038 πᾶσαν
371 1980 528 2055 ἀποθέμενος
545 1980 625 2053 αἰδῶ,
640 1978 734 2057 με’τιχε
749 1983 801 2038 τῶν
813 1985 877 2060 παρ’
889 1986 953 2055 ἡμῖν

180 2067 379 2150 «ὑπαρχόντων
395 2069 520 2147 ἀγαθῶν,
544 2069 580 2134 ῶς
597 2070 660 2143 ίμοῦ
678 2067 816 2142 μέλλοντος
839 2067 955 2129 εἴσεσθαι

124 2190 152 2230 20
180 2184 193 2211 ιι
203 2157 248 2216 καὶ
263 2157 382 2234 μεγάλην
402 2158 442 2216 cel
456 2156 550 2236 χάριν,
566 2155 612 2214 καλ
625 2156 664 2232 μδ
681 2153 722 2213 ht'
738 2156 786 2213 οὐκ
807 2155 954 2226 (λάκοι...

179 2273 192 2300 ιι
207 2248 252 2306 καλ
269 2245 346 2315 ξένων
360 2245 420 2313 τοῦς
433 2244 607 2324 τιμιωτάτους
626 2234 693 2303 εἶναι
706 2242 807 2318 νόμιζε.
830 2243 910 2322 Ἐμοί
927 2247 955 2307 δδ

178 2361 192 2388 ι
207 2336 265 2394 ἀντὶ
289 2334 388 2394 τούτων
413 2336 482 2413 μήτε
510 2335 601 2394 άδικον
630 2333 699 2410 μήτε
726 2332 839 2414 αῖσχρδιν
861 2334 954 2414 πρᾶξιν

179 2423 373 2505 ιιὸπηρετήσῃς
393 2424 541 2501 μηδεμίαν,
556 2422 613 2481 ἀλλ’
627 2422 653 2489 ti
668 2412 704 2480 ῶν
720 2422 797 2489 αὐτός
815 2446 844 2481 τε
864 2423 954 2503 κρείτ-

179 2541 192 2567 ιι
206 2536 259 2572 των
274 2513 322 2594 ἔσῃ
341 2513 386 2572 καλ
403 2514 556 2592 τιμιώτερος
568 2515 595 2572 ἐν
610 2515 643 2586 τῇ
659 2514 752 2569 ἑαυτοῦ
766 2509 885 2591 πατρίδι.
902 2513 956 2573 Καὶ

123 2617 149 2656 aa
178 2604 310 2683 ἰιπρῦντον
330 2603 378 2680 μὲν
401 2603 445 2662 trel
465 2600 512 2668 τδις
543 2598 702 2675 διαλλαγάς,
727 2596 776 2669 ὅση
795 2600 904 2676 δύναμις
929 2606 955 2662 ἐν

179 2719 191 2744 ιι
207 2692 262 2763 σολ,
279 2690 451 2770 παρόρμησον
465 2688 514 2760 τὴν
534 2687 601 2767 άχρι
615 2688 690 2747 τοῦδε
705 2687 808 2766 δύσεριν
821 2689 866 2746 καὶ
882 2690 956 2749 οὐδὲν

178 2807 191 2831 ιι
204 2781 256 2839 τῶν
271 2780 384 2861 μετρίων
400 2783 547 2859 φρονοῦσαν
563 2775 678 2856 βουλήν,
693 2776 846 2851 διδάσκων,
861 2781 897 2844 ὡς
912 2778 955 2837 trel

178 2895 191 2920 ιι
205 2871 281 2949 κακῷ
297 2873 343 2939 τῆς
355 2868 456 2934 πόλεως
477 2869 551 2944 ὑμῶν
567 2866 699 2944 α’ρῖγμαι,
716 2865 890 2941 Ταραντίνοις
911 2867 956 2925 καλ

178 2984 191 3008 ιι
205 2959 258 3021 τοῖς
273 2956 361 3022 άλλοις
373 2955 539 3020 Ἰταλιώταις
553 2952 733 3031 ὑποσχόμενος
744 2952 899 3031 βοηθήσειν,
913 2954 956 3023 οὓς

123 3065 151 3106 ao
178 3042 350 3102 ιιοῦτεόσισν
372 3041 426 3101 οὔτ’
440 3040 576 3120 εῦσχημόν
599 3040 655 3099 ἐστί
676 3064 721 3117 μοι
747 3037 860 3118 παρόντι
888 3044 955 3116 μετδι

178 3161 190 3187 ιι
206 3133 338 3208 δυνάμεως
359 3132 405 3189 καί
418 3131 465 3200 τήν
479 3128 587 3208 πρώτην
607 3127 754 3199 νενικηκότι
770 3129 860 3206 μάχην
875 3132 956 3205 ἐγκα-

178 3249 190 3275 ιι
205 3223 336 3281 ταλιπεῖν.
383 3219 437 3280 Καὶ
453 3219 524 3277 πάνυ
546 3218 633 3277 πολλδι
651 3216 697 3277 καλ
714 3218 847 3295 ἀναγκαῖοι
866 3221 955 3298 πράγ-

178 3338 191 3364 ιι
204 3335 275 3388 ματα
286 3309 354 3368 κατδι
370 3313 459 3368 τοῦτον
471 3306 597 3386 γενόμενα
610 3305 653 3365 τὸν
664 3306 754 3388 καιρδν
766 3307 810 3364 ἐπὶ
820 3306 868 3378 τήν
887 3308 954 3366 ἰδίαν

178 3428 190 3453 ιι
204 3423 236 3476 με
249 3398 333 3479 ἀρχὴν
349 3399 505 3475 μετακαλεῖ.
523 3431 563 3441 —-
585 3396 645 3476 (ίο)
660 3396 767 3462 Πίστεις
779 3419 807 3454 τε
821 3397 955 3477 ὓπέχομοιι

122 3503 149 3544 tt
177 3517 189 3541 ιι
202 3490 305 3560 πάσας,
328 3487 424 3548 ὁπόσαι
447 3486 599 3566 βεῦαιοῦσιν
628 3484 774 3566 ἀνθρώπων
794 3487 953 3564 ὁμολογίας,

177 3578 249 3635 ικαὶ
272 3577 343 3656 μόνῳ
362 3577 407 3635 καλ
424 3577 491 3654 μετὰ
516 3579 567 3635 τῶν
586 3574 673 3632 άλλων
698 3574 867 3654 πρεοόευτῶν
894 3579 955 3655 περὶ

176 3671 250 3737 ιιτῆς
276 3665 366 3723 οἴκαδε
392 3666 571 3741 ἀνακομιδῆς,
594 3666 617 3723 εί
639 3662 771 3739 Ῥωμαῖοι
799 3663 955 3735 ποιήσονται

177 3780 190 3807 ιι
205 3753 309 3832 φιλίαν·
334 3753 378 3811 ἵνα
395 3758 498 3834 θαρρῶν
520 3752 583 3832 πρὸς
600 3753 657 3818 τοὺς
674 3757 768 3810 ἑαυτοῦ
787 3753 896 3817 πολίτας
912 3753 955 3811 λε’·

177 3869 190 3896 ιι
204 3867 268 3922 γης,
292 3845 315 3900 εί
339 3844 371 3914 δή
393 3866 446 3903 τισι
467 3842 558 3912 τὸτῆς
580 3841 716 3920 βασιλείας
731 3840 814 3918 ὄνομα
839 3840 954 3901 ὕποπτόν

121 3941 149 3980 ⁴0
177 3957 190 3984 ιι
205 3936 274 3990 ἐστιν
289 3935 324 3997 ῶς
333 3931 468 4005 ἀπατηλὸν
482 3935 510 3990 ἐν
520 3930 687 4008 ὁμολογίαις,
704 3929 730 3996 ἐξ
743 3921 779 3988 ῶν
792 3929 876 4007 ἕτεροί
887 3956 954 4000 τινες

176 4046 188 4071 ιι
206 4022 231 4076 ἐν
249 4019 335 4096 ὅρκοις
350 4019 396 4077 καί
406 4022 530 4087 σπονδαῖς
540 4022 702 4097 παρανομεῖν
715 4017 805 4085 ἔδοξαν
815 4016 893 4093 ὅμοια
909 4017 954 4076 καί

176 4136 188 4159 ιι
203 4108 262 4184 περὶ
274 4112 337 4181 ἐμοῦ
349 4109 574 4187 τεκμαιρομένοις.
593 4106 739 4182 Γενομένης
747 4107 774 4164 δὲ
784 4111 831 4176 τῆς
842 4106 954 4185 εἰρήνης,

176 4226 188 4250 ιι
204 4196 239 4253 ἴθι
251 4198 308 4270 μετ’
325 4197 388 4270 ἐμοῦ
404 4197 551 4271 σύμόουλός
563 4220 590 4256 τε
614 4197 738 4257 ἁπάντων
755 4196 876 4272 ἐσόμενος
894 4200 953 4272 ἐμοὶ

177 4313 189 4337 ιι
204 4286 249 4342 καὶ
263 4284 460 4360 ὑποστράτηγος
474 4288 518 4345 καί
530 4291 578 4356 τῆς
591 4288 730 4365 βασιλικῆς
740 4286 863 4363 εὐτυχίας
875 4286 954 4362 μέτο·

119 4390 146 4428 ts
178 4404 189 4426 ιι
204 4398 260 4452 χος.
279 4372 358 4448 Ἐμοί
373 4397 400 4430 τε
416 4373 466 4454 γάρ
479 4377 570 4454 ἀνδρὸς
586 4379 683 4454 α’γοιθοῦ
707 4376 752 4434 καὶ
765 4381 861 4433 πιστοῦ
878 4378 953 4454 φιλου

177 4489 188 4513 ιι
205 4463 259 4530 δεῖ,
288 4461 328 4518 σοί
349 4484 376 4518 τε
402 4468 530 4539 χορηγίοις
558 4467 696 4540 βασιλικῆς
717 4463 761 4519 καί
788 4466 953 4542 πραγμάτοιν

176 4577 189 4602 ιι
207 4554 360 4628 βασιλικῶν·
375 4549 418 4607 ἐὰν
429 4553 460 4620 δή
471 4554 666 4629 συνενέγκωμεν
676 4558 758 4610 ταῦτα
771 4554 805 4618 εἰς
816 4554 845 4612 τὸ
857 4553 951 4625 κοινὸν,

176 4638 236 4693 Ιιτδι
265 4637 378 4715 μέγιστα
394 4642 445 4695 τῶν
474 4641 579 4715 ἀγαθῶν
602 4639 667 4717 παρ’
694 4640 815 4709 άλλήλιινν
840 4640 954 4697 ἀποισό-

174 4751 189 4779 ιι
204 4731 281 4800 μεθα.
297 4753 308 4778 ιι
328 4727 424 4788 tham

121 4825 148 4862 tu
216 4817 277 4874 XV.
311 4816 378 4886 (18,
403 4816 458 4894 Η)
481 4817 659 4894 Παυσαμένου
688 4818 713 4876 δὲ
739 4820 833 4888 αὐτοῦ,
860 4819 953 4896 μικρὸν

175 4904 292 4980 ἐπισχὼν
308 4910 321 4962 ὁ
337 4907 485 4984 θῖαάρίκιος
510 4896 576 4963 εἷπε·
600 4935 611 4959 ι
630 4910 696 4985 Περὶ
719 4907 766 4983 μὲν
779 4912 826 4975 τῆς
843 4911 950 4984 ἀρετῆς,

175 5018 187 5039 ιι
202 4989 257 5058 ήτις
272 4993 326 5048 ἐστὶ
341 4995 402 5070 περὶ
417 4999 506 5069 ἡμᾶς,
522 4993 538 5062 ί,
555 4993 624 5051 κατὰ
636 4998 683 5061 τάς
699 4995 785 5059 κοινδις
804 4992 920 5068 πράξεις,
934 4993 951 5065 ἢ

173 5103 186 5125 ιι
201 5075 269 5132 κατδι
284 5078 328 5133 τὸν
343 5079 408 5137 ἴδιον
423 5083 495 5156 βίον,
510 5082 583 5138 οὐδὲν
603 5082 648 5155 ἐμὲ
667 5082 706 5139 δεῖ
721 5084 761 5138 ἐπ’
778 5084 893 5156 ἐμαυτοῦ
909 5081 950 5139 λε’·

173 5191 186 5215 ιι
200 5187 269 5241 γειν,
283 5166 372 5236 ἐπειδή
387 5170 503 5226 πέπυσοιι
516 5173 579 5249 παρ’
593 5170 702 5248 ἐτέρων·
716 5169 773 5229 οὐδέ
782 5192 812 5246 γε
828 5172 888 5249 περὶ
903 5174 950 5241 τῆς

1013 792 1025 814 ιι
1036 774 1800 837 temperantem,erterisqueomnihusenornatunasirtntibus:

1012 888 1025 913 ιι
1039 882 1114 934 opum
1129 874 1214 921 autem
1225 884 1338 932 egenum,
1354 875 1428 936 atque
1440 871 1488 922 hac
1506 871 1532 923 in
1546 877 1616 938 parte
1628 875 1721 926 minus
1735 876 1802 928 bona

1011 987 1024 1011 ι
1041 967 1142 1018 tortum
1163 971 1290 1029 utentem,
1310 969 1372 1020 adeo
1397 972 1426 1020 ut
1441 970 1502 1020 nihil
1519 970 1610 1022 melius
1633 975 1800 1038 pauperrimo

1012 1085 1024 1110 ιι
1039 1064 1129 1130 queris
1143 1069 1258 1117 senatore
1272 1065 1371 1117 babeas.
1399 1068 1432 1131 (2)
1452 1071 1525 1119 Ηιιοο
1540 1082 1586 1134 ego
1599 1069 1730 1122 deiectum
1753 1087 1797 1124 ex-

1011 1182 1024 1207 ιι
1041 1163 1108 1229 plere
1125 1164 1240 1228 gestiens.
1263 1168 1357 1215 ῑοιιαιιιι
1376 1165 1422 1217 tibi
1443 1167 1539 1231 argenti
1560 1172 1586 1219 ct
1609 1170 1668 1221 anri
1693 1173 1797 1237 copiam

1011 1280 1024 1304 ιι
1040 1259 1133 1311 donare
1147 1263 1247 1323 paratus
1261 1275 1333 1323 sum,
1348 1267 1442 1326 quanta
1460 1267 1486 1312 tu
1507 1263 1602 1329 politus
1621 1267 1797 1321 Romanorum

1012 1379 1025 1404 ιι
1041 1357 1177 1408 ditissimos
1190 1359 1278 1423 opibus
1293 1360 1343 1410 tuis
1364 1360 1502 1425 superabis.
1517 1362 1717 1415 Pulcherrirmun
1731 1368 1797 1417 enim

1011 1475 1024 1500 ι
1041 1458 1175 1521 impensam
1182 1456 1301 1521 judicoet
1312 1458 1421 1522 principe
1431 1457 1529 1522 dignam
1540 1459 1608 1510 viros
1616 1463 1742 1526 egregios.
1755 1464 1799 1527 qui

1012 1573 1025 1599 ιι
1040 1554 1073 1604 ob
1083 1556 1217 1618 egestatem
1227 1553 1294 1603 haud
1311 1568 1355 1619 pro
1371 1556 1461 1605 merito
1479 1556 1579 1606 virtutis
1592 1557 1673 1606 vitam
1689 1557 1796 1621 degunt,

1012 1671 1024 1696 ι
1042 1651 1166 1702 beneficiis
1183 1651 1288 1701 adlicere
1309 1653 1444 1717 :mihique
1462 1655 1574 1717 persuasi
1595 1655 1696 1706 nullum
1721 1670 1797 1719 posse

1011 1768 1024 1792 ι
1041 1749 1194 1814 splendidius
1206 1749 1336 1799 donarium
1355 1753 1431 1814 atque
1444 1754 1617 1802 ornamentum
1629 1767 1645 1803 a
1655 1753 1723 1818 regia
1735 1769 1797 1818 gaza

1012 1866 1024 1889 ιι
1042 1846 1186 1910 procedere.
1199 1849 1254 1896 ldea
1264 1846 1338 1908 igitur
1354 1849 1474 1898 sententia
1485 1849 1591 1913 cognita,
1601 1849 1710 1913 Fabrici,
1724 1866 1798 1904 vere·

1013 1961 1025 1984 ιι
1042 1940 1427 2004 cundiaqueseposita‚bonorum
1438 1943 1796 2010 meoruminpartemvcnias3

1013 2052 1026 2082 ιι
1042 2034 1186 2098 quippequi
1201 2048 1312 2098 inagnum
1327 2035 1430 2100 gratiam
1448 2036 1493 2087 tibi
1513 2050 1570 2086 surn
1582 2037 1726 2096 habiturus.
1746 2041 1798 2091 ita·

1012 2145 1024 2170 ι
1041 2140 1091 2190 que
1103 2125 1185 2176 inercie
1206 2125 1230 2174 in
1244 2126 1317 2175 amici
1334 2129 1411 2190 atque
1423 2128 1592 2178 honestissimi
1612 2128 1716 2194 hospitis
1735 2131 1796 2182 loco

1012 2237 1025 2261 ιι
1042 2217 1180 2267 trahiturus.
1205 2218 1237 2281 (5)
1249 2216 1310 2266 hlibl
1331 2220 1414 2268 autem
1433 2219 1529 2282 probis
1548 2219 1672 2271 beneficiis
1691 2221 1793 2273 nullum

1012 2328 1024 2351 ι
1042 2309 1153 2372 iniquum
1170 2311 1215 2357 aut
1232 2310 1305 2372 turpe
1323 2307 1432 2359 cilicium
1447 2308 1584 2372 exhibebis,
1598 2308 1640 2361 sed
1656 2309 1681 2360 in
1697 2311 1729 2361 iis
1744 2327 1792 2364 re·

1012 2419 1025 2444 ι
1042 2402 1099 2462 bus,
1112 2414 1140 2450 er
1155 2399 1245 2464 quihus
1264 2400 1316 2463 ipse
1339 2402 1365 2449 et
1387 2400 1512 2463 potentior
1530 2406 1557 2452 et
1571 2401 1712 2452 honoratior
1737 2404 1793 2456 eris

1011 2510 1026 2538 ιι
1042 2491 1067 2541 ῖιι
1088 2496 1131 2541 tua
1155 2491 1243 2556 patria.
1257 2496 1292 2554 (5)
1313 2493 1398 2553 Atque
1414 2491 1438 2541 in
1455 2492 1551 2556 primis,
1574 2497 1695 2559 qnantum
1718 2495 1795 2549 inte

1012 2602 1026 2628 ιι
1040 2589 1088 2646 est,
1101 2583 1134 2634 ad
1148 2583 1216 2648 pacis
1235 2582 1319 2633 studia
1336 2583 1435 2648 impelle
1460 2585 1643 2638 contentiosum
1670 2586 1798 2641 hactenus

1013 2695 1026 2720 ιι
1041 2678 1068 2727 et
1086 2676 1221 2740 superbum
1243 2678 1370 2733 senatum,
1386 2674 1479 2726 docens
1495 2689 1536 2726 mc
1565 2676 1685 2730 infestum
1703 2684 1799 2732 νοοῖτο

1012 2788 1025 2811 ιι
1043 2767 1098 2818 ιιτῖιῖ
1118 2768 1215 2831 adesse,
1242 2767 1303 2818 dum
1321 2767 1460 2818 Tarentinis
1482 2769 1629 2834 ceterisque
1644 2771 1714 2823 italis
1734 2787 1796 2838 pro-

1013 2877 1025 2908 ιι
1044 2861 1133 2911 missas
1143 2860 1270 2926 suppetias
1283 2859 1347 2922 iero,
1359 2873 1424 2926 quos
1437 2860 1561 2922 deserere,
1577 2866 1711 2927 postquam
1736 2880 1795 2917 cum

1012 2971 1025 2996 ιι
1041 2953 1153 3005 exercitu
1172 2953 1229 3003 veni
1243 2953 1373 3017 primoque
1395 2952 1480 3017 praelio
1503 2956 1617 3019 superior
1643 2954 1690 3017 tui,
1713 2970 1799 3022 neque

1011 3063 1024 3086 ιι
1043 3059 1143 3110 aequum
1168 3058 1247 3107 neque
1270 3043 1388 3094 decorum
1412 3044 1444 3095 sit
1467 3062 1473 3094 :
1496 3047 1529 3109 (7)
1551 3047 1684 3097 sedenim
1706 3050 1798 3101 multis

1013 3155 1025 3184 ιι
1042 3138 1207 3201 gravibusque
1232 3136 1349 3198 negotiis,
1371 3150 1428 3200 (quse
1450 3137 1549 3187 interim
1570 3137 1731 3202 acciderunt,
1754 3156 1797 3193 mc

1012 3249 1024 3272 ιι
1042 3229 1146 3278 nuncin
1164 3242 1266 3290 regnum
1281 3228 1400 3277 revocari.
1421 3229 1458 3290 (8)
1483 3231 1539 3278 dam
1559 3242 1618 3278 tero
1645 3229 1792 3284 litunissima

1013 3338 1024 3361 ιι
1041 3319 1153 3368 οιιιιιῖιιιιι
1170 3319 1303 3382 quainter
1318 3317 1429 3368 homines
1446 3333 1500 3368 esse
1513 3323 1601 3382 potest,
1613 3320 1661 3370 tide
1673 3325 1796 3387 spondeo,

1012 3432 1024 3455 ι
1040 3411 1080 3461 rel
1095 3411 1140 3461 tihi
1162 3411 1204 3460 uni
1227 3409 1266 3459 rel
1287 3424 1343 3459 eum
1360 3409 1434 3459 sociis
1455 3410 1543 3471 legatis
1569 3411 1677 3462 reditum
1705 3413 1731 3462 ῖιι
1750 3429 1797 3479 pa-

1015 3521 1024 3545 ι
1042 3502 1125 3563 triam,
1145 3503 1167 3552 si
1181 3505 1303 3552 Romanos
1315 3501 1375 3550 mihi
1390 3501 1578 3551 conciliaveris:
1597 3516 1648 3564 quo
1667 3506 1797 3556 securiora

1011 3612 1023 3635 ιι
1041 3593 1123 3642 οιιῖιιιο
1137 3607 1194 3642 cum
1207 3593 1257 3642 tuis
1268 3592 1364 3641 civibus
1380 3592 1411 3641 de
1421 3592 1469 3642 bue
1478 3593 1574 3656 negotio
1586 3593 1708 3657 loquaris.
1720 3598 1797 3654 Quod

1015 3703 1027 3727 ιι
1043 3685 1064 3734 si
1085 3684 1209 3734 nonnullis
1225 3683 1317 3746 reglum
1331 3697 1419 3733 rromen
1436 3687 1581 3748 suspectum
1594 3684 1752 3749 inlidumque
1770 3688 1796 3738 iu

1011 3797 1023 3819 ιι
1041 3778 1120 3840 pactis
1134 3775 1240 3834 videtur,
1255 3779 1383 3839 propterea
1396 3775 1463 3839 quod
1487 3775 1530 3825 alli
1553 3790 1623 3840 reges
1637 3785 1795 3831 sacramenta

1012 3889 1024 3912 ιι
1041 3873 1067 3918 et
1082 3867 1172 3918 foedera
1184 3867 1339 3925 violaverint.
1356 3868 1461 3932 ideoque
1475 3869 1503 3918 et
1513 3867 1544 3918 de
1553 3882 1593 3919 me
1607 3868 1672 3919 idem
1688 3873 1794 3922 llornani

1011 3982 1023 4004 ιι
1041 3964 1194 4025 augurantur
1216 3963 1266 4010 ·.tu
1278 3959 1379 4024 quidem
1395 3973 1454 4023 pace
1471 3960 1568 4010 linnata
1579 3975 1676 4012 mecum
1696 3962 1793 4022 venias,

1013 4072 1025 4101 ιι
1042 4054 1142 4105 iuturus
1166 4054 1226 4104 mihi
1243 4054 1275 4104 ad
1298 4053 1381 4102 omnia
1395 4053 1531 4112 consultor,
1544 4057 1570 4103 et
1584 4053 1609 4103 in
1621 4054 1735 4104 exercitu
1756 4055 1796 4105 le·

1012 4162 1024 4185 ιι
1041 4146 1120 4206 gatus,
1135 4144 1260 4206 totiusque
1274 4143 1348 4205 regite
1365 4141 1472 4192 fortuna
1488 4143 1618 4208 particeps.
1632 4149 1666 4207 (9)
1688 4148 1750 4195 liam
1766 4150 1794 4195 et

1011 4253 1023 4276 ιι
1040 4234 1101 4283 mihi
1119 4233 1249 4283 virobono
1266 4234 1396 4297 aculeoque
1418 4234 1484 4285 fideli
1499 4249 1562 4299 opus
1582 4240 1628 4295 est,
1642 4240 1666 4285 et
1684 4236 1728 4285 tihi
1745 4249 1790 4284 re·

1011 4348 1021 4369 ιι
1040 4327 1087 4389 gali
1111 4326 1232 4385 largitate,
1256 4326 1428 4390 regiorumque
1456 4327 1609 4391 negotiorum
1634 4326 1786 4376 tractatione.

1010 4437 1021 4460 ιι
1039 4420 1093 4466 ,Ιιιιιι
1108 4418 1128 4466 sl
1146 4431 1189 4466 nos
1203 4417 1228 4466 in
1247 4431 1376 4466 ιοιιιιιιιιιιο
1395 4422 1479 4468 nostra
1501 4423 1606 4482 uterque
1619 4414 1787 4475 conferamus,

1010 4529 1021 4550 ιι
1039 4509 1148 4558 maxima
1162 4522 1219 4557 sane
1235 4507 1352 4557 herretlcla
1366 4509 1470 4559 invicem
1490 4512 1641 4575 recipiemus.
1660 4528 1671 4550 »

1040 4822 1093 4869 liv.
1109 4819 1140 4879 lt)
1158 4817 1237 4866 Finito
1266 4817 1371 4881 [Pyrrhi]
1396 4817 1512 4880 alloquio,
1531 4816 1656 4880 paulisper
1676 4819 1791 4868 moratus

1007 4910 1132 4959 Fabricius
1144 4907 1208 4957 ιῖῖιῖῑ
1224 4927 1230 4956 :
1246 4928 1257 4949 ιι
1277 4911 1312 4957 De
1328 4909 1421 4958 uirtute
1434 4922 1491 4971 quaa
1507 4912 1544 4957 est
1560 4907 1584 4956 ln
1601 4906 1680 4964 nohis,
1695 4906 1747 4956 sire
1764 4908 1790 4958 in

1009 5018 1021 5045 ιι
1037 4999 1141 5063 publicis
1157 4996 1238 5053 rebus,
1260 4997 1346 5045 sivein
1359 4997 1458 5060 privata
1471 4996 1531 5056 rita,
1550 4995 1610 5046 nihil
1625 4994 1657 5044 de
1676 5008 1716 5044 me
1733 4995 1790 5059 ipso

1009 5110 1022 5132 ι
1040 5088 1139 5136 laridum
1153 5090 1199 5143 est.
1215 5086 1333 5150 quoniam
1346 5086 1377 5135 ab
1392 5086 1446 5135 aliis
1461 5085 1529 5135 luisti
1544 5084 1649 5136 edoctus
1664 5104 1670 5133 :
1684 5098 1729 5134 nee
1756 5084 1789 5136 de

1004 5204 1015 5227 ιι
1033 5183 1176 5246 paupertate
1204 5193 1259 5230 mea
1283 5179 1355 5230 ruha
1380 5180 1460 5231 tacere
1478 5179 1561 5239 velim,
1587 5177 1704 5243 quoniam
1725 5178 1789 5229 milri
