3772 5828
159 307 219 369 tls

161 470 174 493 ν
188 440 323 520 γήσαντας
336 436 442 499 ίσεσθαι
455 436 501 497 καί
513 437 557 498 ἐπὶ
571 437 654 519 τούτῳ
666 440 704 517 τῷ
717 437 814 519 δικαίῳ
822 437 940 496 καταλυ-

161 557 174 581 υ
194 525 324 605 σαμένους
347 525 393 585 τὸν
415 524 532 602 πόλεμον
552 523 657 584 ἅπαντα
676 524 813 586 πείθεσθαι
830 526 869 584 δεῖ
886 533 939 593 τοῖς

162 644 174 669 n
188 614 366 694 παρειληφόσι
377 612 427 684 τὴν
441 613 543 694 ἀρχήν·
559 612 605 672 καθ
615 616 639 673 τί
654 614 691 691 μὴ
702 612 842 687 ποιήσουσι
853 612 887 674 sd
900 636 941 673 κε-

162 731 175 757 s
189 702 318 777 λευόμενα
328 699 430 767 ἑκόντες
440 699 611 779 ,πολεμήσειν
622 703 710 770 αὐτοῖς
725 700 914 761 ἀπειλούντων·
925 726 938 753 ν

121 820 134 856 5
162 788 293 869 ἀφόρητον
310 786 474 867 ἡγησάμενοι
490 787 539 862 τλν
559 790 700 850 αὐθάδειαν
719 792 767 859 τῆς
784 789 900 858 πόλεως,
916 789 939 846 οἱ

162 879 291 939 Σαυνῖται
311 876 370 946 τοὺς
393 875 441 955 μίν
460 875 587 955 πρίσόεες
609 879 748 939 ίκέλευσαν
772 875 938 938 ἀπαλλάττε-

163 972 223 1025 σθαι
237 971 414 1047 παραχρῆμα
429 966 504 1025 αὐτοὶ
519 963 547 1024 δέ
560 965 594 1023 cd
607 966 672 1045 πρός
685 964 730 1024 τδν
744 965 859 1042 πόλεμον
874 967 940 1046 luitq-

163 1051 272 1131 φίσαντυ
297 1059 372 1135 κοινῇ
394 1077 424 1115 τε
451 1053 497 1114 καί
524 1053 594 1114 κατὰ
619 1053 708 1122 πόλεις
732 1053 939 1135 εὐτρεπίζεσθαι.

166 1141 263 1206 Ursule.

111 1254 136 1294 to
205 1235 258 1294 ΙΙΙ.
279 1235 345 1310 (lb,
372 1228 471 1311 lt)‘lt
488 1229 537 1308 μέν
553 1226 702 1309 δῆφανιρά
720 1233 766 1288 τοῦ
784 1229 940 1289 Σαυνιτικοῦ

162 1320 280 1398 πολέμου
301 1318 429 1399 πρόφασις
441 1318 487 1377 καὶ
501 1315 566 1396 πρθς
582 1314 701 1382 ἅπαντας
720 1315 851 1393 εὐπρεπὴς
867 1315 942 1390 λέγε-

163 1415 224 1468 σθαι
238 1413 256 1479 ἡ
269 1409 411 1469 Λευκανῶν
425 1404 527 1484 έγένετο
543 1404 648 1475 θοήθεεα
661 1408 713 1462 τῶν
736 1403 939 1484 καταφυγόντων

164 1498 205 1556 ἀπ’
223 1495 330 1561 αὐτούς·
351 1496 386 1561 ὡς
400 1492 485 1552 κοινὸν
510 1491 543 1564 δή
563 1515 588 1552 τι
604 1498 681 1552 τοῦτο
707 1491 753 1550 καί
778 1493 889 1572 πάτριον
911 1490 939 1550 δν

164 1584 218 1650 έθος
232 1589 265 1662 τῇ
280 1581 422 1660 Ῥωμαίων
434 1581 522 1655 πόλει,
536 1582 590 1648 τοῖς
601 1582 778 1659 ἀδικουμένοις
794 1578 840 1639 καὶ
855 1604 939 1641 κατα-

112 1695 137 1734 ιο
164 1674 301 1751 φεύγουσιν
322 1673 365 1730 ἀπ’
385 1671 465 1741 αὐτὴν
482 1675 595 1750 βοηθεῖν·
612 1673 628 1741 ἡ
645 1668 673 1728 δέ
688 1668 789 1750 ἀφανὴς
812 1668 858 1729 καί
872 1672 941 1748 μάλ-

163 1759 209 1819 λον
224 1758 317 1825 αὐτοὺς
342 1758 525 1836 ἀναγκάζουσα
550 1755 702 1816 διαλύεσθαι
726 1758 774 1830 τὴν
789 1758 898 1838 φιλίαν,
923 1762 939 1830 ἡ

164 1851 216 1907 τῶν
230 1849 366 1909 Σαυνιτῶν
384 1845 460 1926 ίσχθς
473 1846 560 1919 πολλή
573 1849 597 1907 τ’
617 1845 670 1919 ἤδη
684 1855 820 1924 γεγονυῖα,
841 1845 887 1907 καί
901 1845 940 1908 έτι

164 1935 262 1994 πλείων
275 1932 432 2015 γενήσεσθαι
446 1931 620 2011 νομιζομένη,
636 1937 777 1993 Λευκανῶν
798 1956 826 1992 τε
839 1956 940 2015 χειρω-

164 2023 260 2082 θέντων
272 2024 318 2083 καὶ
333 2023 367 2081 δι’
387 2020 482 2091 αὖτοὺς
497 2026 550 2082 τῶν
568 2022 730 2102 προσοίκων,
753 2023 940 2090 ἀκολουθήσειν

111 2141 139 2182 to
164 2112 258 2187 ἔμελλε
278 2112 312 2171 τά
327 2111 377 2191 (τι)
399 2109 550 2190 βαρόαρικά
569 2110 630 2183 έθνη
644 2110 679 2170 od
693 2115 813 2190 προσεχῆ
828 2109 939 2179 τούτοις.

164 2199 204 2262 Αἵ
216 2224 244 2260 τε
266 2201 298 2272 δὴ
313 2199 423 2261 σπονδαὶ
447 2199 515 2276 μετὰ
534 2199 582 2270 τὴν
599 2198 684 2280 ἄφιξιν
698 2202 750 2258 τῶν
771 2198 940 2279 πρεσόευτῶε

165 2287 238 2356 εὐθὺς
266 2289 402 2365 ἀλίλυντο,
429 2289 475 2347 καὶ
512 2288 634 2368 στρατιαὶ
659 2288 706 2348 δύο
732 2289 938 2370 κατεγράφοντο.

169 2377 287 2453 θἐεείις
305 2379 379 2440 dod.
398 2378 575 2438 Turonensis
591 2376 722 2456 [Τοατελ

206 2466 257 2527 IV.
291 2469 357 2544 (16,
379 2464 432 2545 lb)
455 2461 521 2525 Ὅτι
545 2464 695 2543 Ποστόμιος
716 2467 731 2522 θ
754 2463 873 2536 θπατος,
894 2469 940 2537 τῆς

111 2587 138 2627 2⁶
165 2555 290 2632 διαδοχῆς
311 2555 392 2614 αὐτοῦ
407 2552 567 2634 ἐγγισάσης,
587 2552 656 2630 μέγα
674 2555 775 2633 φρονῶν
791 2554 832 2633 ἀφ’
855 2556 940 2633 ἑαυτῷ

166 2645 211 2713 τῆς
225 2643 249 2700 τ’
264 2641 395 2712 ἀξιώσεως
419 2646 464 2700 τοῦ
481 2640 569 2720 γένους
595 2641 688 2712 ίνεκα,
715 2641 761 2700 καὶ
781 2639 821 2701 ότι
841 2642 940 2710 διτταῖς

165 2732 301 2797 ὑπατείαις
312 2732 364 2804 ἤδη
379 2730 575 2807 κεκοσμημένος
589 2720 633 2802 ἦν.
649 2727 710 2810 Ἐφ’
722 2722 759 2796 οἷς
770 2734 785 2788 θ
795 2731 941 2800 συνύπατος

166 2821 245 2878 αὐτοῦ
268 2816 404 2899 καταρχάς
431 2817 479 2895 μίν
501 2822 536 2886 ὡς
566 2816 777 2893 ἀπελαυνόμενος
802 2821 854 2877 τῶν
876 2819 940 2879 ίσων

163 2908 326 2985 ἠγανάκτει,
347 2906 394 2966 καί
414 2906 543 2974 πολλάκις
563 2906 607 2966 ἐπί
626 2910 674 2978 τῆς
687 2908 782 2985 βουλῆς
800 2905 835 2966 τδι
849 2908 938 2969 δίκαια

111 3029 139 3069 30
164 2996 229 3073 πρὸς
241 2998 317 3056 αὐτὸν
332 2995 431 3074 έλεγεν.
448 2992 581 3075 Ὕστερον
594 2994 621 3054 di
636 2993 762 3072 συγγνοὺς
771 2997 857 3076 ἑαυτῷ
870 2999 940 3058 κατά

165 3107 192 3142 τε
207 3086 341 3162 προγόνων
356 3084 432 3160 ὄγκον
454 3083 499 3142 καὶ
519 3083 601 3163 φίλοιν
615 3084 725 3152 πλῆθος,
743 3082 790 3140 καὶ
810 3082 880 3142 κατθ
893 3085 941 3154 τάς

166 3173 246 3240 ἀλλας
257 3173 379 3249 δυνάμεις
394 3170 519 3231 ἐλάττονα
535 3170 611 3250 ἰσχύν
626 3171 720 3250 ἔχοντι·
732 3171 873 3247 δημοτικὸς
888 3173 939 3254 γθρ

164 3253 196 3334 ἦν
211 3261 256 3320 καὶ
272 3265 323 3320 τῶν
337 3261 429 3320 νεωστί
449 3258 632 3339 παρελθόντων
653 3261 689 3328 είς
703 3263 812 3336 γνῶσιν·
837 3251 886 3330 εἶξε
903 3268 939 3344 τῷ

165 3352 306 3431 συνυπάτῳ
326 3349 371 3408 καὶ
392 3350 565 3429 παρεχώρησε
581 3354 625 3408 τοῦ
641 3352 798 3409 Σαυνιτικοῦ
823 3351 939 3430 πολέμου

111 3469 137 3509 ³5
165 3438 213 3509 τὴν
235 3438 385 3518 ἠγεμονίαν.
443 3440 553 3517 Πρῶτον
582 3437 631 3514 μὲν
656 3437 688 3508 δέ,
714 3443 789 3498 τοῦτο
813 3437 938 3514 διαόολην

164 3527 258 3606 ἤνεγκε
274 3530 310 3605 τῷ
329 3525 473 3605 Ποστομίῳ
498 3525 566 3584 κατὰ
587 3525 687 3599 πολλὴν
710 3527 849 3587 αὐθάδειαν
862 3529 939 3606 φενό-

165 3638 258 3690 μενον·
272 3616 317 3673 καὶ
340 3614 427 3694 ἕτερον
450 3606 521 3681 αὗθις
544 3613 588 3672 tut
609 3614 693 3695 τούτῳ
710 3616 851 3697 βαρύτερον
874 3616 940 3689 ἢὼς

165 3702 233 3761 κατδι
248 3701 390 3779 Ῥωμαίων
403 3702 532 3779 ἡγεμόνα.
561 3701 765 3778 Ἐπιλεξτίμενος
784 3705 835 3785 γὰρ
850 3707 880 3764 εἰι
894 3710 941 3778 τῆς

165 3796 258 3850 ἑαυτοῦ
276 3800 399 3868 στρατιᾶς
413 3791 474 3870 περὶ
493 3790 551 3858 τοὺς
565 3792 708 3872 δισχιλίους
721 3793 815 3870 ἄνδρας
834 3795 870 3861 εἰς
881 3796 939 3864 τοὺς

111 3909 139 3945 (η
165 3878 259 3956 ἀγροὺς
274 3880 425 3956 ἀπήγαγεν,
442 3869 479 3946 οἷς
496 3880 557 3938 ἄνευ
579 3880 685 3958 σιδήρου
707 3880 804 3960 δρυμὸν
820 3883 939 3942 ἐκέλευσε

164 3967 269 4043 κείρειν.
312 3967 363 4026 Καὶ
379 3968 458 4047 μέχρι
472 3969 569 4027 πολλοῦ
582 3969 696 4046 κατέσχε
712 3969 770 4034 τοὺς
795 3969 890 4049 ἀνδρας
911 3973 938 4029 ἐν

164 4058 217 4120 τοῖς
233 4057 331 4133 ἀγροῖς,
349 4060 434 4126 θητῶν
455 4057 519 4133 ἔργα
536 4054 581 4113 καὶ
595 4055 761 4133 θεραπόντων
780 4059 938 4135 ὑπηρετοῦν-

165 4167 222 4208 τας.
239 4178 278 4185 -
295 4149 353 4220 (16)
369 4145 494 4224 Ἰὀσαύτῃ
512 4144 538 4204 δέ
563 4143 688 4224 αὖθαδείφ
706 4142 757 4220 πρὸ
781 4148 827 4215 τῆς
848 4144 935 4212 ἐξόδου

165 4229 350 4308 χρησάμενος,
378 4232 415 4289 ἔτι
434 4231 574 4313 βαρύτερος
597 4233 678 4312 έφάνη
704 4239 756 4297 τοῖς
776 4232 835 4290 κατ’
856 4234 939 4307 αὐτὴν

110 4360 135 4396 45
168 4322 211 4389 τὴν
227 4322 364 4396 στρατείαν
380 4322 581 4395 ἐπιτελεσθεῐσι,
600 4321 646 4380 καί
660 4320 779 4400 παρέσχε
801 4325 834 4379 τῶ
856 4326 937 4403 βουλῇ

163 4408 261 4486 καὶτῷ
286 4407 364 4486 δήμῳ
389 4408 479 4484 μίσους
505 4411 625 4492 ἀφορμδις
654 4410 767 4468 δικαίου.
813 4411 866 4470 Τὸν
888 4413 938 4493 γάρ

163 4498 348 4554 ὑπατεύσαντα
378 4501 415 4575 τῷ
441 4499 551 4578 πρόσθεν
581 4502 693 4578 ἐνιαυτῷ
721 4499 765 4556 καὶ
795 4502 937 4571 νικήσαντα

164 4588 299 4645 Σαυνιτῶν
318 4585 377 4653 τοὺς
393 4588 571 4662 καλουμένους
596 4589 727 4665 Πέντρους
752 4589 871 4661 (buison,
893 4594 939 4662 τῆς

166 4677 259 4750 βουλῆς
274 4674 458 4754 ψηφισαμένης
471 4675 556 4750 μένειν
570 4676 613 4734 ἐπὶ
626 4681 670 4736 τοῦ
686 4677 880 4754 στρατοπέδου,
893 4679 938 4735 καλ

111 4798 136 4834 Μ,
163 4764 209 4830 τὴν
228 4762 376 4821 ἀνθύπατον
392 4762 477 4842 ἀρχὴν
489 4761 583 4843 έχοντα
595 4766 659 4844 πρὸς
673 4765 770 4837 ταύτην
782 4768 829 4835 τὴν
844 4767 937 4845 μερίδα

163 4853 213 4906 τῶν
230 4853 364 4910 Σαυνιτῶν
389 4855 530 4926 πολεμεῖν,
548 4854 696 4932 γράμματα
712 4855 826 4930 πέμπων
848 4858 938 4934 ἐκχω-

165 4945 216 5011 ρεῖν
232 4940 261 4995 έκ
275 4944 322 5010 τῆς
338 4942 491 5007 Σαυνίτιδος
505 4941 658 5012 ἐκέλευσεν,
673 4945 707 5007 ὡς
719 4946 789 5021 αὐτῷ
805 4941 876 5022 μόνῳ
892 4947 938 5013 τῆς

126 5026 128 5029 ’
162 5026 303 5099 ἡγεμονίας
318 5030 512 5104 προσηκούσης.
529 5030 582 5089 Καὶ
592 5030 656 5109 πρὸς
670 5032 729 5097 τοὺς
740 5030 937 5098 ἀποσταλέντας

163 5112 213 5171 ὑπὸ
228 5116 279 5170 τῶν
290 5116 418 5194 συνέδρων
429 5117 560 5197 πρέσύεις,
573 5118 707 5185 ἀξιοῦντας
718 5117 756 5194 μὴ
767 5120 875 5180 κωλύειν
892 5120 937 5179 τὸν

680 301 850 364 olonistt
870 298 1250 367 nstlcnnunssnnsts

995 463 1008 488 ι
1024 445 1098 510 legati
1110 446 1222 498 dicerent
1242 464 1250 496 s
1269 444 1395 498 Samnites
1406 443 1520 496 subditos
1536 457 1564 496 se
1575 443 1638 496 olim
1649 444 1782 498 confessos

995 557 1008 588 ε
1023 545 1098 607 atque
1109 557 1138 594 ea
1150 543 1203 608 lege
1216 542 1274 595 belli
1289 543 1364 595 dnun
1376 541 1530 609 deprecetos,
1543 555 1611 607 opus
1628 555 1689 593 esse
1701 545 1783 596 omnis

995 648 1008 674 α
1024 630 1141 682 mandata
1153 633 1235 683 iecere
1246 644 1344 691 eornm,
1354 629 1400 694 qui
1411 629 1619 694 domidarentur;
1636 629 1680 680 εἰει
1691 632 1781 696 minos,

995 748 1007 772 α
1024 727 1115 781 bellum
1126 743 1182 781 esse
1194 728 1400 794 exspectandum,
1419 748 1431 772 ν
1456 728 1490 791 (3)
1508 726 1698 779 intolerandam
1715 729 1782 781 urbis

995 827 1134 892 snperbiam
1146 827 1202 890 ratl,
1217 827 1341 880 Sumnites
1354 827 1450 892 legatos
1461 824 1554 877 linibus
1566 825 1695 878 excedere
1705 842 1782 893 quan

995 924 1073 976 tocius
1087 925 1225 988 inuuunt,
1243 924 1332 976 deinde
1350 923 1443 976 bellum
1461 922 1543 988 parari
1560 923 1587 974 ct
1604 925 1782 977 communibus

994 1021 1085 1087 oplbue
1094 1025 1121 1074 ct
1131 1022 1158 1073 ln
1171 1021 1273 1086 singulis
1284 1021 1382 1074 Samnii
1397 1020 1502 1073 urbibus
1512 1018 1694 1073 decreverunt.

1029 1236 1246 1301 nuntronio
1265 1235 1341 1300 igitur
1355 1234 1431 1299 buius
1443 1233 1502 1285 belli
1517 1232 1649 1286 Samnitici
1670 1239 1781 1288 musnet

996 1334 1062 1399 apud
1086 1334 1176 1399 rnlgns
1198 1335 1287 1386 decora
1311 1336 1465 1384 Lucanorum
1485 1332 1566 1383 tutela
1585 1331 1727 1385 dicebatur
1749 1333 1780 1385 ab

995 1434 1028 1485 iis
1039 1433 1083 1498 qui
1096 1431 1128 1483 ad
1141 1436 1266 1484 Romanos
1280 1429 1440 1496 confugerant
1453 1448 1460 1479 s
1476 1429 1569 1496 quippe
1582 1431 1729 1483 communis
1741 1432 1781 1482 bic

997 1530 1022 1578 et
1040 1527 1136 1592 patrius
1152 1540 1209 1578 mos
1230 1527 1324 1578 civitati
1338 1529 1505 1578 Romanorum
1519 1522 1659 1589 ferebatur,
1685 1528 1781 1579 νειειίε

996 1628 1023 1675 et
1031 1624 1186 1689 supplicibus
1196 1624 1342 1691 opitulandi.
1355 1626 1388 1686 (τ)
1399 1627 1494 1676 Verum
1504 1624 1603 1674 οοουΙιιι
1614 1639 1703 1686 causa,
1715 1639 1779 1690 qna>

995 1731 1044 1782 qus
1055 1716 1134 1781 magis
1145 1731 1188 1769 eos
1203 1717 1347 1782 impellebat
1362 1720 1391 1766 nt
1404 1716 1539 1768 amicitiam
1550 1716 1689 1780 solverent,
1707 1720 1777 1770 Sarn-

996 1813 1076 1864 nitum
1087 1813 1195 1876 potentia
1208 1811 1264 1873 luit,
1278 1810 1367 1876 utique
1377 1809 1430 1873 jam
1441 1810 1542 1875 ςτιιιτθίε
1557 1813 1583 1862 et
1595 1812 1778 1865 incrementum

996 1920 1063 1968 τινοιι,
1081 1908 1109 1954 nt
1127 1904 1266 1968 ridebatur,
1282 1907 1424 1969 acceptura.
1443 1905 1477 1968 (³)
1494 1903 1573 1954 Victis
1586 1904 1657 1955 onim
1672 1906 1780 1957 Lucanis

996 2000 1226 2063 consequenterque
1236 1997 1292 2048 allis
1301 1996 1421 2058 linitimis,
1432 1995 1552 2049 barbaros
1562 2011 1663 2064 qnoque
1674 2001 1782 2066 populos

996 2091 1027 2140 iis
1044 2091 1172 2156 proximos
1193 2089 1219 2140 in
1238 2089 1378 2141 Samnitum
1402 2092 1551 2155 poscentem
1570 2092 1658 2144 uenire
1678 2107 1781 2145 neccsse

995 2185 1059 2233 erat.
1091 2181 1183 2233 Foedns
1195 2179 1271 2246 igitm
1289 2185 1346 2246 post
1357 2181 1496 2246 legatorum
1510 2181 1617 2234 reditum
1633 2184 1724 2235 statim
1735 2199 1781 2237 re-

996 2275 1102 2327 scissum
1115 2277 1163 2335 est,
1175 2276 1200 2325 et
1211 2273 1262 2325 dno
1273 2271 1400 2325 exercitus
1415 2273 1557 2339 conscripti.

1027 2491 1070 2541 lv.
1091 2490 1125 2553 (ι)
1146 2490 1237 2541 consul
1258 2493 1342 2540 autem
1357 2487 1509 2551 Postumius,
1526 2490 1626 2554 recepte
1640 2489 1721 2554 patris
1739 2491 1782 2540 sui

995 2587 1147 2648 haereditate,
1162 2587 1255 2652 ingenti
1275 2587 1340 2637 lusto
1355 2586 1477 2646 tumebat,
1494 2589 1551 2641 tum
1570 2587 1604 2638 ob
1621 2586 1781 2653 splendorem

994 2687 1103 2750 generis,
1120 2690 1175 2736 turn
1186 2686 1218 2737 ob
1234 2684 1359 2751 gemlnum
1374 2684 1548 2746 consulatum,
1562 2698 1640 2751 quem
1657 2693 1781 2751 gemeret.

995 2788 1078 2842 Quare
1086 2783 1178 2847 collega
1187 2784 1248 2848 eius,
1259 2797 1338 2847 quum
1350 2785 1441 2847 praeter
1449 2784 1490 2847 jus
1499 2795 1574 2833 sunm
1584 2781 1783 2848 deprimeretur,

993 2882 1064 2933 initio
1082 2881 1182 2948 quidem
1202 2895 1267 2946 usgre
1289 2881 1393 2944 serebat,
1411 2895 1442 2931 ac
1461 2894 1527 2946 saepe
1546 2881 1572 2930 in
1590 2886 1682 2932 senatu
1701 2882 1735 2933 de
1751 2898 1782 2935 eo

994 2978 1161 3042 querebatur.
1186 2979 1219 3041 (2)
1242 2977 1352 3029 Tandem
1369 2990 1430 3028 τετυ
1454 2990 1534 3043 quum
1555 2990 1584 3029 se
1603 2978 1739 3031 nobilitate
1756 2985 1783 3031 et

994 3077 1132 3127 amicornm
1155 3075 1245 3140 opibus
1270 3077 1296 3127 et
1320 3075 1406 3150 gratiss¹
1428 3073 1570 3126 interiorem
1593 3089 1650 3127 esse
1674 3081 1781 3131 sentiret

999 3176 1099 3239 (quippe
1107 3173 1218 3238 plebeius
1225 3177 1250 3224 et
1259 3187 1339 3224 nonus
1350 3171 1425 3223 homo
1436 3174 1539 3237 publicu
1545 3172 1658 3238 opinioni
1667 3182 1779 3242 gnotus).

997 3273 1095 3338 collegis
1111 3286 1138 3323 sc
1152 3272 1276 3331 submisit,
1294 3272 1367 3335 eique
1387 3271 1446 3323 belli
1465 3272 1592 3323 Samnitici
1609 3274 1780 3328 directionem

1000 3371 1132 3422 concessit.
1141 3375 1173 3433 (3)
1182 3375 1215 3420 Ea
1224 3384 1263 3421 res
1270 3370 1376 3434 primum
1384 3369 1502 3420 insidiam
1512 3371 1627 3423 condant
1638 3376 1779 3434 Postumio,

994 3479 1023 3526 ut
1033 3473 1128 3525 bomini
1139 3473 1211 3523 raldo
1223 3474 1347 3537 arroganti
1363 3486 1392 3523 ac
1405 3473 1520 3537 superbo.
1534 3474 1606 3525 Aliud
1620 3476 1712 3528 deinde
1727 3494 1780 3544 gra-

997 3574 1053 3624 vius
1067 3588 1143 3638 qnam
1159 3587 1203 3638 pro
1217 3572 1301 3637 populi
1315 3572 1418 3623 nonani
1429 3572 1552 3624 directore
1566 3575 1667 3637 adiecit..
1683 3579 1719 3642 (d)
1733 3581 1780 3630 Se-

995 3671 1074 3722 lectos
1087 3671 1152 3720 enirn
1164 3683 1195 3719 ετ
1208 3669 1343 3731 legionibus
1355 3669 1407 3719 suis
1417 3669 1457 3719 bls
1470 3669 1538 3721 mille
1549 3671 1654 3736 iuvenes
1666 3673 1691 3723 in
1703 3690 1780 3740 agros

995 3780 1054 3817 suos
1070 3766 1201 3830 ablegavit,
1219 3769 1244 3815 et
1262 3766 1314 3816 sine
1333 3767 1397 3816 lerro
1417 3765 1509 3816 saltum
1525 3768 1669 3820 exscindere
1684 3771 1779 3837 iussin

996 3871 1021 3915 et
1037 3864 1111 3929 longo
1129 3868 1240 3928 tempore
1264 3864 1394 3915 servilibus
1406 3864 1519 3917 addictos
1535 3868 1652 3930 operibns
1668 3870 1696 3920 ln
1711 3876 1782 3938 agris

994 3962 1108 4013 detinuit.
1128 3962 1163 4026 (5)
1180 3966 1258 4012 Tanta
1280 3962 1562 4026 summouendum,
1580 3966 1726 4030 priusquam
1744 3972 1779 4021 nd

994 4058 1088 4109 bellurn
1101 4057 1251 4123 procederet.
1264 4057 1417 4122 gravioribus
1427 4059 1504 4109 etlam
1518 4061 1589 4111 lactis
1601 4063 1626 4113 in
1637 4078 1668 4114 eo
1680 4068 1777 4119 condu-

994 4156 1074 4207 cendo
1084 4155 1192 4207 odiosior
1204 4155 1286 4214 visus,
1305 4169 1441 4219 magnaque
1459 4159 1513 4207 tum
1526 4159 1622 4210 senatui
1635 4164 1689 4212 tum
1706 4164 1775 4226 plebi

996 4256 1053 4305 oilla
1064 4255 1153 4305 merito
1166 4252 1317 4317 provocant.
1335 4253 1369 4316 (6)
1385 4255 1468 4309 Quum
1485 4254 1551 4304 enim
1570 4259 1668 4305 senatus
1681 4256 1774 4309 decre-

993 4353 1072 4403 uisset
1091 4352 1203 4407 Fabium,
1219 4349 1260 4411 qui
1280 4348 1366 4398 consul
1382 4349 1504 4400 anteriore
1518 4366 1583 4400 anno
1597 4352 1684 4411 luerat,
1700 4354 1773 4407 vice-

998 4458 1086 4517 ratque
1103 4450 1226 4500 Samnites
1244 4448 1322 4497 dictos
1341 4449 1453 4507 Pentros,
1472 4449 1496 4497 in
1514 4448 1599 4498 castris
1615 4462 1774 4511 permanere,

994 4551 1097 4599 alterins
1110 4553 1194 4598 antem
1210 4546 1347 4597 exercitum
1362 4545 1478 4604 consulis,
1496 4547 1539 4610 qni
1552 4545 1701 4597 Samnitibus
1719 4560 1777 4604 crat

994 4645 1161 4710 propinquior,
1174 4643 1309 4694 contrahos
1319 4641 1441 4705 progredi,
1454 4641 1691 4692 Postumiuslllteris
1700 4658 1776 4697 mnn-

994 4745 1062 4794 daslt
1073 4744 1155 4807 copias
1167 4746 1289 4792 Romanas
1301 4745 1325 4790 ot
1335 4741 1402 4790 hunc
1414 4755 1428 4790 n
1439 4741 1579 4790 Samnitum
1592 4741 1683 4792 finibus
1694 4749 1775 4795 retro·

994 4843 1089 4899 cedere,
1101 4842 1224 4905 quoslipsi
1232 4842 1276 4891 soll
1288 4840 1429 4904 imperatori
1437 4840 1588 4891 obedituras.
1598 4843 1777 4909 (7)Quurnquc

995 4938 1027 4986 ad
1039 4951 1093 4986 eum
1104 4936 1253 4986 vonissenln
1268 4940 1354 4986 senatu
1365 4935 1434 4985 missi
1446 4935 1527 4999 legati,
1538 4939 1581 5000 qui
1595 4938 1776 4990 arbitrarentur

995 5033 1145 5083 nullomodo
1155 5033 1272 5096 collegam
1282 5035 1335 5097 ojus
1345 5047 1359 5081 a
1370 5031 1457 5082 castris
1467 5034 1588 5083 removeri
1600 5048 1680 5097 posse,
1691 5050 1776 5101 neque

993 5133 1098 5183 evadere
1109 5132 1225 5185 mandata
1239 5133 1261 5184 ol
1275 5132 1419 5193 commissa,
1435 5133 1569 5198 superbum
1579 5149 1608 5185 ac
1619 5136 1776 5197 tyrannicum
