3772 5828
629 383 921 458 contumulavit
943 383 1089 445 ROMAN.
1112 385 1186 445 LlB.
1211 387 1259 447 lV.

130 519 241 604 ἀρχαίας
256 524 440 592 κατασκευῆς,
457 517 597 599 βουληθείη
613 527 716 599 μετρεῖν
734 517 817 589 αιἰτλν
836 519 906 578 card

129 612 171 670 τὸν
202 610 324 682 Ἀθηνῶν
350 610 459 680 κύκλον,
476 609 520 668 τὸν
547 607 705 687 περιέχοντα
727 607 757 666 τὸ
779 607 855 679 ἀστυ,
876 609 906 665 οθ

131 701 218 779 πολλῷ
240 722 291 757 τινι
319 698 414 774 μείζων
441 701 455 755 δ
478 701 526 769 τῆς
538 696 647 773 Ῥώμης
663 698 695 756 ἀν
722 699 793 777 αύτῷ
812 694 905 776 φανείη

127 789 230 853 κύκλος.
275 786 427 865 Ἀλλ’ίιπέρ
443 784 491 864 μίν
507 791 553 846 τοῦ
573 785 695 863 μεγέθους
719 808 747 843 τε
770 784 816 844 καί
837 784 905 842 κάλ-

87 885 101 923 ⁵
128 880 186 942 λους
200 876 375 951 τῆςπύλεως,
401 879 436 941 ύις
454 873 524 933 κατὰ
539 875 587 945 τὴν
602 873 668 950 ἐμὴν
693 862 765 953 εἶχεν
781 871 905 945 ἡλικίαν,

128 969 213 1043 ἕτερος
227 962 347 1044 έστιιιτῇ
362 966 483 1040 διηγήσει
498 963 590 1044 καιρδς
606 964 825 1041 ἐπιτηδειότερος.

169 1051 245 1114 xlv,
269 1051 302 1113 ‘0
328 1053 355 1111 δέ
381 1054 515 1126 Τύλλιος,
531 1053 622 1124 ἐπειδὴ
642 1052 702 1117 τοὺς
718 1051 785 1109 teti
808 1050 906 1132 λόφους

130 1142 167 1201 ένί
182 1141 262 1221 τείχει
271 1141 439 1220 περιέλαύεν,
452 1145 488 1210 είς
500 1141 628 1221 τέτταρας
643 1141 734 1219 μοίρας
753 1140 846 1199 διελὼν
860 1138 908 1211 τὴν

130 1231 214 1304 πόλιν,
227 1233 272 1289 καί
291 1230 395 1306 θέμενος
411 1231 455 1289 ίπί
473 1232 525 1288 τῶν
548 1229 635 1311 λόφων
659 1231 716 1296 ταῖς
739 1229 843 1308 μοίραις
862 1227 909 1295 τάς

78 1333 104 1374 ιο
130 1321 344 1401 ίπικλήσεις,τῇ
367 1318 414 1396 μέν
434 1319 604 1396 Παλατίνην,
627 1319 706 1397 τῇδέ
731 1317 906 1398 Σούωράνην,

129 1414 162 1490 τῇ
187 1409 215 1468 δὲ
241 1414 316 1489 τρίτῃ
343 1408 484 1482 Κολλίνην,
509 1414 542 1490 τῇ
564 1408 591 1466 δέ
614 1408 727 1487 τετάρτῃ
746 1412 798 1466 τῶν
811 1411 909 1488 μοιρῶν

131 1498 309 1572 Ἐσκυλίνην,
323 1499 484 1580 τετράφυλον
500 1497 608 1568 έποίησε
619 1498 667 1568 τὴν
682 1499 758 1555 πόλιν
773 1486 910 1573 εἶναιτρί-

131 1591 210 1666 φυλον
225 1580 305 1648 οάσαν
324 1589 400 1664 τέως,
416 1589 461 1647 καὶ
473 1587 531 1654 τοὺς
548 1587 698 1665 ἀνθρώπους
710 1584 798 1663 ἔταξε,
813 1585 910 1653 cebete

132 1677 231 1756 ίκάστῃ
243 1677 323 1758 μοίραΙ
337 1681 389 1735 τῶν
404 1677 535 1757 τεττάρων
548 1680 695 1747 οἰκοῦντας,
708 1673 798 1755 ὥσπερ
812 1677 911 1753 κωμη-

81 1785 104 1822 ιο
132 1789 179 1832 τας
197 1765 266 1839 μήτε
279 1767 491 1843 μεταλαμόάνειν
507 1765 598 1845 έτίραν
612 1764 726 1838 οίκησιν,
737 1765 799 1841 μήτ’
815 1763 912 1825 ἄλλοσέ

133 1878 177 1914 ποι
193 1859 342 1927 συντελεῖν,
368 1855 414 1925 τάς
435 1879 464 1915 τε
478 1853 650 1935 καταγραφὰς
668 1857 721 1912 τῶν
744 1856 912 1936 στρατιωτῶν

135 1944 180 2001 καὶ
196 1943 242 2009 rb<
256 1943 405 2023 εἰσπράξεις
428 1946 480 2003 τῶν
501 1942 657 2025 χρημάτων,
671 1941 717 2008 τδς
728 1940 866 2018 γινομένας
876 1945 913 2006 εἰς

135 2030 169 2089 τδι
193 2034 367 2108 στρατιωτικὰ
390 2033 434 2092 καὶ
456 2032 503 2098 τάς
519 2034 600 2099 άλλας
623 2031 724 2110 χρείας,
746 2030 778 2097 ἃς
801 2029 912 2089 έκαστον

135 2120 187 2179 ἔδει
204 2125 242 2201 τῷ
252 2126 330 2203 κοινῷ
341 2123 485 2205 παρέχειν,
503 2121 592 2180 οὐκέτι
602 2118 671 2181 κατὰ
683 2119 730 2186 τάς
746 2129 814 2199 τρεῖς
830 2118 914 2200 φυλάς

81 2230 108 2267 ευ
135 2210 180 2276 τάς
190 2211 310 2288 γενικδις,
327 2215 362 2278 ύις
376 2213 525 2291 πρότερον,
550 2210 619 2270 ἀλλδι
632 2207 701 2269 κατὰ
722 2206 768 2272 τάς
782 2207 913 2286 τέτταρας

133 2297 180 2365 τδις
196 2301 315 2376 τοπικάις,
331 2299 378 2367 τάς
399 2301 440 2380 ὑφ’
457 2302 551 2357 ἑαυτοῦ
567 2295 763 2376 διαταχθείσας,
779 2298 912 2369 ἐποιεῖτο,

134 2388 265 2464 ἡγεμόνας
292 2392 332 2469 tq’
347 2388 461 2460 ἑκάστης
477 2385 616 2455 ἀποδείξας
641 2384 800 2463 συμμορίας,
824 2383 914 2465 ὥσπερ

96 2477 104 2533 ί
136 2476 284 2555 φυλάρχους
298 2475 315 2547 ἢ
331 2475 489 2555 κωμάρχας.
502 2467 540 2540 οἷς
554 2473 713 2552 προσέταξεν
726 2471 822 2530 εἰδέναι
836 2473 913 2532 ποίαν

136 2563 220 2619 οίκίαν
236 2563 348 2629 ἕκαστος
356 2567 432 2622 οἰκεῖ.
475 2561 590 2622 'tinam
601 2561 670 2621 κατδι
683 2561 783 2629 πάντας
796 2562 902 2623 ίκέλευσ

82 2668 108 2706 κο
138 2652 199 2715 τοὺς
220 2649 369 2717 στενωπούς
385 2648 473 2732 [ἱερὰ]
487 2652 767 2729 ἐγκατασκευασθῆναι
786 2652 914 2720 καλιάδας

137 2734 188 2794 ὑπὸ
220 2740 272 2795 τῶν
297 2741 419 2819 γειτόνων
443 2738 529 2818 ἥρωσι
558 2737 733 2820 προνωπίοις,
759 2736 806 2796 καὶ
826 2740 914 2807 θυσίας

136 2826 224 2893 αὐτοῖς
238 2826 426 2903 ἐνομοθέτησεν
437 2830 614 2887 ἐπιτελεῖσθαι
628 2829 687 2885 καθ’
702 2825 813 2888 ἕκαστον
828 2830 913 2888 ίνιαυ·

138 2916 188 2984 τὸν,
195 2913 324 2981 πελάνους
332 2915 499 2997 εἰσφερούσης
509 2915 622 2989 ἑκάστης
633 2913 726 2983 οἰκίας.
770 2918 833 2983 Τοῖς
841 2915 869 2976 δί
879 2918 913 2977 τδι

134 3005 256 3082 περὶτῶν
267 3004 392 3082 γειτόνων
407 3005 464 3083 ἱερδι
475 3007 640 3064 συντελοῦσιν
651 3006 679 3063 ἐν
693 3004 914 3083 τοῖς“προνωπίοις

82 3107 108 3148 to
134 3096 162 3150 οὐ
174 3091 232 3161 τοὺς
247 3094 410 3172 ἐλευθέρους,
427 3091 497 3151 ἀλλὰ
511 3093 570 3161 τοὺς
584 3094 689 3159 δούλους
701 3091 775 3161 ίταξε
788 3097 914 3172 παρεῖναί

135 3202 164 3238 τε
186 3180 230 3238 καί
251 3188 458 3259 συνιερουργεῖν,
475 3184 510 3247 ὡς
532 3182 728 3262 κεχαρισμένης
752 3188 806 3247 τοῖς
827 3180 913 3260 ἥρωσι

134 3271 181 3339 τῆς
192 3272 244 3327 τῶν
254 3269 419 3347 θεραπόντων
433 3271 595 3349 ὑπηρεσίας·
609 3269 642 3341 ἣν
657 3270 696 3328 ἔτι
710 3268 755 3328 καί
769 3273 829 3329 καθ’
842 3274 913 3348 ἡμᾶς

135 3357 225 3437 ἑορτὴν
252 3356 369 3437 ἄγοντες,
386 3358 519 3434 Ῥωμαῖοι
532 3358 663 3418 διετέλουν
682 3361 783 3434 ὀλίγαις
804 3357 912 3438 ίίστερον

134 3447 245 3524 ἡμέραις
258 3449 310 3505 τῶν
326 3447 456 3524 Κρονίων,
471 3446 569 3524 σεμνὴν
585 3452 610 3507 iu
625 3449 679 3516 τοῖς
692 3448 762 3506 πάνυ
774 3447 911 3506 καίπολυ·

81 3550 107 3590 ειο
136 3535 211 3604 τελῆ,
236 3535 405 3610 Κομπιτάλια
426 3533 663 3615 προσαγορεύοντες
689 3535 773 3606 αὐτὴν
794 3536 837 3595 ίπὶ
861 3540 913 3595 τῶν

138 3625 292 3680 στενωπῶν·
315 3624 458 3701 κομπίτους
473 3623 524 3702 γδρ
539 3624 600 3692 τοὺς
616 3624 764 3692 στενωπούς
786 3627 912 3685 καλοῦσι·

137 3709 183 3768 καί
205 3709 360 3789 φυλάττουσι
382 3713 426 3772 τὸν
452 3719 561 3794 ἀρχαῖον
585 3715 684 3791 κόσμον
702 3713 815 3773 ἐπὶτῶν
836 3716 912 3795 ἱερῶν

136 3795 180 3855 did
203 3801 254 3855 τῶν
277 3800 440 3877 θεραπόντων
466 3802 526 3870 τοὺς
551 3801 640 3882 ἥρωας
658 3801 841 3878 ἱλασκόμενοι,
866 3806 912 3863 καί

136 3885 208 3944 ἅπαν
222 3885 252 3945 :b
272 3887 361 3948 δοῦλον
375 3894 549 3971 ἀφαιροῦντες
570 3893 656 3950 αὐτῶν
670 3891 697 3948 έν
723 3898 780 3958 ταῖς
799 3888 911 3970 ἡμέραις

80 3995 106 4037 ευ
134 3973 257 4048 ἐκείναις,
271 3973 359 4056 ίνατῇ
384 3978 568 4062 φιλανθρωπίαΙ
595 3977 678 4059 ταύτῃ
699 3978 912 4055 τιθασσευόμενοι

136 4064 206 4141 μέγα
220 4088 245 4123 τι
255 4065 300 4124 καλ
313 4067 407 4142 σεμνὸν
425 4069 521 4148 ἐχούσῃ
532 4068 697 4151 χαριέστεροι
707 4067 830 4148 γίνωνται
850 4071 911 4149 περί

132 4150 193 4218 τοιλς
204 4153 344 4227 δεσπότας,
360 4156 405 4215 καί
419 4156 577 4238 τάλυπηρδι
604 4162 651 4229 τῆς
671 4157 752 4237 τύχης
768 4148 847 4229 ἦττον
863 4160 912 4237 βα-

134 4240 272 4322 ρύνωνται.

172 4332 235 4392 XV.
256 4334 343 4394 Διεῖλε
367 4334 395 4393 δὲ
418 4335 463 4395 καί
489 4335 537 4409 τὴν
557 4335 648 4416 χώραν
674 4335 796 4413 άπασαν,
812 4337 848 4403 ὡς
862 4335 910 4413 μέν

79 4432 107 4472 ⁴⁵
133 4415 237 4485 «bridric
259 4441 350 4500 φησιν,
375 4421 413 4486 είς
432 4420 526 4503 μοίρας
545 4421 614 4489 έξτε
629 4421 675 4480 καί
688 4420 804 4497 είκοσιν,
821 4419 852 4488 de
865 4422 911 4480 καί

134 4507 214 4574 αθτάς
225 4509 303 4565 καλεῖ
313 4507 409 4586 φυλάς,
421 4510 466 4568 καί
476 4510 522 4578 τάς
534 4510 644 4577 ἀστικδις
657 4509 806 4590 προστιθείς
820 4514 912 4579 αύταῑς

132 4593 273 4675 τέτταρας,
287 4596 428 4677 τριάκοντα
449 4600 531 4677 φυλάς
554 4598 708 4680 ἀμφοτέρων
730 4599 774 4658 ίπί
794 4599 910 4661 Τυλλίου

132 4682 180 4750 τίς
201 4683 289 4750 πάσας
303 4687 424 4764 γενέσθαι
437 4687 516 4763 λέγει·
532 4690 567 4756 ὡς
586 4689 612 4748 δέ
626 4686 787 4755 Οὐεννώνιος
801 4689 910 4770 ίστόρη·

133 4795 191 4843 κεν,
205 4773 241 4839 εἰς
259 4776 322 4848 μίαν
341 4796 371 4832 τε
388 4775 433 4833 καί
446 4777 602 4853 τριάκοντα,
617 4775 686 4835 ὥστε
704 4775 751 4836 σὺν
764 4780 822 4846 ταῖς
842 4781 910 4838 κατά

79 4878 108 4916 ab
132 4858 181 4931 τὴν
197 4861 274 4919 πολιν
288 4860 376 4929 οὔσαις
388 4866 607 4943 ἐκπεπληρῶσθαι
622 4864 669 4934 τίς
678 4864 717 4925 έτι
732 4866 778 4926 καί
790 4869 826 4935 είς
840 4872 911 4943 ἡμᾶς

133 4947 299 5027 ὑπαρχούσας
310 4949 450 5029 τριάκοντα
459 4951 504 5009 καί
516 4951 592 5010 πέντε
602 4955 697 5032 φυλάς·
712 4953 808 5014 Κάτων
822 4953 910 5028 μέντοι

133 5032 231 5092 τούτοιν
256 5033 463 5117 ἀξιοπιστότερος
480 5034 535 5113 ῶν,
560 5041 610 5119 οὐχ
634 5040 713 5119 ὁρίζει
735 5043 787 5097 τῶν
811 5043 909 5117 μοιρῶν

133 5121 178 5181 τὸν
188 5123 309 5203 ἀριθμόν.
353 5125 452 5185 Διελὼν
462 5126 485 5184 δ’
500 5118 544 5184 οάν
558 5132 572 5185 ὁ
585 5127 698 5192 Τύλλιος
707 5131 742 5193 εἷς
751 5123 854 5193 δικάσαςΔ
863 5128 909 5198 δή·

1682 394 1741 456 903

963 530 1080 588 serrant,
1095 527 1202 579 voluerit
1217 529 1295 593 ipsam
1307 529 1390 580 metiri
1406 532 1501 580 etcum
1519 499 1671 584 Athenarum
1685 548 1739 585 aru·

961 665 1016 716 bitu
1025 667 1145 729 conterre,
1161 670 1229 718 certe
1239 682 1287 717 nou
1302 669 1379 718 multo
1392 672 1477 719 Romae
1489 669 1598 719 ambitus
1608 672 1686 722 maior
1698 687 1740 738 ap·

962 802 1066 867 parebit.
1087 803 1136 854 Sed
1160 804 1191 853 dc
1209 805 1378 866 magnitudine
1397 809 1423 856 et
1447 806 1633 870 pulchritudine
1657 810 1742 876 urbis,

962 952 1019 1004 qua
1028 939 1128 1003 quidem
1140 954 1195 990 mea
1205 944 1279 992 oelate
1288 947 1354 1003 erat,
1368 943 1416 993 alio
1428 944 1483 994 loco
1496 945 1652 996 commodius
1661 961 1742 1012 agam.

993 1082 1059 1131 xlv.
1079 1082 1196 1132 Ceterum
1213 1083 1317 1144 Tullius,
1338 1088 1467 1149 postquam
1489 1091 1582 1151 septem
1602 1088 1678 1138 colles
1694 1104 1744 1139 uno

962 1190 1238 1253 acroceraunios-est,
1251 1192 1275 1240 iu
1285 1196 1392 1255 quatuor
1400 1194 1511 1255 regiones
1521 1195 1607 1246 urbem
1616 1196 1710 1261 diuisit,
1719 1199 1745 1249 et

963 1296 996 1346 ab
1019 1297 1078 1361 ipsis
1101 1296 1209 1347 collibus
1232 1311 1432 1362 unamquamque
1456 1302 1592 1352 nominarit
1615 1305 1744 1370 :primam

963 1402 1117 1464 Palatinam,
1137 1403 1270 1455 oecuudam
1282 1406 1437 1457 Suburanam
1447 1446 1453 1467 ,
1467 1411 1565 1460 tertiam
1580 1413 1743 1476 Collatinum,

964 1510 1077 1570 quartam
1087 1510 1239 1574 Esquilinam
1253 1512 1405 1578 :effecitque
1421 1519 1449 1566 ut
1463 1516 1523 1568 urbs
1537 1524 1645 1581 quatuor
1663 1521 1744 1572 tribus

965 1615 1225 1681 Μεσοποταμία
1245 1635 1325 1684 usque
1341 1624 1440 1688 tempus
1459 1628 1512 1675 tres
1538 1629 1635 1678 tantuma
1652 1628 1745 1682 habue—
1815 1626 1819 1635 '

964 1727 1020 1774 rai:
1036 1724 1207 1785 etiussiteos,
1219 1726 1297 1788 quiin
1310 1741 1455 1794 unaquaque
1473 1731 1571 1782 illarum
1586 1738 1691 1797 quatuor
1704 1749 1744 1787 re·

965 1835 1067 1895 gionum
1088 1835 1229 1885 habitarent
1246 1839 1371 1900 tamquam
1385 1840 1489 1901 pagani,
1506 1854 1586 1904 neque
1603 1843 1654 1893 alio
1673 1844 1745 1895 sedes

965 1943 1107 2003 transferre,
1127 1956 1205 2007 neque
1219 1943 1277 1995 alibl
1291 1944 1385 1994 tributa
1399 1946 1520 2008 conferre,
1536 1951 1561 1996 et
1577 1948 1684 2000 militum
1697 1949 1743 2003 de·
1787 2000 1791 2023 γ

965 2049 1044 2099 lectus
1061 2050 1087 2098 et
1103 2048 1251 2098 tributorum
1271 2048 1295 2098 iu
1317 2063 1378 2099 usus
1399 2049 1499 2100 bellicos
1517 2050 1659 2116 descriptio,
1677 2059 1702 2108 et
1722 2059 1745 2108 si

964 2169 1021 2218 quae
1040 2155 1087 2205 alia
1103 2155 1137 2205 rei
1158 2154 1263 2220 publicae
1277 2159 1396 2220 praestare
1415 2148 1517 2208 munera
1533 2164 1674 2226 oporteret,
1695 2178 1745 2216 non

964 2276 995 2313 en
1008 2261 1058 2311 illis
1075 2262 1154 2313 tribus
1168 2262 1298 2324 gentiliciia
1311 2261 1436 2321 tribubus.
1449 2268 1477 2313 ut
1490 2269 1570 2326 autea,
1588 2268 1633 2318 scd
1651 2283 1683 2321 ex
1705 2270 1745 2322 bis

964 2371 1070 2432 quatuor
1084 2368 1220 2417 seeundum
1230 2366 1343 2431 regiones
1352 2380 1368 2417 a
1378 2381 1407 2418 se
1419 2367 1533 2432 digestis,
1544 2372 1682 2438 ordinabat,
1694 2376 1746 2426 utri·
1808 2434 1811 2443 ¹
1871 2438 1875 2445 .

964 2475 1055 2538 cuique
1075 2475 1169 2537 regioni
1189 2473 1295 2524 ducibus
1315 2475 1469 2538 prepositis,
1492 2481 1609 2542 tauquam
1635 2462 1745 2534 tribuam

964 2579 1004 2629 uel
1013 2592 1133 2643 pagorum
1142 2577 1280 2639 magistris,
1291 2576 1383 2641 quibus
1395 2579 1523 2631 mandavit
1535 2585 1563 2632 ut
1575 2583 1666 2634 scirent
1677 2586 1745 2648 quod
1794 2554 1802 2661 ί
1819 2578 1827 2635 ί

965 2685 1034 2733 esset
1062 2681 1256 2744 uniuscuiusque
1283 2681 1460 2732 domicilium:
1487 2685 1575 2736 deinde
1598 2689 1744 2750 peremnia
1791 2680 1798 2781 γ

964 2789 1072 2854 compita
1095 2788 1167 2838 iussit
1194 2800 1207 2835 a
1229 2785 1316 2835 vicinis
1340 2786 1433 2837 laribus
1455 2790 1567 2853 propitiis
1591 2791 1680 2841 sacella
1703 2806 1744 2842 ex.

965 2893 1043 2953 strui,
1056 2894 1082 2943 et
1098 2892 1150 2956 lege
1169 2891 1258 2942 statuit
1276 2893 1304 2940 ut
1325 2893 1458 2954 quotannis
1483 2892 1601 2942 sacrificia
1622 2892 1673 2944 illia
1698 2894 1745 2945 fie-

965 3002 1035 3059 rent,
1055 2997 1157 3062 siugulis
1173 2997 1272 3047 familiis
1285 2997 1333 3046 liba
1348 2996 1517 3047 offerentibus.
1554 2997 1605 3048 lllis
1621 3011 1690 3061 vero,
1701 2999 1744 3062 qui

964 3114 1010 3166 pro
1037 3098 1125 3149 ricinis
1151 3110 1220 3147 sacra
1240 3097 1350 3146 lacerent
1368 3096 1392 3145 iu
1412 3096 1540 3159 compitis,
1562 3110 1610 3145 nou
1632 3095 1745 3148 homiues

965 3204 1092 3268 urgendos,
1110 3199 1154 3252 sed
1173 3213 1260 3250 servos
1277 3198 1364 3248 adesse
1378 3198 1479 3256 statuit,
1494 3199 1537 3259 qui
1553 3197 1609 3247 illos
1626 3199 1650 3247 iu
1668 3199 1754 3259 sacris,

967 3308 1085 3360 iaciendis
1101 3307 1255 3363 adiuvarent,
1265 3302 1331 3366 qnod
1351 3301 1497 3351 tumulorum
1515 3300 1676 3351 ministerium
1688 3302 1745 3354 lari·

966 3423 1012 3473 bus
1024 3422 1091 3472 esset
1105 3418 1204 3481 graiium.
1242 3416 1314 3464 llunc
1330 3412 1396 3461 diem
1417 3413 1508 3462 iestum
1523 3412 1629 3463 Romani
1642 3413 1674 3463 acl
1690 3427 1745 3465 mea

966 3507 1046 3588 usque
1063 3527 1175 3583 tempora
1194 3516 1363 3574 celebrabant,
1382 3514 1745 3579 paucispostsaturualiudie·

966 3629 1029 3689 bus,
1041 3639 1098 3675 cum
1114 3622 1200 3687 primis
1214 3630 1313 3668 sacrum
1325 3621 1350 3667 et
1364 3619 1549 3680 sumptuosum,
1560 3617 1709 3681 compitalia
1730 3632 1746 3668 a

967 3729 1082 3795 compitis
1095 3739 1151 3778 eum
1164 3726 1282 3773 uocantes
1297 3741 1303 3770 ι
1316 3720 1451 3776 στενωποὺς
1462 3721 1528 3769 cuim
1544 3721 1652 3784 compita
1666 3722 1745 3785 appet-

966 3838 1017 3886 laut
1027 3855 1033 3884 :
1045 3837 1070 3883 et
1080 3832 1178 3882 seruant
1189 3827 1297 3891 priscum
1305 3825 1378 3875 ritum
1390 3824 1415 3874 iu
1425 3824 1512 3885 saeris,
1522 3823 1644 3887 siquidem
1652 3824 1745 3878 laribus

965 3953 1009 4005 per
1020 3950 1105 3988 serres
1113 3933 1254 3998 operantur,
1266 3929 1333 3979 omui
1343 3927 1471 3978 servitulis
1483 3927 1575 3977 indicio
1585 3927 1632 3978 illis
1645 3940 1689 3992 per
1702 3942 1745 3978 ees

965 4043 1019 4095 dies
1032 4041 1147 4104 adempto
1159 4039 1203 4095 ut,
1217 4032 1293 4084 buius
1304 4031 1466 4082 humanitatis
1477 4044 1565 4097 magua
1576 4036 1602 4082 et
1612 4031 1746 4083 lionoritiea

966 4144 1046 4210 specie
1063 4140 1166 4199 deliniti,
1180 4135 1294 4188 dominos
1311 4147 1370 4184 auos
1389 4132 1496 4184 cariores
1517 4133 1627 4186 babeant
1644 4137 1670 4185 et
1693 4136 1744 4183 ior-

966 4251 1034 4299 tunca
1048 4242 1228 4297 inclementiam
1242 4243 1323 4294 lenius
1337 4243 1424 4294 ierant.

998 4375 1050 4422 xt'.
1067 4370 1158 4420 Diuisit
1167 4369 1240 4420 etiam
1255 4371 1335 4420 tetum
1345 4381 1440 4432 agrum,
1452 4369 1479 4417 ut
1489 4368 1578 4418 Fabius
1591 4366 1690 4431 quidem
1701 4364 1745 4426 ait,

965 4492 991 4542 iu
1003 4494 1085 4557 partes
1096 4491 1183 4554 viginti
1195 4504 1246 4548 sex,
1259 4503 1322 4554 quas
1331 4492 1356 4540 et
1370 4489 1436 4554 ipsas
1448 4488 1527 4539 tribus
1541 4488 1655 4552 appellat,
1667 4490 1702 4537 ita
1715 4491 1745 4538 ut

965 4619 1072 4680 quatuor
1081 4612 1180 4663 urbanis
1192 4610 1224 4660 ad
1231 4610 1285 4661 illas
1295 4610 1396 4670 atlttitis,
1405 4610 1503 4673 triginta
1514 4610 1642 4671 utriusque
1651 4607 1745 4671 generis

966 4739 1045 4792 tribus
1058 4753 1072 4789 a
1087 4737 1166 4788 Tullio
1187 4735 1313 4785 institutas
1333 4748 1388 4786 esse
1407 4733 1504 4791 tradat;
1519 4735 1585 4784 sicut
1606 4729 1746 4781 Vennonius

965 4879 1025 4916 vero
1035 4867 1118 4914 narrat
1128 4864 1152 4912 in
1162 4863 1240 4913 tribus
1253 4862 1351 4924 triginta
1364 4863 1390 4912 et
1402 4874 1486 4919 uuam,
1499 4861 1527 4906 ut
1539 4853 1639 4904 urbanis
1651 4851 1744 4904 additia

964 4988 1062 5052 tugiuta
1074 4988 1244 5052 quinquequae
1256 5000 1320 5037 nuuc
1330 4989 1387 5035 suut
1398 4982 1552 5039 efficiantur3
1566 4978 1628 5026 cato
1637 4991 1697 5029 uero
1706 4978 1745 5030 hia

968 5104 1113 5169 locupletior
1127 5104 1197 5155 testis
1211 5104 1321 5154 tribuum
1335 5111 1464 5151 numerum
1481 5109 1529 5145 non
1547 5093 1637 5145 reddit.
1652 5095 1747 5146 Tullius

134 5230 199 5271 ποτε
212 5211 305 5293 μοίρας
319 5212 368 5287 τὴν
382 5218 448 5292 γῆν,
468 5214 537 5275 κατάι
553 5214 612 5284 τοὺς
635 5214 749 5295 ὀρεινοὺς
769 5218 816 5275 καὶ
841 5214 908 5274 πολὺ
957 5225 1207 5290 igitur,diviseagre
1222 5224 1247 5273 iu
1260 5226 1420 5286 quotcunque
1432 5221 1524 5285 partes,
1537 5217 1562 5268 in
1574 5216 1688 5278 collibus,
1702 5207 1746 5277 qui
1820 5226 1824 5231 '
1868 5188 1874 5200 ί
