3772 5828
564 358 858 433 annuntiarunt
880 356 1029 420 ROMAN.
1052 357 1125 416 bia,
1150 356 1203 417 xl.
1453 371 1456 378 '
1637 360 1698 421 669

84 500 167 570 καλδις
178 500 263 560 ἶτισιν
279 496 311 557 δν
326 500 398 575 αὐτῷ
409 494 455 563 τδς
468 495 551 561 δίκας.
565 491 646 555 Μετία
657 497 735 552 τοῦτο
747 490 862 561 ίξουσίας
918 498 1066 549 destitutum
1081 496 1188 557 videret,
1204 493 1351 545 sententiam
1370 498 1476 550 mutare,
1492 498 1519 545 et
1536 496 1567 546 de
1586 498 1638 548 toro
1651 500 1698 551 de·

85 592 148 660 όοης
175 586 314 649 ἐύούλοντο
335 584 476 666 τυχόντες,
507 584 532 642 οί
561 579 623 662 περί
650 580 694 640 τὸν
718 580 862 660 Οὐαλέριον
917 585 1006 637 cedere
1027 586 1187 636 coactusest.
1223 582 1295 641 Quod
1318 580 1395 632 eliam
1419 581 1443 632 ei
1469 583 1578 635 maxime
1597 589 1697 650 proluit.

85 683 254 762 ἐνεφοροῦντο
264 678 317 734 τῶν
330 673 400 733 κατδι
413 676 460 745 τῆς
473 669 627 751 ὀλιγαρχίας
643 670 728 748 λόγων
744 669 791 728 καί
803 667 863 736 τοὺς
917 677 988 735 Nam,
1003 675 1059 727 telis
1078 689 1093 724 a
1111 671 1270 724 multitudine
1288 669 1385 734 plebeia
1398 670 1508 735 pentus,
1524 687 1610 736 poenas
1623 689 1649 726 se
1663 676 1700 726 di-

85 767 124 828 ἔτι
150 749 328 833 ἐνδοιάζοντας
354 759 585 838 ἐξιδημαγώγουν.
628 754 693 821 Ἔτι
716 758 744 818 δί
762 757 863 835 μαλλον
918 778 979 829 guas
991 762 1159 829 persolvisset.
1184 762 1274 812 Postea
1287 758 1403 810 Valerius
1411 772 1469 810 curn
1477 760 1529 810 suis
1541 767 1698 827 potestatem,

44 883 59 920 s
86 854 294 934 ίξηλλοτρίωσαν
324 849 368 910 τδν
394 849 529 909 πολιτικόν
555 848 634 929 όχλον
665 850 688 906 cl
713 850 758 920 τῆς
786 845 865 926 κόρης
918 853 1037 914 quantum
1066 848 1184 899 volebant
1208 846 1329 910 adeptus,
1353 845 1385 896 ad
1413 845 1553 899 sutietatem
1577 851 1700 914 usquein

87 951 235 1024 συγγενεῖς,
259 941 394 1014 abisquae
416 937 573 1015 κομίσαντες
589 938 625 1004 είς
640 935 687 1008 τήν
702 935 800 1016 άγορδιν
819 933 865 995 καί
919 937 1114 989 decemuiratum
1142 939 1180 987 est
1201 936 1313 985 invectus
1333 938 1359 985 el
1382 948 1438 997 eos,
1462 937 1505 999 qui
1529 937 1612 988 adbuc
1630 937 1701 989 dubii

87 1035 130 1093 τδν
147 1034 226 1092 ἄλλον
242 1029 358 1105 κόσμον,
369 1027 413 1086 τδν
426 1026 561 1108 ίπιτσίφιον
574 1015 627 1084 οἷον
640 1022 763 1084 ἐδύναντο
782 1026 866 1082 πολυ-
920 1031 1000 1086 erant,
1017 1041 1062 1078 sua
1074 1026 1187 1077 oratione
1205 1022 1371 1074 confirmarit.
1422 1023 1473 1074 Sed
1488 1025 1566 1074 mullo
1588 1025 1666 1087 magis
1683 1038 1701 1074 n

89 1121 243 1182 τελίστατον
263 1115 525 1198 παρασκευάσαντες,
545 1113 591 1173 καί
614 1111 663 1186 τήν
686 1111 799 1195 ἐκφορὰν
819 1115 866 1172 τοῦ
921 1117 1074 1170 ιίετειοιοίτίε
1084 1118 1206 1169 urbanam
1218 1116 1318 1168 turbam
1332 1116 1471 1167 alienarunt
1487 1117 1576 1181 puellae
1589 1119 1700 1182 cognati,

90 1209 211 1286 σώματος
230 1207 273 1267 διδ
294 1209 346 1265 τῶν
362 1202 576 1286 ἐπιφανεστάτων
602 1205 649 1273 τῆς
671 1200 771 1268 πολεως
786 1223 865 1270 ποιη-
923 1206 987 1257 lecto
1002 1208 1026 1257 in
1047 1208 1128 1257 torum
1141 1205 1231 1263 delato,
1247 1208 1272 1255 et
1290 1204 1385 1269 reliquo
1401 1206 1489 1255 ornatu
1509 1204 1613 1264 funebri,
1626 1219 1701 1269 quam

36 1326 63 1362 m
90 1300 198 1375 σάμενοι
220 1298 376 1367 στενωπῶν,
401 1291 458 1353 όθιν
479 1291 530 1352 aab
554 1291 684 1350 πλείστων
707 1289 866 1371 ὀφθήσεσθαι
922 1294 1161 1359 magnificentissime
1181 1295 1327 1355 potuerunt,
1351 1295 1484 1358 apparato,
1505 1295 1531 1342 et
1550 1292 1637 1343 tunore
1658 1307 1702 1358 per

89 1387 209 1464 ἔμελλεν.
255 1383 410 1457 Ἐξεπήόων
432 1380 484 1462 γόρ
511 1383 540 1441 ἐκ
554 1385 606 1439 τῶν
632 1381 720 1439 οίκιῶν
745 1376 866 1458 γυναῖκές
922 1386 1086 1438 illustrissima
1100 1384 1170 1435 urbis
1189 1382 1297 1448 compita
1310 1383 1391 1445 elato,
1405 1383 1470 1433 unde
1489 1383 1627 1447 aplnrimis
1641 1397 1702 1433 con·

88 1500 117 1536 τε
140 1476 186 1537 καί
215 1475 356 1554 παρθένοι,
376 1471 407 1532 τδ
431 1471 512 1539 πάθος
537 1472 746 1551 ἀποδυρόμενοι,
768 1471 795 1526 αί
819 1466 867 1544 μίν
923 1472 984 1537 spici
1001 1475 1108 1537 possent.
1142 1474 1204 1521 llam
1225 1484 1255 1520 en
1277 1470 1372 1520 nedibus
1390 1469 1533 1520 exsiliebant
1551 1469 1704 1521 ctrnulicrcs

90 1565 155 1636 άνθη
178 1566 225 1625 καί
246 1562 388 1645 στεφάνους
405 1562 549 1640 βάλλουσαι
575 1558 644 1617 ansi
661 1563 709 1630 τῆς
723 1556 823 1630 κλίνης,
841 1559 868 1615 ni
924 1564 950 1612 et
963 1562 1087 1626 virgines,
1102 1574 1187 1610 casnm
1207 1561 1277 1610 illum
1289 1559 1413 1624 lugentes,
1429 1561 1504 1622 atqua
1518 1558 1572 1609 nllae
1586 1559 1659 1610 tiores
1678 1563 1705 1610 ct

90 1652 117 1711 δὲ
131 1656 287 1729 τελαμῶνας
304 1651 322 1721 ἢ
339 1649 449 1730 μίτρας,
473 1652 501 1708 nl
515 1647 543 1708 δί
560 1645 700 1727 ἀθύρματα
713 1644 868 1721 κομίζουσαι
924 1652 1029 1702 corollas
1045 1652 1069 1701 in
1090 1652 1180 1705 lectum
1204 1649 1345 1713 jaciebant,
1372 1651 1428 1701 altre
1443 1650 1531 1701 tascius
1553 1655 1597 1701 aut
1618 1665 1704 1710 zonas,
1748 1720 1750 1725 γ

37 1766 63 1802 ¹5
90 1741 252 1823 παρθενικδ,
267 1741 311 1799 καί
329 1739 380 1799 παῦ
399 1761 466 1805 τινας
492 1736 537 1797 καὶ
553 1734 699 1812 πλοκάμων
722 1733 868 1814 &cenwlfi-
924 1747 979 1798 aliie
1001 1748 1075 1797 villus
1096 1744 1221 1811 virginalis
1242 1759 1334 1804 cornea,
1352 1747 1475 1796 nonnullae
1499 1746 1572 1797 ctiam
1589 1746 1706 1798 detonsos

92 1854 170 1906 μεναι
185 1828 353 1910 βοστρύχους.
394 1822 501 1907 Ἄνδρες
515 1849 544 1885 τε
565 1825 673 1904 συχνοί,
688 1823 868 1901 λαμύάνοντες
926 1835 1032 1885 crinium
1048 1837 1170 1885 tortorum
1183 1832 1329 1882 cincinnos:
1349 1834 1458 1884 etmulti
1472 1833 1531 1897 riri,
1545 1848 1576 1885 ex
1589 1834 1707 1898 proximis

91 1923 121 1978 ἐκ
143 1921 195 1976 τῶν
217 1917 329 1990 πλησίον
351 1915 532 1995 ἐργαστηρίων
558 1912 590 1971 τδι
611 1910 658 1989 μίν
680 1915 752 1992 ὠνῇ,
778 1915 812 1973 τὰ
840 1909 868 1970 δί
925 1922 1030 1976 officinis
1055 1922 1180 1987 capientes
1211 1920 1258 1971 ntia
1289 1921 1375 1984 pretio,
1397 1920 1446 1970 alia
1469 1922 1560 1985 gratis,
1576 1923 1707 1986 exsequias

92 2006 194 2087 χάριτι,
228 2005 440 2082 συνεπεκόσμουν
466 2011 520 2070 τοῖς
547 2002 703 2084 προσφόροις
729 2002 869 2083 δωρήμασι
926 2012 998 2063 ἀσιτία
1020 2008 1223 2062 convenientibus
1247 2008 1320 2059 simul
1351 2008 1478 2059 ornabant.
1505 2009 1573 2059 Adeo
1597 2010 1707 2062 utillud
1753 2031 1756 2036 ·

91 2094 138 2166 τήν
156 2096 318 2173 ἐκκομιδὴν,
334 2092 403 2153 ὥστε
422 2091 580 2174 περιόόηεον
596 2090 647 2148 avi
662 2091 710 2164 τήν
728 2090 805 2151 πόλιν
819 2113 866 2168 γε·
926 2101 1003 2152 tunns
1022 2114 1066 2165 per
1087 2103 1164 2151 totam
1184 2097 1270 2149 urbem
1287 2099 1352 2148 esset
1366 2095 1472 2157 celebre,
1486 2101 1512 2147 et
1524 2111 1609 2148 omnes
1622 2097 1654 2147 ad
1666 2097 1707 2148 de-

36 2205 65 2244 no
91 2184 180 2242 νέσθαι
194 2185 224 2244 τδ
235 2183 329 2256 κῆδος,
345 2182 390 2242 καί
404 2181 553 2260 προθυμίαν
574 2178 693 2247 ἅπαντας
706 2177 867 2238 καταλαόεἶν
927 2189 1089 2240 cemviratum
1120 2185 1289 2251 abrogandum
1311 2184 1389 2248 parali
1420 2188 1513 2236 essent.
1534 2186 1582 2236 sed
1602 2185 1644 2249 qni
1660 2186 1707 2236 de·
1777 2220 1781 2226 -

90 2276 137 2344 τῆς
149 2277 200 2332 τῶν
214 2275 389 2352 ὀλιγαρχικῶν
405 2270 584 2337 καταλύσεως.
617 2265 723 2327 Ἀλλόί
736 2271 863 2348 φρονοῦν·
927 2267 1078 2318 cernviratns
1097 2266 1211 2330 partibus
1224 2265 1353 2327 larebani,
1380 2267 1446 2329 quod
1472 2280 1540 2317 anna
1564 2268 1706 2328 imbuerint,

90 2384 131 2428 τες
145 2363 178 2422 τί
199 2366 246 2434 τῆς
260 2360 415 2440 ὀλιγαρχίας
438 2358 508 2418 όπλα
525 2357 628 2437 ἔχοντες
649 2353 717 2433 μίγα
742 2358 869 2435 παρεῖχον
927 2368 1043 2420 magnum
1066 2359 1185 2404 terrorem
1211 2354 1260 2403 illis
1286 2353 1462 2404 incutiebant:
1485 2359 1510 2405 el
1527 2355 1707 2408 Valeriuseum

92 2451 177 2517 αὐτοῖς
192 2450 264 2523 δίος,
277 2449 303 2509 ni
318 2472 347 2509 τε
360 2449 421 2528 περί
439 2448 483 2508 τδν
499 2444 646 2526 Οίιαλίριον
658 2445 707 2502 οὐκ
721 2442 808 2517 ἠξίουν
829 2444 869 2504 ni·
928 2443 981 2494 ⁸⁰1⁸
996 2443 1096 2493 ¹¹⁰ll³llat
1108 2442 1173 2492 Civili
1191 2442 1307 2506 languine
1322 2441 1389 2492 llleln
1405 2441 1528 2493 dirimere·

93 2562 158 2613 ματι
173 2542 300 2614 πολιτικῷ
320 2539 350 2596 τί)
369 2538 452 2605 νεῖκος
465 2537 584 2604 διαιρεῖν.

37 2637 66 2678 ⁹⁶
131 2624 191 2687 XL·
213 2624 257 2684 Τδι
274 2622 322 2700 pb
339 2621 371 2695 ὅθ
388 2618 458 2680 Μὰ
478 2616 526 2692 ”it
549 2618 626 2678 “02¹⁹
642 2619 669 2676 ll
682 2615 816 2686 ἳθῑαῦῒαῑῖ
841 2610 872 2690 ἦν
959 2647 1006 2695 lib.
1020 2646 1069 2694 iles
1084 2643 1159 2708 igilur
1176 2643 1278 2694 urbanas
1301 2643 1334 2694 ita
1349 2644 1454 2695 turbatae
1476 2649 1554 2696 erant.
1576 2650 1608 2698 nt
1625 2647 1709 2712 Virgi-

91 2720 232 2796 ταραχαῖς·
247 2710 400 2792 Οὒαργίαῑοα
412 2710 457 2782 δὲ,
473 2706 502 2768 ὃν
515 2708 579 2788 qus
595 2705 736 2785 ῖῦῖόλῑῑθα
750 2706 871 2782 ῖῑνῖσθαῑ
929 2731 994 2793 nius,
1004 2744 1078 2797 quern
1090 2730 1141 2780 dixi
1151 2731 1249 2794 propriu
1258 2729 1418 2781 manutiliam
1428 2743 1498 2780 suam
1509 2732 1710 2797 occidissemus·

94 2805 141 2870 τῆς
155 2807 251 2859 ἑαυτοῦ
265 2807 405 2880 cuprepia,
424 2801 478 2859 ἀπὸ
494 2802 604 2880 pur'aipnc
626 2802 742 2859 stannus
761 2804 805 2857 τὸν
824 2798 869 2857 te·
931 2822 963 2872 lis
979 2820 1080 2871 habenis
1092 2833 1157 2883 equo
1173 2820 1258 2878 citato,
1279 2819 1345 2869 circa
1357 2820 1524 2883 vespertinum
1539 2823 1709 2885 crepusculum
1814 2796 1815 2801 ί

94 2912 141 2948 πον
158 2889 304 2970 ἐφικνεῖται
325 2886 386 2969 περί
405 2886 508 3035 λύχνων
526 2888 595 2970 ἁφθς
617 2887 662 2950 ἐπί
677 2887 721 2949 τδν
736 2885 800 2968 πρὸς
814 2885 871 2946 Ἀλ·
932 2903 1065 2963 adcastra,
1083 2916 1139 2967 quae
1150 2901 1182 2952 ad
1206 2902 1318 2967 Algidum
1333 2905 1418 2963 erant,
1431 2905 1552 2967 pervenit,
1575 2905 1611 2956 ite
1631 2913 1661 2958 ut
1680 2922 1713 2959 er·

93 2979 158 3056 γιδῷ
174 2976 294 3057 χάρακα,
308 2979 584 3050 τοιοῦτοςοοςέκτής
600 2978 703 3045 πόλεως
721 2976 870 3057 ἐίίδραμαν,
933 2992 995 3043 πεῖνα
1015 2991 1145 3053 εῖῖιιςςτται,
1174 2993 1242 3041 totns
1267 2989 1385 3054 smquine
1419 3004 1575 3057 conspersus,
1603 2998 1629 3045 et
1653 2996 1710 3047 lanii

36 3096 68 3135 30
94 3064 188 3141 αἵματι
202 3065 448 3148 περυρμίνοιδπας
461 3065 507 3126 καί
522 3066 569 3138 ris
587 3066 744 3148 μαγειρικήν
757 3065 871 3147 σφαγίδα
931 3082 1038 3132 cultrum
1053 3081 1078 3130 in
1097 3059 1283 3131 manutenens.
1318 3080 1397 3138 Quem
1422 3093 1501 3144 qnurn
1514 3082 1641 3141 vidissent,
1666 3086 1710 3149 qui

95 3157 136 3214 ὀιδι
149 3155 235 3236 χιιρδς
249 3155 327 3235 ἔχων.
372 3154 480 3223 Ἰδόντες
494 3154 521 3214 δὲ
537 3155 615 3216 αὐτὸν
630 3158 654 3216 nl
667 3157 718 3235 πρὸ
732 3160 778 3215 τοῦ
795 3178 871 3236 στρα·
932 3182 976 3234 pro
994 3166 1256 3229 castrisencubabant,
1270 3181 1317 3216 non
1333 3169 1448 3232 poterant
1466 3169 1617 3232 conjectare,
1634 3173 1709 3236 quial-

93 3243 202 3303 τοπίδου
216 3242 394 3326 adequitauit<
415 3242 602 3325 φυλάττοντες,
618 3249 644 3305 ἐν
663 3245 755 3326 ἀπόρῳ
764 3244 790 3303 τ’
801 3234 869 3316 ήσαν
932 3273 990 3308 nam
1001 3257 1025 3308 ei
1033 3257 1171 3316 accidisset,
1186 3269 1293 3319 eumque
1305 3255 1480 3319 sequebantur,
1494 3261 1521 3307 ut
1531 3272 1580 3308 rem
1597 3274 1710 3323 magnam

94 3331 110 3390 ό
122 3357 147 3392 τι
161 3333 287 3391 πέπονθεν
307 3333 426 3408 εἰκάσαι,
442 3332 488 3391 καί
511 3333 725 3413 παρηκολούθουν
740 3337 776 3401 ὡς
790 3335 868 3394 άκου-
932 3350 959 3398 et
973 3351 1083 3396 atrocem
1107 3344 1225 3395 audituri.
1261 3344 1305 3394 llio
1318 3359 1392 3404 vero,
1407 3345 1625 3411 primumquldcm
1647 3349 1712 3403 inter

95 3420 201 3497 οόμινοι
224 3419 293 3497 μίγα
308 3428 421 3499 πρᾶγμα
442 3417 488 3479 καί
508 3421 601 3481 διινόν.
647 3418 682 3482 ‘0
697 3419 724 3479 δί
739 3420 804 3488 τέως
822 3420 870 3498 μίν
932 3435 1041 3485 eundum
1060 3433 1143 3494 tiebat,
1163 3434 1190 3482 et
1210 3433 1291 3482 obviis
1306 3431 1444 3496 quibusque
1467 3433 1665 3498 significabatut
1683 3452 1712 3490 se

42 3525 69 3562 sn
97 3508 233 3588 ἐπορεύετο
246 3508 345 3567 κλαίων
357 3507 403 3567 καί
415 3508 594 3586 διασημαίνων
610 3510 663 3577 τοῖς
676 3508 757 3585 ὁμόσε
770 3515 873 3590 χωροῶ-
933 3525 1101 3586 sequerentur.
1137 3518 1307 3570 Excurrebant
1323 3533 1427 3570 vernes
1440 3522 1568 3585 tentoriis,
1581 3524 1641 3574 dum
1655 3540 1710 3577 σιε-

98 3619 137 3654 σιν
148 3596 306 3654 ἀκολουθεῖν·
324 3595 458 3675 ἐξέτρεχον
471 3597 494 3655 δ’
508 3598 539 3657 ἐκ
552 3600 604 3657 τῶν
615 3600 729 3671 σκηνῶν,
745 3596 774 3664 ἃς
787 3598 873 3660 διιπο-
933 3613 1028 3670 nerent,
1042 3623 1086 3674 per
1099 3622 1155 3672 quae
1168 3608 1248 3658 medis
1264 3609 1316 3672 ipse
1331 3607 1459 3670 transibat,
1474 3624 1560 3662 omnes
1574 3613 1713 3678 conglobati

103 3684 191 3766 ptl5⁵¹0
216 3685 313 3761 μεταξὺ
339 3690 500 3754 &involvite
523 3686 639 3753 ἅπαντες
663 3687 763 3763 ἀθρόαι,
787 3683 882 3764 pultis
933 3714 991 3751 cnm
1001 3698 1095 3749 lacibus
1103 3699 1128 3748 et
1146 3695 1261 3757 lucernis,
1272 3694 1370 3759 angoris
1379 3699 1404 3746 et
1416 3697 1541 3748 turnultus
1551 3699 1626 3764 pleni,
1640 3701 1712 3767 eique

101 3772 204 3853 ἔχοντες
218 3773 264 3832 καὶ
277 3774 565 3854 λαμπάδααῑᾶγωαίαα
579 3774 688 3854 πλήρεις
707 3772 752 3830 καὶ
775 3769 879 3851 θαρῦὅφ
933 3786 1074 3839 cirorrmlnsi
1104 3766 1279 3849 sequebantur.
1314 3786 1397 3841 Quum
1426 3787 1557 3837 antemio
1586 3794 1712 3854 putentem

100 3861 283 3945 περιχεάμενοι
297 3862 446 3944 inspicitis
462 3861 634 3935 ἠκολούθουν.
651 3860 730 3923 Ἐπεί
745 3862 768 3920 δ’
783 3863 820 3927 είς
833 3858 879 3920 aba
933 3881 1069 3929 castrorum
1084 3875 1167 3925 locum
1180 3873 1300 3935 venisset,
1318 3877 1387 3922 siuns
1398 3873 1423 3923 in
1439 3880 1509 3938 parta
1522 3878 1629 3942 quadam
1636 3880 1711 3945 edita,

42 3975 73 4013 αα
101 3955 316 4025 ἀναπεπταμόνον
325 3961 370 4010 τοῦ
390 3951 565 4032 στρατοπίδσυ
574 3953 655 4014 τόπον
673 3949 820 4024 ήλθεν,ἐπί
834 3979 878 4031 με·
934 3971 963 4020 ιιι
983 3966 1015 4016 ab
1033 3964 1147 4016 omnibus
1167 3943 1278 4028 conspici
1303 3967 1395 4028 posset,
1422 3964 1574 4017 calamitates
1596 3983 1663 4033 sues,
1688 3971 1713 4023 in

99 4035 197 4118 τεῶρου
208 4036 276 4103 τινδς
285 4035 358 4111 στδις,
370 4038 438 4098 ὥστε
450 4041 501 4100 ύπὸ
509 4041 614 4102 πάντων
634 4043 753 4121 ὁρᾶσθαι,
764 4041 878 4121 διηγεῖτο
934 4070 997 4123 quus
1011 4054 1139 4112 inciderat,
1156 4055 1275 4111 narrarit,
1289 4055 1366 4103 testes
1383 4051 1516 4104 verborum
1528 4070 1630 4110 suornm
1644 4061 1711 4112 euhi-

99 4124 145 4194 τδις
159 4124 361 4194 καταλαθούσας
374 4129 450 4187 αὐτὸν
463 4127 614 4212 αυμφορδς,
627 4131 763 4210 μάρτυρας
773 4133 823 4188 τῶν
835 4134 879 4192 λό·
934 4144 995 4195 bens
1014 4156 1071 4202 cns,
1100 4139 1144 4203 qui
1168 4152 1199 4188 ex
1221 4139 1283 4190 urbe
1313 4154 1397 4192 seeum
1419 4148 1542 4194 venerant.
1576 4149 1712 4212 Postquam

99 4239 152 4293 γων
167 4215 345 4295 παρεχόμενος
355 4216 414 4285 τοίις
428 4217 474 4278 abr
491 4221 564 4302 αὐτῷ
580 4223 711 4305 παρόντας
730 4231 760 4288 ἐχ
773 4233 820 4301 τῆς
832 4226 881 4288 πό·
936 4248 995 4286 τετυ
1008 4233 1101 4283 multos
1120 4234 1144 4279 et
1167 4230 1278 4294 lugentes
1301 4235 1327 4282 et
1349 4232 1513 4297 lacrymantes
1528 4238 1710 4299 animaduertit,

98 4306 175 4372 λεως.
190 4302 277 4372 Ὧςδέ
287 4307 434 4384 κατέμαθεν
445 4309 688 4392 ὀλοφυρομίνουςτι
712 4317 826 4385 πολλούς
834 4314 880 4376 καί
936 4334 980 4373 eos
991 4317 1130 4382 suppliciter
1146 4330 1218 4367 orare
1234 4318 1309 4383 caepit
1331 4333 1363 4370 ne
1386 4322 1428 4369 nut
1440 4334 1467 4370 se
1484 4322 1587 4373 lnrrltnm
1600 4338 1710 4380 manere,

48 4425 74 4463 ης,
100 4394 276 4472 δακρύοντας,
290 4396 325 4463 είς
339 4395 439 4466 ἱκεσίας
450 4399 496 4458 καί
521 4400 621 4473 δεήσεις
637 4408 723 4464 αὐτῶν
737 4407 877 4486 ἐτράπετο,
935 4417 979 4464 aut
1005 4416 1108 4480 patriam
1125 4413 1247 4464 contemni
1263 4412 1414 4475 paterentur.
1449 4413 1579 4461 licentem
1601 4412 1654 4461 baec
1673 4410 1710 4459 di·

103 4481 139 4554 μή
151 4485 274 4563 περιϊδεῖν
290 4484 359 4563 μήτε
382 4487 461 4546 αὐτὸν
479 4487 647 4569 ἀτιμώρητον
660 4494 797 4573 γενόμενον
811 4493 879 4571 μήτε
936 4514 1020 4571 cente,
1036 4524 1122 4560 omnes
1137 4509 1221 4573 cupidi
1238 4506 1308 4555 erant
1318 4502 1444 4566 audiendi,
1456 4518 1564 4569 eumque
1578 4503 1709 4556 hortaban-

102 4569 149 4639 niv
165 4573 281 4653 πατρίδα
305 4579 584 4658 προπηλακιζομίνην.
635 4585 746 4662 Λέγοντι
768 4582 795 4643 δί
809 4584 880 4663 αὐτῷ
937 4600 986 4657 tur,
1002 4598 1031 4647 ut
1042 4612 1094 4647 rem
1113 4599 1191 4647 toturn
1214 4596 1335 4661 aperiret3
1349 4597 1499 4658 quapropter
1521 4598 1580 4643 tunc
1594 4593 1712 4643 audacius

103 4662 186 4716 ταῦτα
199 4664 265 4722 πολὺ
285 4662 315 4723 ab
331 4668 489 4746 βουλόμενον
515 4667 541 4736 ἐξ
567 4669 691 4731 ἁπάντων
710 4671 812 4732 ιἰκούειν
832 4672 880 4732 καί
935 4685 960 4734 in
983 4685 1176 4735 decemviratum
1199 4685 1273 4749 cmpit
1286 4682 1377 4733 lnvebi.
1410 4685 1493 4740 Quum
1510 4686 1591 4731 autern
1612 4694 1712 4730 narras·

104 4746 314 4826 ἐπικελιυόμενον
325 4756 409 4836 λέγειν
420 4757 528 4836 ἐγίνετο.
572 4759 714 4840 Τοιγάρτοι
728 4762 774 4821 καί
787 4761 881 4844 θρασύ·
935 4776 972 4823 set
991 4773 1108 4824 multnsa
1124 4771 1271 4822 decemviris
1287 4773 1339 4823 suis
1356 4771 1459 4821 fortunis
1479 4770 1605 4833 spoliatos,
1621 4769 1712 4820 multos

50 4865 77 4904 so
103 4857 176 4913 τερον
186 4835 236 4910 ήδη
251 4845 399 4915 καθήπτετο
414 4851 460 4918 τῆς
473 4848 627 4929 ὀλιγαρχίας
642 4848 754 4921 διεξιὼν,
768 4854 803 4919 ῶς
816 4853 880 4910 πολ·
935 4862 1079 4912 uerberibus
1110 4858 1287 4910 contumeliose
1315 4871 1407 4914 caesos,
1438 4861 1461 4906 et
1487 4856 1624 4921 permultos
1646 4857 1713 4910 nullo

103 4924 158 4982 λῶν
178 4922 226 5001 μίν
242 4929 377 5008 ἀφείλοντο
399 4933 446 5002 τδις
469 4934 559 5004 οὐσίας
580 4939 604 4995 ni
621 4936 702 5011 δίκα,
728 4941 832 4999 πολλῶν
853 4937 881 4999 δέ
935 4965 981 5000 suo
1005 4949 1094 5000 rnerilo
1114 4961 1143 4998 ex
1167 4948 1246 5012 patria
1270 4948 1353 5010 ingere
1368 4948 1465 4994 coactos
1481 4965 1486 4994 ι
1504 4958 1629 5009 quumque
1644 4946 1712 4998 inso-

104 5016 220 5093 πληγαῖς
235 5015 362 5096 ᾐκίσαντο
372 5021 405 5079 nd
418 5023 548 5101 σιίνματα,
561 5027 736 5104 παμπόλλους
752 5029 779 5087 δέ
792 5036 881 5110 φυγεῖν
934 5039 1035 5090 lantiam
1055 5039 1079 5088 in
1098 5038 1228 5094 mulieres,
1256 5039 1281 5086 ct
1296 5034 1418 5097 uirginum
1441 5032 1561 5084 nubilium
1577 5036 1675 5102 raptus,
1688 5041 1713 5089 ct

104 5104 259 5182 ἧαᾶγαασαα
277 5108 307 5164 ἐκ
330 5109 377 5179 τῆς
390 5111 516 5191 πατρίδος
530 5113 603 5174 οόδίν
621 5115 813 5189 ἀδικήσαντας,
833 5140 880 5195 γυ-
935 5141 1068 5190 puerornm
1083 5129 1245 5190 ingenuorum
1261 5121 1439 5187 contumelias,
1452 5127 1478 5174 et
1499 5124 1547 5175 alla
1562 5138 1648 5176 eorum
1663 5126 1711 5176 ini·

103 5198 201 5253 ναῑαῶν
216 5217 244 5253 αα
257 5191 417 5275 &pimeni
436 5198 724 5284 παρθίνωνέπιγάμων
749 5205 880 5287 ἅρπαγας,
932 5213 984 5280 'qua
1007 5220 1034 5268 et
1055 5216 1164 5267 crudelia
1186 5214 1293 5266 facinora
1316 5213 1480 5267 recensuisset
1500 5234 1536 5266 :u
1558 5216 1639 5279 Atque
1659 5214 1713 5278 bis,
