3772 5828
585 307 874 381 littthJthTUttt
898 308 1042 369 ROMAN.
1065 312 1136 398 Llli.
1161 311 1222 372 VII.

103 443 249 521 Ῥωμαίων
272 439 499 520 ἀναγκαιότατον,
530 443 647 519 κρεῖττον
669 438 696 498 δὲ
720 437 767 499 καῖ
790 443 880 520 χεῖρον

103 533 220 612 γίνεσθαι
234 530 307 612 παρδι
322 527 383 598 τοῦς
393 532 445 587 τῶν
460 527 606 610 δημάρχων
621 527 744 607 τρόπους,
785 525 877 588 Ὅταν

105 623 153 698 μὲν
169 621 219 701 γδρ
232 620 333 699 τύχωσι
355 624 402 688 τῆς
418 616 533 685 ἐξουσίας
553 616 649 689 ταύτης
672 617 762 697 ἄνδρες
784 617 879 676 δίκαιοι

105 712 149 768 καὶ
164 711 295 789 σώφρονες
317 707 362 765 καὶ
383 705 417 763 τά
435 704 508 763 κοινά
528 705 719 785 ἀναγκαιότερα
741 708 792 764 τῶν
808 707 879 764 ἰδίων

64 824 77 860 a
105 799 253 876 τιθέμενοι,
267 801 281 854 ό
295 795 342 872 μέν
359 796 457 853 ἀδικῶν
475 792 508 852 τά
530 794 604 853 κοινά
629 793 760 874 τιμωρίαν
775 792 834 861 tote
847 795 879 866 ἢν

104 892 223 968 προσῆκε
257 883 325 944 πολῦ
350 882 406 949 δέος
437 891 490 950 τοῖς
514 881 593 957 ὅμοια
621 881 880 961 παρεσκευασμένοις

106 978 169 1056 δρᾶν
185 974 360 1055 ένειργοίσατα
378 976 391 1030 δ
407 972 435 1031 dt
446 971 541 1050 ἀγαθὸς
555 971 600 1029 καῖ
612 971 664 1031 ἀπὸ
676 977 720 1031 τοῦ
739 974 880 1051 κρατίστου

106 1066 170 1143 πρὸς
184 1064 217 1123 τδι
230 1063 304 1123 κοινά
317 1059 421 1140 παριὼν
441 1059 499 1119 obre
518 1059 592 1130 δίκην
608 1060 748 1140 ἀσχήμονα
765 1061 880 1142 ὑπέσχεν

108 1151 162 1212 οὔτ’
184 1155 219 1219 είς
243 1150 327 1217 αἰτίας
354 1149 494 1229 ἀλλοτρίας
515 1151 568 1206 τῶν
592 1148 807 1224 ἐπιτηδευμάτων
829 1171 878 1207 κα-

56 1262 80 1300 ιο
107 1240 197 1312 τέστη.
238 1237 325 1298 Ὅταν
338 1235 366 1296 δδ
387 1236 497 1316 πονηροί
518 1235 563 1295 καί
589 1237 731 1295 ἀκόλαστοι
747 1235 792 1294 καί
807 1238 881 1316 φιλο·

106 1330 204 1408 κερδεῖς
222 1331 354 1406 ἀνθρωττοι
380 1323 538 1397 τηλικαύτης
559 1323 676 1393 ίίουσίας
692 1324 810 1403 τύχωσι,
830 1325 879 1381 τά-

105 1416 197 1475 ναντία
218 1415 317 1474 τούτων
331 1412 441 1491 γίνεται.
484 1410 573 1473 Ὥστε
592 1415 622 1472 οὐ
639 1413 670 1472 τό
685 1414 739 1481 ἔθος
765 1416 879 1493 ἐπανορ-

107 1510 212 1564 θοῦσθαι
232 1506 364 1584 προσῆκεν
388 1506 423 1567 ὡς
444 1499 654 1581 ἡμαρτημένον,
682 1501 750 1559 ἀλλὰ
774 1502 879 1560 σκοπεῖν

106 1593 177 1660 ὅπως
192 1595 282 1671 ἄνδρες
298 1588 373 1650 καλοί
388 1588 433 1649 καί
453 1590 546 1669 ἀγαθοὶ
568 1594 613 1648 τοῦ
626 1589 710 1667 δήμου
725 1590 880 1668 γενήσονται

56 1712 81 1753 ις
107 1680 271 1761 προστάται,
294 1678 339 1738 καὶ
361 1675 399 1757 μή
419 1686 472 1747 τοῖς
497 1682 608 1759 τυχοῦσι
631 1677 665 1737 τά
691 1678 803 1759 μέγιστα
822 1680 880 1750 εἰκῆ

107 1768 329 1846 ἐπιτραπήσεται.

149 1857 252 1917 LXVI.
275 1853 309 1914 ‘H
332 1851 379 1923 μέν
394 1854 426 1926 δὴ
449 1853 541 1933 πρώτη
559 1854 704 1933 Ῥωμαίοις
729 1857 880 1932 ἐμπεσοῦσα

110 1947 178 2023 μετά
194 1943 241 2014 τήν
261 1941 370 2013 ἐκὸολήν
390 1945 440 2001 τῶν
459 1941 589 2022 βασιλέων
604 1943 695 2011 στάσις
712 1942 774 2023 ἔσχε
790 1942 879 2001 τοιαύ-

110 2057 158 2099 τας
172 2032 257 2098 αἰτίας
271 2029 317 2090 καί
331 2032 366 2097 είς
377 2036 454 2090 τοῦτο
474 2032 623 2114 κατέσκηψε
637 2033 667 2092 τδ
681 2032 764 2102 τέλος.
792 2033 879 2111 Ἐμή·

56 2149 84 2189 20
110 2144 176 2180 κυνα
188 2120 215 2179 δὲ
227 2120 271 2179 τόν
282 2118 346 2199 ὑπὲρ
362 2121 448 2178 αὐτῶν
462 2122 538 2197 λόγον
548 2127 594 2181 τοῦ
605 2121 644 2196 μή
659 2145 717 2180 τινα
732 2123 880 2198 θαυμάσαι,

109 2213 165 2276 πῶς
177 2208 318 2286 ὑπέμειναν
346 2211 370 2267 οἱ
404 2207 539 2288 πατρίκιοι
572 2207 732 2282 τηλικαύτης
766 2207 882 2279 ἐξουσίας

108 2302 218 2370 ποιῆσαι
232 2296 276 2356 τὀν
288 2298 372 2373 δῆμον
387 2297 476 2375 κύριον
488 2340 496 2369 ,
510 2296 570 2358 οὔτε
583 2303 685 2376 σφαγῆς
699 2301 751 2356 τῶν
768 2298 882 2377 ἀρίστων

109 2388 209 2466 ἀνδρῶν
223 2381 365 2464 γενομένης
377 2383 437 2443 οῦττ
452 2387 550 2465 φυγῆς,
567 2374 620 2443 οἷον
635 2386 661 2443 έν
674 2384 765 2452 ἀλλαις
782 2386 883 2464 ἐγένετο

109 2476 215 2533 πόλεσι.
264 2475 347 2533 Ποθεῖ
369 2473 420 2552 γάρ
445 2471 554 2540 ἕκαστος
579 2472 622 2530 tart
650 2479 704 2538 τοῖς
726 2474 882 2553 παραδόξοις

55 2588 83 2626 25
112 2561 262 2636 ἀκούσμασι
273 2559 321 2631 τήν
333 2559 419 2617 αἰτίαν
432 2563 539 2636 μαθεῖν,
554 2559 599 2631 καί
613 2559 643 2619 τὸ
653 2558 745 2620 πιστὸν
759 2562 786 2619 ἀν
800 2560 883 2640 ταύτῃ

113 2649 213 2711 τίθεται
228 2646 307 2728 μόνη.
351 2645 526 2725 Ἐλογιζόμην
545 2640 605 2727 οῦν,
616 2648 657 2707 ότι
671 2671 716 2725 μοι
728 2650 827 2709 πολλοῦ
838 2651 883 2710 καί

114 2743 160 2798 τοῦ
179 2737 276 2803 παντὸς
300 2735 388 2808 δεήσει
410 2730 706 2817 πιστδςείιαιόλόγος,
720 2739 743 2796 τί
762 2744 883 2799 τοσοῦτον

112 2823 177 2906 έφην
195 2824 290 2901 μόνον,
312 2823 353 2883 ότι
366 2828 490 2905 παρῆκαν
506 2835 530 2883 ot
546 2824 681 2900 πατρίκιοι
703 2833 756 2893 τοῖς
774 2827 884 2904 δημοτι-

109 2916 164 2981 κοῖς
175 2915 224 2988 τήν
239 2917 339 2973 ἑαυτῶν
353 2913 507 2974 δυναστείαν
519 2959 528 2986 ,
541 2914 586 2974 καί
598 2914 653 2984 ἐξὸν
667 2915 753 2982 αθτοῖς
764 2916 791 2974 έν
808 2919 881 2997 ἀρισ·

55 3025 82 3066 so
108 3004 234 3085 τοκρατίφι
251 3001 434 3063 πολιτεύεσθαι
452 3002 496 3062 τδν
519 3005 602 3082 δῆμον
619 3002 746 3077 έποίησαν
767 3009 820 3064 τῶν
835 3029 883 3084 με·

109 3092 205 3171 γίστων
224 3093 331 3172 κύριον,
346 3091 380 3149 δι’
402 3089 433 3158 ἀς
456 3089 482 3149 δέ
505 3091 677 3173 συνεχωρήθη
702 3096 776 3151 ταῦτ’
798 3094 883 3162 αἰτίας

108 3182 264 3261 παρέλιπον·
277 3180 320 3239 διδ
333 3180 411 3238 τοῦτο
425 3177 567 3250 ἐπεξῆλθον
581 3180 697 3247 ἁπάσας.
722 3180 774 3239 Καὶ
792 3181 880 3253 ἐπειδὴ

109 3272 159 3350 οὐχ
181 3269 270 3338 όπλοις
294 3269 425 3342 ἀλλήλους
450 3267 606 3348 βιασόμενοι
632 3267 678 3327 καλ
699 3268 882 3351 προσαναγκά-

111 3381 216 3432 σαντες,
229 3356 298 3418 ἀλλδι
315 3357 401 3434 λόγοις
420 3357 558 3425 πείσαντες
577 3355 765 3437 μεθήρμοσαν,
787 3357 883 3424 παντὸς

112 3446 227 3523 μάλιστα
237 3447 379 3523 ἀναγκαῖον
392 3444 535 3524 ἡγησάμην
547 3434 614 3504 εἶναι
627 3443 686 3511 τοῦς
696 3444 787 3521 λόγους
798 3445 883 3504 αὐτῶν

112 3527 263 3603 διεξελθεῖν,
285 3524 322 3601 οῖς
340 3532 400 3592 τότε
413 3535 436 3591 οἱ
459 3531 680 3599 δυναστεύσαντες
700 3535 727 3592 tu
750 3531 883 3612 ἑκατέροις

112 3622 268 3701 ἐχρήσαντο.
309 3619 488 3696 Θαυμάσαιμι
499 3618 526 3680 di
538 3618 581 3694 ἀν,
596 3619 621 3680 εί
631 3643 698 3687 τινες
710 3618 757 3688 τὰς
772 3617 844 3700 [μὲν]
855 3622 882 3679 έν

111 3718 164 3776 τοῖς
173 3707 408 3790 πολέμοιςπροῖίεις
416 3708 530 3789 ἀκριόῶς
537 3711 634 3770 οἴονται
646 3711 697 3769 δεῖν
709 3709 883 3790 ἀναγράφειν,

111 3800 229 3880 καὶπερὶ
245 3798 307 3876 μίαν
319 3796 390 3858 ίστιν
412 3797 455 3857 ὅτε
471 3798 561 3880 μάχην
582 3795 695 3865 πολλοὺς
711 3796 883 3859 ἀναλίσκουσι

110 3893 216 3968 λόγους,
232 3888 319 3948 τόπων
330 3912 360 3949 τε
371 3886 459 3970 φύσεις
472 3888 518 3948 καὶ
533 3889 671 3966 ὁπλισμῶν
690 3886 822 3960 ἰδιότητας
837 3888 883 3947 καί

111 3979 208 4048 τάξεων
231 3975 355 4059 τρόπους,
382 3975 427 4037 καί
454 3981 609 4058 στρατηγῶν
629 3975 811 4058 παρακλήσεις
838 3978 882 4035 καί

110 4069 195 4127 τᾶλλα
216 4066 351 4136 διεξιόντες
377 4063 427 4125 ὅσα
450 4067 499 4136 τῆς
518 4063 592 4137 νίκης
612 4064 684 4125 αίτια
709 4065 763 4132 τοῖς
788 4063 883 4144 ἑτέροις

110 4161 222 4236 ἐγένετο·
238 4155 375 4225 πολιτικας
390 4153 418 4216 δδ
439 4153 555 4228 κινήσεις
572 4153 620 4214 καί
642 4154 747 4221 στάσιις
767 4154 881 4233 ἀναγρύ-

110 4269 200 4361 φσντες
216 4245 265 4304 ούκ
281 4243 379 4304 οἴονται
403 4245 455 4302 δεῖν
473 4240 649 4321 ἀπαγγέλλειν
665 4240 723 4308 τοῦς
736 4241 838 4318 λόγους,
860 4241 893 4298 δι’

109 4359 145 4394 ων
162 4338 190 4396 αἱ
205 4331 348 4414 παράδοξοι
365 4331 408 4412 κρὶ
426 4331 577 4409 θαυμασταὶ
598 4329 704 4410 πράξῃς
719 4328 891 4401 ἐπετελέσθη·
932 4382 1026 4433 dandas
1040 4396 1087 4434 non
1104 4379 1264 4431 arbitrantur.
1300 4371 1325 4422 Si
1339 4368 1399 4434 quid
1421 4364 1524 4418 enimin
1544 4368 1655 4416 Romana
1667 4378 1707 4416 re·

110 4449 168 4485 σαν.
185 4426 220 4485 Εἰ
240 4423 293 4502 γάρ
307 4446 333 4483 τι
351 4422 396 4480 καί
412 4421 478 4481 ἀλλο
491 4423 536 4492 τῆς
552 4418 694 4497 Ῥωμαίων
710 4416 811 4483 πόλεως
823 4416 892 4494 μέγα

111 4515 239 4593 ἐγκώμιόν
254 4518 322 4588 ἐστι,
340 4512 386 4573 καλ
405 4512 547 4584 ζηλοῦσθαι
564 4511 615 4569 θπδ
627 4510 734 4568 πάντων
747 4505 890 4587 ἀνθρώπων

112 4601 190 4674 ἀξιον,
202 4607 308 4663 κάκεῖνο
326 4601 427 4681 ἐγένετο
439 4598 499 4659 κατ’
510 4597 577 4675 ίμήν
588 4596 664 4666 δόξαν
675 4597 706 4658 τὸ
716 4594 810 4679 ἔργον,
821 4596 891 4673 pct-

111 4692 156 4749 λον
169 4693 191 4750 δ’
205 4693 271 4772 όπῖρ
290 4691 396 4751 ἅπαντα
411 4687 500 4748 πολλά
521 4686 567 4747 καὶ
584 4684 725 4764 θαυμαστά
738 4683 801 4744 όντα
822 4685 890 4763 λαμ·

58 4800 85 4838 so
113 4779 252 4855 πρότατον,
261 4781 293 4839 τό
302 4777 372 4853 μήτε
388 4777 448 4846 τοῦς
463 4775 620 4852 δημοτικοὺς
632 4772 890 4940 μμὶταφρλυφνρίσρφγτὶς
931 4838 1095 4905 patriciis&
1116 4829 1224 4897 aggressi
1249 4831 1321 4888 sunl,
1349 4827 1393 4876 aut
1414 4835 1501 4884 magna
1515 4820 1583 4868 ἄρα,
1599 4814 1705 4877 opums.

110 4869 162 4923 τῶν
176 4866 320 4946 πατρικίων
335 4869 504 4950 ἐπιχειρῆσαι
519 4868 618 4937 αθτοῖς,

109 4951 239 5027 ceptior<
265 4956 319 5016 τῶν
346 4955 493 5037 κρατίστων
522 4955 600 5036 φόνον
623 4950 729 5012 ἀπαντα
753 4947 881 5007 τάκείνων

108 5041 291 5120 παραλαόεῖν,
303 5042 372 5120 μήτε
381 5041 440 5112 τοῦς
450 5045 477 5104 ίν
490 5051 544 5112 τοῖς
559 5041 706 5120 ἀξιώμασιν
720 5035 738 5110 ἢ
754 5034 797 5097 διά
808 5039 880 5117 σφῶν

109 5129 194 5189 αὐτῶν
209 5129 227 5203 ἢ
240 5128 352 5198 ξενικαῖς
364 5131 526 5212 ἐπικουρίαις
538 5129 722 5212 χρησαμένους
731 5127 880 5209 διαφθεῖραι

1654 318 1712 376 437

937 450 1013 510 retur,
1032 448 1101 499 utilis
1115 462 1189 513 esse,
1203 453 1228 500 et
1251 451 1397 514 reipublicae
1416 455 1534 505 Romanus
1552 457 1658 507 maxime
1672 472 1715 510 ne·

937 532 1076 595 cessamus,
1090 534 1134 584 sed
1146 536 1224 600 magis
1238 539 1264 586 et
1280 537 1361 587 minus
1378 541 1523 590 commodus
1537 556 1591 593 esse
1612 558 1656 607 pro
1668 549 1714 596 tri·

938 620 1177 686 bunorumingeniis.
1211 623 1316 680 Quoties
1331 626 1395 675 enirn
1411 626 1458 676 viri
1476 628 1534 678 iusti
1552 633 1577 679 et
1587 631 1715 698 moderati,

938 711 965 759 et
975 708 1080 772 publice
1094 707 1207 758 utilitatis
1225 722 1300 770 quarn
1324 713 1364 761 sui
1382 715 1474 776 privati
1495 718 1618 768 commodi
1631 732 1717 770 amau·

939 798 1027 858 tiores,
1053 797 1117 847 banc
1141 801 1288 861 potestatem
1311 800 1449 864 habebant,
1477 807 1511 865 is,
1532 809 1576 871 qui
1590 808 1719 872 rempubli·

939 899 994 936 cam
1016 884 1136 944 laesisset,
1164 886 1258 935 meritis
1284 889 1361 952 poenis
1389 894 1534 956 persolutis,
1555 898 1577 946 si
1592 897 1633 959 qni
1654 895 1717 946 idem

940 979 1020 1028 lacere
1036 978 1113 1041 parali
1130 985 1229 1042 essent,
1255 988 1348 1034 metum
1371 986 1491 1049 ingentem
1506 987 1655 1037 incuuebat
1670 1004 1676 1034 :
1693 989 1719 1034 at

942 1064 1021 1115 bonus
1035 1063 1082 1124 rir,
1099 1066 1177 1128 etqui
1187 1068 1281 1131 optimo
1296 1072 1376 1122 animo
1400 1076 1423 1124 in
1442 1075 1517 1124 rebus
1531 1075 1622 1139 publici
1636 1087 1718 1125 versa·

941 1156 983 1204 tus
1004 1157 1071 1213 erat,
1095 1168 1173 1218 nopae
1199 1157 1315 1210 iudicium
1337 1165 1408 1227 turpe
1430 1165 1541 1224 subibat,
1559 1167 1583 1214 in
1603 1164 1718 1214 crimina·

944 1243 1052 1293 tiouesa
1070 1243 1121 1292 suis
1143 1246 1232 1296 sindus
1260 1249 1351 1301 alienas
1375 1252 1495 1304 incidebat
1515 1273 1520 1302 :
1542 1255 1639 1318 quoties
1659 1264 1719 1302 rero

939 1328 1045 1393 improbi
1067 1329 1093 1378 et
1106 1330 1297 1392 Intemperantes
1312 1338 1336 1384 et
1351 1337 1418 1386 arari
1439 1338 1549 1388 homines
1563 1343 1654 1389 tantam
1670 1351 1715 1402 po·

937 1422 1054 1480 testatem
1073 1420 1279 1486 adipiscebantur,
1290 1432 1348 1480 tunc
1358 1430 1522 1480 biscontraria
1529 1429 1625 1479 [iebant.
1633 1432 1715 1486 Quare

940 1527 989 1564 uon
1002 1528 1057 1566 mos
1068 1519 1107 1573 est
1129 1517 1303 1582 corrigendus,
1328 1525 1357 1570 ut
1374 1521 1479 1572 vitiosus
1497 1536 1503 1567 :
1515 1518 1559 1569 sed
1570 1520 1596 1568 in
1604 1518 1714 1568 creandis

938 1603 1044 1654 tribunis
1066 1604 1131 1668 plebi
1145 1604 1226 1654 danda
1238 1612 1278 1657 est
1290 1621 1382 1672 opera,
1398 1612 1426 1659 ut
1439 1608 1486 1657 viri
1501 1607 1596 1657 lronesli
1616 1610 1642 1655 et
1657 1606 1713 1656 boni

939 1687 971 1736 ad
985 1688 1009 1737 id
1021 1691 1167 1752 deligantur,
1184 1707 1246 1743 neve
1258 1697 1351 1745 temere
1376 1696 1506 1759 quibusvis
1524 1710 1563 1746 rcs
1578 1694 1639 1744 lauti
1660 1708 1712 1743 mo·

938 1773 1013 1820 menti
1025 1775 1217 1828 commutantur.

979 1889 1064 1942 vat.
1085 1895 1168 1944 Prima
1188 1895 1373 1956 igiturseditio‚
1391 1910 1440 1959 qua
1463 1899 1518 1959 post
1539 1909 1609 1959 reges
1623 1895 1721 1945 exactos

950 1977 1025 2032 fl⁰mo
1044 1986 1176 2049 laborauit,
1188 1987 1221 2038 ob
1233 1988 1278 2039 bas
1291 2001 1379 2038 causas
1390 1991 1429 2039 est
1442 1993 1543 2045 exorta,
1557 1991 1582 2036 et
1595 1987 1661 2035 bunc
1674 1985 1720 2033 lra-

947 2072 1000 2127 buit
1015 2081 1118 2132 exitum.
1175 2081 1297 2132 Prolixior
1319 2082 1403 2129 autem
1424 2079 1450 2128 in
1472 2092 1555 2128 rerum
1582 2076 1720 2127 narratione

950 2168 1043 2233 lui,ac
1059 2175 1116 2237 quis
1141 2174 1203 2226 torte
1224 2175 1340 2232 miretur,
1363 2171 1487 2234 quomodo
1509 2170 1604 2234 patricii
1626 2171 1720 2218 tantam

944 2262 1092 2321 potestatem
1110 2265 1174 2328 plebi
1186 2264 1327 2330 permittere
1342 2261 1480 2323 voluerint,
1493 2275 1574 2325 neque
1589 2260 1660 2310 eaesis
1674 2273 1718 2310 ne·

948 2361 998 2411 que
1013 2353 1089 2417 pulsis
1111 2353 1281 2419 optimatibus,
1300 2355 1327 2402 ut
1346 2351 1370 2400 in
1400 2351 1484 2401 multis
1508 2349 1561 2399 aliis
1581 2348 1720 2399 civitatibus

947 2443 1046 2497 accidit.
1081 2451 1148 2498 Unus
1162 2448 1225 2498 enirn
1247 2447 1367 2509 quisque,
1382 2441 1442 2492 dum
1458 2442 1527 2491 audit
1542 2454 1582 2491 res
1603 2453 1680 2490 noras
1694 2443 1720 2491 et

946 2533 1083 2599 inauditas,
1100 2551 1213 2590 caussam
1227 2537 1290 2589 scire
1306 2537 1388 2600 eupit,
1411 2536 1437 2584 et
1458 2534 1482 2582 in
1507 2532 1553 2582 bac
1575 2533 1627 2582 sola
1646 2531 1719 2583 fidem

946 2643 1015 2681 suam
1031 2631 1141 2682 collocat.
1178 2629 1320 2693 cogitabam
1348 2628 1439 2690 igitur,
1464 2637 1565 2690 parram
1586 2627 1631 2674 aut
1652 2627 1719 2674 certe

946 2721 1036 2772 nullam
1056 2734 1158 2787 prorsus
1186 2733 1249 2770 meae
1272 2718 1375 2769 orationi
1401 2718 1475 2768 tidem
1499 2715 1611 2766 habiturn
1634 2715 1679 2778 tri,
1698 2717 1720 2767 si

947 2813 993 2863 lroc
1004 2814 1099 2862 tantum
1111 2810 1243 2871 ἀίιιίσσσιιι,
1261 2811 1353 2876 patrios
1368 2809 1468 2875 plebeiis
1482 2823 1553 2859 suam
1569 2813 1718 2874 potestatem

947 2902 1090 2964 tradidisse,
1112 2906 1137 2953 el
1150 2916 1206 2954 cum
1216 2906 1316 2968 possent
1335 2916 1380 2966 per
1393 2900 1524 2965 optimates
1543 2902 1719 2966 rempublicam

946 2994 1130 3055 administrare,
1155 3008 1369 3046 rerumsummam
1394 2993 1470 3057 plebis
1493 2993 1593 3043 arbitrio
1615 2997 1719 3046 commi.

942 3089 1016 3142 sisse:
1033 3087 1122 3156 quibus
1143 3098 1204 3137 reru
1228 3081 1262 3133 de
1285 3075 1380 3128 muscis
1398 3074 1451 3124 bac
1475 3086 1590 3124 concessa
1616 3078 1712 3135 essem,

939 3181 1076 3234 omisissem
1091 3195 1097 3224 :
1112 3179 1168 3230 ideo
1185 3172 1260 3240 igitur
1283 3181 1368 3221 omnes
1388 3165 1509 3217 recensui.
1541 3167 1573 3217 Et
1595 3167 1713 3231 quoniam

941 3265 1005 3319 banc
1016 3267 1193 3324 mutationem,
1209 3273 1257 3311 non
1269 3257 1344 3308 armis
1353 3266 1398 3304 nec
1412 3254 1499 3303 mutua
1513 3253 1538 3301 ri
1561 3253 1655 3313 coacti,
1669 3254 1714 3305 sed

938 3361 1048 3412 oratione
1072 3357 1170 3410 adducti
1201 3352 1325 3408 lecerunt,
1349 3346 1453 3397 manime
1475 3347 1638 3397 necessarium
1659 3360 1714 3399 esse

940 3451 1016 3515 duxi,
1035 3455 1101 3517 ipsas
1122 3450 1259 3507 orationes,
1280 3455 1341 3506 quas
1369 3445 1428 3491 tunc
1449 3441 1577 3504 utriusque
1600 3439 1713 3491 lectionis

939 3547 1059 3612 principes
1072 3545 1226 3600 habuerunt,
1241 3537 1317 3588 insius
1337 3534 1467 3599 explicare.
1487 3532 1565 3583 Miror
1585 3536 1667 3585 autem
1682 3535 1713 3584 il·

938 3642 989 3703 los,
1002 3641 1044 3704 qui
1055 3652 1094 3690 res
1105 3638 1167 3688 bello
1183 3639 1265 3699 gestas
1279 3633 1395 3682 accurate
1415 3627 1556 3678 scribendas
1572 3631 1672 3692 putant,
1686 3633 1713 3682 et

940 3742 1113 3796 nonnunquam
1122 3728 1148 3778 in
1160 3727 1234 3776 unico
1242 3721 1326 3789 prelio
1336 3719 1470 3785 plurimum
1480 3718 1613 3769 uerborum
1626 3732 1712 3770 consu·

940 3828 1019 3883 rnunt,
1034 3823 1093 3873 dum
1106 3822 1217 3872 locorum
1230 3819 1345 3868 naturam
1356 3816 1381 3863 el
1393 3813 1526 3861 armaturas
1539 3811 1711 3875 proprietates,

936 3916 1093 3978 atmodum,
1111 3925 1161 3978 quo
1189 3906 1255 3957 acles
1275 3900 1402 3953 instructa
1415 3897 1521 3957 luerint,
1541 3901 1568 3949 et
1579 3898 1709 3963 imperato·

932 4023 988 4062 rum
1012 4007 1210 4065 adhortationes,
1227 4002 1253 4051 et
1271 4010 1311 4048 res
1329 3993 1405 4054 alius,
1419 4006 1476 4058 quas
1495 3992 1619 4043 alterutris
1632 3992 1710 4044 ricto·

932 4105 995 4155 mam
1016 4100 1171 4170 pepererint,
1195 4091 1387 4160 persequuntur,
1411 4083 1472 4136 dum
1485 4083 1572 4136 civiles
1588 4085 1672 4136 motus
1683 4090 1710 4137 et

932 4197 1064 4250 seditimes
1076 4191 1218 4247 describunt
1229 4207 1236 4246 ;
1247 4197 1290 4236 eas
1308 4181 1448 4239 umbones,
1463 4177 1556 4241 quibus
1576 4192 1616 4230 res
1627 4178 1709 4230 inere-

932 4289 1021 4341 dibiles
1037 4293 1113 4354 atque
1126 4280 1278 4337 admirandae
1291 4278 1398 4342 peracta
1418 4274 1492 4331 sunt,
1510 4270 1634 4321 memorias
1648 4283 1709 4336 prn-

932 4474 1030 4540 publica
1040 4473 1114 4524 ualde
1126 4469 1247 4522 laudabile
1258 4480 1287 4518 ac
1297 4464 1398 4529 dignum
1408 4499 1414 4520 ,
1425 4458 1493 4524 quod
1503 4471 1589 4509 ornnes
1598 4457 1709 4509 homines

931 4571 1066 4627 imitentur,
1081 4566 1238 4629 hocquoque
1249 4554 1437 4623 (meoiudicio)
1453 4554 1500 4603 luit
1512 4567 1519 4598 z
1532 4552 1581 4602 imo
1593 4563 1652 4601 raro
1660 4551 1709 4602 hoe

933 4662 1028 4710 ceteras
1047 4667 1134 4707 omnes
1159 4665 1215 4710 res,
1242 4660 1332 4711 easque
1360 4641 1532 4699 admirandas,
1565 4640 1635 4701 longe
1662 4651 1708 4688 suo

932 4744 1062 4813 splendore
1084 4739 1227 4807 superarit,
1250 4735 1317 4801 quod
1341 4747 1422 4799 neque
1451 4728 1540 4795 plebeii
1561 4725 1708 4786 canemptis

932 4936 986 4983 tum
1007 4931 1088 4989 lacta,
1110 4940 1150 4978 res
1168 4936 1254 4976 ornnes
1272 4921 1369 4972 illomm
1383 4917 1547 4980 occuparunt,
1566 4921 1645 4969 neque
1661 4920 1706 4969 pa-

932 5024 1032 5083 tricios,
1050 5024 1093 5072 aut
1114 5017 1256 5070 domesticis
1281 5012 1383 5077 opibus,
1405 5010 1448 5059 aut
1465 5000 1564 5052 auxiliis
1580 5001 1704 5056 externis,

930 5114 1007 5162 totam
1021 5108 1118 5175 plebem
1133 5102 1324 5170 oppresserunt,
1340 5101 1368 5146 ut
1384 5095 1411 5144 in
1426 5092 1553 5156 posterum
1573 5087 1626 5138 sine
1638 5087 1706 5137 metu
