3772 5828
602 460 896 536 introeundum
917 460 1067 524 ιιΟΜΑΝ
1091 464 1162 524 LIB.
1186 466 1228 526 X

120 622 132 647 ιι
148 594 278 668 διεξῆλθε·
293 591 349 653 τδδ
335 589 363 653 δι
375 591 414 670 μὴ
425 591 593 671 μεταδιδόναι
604 594 684 672 λόγου
695 602 749 660 τοῖς
760 593 891 663 ἀντιλέξαι

120 711 131 733 ιι
150 682 263 762 βουλομί
263 705 316 750 νοις
341 680 401 741 ούτι
421 682 555 741 δίκαιον’
540 680 683 790 μπέραινεν
708 680 768 740 οὔτε
791 684 893 742 πολιτι-

119 802 131 824 ιι
146 773 210 850 κδν,
231 772 317 839 ἄλλως
332 794 361 830 τε
376 795 422 830 και
412 769 547 850 περλ’
518 793 598 846 νυμου
611 793 658 842 της
672 769 805 841 ζηεησεως
823 793 894 849 γινο-

119 890 130 912 ιι
147 885 178 936 μι
168 862 243 934 ’νης,
255 858 281 925 t<
293 857 434 938 ἔμελλε
402 882 417 917 ιι
436 858 538 916 είττονα
556 855 677 931 ποιησειν
689 857 739 930 τὴν
755 857 880 929 δίκην
846 881 894 929 της

83 1002 89 1023 ,
119 977 130 999 ιι
148 949 217 1028 βίας.
260 945 398 1022 ιαυτῃ
369 969 421 1027 γαρ
420 881 542 1030 pdpepp'e‘,
562 946 710 1027 χρήσεσθαι
732 945 791 1014 τούς
812 944 893 1025 μηδεν

120 1064 131 1087 ιι
147 1035 202 1094 ἴσον
218 1036 264 1094 καὶ
280 1034 378 1093 δίκαιον
393 1037 447 1101 τοῖς
465 1034 571 1100 πολλοῖς
588 1038 764 1116 φρονοῦντας,
784 1039 830 1095 τοῦ
844 1057 893 1094 τα-

119 1152 131 1175 ιι
148 1123 250 1204 ροίττειν
271 1124 350 1182 πόλιν
374 1122 420 1181 καὶ
449 1121 579 1180 διιστάναι
604 1122 637 1181 τδι
659 1121 824 1203 συμρίροντα
849 1127 894 1194 τῆς

119 1242 131 1263 ιι
147 1213 284 1278 πόλεως.»
299 1213 393 1271 Ταῦτα
408 1208 503 1285 εἰπὼν,
523 1213 569 1269 καί
582 1210 630 1283 τὴν
645 1213 769 1270 ἀπιοῦσαν
783 1213 893 1272 ἀποδει-

117 1300 161 1370 ξας
174 1302 276 1381 ἡμέραν
297 1308 351 1367 τοῖς
374 1298 530 1380 κατηγόροις
542 1306 589 1359 τοῦ
607 1301 710 1378 νόμου,
727 1300 829 1360 διιλυσε
844 1300 893 1372 τὴν

64 1413 91 1451 ιο
117 1390 267 1462 ἐκκλησίαν.
313 1391 349 1450 Οἱ
370 1387 397 1447 δὲ
414 1386 527 1460 ύπατοι,
547 1388 740 1468 συναγαγόντες
762 1389 892 1450 ἰδιωτικὸν

117 1478 246 1557 συνέδριον
269 1477 417 1555 πατρικίων
438 1480 491 1536 τῶν
515 1477 704 1557 ἀνδρειοτάτων
721 1478 818 1557 τεκαὶ
840 1482 892 1556 μεί-

115 1569 192 1624 λιστα
208 1568 234 1623 ἐν
250 1570 282 1644 τῇ
297 1565 373 1623 πόλει
393 1561 448 1623 τότ’
464 1563 627 1640 ἀνθούντων,
648 1564 784 1627 ἐδίδασκον
801 1566 893 1634 αὐτοὺς

116 1657 151 1722 ῶς
166 1683 178 1708 ιι
197 1653 333 1719 Κωλυτίος
347 1650 388 1726 εἴη
408 1651 495 1731 σρισιν
511 1653 635 1731 δνόμυς,
649 1653 734 1732 λόγοις
749 1653 796 1731 μιν
815 1659 890 1734 πρῶ·

118 1771 129 1794 ιι
145 1766 204 1816 τον,
217 1741 261 1800 llo
284 1741 311 1799 δὲ
335 1741 373 1817 μὴ
389 1740 499 1800 πείθωσι
512 1741 557 1800 τὀν
582 1742 681 1818 δῆμον,
699 1742 793 1821 ἔργοις.
813 1742 892 1805 Ἐκί·

75 1865 88 1900 5
117 1860 128 1885 ιι
141 1834 214 1894 λευόν
228 1856 257 1891 τε
273 1829 372 1889 δίπασιν
396 1828 470 1901 ἥκειν
486 1828 563 1889 ἕωθεν
580 1833 615 1897 εἰς
631 1829 680 1902 τὴν
704 1830 818 1911 ἀγορὰν,
835 1831 891 1909 ἅμα

119 1932 196 1989 «τοῖς
211 1920 321 2000 ἑταίροις
344 1942 373 1978 τε
397 1918 443 1977 καλ
464 1919 604 1988 πελάταις,
630 1919 699 1987 όαυις
724 1919 755 1978 ἀν
785 1919 893 1981 ίκαστοι

116 2040 128 2063 ιι
143 2012 273 2076 πλείστοις
293 2009 432 2068 δύνωνται·
445 2007 536 2068 ἔπειτα
559 2008 618 2076 τοὺς
634 2009 682 2086 μιν
705 2009 765 2090 περὶ
780 2011 844 2071 αὐτὸ
861 2011 893 2070 τὸ

116 2126 128 2149 ιι
145 2102 219 2177 βῆμα
235 2096 280 2157 καὶ
296 2097 327 2155 τὸ
344 2095 580 2176 ἐκκλησιαστήριον
599 2101 715 2164 ἑστῶτας
733 2098 891 2177 ὑπομένειν,

116 2214 128 2240 ιι
142 2187 201 2254 τοὺς
215 2186 242 2246 δὲ
257 2185 326 2245 κατι
342 2186 429 2246 πολλὰ
440 2189 486 2257 τῆς
498 2190 595 2264 ἀγοριις
609 2186 679 2266 μάρη
692 2187 892 2270 συστρέψαντας

59 2296 65 2313 ⁶
115 2303 127 2327 ιι
142 2274 247 2342 ἑαυτοὺς
266 2277 422 2352 διαστῆναι,
443 2274 512 2333 ὥστε
527 2274 674 2355 διειλῆφθαι
696 2276 726 2336 τὸ
748 2275 891 2351 δημοτικὸν

114 2391 126 2413 ιι
145 2362 351 2439 διεσπασμίνον,
376 2361 421 2420 καλ
435 2359 582 2420 κωλύεσθαι
607 2363 671 2439 πρὸς
694 2363 780 2420 αὐτῶν
804 2363 841 2430 εἰς
862 2360 891 2420 δν

114 2480 125 2504 ιι
141 2455 306 2513 συνελθεῖν.»
360 2448 466 2510 Ἐδόκει
485 2455 570 2508 ταῦτα
593 2448 721 2529 κράτιστα
748 2440 830 2523 εἶναι,
844 2450 890 2509 καὶ

112 2539 173 2619 πρὶν
186 2538 288 2619 ἡμέραν
308 2536 435 2616 λαμπρδιν
452 2538 589 2616 γενέσθαι,
605 2537 638 2597 τὰ
661 2536 749 2596 πολλὰ
767 2542 813 2610 τῆς
829 2540 892 2618 ἀγο·

115 2637 161 2708 ρᾶς
174 2628 312 2705 κατείχετο
327 2625 377 2683 ὑπὸ
391 2629 443 2683 τῶν
461 2623 620 2704 πατρικίων.

72 2773 76 2786 ,
152 2717 227 2777 XLI.
252 2713 330 2774 Μετά
350 2718 434 2771 ταῦτα
474 2712 500 2772 οἵ
514 2736 543 2771 τε
559 2713 693 2791 δήμαρχοι
718 2712 764 2771 καί
782 2714 806 2772 οι
821 2713 889 2775 θπα·

115 2826 154 2863 τοι
169 2807 315 2882 παρῆσαν,
337 2801 383 2862 και
401 2800 486 2880 λέγειν
501 2804 515 2859 ὁ
530 2799 612 2881 κῆρυξ
631 2801 751 2861 ἐκέλευσε
770 2800 813 2861 τδν
828 2807 892 2883 βου·

111 2891 222 2970 λόμενον
237 2896 284 2951 τοῦ
300 2889 380 2968 νόμου
395 2895 561 2971 κατηγορεῖν.
593 2892 706 2950 Πολλῶν
718 2890 747 2950 δι
762 2891 808 2951 και
822 2894 892 2973 ἀγα-

111 2983 162 3041 θῶν
184 2982 286 3060 ἀνδρῶν
315 2979 478 3059 παριόντων,
503 2980 605 3047 οὖδενδς
633 2978 788 3050 ἐξάκουστος
817 2972 850 3054 ἧν
876 2985 890 3042 δ

110 3070 194 3150 λόγος,
210 3068 261 3129 ὑπὸ
275 3074 322 3130 τοῦ
338 3069 448 3149 θορύύου
462 3092 491 3128 τε
507 3072 613 3140 καὶτῆς
631 3068 762 3146 ἀκοσμίας
778 3071 830 3129 τῶν
843 3074 891 3130 ἀκ-

110 3158 315 3234 κλησιαζόντων.
329 3160 365 3219 Οι
378 3156 426 3232 μὲν
441 3157 492 3237 γάρ
505 3155 658 3216 ίπεκίλευόν
673 3179 703 3216 τε
714 3156 761 3217 και
779 3158 890 3240 ιπεθιίρ·

111 3271 185 3329 ρυνον
204 3246 263 3315 τοθς
287 3246 424 3324 λέγοντας,
447 3248 471 3307 οί
494 3246 517 3304 δ’
539 3242 679 3314 ἐξίόαλλόν
700 3268 730 3304 τε
753 3246 798 3306 και
811 3269 891 3308 κατε-

110 3337 187 3399 όόων.
207 3335 332 3416 Ἐκριίτιι
347 3334 374 3394 δὲ
388 3333 448 3393 οὔτε
464 3336 478 3392 ὁ
493 3337 545 3393 τῶν
558 3331 799 3409 συλλαμόανόντων
816 3334 890 3396 ἀπαι·

110 3448 166 3498 νας,
186 3422 271 3484 edred
293 3425 345 3481 τῶν
367 3421 596 3501 ἀντιπραττόντων
612 3421 732 3502 δόρυύος.
778 3424 887 3503 'Apoea-

110 3514 239 3575 κτούντων
254 3511 281 3572 δι
295 3517 347 3571 τῶν
360 3510 467 3570 ιιπᾶτων
478 3511 524 3570 καὶ
538 3511 768 3591 μαρτυρομίνων,
785 3512 825 3573 ὅτι
839 3520 888 3586 τῆς

113 3602 170 3682 βίας
182 3606 196 3661 ὁ
214 3603 294 3675 δῆμος
309 3600 386 3680 ἀργιι
398 3598 474 3676 λόγον
488 3602 536 3659 οὐκ
551 3598 629 3668 ἀξιῶν
649 3598 806 3675 ὑπομένειν,
820 3603 884 3661 ἀπι-

111 3694 234 3768 λογυιιντο
250 3692 274 3748 οἱ
290 3688 423 3768 δήμαρχοι
438 3687 502 3768 πρὸς
517 3692 602 3746 ταῦτα
623 3688 677 3763 ὅτι,
692 3688 744 3761 ἤδη
763 3687 885 3766 πέμπτον

111 3779 165 3847 ἔτος
181 3780 233 3836 τῶν
249 3779 333 3835 αὐτῶν
348 3776 487 3844 ἀκούοντες
505 3775 604 3856 λόγων,
619 3778 692 3838 οὐθὲν
706 3782 809 3837 ποιοῦσι
824 3782 887 3837 θαυ-

111 3867 232 3945 μαστδν,
249 3866 271 3924 εἰ
287 3864 325 3942 μὴ
343 3863 456 3934 ἀξιοῦσιν
471 3867 611 3942 ὑπομένειν
625 3866 720 3933 ἑώλους
740 3866 785 3925 καὶ
800 3872 885 3938 καθη·

111 3952 275 4032 μαξευμένας
290 3952 449 4029 ἀντιλογίας.
472 3951 522 4020 Ὡς
535 3951 562 4013 δὲ
576 3953 606 4013 τδ
621 3955 710 4013 πλεῖον
724 3958 770 4026 τῆς
786 3955 887 4034 ἡμίρας

111 4047 146 4109 εις
166 4048 250 4102 ταῦτα
267 4040 433 4112 ἐδαπανήθη,
457 4042 530 4099 καλό
554 4041 636 4114 δῆμος
659 4041 756 4121 ἀπῄτει
771 4043 818 4110 τις
831 4041 885 4125 pai·

111 4157 186 4212 ρους,
208 4131 294 4189 οὐκέτι
318 4127 465 4208 ἀνασχετὸν
489 4130 655 4208 ἡγησάμενοι
674 4130 704 4191 τι
726 4140 838 4212 πρᾶγμα
861 4134 886 4192 οἱ

109 4220 233 4281 νεώτατοι
247 4222 299 4279 τῶν
321 4218 482 4298 πατρικίων,
504 4217 654 4278 διίστασθαι(
675 4242 704 4278 τε
720 4221 886 4298 βουλομένοις

108 4311 177 4371 κατὰ
198 4307 280 4392 ρυλδις
294 4314 348 4375 τοῖς
360 4306 502 4385 δημόταις,
527 4307 650 4387 ίμποδὼν
665 4308 778 4388 ἀγίνοντο
793 4311 838 4368 καλ
852 4309 886 4369 τά

109 4406 202 4480 ἀγγεῖα
222 4403 274 4458 τῶν
289 4397 384 4480 ψήρων
402 4395 462 4465 τούς
478 4395 586 4478 ἔχοντας
603 4400 759 4478 ἀρηρυῶντο,
773 4398 819 4458 καλ
833 4402 886 4459 τῶν

109 4488 306 4570 ὑπηρετούντων
330 4485 391 4555 τοὺς
412 4486 449 4564 μιλΙ
475 4487 650 4567 βουλομένους
674 4492 758 4547 ταῦτα
782 4486 887 4570 ἀριίναι

109 4577 245 4647 τύπτοντίς
261 4603 290 4639 τε
306 4577 351 4637 και
365 4578 491 4643 ὠθοῦντες
514 4576 667 4646 ίξίύαλλον.
709 4576 886 4658 Κικραγότων

110 4665 138 4724 δὲ
147 4670 200 4725 τῶν
214 4668 373 4749 δημάρχων,
393 4665 439 4724 καὶ
454 4667 490 4732 εις
504 4658 600 4742 μίσους
615 4663 708 4733 αὐτούς
717 4664 885 4743 ὠθουμίνων,

110 4753 216 4823 ἐκείνοις
231 4759 277 4831 μιν
290 4756 443 4836 ὑπεχώρουν
458 4755 503 4814 καὶ
518 4765 662 4834 παρεῖχον,
679 4753 739 4813 ὅποι
752 4753 887 4833 βούλοιντο

109 4845 206 4921 χωρεῖν
222 4844 320 4922 ἀδεῶς,
337 4851 383 4905 τοῦ
403 4843 430 4905 δὲ
455 4842 537 4903 ἄλλου
556 4843 642 4919 δήμου
665 4840 724 4909 τοὺς
747 4841 887 4920 ἑπομένους

110 4933 197 4997 αὐτοῖς
212 4928 268 5011 [και
284 4932 315 4990 τδ
329 4935 390 4991 κατ’
407 4933 477 4992 ἀλλα
496 4932 542 4991 και
561 4932 630 4990 ἀλλα
646 4928 716 5012 μίρη
728 4933 775 5001 τῆς
790 4936 887 5009 ἀγορᾶς

111 5022 161 5082 ὑπὸ
180 5017 290 5100 θορύδου
305 5020 350 5078 καὶ
374 5020 481 5090 ἀταξίας
494 5019 647 5098 κινούμενον
667 5021 710 5079 ιπ·
726 5019 835 5098 αὐτοὺς]
856 5021 884 5078 οὐ

112 5106 296 5192 παρίεσαν,
277 5130 332 5166 ωστ
333 5105 477 5189 ’ἀνωφελῆ
479 5134 491 5175 ς
460 5100 539 5182 iv
553 5111 611 5189 [τῷ
626 5106 721 5188 δήμῳ]
742 5110 809 5180 ἡ
773 5131 825 5167 των
840 5111 888 5186 ἀρ·

111 5200 233 5280 Ι[όντων
228 5194 348 5266 βοήθεια.
389 5190 561 5264 Τίλοςδι
530 5219 575 5257 ουν
591 5197 775 5278 ιπικροίτηοαν
791 5197 815 5254 οι
829 5217 887 5256 πα-

111 5289 224 5372 τρίκιοι,
238 5310 284 5346 και
298 5287 344 5346 οὐκ
357 5283 448 5345 ειασαν
462 5286 657 5367 ἐπικυρωθῆναι
671 5284 757 5345 τδν
728 5287 890 5362 νυμον.οι

1670 479 1732 539 sle

952 605 1031 666 «,ret
1051 604 1076 655 id
1089 618 1136 656 uec
1142 605 1239 670 justum
1255 622 1318 668 esse,
1339 623 1385 660 nee
1399 610 1511 662 moribus
1522 612 1629 666 civitatis
1644 630 1731 683 recep·

950 704 1032 753 «tum
1045 701 1158 767 dicebat,
1171 706 1310 768 praesertim
1324 720 1402 769 quum
1418 709 1449 759 de
1470 709 1523 772 tege
1537 715 1659 776 ageretur,
1672 728 1731 780 quae

951 798 1026 862 «juri
1046 803 1131 851 eontra
1151 801 1294 854 violentiam
1316 806 1417 856 iurmerot
1452 810 1499 857 Eos
1513 810 1593 868 enim,
1609 811 1651 874 qui
1668 812 1731 863 nibil

950 893 1043 957 «aqui
1057 909 1102 946 uec
1118 898 1179 961 justi
1192 897 1222 949 de
1234 899 1305 963 plebe
1321 901 1470 964 sentiebant,
1483 902 1547 955 hauc
1572 906 1730 959 occasionem

950 989 1080 1042 «sortasse
1103 998 1261 1057 arrepturus,
1287 1000 1317 1045 ut
1340 998 1468 1071 civitatem
1493 1001 1583 1051 iterum
1602 1003 1733 1054 turbarent

951 1104 963 1127 ιι
977 1090 1004 1138 ει
1023 1087 1125 1140 dissidia
1141 1091 1279 1154 peruiciosa
1300 1097 1325 1144 tu
1342 1108 1371 1144 ea
1388 1102 1506 1149 sererent.
1525 1119 1537 1143 ν
1571 1101 1616 1150 ilis
1640 1101 1733 1161 dictis,

868 1211 876 1233 ι
946 1183 1072 1248 jussisque
1095 1185 1271 1239 incrastinum
1289 1188 1391 1252 adesse,
1420 1193 1462 1257 qui
1485 1193 1564 1258 legem
1585 1196 1732 1248 dissuadere

946 1280 1053 1342 ¹vellent,
1076 1282 1217 1332 nuncianum
1239 1283 1340 1335 dimisit.
1387 1289 1420 1337 At
1439 1289 1571 1350 consules,
1595 1293 1730 1341 convocato

948 1375 1016 1427 domi
1036 1378 1248 1443 mucillopatrum
1262 1394 1361 1442 eorum,
1381 1383 1423 1446 qui
1447 1384 1573 1436 tortissimi
1598 1391 1677 1446 erent,
1698 1388 1728 1439 et

949 1475 991 1538 qui
1005 1478 1064 1526 tune
1081 1477 1107 1527 iu
1121 1478 1247 1542 republica
1259 1479 1367 1531 ιαιιιιιιιο
1383 1480 1516 1545 ttorebaut,
1535 1497 1578 1534 eos
1589 1483 1732 1536 docueruut

951 1573 1090 1625 «omuibus
1101 1576 1181 1626 modis
1195 1578 1274 1642 legem
1295 1578 1478 1643 impediendam
1491 1596 1562 1643 esse,
1577 1584 1659 1634 verbis
1676 1585 1732 1649 pri·

951 1686 1044 1722 «mum
1062 1677 1096 1734 et,
1115 1675 1162 1724 uisi
1186 1689 1238 1726 rem
1260 1677 1327 1741 plebi
1349 1679 1498 1742 persuadere
1521 1684 1636 1743 possent,
1658 1681 1730 1733 iactis

950 1792 962 1815 ιι
976 1771 1063 1829 ειιειιιις
1074 1773 1251 1836 jusseruntque
1270 1788 1355 1825 ornnes
1370 1789 1441 1827 mane
1452 1791 1509 1826 eum
1519 1777 1604 1828 amicis
1617 1780 1643 1828 et
1656 1779 1730 1830 clien-

951 1888 963 1912 ιι
976 1867 1057 1927 tibus,
1071 1883 1146 1931 quam
1156 1869 1269 1931 piurimis
1279 1873 1387 1936 quisque
1396 1877 1489 1938 posset,
1502 1874 1526 1923 in
1542 1874 1623 1924 torum
1633 1874 1728 1926 venire.

951 1988 963 2010 ιι
978 1968 1072 2019 Deinde
1085 1969 1146 2018 elios
1160 1971 1226 2020 circa
1240 1972 1321 2035 ipsum
1334 1972 1444 2022 tribuual
1458 1976 1483 2023 et
1497 1973 1624 2024 comitium
1634 1975 1731 2025 consis-

951 2083 964 2106 ιι
981 2069 1031 2114 tere
1042 2067 1068 2114 et
1079 2078 1106 2114 se
1129 2069 1289 2127 exspectare,
1306 2066 1368 2116 alios
1383 2067 1480 2117 diversa
1499 2068 1545 2117 iori
1558 2068 1612 2118 loca
1630 2072 1730 2133 oouglo·

952 2178 965 2202 ιι
979 2158 1049 2208 batos
1067 2172 1199 2223 occupare,
1214 2164 1242 2210 ut
1254 2161 1324 2224 plebs
1345 2162 1418 2213 variis
1428 2164 1488 2213 loeis
1501 2163 1614 2229 dispersu
1631 2167 1730 2218 interci-

952 2278 964 2301 ι
976 2261 1076 2322 peretur
1083 2260 1116 2315 et,
1134 2272 1165 2308 ue
1183 2259 1208 2308 iu
1220 2273 1296 2309 unum
1307 2260 1399 2323 eoiret,
1414 2262 1506 2312 abillis
1519 2263 1700 2328 prohiberetur.
1715 2286 1730 2311 ι

950 2357 1003 2405 Hoc
1013 2355 1141 2406 consilium
1158 2355 1241 2406 risum
1260 2360 1299 2406 est
1314 2358 1450 2422 optimum,
1473 2363 1550 2424 atque
1562 2364 1620 2411 aute
1635 2361 1728 2413 clarem

949 2452 1032 2504 lucem
1051 2453 1126 2504 variae
1143 2453 1189 2504 lori
1209 2456 1292 2519 partes
1315 2468 1330 2505 a
1347 2456 1457 2518 putrieiis
1474 2461 1604 2522 occupate
1619 2457 1731 2511 luerunt.

980 2728 1042 2777 λιιι.
1070 2733 1160 2780 Postea
1176 2730 1267 2781 tribuni
1286 2738 1361 2797 atque
1379 2734 1493 2785 consules
1508 2749 1538 2786 eo
1557 2740 1688 2798 acuerunt,
1701 2739 1729 2789 et

946 2817 1073 2881 jusserunt
1091 2835 1134 2885 pter
1143 2836 1281 2886 praeconem
1294 2839 1336 2874 eos
1350 2827 1463 2889 prodire,
1478 2830 1520 2893 qui
1533 2830 1624 2879 vellent
1641 2833 1730 2882 eontra

949 2910 1027 2973 legem
1040 2911 1130 2965 dicere.
1164 2916 1246 2971 Quum
1273 2920 1356 2966 autem
1375 2917 1448 2967 multi
1465 2932 1494 2967 ac
1515 2918 1586 2982 probi
1605 2920 1651 2970 riri
1666 2935 1729 2984 pro-

948 3001 1066 3066 diissent,
1080 3018 1165 3056 eorum
1176 3007 1254 3057 oratio
1271 3021 1323 3070 pras
1343 3010 1493 3061 tumultuet
1507 3013 1652 3064 contusione
1664 3029 1728 3065 cou-

947 3095 1025 3146 eiouis
1035 3110 1051 3146 a
1062 3097 1130 3147 nullo
1139 3099 1254 3150 exaudiri
1267 3104 1374 3165 poteret.
1407 3104 1472 3153 ilem
1487 3116 1539 3165 eos,
1549 3105 1592 3167 qui
1603 3105 1726 3171 dicebaut,

948 3190 989 3242 alil
1010 3189 1217 3252 adhortabantur,
1232 3193 1377 3258 animosque
1400 3194 1449 3246 illis
1470 3196 1606 3261 addebant;
1626 3198 1668 3249 elii
1682 3214 1726 3251 eos

947 3285 1125 3350 explodebant,
1137 3290 1164 3337 et
1176 3287 1324 3338 clamoribus
1337 3289 1369 3339 iis
1391 3288 1578 3355 obstrepebant,
1611 3293 1661 3343 Sed
1681 3306 1726 3343 uec

948 3380 1017 3429 lavor
1030 3379 1211 3444 adjuvantium,
1228 3396 1273 3432 nec
1288 3383 1411 3432 tumuitus
1435 3383 1621 3436 adversantium
1637 3387 1723 3438 vince·

948 3471 1000 3522 bat.
1033 3473 1095 3521 Tum
1114 3472 1259 3522 consulibus
1273 3472 1297 3521 id
1318 3473 1415 3537 indiguo
1432 3474 1582 3539 terentibus,
1597 3480 1622 3527 el
1635 3479 1726 3528 testam

945 3563 1023 3624 tibus,
1038 3562 1162 3613 violentiae
1173 3563 1270 3614 initium
1282 3579 1296 3613 a
1308 3565 1378 3628 plebe
1398 3565 1464 3627 lieri,
1480 3567 1549 3630 quod
1567 3568 1657 3619 nullius
1669 3585 1725 3621 ora·

946 3656 1038 3707 tionem
1055 3654 1140 3705 audire
1156 3658 1244 3719 vellet,
1270 3656 1301 3705 ed
1315 3656 1370 3709 lutee
1383 3658 1477 3710 tribuni
1495 3661 1676 3726 responderunt
1688 3676 1724 3725 se,

944 3762 1022 3813 quum
1033 3749 1084 3814 jam
1095 3749 1206 3812 quintum
1218 3765 1310 3801 aunum
1320 3752 1406 3803 eadem
1426 3753 1502 3804 rerba
1523 3754 1645 3816 audirent,
1662 3752 1725 3805 nibil

944 3842 1083 3894 mirandum
1103 3843 1192 3903 iacere,
1207 3843 1229 3893 si
1244 3844 1368 3896 obsoletas
1382 3845 1438 3896 illas
1454 3849 1480 3896 et
1496 3846 1568 3897 tritas
1586 3847 1725 3897 altercatio·

942 3939 1166 4003 uesampliuspeti
1187 3940 1287 3990 nollent.
1322 3945 1359 3991 lta
1382 3942 1457 4006 igitur
1469 3942 1519 3993 diei
1545 3944 1637 3994 maiore
1652 3946 1723 4006 parte

942 4032 967 4084 iu
984 4033 1039 4084 baec
1050 4032 1177 4094 absumta,
1197 4036 1222 4084 et
1235 4034 1306 4097 plebe
1319 4035 1427 4085 calculos
1446 4035 1599 4099 postulante,
1615 4035 1720 4097 juvenes

942 4126 1046 4192 patricii,
1073 4140 1125 4178 rem
1145 4139 1194 4176 uou
1216 4126 1461 4191 ampliusIerendam
1485 4129 1546 4189 rati,
1566 4129 1676 4193 plebeios
1698 4128 1723 4178 iu

941 4237 999 4273 suas
1013 4220 1092 4273 tribus
1102 4221 1217 4272 secedere
1229 4225 1342 4285 parentes
1348 4221 1526 4287 impediebant,
1539 4227 1565 4274 et
1579 4237 1653 4273 umes
1666 4236 1724 4273 cum

941 4314 1042 4366 calculis
1064 4313 1236 4364 diribitoribus
1265 4314 1418 4379 eripiebant,
1447 4318 1473 4367 et
1500 4316 1626 4366 ministms
1645 4314 1676 4364 ed
1696 4312 1722 4363 ιιι

942 4408 1099 4467 constitutos,
1115 4408 1138 4457 si
1151 4408 1193 4470 qui
1208 4407 1324 4459 uolebant
1337 4407 1406 4460 abire
1438 4409 1556 4460 eredendo
1565 4413 1591 4459 et
1604 4403 1724 4472 pulsando

941 4496 1104 4561 expellebant.
1139 4496 1255 4547 Tribunis
1275 4511 1335 4548 rero
1354 4497 1565 4558 vociteranlibus,
1586 4501 1611 4547 et
1629 4496 1654 4545 in
1667 4507 1721 4545 me·

941 4587 1008 4637 ιιιειιι
1021 4599 1107 4636 eorum
1119 4586 1218 4636 turbem
1231 4600 1258 4637 se
1274 4588 1475 4651 conjicientibus,
1496 4587 1555 4650 ipsis
1572 4585 1671 4649 quidem
1681 4599 1722 4638 ce·

941 4674 1049 4735 debent,
1060 4687 1152 4738 eosque
1171 4677 1243 4733 tuto,
1265 4689 1423 4739 quacumque
1436 4689 1463 4725 se
1478 4675 1625 4731 intulissent,
1639 4676 1720 4724 traus-

941 4764 977 4815 ire
995 4764 1107 4815 sinebant
1127 4782 1134 4813 z
1159 4768 1185 4814 et
1200 4763 1318 4827 reliquam
1343 4764 1457 4822 turbam,
1475 4778 1530 4827 quau
1554 4762 1642 4825 partim
1666 4761 1718 4810 illos

941 4854 1100 4918 sequebatur,
1115 4852 1207 4918 partim
1216 4852 1292 4902 eliam
1303 4852 1467 4917 incomposito
1477 4851 1587 4901 tumultu
1601 4848 1720 4898 concitato

941 4941 966 4991 iu
985 4942 1052 5007 ipsos
1064 4956 1108 5007 per
1128 4942 1208 4992 uarias
1228 4940 1274 4990 tori
1290 4943 1372 5005 partes
1393 4941 1526 4997 terebatur,
1542 4951 1590 4986 nou
1605 4935 1721 4986 admitte·

941 5029 1016 5089 bant:
1031 5030 1064 5080 ile
1083 5033 1112 5081 ut
1130 5030 1284 5080 tribunorum
1298 5029 1415 5079 auxilium
1433 5026 1498 5091 plebi
1511 5026 1570 5075 nillil
1584 5023 1721 5088 prodesset.

942 5116 1051 5169 Tandem
1078 5118 1154 5182 igitur
1174 5118 1289 5168 ιιοειιιιιι
1309 5114 1423 5179 patricii,
1450 5127 1494 5163 uec
1520 5113 1600 5175 legem
1618 5111 1722 5176 perterri

942 5206 1009 5271 paesi
1020 5208 1088 5255 suut.
1120 5206 1169 5264 Qui
1184 5219 1245 5256 vero
1264 5203 1413 5268 praecipuam
1428 5214 1527 5264 operam
1540 5200 1565 5251 iu
1581 5214 1610 5251 ea
1620 5204 1723 5252 oonteu·

943 5294 1010 5345 tione
1034 5293 1177 5345 consulibus
1204 5291 1320 5343 alacriter
1339 5302 1443 5341 navasse
1466 5288 1723 5352 existimationem
