3772 5828
156 270 216 331 566

159 430 172 451 ιι
185 423 251 459 τιον.
267 398 307 458 Τὸ
319 394 371 476 γάρ
385 396 439 461 ἔθος
453 392 484 451 τδ
497 391 761 469 συνεισπορευόμενον
777 392 835 468 ἀμα
849 390 935 473 τούτῳ

159 517 171 540 ιι
185 489 232 548 καὶ
244 485 366 562 διαμένον
381 486 407 543 ἐν
418 488 452 563 τῇ
464 482 553 553 πόλει,
563 482 609 539 καὶ
620 480 699 560 μέχρι
711 480 808 547 παντὸς
817 480 934 561 ὐλέθριον

159 602 172 625 ιι
186 574 321 634 ἐστονκαὶ
337 570 428 630 δεινόν·
448 570 477 629 οὐ
498 569 549 648 γάρ
564 567 660 648 ἐξαιριῖ
680 568 727 635 ri<
745 567 861 649 πονηρδις
878 570 937 628 ἐπι-

160 690 172 714 ιι
187 662 282 739 θυμίας
308 663 337 719 ἐκ
362 664 408 729 τῆς
432 662 519 739 ιψυχῆς
546 658 576 717 τδ
599 658 738 737 τνγχάνειν
754 659 859 733 αὐτῶν,
878 657 936 716 ἀλλ’

160 776 173 803 ιι
187 751 259 819 αὔξει
273 751 319 809 καὶ
335 747 510 827 πονηροτέρας
524 754 603 807 ποιεῖ.
620 746 763 826 Τεκμήρια
779 748 802 806 δ’
821 750 882 824 ύμῖν
896 769 937 825 γε·

161 870 173 891 ι
187 842 271 901 νίσθω
290 838 387 899 τούτοιν
400 838 433 896 si
448 839 527 916 ἔργα·
547 834 573 894 τί
586 834 637 915 γάρ
651 836 690 894 δεῖ
704 844 758 902 τοῖς
771 834 857 913 λόγοις
869 837 937 912 ὑμᾶς

161 958 173 979 ιι
189 936 242 995 τοῖς
256 925 361 1005 ἐμοῖςέΙ
381 934 434 991 τοῖς
455 924 580 1001 Αἰμιλίου
600 922 758 1002 προαίχιινς

201 1019 274 1079 Liil.
296 1046 309 1070 ιι
328 1014 400 1077 Ὶστε
420 1013 506 1085 δήπου
520 1012 631 1085 ποίντες,
647 1012 721 1079 ὐσους
735 1009 937 1091 ἐχειρωσάμεθα

161 1134 173 1157 ιι
189 1107 330 1183 πολεμίως
351 1105 397 1163 καὶ
416 1102 480 1175 δἀην
494 1106 543 1180 γῆν
558 1100 804 1181 προενομεύσαμεν,
819 1100 867 1159 καλ
888 1098 938 1158 δσα

162 1198 294 1277 ιιλοίρυρα
310 1198 339 1255 ἐκ
361 1198 413 1253 τῶν
430 1190 544 1252 ἁλόντων
560 1189 665 1269 χωρίων
690 1189 837 1266 ἐλάύομεν,
862 1178 900 1247 ὧν
914 1191 939 1247 ot

161 1314 174 1335 ιι
188 1290 310 1364 πολέμιοι
327 1284 477 1363 στερόμενοι
488 1280 553 1346 τέως
568 1278 719 1355 εὐδαίμονες
733 1278 805 1345 ὄντες
815 1279 842 1336 ἐν
851 1279 938 1357 πολλῇ

161 1404 173 1425 ιι
188 1378 353 1444 κατέστησαν
366 1372 473 1450 ἀπορία·
485 1369 530 1428 καῖ
547 1368 587 1427 ὅτι
602 1369 700 1428 τούτων
713 1367 815 1434 οὐδενὸς
828 1366 939 1439 ἀπηλεί-

162 1494 173 1517 ιι
190 1468 273 1536 θησαν
292 1463 351 1521 οὐδὲ
369 1464 442 1537 μεῖον
464 1456 611 1529 ἐκτήσαντο
626 1459 652 1515 ἐν
675 1464 732 1523 ταῖς
755 1455 892 1533 διανομαῖς
912 1459 938 1514 oi

161 1580 174 1601 ιι
188 1553 236 1623 τὴν
259 1552 371 1630 ἀπορίαν
386 1546 549 1626 ὀδυρόμενοι.
573 1535 631 1626 'lp'
650 1537 695 1607 οὐν
717 1543 761 1605 διδ
778 1545 875 1613 ταύτας
892 1542 939 1610 τάς

162 1668 174 1693 ιι
190 1639 338 1711 ἐπικτήσεις
358 1635 603 1718 ἐπανορθωσόμενοι
618 1633 754 1716 ραίνονταί
777 1659 802 1694 τι
817 1640 865 1708 τῆς
884 1656 937 1692 πα·

162 1758 174 1781 ιι
188 1731 265 1795 λαιᾶς
278 1728 359 1807 τύχης
373 1728 418 1787 καί
438 1726 642 1803 προεληλυθότες
662 1729 697 1791 είς
718 1725 870 1806 ἐπιράνειαν
887 1727 940 1789 τοῖς

162 1847 174 1869 ιι
191 1814 432 1895 βίοιςςἘῧουλόμην
443 1817 466 1874 δ’
478 1816 508 1872 ἀν
518 1816 563 1872 καὶ
576 1821 642 1881 θεοῖς
653 1814 784 1890 εὐὶἀμην,
799 1812 844 1872 tls
856 1806 938 1885 ήττον

161 1936 174 1957 ι
188 1898 256 1979 ήααν
269 1911 293 1967 οἱ
304 1906 440 1978 ἐπίσκηνοι
453 1904 566 1983 λυπηροὶ
577 1910 610 1984 τῇ
623 1905 708 1963 πόλει.
753 1906 806 1964 λ’ῦν
818 1904 846 1962 δέ
862 1906 939 1982 δρᾶτε

162 2026 174 2049 ιι
188 1997 240 2077 γλρ
258 1998 304 2056 καί
316 1998 422 2055 ἀκούετε
438 1997 523 2053 αὐτῶν
539 1992 717 2073 ὀδυρομένων,
739 1992 779 2049 ὅτι
793 1992 820 2049 ἐν
836 1992 938 2069 ἐσχάτη

162 2116 174 2139 ιι
189 2087 253 2145 εἰσίν
267 2084 382 2164 ἀπορία,
395 2082 459 2143 ὥστ’
473 2083 528 2141 οὐδ’
546 2085 570 2140 ei
584 2089 681 2151 ταῦτα,
697 2079 714 2137 ἀ
728 2084 774 2136 νῦν
788 2079 938 2151 αἰτοῦνται,

163 2202 175 2227 ιι
189 2174 235 2233 καὶ
261 2173 300 2231 ἐτι
323 2171 421 2230 τούτοιν
449 2170 576 2245 λιίόοιμεν
602 2169 684 2227 πλείω
714 2165 939 2244 ἐπανορθώσονται

163 2290 175 2313 ιι
191 2261 249 2326 τούς
268 2259 348 2336 Ιδέους.
401 2261 441 2320 Οὐ
455 2260 507 2339 γὰρ
521 2261 548 2317 έν
564 2267 621 2324 ταῖς
637 2256 728 2337 τύχαις
744 2256 828 2315 αὐτῶν
844 2256 940 2314 ἐνοικεῖ

164 2380 175 2400 ιι
190 2349 220 2405 τδ
239 2348 347 2427 ἄπορον,
365 2348 435 2407 ἀλλά
461 2350 487 2406 ἐν
512 2352 565 2415 τοῖς
585 2345 702 2428 τρόποις,
723 2344 768 2415 οὐς
786 2346 836 2426 οὐχ
854 2334 939 2403 οἷονδ

164 2466 175 2489 ιι
192 2435 291 2516 βραχύς
306 2427 380 2503 αὐτος
393 2434 558 2515 ἐκπληρώσει
574 2437 684 2513 κλῆρος,
701 2436 760 2494 ἀλλ’
772 2435 818 2493 οὐδ
828 2436 857 2493 αἱ
872 2431 941 2509 σύμ·

111 2550 136 2587 οτι
164 2554 175 2577 ιι
191 2548 276 2583 πασαι
290 2523 419 2603 βασιλέοιν
435 2549 462 2583 τε
480 2525 524 2583 καὶ
536 2523 668 2602 τυράννων
681 2523 787 2602 δωρεαί.
832 2521 938 2599 Δρόσο·

161 2644 173 2667 ιι
189 2614 237 2690 μέν
252 2637 295 2684 τε,
309 2615 331 2670 εἰ
348 2614 392 2670 καὶ
408 2614 493 2667 ταῦτα
506 2612 714 2688 συγχωρήσομεν
730 2609 831 2676 αὐτοῖς,
847 2607 938 2678 ὅμοια-

161 2705 213 2770 τοῖς
236 2704 301 2779 πρὸς
326 2698 422 2771 ἡδονήν
448 2696 620 2778 θεραπεύουσι
644 2696 704 2764 τούς
728 2717 875 2772 καμνοντας
897 2695 940 2752 ἰα-

165 2816 176 2839 ιι
193 2794 272 2863 τροῑς.
315 2789 355 2847 Οὐ
373 2787 424 2866 γάρ
439 2787 469 2845 τὸ
483 2792 573 2845 νοσοῦν
594 2785 783 2861 ὑγιασθήσεται
803 2788 849 2853 τῆς
867 2784 942 2841 πολι-

166 2902 178 2925 ιι
194 2874 264 2941 τείας
286 2874 378 2953 μέρος,
401 2874 530 2933 ἀλλὰκαὶ
552 2874 581 2931 τδ
600 2872 712 2949 ὑγιαῖνον
732 2869 877 2929 ἀπολαύσει
895 2873 941 2937 τῆς

110 2992 138 3031 μ,
165 2990 177 3013 ιι
192 2963 277 3023 νόσου.
295 2963 415 3021 Καθόλου
432 2985 477 3033 τε,
494 2954 515 3019 ὦ
529 2960 626 3036 βουλή,
636 2962 736 3030 πολλῆς
761 2961 821 3034 ύμῖν
833 2958 870 3015 δεῖ
884 2958 941 3014 ἐπι-

168 3078 178 3102 ι
194 3050 298 3126 μελείας
313 3073 341 3107 τε
362 3048 407 3106 καὶ
430 3048 579 3128 φροντίδος,
604 3048 674 3114 ὅπως
689 3050 720 3106 ἂν
738 3046 842 3117 σώσητε
867 3044 940 3122 πόσῃ

166 3168 178 3192 ιι
193 3141 324 3219 προθυμία
336 3136 537 3218 διαφθειρόμενα
553 3136 647 3206 εὐήθη
659 3140 705 3205 τῆς
716 3134 827 3200 πόλεως.
841 3131 941 3210 Ὁρᾶτε

167 3259 179 3283 ιι
197 3229 257 3311 γάρ,
277 3233 311 3297 εἷς
329 3228 345 3286 ἀ
361 3228 538 3307 προελήλυθεν
554 3231 571 3296 i,
585 3232 629 3285 τοῦ
644 3226 729 3302 δήμου
744 3223 876 3299 ἀκοσμία,
897 3222 942 3281 καὶ

167 3350 178 3369 ιι
194 3325 228 3387 ὡς
248 3319 334 3378 οὐκέτι
349 3316 477 3396 ἄρχεσθαι
499 3315 563 3394 πρδς
582 3319 633 3374 τῶν
650 3315 757 3373 ὑπαίτιον
781 3313 854 3379 ἀξιοῖ·
872 3304 894 3393 ᾧ
915 3316 939 3391 γ’

112 3433 139 3471 ³5
167 3437 179 3461 ιι
198 3412 225 3468 οὐ
244 3407 407 3487 μετεμέλησε
424 3409 475 3463 τῶν
491 3404 578 3464 ἐνθάδε
594 3405 800 3485 πραττομένων,
817 3402 884 3461 ἀλλά
897 3401 942 3461 καλ

167 3528 178 3551 ιι
195 3501 237 3558 ἐπὶ
254 3496 430 3579 στρατοπέδου
451 3492 498 3565 τήν
516 3494 598 3565 αὐτήν
614 3492 766 3562 ἀπεδείξατο
790 3491 939 3569 ἀκοσμίαν,

168 3615 179 3633 ιι
194 3587 263 3645 όπλα
275 3610 302 3645 τε
316 3588 394 3667 ῥίψας
405 3584 451 3643 καὶ
463 3582 547 3651 τάξεις
558 3584 673 3643 ἐκλιπὼν
691 3584 736 3643 καὶ
755 3587 852 3662 σημεῖα
864 3587 944 3643 πολε-

168 3704 178 3723 ιι
197 3675 265 3751 μίοις
288 3679 430 3755 προέμενος
452 3675 496 3731 καλ
518 3678 601 3754 φυγῇ,
618 3675 678 3754 πρὶν
696 3676 730 3740 εἰς
749 3681 840 3753 χεῖρας
861 3675 943 3732 ἐλθεῖν

169 3792 180 3811 ιι
197 3765 364 3844 ἐπονειδίστῳ
385 3764 567 3842 χρησάμενος,
590 3762 679 3841 ὥσπερ
694 3765 758 3839 ἐμοῦ
774 3764 850 3838 μόνον
866 3764 945 3842 ἀραι·

114 3882 141 3917 ιιι
169 3880 180 3902 «ι
198 3853 339 3927 ρηαόμενος
358 3853 405 3923 τήν
425 3855 454 3909 ἐκ
477 3856 523 3921 τῆς
544 3851 618 3921 νίκης
640 3850 729 3921 δόξαν,
750 3852 809 3908 ἀλλ’
825 3850 884 3929 οὐχί
899 3848 944 3907 καί

170 3968 180 3989 ιι
196 3944 241 4008 τῆς
254 3942 377 4018 πατρίδος
400 3940 429 3997 τὸ
452 3940 520 3998 κατά
542 3942 594 3997 τῶν
616 3940 716 4018 ἐχθρῶν
740 3938 845 4016 κράτος.
891 3937 944 3995 lisl

170 4054 181 4075 ιι
197 4030 240 4081 νῦν
257 4027 435 4092 Οὐολούσκοις
449 4028 518 4085 κατὰ
533 4026 677 4102 Ῥωμαίων
692 4024 799 4085 ἵσταται
814 4024 942 4101 τρόπαια,

169 4139 181 4163 ιι
197 4111 242 4169 καί
265 4116 402 4185 κοσμεῖται
428 4123 482 4178 τοῖς
507 4113 640 4185 ὐμετέοοις
672 4116 798 4192 λαφύροις
817 4109 943 4166 τάκείνων

168 4222 179 4243 ιι
197 4192 265 4269 ἱερὰ,
274 4195 319 4247 καί
334 4194 360 4246 ii
375 4193 532 4269 αὐχήμασιν
543 4193 645 4261 ήλίκοις
657 4192 690 4248 ού
700 4194 808 4247 πιῖιποτε
821 4190 848 4247 αἱ
857 4190 946 4257 πολεις

129 4308 135 4337 .-
168 4309 179 4330 ιι
198 4282 281 4337 αὐτῶν
298 4278 377 4352 εἰσιν,
395 4278 459 4342 τέως
475 4278 540 4357 ὐπέρ
558 4280 771 4358 ἀνδραποδισμοῦ
787 4302 816 4336 τε
834 4277 878 4336 καὶ
896 4304 945 4338 κα-

169 4396 181 4419 ιι
197 4370 334 4444 τασκοιρῆς
348 4372 401 4423 τῶν
413 4367 545 4445 ὐμετέρων
559 4366 835 4444 δεύμεναιήγεμόνων.
879 4358 945 4449 *Api

170 4484 180 4507 ιι
196 4478 225 4533 γε
242 4454 340 4511 δίκαιον
355 4453 371 4523 ἢ
386 4454 465 4511 καλὸν
477 4458 519 4512 ἐπὶ
531 4458 655 4522 τοιούτοις
666 4454 853 4534 κατορθώμασι
866 4455 945 4536 χιίριν

169 4570 182 4599 ιι
198 4547 285 4608 αὐτοῖς
298 4545 366 4617 ὑμᾶς
387 4542 493 4614 εἰδέναι,
508 4545 553 4603 καλ
568 4544 707 4620 δημοσίαις
724 4546 875 4618 ἐπικοσμεῖν
894 4544 946 4599 διο-

170 4664 181 4688 ιι
200 4643 268 4715 ρεαῖς
289 4631 526 4711 κληρουχήσαντας
544 4634 591 4705 τὴν
612 4641 673 4713 γῆν,
691 4625 723 4705 ἧς
740 4633 861 4710 πολέμιοι
880 4658 944 4715 κρα-

116 4746 127 4781 ιι
170 4750 181 4771 ιι
198 4730 269 4781 τοῦαι
293 4720 321 4778 τό
348 4719 418 4776 κατδι
439 4720 545 4785 τούτους
566 4712 633 4778 εἶναι
655 4722 747 4800 μέρος,
772 4720 851 4779 'llil
866 4719 891 4777 τί
907 4722 945 4778 δεῖ

170 4836 181 4860 ιι
201 4811 298 4876 τοὺτοις
317 4807 456 4886 ἐγκαλεῖν,
477 4797 513 4871 οἷς
530 4808 563 4863 δι’
580 4810 753 4866 ἀπαιδευσίαν
777 4807 864 4865 τεκαὶ
881 4808 943 4864 δυσ-

170 4924 181 4945 ιι
197 4899 298 4972 γένειαν
319 4898 404 4975 ὀλίγος
424 4898 478 4953 ἐστὶ
494 4898 545 4950 τῶν
563 4898 650 4953 καλῶν
668 4898 751 4972 λόγος,
769 4900 894 4973 δρῶντας,
909 4898 944 4959 ὡς

170 5012 182 5033 ιι
197 4988 248 5041 οὐδ’
269 4990 294 5043 ἐν
314 4992 367 5053 τοῖς
386 4985 523 5062 ἡμετέροις
545 4986 619 5055 ἤθεσι
635 4994 717 5042 πᾶσιν
736 4986 773 5041 ἐτι
789 4984 817 5041 τδ
833 4987 943 5061 ἀρχαῖον

171 5099 182 5121 ιι
198 5073 263 5129 οῖκεῑ
279 5076 415 5151 ρρόνημα,
434 5077 492 5131 ἀλλ’
512 5074 638 5132 αὐθάδεια
655 5072 703 5146 μὲν
720 5078 737 5141 ί,
752 5072 879 5146 σεμνότης
895 5096 943 5130 κα-

671 258 840 321 DIONYSH
862 258 1243 323 nuttelnnnssettffls

991 422 1004 445 ιι
1017 400 1144 461 inlunem
1159 414 1215 451 nom
1230 412 1285 449 snos
1301 398 1345 463 qui
1358 395 1417 448 inde
1431 396 1456 447 in
1478 394 1668 461 rempublicam
1684 395 1778 447 inrebi·

992 492 1069 553 stur,
1087 489 1169 556 etqui
1184 488 1209 539 in
1227 503 1255 538 eu
1268 487 1436 552 persnmebit,
1454 486 1542 549 gnus
1553 483 1637 536 etism
1654 490 1680 537 el
1695 486 1781 551 purni-

991 602 1003 623 ι
1018 580 1100 632 tiosos
1111 580 1136 630 in
1156 583 1304 645 perpetuum
1324 577 1381 628 erit.
1414 574 1493 627 Potiri
1509 574 1582 627 enim
1594 577 1779 641 muiscupiui-

992 690 1004 713 ιι
1016 668 1114 721 tutibus
1134 682 1184 719 non
1197 666 1285 717 exlusit
1305 679 1348 716 eos
1362 678 1394 715 ex
1404 665 1502 725 solino,
1525 664 1575 716 sed
1588 670 1661 728 ungu
1674 680 1726 717 εαε.
1748 670 1776 715 οι

993 778 1006 801 ιι
1021 761 1116 824 potores
1133 757 1223 808 reddit.
1257 758 1352 805 tiorum
1365 758 1451 804 sutem
1465 754 1534 804 lucto
1552 754 1607 805 siut
1620 754 1691 804 vobis
1701 770 1777 817 orgu-

994 868 1006 892 ιι
1023 852 1115 898 mento.
1149 844 1215 905 Quid
1226 843 1292 893 enini
1309 845 1429 907 opusest‚
1443 855 1490 892 νον
1506 840 1541 891 od
1557 855 1619 893 roeo
1634 843 1675 893 vel
1688 843 1777 892 AEnsitii
1836 862 1838 873 ·

994 955 1007 977 ι
1022 934 1098 986 serbo
1112 938 1221 985 mentem
1234 932 1381 982 adverteret

1024 1024 1088 1074 Llll.
1102 1043 1115 1066 ι
1125 1023 1173 1071 Vos
1182 1018 1340 1071 omnesenim
1352 1018 1431 1079 scitis,
1442 1021 1571 1083 quantum
1585 1019 1701 1070 bostium
1714 1020 1776 1070 rice·

994 1122 1005 1147 ι
1022 1106 1108 1164 nnius,
1122 1106 1243 1168 ‹puontum
1255 1116 1371 1167 agrorum
1380 1100 1495 1168 populeti
1505 1103 1598 1161 simus,
1612 1108 1638 1155 et
1653 1110 1772 1167 quantun

992 1214 1005 1239 ιι
1020 1194 1109 1258 prelo
1123 1208 1154 1244 cx
1165 1194 1261 1259 oppidis
1279 1194 1425 1260 expugnetis
1439 1193 1618 1253 retulerimus3
1632 1196 1726 1259 quibus
1737 1211 1772 1245 rc-

991 1310 1003 1334 ιι
1021 1288 1067 1339 bus
1079 1289 1163 1341 hostes
1177 1289 1278 1355 privati.
1293 1305 1372 1357 quum
1383 1290 1443 1342 olim
1457 1290 1526 1341 beuti
1540 1295 1641 1351 essent.
1659 1307 1728 1345 nunc
1739 1292 1767 1343 ul

992 1399 1004 1423 ι
1020 1395 1134 1443 mellitum
1140 1385 1274 1448 egestatem
1281 1386 1340 1433 sunt
1351 1381 1452 1432 reducti.
1487 1386 1664 1434 ,θεῖεεσεεεαυι
1670 1384 1770 1448 eosqui

995 1489 1008 1513 ιι
1021 1468 1053 1520 de
1066 1467 1148 1533 inopia
1163 1470 1309 1533 queruntur,
1326 1482 1341 1516 α
1358 1464 1426 1516 nullo
1439 1464 1530 1515 borum
1550 1467 1679 1517 bonorum
1701 1464 1774 1530 repul·

997 1578 1009 1602 ιι
1023 1572 1078 1615 sos;
1095 1556 1138 1607 seu
1150 1570 1181 1607 ex
1195 1570 1268 1619 aequo
1279 1568 1366 1605 eorum
1379 1553 1457 1604 inisse
1468 1552 1616 1618 participes.
1648 1558 1689 1605 An
1706 1554 1775 1617 igitur

997 1668 1009 1691 ιι
1025 1661 1055 1698 cx
1072 1645 1112 1696 bis
1124 1646 1186 1696 tucri
1200 1644 1293 1709 aliquid
1307 1641 1419 1707 pristinu
1431 1654 1520 1693 eorum
1531 1639 1644 1692 fortune
1657 1646 1773 1701 occessit,

997 1758 1009 1780 ι
1023 1737 1068 1785 aut
1082 1734 1113 1784 ud
1124 1735 1183 1784 vite
1195 1746 1273 1798 genus
1285 1730 1409 1782 illustrius
1418 1729 1532 1795 provecti
1546 1729 1685 1782 videntur?
1702 1734 1773 1796 Equi·

997 1846 1008 1867 ι
1023 1823 1080 1873 dem
1094 1823 1142 1872 hoc
1158 1821 1256 1879 vellens,
1271 1819 1436 1884 precibusque
1450 1833 1465 1868 s
1482 1816 1533 1869 diis
1550 1819 1736 1875 contenderem.
1748 1826 1774 1871 ut

998 1914 1106 1963 ominus
1123 1912 1220 1962 niolcsti
1233 1908 1422 1961 contubernales
1432 1909 1531 1959 civitati
1538 1912 1633 1961 εεαααθ.
1664 1916 1698 1961 st
1714 1924 1774 1960 nnnc

998 1999 1112 2050 «videtis
1129 2005 1154 2049 et
1166 1999 1259 2049 auditis
1270 2012 1312 2049 oos
1329 1997 1361 2048 (le
1372 2010 1418 2047 sus
1439 2000 1553 2047 extremo
1572 1997 1654 2062 inopis
1671 2012 1775 2062 conque·

998 2110 1010 2133 ιι
1025 2091 1122 2147 rentes.
1138 2088 1173 2138 ito
1188 2091 1216 2137 ut
1236 2100 1267 2138 nc
1286 2086 1326 2136 tris
1338 2084 1455 2151 quidem,
1470 2099 1531 2150 quus
1542 2098 1606 2135 nuno
1619 2089 1713 2149 petunt,
1728 2100 1774 2134 noc

998 2196 1010 2220 ιι
1026 2176 1106 2226 multo
1118 2174 1232 2238 pluribus
1246 2172 1393 2237 impetretis,
1415 2173 1495 2224 vitun
1512 2172 1550 2225 rei
1567 2172 1688 2223 tantillum
1701 2186 1770 2222 corn-

1000 2285 1011 2307 ιι
1024 2264 1122 2315 modius
1133 2262 1280 2312 transacturi
1294 2261 1351 2311 sint.
1382 2262 1445 2311 Nem
1458 2274 1511 2312 non
1523 2261 1547 2311 iu
1558 2274 1642 2313 εειιιω
1659 2262 1766 2317 fortuna.

998 2376 1010 2397 ιι
1025 2352 1070 2403 stul
1084 2353 1109 2402 in
1119 2350 1230 2401 rnoribus
1243 2353 1340 2413 cgestes
1353 2349 1418 2400 inest
1437 2365 1444 2397 ε
1458 2362 1526 2413 quos
1537 2362 1585 2400 nou
1598 2348 1670 2399 nous
1681 2349 1769 2413 exiguo

989 2462 1011 2486 .ι
1026 2442 1074 2493 isto
1086 2440 1137 2506 egri
1154 2438 1234 2505 portio
1247 2452 1296 2488 non
1312 2436 1453 2495 sustinuerit,
1467 2436 1514 2487 sed
1530 2450 1561 2489 ne
1573 2450 1658 2501 regum
1672 2436 1772 2501 quidun

992 2556 1005 2578 ι
1023 2540 1232 2599 tyrannorumque
1248 2544 1332 2583 omnes
1349 2528 1536 2582 munificentie.
1572 2530 1670 2591 Quibus
1684 2528 1771 2581 τίθεσο

993 2650 1004 2671 ιι
1022 2630 1222 2688 ιιιιιοοεεειίιιιιιε,
1235 2628 1299 2676 idom
1311 2623 1438 2685 tentemus,
1450 2623 1520 2688 quod
1535 2622 1637 2683 medici.
1647 2622 1690 2689 qul
1698 2634 1771 2677 euro

999 2708 1167 2760 «tiemonem
1190 2709 1293 2770 gerunt,
1308 2710 1333 2757 el
1349 2704 1381 2756 sd
1399 2719 1487 2756 eorum
1507 2704 1666 2757 voluntatens
1680 2722 1722 2757 εοε
1731 2722 1774 2757 cn·

999 2821 1011 2845 ι
1028 2805 1098 2862 ποιοῖς
1126 2815 1174 2850 non
1194 2799 1259 2849 cnim
1283 2812 1348 2863 tegra
1370 2812 1427 2863 pers
1450 2797 1563 2849 civitatis
1585 2798 1771 2849 simulasset

1000 2909 1012 2932 ιι
1027 2890 1102 2939 ctiam
1128 2903 1187 2938 sono
1211 2902 1269 2952 pars
1286 2887 1362 2951 liujus
1375 2884 1455 2935 morbi
1473 2886 1624 2949 contagione
1644 2886 1770 2937 initietur.

999 2997 1011 3021 ι
1029 2976 1150 3039 nonnique,
1167 2978 1254 3026 l‘utrcs
1275 2973 1415 3038 conscripti,
1434 2986 1524 3036 mogus
1535 2972 1666 3038 diligentie
1678 2976 1703 3025 et
1716 2988 1771 3023 cura

999 3088 1010 3109 ιι
1027 3064 1098 3114 vobis
1109 3077 1172 3127 opus
1190 3067 1240 3122 cst,
1255 3067 1282 3112 ul
1300 3063 1367 3113 omni
1385 3060 1470 3111 studio
1489 3074 1575 3113 mores
1593 3063 1702 3114 cirilslis
1718 3076 1773 3113 ton-

1000 3171 1012 3200 ιι
1027 3152 1142 3209 scrvolis,
1156 3151 1199 3215 qui
1217 3152 1346 3215 paullatim
1364 3154 1566 3213 corrumpuntur.
1607 3152 1704 3202 Videtis
1714 3152 1774 3201 ειιῖω

1000 3264 1011 3286 ιι
1026 3257 1076 3308 quo
1096 3241 1244 3307 processerit
1266 3240 1345 3304 plebis
1361 3238 1530 3296 immodestia.
1549 3243 1630 3303 utque
1649 3241 1774 3290 consulum

1000 3353 1012 3375 ιι
1026 3332 1128 3397 impcrio
1141 3344 1226 3395 parere
1239 3329 1346 3393 amplius
1363 3328 1442 3377 nolit:
1465 3340 1542 3391 quens
1560 3342 1611 3378 non
1631 3330 1714 3379 solunt
1733 3344 1776 3378 non

999 3442 1011 3465 ι
1028 3422 1128 3487 poenitet
1151 3419 1343 3470 domesticorum
1369 3416 1521 3475 facinorum,
1542 3416 1587 3467 sed
1616 3418 1695 3468 etiam
1722 3418 1776 3467 loris

1003 3534 1014 3555 ι
1029 3512 1114 3561 coslun
1137 3508 1275 3574 pululantia
1293 3512 1330 3557 cst
1345 3520 1390 3556 uso
1412 3527 1418 3555 ι
1446 3504 1567 3568 siquidem
1584 3520 1657 3557 ormo
1681 3508 1776 3567 abiecit.

1001 3622 1012 3643 ιι
1026 3601 1127 3650 onlincs
1136 3597 1254 3655 deseruit,
1268 3596 1336 3657 signu
1350 3594 1463 3644 hostibus
1476 3592 1594 3657 prodidit,
1608 3599 1635 3645 et
1649 3600 1711 3646 onie
1720 3612 1778 3646 con-

1002 3710 1013 3732 ι
1028 3704 1140 3751 gressum
1154 3688 1217 3751 lugu
1237 3684 1403 3748 ignominiose
1425 3698 1452 3733 se
1471 3682 1549 3741 dedit,
1572 3684 1648 3747 ‹puesl
1660 3686 1724 3735 mibi
1736 3684 1780 3735 soli

1001 3795 1012 3817 ι
1030 3777 1139 3825 victorico
1158 3773 1276 3837 gloriam,
1295 3786 1325 3821 uo
1341 3785 1388 3820 non
1408 3772 1482 3820 ctiam
1509 3770 1597 3834 μυθεῖαι
1615 3771 1648 3822 de
1667 3772 1780 3823 hostibus

1001 3887 1012 3907 ιι
1027 3864 1156 3913 sictonam
1180 3864 1295 3923 crcplnro
1319 3864 1391 3910 εοεαε.
1427 3861 1458 3909 Et
1481 3872 1547 3909 nunc.
1566 3860 1651 3911 volsci
1676 3862 1711 3912 ‹lc
1733 3866 1780 3913 llo-

1002 3972 1014 3994 «
1028 3952 1107 3999 mainis
1129 3954 1222 4011 tropeo
1245 3951 1373 4005 statuunt,
1396 3948 1546 4013 illorumque
1572 3950 1667 4013 templu
1690 3950 1781 4000 nostris

1001 4058 1013 4080 «
1027 4037 1111 4100 spoliis
1123 4037 1279 4085 ornanturct
1291 4049 1377 4086 corum
1388 4034 1472 4100 populi
1486 4049 1520 4094 se,
1532 4038 1562 4084 ut
1572 4049 1705 4100 nunquam
1713 4043 1780 4097 ιιιιῑε,

1000 4144 1012 4168 ι
1026 4126 1129 4187 jactent,
1148 4124 1192 4189 qui
1204 4124 1288 4188 paullo
1301 4128 1359 4175 unte
1370 4123 1516 4189 suppliciter
1535 4139 1551 4174 α
1565 4125 1659 4175 nostris
1672 4126 1782 4177 ducibus

1000 4232 1013 4258 ιι
1027 4213 1156 4277 petierunt,
1176 4226 1207 4262 ne
1224 4213 1284 4264 sein
1299 4213 1446 4264 servitutem
1461 4211 1614 4264 obducerent
1630 4228 1693 4265 nere
1714 4216 1781 4266 ooei-

1001 4322 1013 4345 ιι
1028 4302 1100 4353 <lione
1113 4301 1232 4352 dclcrcnl.
1247 4306 1282 4351 An
1300 4302 1375 4365 igitur
1389 4317 1489 4367 coquum
1500 4306 1525 4352 ct
1535 4303 1669 4353 honestum
1682 4308 1728 4361 cst,
1744 4305 1778 4355 ob

1001 4411 1013 4433 «
1028 4391 1146 4454 ejusmodi
1162 4392 1258 4454 egregia
1271 4389 1379 4442 iocinore
1398 4407 1443 4443 nos
1461 4393 1567 4457 gratiam
1583 4392 1635 4444 illis
1649 4394 1739 4445 reterre
1754 4399 1781 4443 ct

1001 4502 1014 4524 ιι
1029 4482 1100 4530 donis
1111 4482 1217 4543 publicis
1231 4495 1289 4543 agro
1301 4480 1382 4533 diviso
1398 4498 1494 4543 ornare,
1515 4497 1590 4547 quoin
1604 4485 1690 4535 hostes
1705 4499 1783 4550 qusn-

1000 4589 1013 4616 «
1027 4575 1080 4619 tuin
1092 4570 1192 4633 ιμιῖιίοιιι
1212 4572 1236 4620 in
1253 4572 1307 4622 istis
1319 4576 1357 4622 cst
1370 4574 1394 4623 in
1410 4590 1454 4623 suu
1467 4578 1590 4638 potestate
1605 4575 1720 4627 linirent?
1734 4578 1782 4627 Sul

1001 4676 1012 4703 ιι
1027 4657 1087 4720 quid
1104 4672 1167 4720 opus
1185 4663 1222 4708 cst
1246 4659 1307 4710 istos
1321 4674 1452 4718 accusare,
1467 4661 1509 4724 qni
1526 4662 1592 4710 ιιιιιίο
1605 4664 1658 4711 siuti
1674 4670 1699 4713 ct
1720 4664 1783 4714 niolo

1000 4763 1012 4789 ιι
1028 4744 1124 4795 educati
1138 4760 1240 4809 parvom
1258 4749 1393 4798 honestatis
1409 4749 1499 4799 linbcnl
1518 4750 1656 4811 rationein,
1676 4753 1699 4801 si
1714 4753 1781 4803 risle·

1000 4855 1011 4876 ιι
1026 4847 1081 4882 sniis
1098 4849 1128 4883 nc
1144 4836 1168 4883 in
1185 4837 1295 4885 οιιιιιίιιιιι
1310 4837 1411 4901 ιμιῖιΙοιιι
1423 4844 1536 4887 nostrum
1546 4839 1660 4890 moribus
1674 4842 1783 4907 onrplius

1000 4944 1010 4962 ιι
1027 4922 1139 4971 habiture
1161 4924 1254 4986 priscos
1272 4925 1381 4972 animos:
1399 4925 1442 4974 sed
1461 4939 1476 4972 a
1495 4924 1620 4973 nonnullis
1632 4929 1782 4989 gravitatem

1000 5010 1163 5074 «surperbiae,
1184 5012 1307 5073 justitium
1331 5016 1448 5064 stultius,
1466 5011 1638 5063 sorliltnlincsn
1663 5016 1783 5077 iuuenile,

1000 5123 1011 5143 ιι
1026 5102 1185 5165 prudentium
1201 5102 1326 5152 intuitotis
1341 5103 1438 5153 ιωωῖιιο
1453 5102 1579 5167 appellari.
1612 5104 1707 5156 Contra
1723 5122 1785 5159 νετυ
