3772 5828
168 349 228 409 aad

167 484 212 544 καί
226 486 277 542 τῶν
293 479 382 546 ἄλλοις
396 480 462 539 τισὶν
477 479 595 559 ὀργάνοις
607 481 834 556 ἐπισημαινόντων
847 479 881 538 τδι
892 503 944 537 πα-

170 567 316 651 ρακλητικδι
333 573 377 627 τοῦ
390 569 516 643 πολέμου.
563 565 736 646 Προσέκειντο
750 567 772 625 δ’
791 570 815 626 οῖ
830 566 877 644 μέν
891 589 945 644 χει·

169 659 289 738 ροτέχναι
301 667 353 722 τοῖς
372 655 402 713 τό
414 657 532 734 δεύτερον
548 655 636 735 ἔχουσι
653 656 776 733 τίμημα,
793 656 945 735 διῃρημένοι

168 747 226 805 καθ’
241 745 362 818 ἡλικίαν,
377 747 390 801 δ
403 743 450 820 μέν
464 751 516 809 τοῖς
531 743 731 824 πρεσόυτέροις,
747 743 802 802 ὁδί
812 752 865 811 τοῖς
880 766 945 802 νεω-

130 856 144 895 a
168 837 251 916 τόροις
280 835 426 892 ἀκολουθῶν
455 834 549 910 λόχος·
570 835 596 890 οἳ
624 832 651 889 δέ
675 830 821 890 σαλπισταί
849 855 877 890 τε
900 832 946 890 καὶ

168 933 192 987 οἱ
219 921 373 1004 βυκανισταὶ
394 945 426 999 τῃ
449 924 561 1001 τετάρτῃ
589 922 775 980 συνετάττοντο
799 920 894 1002 μοίρφ·
914 911 947 992 ἧν
985 959 989 966 -

169 1015 196 1072 δέ
213 1014 258 1072 καὶ
272 1013 371 1071 τούτοιν
390 1014 426 1076 εἱς
440 1010 486 1083 μὲν
502 1013 554 1068 τῶν
569 1009 754 1090 πρεσόυτέρων
764 1011 857 1090 λόχος,
869 1000 906 1076 εἷς
919 1008 947 1069 δέ

168 1105 219 1160 τῶν
226 1100 368 1180 νεωτέρων.
412 1099 530 1176 Λοχαγοί
540 1100 562 1156 δ’
578 1102 608 1158 ἐκ
617 1099 722 1156 πάντων
733 1099 913 1178 ἐπιλεχθέντες
924 1098 948 1157 οἱ

168 1190 347 1271 γενναίοτατοι
360 1186 394 1246 τά
407 1187 523 1264 πολέμια
540 1186 599 1253 τοὺς
623 1187 702 1253 ἰδίους
723 1185 832 1247 ἕκαστον
851 1186 946 1267 λόχους

92 1310 95 1323 ·
117 1294 142 1334 to
169 1283 295 1343 εὐπειθεῖς
314 1277 367 1343 τοῖς
383 1273 640 1354 παραγγελλομένοις
655 1279 825 1355 παρείχοντο.

209 1368 313 1428 llVltl.
333 1363 406 1434 Αὕτη
421 1365 468 1440 μὲν
488 1371 505 1436 ἡ
526 1364 699 1441 διακόσμησις
713 1356 745 1436 ἦν
763 1370 781 1436 ἡ
795 1367 826 1424 τὸ
841 1363 948 1434 πεζικόν

169 1458 337 1534 ἐκπληροῦσα
352 1456 404 1511 τῶν
420 1476 447 1511 τε
462 1455 630 1532 φαλαγγιτῶν
642 1453 687 1511 καὶ
702 1457 755 1511 τῶν
769 1456 853 1534 ψιλῶν
867 1453 950 1533 στρά-

169 1565 269 1621 τευμα·
285 1541 316 1600 τό
340 1541 367 1600 δέ
391 1545 444 1601 τῶν
467 1539 569 1601 ἱππίων
584 1544 681 1612 πλῆθος
705 1541 823 1610 ἐπίλεξιν
842 1545 873 1602 ἐκ
895 1545 948 1601 τῶν

170 1633 284 1712 ἐχόντων
298 1629 328 1688 τὸ
349 1628 472 1708 μέγιστον
488 1629 605 1706 τίμημα,
620 1629 664 1689 καὶ
684 1629 753 1689 κατδ
767 1629 839 1710 γένος
851 1635 948 1712 ἐπιφα-

118 1739 143 1779 ra
170 1727 237 1793 νῶν,
255 1719 377 1786 συνέταξε
393 1719 420 1777 δέ
435 1721 471 1787 εἰς
484 1718 664 1778 ὀκτωκαίδεκα
685 1720 791 1799 λόχους,
808 1719 853 1779 καὶ
867 1743 949 1797 προσ·

170 1811 271 1888 ένειμιν
286 1808 379 1876 αὐτοὺς
397 1817 450 1875 τοῖς
471 1809 583 1889 πρώτοις
602 1813 654 1867 τῶν
668 1811 835 1889 φαλαγγιτῶν
856 1810 949 1887 θγδοή·

174 1923 256 1959 κοντα
270 1898 371 1978 λόχοις·
384 1887 455 1976 εἶχον
473 1900 500 1955 δὲ
515 1897 562 1955 καί
574 1888 645 1957 οὗτοι
657 1896 715 1964 τοὺς
730 1899 950 1973 ἐπιφανεστάτους

170 1985 309 2070 λοχαγοιίς.
353 1985 423 2053 Τοὺς
445 1987 471 2043 δὲ
487 1987 595 2053 λοιποὺς
609 1987 732 2058 πολίτας,
747 1985 772 2044 οἳ
786 1986 892 2063 τίμησιν
911 1977 949 2045 εἶ-

172 2098 219 2154 χον
235 2076 359 2134 ἐλάττονα
378 2075 480 2133 δώδεκα
501 2075 546 2133 καί
561 2074 674 2150 ἡμίσους
686 2078 773 2148 μνῶν,
787 2073 890 2142 πλείους
903 2074 947 2133 τὸν

118 2184 147 2225 2⁰
170 2164 279 2245 άριθμδν
293 2163 368 2230 ὄντας
381 2168 433 2222 τῶν
447 2164 592 2244 προτέρων,
608 2163 725 2228 ἅπαντας
741 2165 776 2229 εές
790 2162 837 2221 ἕνα
852 2163 950 2222 συντά-

110 2262 114 2269 “
170 2254 214 2322 ξας
227 2255 305 2330 λόχον
326 2253 465 2332 στρατείας
479 2275 508 2310 τε
527 2253 642 2309 άπελυσε
662 2250 707 2310 καλ
721 2253 809 2323 πάσης
828 2253 950 2332 εἰσφορᾶς

172 2342 294 2409 ἐποίησεν
311 2342 418 2406 άτιλεῖς.
460 2338 599 2417 Ἐγένοντο
620 2340 651 2410 δὴ
673 2340 819 2419 συμμορίαι
837 2342 884 2415 μέν
908 2341 949 2414 δξ,

172 2429 203 2495 ἃς
215 2426 346 2503 Ῥωμαῖοι
364 2431 473 2487 καλοῦσι
493 2430 600 2495 κλάσεις
616 2428 709 2506 [κατὰ]
730 2428 777 2497 τὰς
790 2427 952 2502 Ἑλληνικάς

174 2514 280 2587 κλήσεις
303 2517 544 2593 παρονομάσαντες·
566 2513 580 2574 δ
601 2515 651 2595 γδιρ
674 2520 749 2592 ἡμεῖς
775 2519 849 2596 ῥῆμα
869 2541 952 2598 προσ-

119 2630 146 2671 25
175 2606 307 2670 τακτικῶς
321 2602 532 2682 σχηματίσαντες
545 2606 687 2685 ἐκρέρομεν
702 2604 793 2683 κάλει,
804 2605 873 2664 τοῦτ’
889 2609 953 2667 ἐκεῖ·

173 2717 212 2752 νοι
223 2693 329 2770 λέγουσι
339 2692 418 2765 κάλα,
427 2692 473 2750 καί
483 2693 529 2759 τδις
539 2693 644 2760 κλάσεις
657 2693 708 2772 [τό]
722 2697 832 2773 άρχαῖον
842 2694 951 2754 ἐκάλουν

172 2782 308 2849 καλάσεις·
321 2779 397 2860 λόχοι
412 2780 449 2853 δέ,
463 2780 504 2848 οθς
522 2786 549 2840 αἱ
567 2782 712 2858 συμμορίαι
728 2782 950 2859 περιελάμόανον,

174 2869 266 2931 ἐκατδν
291 2871 336 2930 καί
356 2873 593 2950 ἐνενηκοντατρεῖς.
637 2869 764 2949 Ἰίπεῖχον
784 2870 812 2928 δέ
833 2869 881 2942 τὴν
904 2870 951 2946 μὲν

175 2958 283 3039 πρώτην
305 2960 456 3037 συμμορίαν
477 2957 547 3016 ὀκτὼ
564 2957 610 3015 καλ
630 2957 784 3029 ἐνενήκοντα
802 2958 877 3037 λόχοι
905 2957 952 3016 οθν

121 3059 148 3099 30
174 3055 228 3112 τοῖς
241 3046 363 3106 ἱππεῦσι·
376 3048 424 3115 τὴν
442 3046 469 3104 δὲ
484 3045 606 3125 δευτέραν
620 3045 765 3119 είκοσιζκαί
780 3045 825 3105 δόο
839 3046 886 3104 σὺν
900 3048 953 3114 τοῖς

173 3134 367 3214 χειροτέχναις·
377 3135 424 3205 τὴν
440 3135 467 3192 δὲ
482 3134 573 3213 τρίτην
588 3133 684 3193 εἴκοσι·
708 3133 757 3205 τὴν
779 3134 806 3193 δέ
820 3136 949 3214 τετάρτην

174 3224 254 3283 πάλιν
269 3222 351 3282 εἴκοσι
363 3224 408 3282 καλ
428 3223 472 3283 δόο
490 3222 536 3281 σὺν
552 3226 781 3290 τοῖςσαλπισταῖς
801 3223 847 3282 καί
864 3228 949 3302 βυκα-

176 3320 286 3378 νισταῖς·
297 3313 344 3382 τὴν
358 3312 385 3371 δὲ
397 3310 521 3392 πέμπτην
531 3311 686 3391 τριάκοντα·
699 3313 748 3383 τὴν
759 3311 783 3371 δ’
795 3312 839 3372 ίπὶ
853 3312 951 3378 πάσαις

174 3402 337 3478 τεταγμένην
348 3392 384 3467 τίς
400 3401 477 3479 λόχος
494 3403 570 3459 δτῶν
586 3401 702 3480 ἀπόρων.

122 3498 147 3536 ³⁵
204 3488 952 3569 ΧΙΧ.Ἰἀύτητῇδιακοσμήσειχρησάμενος,τθςμέντῶν

176 3581 343 3659 στρατιωτῶν
360 3576 532 3658 καταγραφδις
552 3577 620 3636 κατὰ
642 3580 690 3650 τὴν
705 3581 830 3660 διαίρεσιν
842 3584 953 3640 ἐποιεῖτο

175 3667 288 3738 τὴντῶν
303 3664 406 3745 λόχων,
423 3667 469 3733 τάς
487 3666 514 3724 δέ
535 3670 587 3725 τῶν
600 3670 727 3749 εἰσφορῶν
743 3668 870 3746 ἐπιταγάς
883 3668 952 3727 κατὰ

176 3757 209 3814 τδι
228 3755 367 3833 τιμήματα
389 3759 440 3813 τῶν
468 3755 541 3833 βίων,
586 3753 686 3814 Ὁπότε
700 3755 751 3838 γθρ
766 3758 837 3835 αὐτῷ
853 3757 954 3827 δεήσειε

178 3843 276 3923 μυρίων
292 3841 309 3914 ἢ
328 3843 471 3921 δισμυρίων
486 3846 509 3900 εἰ
525 3842 599 3920 τύχοι
615 3848 801 3921 στρατιωτῶν,
814 3847 953 3903 καταδιαι·

123 3950 150 3990 ⁴0
178 3933 229 4009 ρῶν
241 3930 270 3990 τὸ
284 3935 381 4001 πλῆθος
395 3934 430 3997 εἰς
441 3928 499 3995 τοὺς
512 3930 605 3988 έκατδν
617 3932 840 4009 ἐνενηκοντατρεῖς
848 3931 952 4010 λόχους,

175 4016 205 4075 τὸ
220 4017 361 4074 ἐπιόάλλον
379 4019 483 4096 έκάστῳ
509 4015 581 4096 λόχῳ
592 4020 692 4087 πλῆθος
709 4020 810 4076 ἐκέλευε
827 4022 952 4099 παρέχειν

177 4104 287 4163 ἕκαστον
301 4105 391 4184 λόχον.
407 4105 463 4177 Τὴν
480 4106 507 4163 δέ
525 4105 644 4176 δαπάνην
660 4105 708 4178 τὴν
724 4110 760 4173 είς
776 4106 820 4164 τὸν
836 4109 953 4167 ἐπισιτι-

177 4192 244 4271 σμὸν
261 4195 312 4248 τῶν
328 4193 539 4273 στρατευομένων
552 4193 597 4252 καὶ
614 4195 649 4260 είς
665 4192 709 4262 τδις
725 4195 807 4262 άλλας
826 4200 954 4276 χορηγίας

180 4281 226 4347 τθς
245 4281 390 4354 πολεμικάς
406 4282 689 4358 ἐπιτελεσθησομένην,
700 4286 953 4364 συμμετρησάμενος

125 4380 152 4421 50
178 4371 261 4441 ὁπόση
275 4392 313 4434 τις
335 4372 451 4446 ἀρκοῦσα
467 4371 557 4442 ἔσται,
574 4374 681 4449 διαιρῶν
696 4373 740 4430 τὸν
762 4373 950 4456 αὐτὸντρόπον

181 4461 216 4526 εἷς
239 4457 299 4522 τοὺς
322 4458 416 4514 ἑκατὸν
438 4461 660 4537 ἐνενηκοντατρεῖς
676 4461 783 4540 λόχους,
806 4464 836 4522 τό
858 4467 888 4523 ἐκ
909 4471 955 4537 τῆς

178 4547 310 4624 τιμήσεως
333 4546 477 4606 ἐπιόάλλον
494 4542 598 4628 ἑκάστῳ
610 4551 739 4631 ιδιάφορον
756 4552 873 4620 ἅπαντας
896 4556 954 4616 ἐκέ-

178 4640 267 4700 λευσεν
284 4635 423 4715 εἰσφέρειν.
468 4636 626 4696 bartiano
641 4631 686 4697 οὖν
703 4649 756 4706 τοῖς
769 4640 816 4707 τδις
831 4643 955 4721 μεγίστας

180 4725 282 4805 ἔχουσιν
298 4726 386 4791 οὐσίας
410 4725 531 4783 ἐλάττοσι
552 4727 599 4800 μέν
620 4720 710 4802 οὖσιν,
734 4732 769 4794 είς
784 4731 903 4795 πλείονας
929 4733 956 4791 δὲ

127 4828 154 4866 θθ
179 4816 271 4891 λόχους
291 4815 504 4895 μεμερισμένοις,
521 4816 709 4893 στρατεύεσθαί
719 4842 748 4877 τε
757 4820 861 4887 πλείους
877 4843 956 4897 στρα-

179 4901 249 4967 τείας
271 4904 394 4963 οὐδέποτε
409 4904 641 4979 ἀναπαυομένους,
663 4908 708 4965 καί
722 4907 851 4986 χρήματα
874 4910 956 4967 πλείω

178 4990 230 5043 τῶν
248 4990 343 5049 ἄλλων.
358 4993 501 5074 εἰσφέρειν·
521 5002 575 5058 τοῖς
597 4994 624 5053 δέ
639 4996 672 5054 τδι
696 4998 788 5076 μέτρια
806 4997 851 5056 καὶ
874 4997 956 5076 μικρὰ

179 5081 347 5149 κεκτημένοις
367 5083 484 5140 πλείοσιν
505 5073 577 5142 οθσιν
598 5087 624 5143 ἐν
639 5086 758 5144 ἐλάττοσι
772 5084 860 5163 λόχοις
874 5108 954 5165 στρα-

179 5163 298 5224 τεύεσθαί
326 5191 353 5225 τε
379 5170 495 5244 ὀλιγάκις
523 5172 569 5232 καί
593 5175 623 5232 ἐκ
650 5173 788 5253 διαδοχῆς,
814 5172 860 5233 καί
887 5178 954 5252 βρα-

687 346 853 407 laruatust!
879 345 1255 407 Halicattaasstaa’srs

999 486 1225 545 frustrationem,
1241 484 1343 547 reliqnae
1354 485 1411 534 dua
1427 487 1497 534 erant
1514 483 1677 535 tibicinumet
1693 485 1776 535 corni·

1001 566 1081 614 riuum
1097 570 1122 617 ct
1133 565 1246 623 aliorum,
1263 565 1307 627 qui
1324 564 1378 614 aliis
1396 563 1545 626 quibusdam
1564 563 1735 615 unumneuris
1751 567 1777 615 in

999 646 1063 695 bello
1076 646 1205 695 classicum
1218 647 1341 694 canerent.
1374 648 1455 705 Atque
1463 642 1564 708 opitiees
1578 643 1691 695 securrdae
1704 645 1777 696 classi

1000 725 1078 777 additi
1089 729 1147 775 suut
1158 738 1203 788 pro
1220 725 1294 773 aetate
1311 721 1448 783 distributi,
1463 724 1497 772 ita
1511 727 1539 773 ut
1549 724 1715 774 centuriarum
1728 738 1777 775 una

1000 808 1121 866 seniores,
1148 804 1224 854 altera
1248 803 1355 854 iuniores
1383 806 1537 866 sequeretur.
1568 803 1690 855 ‘tibicines
1716 818 1776 854 rero

1000 889 1026 936 et
1041 885 1178 935 cornicines
1189 885 1215 933 in
1233 889 1321 948 quarta
1334 882 1412 933 classe
1426 883 1538 933 collocati
1558 887 1622 935 sunt.
1654 886 1733 946 arque
1750 883 1778 933 lai

1000 980 1098 1031 quoquc
1112 965 1136 1015 iu
1151 965 1214 1015 duas
1226 963 1348 1016 centurias
1365 962 1440 1013 θῖνῖεῖ
1451 968 1534 1024 erant,
1550 977 1626 1013 unam
1637 963 1776 1024 seniorum,

1000 1046 1104 1095 alteram
1135 1045 1268 1096 iuniorum.
1303 1044 1465 1102 centuriones
1489 1048 1574 1094 autem
1605 1057 1634 1093 et
1665 1044 1779 1094 omnibus

1003 1124 1069 1184 teeti,
1089 1124 1220 1175 bellatores
1235 1122 1361 1173 lorbasimi
1379 1122 1495 1172 centuriis
1514 1122 1625 1186 praelecti
1644 1125 1717 1180 suut,
1737 1123 1779 1185 qui

1003 1216 1063 1252 suas
1084 1203 1177 1265 quique
1195 1201 1320 1252 centurias
1333 1200 1461 1266 imperatis
1477 1201 1677 1264 obtemperantes
1691 1199 1780 1250 redde-

1003 1281 1070 1332 bant

1032 1373 1121 1421 lli'til.
1146 1373 1200 1421 lloc
1218 1371 1292 1434 igitur
1312 1369 1386 1420 modo
1407 1369 1543 1421 exercitum
1566 1368 1718 1433 pedestrem,
1737 1368 1781 1431 qui

1002 1469 1131 1519 constabat
1138 1482 1170 1518 ex
1182 1466 1320 1530 legionariis
1329 1470 1355 1517 et
1373 1467 1433 1517 levis
1442 1470 1575 1516 artanturro
1587 1465 1706 1516 militibus
1714 1503 1720 1527 ,
1728 1465 1779 1515 lus·

1003 1566 1091 1617 trusit.
1126 1566 1244 1629 Equitum
1261 1580 1319 1617 rero
1330 1565 1447 1616 dilectum
1456 1564 1543 1615 babuit
1551 1579 1582 1615 ex
1597 1565 1661 1628 iltis,
1673 1578 1780 1628 quorum

1003 1662 1123 1713 muirnus
1134 1664 1188 1713 erat
1198 1676 1300 1724 cenans,
1310 1663 1403 1726 quique
1414 1675 1502 1726 genere
1517 1663 1716 1713 illustreseraut:
1730 1662 1776 1712 bos

1002 1758 1087 1808 dirisIt
1095 1758 1120 1809 in
1128 1757 1245 1809 decernet
1251 1761 1307 1808 octo
1319 1758 1453 1819 centurias,
1461 1770 1551 1822 easque
1561 1757 1646 1822 primis
1652 1757 1701 1807 illis
1707 1758 1779 1807 octo-

1002 1858 1068 1921 ginta
1077 1855 1265 1920 legionariorum
1276 1856 1395 1906 centuriis
1405 1854 1524 1906 adiunxit.
1557 1856 1686 1908 Habebunt
1697 1858 1781 1906 autem

1003 1956 1158 2017 aequoque
1177 1953 1332 2004 centuriones
1351 1942 1419 2003 viros
1446 1953 1632 2006 illustrissimos.
1665 1953 1782 2018 lleliquos

1004 2067 1063 2104 sero
1076 2052 1157 2113 eires,
1171 2063 1277 2115 (puerum
1289 2062 1379 2100 causus
1397 2051 1450 2100 erat
1463 2049 1544 2098 minor
1560 2049 1692 2101 duodecim
1709 2051 1783 2101 urinis
1828 2100 1832 2115 ,

1003 2158 1028 2204 et
1038 2153 1152 2215 dimidia,
1162 2164 1312 2216 quamquam
1323 2162 1425 2201 numero
1438 2147 1540 2211 reliquis
1546 2148 1685 2211 superiores
1694 2155 1779 2210 erant,
1819 2126 1829 2207 ,ί

1003 2265 1088 2304 omnes
1102 2251 1127 2300 iu
1144 2264 1220 2301 unam
1233 2248 1370 2300 centuriam
1379 2246 1497 2309 eontulit,
1511 2244 1638 2296 etmilitiae
1647 2248 1722 2307 atque
1731 2259 1781 2293 orn·
1812 2244 1817 2283 ἰ

1004 2349 1072 2400 nium
1097 2348 1248 2398 tributorum
1268 2345 1389 2397 immunes
1408 2344 1474 2395 lacit.
1508 2343 1618 2392 Fuerunt
1643 2341 1716 2403 igitur
1738 2354 1780 2391 ses

1005 2447 1144 2511 συμμορίαι,
1171 2458 1234 2508 quas
1249 2443 1354 2494 Romani
1365 2443 1456 2492 classes
1474 2440 1581 2498 vocant,
1603 2437 1720 2488 rocabul'r
1735 2452 1781 2502 ap·

1005 2545 1133 2610 pollutione
1143 2544 1252 2593 aGroeco
1265 2541 1361 2598 κλήσεις
1370 2536 1484 2607 deducta.
1518 2535 1629 2587 Verbum
1638 2535 1703 2585 enbu
1715 2535 1783 2598 quod

1005 2660 1050 2695 nos
1059 2659 1103 2709 per
1111 2641 1246 2707 imperandi
1258 2640 1359 2690 modum
1369 2640 1501 2689 lormatum
1518 2637 1645 2688 efferimus
1658 2638 1734 2698 κάλει,
1751 2637 1784 2689 illi

1005 2740 1144 2804 exprimunt
1161 2750 1204 2801 per
1218 2735 1322 2786 verbum
1331 2734 1400 2796 eolo,
1409 2732 1500 2784 etolim
1514 2745 1560 2796 pro
1569 2732 1666 2781 classes
1677 2743 1784 2790 pronun·

1005 2837 1099 2886 tiabant
1118 2833 1226 2884 colesea.
1241 2829 1363 2880 centuriae
1380 2842 1455 2889 vero,
1474 2841 1537 2890 quaa
1548 2827 1603 2876 istra
1617 2827 1709 2876 classes
1725 2839 1782 2875 coa·

1005 2926 1122 2984 tinebant,
1137 2927 1206 2974 erant
1216 2936 1289 2973 cscrrr
1301 2943 1308 2980 ·,
1321 2925 1396 2984 atquc
1411 2922 1490 2985 prima
1499 2919 1599 2983 quidem
1610 2918 1694 2970 classis
1704 2918 1781 2967 contl-

1005 3022 1079 3073 nebal
1094 3031 1212 3069 unacum
1228 3015 1353 3079 equitibus
1368 3015 1500 3076 nonaginta
1511 3018 1568 3064 octo
1582 3011 1706 3063 centurias
1723 3024 1782 3062 :se-

1004 3114 1085 3166 cunda
1100 3111 1184 3176 viginti
1204 3114 1229 3161 ct
1252 3111 1314 3158 duas
1328 3122 1386 3157 curn
1409 3108 1539 3171 opificibus
1554 3128 1560 3157 ι
1575 3107 1648 3158 tertia
1669 3105 1755 3170 viginti
1775 3123 1783 3156 τ

1004 3210 1092 3273 quarta
1106 3219 1203 3255 rursum
1216 3202 1302 3267 viginti
1319 3205 1344 3251 ot
1355 3201 1484 3250 duaseum
1501 3200 1646 3251 tibicinibus
1662 3204 1688 3250 et
1703 3201 1784 3249 corni·

1005 3302 1100 3353 ciuibus
1117 3318 1123 3348 :
1140 3299 1225 3362 quinta
1237 3310 1296 3347 vero
1307 3295 1404 3360 triginta
1418 3295 1522 3344 :ultima
1535 3295 1632 3345 unicam
1651 3306 1784 3356 egenorum

1005 3401 1140 3453 centuriam
1153 3397 1301 3449 continebat.

1037 3503 1098 3552 lllll.
1115 3500 1159 3549 llis
1174 3500 1209 3549 ita
1220 3498 1353 3558 ordinatis,
1368 3495 1473 3546 militum
1488 3494 1593 3545 dilectus
1604 3509 1648 3558 pro
1664 3494 1786 3544 centuria·

1007 3604 1060 3640 rum
1073 3589 1165 3639 ratione
1177 3588 1284 3638 habebat
1293 3625 1300 3647 ‚
1310 3589 1337 3636 et
1353 3583 1446 3635 tributa
1458 3596 1502 3646 pro
1515 3582 1636 3646 cuiusque
1651 3595 1727 3632 conau
1737 3581 1784 3631 iru-

1007 3680 1115 3745 perabat.
1148 3679 1252 3736 Quoties
1277 3677 1340 3727 euim
1362 3675 1460 3738 eiopus
1481 3674 1567 3723 suisset
1586 3673 1672 3723 decem
1688 3674 1742 3732 vet,
1764 3673 1786 3724 si

1007 3782 1048 3819 res
1059 3769 1157 3818 tulisset
1168 3766 1253 3831 viginti
1261 3765 1367 3815 militum
1381 3764 1498 3825 millibus,
1506 3763 1585 3812 diviso
1597 3761 1687 3826 populo
1695 3762 1720 3812 ia
1732 3776 1786 3813 cen·

1005 3861 1060 3907 tum
1078 3856 1209 3918 nonaginta
1219 3859 1270 3903 tres
1286 3852 1424 3912 centurias,
1435 3864 1524 3900 earum
1535 3863 1733 3913 unamquamque
1745 3850 1784 3900 iu·

1007 3944 1080 3994 bebai
1091 3942 1197 3991 militum
1207 3953 1337 3989 numerum
1350 3952 1395 4001 pro
1409 3941 1461 3987 rata
1477 3941 1545 4000 parte
1555 3936 1666 4000 probare
1681 3949 1784 4001 :sump-

1007 4037 1048 4083 tus
1063 4045 1122 4080 rcro
1132 4029 1255 4079 iaciendos
1266 4029 1290 4078 in
1303 4030 1458 4077 commeatus
1469 4027 1574 4076 militurn
1585 4028 1610 4075 et
1617 4025 1679 4074 alios
1687 4025 1786 4076 bellicos

1008 4133 1075 4178 usus,
1088 4122 1161 4183 prout
1171 4132 1233 4182 opus
1246 4120 1298 4167 erat
1306 4116 1449 4173 coustituitr
1465 4119 1489 4164 ot
1498 4115 1584 4164 eodem
1593 4113 1666 4164 morlo
1674 4113 1787 4165 dividens

1008 4212 1124 4277 populum
1137 4210 1160 4259 iu
1176 4212 1277 4260 contum
1291 4208 1420 4271 nonaginta
1436 4210 1487 4256 tres
1504 4206 1643 4265 centurias,
1656 4205 1787 4268 unieruque

1007 4300 1159 4364 imperabat,
1181 4301 1210 4347 ut
1232 4312 1275 4361 pro
1292 4310 1367 4346 censu
1392 4296 1536 4346 facultatum
1556 4307 1658 4344 suarum
1675 4294 1787 4358 pecuniae

1009 4402 1140 4445 summam,
1155 4401 1212 4449 quan
1225 4386 1269 4450 ipsi
1284 4385 1419 4446 obtigisset,
1432 4384 1561 4433 conterret.
1596 4385 1633 4433 lta
1645 4383 1738 4432 iactum
1749 4385 1788 4433 est

1010 4481 1037 4526 ut
1046 4477 1078 4526 itli
1088 4490 1193 4541 quorum
1205 4473 1327 4523 maximus
1339 4477 1403 4523 esset
1412 4486 1509 4532 census,
1521 4471 1588 4534 quod
1600 4471 1730 4534 pauciores
1744 4484 1787 4521 es·

1009 4569 1064 4615 seut
1073 4568 1098 4614 et
1110 4566 1133 4613 in
1142 4564 1223 4627 plures
1236 4561 1359 4611 ‹tentorias
1370 4560 1542 4619 essentum-isi,
1554 4561 1646 4624 saepius
1655 4559 1789 4609 militarent

1011 4654 1063 4703 sinc
1085 4654 1132 4702 utta
1151 4651 1341 4708 intermissione,
1367 4654 1392 4700 et
1409 4649 1520 4713 pecuniae
1530 4650 1646 4699 maiorem
1665 4661 1787 4698 summam

1009 4756 1085 4807 quarn
1100 4741 1142 4791 alii
1155 4741 1291 4790 conferrent
1306 4760 1312 4789 :
1332 4738 1366 4788 illi
1386 4750 1445 4786 vero
1459 4737 1502 4799 qui
1514 4738 1616 4799 exiguas
1630 4750 1659 4785 ae
1676 4736 1787 4786 modicas

1009 4845 1068 4895 opes
1079 4823 1248 4894 possiderent,
1265 4826 1378 4892 quamvis
1388 4825 1471 4889 plures
1485 4838 1589 4874 nurnero
1599 4823 1713 4874 tamenin
1728 4836 1786 4886 pau·

1009 4919 1089 4968 ciores
1106 4915 1230 4966 centurias
1243 4915 1362 4978 discripti,
1378 4929 1434 4966 raro
1454 4918 1480 4964 et
1494 4929 1538 4980 per
1559 4915 1625 4963 vices
1638 4910 1784 4970 militarent,

1010 5010 1035 5056 et
1062 5006 1149 5070 exigua
1171 5004 1304 5068 penderent
1315 5003 1407 5055 tributa
1431 5003 1485 5054 :illi
1499 5019 1559 5055 roro
1574 5015 1680 5066 quorum
1695 5012 1787 5049 census

1012 5097 1066 5142 orat
1081 5094 1146 5143 iusto
1156 5092 1235 5142 minor
1247 5093 1357 5141 ornnium
1373 5091 1528 5154 negotiorum
1549 5094 1632 5143 essent
1649 5092 1781 5141 immunes.

1010 5181 1077 5233 ltihil
1090 5184 1174 5232 autern
1193 5180 1281 5231 borum
1295 5180 1346 5230 sine
1366 5193 1454 5230 caussa
1470 5180 1584 5244 iaciebat,
1597 5180 1641 5232 sed
1652 5193 1710 5230 curn
1727 5193 1788 5244 per-
