3772 5828
591 329 881 404 altthtlltnltlll
904 330 1049 394 nonnil.
1071 332 1142 394 ΗΒ.
1166 333 1250 394 vlll.

109 483 180 522 νοιτο
199 460 312 536 νύκτωρ,
327 460 385 520 τοτὲ
402 457 448 538 μέν
462 455 551 518 ὅπλων
561 461 661 519 κτύπον
672 461 775 521 ἐποίουν
788 461 886 539 ἀθρόοι,

108 549 168 610 τοτδ
183 550 207 608 δ’
221 548 312 626 ῶσπερ
326 553 362 616 εἰς
373 548 464 629 μάχην
478 546 627 628 ὁρμώμενοι
639 548 737 625 θαμινδι
749 550 888 621 ἐπηλάλα-

108 642 160 709 ζον.
202 640 265 705 Τοῖς
281 635 305 696 δ’
315 635 420 716 Ἕρνιξι
434 636 479 695 καί
494 639 578 694 ταῦτα
601 636 658 704 δέος
672 636 740 714 μέγα
754 637 886 715 παρεῖχε,

108 725 152 785 καὶ
164 729 199 795 ώς
213 724 367 802 διωκόμενοι
379 723 442 804 πρὸς
455 726 507 782 τῶν
521 721 654 801 πολεμίων
669 722 798 804 σποράδες
808 723 888 782 ἄλλον

68 849 82 887 0
109 818 169 876 κατ’
195 816 278 883 άλλας
305 815 377 880 ὁδοὺς
397 813 479 873 έθεον.
532 811 656 892 Ἡμέρας
681 810 709 871 δέ
732 809 887 890 γενομένης,

109 905 201 976 ἐπειδὴ
227 902 391 984 ἀπήγγειλαν
415 902 502 967 αὐτοῖς
530 904 555 961 οἱ
584 898 745 982 πεμρθέντες
768 900 814 961 eet
840 898 889 972 τὴν

108 992 281 1065 κατασκοπὴν
304 996 408 1064 ἱππεῖς,
427 993 462 1056 ῶς
483 990 543 1049 οὐτε
564 988 673 1066 δύναμις
696 988 773 1068 έτέρα
790 989 888 1070 παρῄει

109 1081 250 1162 σύμμαχος
271 1076 323 1148 τοίς
346 1077 500 1157 πολεμίοις,
520 1076 549 1138 οἵ
568 1100 596 1136 τε
611 1082 645 1157 τῇ
664 1077 779 1158 προτέρα
799 1101 888 1158 παρα-

109 1169 249 1247 ταξάμενοι
262 1168 337 1249 μάχῃ
356 1165 532 1248 πεφεύγασιν,
547 1162 682 1244 ἐξαγαγών
693 1165 742 1237 τὴν
754 1166 864 1242 δύναμιν
875 1169 889 1225 ό

58 1290 82 1327 10
110 1256 253 1330 Ἀκύλλιος,
269 1257 312 1315 τόν
326 1279 354 1315 τε
368 1257 477 1336 χάρακα
491 1258 542 1313 ’τῶν
561 1256 697 1331 πολεμίων
709 1255 779 1333 αἱρεῖ
794 1251 889 1329 μεστὸν

109 1345 170 1405 ὄντα
185 1344 329 1424 ὑποζυγίων
349 1345 438 1403 τεκαὶ
462 1346 560 1424 ἀγορᾶς
575 1344 620 1402 καὶ
642 1339 749 1416 ὅπλων,
769 1343 816 1401 καλ
829 1341 888 1409 τούς

108 1435 271 1514 τραυματίας
287 1435 374 1493 αὐτῶν
396 1434 443 1492 οὐκ
457 1433 580 1501 έλάττους
593 1432 669 1499 ὄντας
688 1434 741 1490 τῶν
755 1432 886 1511 περευγό-

108 1547 159 1584 των
170 1521 317 1601 λαμύάνει·
332 1521 380 1594 τήν
395 1543 424 1580 τε
438 1520 520 1582 ἵππον
532 1519 670 1602 ίκπέμψας
683 1521 727 1580 tel
740 1520 799 1587 τούς
811 1524 888 1581 ίσκε-

109 1613 253 1691 δασμένους
274 1612 324 1671 ἀνὰ
343 1610 392 1678 τδες
416 1610 489 1678 ὁδούς
512 1633 541 1669 τε
564 1612 610 1670 καὶ
631 1608 678 1677 τδις
702 1608 766 1677 ὐλας
783 1610 889 1668 πολλῶν

57 1728 81 1766 rs
107 1701 207 1781 γίνεται
222 1700 354 1776 σωμάτων
376 1698 520 1779 ἐγκρατής·
544 1697 590 1759 καί
612 1698 642 1757 τὸ
660 1697 751 1758 λοεπδν
775 1697 827 1770 ἤδη
841 1697 888 1768 τλν

109 1789 238 1869 Ἑρνίκων
253 1795 303 1867 γῆν
317 1787 393 1866 ἐπῄει
410 1789 547 1862 λεηλατῶν
560 1788 641 1854 ἀδεῶς
655 1786 757 1855 οὐδενὸς
772 1786 811 1846 ἔτι
824 1789 887 1845 irno-

109 1883 231 1957 μένοντος
256 1881 292 1947 είς
318 1887 410 1959 χεῖρας
434 1879 512 1940 ἰέναι.
554 1879 648 1938 Ταῦτα
682 1873 730 1954 μέν
756 1875 889 1942 Ἀκύλλιος

109 1965 229 2048 ἔδρασεν.

149 2057 265 2118 Lxllll.
289 2054 324 2117 Ὀ
340 2056 362 2114 δ’
372 2053 459 2134 ἕτερος
474 2058 526 2114 τῶν
538 2053 658 2129 ὑπάτων,
673 2054 752 2122 Τῖτος
767 2052 887 2130 Σίκκιος,

54 2167 82 2206 eo
109 2147 123 2202 ό
139 2145 266 2227 πεμρθείς
281 2143 324 2204 ἐπί
344 2143 544 2217 Οὐολούσκους,
571 2142 631 2206 όσον
644 2135 676 2217 ἦν
688 2145 828 2223 κράτιστον
842 2147 889 2215 τῆς

108 2235 242 2310 δυνάμεως
256 2232 333 2314 μέρος
349 2232 508 2306 άναλαόών,
520 2234 556 2300 είς
568 2231 618 2305 τὴν
630 2234 815 2310 Οὐελιτρανῶν
831 2230 888 2311 χώ-

109 2346 155 2401 ραν
167 2322 313 2384 εἰσέθαλεν.
328 2321 460 2382 Ἐνταῦθα
471 2320 523 2402 γάρ
533 2312 566 2394 ἦν
578 2321 682 2389 Τύλλος
695 2319 796 2387 Ἄττιος
808 2323 823 2378 ὁ
837 2322 889 2378 τῶν

108 2411 282 2472 Οὐολούσκων
303 2409 410 2489 ἡγεμών
423 2409 471 2481 τὴν
487 2410 672 2487 ἀκμαιοτάτην
686 2407 889 2486 συσκευασάμε-

108 2524 150 2568 νος
165 2501 308 2580 στρατιάν,
322 2500 430 2579 γνώμην
443 2502 511 2579 έχων
529 2500 564 2557 τδι
575 2500 734 2580 συμμαχικὰ
744 2497 888 2576 Ῥωμαίων

54 2613 82 2651 ae
110 2593 232 2649 κακῶσαι
246 2593 372 2669 πρῶτον,
387 2589 503 2666 ώσπιρδ
518 2587 639 2668 Μάρκιος
651 2589 777 2667 ἔδρασεν,
792 2586 831 2645 ὅτ’
841 2587 890 2666 ἤρ-

109 2700 172 2757 χετο
186 2682 231 2735 τοῦ
248 2677 380 2754 πολέμου,
410 2677 485 2744 δόξας
512 2680 537 2735 έν
561 2680 600 2758 τῷ
626 2680 698 2756 αὐτῷ
717 2677 789 2759 ρόύεμ
815 2675 889 2739 Ῥω·

111 2764 204 2842 μαίους
218 2764 257 2824 tn
272 2765 404 2841 διαμένειν
428 2766 473 2824 καὶ
488 2765 620 2842 μηδεμίαν
640 2775 701 2841 τοῖςι
714 2765 782 2847 ὑπέρ
803 2767 889 2827 αὐτῶν

110 2853 289 2912 κινδυνεύουσι
307 2851 422 2933 πέμψειν
440 2852 602 2931 ἐπικουρίαν.
646 2853 693 2922 Ὦς
712 2853 740 2914 δέ
762 2851 888 2936 ώρθησάν

109 2965 138 3000 τε
153 2942 198 3001 καὶ
210 2931 277 3001 εἶδον
293 2941 410 3009 άλλιέλας
424 2944 451 3000 αἱ
463 2941 602 3017 δυνάμεις,
614 2941 687 3001 οὐδέν
704 2943 743 3003 έτι
755 2941 889 3003 άναύαλό-

109 3055 186 3105 μεναι
209 3031 339 3110 συνῄεσαν
355 3033 390 3098 εἰς
402 3031 432 3091 τὸ
452 3031 525 3090 αὐτό.
566 3021 621 3092 Ἦν
635 3033 685 3090 δ’ὁ
703 3034 790 3111 χῶρος
807 3035 822 3091 δ
841 3055 889 3110 με·

108 3119 171 3189 ταξύ
188 3124 241 3179 τῶν
256 3120 458 3199 στρατοπέδων,
484 3121 511 3177 ἐν
526 3108 549 3200 ᾧ
564 3117 612 3190 τήν
637 3121 728 3199 μάχην
749 3120 801 3181 έδει
816 3121 889 3200 γενέ·

109 3215 183 3286 σθαι,
204 3208 283 3290 λόγος
301 3208 439 3289 πετρώδης
460 3209 586 3289 πολλαχῇ
601 3209 811 3289 περικατεαγώς·
827 3208 889 3269 ἔνθα

109 3298 251 3376 οὐδετέροις
268 3296 379 3369 ἠίππος
401 3297 511 3372 ἔμελλεν
527 3299 633 3357 ἔσεσθαι
646 3298 780 3378 χρησίμη.
824 3302 889 3359 Μα-

111 3385 196 3452 θόντες
209 3388 236 3444 δὲ
249 3390 327 3443 τοῦτο
345 3388 368 3443 σί
389 3387 442 3443 τῶν
457 3384 601 3461 Ῥωμαίων
622 3388 712 3453 ἱππεῖς
727 3385 772 3445 καλ
788 3388 814 3445 έν
828 3389 889 3447 αἶσ·

111 3474 177 3553 χύνῃ
192 3475 316 3549 θέμενοι,
332 3475 355 3532 εἰ
369 3473 494 3551 παρόντες
517 3475 556 3553 τῷ
574 3476 655 3551 ἀγῶνι
677 3474 758 3547 μηδέν
779 3498 888 3556 προσω-

112 3561 287 3640 φελήσουσιν,
305 3562 406 3619 ἐδέοντο
423 3567 468 3620 τοῶ
482 3560 582 3621 ὑπάτου
595 3563 781 3641 προσελθόντες
797 3566 887 3647 ἀθρόοι

112 3651 188 3706 ἐᾶσαι
211 3657 279 3727 eqd<
300 3646 467 3714 καταόάντας
493 3649 546 3708 ἀπὸ
568 3653 620 3709 τῶν
640 3649 728 3709 ίππων
755 3652 889 3731 μάχεσθαι

112 3735 223 3808 πεζοὺς,
241 3739 264 3793 εἰ
279 3734 349 3793 τοῦτ’
369 3737 441 3815 αὐτῷ
462 3735 531 3796 δοκεῖ
550 3736 689 3817 κράτιστον
712 3729 788 3800 εἶναι.
833 3742 890 3800 xe·

112 3834 193 3892 κεῖνος
209 3822 294 3883 πολλὰ
314 3822 454 3890 ἐπαινέσας
478 3824 571 3893 αὐτούς
590 3826 765 3897 καταόιάάζεε
788 3831 812 3886 τ’
835 3826 890 3888 αἰπδ

57 3946 85 3987 (ο
111 3918 163 3973 τῶν
175 3913 279 3987 ἵππων,
295 3914 340 3972 καὶ
365 3913 411 3973 σὺν
431 3917 516 3992 έαυτῷ
536 3915 711 3992 τεταγμένους
727 3907 798 3997 εἶχεν
814 3920 889 3978 ἕπεσ-

112 4004 207 4071 κόπους
221 4027 249 4063 τε
267 4006 312 4063 καὶ
327 4000 509 4082 ἐπανορθωτὰς
522 4010 569 4063 τοῦ
579 4007 723 4082 κάμνοντος
738 4007 887 4083 ἐσομένους.

116 4093 167 4154 Καὶ
187 4093 304 4171 έγένσντο
318 4096 364 4162 τῆς
380 4091 439 4149 τότε
466 4089 538 4162 νίκης
562 4095 687 4173 λαμπρᾶς
703 4093 805 4175 σφόδρα
819 4117 891 4172 γενσ·

113 4184 192 4259 μένης
203 4173 272 4240 οὐτοι
288 4180 432 4256 Ῥωμαίοις
447 4177 538 4240 αἴτιοι.
570 4180 611 4241 Τὸ
621 4182 668 4256 μέν
684 4182 734 4262 γδρ
744 4183 823 4253 πεζὸν
839 4185 891 4262 άμ-

113 4271 226 4349 ροτέρων
238 4270 332 4341 πλήθει
342 4292 371 4327 τε
386 4264 530 4348 ἀνθρώπων
540 4272 575 4336 ώς
589 4270 705 4346 μάλιστα
715 4265 748 4345 ἦν
758 4273 803 4334 καί
813 4275 890 4334 inlr·

57 4396 86 4433 ,ς
113 4361 187 4436 σμοῖς
207 4358 395 4438 ὁμοιότροπον,
416 4358 512 4429 τάξεώς
527 4383 556 4419 τε
569 4360 662 4443 κόσμιρ
679 4360 725 4420 καί
737 4364 827 4442 μάχης
839 4365 889 4441 έμ-

112 4448 200 4528 πειρίρ
217 4449 286 4506 κατά
301 4451 325 4506 τ’
338 4448 477 4527 έπαγωγδις
491 4448 536 4508 καὶ
546 4448 728 4529 ὑποχωρήσεις
744 4453 847 4529 πληγάς
860 4475 890 4512 τε

113 4530 145 4625 αὐ
167 4537 211 4596 καὶ
227 4537 345 4618 potanti<
366 4537 567 4615 παραπλήσιον.
620 4538 779 4615 Μεεέμαθον
797 4539 850 4618 γδιρ
866 4542 890 4599 ol

113 4627 273 4685 Οὐολοῦσκοι
289 4626 376 4686 πάντα
387 4626 421 4683 τὰ
436 4629 565 4704 πολέμια,
577 4626 604 4696 ἐξ
623 4617 652 4687 οὐ
671 4627 793 4707 Μάρκιον
810 4627 891 4708 ἔσχον

114 4713 248 4789 ἡγεμόνα,
269 4714 315 4772 καί
334 4717 369 4783 είς
388 4713 423 4774 et
438 4713 582 4793 Ῥωμαίων
605 4716 814 4796 προσεχώρησαν
830 4717 889 4788 ἔθη.

59 4826 87 4864 so
114 4799 238 4876 Διέμενον
253 4793 296 4860 σύν
307 4803 351 4860 ent
364 4805 489 4863 πλεῖστον
504 4802 599 4882 χρόνον
611 4809 658 4875 τῆς
674 4804 776 4884 ἡμέρας
799 4807 890 4885 ἀγχω-

116 4890 205 4967 μάλως
222 4891 248 4947 αἱ
262 4891 393 4969 φάλαγγες
408 4893 620 4970 ἀγωνιζόμεναι,
635 4894 680 4951 καὶ
698 4897 715 4966 ἡ
730 4898 776 4953 τοῦ
791 4893 890 4974 χωρίου

115 4979 188 5060 ’ρύσις
201 4976 338 5053 ἀνώμαλος
350 4969 416 5038 οὐσα
430 4978 560 5058 ἑκατέροις
572 4979 659 5039 πολλδι
669 4981 706 5047 είς
718 4979 749 5039 εδ
762 4983 890 5041 πλεονεκ-

116 5077 168 5126 τεῖν
190 5068 249 5124 κατ’
275 5065 397 5135 ἀλλήλων
421 5066 572 5146 παρείχετο.
616 5070 652 5128 Οί
673 5068 702 5126 δὲ
727 5069 816 5136 ἱππεῖς
839 5071 891 5127 τῶν

1655 341 1716 402 llll

938 470 1110 522 armisomnes
1128 471 1259 535 strepitum
1272 471 1393 534 edebant,
1412 473 1504 531 modo,
1524 476 1596 538 quasi
1614 476 1638 525 in
1650 491 1717 540 pnn-

942 559 1002 609 tium
1017 563 1130 620 merent,
1142 560 1243 611 crebros
1252 561 1373 611 clamores
1385 559 1513 611 tollebant.
1547 565 1580 612 m
1589 563 1644 612 hoec
1655 577 1717 627 quo·

941 661 990 712 que
1004 649 1117 700 Hernicis
1133 649 1256 712 ingentem
1273 652 1393 698 terrorem
1405 648 1575 709 incusserunt;
1592 653 1633 710 el,
1647 651 1718 712 ‹prrasi

942 833 1025 891 perles
1042 829 1098 893 luga
1114 829 1264 879 terebantur.
1291 832 1374 888 Quum
1390 833 1474 879 autem
1488 830 1541 879 dies
1558 829 1680 879 illuxisset
1694 832 1719 879 et

941 916 1052 981 equites,
1064 918 1107 982 qui
1117 918 1272 981 exploratum
1286 919 1355 968 missi
1377 920 1461 979 erant,
1476 918 1658 969 renuntiassent
1672 930 1717 967 nec

942 1004 1007 1055 ullas
1031 1019 1108 1055 novas
1129 1006 1213 1070 copias
1239 1006 1354 1056 hostibus
1382 1007 1475 1057 auritio
1500 1008 1596 1058 venisse
1627 1019 1719 1069 eosque

943 1093 1050 1158 fugisse,
1065 1094 1109 1159 qui
1128 1094 1207 1160 pridie
1222 1095 1274 1144 acie
1297 1095 1418 1145 instructa
1436 1101 1590 1159 pugnarunt,
1609 1095 1720 1159 Aquilius

943 1183 1034 1233 educto
1046 1184 1158 1233 exercitu
1170 1187 1197 1233 et
1210 1182 1320 1233 hostiurn
1332 1188 1421 1245 castra,
1438 1185 1554 1234 iumentis
1564 1191 1590 1237 et
1598 1198 1721 1236 commea·

943 1271 1011 1322 tlbns
1023 1274 1099 1336 utque
1112 1271 1189 1321 armis
1208 1272 1298 1322 reterta
1317 1274 1396 1337 cepit,
1419 1279 1444 1324 ct
1458 1275 1549 1326 milites
1561 1289 1647 1326 eorum
1660 1275 1718 1323 rut-

943 1362 1052 1419 ueratos‚
1074 1374 1123 1410 non
1143 1361 1273 1425 pauciores
1294 1363 1339 1423 iis,
1361 1364 1404 1428 qui
1429 1362 1554 1427 lugerurrt3
1581 1368 1607 1414 et
1628 1363 1719 1413 entisso

942 1447 1054 1510 equitatu
1066 1448 1091 1498 in
1109 1462 1167 1508 eos,
1182 1449 1226 1513 qui
1241 1449 1294 1498 vias
1305 1452 1331 1499 el
1351 1450 1427 1500 silvas
1439 1450 1545 1514 dispersi
1559 1454 1645 1511 erant,
1658 1449 1725 1500 mul-

944 1535 977 1585 lis
990 1536 1051 1586 rlris
1071 1537 1164 1600 potitus
1183 1543 1236 1598 σοι,
1261 1542 1337 1603 atque
1350 1543 1437 1602 postca
1453 1539 1613 1589 llcrnicorum
1632 1553 1718 1603 agros,

944 1623 1017 1674 lactis
1040 1625 1064 1674 in
1090 1640 1133 1676 cos
1153 1627 1359 1690 excursionibus,
1388 1628 1486 1692 impuno
1511 1628 1642 1691 populatus
1664 1631 1718 1689 est,
1769 1616 1772 1623 ’

943 1714 1011 1777 quod
1023 1715 1105 1765 nullus
1123 1715 1228 1779 amplius
1243 1729 1301 1766 cum
1315 1731 1346 1767 eo
1362 1731 1450 1766 manus
1472 1719 1584 1768 conterre
1605 1717 1718 1768 auderet.

944 1805 1023 1866 Atque
1044 1803 1098 1853 luee
1116 1804 1215 1868 quidem
1235 1804 1266 1855 ab
1283 1805 1381 1869 Aquilio
1399 1810 1468 1868 gesta
1480 1808 1546 1856 sunt.

974 2063 1074 2113 LllVll.
1088 2062 1156 2114 lllter
1168 2076 1228 2114 vero
1239 2061 1342 2124 consul,
1358 2065 1387 2114 T.
1403 2063 1514 2123 Siccius,
1526 2064 1604 2128 quiin
1618 2063 1722 2114 Volscos

944 2149 1112 2212 repausent,
1126 2166 1182 2202 cum
1196 2152 1275 2203 totius
1292 2152 1416 2203 exercitus
1428 2152 1515 2202 robore
1527 2152 1550 2202 in
1566 2152 1720 2203 Veliternum

944 2255 1032 2304 agrum
1048 2241 1210 2306 irruptionem
1229 2241 1295 2293 terit.
1327 2244 1389 2292 Nam
1403 2242 1438 2293 ibi
1459 2246 1513 2293 erat
1531 2242 1613 2292 Altius
1624 2241 1719 2302 Tullus,

946 2332 1093 2380 Volscorum
1108 2331 1176 2391 dur,
1189 2330 1232 2393 qui
1244 2330 1421 2380 validissimum
1434 2331 1574 2382 exercitum
1591 2344 1721 2396 compara-

945 2423 1032 2481 verat,
1055 2418 1081 2469 iu
1109 2420 1191 2469 auimo
1211 2419 1304 2469 habens
1324 2420 1493 2470 Romanorum
1511 2421 1597 2474 tsocios
1614 2419 1721 2484 primum

946 2523 1051 2569 rexere,
1076 2514 1104 2559 ut
1119 2511 1210 2559 lecerat
1231 2508 1338 2557 Marcius
1352 2507 1409 2559 belli
1424 2508 1508 2569 initio;
1525 2509 1549 2557 in
1571 2508 1656 2559 cadem
1672 2510 1723 2559 lor·

945 2596 1038 2646 midine
1064 2599 1187 2646 Romanos
1212 2594 1295 2645 adbuc
1313 2595 1422 2654 versari,
1440 2608 1486 2645 nec
1508 2596 1558 2645 ulla
1579 2595 1724 2646 auxiliaro-

946 2687 993 2735 cite
1008 2699 1093 2735 eorum
1104 2697 1192 2734 caussa
1212 2683 1409 2747 periclitantibus
1421 2682 1542 2733 missums
1554 2687 1632 2734 ratus.
1678 2683 1722 2734 llbi

946 2787 1006 2824 voro
1022 2777 1100 2837 ropiru
1122 2775 1305 2838 apparuerunt,
1329 2776 1355 2823 et
1377 2772 1402 2822 in
1426 2776 1541 2822 mutuum
1562 2775 1722 2837 conspectum

946 2868 1081 2922 venerunt,
1101 2862 1154 2912 sine
1169 2862 1218 2912 ullo
1235 2876 1304 2911 mora
1325 2861 1498 2912 contlinerunt.
1538 2864 1622 2912 'Locus
1639 2863 1723 2913 autem

945 2953 989 3015 qui
1006 2951 1071 3001 inter
1086 2956 1192 3014 utraque
1204 2953 1286 3000 castra
1303 2949 1489 3011 intercedebat,
1508 2949 1534 2999 in
1550 2964 1600 3015 quo
1613 2964 1724 3015 pugnan-

945 3040 1092 3099 demetat,
1115 3039 1227 3090 tumulus
1248 3041 1303 3089 erat
1317 3051 1422 3090 saxosus
1433 3042 1460 3090 et
1469 3038 1545 3090 variis
1564 3039 1589 3088 iu
1611 3039 1723 3102 partibus
1759 3078 1763 3089 .

946 3128 1098 3191 salebrosus,
1123 3128 1167 3178 ubi
1189 3128 1317 3194 equitatus
1342 3127 1437 3179 neutris
1463 3127 1520 3177 usui
1535 3131 1588 3178 erat
1614 3126 1723 3179 futurus.

946 3221 1029 3276 Quum
1040 3222 1123 3269 autem
1137 3217 1240 3267 Romani
1253 3217 1353 3282 equites
1364 3215 1390 3266 id
1400 3214 1648 3277 animadvertissent,
1662 3216 1723 3265 sibi·

945 3321 996 3372 que
1011 3310 1085 3370 turpe
1098 3307 1242 3365 duxissent.
1263 3305 1286 3354 si
1305 3304 1435 3355 certamini
1448 3304 1596 3355 interessent
1614 3307 1640 3353 et
1661 3303 1723 3355 nibil

946 3396 998 3445 suis
1012 3396 1171 3459 prodessent,
1186 3392 1329 3457 trequentes
1340 3393 1466 3442 consulem
1482 3392 1598 3442 adierunt
1617 3405 1723 3456 eumque

945 3486 1078 3548 rogarunt,
1096 3485 1125 3532 ut
1143 3483 1178 3542 (si
1198 3481 1246 3531 hoc
1265 3481 1302 3532 illi
1319 3481 1440 3544 optimum
1462 3481 1604 3542 videretur)
1628 3481 1675 3531 sibi
1691 3495 1722 3532 ex

945 3571 1019 3635 equis
1046 3568 1197 3620 dmoendere
1223 3570 1250 3618 et
1274 3567 1415 3633 pedestrem
1441 3581 1545 3633 pugnam
1570 3569 1724 3620 committere

945 3659 1107 3722 permitteret
1128 3656 1172 3706 llle
1192 3668 1251 3705 vero
1269 3670 1299 3706 ac
1321 3656 1394 3707 valde
1409 3669 1453 3706 eos
1472 3657 1591 3715 laudans,
1610 3671 1640 3708 ex
1654 3659 1724 3721 equis

946 3761 988 3798 eos
1001 3746 1151 3797 descendere
1162 3744 1249 3806 iussit,
1267 3747 1293 3794 et
1312 3744 1448 3795 instructos
1462 3746 1529 3797 circa
1549 3760 1576 3797 se
1596 3746 1721 3810 babebat,

947 3843 977 3890 ul
995 3838 1152 3904 explorarent
1185 3836 1245 3900 quid
1267 3835 1408 3886 laciendum
1440 3840 1522 3899 esset,
1550 3839 1577 3887 et
1602 3836 1723 3889 laboranti

947 3928 1009 3978 acici
1022 3926 1086 3991 parti
1098 3927 1278 3976 succurrerent.
1290 3922 1382 3986 letique
1394 3923 1460 3974 illius
1472 3923 1544 3975 valdo
1553 3924 1654 3986 insignis
1668 3927 1723 3977 vic-

945 4017 1015 4067 toriae
1027 4029 1042 4065 ε
1055 4015 1171 4065 Romanis
1184 4015 1263 4077 partos
1283 4016 1397 4062 auctores
1413 4011 1521 4063 luerunt.
1554 4015 1723 4078 Utrorumque

945 4105 1010 4155 enim
1025 4105 1103 4169 oopire
1114 4102 1255 4167 pedestres,
1266 4105 1293 4151 et
1306 4101 1433 4151 bominum
1444 4115 1548 4152 numero
1560 4101 1637 4153 terme
1651 4117 1724 4168 pares

945 4197 972 4245 et
985 4197 1119 4244 armaturae
1133 4205 1222 4257 genere
1234 4190 1341 4248 slmiles,
1356 4194 1383 4241 et
1396 4190 1456 4240 aciei
1477 4191 1601 4242 struendo
1619 4193 1723 4255 ratione,

945 4285 972 4334 et
995 4281 1118 4348 pugnandi
1142 4280 1246 4344 peritia,
1276 4279 1329 4329 sire
1349 4279 1373 4328 in
1396 4279 1535 4330 invadendo
1559 4280 1648 4341 hoste,
1671 4281 1724 4333 sire

946 4373 1009 4439 pede
1037 4371 1182 4428 relereudo,
1199 4370 1240 4421 vel
1258 4369 1284 4420 in
1303 4369 1442 4433 infligendis
1456 4371 1611 4434 vitandisque
1632 4372 1723 4422 ictibus

942 4457 1034 4523 pariter
1046 4457 1187 4505 exercitatae
1200 4456 1279 4503 erant.
1315 4455 1398 4504 Volsci
1408 4455 1476 4505 enim
1486 4468 1584 4505 omnem
1596 4469 1667 4505 suam
1680 4469 1723 4518 pu·

941 4545 1033 4609 gnaudi
1047 4547 1167 4596 rationem
1180 4548 1318 4602 mutarent,
1333 4559 1364 4595 cx
1375 4561 1426 4609 quo
1440 4547 1561 4597 lllarcium
1574 4547 1663 4597 ducem
1674 4546 1721 4597 ha·

946 4636 1067 4697 buerunt,
1079 4639 1105 4686 et
1115 4636 1147 4686 ad
1161 4638 1286 4686 Romanos
1295 4648 1379 4684 mores
1393 4646 1420 4683 se
1429 4631 1652 4682 accommodarent.
1669 4633 1721 4681 lta-

945 4738 995 4789 que
1007 4724 1039 4775 ad
1047 4725 1153 4776 mullum
1165 4724 1214 4775 diei
1224 4726 1289 4776 acies
1302 4738 1376 4789 coquo
1387 4723 1467 4772 marte
1484 4721 1637 4785 pugnarunt,
1648 4719 1723 4778 atque

946 4813 993 4864 loci
1004 4817 1094 4863 natura
1108 4811 1237 4874 inaequalis
1251 4812 1330 4862 multa
1343 4810 1455 4872 utrisque
1469 4812 1554 4857 contra
1569 4802 1722 4853 adversarios

947 4900 1071 4965 praebcbst
1080 4900 1217 4950 commoda¹
1231 4903 1264 4950 At
1272 4900 1384 4962 equitum
1392 4900 1556 4948 Romanorum
1566 4888 1677 4938 bilariam
1686 4889 1722 4938 di-

947 4989 1066 5047 visorum,
1075 4989 1164 5053 parsirr
1176 4988 1286 5038 bostium
1299 4988 1364 5036 latus
1374 4985 1484 5035 adextro
1492 4994 1567 5030 cornu
1583 4977 1721 5038 impressio·

947 5089 1003 5126 nem
1014 5075 1080 5137 lecit,
1096 5088 1152 5137 pars
1165 5090 1225 5126 vcro
1239 5078 1355 5138 superato
1364 5070 1435 5121 collis
1444 5069 1539 5117 ambitu
1549 5067 1572 5116 iu
1584 5070 1721 5116 cilrcmum

116 5153 260 5234 Ῥωμαίων
274 5155 336 5232 διχῇ
353 5151 487 5229 νείμαντες
507 5157 631 5230 ἑαυτούς,
653 5157 677 5214 οἱ
699 5154 747 5234 μέν
767 5155 838 5215 κατδι
862 5153 896 5213 τὰ
948 5163 1298 5228 hostiumagmenirrucruut.
1321 5162 1356 5208 Ac
1377 5169 1435 5206 mox
1452 5155 1493 5205 ulii
1505 5155 1599 5206 lanceas
1609 5152 1721 5217 trientali,

209 5271 323 5310 broulsll.

1598 5255 1627 5299 32
