3772 5828
608 357 897 433 ANTIQUITATUM
919 363 1064 427 ROMAN.
1087 367 1162 428 LIB.
1186 369 1251 432 Vll.

120 518 133 543 ιι
151 488 260 549 ἕκαστον
275 487 391 548 ἐνιαυτὸν
406 489 555 567 ἐπικουρίας
578 488 654 548 ἕνεκα
678 493 729 549 τῶν
749 515 894 572 κατισχυο-

121 606 133 629 ιι
152 577 235 654 μίνων
248 578 292 636 καὶ
311 575 467 648 κωλύσεως,
486 578 551 637 ιίλλο
568 576 596 637 δλ
615 578 689 657 παρὰ
715 578 789 638 ταῦτ’
806 581 866 640 οὐδέ
884 626 891 640 .

121 693 133 718 ιι
152 665 284 744 Μέγιστον
307 664 334 725 δὲ
350 666 412 736 ὑμῖν
435 665 549 742 γενέσθω
570 665 731 744 τεκμήριον,
751 666 791 727 ὅτι
805 669 893 728 οὗτεδ

120 781 133 806 ιι
150 762 226 832 νόμος
249 752 309 813 οὔτε
330 755 357 812 αῖ
372 757 496 825 συνθῆκαι
517 752 575 815 κατ’
589 756 680 834 ἀνδρὸς
695 756 835 835 πατρικίου
851 760 890 817 δι·

120 871 132 896 ιι
150 843 239 912 καίζειν
253 847 292 923 τῷ
314 842 391 923 δήμῳ
414 840 558 902 δεδώκασιν
575 841 708 914 ἐξουσίαν,
732 841 831 904 δποιεῖ
849 850 893 904 νῦν

119 957 131 983 ιι
150 931 258 998 αὐτόςὸ
284 932 374 1006 δῆμος.
423 932 544 990 Αλτεῖται
566 928 618 1009 γδρ
641 930 707 990 αὐτὸ
729 936 793 1011 παρ’
818 937 892 1009 ὑμῶν

119 1046 131 1071 ιι
155 1019 283 1098 τήμερον,
304 1022 339 1086 ὡς
358 1016 484 1099 πρότερόν
496 1043 527 1098 γε
540 1020 589 1079 οὐκ
613 1016 691 1100 ίχων·
714 1019 797 1089 οὐδεὶς
819 1020 846 1080 δδ
861 1020 892 1080 ἂν

119 1134 131 1158 ιι
150 1106 268 1172 ἀξιώσειέ
281 1130 308 1187 τι
320 1106 383 1186 παρ’
408 1106 495 1166 ἄλλων
518 1105 684 1184 λαμόόνειν,
699 1097 737 1166 διν
751 1110 806 1168 ἐστι
820 1109 893 1189 νόμῳ

118 1221 131 1244 ιι
148 1194 244 1271 κύριος.
259 1193 365 1255 Δίκαιον
382 1193 409 1254 dt
420 1195 521 1276 φύσεως
536 1194 740 1272 ἀνομοθέτητον,
760 1184 783 1255 ὦ
799 1195 892 1276 βουλή,

117 1307 130 1334 ιι
147 1283 203 1350 πῶς
230 1280 262 1341 θν
284 1281 324 1355 εἴη
346 1288 432 1342 τοῦτο·
461 1282 507 1340 καί
531 1282 582 1363 γὰρ
609 1287 686 1341 τοῦτο
709 1282 801 1352 Δίκιος
826 1288 894 1363 ὑμᾶς

117 1395 129 1422 ιι
146 1367 213 1448 ᾤετο
239 1370 291 1428 δεῖν
312 1371 426 1430 σκοπεῖν·
451 1372 505 1438 τοῖς
527 1369 575 1448 μίν
597 1371 739 1447 δημόταις,
761 1372 791 1440 ἅς
815 1374 839 1431 τ’
860 1372 893 1433 ἂν

116 1482 129 1508 ιι
146 1456 262 1537 φεύγωσι
276 1455 348 1523 δίκας
366 1457 418 1516 tut
435 1459 487 1515 τῶν
511 1456 655 1536 πατρικίων
669 1456 713 1515 καί
733 1456 764 1525 ἃς
778 1457 809 1516 διν
824 1459 893 1519 ίκεί·

116 1570 129 1596 ιι
147 1568 204 1612 νσυς
227 1544 342 1604 διώκωσι
362 1546 405 1602 τὸν
429 1546 511 1623 δῆμον
527 1544 658 1616 δικάζειν,
677 1552 729 1612 τοῖς
750 1545 777 1607 δὲ
793 1570 891 1628 πατρι-

116 1658 129 1685 ι
146 1634 211 1692 κίοιε
227 1632 288 1711 μήθ’
304 1630 366 1690 ὅταν
383 1633 502 1713 ἐποίγωσί
519 1655 570 1692 τινι
583 1636 634 1692 τῶν
650 1633 799 1706 δημοτικῶν
818 1635 893 1711 δίκην

118 1748 130 1774 ιι
152 1722 215 1800 μήθ’
236 1721 298 1781 ὅταν
315 1721 387 1781 αὗτολ
409 1722 574 1782 κινδυνεύωσι
603 1718 663 1788 τοὺς
680 1721 841 1803 πατρικίους·
856 1724 891 1784 rb

118 1836 129 1862 ι
148 1810 220 1882 νείκη
236 1813 353 1883 διαιτᾶν,
369 1810 437 1871 ἀλλὰ
456 1810 555 1878 τούτοις
572 1808 621 1887 μὲν
643 1809 779 1892 ἀμφότερα
800 1809 893 1880 ἐξεῖναι

116 1923 128 1948 ιι
146 1900 327 1974 πλεονεκτεῖν,
345 1901 405 1973 ἡμῖν
419 1897 446 1958 δλ
460 1898 596 1977 οὐδετέρου
622 1901 674 1958 τῶν
689 1898 796 1958 δικαίων
811 1899 891 1976 μετί-

116 2009 129 2034 ιι
146 1988 260 2063 χεινςθζί
274 1985 303 2043 δι’
315 2008 341 2044 τι
361 1984 477 2068 Melpo«
500 1987 585 2046 ἀδικεῖ
605 1985 649 2045 τδν
668 1986 750 2062 δῆμον
777 1983 833 2068 [ἢ]
847 1989 893 2048 καί

116 2098 129 2123 ιι
146 2073 224 2139 ἄλλος
238 2076 289 2130 τῶν
305 2075 448 2155 πατρικίων
470 2079 607 2149 ὁστισοῦν,
639 2073 685 2133 καί
704 2073 802 2143 δίκαιός
821 2077 892 2136 ίστιν

58 2199 70 2211 .
114 2186 127 2211 ιι
145 2161 282 2221 ἀποθανεῖν
300 2160 318 2233 ἢ
339 2165 384 2234 τ’ής
398 2165 499 2233 πολεως
516 2165 653 2236 ἐκπεσεῖν,
674 2162 712 2240 μὴ
724 2167 791 2244 παρ’
806 2166 893 2235 αὐτοῖς

112 2275 125 2300 ιι
144 2248 203 2306 ἀλλ’
219 2248 308 2309 ίνθύδε
331 2251 427 2329 κριθεὶς
447 2250 542 2311 διδότω
560 2249 650 2327 δίκας,
667 2249 757 2329 ὥσπερ
776 2251 833 2311 ἐστὶ
846 2253 892 2313 νό·

111 2362 125 2389 ιι
143 2360 233 2413 μιμον.
284 2338 318 2398 El
333 2338 371 2415 μή
387 2338 459 2421 ἄρα,
476 2329 499 2398 εἷο
515 2337 613 2410 Δίκιε,
634 2342 649 2397 δ
671 2337 718 2416 μὲν
734 2341 816 2414 δήμος
838 2341 892 2410 ίσος

111 2448 124 2475 ι
141 2422 217 2482 ἔσται
236 2425 363 2495 δικαστής
382 2424 427 2483 καλ
442 2425 515 2486 σιἰθὲν
531 2425 562 2484 θν
582 2426 723 2504 χαρίσαιτο
746 2428 817 2506 αὑτῷ
832 2428 892 2509 περί

112 2540 125 2565 ι
145 2513 235 2593 ἀνδρὸς
246 2517 339 2594 ἐχθροῦ
355 2516 403 2587 τὴν
420 2519 506 2598 ψῆφον
529 2519 671 2598 ἐπιφέρων·
685 2506 756 2575 οὗτοι
773 2515 799 2575 el
813 2519 836 2576 rt
850 2518 892 2598 γί·

114 2628 127 2655 ιι
145 2624 229 2660 νοιντο
245 2607 292 2674 τῆς
308 2603 397 2686 ιλήρου
418 2602 503 2684 κύριοι
518 2604 563 2664 τὀν
578 2605 716 2664 ἀδικοῦντα
729 2605 790 2686 περί
804 2605 891 2666 πλείο·

113 2714 126 2741 ιι
144 2711 185 2755 νος
198 2688 353 2760 ποιήσονται
371 2695 417 2764 τῆς
429 2692 601 2769 ἀδικουμένης
623 2695 668 2751 ὑπ’
680 2696 759 2754 ottob
774 2694 889 2771 πόλεως,

112 2801 125 2828 ιι
144 2775 284 2851 μέλλοντες
306 2778 372 2858 ἀρὰν
387 2779 433 2838 καλ
455 2779 588 2861 ίπισρκίαν
603 2781 648 2840 καὶ
662 2790 739 2857 μῖσος
755 2782 803 2855 μὲν
818 2787 891 2866 παρὰ

110 2890 124 2917 ιι
143 2863 308 2943 ἀνθρώπων,
340 2865 419 2946 χόλον
445 2867 472 2929 δὲ
506 2866 580 2948 παρὰ
602 2870 666 2928 θεῶν
689 2872 719 2928 br
744 2873 790 2942 τῆς
818 2871 891 2947 δίκης

110 2980 123 3008 ιι
144 2951 313 3028 ἀποίσεσθαι,
338 2955 383 3015 καί
398 2954 466 3032 μετὰ
488 2959 608 3035 πονηρῶν
632 2956 743 3017 ίλπίδων
760 2962 816 3032 ζῆν.
832 2963 891 3023 Οὔκ

110 3069 123 3096 ιι
142 3042 210 3113 ἄξιον
236 3049 321 3103 ταῦτα
346 3043 407 3125 περὶ
431 3048 478 3116 τῆς
497 3047 610 3122 βουλῆς,
638 3033 805 3122 ίύδημόται,
827 3050 890 3109 bno·

111 3156 123 3182 ιι
142 3139 249 3201 τοπεῖν,
266 3120 283 3209 λ
299 3129 377 3207 τιμίας
392 3129 438 3189 καί
455 3128 551 3211 ἀρχὰς,
571 3129 617 3191 καί
640 3130 674 3190 τὰ
696 3131 824 3213 κράτιστα
837 3138 889 3194 τῶν

111 3245 123 3269 ιι
142 3220 216 3298 ἕντῇ
240 3218 316 3278 πόλει
342 3226 513 3299 παραχωρεῖν
542 3219 694 3298 ὁμολογεῖτε
720 3221 753 3279 δι’
781 3220 888 3298 ἀρετήν,

112 3305 186 3364 ικαὶ
203 3305 302 3373 πολλιλς
322 3306 433 3387 χάριτας
457 3306 551 3366 είδίναι
573 3305 639 3388 φατὲ
654 3311 701 3378 τῆς
724 3305 887 3386 προθυμίας,

112 3419 125 3445 ιι
140 3392 173 3464 ἣν
196 3393 350 3463 ἀπεδείξατο
362 3394 422 3474 περὶ
435 3393 484 3463 τήν
504 3394 613 3454 κείθοδον
638 3397 720 3470 ὑμῶν.
764 3393 889 3473 Μαίχεται

113 3507 126 3534 ι
143 3487 226 3540 ταῦτα
243 3481 375 3554 ἀλλήλοις,
388 3480 435 3542 καί
449 3483 496 3541 οὐκ
511 3483 567 3563 ἔχει
582 3483 676 3561 λόγον,
692 3485 736 3549 οὓς
749 3484 888 3553 ἐπαινεῖτε,

114 3595 127 3621 ιι
147 3570 251 3635 τούτους
270 3569 421 3649 φσύεῖσθαι,
444 3570 489 3630 καί
505 3569 562 3650 δμα
581 3578 635 3638 τοῖς
658 3570 744 3636 αιἰτοῖς
764 3569 825 3650 περὶ
841 3569 888 3645 μὲν

114 3683 127 3709 ιι
146 3658 199 3714 τῶν
215 3655 340 3732 μειζόνων
353 3655 517 3740 ἐπιτρέπειν,
532 3660 592 3739 περλ
608 3659 635 3718 δὲ
648 3661 700 3716 τῶν
715 3657 802 3717 ἄλλων
815 3659 889 3716 ἀπισ-

114 3773 126 3799 ιι
145 3747 210 3805 τεῒν.
253 3744 289 3804 Τί
304 3742 333 3803 δὲ
350 3744 409 3825 οὗχλ
431 3754 479 3827 μιᾷ
500 3744 632 3826 χρώμενοι
647 3743 741 3825 γνώμη
763 3743 781 3814 ἢ
802 3743 888 3801 πάντα

114 3861 126 3887 ι
144 3832 280 3892 πιστεύετε
295 3833 397 3909 αὐτοῖς,
413 3830 431 3905 ἢ
449 3836 508 3914 περὶ
524 3834 628 3894 πάντων
653 3837 804 3906 ἀπιστεῖτες
819 3833 889 3890 ἀλλὰ

114 3950 126 3976 ιι
150 3922 344 4002 προόουλεῦσαι
367 3921 415 4001 μίν
434 3922 528 3991 αὐτοὺς
542 3923 575 3982 cdi
598 3923 688 3983 δίκαιοι
702 3921 807 3988 ἱκανοὺς
821 3911 889 3980 εἶναι

113 4039 126 4064 ιι
144 4011 278 4089 νομίζετε,
299 4010 404 4073 δικάσαι
420 4011 448 4071 δί
466 4012 527 4093 περὶ
543 4013 629 4072 αὐτῶν
653 4011 750 4072 τούτων
768 4000 805 4069 ὧν
823 4034 889 4093 προ·

113 4128 125 4151 ιι
144 4099 310 4160 δουλεύουσιν
334 4104 371 4161 οὗ·
408 4103 523 4169 ἱκανούς.
564 4099 655 4162 Πολλδι
677 4101 723 4160 καί
744 4099 813 4159 ἄλλα
828 4098 889 4181 περί

113 4216 126 4240 ιι
144 4192 196 4247 τῶν
218 4186 326 4246 δικαίων
348 4125 435 4268 τύχον,
462 4177 485 4249 ὦ
508 4188 602 4269 βουλὴ,
626 4186 725 4265 λίγειν,
752 4186 819 4245 ellit
844 4184 889 4244 καλ

113 4304 125 4330 ιι
142 4283 228 4336 ταῦτα
245 4278 333 4339 ἱκανά.

149 4367 225 4429 Llll.
249 4393 261 4418 ι
278 4365 390 4440 Ἐπειδὴ
403 4366 491 4440 δὲκαὶ
504 4367 564 4450 περλ
575 4372 621 4427 τοῦ
631 4364 807 4450 συμφέροντος
819 4368 890 4426 ἕπει·

113 4480 125 4507 ιι
149 4466 212 4535 pero
235 4454 320 4535 λέγειν
345 4458 452 4531 Δέκιος,
484 4461 520 4526 ὡς
548 4456 645 4536 ἀγαθὸν
679 4457 727 4536 μίν
758 4455 886 4534 ὁμόνοια,

114 4569 126 4595 ιι
145 4544 226 4604 δεινδν
239 4545 267 4604 el
280 4546 386 4622 στσίσις,
401 4549 447 4607 καλ
469 4547 655 4630 θεραπεύοντες
678 4546 727 4625 μὲν
740 4544 785 4606 τδν
803 4546 889 4623 δῆμον

114 4657 126 4682 ιι
146 4630 172 4688 ἐν
199 4633 307 4714 ὁμονοία
333 4634 556 4713 πολιτευσόμεθα,
594 4635 759 4704 κωλύσαντες
796 4633 823 4693 δὲ
845 4631 889 4701 οθς

114 4744 127 4770 ιι
149 4720 286 4797 βούλονται
299 4726 351 4783 τῶν
364 4724 510 4805 πατρικίων
524 4725 697 4806 ἀνδρηλατεῖν
708 4723 726 4796 ἢ
743 4726 889 4803 μιαιφονεῖν

114 4832 128 4860 n
145 4808 181 4874 εἷς
196 4808 309 4884 πολεμον
320 4814 445 4894 ίμφύλιον
462 4811 696 4892 καταστησόμεθα,
710 4811 889 4890 πολλθλίγειν

114 4924 126 4949 ιι
143 4896 229 4978 ἔχων,
246 4899 340 4975 ὀλίγοις
357 4903 421 4963 πάνυ
443 4904 590 4983 χρήσομαι.
643 4904 753 4983 Πρῶτον
776 4900 824 4978 μὲν
844 4888 888 4958 οὖν

113 5012 126 5038 ιι
144 4986 281 5064 θαυμιίσαι
294 4987 349 5068 ἔχω
362 4991 454 5051 Δίκιον
467 4997 513 5065 τῆς
529 4990 669 5072 εἰρωνείας,
682 4991 711 5049 οὗ
726 4989 778 5069 γδρ
790 4986 886 5060 ἠλιθιόι

115 5099 127 5125 ιι
143 5076 220 5148 τητός
229 5100 273 5156 γε·
285 5080 309 5136 εί
320 5086 436 5159 κρεῖττον
450 5081 533 5141 οίετιιι
541 5078 575 5139 cd
587 5077 753 5160 συμφίροντα
763 5081 800 5153 τῷ
812 5077 890 5157 κοινῷ

114 5188 128 5211 ιι
147 5173 247 5244 φρονεῖν
271 5167 377 5240 ἑαυτὸν,
393 5165 421 5237 δς
435 5168 493 5250 ἄρτι
505 5168 687 5249 παρελήλυθεν
703 5169 738 5234 εἰς
752 5162 890 5232 πολιτικὰς

1665 384 1725 443 425

949 524 961 547 «
975 504 1038 556 riam
1053 507 1145 558 abillis
1159 509 1289 573 pmhibeat
1301 552 1305 573 ,
1319 511 1381 562 nihil
1397 525 1458 564 vero
1476 517 1603 578 preterea.
1619 520 1727 573 blerimo

949 616 962 642 ιι
976 603 1061 650 nutem
1074 607 1219 665 argumento
1234 603 1304 653 tobis
1318 604 1360 665 sit,
1373 618 1419 655 nec
1435 620 1466 657 cx
1480 607 1533 670 lege
1547 622 1592 659 nec
1604 624 1635 660 en
1648 615 1727 676 pactis

949 708 961 731 ιι
977 688 1015 739 ius
1028 703 1084 741 esee
1095 691 1161 756 plebi
1180 691 1211 742 de
1222 707 1346 757 quoquam
1363 696 1459 758 patricii
1473 699 1567 750 ordinis
1585 702 1726 772 iudicandi,

949 781 1116 846 «idipsum,
1137 785 1205 849 quod
1226 800 1291 835 nunc
1310 787 1380 850 plebs
1399 789 1467 840 tacit.
1511 796 1577 845 Petit
1598 797 1663 847 enim
1681 800 1728 853 boc

950 874 1050 927 «bodie
1067 878 1182 941 urobis,
1198 881 1256 943 quin
1268 885 1326 932 ante
1349 896 1398 933 non
1421 885 1530 938 habebat
1548 904 1554 934 ι
1571 892 1655 943 nullus
1669 910 1728 948 vero

949 987 962 1010 ι
972 965 1010 1019 ἀθ
1028 970 1082 1021 utils
1093 971 1119 1021 id
1133 974 1265 1038 petendum
1278 981 1377 1041 censet,
1396 981 1463 1044 quod
1482 997 1526 1048 per
1540 985 1607 1050 ipsas
1625 990 1691 1054 leges
1704 993 1728 1043 ei

949 1074 961 1098 ι
977 1058 1136 1120 permittitur.
1171 1063 1302 1121 Quomodo
1314 1080 1390 1130 vero,
1407 1072 1494 1123 Patres
1511 1077 1658 1142 conscripti,
1681 1079 1729 1130 boc

949 1169 961 1193 ιι
976 1150 1017 1201 ius
1036 1157 1132 1204 nnturre
1149 1169 1198 1206 nou
1218 1159 1339 1223 scriptum
1364 1176 1419 1216 esse
1442 1169 1532 1231 possit,
1556 1173 1648 1223 Decius
1662 1175 1728 1226 enim

948 1263 961 1287 ιι
976 1243 1024 1294 hoc
1041 1260 1141 1311 quoque
1155 1251 1227 1304 uobis
1242 1259 1403 1320 spectandum
1418 1265 1535 1316 censebat
1549 1270 1585 1329 ut,
1599 1270 1650 1321 sire
1669 1272 1729 1336 ple·

949 1357 962 1382 ‘¹
979 1339 1026 1391 beli
1039 1344 1174 1406 &palliciis
1194 1349 1230 1400 rei
1248 1357 1365 1417 agantur,
1381 1356 1434 1407 sire
1447 1358 1502 1410 illos
1522 1361 1569 1426 ipsi
1586 1366 1623 1415 rei
1639 1369 1724 1431 egent,

949 1449 961 1474 ι
977 1430 1098 1486 lucinum
1112 1437 1146 1489 sit
1159 1454 1233 1504 penes
1248 1449 1386 1511 poputum?
1412 1453 1572 1517 patriciorum
1596 1473 1656 1511 vero
1672 1462 1728 1516 liter

949 1544 962 1568 ι
980 1540 1059 1591 neque
1082 1545 1139 1582 cum
1164 1535 1212 1600 ipsi
1238 1538 1346 1604 aliquem
1378 1543 1410 1595 de
1446 1547 1517 1613 plebe
1543 1563 1612 1601 reum
1639 1557 1726 1617 agant,
1798 1556 1801 1561 '

949 1638 962 1663 ι
976 1635 1056 1685 neque
1069 1638 1127 1677 cum
1141 1627 1190 1693 ipsi
1210 1633 1386 1699 periclitentur,
1406 1653 1421 1689 ο
1439 1643 1549 1705 patriciis
1572 1645 1727 1713 dirimantur,

949 1734 961 1756 «
975 1712 1019 1763 sed
1030 1715 1242 1782 istorumquidem
1257 1727 1365 1780 conditio
1381 1734 1487 1795 utroque
1499 1735 1573 1785 modo
1584 1736 1617 1786 sit
1631 1737 1727 1799 melior,
1787 1767 1790 1771 -

949 1829 962 1854 ιι
977 1823 1022 1860 nos
1037 1823 1096 1860 vcro
1109 1816 1222 1865 neutrius
1231 1817 1306 1870 buius
1322 1821 1383 1871 iuris
1398 1825 1529 1890 participes
1548 1828 1626 1878 simus
1635 1835 1646 1880 ε
1655 1831 1729 1891 Quod

950 1925 961 1948 ιι
978 1905 1001 1955 si
1019 1906 1140 1969 Marcius,
1153 1914 1197 1960 unt
1210 1912 1272 1963 alius
1290 1916 1373 1978 quivis
1389 1918 1507 1981 patricius
1531 1921 1596 1985 plebi
1615 1924 1728 1976 iniuriam

950 2019 961 2041 ιι
976 1999 1306 2071 circumduceremus
1323 2014 1362 2060 eet
1376 2011 1421 2074 qni
1432 2016 1510 2062 morte
1524 2015 1666 2075 mulctetur,
1684 2020 1729 2069 nut
1799 2047 1801 2052 ¹

948 2121 961 2145 ιι
979 2102 1004 2151 in
1018 2098 1131 2150 exsilium
1144 2099 1263 2165 pelletur,
1280 2116 1329 2153 non
1351 2104 1419 2168 apud
1442 2106 1526 2170 ipsos,
1541 2108 1584 2157 sed
1608 2108 1650 2160 bic
1660 2111 1728 2162 indi·

949 2213 961 2236 ιι
976 2194 1048 2242 catus
1061 2203 1092 2240 ex
1107 2190 1201 2256 legibue
1219 2208 1305 2258 poenac
1326 2196 1378 2248 det.
1401 2199 1453 2249 Nisi
1471 2200 1548 2264 torte,
1561 2202 1637 2262 Deci,
1649 2203 1726 2270 dicar,

949 2307 961 2331 ι
975 2287 1055 2354 ipsum
1066 2288 1164 2353 plebem
1176 2286 1283 2338 iudicem
1300 2302 1399 2352 reqltum
1416 2291 1477 2351 tore,
1491 2294 1518 2343 et
1529 2291 1591 2342 nibil
1605 2293 1655 2344 sibi
1670 2309 1726 2361 gra-

948 2400 960 2424 ·
975 2381 1124 2433 tilicutnrem
1136 2384 1221 2433 contre
1235 2381 1363 2431 inimicum
1374 2395 1457 2440 suum,
1471 2382 1619 2447 suffragium
1632 2388 1726 2451 terens,

948 2491 960 2517 ι
976 2471 1016 2523 bie
1033 2486 1105 2532 reto,
1130 2474 1150 2524 si
1164 2487 1251 2524 eorum
1264 2472 1366 2523 arbitrio
1392 2473 1508 2538 sudrngla
1530 2477 1726 2542 committantur,

949 2585 960 2609 ι
976 2581 1046 2618 reum
1057 2565 1136 2632 pluris
1145 2565 1253 2616 lecturos
1266 2579 1348 2628 quem
1360 2565 1445 2617 laesum
1456 2566 1488 2616 ab
1499 2580 1529 2617 eo
1541 2570 1726 2633 rempublicam,

948 2691 960 2714 ιι
976 2668 1111 2736 periurium
1125 2669 1152 2717 et
1167 2667 1348 2716 exsecrationes
1362 2665 1390 2715 et
1408 2662 1534 2714 hominnm
1553 2663 1611 2714 odia
1628 2664 1653 2716 et
1666 2667 1728 2717 iram

948 2786 960 2809 ι
976 2764 1080 2815 deorum
1090 2774 1120 2810 ex
1136 2758 1184 2809 hoe
1197 2758 1289 2809 iudicio
1304 2758 1426 2809 relaturos
1447 2763 1473 2808 et
1484 2758 1550 2809 mala
1561 2772 1619 2809 cum
1632 2774 1676 2824 spe
1690 2761 1728 2812 ri·

948 2878 960 2902 ι
974 2859 1026 2909 tam
1038 2857 1144 2906 acturos.
1179 2853 1251 2904 llnnd
1263 2867 1364 2918 equum
1383 2866 1486 2914 censeo,
1502 2853 1619 2915 Quirites,
1633 2868 1679 2906 roe
1696 2855 1728 2908 de

947 2972 959 2996 ι
974 2954 1059 3002 senatu
1076 2948 1111 2999 itu
1137 2947 1241 3007 sentire,
1259 2946 1300 2998 cui
1321 2947 1470 3008 bonoribus,
1482 2949 1508 2997 et
1522 2947 1727 3014 magistratibus,

947 3069 960 3093 ιι
978 3050 1005 3098 et
1022 3044 1112 3097 ceteris
1128 3044 1219 3103 rebus,
1232 3057 1289 3107 qum
1310 3044 1335 3094 in
1361 3043 1424 3094 urbo
1443 3045 1503 3093 sunt
1516 3045 1728 3109 praestantissime

947 3154 1019 3193 «ros
1037 3140 1141 3191 cessisse
1163 3142 1261 3204 propter
1273 3138 1392 3188 virtutem
1418 3136 1472 3187 elus
1493 3136 1620 3197 letemini,
1639 3137 1729 3201 cuique

946 3257 960 3283 ιι
974 3250 1088 3303 magnum
1109 3233 1202 3286 hahere
1230 3233 1334 3298 gratiam
1356 3232 1451 3293 dicitis,
1468 3232 1501 3282 ob
1522 3245 1624 3296 operam
1647 3232 1728 3284 animo

947 3353 958 3376 ι
974 3333 1072 3398 pmmto
1086 3330 1113 3380 in
1127 3330 1211 3378 metro
1224 3327 1305 3377 reditu
1324 3329 1447 3377 navatam.
1471 3325 1584 3387 Pugnant
1598 3322 1653 3373 brec
1663 3322 1728 3375 inter

947 3445 959 3467 ιι
975 3437 1003 3473 se
1023 3435 1069 3471 nec
1082 3420 1132 3470 ulla
1145 3418 1241 3469 teilone
1263 3423 1329 3468 staro
1344 3423 1437 3483 potest,
1461 3421 1499 3478 ut,
1524 3430 1588 3481 quos
1604 3415 1726 3478 laudatis,

949 3535 961 3558 ι
977 3512 1077 3565 eosdem
1101 3510 1224 3571 timeatis,
1248 3509 1340 3573 quibus
1374 3509 1468 3559 maiora
1499 3509 1672 3572 commisistis,
1701 3509 1728 3560 in

945 3641 957 3665 ι
974 3619 1063 3672 ceteris
1085 3615 1219 3668 dissidetis.
1255 3614 1366 3664 cernon
1388 3607 1449 3674 ipsis
1471 3619 1520 3657 uno
1539 3619 1660 3657 consensu
1683 3610 1727 3657 nnt

945 3729 958 3754 ιι
973 3707 1124 3760 inomnibus
1135 3706 1209 3756 tidem
1222 3703 1337 3763 bebetis,
1353 3705 1399 3752 aut
1415 3703 1439 3752 in
1451 3699 1567 3752 omnibus
1590 3699 1726 3760 dittiditisr

945 3823 958 3848 ιι
973 3803 1018 3855 sed
1040 3801 1073 3854 ed
1099 3798 1288 3867 properandum
1311 3811 1355 3859 ea,
1375 3810 1433 3860 quae
1452 3797 1517 3846 iustu
1538 3797 1610 3855 sunt,
1625 3795 1727 3843 teloneos

946 3924 959 3948 ι
976 3917 1031 3955 esse
1040 3903 1108 3970 ipsos
1120 3899 1268 3953 existimatis
1276 3935 1284 3961 ,
1292 3897 1324 3948 ud
1335 3894 1494 3947 indicandum
1505 3905 1565 3944 vero
1573 3890 1606 3941 de
1617 3888 1664 3938 illis
1674 3924 1682 3947 ,
1694 3884 1727 3937 de

946 4017 959 4041 ιι
976 3995 1066 4061 qulbus
1101 3991 1279 4049 consultarint,
1315 3986 1416 4038 minime
1443 3984 1563 4035 idoneos?
1596 3984 1725 4035 Poteram.

945 4094 1060 4144 «Patres
1073 4087 1224 4153 conscripti,
1241 4089 1268 4138 et
1286 4084 1366 4136 multe
1378 4081 1426 4133 alin
1449 4080 1481 4132 de
1502 4080 1555 4131 iure
1574 4077 1672 4138 dicere,
1682 4072 1726 4124 sed

946 4213 958 4237 ιι
974 4192 1029 4242 haec
1041 4190 1095 4255 ipse
1111 4185 1243 4238 sufficiunt.

974 4371 1057 4421 Llll.«
1068 4372 1170 4428 Verum,
1179 4365 1296 4431 quonium
1310 4361 1399 4414 Decius
1409 4359 1441 4410 de
1454 4357 1561 4408 ulilitate
1573 4358 1676 4405 conatus
1687 4351 1725 4401 di-

945 4479 958 4502 ι
974 4471 1030 4508 cere
1046 4458 1091 4516 eut,
1107 4456 1196 4506 bonnm
1210 4465 1264 4503 esse
1276 4448 1446 4507 concordium,
1470 4444 1615 4496 seditionem
1636 4439 1726 4489 malam

945 4567 957 4592 ι
973 4550 1013 4608 et,
1028 4545 1050 4597 ei
1061 4543 1127 4610 plebi
1150 4542 1331 4606 obsequemur,
1351 4534 1497 4588 concordem
1521 4532 1571 4581 tore
1590 4529 1724 4588 civitatem,

946 4656 959 4680 ιι
971 4635 1010 4687 sin
1022 4631 1213 4699 prohibeamus,
1227 4627 1358 4692 quominus
1382 4623 1511 4688 patricios,
1529 4632 1592 4683 qnos
1606 4617 1665 4668 libet
1683 4616 1727 4663 nut

945 4745 958 4770 ι
974 4725 1034 4776 urbe
1051 4723 1143 4788 pellunt
1163 4721 1207 4769 eut
1224 4717 1353 4778 occidant,
1370 4728 1417 4765 nos
1434 4713 1489 4764 belli
1515 4708 1593 4760 civilis
1614 4708 1726 4757 auctores

945 4833 958 4858 ι
973 4815 1041 4873 tore,
1065 4825 1122 4863 cnm
1138 4807 1216 4860 multe
1236 4807 1327 4872 possim
1349 4804 1448 4861 dicere,
1471 4798 1556 4864 paucis
1571 4799 1654 4845 lamen
1673 4802 1725 4839 rem

945 4925 958 4948 ι
976 4900 1112 4967 expediam.
1129 4901 1163 4948 Ac
1179 4897 1285 4961 primum
1302 4892 1403 4957 quidem
1420 4890 1494 4939 miror
1517 4884 1585 4934 Decii
1609 4877 1724 4928 dissimu-

945 5011 958 5035 ιι
972 4989 1088 5040 lationem
1115 4986 1179 5050 (non
1208 4985 1274 5035 enim
1305 4982 1387 5031 dicam
1413 4971 1569 5036 uenientem)
1592 4971 1612 5020 ei
1639 4973 1723 5035 putet,

946 5100 958 5124 ιι
972 5074 1109 5141 reipublice}
1123 5074 1255 5124 utilitatem
1267 5070 1355 5121 melius
1369 5081 1384 5116 a
1398 5079 1425 5116 se
1444 5060 1558 5125 intelligi,
1583 5060 1627 5124 qul
1647 5071 1725 5124 nuper

947 5189 959 5213 ι
974 5165 1006 5217 ad
1020 5163 1158 5227 reipublice
1172 5156 1408 5212 administrationem
1429 5149 1661 5216 acordement
1678 5160 1726 5199 no·
1799 5168 1811 5205 ·¹

1797 5214 1802 5227 ι

1780 5250 1795 5271 ἀ

1657 5406 1660 5410 .
1748 5224 1812 5493 '1

1657 5484 1661 5493 .
1726 5468 1756 5493 ss
