3772 5828
179 400 237 460 {00

79 592 83 603 ,
171 534 222 592 τοῦ
236 529 400 609 τραύματος’
419 530 625 604 extortiones<
644 534 679 597 ῶς
698 522 752 612 εἶχε
771 532 880 612 τάχους,
896 535 949 613 ἐγί-

176 616 236 677 νετό
251 621 275 674 τ’
297 617 470 698 ἀγχίστρορος
489 622 565 689 broii
586 621 684 696 άγῶνος
702 619 771 700 τύχη
788 620 834 678 καὶ
851 621 952 693 πολλὴν

177 706 273 784 ἔχουσα
302 707 348 776 τήν
377 706 420 765 tni
449 705 545 785 θάτερα
574 705 736 783 μεταόολήν.
789 710 825 768 Οἱ
854 709 950 787 μένγε

178 791 330 873 ριύγοντες,
360 795 394 859 ὡς
421 793 465 851 τθν
493 792 602 868 ἡγεμόν’
628 793 658 849 ἐκ
683 797 728 850 τοῦ
753 792 951 870 ἀπροσδοκήτου

136 902 150 938 ι
178 880 283 961 φανέντ’
305 872 384 954 εἶδον,
409 879 586 945 άναλαόόντες
614 879 722 947 ίαυτοθς
744 882 775 939 ἐκ
794 886 839 940 τοῦ
858 881 952 960 προτί-

179 991 223 1047 ρου
239 967 310 1035 δέους
333 971 369 1035 εἰς
381 967 454 1036 τάξιν
475 967 649 1039 καθίσταντο,
664 967 709 1026 καί
732 967 816 1027 οὐκέτ’
839 966 952 1028 ἀνεθάλ-

178 1061 254 1119 λοντο
276 1057 313 1134 μή
330 1058 379 1136 οὐχ
400 1057 480 1135 ὁμόσε
501 1066 556 1122 τοῖς
569 1058 670 1135 ἐχθροῖς
689 1064 801 1135 χωρεῖν·
813 1059 837 1115 oi
851 1056 878 1115 δθ
888 1058 953 1124 τίονς

177 1147 358 1227 κατείργοντες
373 1145 480 1218 αὐτοὺς,
494 1145 540 1204 καί
554 1146 686 1223 μηδεμίαν
703 1142 816 1223 σιύμενοι
829 1146 952 1226 μηχανήν

177 1225 244 1293 εἶναι
258 1242 305 1295 τοῦ
318 1235 356 1310 μὴ
373 1240 401 1293 οὐ
419 1235 487 1294 κατά
503 1233 598 1313 κράτος
621 1235 702 1305 αὐτὴν
716 1231 765 1304 τήν
784 1233 860 1293 πόλιν
886 1235 953 1293 άλῶ-

124 1338 150 1377 ιο
176 1347 235 1398 ναι,
250 1323 340 1394 ἐπειδὴ
354 1323 384 1380 τθ
398 1320 527 1404 αίρνίδιόν
552 1345 581 1380 τε
595 1321 641 1379 καὶ
653 1319 799 1399 παράδοξον
813 1321 953 1381 ἐθεάσαντο

176 1419 224 1486 τῆς
249 1411 413 1490 μεταόολῆς,
441 1411 501 1490 περί
529 1410 660 1489 σωτηρίας
684 1411 757 1469 nizot
781 1413 829 1482 τῆς
853 1414 952 1469 ἑαυτῶν

177 1501 317 1562 δσκόπουν.
359 1490 413 1560 Ἦν
437 1499 460 1558 δ’
480 1499 566 1565 αὐτοῖς
586 1499 634 1559 οὐκ
655 1497 764 1568 εὗπετής
784 1503 802 1571 ἡ
824 1499 888 1579 πρὸς
909 1498 952 1558 τὸν

75 1622 78 1627 ·
176 1592 274 1670 χάρακ·
290 1589 457 1667 ἀναχώρησις
477 1590 537 1646 καθ’
558 1589 659 1666 ὑψηλοῦ
680 1609 709 1645 τε
731 1587 830 1666 χωρίου
850 1587 895 1645 καὶ
908 1586 952 1646 διδ

177 1678 266 1749 κοίλης
279 1679 339 1737 ὁδοῦ
355 1677 531 1754 διανοουμένοις,
551 1677 596 1733 καὶ
608 1673 710 1739 θπολὺς
724 1677 809 1733 αὐτῶν
829 1675 903 1754 ρόνος
926 1677 952 1733 ἐν

126 1776 150 1815 ιο
177 1764 260 1844 ταύτῃ
274 1764 417 1845 γίνεταιτῇ
431 1768 527 1843 τροπῇ.
571 1761 692 1833 Ἐκείνην
705 1762 753 1838 μὲν
769 1753 813 1823 οὖν
824 1762 873 1834 τὴν
887 1763 953 1839 ἦμέ.

179 1878 225 1933 ραν
244 1853 326 1920 οὕτως
344 1852 512 1932 ἀγχωμάλως
535 1851 728 1930 ἀγωνισάμενοι
743 1852 788 1911 καλ
812 1853 848 1920 εἷς
871 1853 952 1932 τύχας

176 1945 339 2020 παραλόγους
359 1940 502 2020 ἀμφότεροι
526 1939 717 2013 καταστάντες,
742 1939 816 2010 ἡλίου
830 1940 890 2019 περὶ
904 1964 952 1999 κα·

175 2032 291 2111 ταρορθν
306 2032 378 2096 ὄντος
398 2029 449 2100 ήδη
473 2028 651 2110 διεκρίθησαν.

215 2121 313 2180 xilv.
323 2122 389 2184 Ταῖς
398 2118 421 2175 δ’
435 2118 493 2189 ἑξῆς
505 2118 616 2197 ἡμέραις
627 2116 653 2174 σί
661 2138 690 2175 τε
703 2114 816 2175 Σαόίνοι
826 2118 853 2174 ir
865 2118 947 2195 βουλῇ

16 2248 20 2267 .
122 2217 149 2257 ²⁰
176 2209 301 2285 ἐγίνοντο,
316 2206 425 2286 πότερον
443 2203 616 2263 άπολύσουσιν
626 2202 669 2263 ἐπ’
682 2202 755 2263 οίκου
767 2203 813 2270 ei<
829 2205 952 2282 δυνάμεις

177 2296 227 2354 ὅσα
247 2295 371 2352 δύνανται
385 2298 431 2366 τῆς
449 2292 538 2373 χώρας
555 2295 608 2351 τῶν
626 2292 759 2367 πολεμίων
774 2290 952 2368 κακώσαντες,

177 2381 195 2453 ἦ
216 2380 505 2462 προσμεταπίμψονται
531 2378 656 2459 στρατιάν
673 2377 764 2458 ἑτέραν
779 2377 877 2438 οίκοθεν
907 2379 952 2438 καὶ

177 2473 353 2547 προσμενοῦσι
366 2471 545 2547 λιπαροῦντες,
556 2467 603 2534 ἕως
614 2466 643 2524 τίν
657 2467 796 2544 κράτιστον
806 2466 951 2536 ίπιθήσωοι

177 2559 215 2638 τῷ
229 2557 339 2636 πολέμῳ
353 2556 438 2622 τέλος.
483 2555 599 2634 ΙΙονηρδν
615 2555 637 2613 δ’
648 2556 736 2620 αὐτοῖς
748 2555 793 2613 καὶ
804 2554 835 2614 τὸ
847 2554 951 2613 σἰπιίναι

122 2655 149 2693 2⁸
177 2645 236 2723 μετ’
251 2644 378 2724 αἰσχύνης
398 2648 445 2714 τῆς
462 2643 598 2723 ἀπράκτου
623 2643 816 2723 ἀναχωρήσεως
838 2643 951 2722 ἐραίνετ’

176 2722 259 2802 εἶναι’,
284 2733 375 2793 καὶτὸ
399 2732 484 2809 μένειν
505 2731 606 2796 οὐδενός
627 2731 701 2811 σφίσι
724 2737 869 2810 χωροῦντος
891 2733 951 2789 κατ’

175 2821 458 2898 {interruptione
476 2818 502 2878 δὲ
525 2819 585 2898 πέρι
601 2817 670 2964 [τοῢρ
696 2818 861 2895 διαλέγεσθαι
886 2817 951 2898 πρδς

175 2909 234 2977 τοθς
254 2910 379 2989 ἐχθροὺς,
408 2909 492 2987 ἥνπερ
511 2908 615 2965 ἐδόκουν
643 2929 707 2965 εναι
727 2906 808 2980 μόνην
834 2909 950 2983 εὐπρεπῆ

91 3058 93 3062 ,
174 3003 222 3059 τοῦ
236 3000 352 3075 πολέμου
367 2998 537 3072 ἀπαλλαγὴν,
552 2997 601 3072 οὐχ
615 2997 716 3059 ἑαυτοῖς
731 2995 830 3069 μᾶλλον
845 2992 862 3063 ἢ
878 2991 950 3052 Ῥω-

120 3099 147 3137 ³⁰
175 3086 261 3163 μαίοις
286 3085 424 3166 ἁρμόττειν
451 3081 645 3158 ύπελάμόανσν.
670 3079 798 3152 Ῥωμαῖοι
824 3080 848 3137 δ’
878 3079 950 3138 οὐδὲν

174 3163 253 3247 ἧττον
279 3171 347 3231 etit
371 3171 417 3229 καί
446 3171 547 3243 μᾶλλον
572 3170 624 3225 τῶν
646 3166 767 3227 Σαόίνων
788 3167 824 3231 εἷς
851 3166 950 3236 πολλήν

176 3262 287 3340 ἀπορίαν
303 3260 454 3328 ἐνέπιπτον,
471 3256 524 3314 ότι
539 3255 681 3336 χρήσονται
708 3254 761 3322 τοῖς
784 3253 949 3334 πράγμασιν.

173 3348 244 3411 Οὔτε
259 3350 311 3430 γθρ
334 3346 484 3408 ἀποδιδόναι
499 3343 546 3410 τθς
560 3344 683 3423 γυναῖκας
697 3341 782 3413 ἠξίουν
797 3340 856 3400 oder
870 3344 950 3401 κατέ-

175 3459 245 3517 χειν·
261 3444 299 3518 τῷ
316 3437 362 3512 μὲν
377 3427 460 3507 ἧτταν
475 3433 684 3511 ὁμολογουμένην
702 3434 848 3491 ἀκολουθεῖν
862 3429 950 3506 οίσμε·

120 3543 147 3583 οε
175 3550 213 3584 νοι
228 3526 272 3584 καί
290 3528 431 3603 ἀναγκαῖον
456 3521 542 3602 σρίσιν
556 3521 679 3597 ἐσόμενον
703 3528 757 3578 πᾶν
777 3519 793 3578 ό
807 3541 833 3577 τι
845 3519 876 3577 ἂν
892 3518 951 3578 ἄλλ’

175 3617 349 3692 ἐπιταχθῶσιν
365 3611 517 3689 ὑπομένειν·
538 3612 576 3691 τῷ
591 3610 618 3668 δὲ
634 3608 720 3668 πολλδι
736 3610 781 3667 καὶ
804 3608 874 3666 δεινά
892 3610 949 3666 ἔπι-

176 3706 228 3764 δεῖν
253 3704 342 3784 χώρας
364 3728 392 3763 τε
420 3703 598 3785 πορθουμένης
623 3701 668 3761 καλ
681 3700 801 3772 νεότητος
817 3704 864 3770 τῆς
886 3722 951 3778 κρα-

175 3793 265 3864 τίστης
288 3794 491 3868 ἀπολλυμένης·
515 3793 575 3868 περὶ
590 3789 677 3871 ριλίας
692 3792 716 3847 τ’
740 3791 763 3846 εἰ
792 3786 951 3865 διαλέγοιντο

174 3880 239 3956 πρός
264 3880 323 3946 τοὺς
338 3879 477 3954 Σαόίνους,
492 3878 593 3944 οὐδενός
616 3875 802 3952 ὑπελάμόιινον
817 3873 951 3942 τεύξεσθαι

120 3996 147 4037 tp
176 3972 229 4026 τῶν
248 3970 371 4048 μετρίων,
388 3969 431 4037 διὰ
448 3968 534 4026 πολλὰ
549 3965 598 4043 μέν
621 3964 667 4022 καί
687 3965 768 4040 ἄλλα,
796 3962 912 4037 μάλιστα
927 3962 949 4018 δ’

175 4055 216 4116 δτι
241 4065 297 4122 ταῖς
318 4056 468 4122 αὐθαδείαις
496 4056 525 4112 ού
553 4051 690 4131 μετριότης
710 4052 809 4129 γίνεται
832 4048 897 4125 πρθς
921 4048 951 4106 τό

175 4144 316 4205 ἀντίπαλον
331 4145 375 4202 ε’πλ
389 4141 528 4221 θεραπείας
541 4141 716 4220 τραπόμενον,
741 4135 809 4196 ἀλλὰ
826 4136 950 4217 βαρύτης.

214 4232 302 4295 XLV.
328 4223 410 4310 Ἐνῷ
433 4232 454 4288 δ’
478 4229 621 4309 ἀμφότεροι
640 4234 723 4286 ταῦτα
746 4225 950 4303 διαλογιζόμενοι

173 4325 219 4382 καί
237 4320 295 4382 οὔτε
320 4321 407 4398 μάχης
426 4318 516 4398 ἄρχειν
540 4319 686 4392 τολμῶντες
707 4313 766 4373 οὔτε
789 4312 850 4394 περί
864 4312 950 4392 φιλίας

120 4433 147 4472 ιο
175 4410 351 4489 διαλεγόμενοι
371 4410 509 4485 παρεῖλκον
524 4405 567 4464 τόν
581 4403 687 4484 χρόνον,
701 4405 728 4461 αἱ
743 4399 885 4478 Ῥωμαίων
900 4424 949 4477 γυ-

173 4506 278 4572 ναῖκες,
302 4496 361 4556 ύσαι
375 4500 421 4553 τοῦ
444 4493 566 4553 Σαόίνων
587 4491 728 4576 ἐτύγχανον
750 4480 825 4548 οὖσαι
849 4487 951 4565 γένους,
976 4539 979 4545 .

175 4585 208 4645 δι’
223 4586 253 4651 ἃς
276 4589 289 4643 θ
303 4584 416 4659 πόλεμος
435 4581 617 4652 συνειστήκει,
637 4581 805 4637 συνελθοῦσαι
820 4576 881 4656 δίχα
900 4577 951 4632 τῶν

176 4676 276 4754 ἀνδρῶν
302 4675 337 4737 είς
363 4671 391 4729 ἓν
422 4668 517 4749 χωρίον
546 4670 591 4726 καί
621 4669 698 4746 λόγον
727 4671 832 4731 ἑαυταῖς
858 4665 951 4723 δοῦσαι

175 4763 281 4839 γνώμην
306 4760 462 4830 ἐποιήσαντο
484 4755 673 4834 συμόατηρίων
690 4753 766 4832 άρξαι
779 4753 843 4834 πρὸς
867 4756 951 4830 άμρο·

121 4875 148 4912 eo
176 4853 265 4930 τίρους
289 4852 366 4911 αὗταί
394 4848 489 4926 λόγων.
546 4843 580 4903 Ἡ
612 4843 639 4902 δὲ
659 4843 731 4901 τοῦτ’
756 4839 951 4916 εἰσηγησαμένη

699 399 868 460 DIONYSiI
890 403 1269 470 ntntcnnunssnusts

1009 544 1071 605 (iem
1092 547 1158 597 enim
1178 562 1209 598 er
1234 551 1336 601 ruinero
1357 551 1444 601 melius
1465 566 1493 603 sc
1512 553 1638 620 irobebet)
1658 555 1784 610 celeritate

1006 640 1097 698 quantu
1121 641 1226 690 maximo
1257 644 1337 705 potuit
1363 643 1388 692 in
1416 657 1459 694 ms
1490 645 1644 709 eruptionem
1666 648 1782 712 iecisset,

1006 737 1134 788 confestim
1148 734 1288 784 certaminis
1300 735 1399 786 tonuno
1419 750 1536 788 converso
1557 741 1584 789 ot
1594 739 1668 790 uelde
1684 745 1782 796 mutata

1005 834 1052 881 est.
1086 832 1135 890 Qui
1146 831 1210 880 enirn
1224 831 1411 894 iugiebnntubi
1426 846 1457 882 ex
1471 833 1595 896 insperato
1605 834 1694 886 ducem
1709 850 1782 886 suoru

1005 923 1131 982 viderunt,
1148 923 1253 986 receptis
1274 937 1305 973 cx
1317 923 1409 974 recenti
1422 928 1491 975 metu
1511 925 1608 987 animis,
1624 927 1724 979 ordines
1742 928 1782 979 in-

1006 1018 1156 1074 staurarunt,
1167 1018 1191 1064 ct
1202 1014 1255 1065 sino
1262 1015 1313 1064 ulta
1322 1028 1392 1065 moro
1402 1029 1490 1067 monus
1502 1031 1560 1068 cum
1567 1018 1639 1070 boote
1650 1034 1781 1072 conserue-

1005 1114 1065 1161 runt
1088 1110 1156 1174 ιηιιί
1184 1125 1243 1161 rero
1261 1111 1381 1176 fugientes
1404 1113 1468 1163 intra
1485 1115 1577 1165 moenio
1598 1117 1782 1180 compulerant,

1006 1208 1084 1271 etqui
1096 1207 1270 1258 existimabunt
1283 1208 1336 1258 tieri
1349 1208 1417 1260 nuilo
1429 1210 1525 1261 ratione
1535 1224 1616 1274 posse,
1627 1213 1688 1274 quin
1696 1214 1782 1264 urbem

1007 1305 1117 1369 pervim
1130 1310 1258 1370 caperent,
1274 1311 1404 1370 postquem
1428 1309 1587 1359 mutationem
1602 1313 1653 1359 tom
1671 1311 1780 1374 repenti-

1006 1413 1063 1450 num
1074 1403 1101 1451 et
1114 1405 1203 1464 proter
1223 1415 1322 1453 omnem
1333 1403 1472 1466 opinionem
1490 1404 1621 1466 viderunt,
1642 1420 1694 1457 sum
1707 1407 1782 1460 soiuti

1005 1494 1134 1545 consulere
1144 1500 1282 1559 coepernnt.
1316 1496 1428 1548 Ditirciiis
1439 1502 1523 1549 nutem
1538 1503 1592 1550 erut
1610 1501 1658 1551 iilis
1667 1504 1782 1566 receptus

1005 1586 1030 1636 in
1042 1589 1133 1647 cestre,
1148 1587 1206 1650 quio
1217 1600 1260 1638 eos
1277 1602 1290 1638 c
1305 1588 1360 1638 loco
1372 1591 1498 1653 superiore
1509 1594 1535 1641 et
1555 1604 1600 1656 per
1614 1591 1679 1642 rium
1693 1605 1781 1642 curem

1006 1683 1091 1734 hostes
1105 1684 1331 1749 persequebanturc
1346 1689 1422 1751 utque
1433 1686 1459 1737 in
1473 1687 1587 1751 beciugn
1594 1702 1681 1754 megno
1690 1703 1781 1740 eorum

1004 1777 1085 1828 codes
1105 1779 1168 1829 tactu
1180 1783 1227 1831 est.
1271 1783 1334 1831 cum
1355 1781 1430 1844 igitur
1443 1782 1477 1833 ito
1492 1783 1534 1832 iiio
1552 1784 1592 1835 die
1611 1798 1683 1848 aequo
1702 1788 1781 1834 morte

1005 1872 1150 1931 certassent,
1158 1873 1184 1922 et
1192 1872 1216 1921 in
1225 1885 1298 1922 cesus
1309 1874 1448 1938 inopinatos
1458 1878 1556 1941 utrique
1568 1877 1717 1942 inuidissmt,
1731 1879 1782 1930 soie

1004 1959 1098 2010 iamed
1111 1975 1226 2012 occasum
1239 1967 1357 2026 vergente
1371 1965 1484 2030 dirempti
1499 1970 1567 2018 suut.

1035 2121 1119 2170 xntv.
1134 2120 1227 2171 Diebus
1241 2136 1301 2173 uero
1312 2124 1470 2188 sequentibus
1482 2125 1565 2176 Sebini
1575 2128 1714 2180 consultore
1730 2144 1782 2180 on·

1005 2226 1106 2285 perunt,
1127 2227 1212 2274 utrum
1234 2227 1316 2288 coptos
1339 2225 1440 2275 domum
1462 2225 1623 2289 reducerent,
1648 2242 1706 2293 egro
1727 2230 1783 2280 bos·

1005 2324 1042 2374 titi
1055 2339 1098 2388 pro
1112 2323 1206 2375 uiribus
1221 2329 1328 2388 restuto,
1347 2339 1471 2377 sonorus
1488 2327 1610 2378 exercitus
1621 2327 1696 2378 domo
1716 2335 1782 2382 esset

1005 2425 1176 2488 secernendus,
1188 2430 1214 2476 et
1232 2426 1257 2476 iu
1271 2425 1337 2478 bullo
1354 2431 1493 2479 constanter
1505 2429 1722 2494 perseverandum,
1736 2431 1782 2481 do-

1005 2541 1050 2578 nec
1063 2527 1216 2593 aptissimum
1231 2528 1303 2579 tinem
1317 2527 1339 2578 ci
1354 2528 1515 2593 imponerent.
1556 2532 1638 2580 Grorc
1652 2532 1719 2582 euim
1734 2531 1782 2583 iltis

1003 2631 1144 2693 ridebatur,
1157 2636 1184 2683 et
1196 2645 1254 2682 cum
1263 2630 1385 2682 dedecore
1397 2645 1425 2682 re
1439 2632 1529 2683 intecto
1540 2633 1629 2692 redire,
1642 2638 1668 2685 et
1685 2648 1783 2685 monere

1004 2744 1031 2780 re
1046 2730 1113 2780 nullo
1132 2730 1179 2781 sibi
1200 2730 1346 2782 succedente
1359 2733 1389 2782 ut
1406 2737 1576 2796 speraverunt.
1608 2735 1646 2783 De
1664 2733 1784 2797 composi·

1005 2831 1071 2880 tione
1084 2843 1144 2880 reru
1161 2845 1218 2880 curn
1232 2831 1346 2881 hostibus
1357 2844 1429 2895 ogere
1441 2832 1450 2896 t
1460 2845 1509 2896 que
1523 2832 1576 2882 snio
1593 2832 1689 2882 rntione
1701 2832 1783 2882 existi-

1006 2934 1105 2983 mabunt
1118 2947 1144 2983 se
1161 2932 1265 2984 honeste
1282 2933 1347 2984 bello
1358 2933 1457 2983 liberari
1470 2932 1557 2996 possc)
1579 2947 1628 2982 nou
1643 2932 1689 2982 sibi
1700 2932 1784 2997 potins

1004 3049 1079 3100 quom
1096 3036 1211 3085 Romanis
1227 3035 1358 3085 conuenire
1367 3034 1558 3084 arbitrabuntur.
1591 3034 1694 3084 Romani
1712 3047 1781 3088 roro.

1005 3150 1054 3186 non
1066 3136 1148 3186 minus
1166 3150 1241 3199 quom
1260 3136 1351 3194 Sabini,
1366 3137 1442 3186 immo
1453 3135 1527 3186 etiam
1543 3135 1620 3199 magis
1637 3134 1781 3196 hoerebent,

1004 3235 1146 3286 dubitantes
1166 3238 1284 3300 quidnam
1305 3236 1394 3287 tacturi
1417 3222 1507 3285 es'sent.
1539 3237 1626 3298 Neque
1649 3235 1714 3285 enim
1729 3249 1782 3285 rnn-

1005 3339 1078 3390 iicreo
1100 3339 1204 3390 reddere
1220 3340 1343 3399 retebant,
1356 3351 1437 3402 nequo
1457 3338 1581 3389 retinere:
1596 3338 1652 3389 ruti·
1662 3352 1694 3390 ox
1705 3339 1782 3389 nitcru

1005 3440 1104 3505 quidem
1116 3443 1267 3501 secuturum,
1281 3445 1310 3491 ut
1319 3442 1398 3492 rictus
1406 3454 1433 3492 se
1443 3441 1585 3501 tererentur,
1594 3441 1620 3490 et
1629 3439 1723 3504 qumvis
1733 3439 1782 3489 elio

1005 3547 1124 3612 imperatu
1135 3547 1214 3598 tacere
1225 3550 1370 3610 cogerentur
1388 3563 1394 3594 ι
1415 3556 1448 3594 ex
1461 3543 1537 3592 altero
1550 3554 1615 3591 rem·
1627 3545 1654 3591 ut
1665 3541 1743 3592 multe
1756 3543 1783 3591 et

1005 3643 1783 3713 gmrinputercntur,agridepopuiotionemetiuuentutistortis·

1004 3745 1073 3795 simos
1083 3744 1180 3804 cedem
1192 3744 1283 3794 sivero
1295 3743 1326 3792 de
1339 3741 1446 3791 amicitia
1455 3755 1512 3791 cum
1521 3740 1618 3791 Sabinis
1627 3741 1737 3802 egerent,
1751 3751 1779 3787 se

1004 3838 1171 3900 nutnsaequas
1181 3837 1331 3887 conditiones
1339 3836 1514 3900 impetraturos
1522 3835 1713 3893 arbitrabuntur,
1723 3847 1780 3883 cum

1003 3935 1037 3984 ob
1049 3933 1109 3984 elias
1119 3933 1209 3983 mutius
1220 3947 1328 3992 mussas,
1343 3937 1396 3982 tum
1408 3947 1467 3983 vero
1478 3932 1610 3997 precipue,
1622 3929 1688 3994 quod
1701 3930 1726 3979 iu
1740 3943 1780 3980 su·

1004 4031 1081 4095 perbo
1093 4029 1165 4080 boste
1173 4030 1233 4080 nibil
1242 4029 1374 4088 moderati,
1387 4029 1431 4079 sed
1442 4031 1524 4080 omnin
1536 4028 1708 4095 grovinessent
1722 4039 1779 4090 crgo

1004 4127 1184 4186 adversarium,
1198 4128 1278 4189 quise
1293 4126 1325 4175 ad
1337 4126 1461 4177 comitatis
1475 4127 1559 4177 otticiu
1573 4126 1703 4177 conuertit.

1035 4226 1107 4273 XLV.
1123 4226 1188 4272 Dum
1204 4228 1287 4273 autern
1309 4224 1363 4273 baec
1381 4223 1481 4286 utrique
1495 4237 1578 4274 secum
1599 4222 1743 4285 cogitantes,
1754 4222 1781 4270 et

1004 4324 1130 4373 neutriout
1140 4323 1236 4373 initium
1244 4323 1496 4386 prutiitocereeutde
1505 4320 1780 4387 poeeegereeudentes,

1004 4430 1103 4489 tempus
1118 4423 1279 4487 protrabunt,
1293 4426 1459 4474 Romanorum
1480 4434 1571 4471 uxores
1589 4434 1647 4483 quae
1667 4433 1699 4470 ex
1710 4421 1782 4483 geute

1003 4533 1092 4584 sobino
1116 4536 1199 4593 erent,
1213 4544 1318 4595 querum
1338 4543 1425 4581 caussa
1450 4529 1540 4580 betium
1562 4527 1624 4577 iliud
1646 4531 1781 4579 condatum

1005 4641 1098 4700 tuerat,
1111 4652 1168 4688 curn
1180 4637 1282 4688 remotis
1293 4634 1353 4685 uiris
1362 4633 1535 4685 conuenissent
1547 4634 1573 4682 et
1584 4631 1649 4682 inter
1659 4645 1686 4683 se
1703 4631 1780 4682 nitio·

1004 4760 1069 4808 cutte
1085 4756 1176 4813 essent,
1196 4752 1356 4802 decreuerunt
1377 4752 1494 4811 utrosque
1507 4745 1539 4795 ad
1557 4745 1636 4794 sudus
1652 4751 1678 4797 et
1693 4746 1780 4797 omini·

1006 4865 1065 4914 tium
1088 4861 1202 4912 inritare.
1236 4861 1298 4916 Qum
1320 4859 1405 4906 autem
1433 4852 1508 4902 buius
1526 4850 1562 4901 rei
1589 4854 1677 4901 auctor
1693 4851 1780 4901 tuitet

175 4938 206 4995 τθ
227 4940 357 5016 βούλευμα
378 4945 434 5003 ταῖς
454 4931 568 5012 γυναιῖιν
597 4930 721 5009 Ἑρσιλία
745 4930 792 5005 μὲν
819 4929 951 4996 ἐκαλεῖτο’
976 4980 980 5019 ι
1005 4968 1073 5021 istud
1089 4965 1219 5018 consitium
1240 4959 1385 5013 mulieribus
1406 4957 1491 5015 dedit,
1514 4955 1620 5006 Hersitia
1635 4952 1779 5011 vocabatur,

180 5024 267 5102 γένους
293 5028 379 5083 δὀὐκ
401 5014 600 5105 άρανσῦςήνὲν
629 5017 764 5083 Σαόίνοις.
807 5013 914 5082 Ταύτην
928 5015 950 5071 δ’

177 5114 201 5169 oi
222 5109 268 5187 μέν
291 5135 354 5189 ρασι
368 5111 556 5190 γεγαμημένην
579 5109 629 5180 ήδη
649 5107 696 5166 σθν
717 5106 775 5171 ταῖς
800 5104 892 5168 άλλαις
906 5102 952 5178 άρ·

1005 5088 1093 5142 genere
1116 5087 1165 5124 non
1186 5070 1293 5123 obscuro
1309 5068 1373 5118 inter
1396 5064 1499 5114 Sabinos
1512 5067 1575 5114 orta.
1609 5064 1679 5110 tiene
1697 5061 1779 5108 nutem

178 5202 312 5270 πασθήναι
336 5200 423 5279 κόραις
442 5202 476 5265 ῶς
496 5196 639 5278 παρθένον·
655 5198 678 5254 σί
694 5194 721 5252 δὲ
735 5193 768 5252 τθι
783 5189 952 5250 πιθανώτατα
975 5191 980 5238 Ι
1006 5188 1047 5239 ilii
1075 5189 1160 5249 &iunii
1181 5185 1231 5235 iiim
1252 5184 1354 5246 ”uitam
1376 5191 1434 5229 ⁰¹¹¹ss
1453 5176 1541 5227 ⁰⁹¹⁰?ss
1555 5171 1644 5238 PUssffiS
1664 5173 1779 5231 linquam
