3772 5828
623 371 914 441 ANTIQUITATUM
937 368 1086 436 ROMAN.
1111 377 1183 437 [ΛΒ.
1207 380 1229 438 1.
1688 387 1726 446 23

123 498 214 567 λύύιος
229 502 244 556 δ
263 499 497 577 Μεγαλοπολίτης,
520 501 563 559 ἐπί
583 526 649 569 τινος
665 506 801 583 μειρακίου
819 505 895 563 Πάλ-

123 593 217 656 λαντος
233 587 322 648 αὐτόθι
338 587 553 660 τελευτήσαντος·
575 597 663 649 τοῦτον
690 593 712 648 δ’
738 590 898 670 Ἡρακλέους

124 669 193 737 εἶναι
211 678 294 737 παῖδα
308 676 352 736 καί
368 677 473 745 Λαύνας
484 682 530 749 τῆς
545 679 676 758 Εὐάνδρου
691 681 832 760 θυγατρός·
844 681 898 760 χώ-

124 789 209 826 σαντα
223 766 246 824 δ’
257 767 328 843 αὐτῷ
340 765 384 824 τδν
398 767 586 846 μητροπάτορα
601 768 680 847 τάρον
699 767 742 826 ἐπί
757 771 794 846 τῷ
808 768 896 852 λάρῳ,

124 853 292 913 Παλλάντιον
312 853 356 912 ἐπί
371 859 416 913 τοῦ
440 853 574 933 μειρακίου
593 854 637 913 τύν
654 856 733 914 τόπον
757 858 896 930 ὀνομάσαι.

124 939 202 1020 Ἐγὼ
220 942 307 1019 μέντοι
323 941 383 1001 ούτε
397 944 477 1023 σάρον
493 944 643 1021 ἐθεασάμην
662 945 688 1001 ἐν
704 942 799 1022 Ῥύμῃ
819 946 897 1004 Πάλ·

126 1033 237 1101 λαντος,
252 1030 310 1091 οὐτε
326 1029 391 1111 χοάς
409 1030 507 1108 ἔμαθον
522 1031 738 1108 ἐπιτελουμένας,
757 1032 811 1091 οὐτ’
834 1033 899 1092 άλλο

127 1122 181 1177 τῶν
193 1121 395 1196 τοιουτοτρόπων
406 1119 478 1178 οὐδέν
494 1120 623 1193 ἠδυνήθην
637 1123 716 1193 ίδείν,
730 1121 840 1198 καίτοιγ’
852 1123 899 1180 οὐκ

128 1207 262 1285 άμνήστοο
280 1211 326 1277 τῆς
343 1210 425 1274 οἰκίας
446 1206 544 1280 ταύτης
568 1207 707 1287 ἀφειμένης
721 1208 773 1267 οὐδ’
789 1208 898 1288 ἀμοίρου

126 1299 230 1373 τιμῶν,
248 1288 288 1363 αίς
305 1297 336 1355 τδ
351 1294 484 1372 δαιμόνιον
502 1296 574 1373 γένος
588 1296 633 1355 ὐπ’
645 1297 788 1375 ἀνθρώπων
802 1298 899 1375 γεραί·

129 1406 213 1463 ρεται.
259 1385 312 1445 Καὶ
327 1384 377 1462 γάρ
402 1385 528 1465 Εὐάνδρῳ
548 1384 636 1450 θυσίας
655 1384 749 1460 ἔμαθον
765 1386 815 1442 ὑπὸ
832 1385 898 1444 Ῥω-

127 1471 213 1548 μαίων
227 1472 426 1544 ἐπιτελουμένας
438 1470 478 1529 όσ’
492 1472 538 1543 ἔτη
553 1472 725 1552 δημοσίᾳκαὶ
741 1475 898 1551 Καρμέντη,

126 1561 247 1640 καθάπερ
261 1570 314 1626 τοῖς
328 1565 427 1627 λοιποῖς
441 1559 525 1638 ἥρωσι
543 1560 588 1619 καί
604 1562 723 1635 δαίμοσι·
736 1562 780 1620 καί
797 1560 900 1640 βωμοὺς

126 1648 276 1723 ἐθεασάμην
288 1647 457 1727 ἱδρυμένους,
471 1648 614 1728 Καρμέντῃ
629 1647 675 1724 μὲν
688 1648 739 1707 ὑπὸ
751 1653 790 1728 τῷ
806 1653 900 1709 καλου-

83 1754 92 1765 ”
127 1737 199 1818 μένῳ
228 1736 391 1816 Καπετωλίῳ
417 1735 490 1815 παρὰ
516 1737 573 1802 ταῖς
603 1736 765 1815 Καρμεντίσι
790 1739 900 1804 πύλαις·

127 1827 257 1904 Εὐάνδρῳ
277 1825 304 1883 δέ
322 1826 387 1902 πρὸς
409 1823 489 1905 ἐτίρῳ
507 1829 558 1883 τῶν
572 1825 659 1903 λύριον
675 1825 808 1907 Αὐεντίνῳ
822 1828 898 1904 λεγο-

128 1912 200 1992 μένῳ
220 1916 266 1982 τῆς
285 1912 420 1992 Τριδύμου
438 1913 522 1984 πύλης
535 1915 564 1972 οὐ
586 1912 690 1991 πρόσω·
713 1915 851 1973 Πάλλαντι
872 1912 899 1971 δέ

129 2000 203 2058 οὐθὲν
218 1991 275 2058 οίδα
293 2000 392 2060 τούτων
418 2000 565 2079 γινόμενον.
609 2003 645 2061 Ol
669 2002 692 2059 δ’
710 1993 754 2059 οὐν
779 2000 900 2080 Ἀρκάδες

130 2087 180 2147 ὑπὸ
203 2092 241 2166 τῷ
254 2089 327 2169 λάρῳ
343 2087 545 2156 συνοικισθέντες
559 2090 593 2147 τά
613 2093 638 2149 τ’
658 2089 726 2147 άλλα
743 2091 898 2164 διεκόσμουν

128 2176 159 2235 τὸ
178 2177 276 2255 κτίσμα
291 2185 346 2243 τοῖς
360 2176 458 2237 οίκοθεν
473 2178 592 2253 νομίμοις
608 2177 757 2256 χρώμενοι,
777 2178 823 2235 καὶ
843 2179 900 2256 ἱερά

129 2266 276 2343 ἱδρύονται,
292 2269 395 2343 πρῶτον
411 2265 458 2341 μέν
473 2269 511 2345 τῷ
526 2268 635 2344 Λυκαίῳ
655 2266 742 2340 Πανί,
756 2270 803 2335 τῆς
817 2266 902 2342 Θέμι-

130 2354 172 2418 δος
195 2353 386 2431 ἐξηγουμένης·
402 2352 511 2429 Ἀρκάσι
529 2352 580 2432 γάρ
599 2358 664 2411 θεῶν
683 2354 857 2432 ἀρχαιότατός
871 2378 899 2414 τε

129 2440 175 2499 καὶ
189 2439 374 2513 τιμιώτατοςδ
391 2440 464 2500 Πάν·
479 2441 573 2518 χωρίον
591 2441 732 2518 ἐξευρόντες
744 2442 898 2516 ἐπιτήδειον,

131 2526 145 2584 δ
160 2531 270 2586 καλοῦσι
282 2525 414 2602 Ῥωμαῖοι
426 2528 639 2604 Λουπερκάλιον,
649 2534 723 2603 ἡμεῖς
733 2531 755 2588 δ’
772 2529 803 2588 διν
819 2532 900 2589 είποι-

133 2636 181 2689 μεν
209 2613 336 2674 Λύκαιον.
380 2618 423 2671 νῦν
451 2613 498 2691 μέν
524 2605 567 2672 οὐν
589 2619 840 2693 συμπεπολισμένων
863 2623 900 2698 τῷ

131 2701 233 2778 τεμένει
255 2705 307 2759 τῶν
336 2701 409 2782 πέριξ
433 2701 537 2781 χωρίων
563 2704 727 2772 δυσείκαστος
755 2707 858 2783 γέγονεν
883 2712 900 2778 ἡ

128 2782 233 2849 παλαιδιΙ
256 2796 304 2849 τοῦ
326 2788 405 2850 τόπου
420 2791 508 2872 ρύσις·
522 2783 555 2864 ήν
572 2791 598 2852 δέ
612 2794 642 2851 τδ
656 2797 765 2873 ἀρχαῖον
780 2801 815 2861 ὡς
828 2798 901 2868 λέγε·

126 2901 171 2936 ται
198 2877 330 2948 σπήλαιον
351 2878 400 2936 ὐπὸ
425 2882 462 2956 τῷ
484 2877 555 2960 λόφῳ
580 2879 668 2958 μέγα,
699 2883 791 2961 δρυμῷ
815 2883 900 2962 λασίῳ

128 2964 292 3046 κατηρερές,
309 2965 353 3022 καί
368 2967 486 3043 κρηνίδες
502 2969 552 3026 ὐπδ
564 2975 624 3034 ταῖς
642 2966 749 3047 πέτραις
765 2967 900 3052 ἐμβύθιοι,

66 3067 96 3106 aa
127 3052 182 3123 ἥτε
193 3051 329 3131 προσεχής
341 3056 379 3133 τῷ
393 3058 502 3135 κρημνῷ
515 3055 586 3125 νάπη
602 3065 707 3122 πυκνοῖς
721 3055 767 3114 καί
777 3059 900 3134 μεγάλοις

124 3141 252 3219 δένδρεσιν
269 3140 401 3208 ἐπίσκιος,
420 3142 479 3202 ἔνθα
504 3143 593 3222 βωμὸν
607 3145 775 3224 ἱδρυσάμενοι
798 3151 837 3223 τῷ
853 3150 903 3225 θεῷ

122 3226 169 3297 τήν
183 3227 294 3308 πάτριον
319 3229 408 3290 θυσίαν
430 3233 602 3305 ἐπετέλεσαν,
619 3233 651 3303 ἢν
675 3233 754 3312 μέχρι
773 3240 818 3292 τοῦ
842 3238 901 3292 καθ’

123 3318 191 3390 ἡμᾶς
204 3317 300 3395 χρόνου
313 3316 443 3395 Ῥωμαῖοι
462 3318 565 3378 θύουσιν
586 3326 612 3378 ἐν
636 3321 699 3396 μηνί
721 3321 900 3401 Φεύροοαρίῳ

123 3404 188 3482 μετά
209 3405 255 3472 τθς
274 3407 422 3487 χειμερίους
435 3408 545 3485 τροπάς,
560 3407 632 3465 οὐδὲν
650 3412 702 3465 τῶν
716 3409 774 3465 τότε
788 3410 898 3488 γενομί·

67 3502 96 3541 36
124 3499 398 3566 νωνμετακινούντες·
423 3497 436 3552 δ
459 3493 486 3552 δὲ
509 3495 604 3572 τρόπος
628 3499 675 3565 τῆς
699 3496 788 3562 θυσίας
804 3501 830 3554 ἐν
846 3505 900 3563 τοῖς

130 3576 219 3636 ἐπειτα
233 3581 401 3661 λεχθήσεται.
433 3582 498 3641 Ἐπὶ
515 3582 542 3640 δέ
556 3587 588 3659 τῇ
605 3588 704 3662 κορυρῇ
716 3590 762 3641 τοῦ
775 3585 855 3664 λόρου
869 3586 899 3642 τὸ

126 3670 173 3736 τῆς
191 3665 272 3740 Νίκης
281 3669 388 3746 τέμενος
407 3669 548 3741 ἐξελόντες,
561 3670 649 3735 θυσίας
666 3672 711 3728 καὶ
728 3671 810 3750 ταύτγΙ
827 3695 905 3730 κατε·

126 3753 256 3824 στήσαντο
270 3757 430 3829 διετησίους,
444 3756 473 3821 a<
486 3757 530 3814 καὶ
541 3759 582 3815 ἐπ’
593 3760 657 3833 ἐμοῦ
671 3757 800 3832 Ῥωμαῖοι
817 3758 900 3820 ἔθυον.

174 3844 307 3905 xxxiii.
330 3845 439 3916 Ταύτην
464 3844 486 3902 δ’
502 3844 624 3923 Ἀρκάδες
639 3847 810 3924 μυθολογοῦσι
825 3848 900 3906 Πάλ·

69 3958 97 3997 ιο
122 3931 216 3993 λαντοτ
238 3921 304 3991 είναι
325 3932 456 4011 θυγατέρα
479 3938 523 3991 τοῦ
540 3933 775 4010 Λυκάονος,τιμδις
796 3934 823 3993 δὲ
838 3936 902 4013 παρ’

123 4019 267 4100 ἀνθρώπων
282 4019 313 4086 δς
334 4019 388 4099 ἐχει
410 4025 454 4078 ν’ὐν
471 4019 577 4092 Ἀθηνᾶς
597 4020 718 4099 βουλήσει
732 4020 840 4095 λαθεῖν,
856 4045 900 4099 γε·

124 4109 236 4185 νομένην
260 4112 307 4180 τ’ής
324 4114 381 4167 θεοῦ
404 4108 554 4190 σύντροφον.
612 4114 727 4181 Δοθῆναι
751 4110 802 4190 γάρ
827 4111 901 4178 rtet<

125 4197 178 4255 ἀπὸ
191 4200 269 4277 γονῆς
284 4196 332 4269 τήν
345 4197 453 4269 ’Λθηνᾶν
470 4201 608 4259 Πάλλαντι
621 4202 673 4257 ὐπὸ
687 4199 764 4270 Διὸς,
782 4201 826 4257 καί
837 4202 900 4279 παρ’

125 4286 218 4367 ἐκείνῳ
232 4286 297 4352 τέως
309 4288 344 4353 εἰς
357 4284 428 4366 θἰραν
441 4288 550 4363 ὐρίκιτο
561 4291 700 4366 τραφῆναι.
746 4286 899 4365 Ἱδρύσαντο

71 4401 96 4437 σε
123 4374 152 4433 δέ
167 4375 213 4433 καί
228 4374 370 4454 Δήμητρος
384 4374 468 4453 ἱερδν,
482 4374 528 4433 καί
544 4375 590 4442 τάς
606 4376 696 4440 θυσίας
709 4378 776 4455 αὐτῇ
791 4375 834 4432 δεδι
848 4400 898 4454 γυ-

124 4467 222 4521 ναικῶν
237 4483 266 4520 τε
278 4460 324 4520 καλ
336 4462 480 4541 νηφαλίους
496 4463 589 4521 ίθυσαν
601 4505 610 4533 ,
624 4466 658 4529 ὡς
670 4460 789 4533 Ἕλλησι
803 4462 898 4540 νόμος,

124 4542 160 4611 τίεν
175 4551 249 4612 οὐδέν
265 4552 350 4609 δκαθ
365 4554 435 4626 ἡμᾶς
451 4549 548 4620 ἤλλαξε
561 4549 663 4631 χρόνος.
708 4550 855 4620 'interibo
871 4552 898 4610 δέ

121 4642 169 4702 καί
185 4642 331 4701 Ποσειδῶνι
345 4640 450 4713 τέμενος
463 4636 561 4718 Ἱππίῳ
578 4639 621 4697 καί
633 4640 681 4710 τὴν
696 4639 787 4718 ἑορτὴν
806 4640 898 4701 Ἱππο-

123 4730 233 4809 κράτεια
249 4727 296 4805 μίν
312 4730 356 4785 ὐπ’
371 4725 517 4807 Ἀρκάδων,
537 4728 707 4787 Κωνσουάλια
722 4727 746 4784 δ’
759 4727 810 4786 ὐπὸ
828 4724 898 4787 Ῥω-

74 4836 98 4875 to
124 4816 212 4893 μαίων
223 4814 352 4892 λεγόμενα
367 4815 581 4890 κατεστήσαντο,
593 4817 619 4873 ἐν
633 4804 651 4894 ᾗ
664 4815 737 4894 παρὰ
752 4815 897 4892 Ῥωμαίοις

124 4903 150 4973 ἐξ
166 4904 238 4970 ίθους
253 4902 396 4963 ἐλινύουσιν
410 4902 492 4982 ἔργων
505 4901 581 4962 ἵπποι
594 4903 638 4963 καί
652 4906 720 4982 δρεῖς
730 4905 776 4962 καὶ
787 4904 897 4982 στέρον·

123 5013 166 5050 ται
177 4992 223 5058 τδς
235 4990 350 5072 κεραλδς
369 4992 468 5051 ἄνθεσι.
513 4993 605 5052 Πολλά
623 4991 649 5050 δὲ
664 4991 709 5049 καί
722 4991 791 5050 άλλα
799 4992 895 5069 τεμένη

125 5080 169 5139 καί
186 5079 293 5162 βωμοὺς
308 5079 355 5139 καί
371 5079 450 5160 βρέτη
465 5084 529 5140 θεῶν
554 5079 746 5153 καθωσίωσαν,
765 5080 893 5158 άγισμούς

127 5190 152 5228 τι
165 5167 211 5229 καί
230 5167 320 5236 θυσίας
334 5169 530 5241 κατεστήσαντο
543 5169 685 5248 πατρίους,
701 5166 730 5226 αἳ
744 5168 824 5248 μέχρι
838 5172 889 5226 τῶν
909 5240 912 5246 Ι

952 516 1068 578 Polybius
1079 516 1310 579 Megalopolitanus,
1325 531 1412 568 nomeu
1433 519 1506 570 babel
1522 521 1553 570 ab
1574 522 1727 576 adolescente

952 606 1059 669 quodam
1074 607 1197 667 Pallante,
1218 607 1261 670 qni
1285 607 1318 658 ibi
1340 608 1401 658 obiit
1420 623 1543 673 quemque
1567 613 1677 663 Herculis
1700 619 1727 665 et

953 700 1050 747 barinto
1065 699 1170 747 Euarulri
1188 698 1243 747 tiliae
1262 699 1339 748 tilium
1354 700 1429 748 tuisse
1441 699 1557 760 trallunt,
1573 716 1631 752 eum
1642 706 1726 753 autem

953 803 1014 839 arus
1025 794 1150 839 maternus
1172 791 1195 838 in
1215 805 1244 840 eo
1258 791 1319 840 colle
1333 792 1472 854 sepulerum
1494 793 1530 841 illi
1551 793 1727 859 exstruxisset,

953 897 1010 933 eum
1018 883 1099 934 locum
1111 884 1142 934 de
1153 883 1315 934 adulescentis
1327 885 1423 935 nomine
1437 887 1572 935 Palantium
1585 887 1727 950 appellasse.

954 978 1003 1039 Ego
1023 989 1082 1026 vero
1101 989 1145 1026 nee
1162 976 1238 1025 ullum
1264 976 1378 1027 Pallantis
1398 979 1537 1041 sepulcrum
1561 980 1646 1030 nomn
1662 979 1727 1042 ridi,

954 1080 998 1116 nee
1010 1066 1074 1117 ullas
1096 1068 1195 1117 interius
1208 1069 1231 1118 ei
1247 1068 1300 1118 sueri
1324 1070 1423 1131 audiri,
1443 1084 1487 1119 trec
1508 1071 1575 1121 aliud
1596 1072 1729 1136 quiequam

954 1159 1094 1210 huiusmodi
1112 1160 1306 1212 animadvertere
1324 1163 1393 1226 putui
1409 1183 1415 1211 :
1431 1166 1545 1226 quamuis
1558 1179 1588 1216 ea
1603 1180 1663 1229 gens
1678 1181 1728 1216 non

954 1251 987 1302 sit
1008 1252 1124 1302 oblivioni
1145 1253 1236 1303 tradita
1257 1268 1302 1304 nec
1324 1268 1413 1318 expers
1431 1256 1566 1317 bonorum,
1581 1258 1672 1320 quibus
1688 1258 1728 1309 ‹ll-

953 1344 1039 1393 rinum
1073 1359 1149 1408 genus
1178 1345 1209 1396 ab
1231 1346 1373 1398 bominibus
1396 1348 1501 1409 colitur,
1530 1351 1618 1401 etenim
1641 1354 1726 1401 Euan·

954 1436 999 1486 ‹lro
1013 1441 1039 1488 et
1052 1438 1202 1499 Carmenta,
1222 1443 1251 1489 ut
1262 1444 1287 1489 et
1297 1442 1384 1491 ceteris
1401 1441 1520 1492 heroibus
1537 1446 1612 1506 atque
1632 1444 1724 1506 geniis,

954 1530 1075 1581 sacritieia
1088 1532 1220 1596 quotannis
1232 1534 1335 1596 publicis
1347 1535 1464 1598 impensis
1476 1533 1530 1584 lieri
1546 1536 1638 1599 aecepi.
1671 1536 1729 1587 ruti

954 1619 1030 1669 etiam
1051 1633 1106 1669 aras
1125 1625 1297 1682 consecratas,
1309 1623 1412 1672 alteram
1427 1625 1564 1674 Carmentae
1586 1625 1619 1675 ad
1631 1631 1728 1689 portam

955 1708 1146 1768 Carmentalem,
1161 1709 1208 1759 sub
1222 1723 1252 1760 eo
1262 1710 1323 1760 colle
1338 1711 1381 1773 qui
1392 1712 1544 1775 Capitolinus
1556 1717 1659 1763 vocatur
1674 1734 1681 1763 :
1697 1714 1730 1764 nl-

955 1800 1035 1848 teram
1045 1797 1174 1858 Euamlro,
1189 1798 1221 1848 ad
1232 1798 1306 1848 allum
1318 1799 1404 1856 oollam
1418 1801 1461 1862 qui
1473 1802 1608 1851 Arentinus
1617 1808 1729 1864 vocatur,

954 1899 1003 1936 non
1021 1886 1106 1950 procul
1121 1900 1135 1935 a
1153 1889 1224 1950 porta
1238 1886 1381 1950 Trigemina.
1416 1891 1448 1938 nt
1466 1889 1569 1951 l'allaptl
1583 1890 1642 1949 nibil
1662 1892 1730 1942 eius·

954 1973 1022 2023 modi
1043 1974 1095 2023 lieri
1108 1972 1278 2023 animaduerti.
1311 1974 1418 2029 Arcades
1432 1975 1515 2037 igitur,
1536 1974 1579 2038 qui
1597 1976 1669 2027 sedes
1683 1978 1730 2028 sub

954 2076 984 2112 eo
1005 2063 1065 2113 celle
1085 2064 1230 2126 posuerant,
1252 2076 1308 2111 oum
1330 2062 1384 2112 aliis
1405 2063 1480 2113 rebus
1500 2064 1581 2114 vicum
1604 2065 1731 2115 eonditum

955 2167 1022 2203 ruore
1046 2154 1126 2217 patrio
1151 2157 1313 2214 ornaverunt,
1336 2156 1390 2203 turn
1419 2153 1493 2203 eliam
1523 2156 1580 2203 tana
1599 2157 1731 2205 exstruxe-

956 2246 1021 2292 runt.
1055 2251 1089 2292 ae
1100 2243 1205 2305 primurn
1217 2242 1317 2304 quidem
1330 2241 1391 2291 Pani
1404 2245 1507 2305 Lyceo,
1521 2243 1616 2296 monitu
1627 2242 1730 2293 Themi-

954 2334 992 2383 dis
1016 2336 1086 2399 (Pan
1113 2335 1179 2384 mim
1207 2334 1272 2396 apud
1292 2332 1401 2386 arcades
1422 2334 1525 2384 deorum
1544 2335 1730 2397 antiquissimus

955 2426 1069 2487 liabetur,
1089 2432 1175 2489 estque
1196 2428 1221 2477 in
1238 2441 1335 2477 summo
1349 2427 1423 2490 opud
1441 2442 1484 2478 eos
1502 2428 1613 2491 bonore)
1631 2429 1731 2479 invento

955 2518 1010 2568 luco
1024 2523 1082 2581 apto
1096 2531 1169 2579 quem
1187 2517 1290 2567 Rurnmri
1311 2517 1432 2580 Lupercal
1448 2517 1587 2582 aprpellant,
1609 2532 1654 2568 uos
1672 2531 1731 2569 raro

954 2612 1069 2670 Lycaeum
1082 2607 1228 2657 diceremus.
1260 2610 1330 2657 b'une
1341 2607 1441 2671 (puidam
1456 2608 1580 2674 antiquam
1597 2608 1670 2657 buius
1682 2607 1731 2657 loci

956 2702 1068 2750 naturam
1080 2699 1121 2748 vix
1134 2700 1275 2749 coniectura
1289 2714 1419 2762 agnoscere
1434 2714 1525 2763 queas,
1538 2701 1596 2763 quia
1607 2700 1661 2749 loca
1673 2713 1729 2762 que

955 2790 1075 2854 templum
1092 2790 1153 2840 illud
1170 2790 1356 2841 circumdabant
1374 2791 1483 2840 aediliciis
1505 2791 1568 2840 inter
1581 2804 1608 2840 se
1625 2790 1731 2839 ooaiun-

955 2879 1003 2929 etis
1014 2883 1072 2930 sunt
1084 2884 1209 2943 occupate.
1242 2880 1306 2929 Olim
1319 2884 1401 2929 autem
1415 2882 1462 2943 (ut
1477 2878 1569 2943 tantur)
1582 2882 1635 2928 erat
1646 2880 1731 2941 ingena

956 2969 991 3019 ibi
1010 2969 1125 3032 spelunea
1141 2969 1187 3017 sub
1209 2969 1250 3018 illo
1271 2968 1333 3018 colle
1357 2969 1420 3029 sita,
1433 2983 1508 3032 quam
1524 2968 1600 3018 densa
1617 2969 1680 3018 silva
1693 2972 1731 3019 te·

956 3058 1042 3120 gebat,
1056 3060 1081 3107 ot
1094 3058 1139 3107 sub
1153 3059 1254 3120 rupibus
1270 3058 1380 3108 tontleuli
1392 3056 1520 3122 preliandi,
1533 3057 1651 3120 uallisque
1671 3056 1729 3120 rupi

958 3147 1070 3210 contigua
1085 3147 1117 3195 ob
1131 3146 1271 3210 trequentes
1291 3161 1320 3195 ac
1341 3161 1454 3210 proceras
1471 3147 1570 3197 arbores
1588 3149 1645 3196 erat
1669 3158 1732 3208 opa-

956 3247 993 3282 ea.
1011 3235 1038 3282 in
1052 3246 1094 3282 ara
1110 3233 1150 3282 iric
1169 3234 1216 3282 deo
1227 3236 1320 3282 statuta
1332 3234 1480 3283 saariticiurn
1493 3246 1560 3281 ruore
1573 3235 1652 3295 patno
1669 3230 1732 3279 leoe-

957 3327 1029 3388 runt,
1049 3326 1116 3388 quod
1134 3328 1158 3376 et
1173 3330 1255 3375 nostra
1275 3329 1349 3374 aetate
1363 3325 1465 3374 Romani
1483 3336 1567 3374 manse
1580 3321 1729 3380 Februario,

958 3419 1014 3477 post
1028 3414 1155 3464 hibernum
1174 3414 1321 3474 solstitium,
1337 3415 1396 3463 nibil
1408 3414 1439 3461 ile
1452 3410 1555 3474 pristino
1567 3410 1616 3457 ritu
1628 3410 1730 3457 mutan·

957 3504 1009 3560 tea,
1023 3501 1123 3550 iaciunt.
1157 3500 1236 3550 liuius
1249 3514 1309 3551 uero
1330 3501 1442 3550 sacrificii
1461 3498 1564 3548 faciendi
1577 3496 1667 3545 modus
1682 3508 1731 3558 po·

958 3591 1011 3636 alea
1027 3586 1131 3636 dicetur.
1164 3592 1197 3637 tlt
1214 3588 1237 3636 in
1255 3601 1350 3637 summo
1363 3587 1432 3636 uoltis
1443 3586 1535 3635 vortice
1547 3583 1662 3633 lictoriae
1675 3595 1730 3633 area

958 3676 1053 3725 delecta
1073 3675 1190 3723 saerifima
1211 3676 1269 3725 buic
1283 3689 1381 3738 quoque
1403 3675 1456 3724 deu
1474 3672 1638 3722 anniversaria
1656 3671 1729 3725 insti·

958 3768 1074 3824 luerunt,
1087 3778 1143 3828 qum
1155 3765 1186 3814 all
1197 3778 1278 3814 meam
1288 3778 1366 3827 uerno
1376 3768 1474 3813 aetatem
1488 3762 1589 3812 Romani
1601 3763 1729 3814 iaciebant.

990 3858 1098 3905 xxxiii.
1122 3856 1191 3903 ilaue
1206 3857 1289 3904 autem
1301 3853 1407 3903 Arcades
1422 3852 1536 3902 Pallantis
1555 3856 1664 3915 Lycaona
1676 3865 1730 3916 pro·

957 3946 1022 4008 gnati
1043 3943 1118 3993 tiliam
1137 3944 1213 3994 luisse
1231 3943 1379 4001 fabulantur,
1404 3945 1477 4004 atque
1497 3942 1615 4002 bonores,
1641 3943 1730 4006 quibus

957 4033 1068 4083 homines
1079 4047 1145 4082 nuuc
1159 4046 1213 4082 eam
1225 4032 1358 4090 honorant,
1374 4031 1491 4080 Minervae
1502 4030 1628 4082 voluntate
1641 4044 1730 4081 eonse-

956 4127 1038 4170 eutam
1053 4135 1121 4181 esse,
1135 4121 1203 4184 quod
1224 4135 1281 4170 cum
1295 4121 1341 4169 bac
1352 4119 1399 4170 dea
1412 4119 1516 4170 οθιιοοῑα
1530 4124 1613 4170 osset:
1633 4134 1648 4169 a
1668 4122 1731 4171 tore

957 4211 1022 4261 enirn
1042 4211 1177 4261 Minervam
1196 4223 1281 4259 reeens
1296 4213 1378 4258 natam
1400 4208 1501 4258 Pallanti
1514 4209 1726 4268 commendatam,

955 4303 981 4348 et
992 4300 1056 4361 apud
1070 4299 1150 4362 ipsum
1162 4297 1294 4347 educatam
1305 4310 1359 4348 esse
1371 4297 1448 4348 donee
1459 4297 1615 4348 adolevisset.
1648 4295 1728 4348 Cereri

955 4402 1052 4452 quoque
1069 4388 1186 4451 templum
1205 4391 1394 4449 exstruxerunt,
1418 4389 1489 4450 eique
1511 4402 1554 4451 per
1567 4388 1668 4438 tominns
1687 4399 1727 4434 sa-

954 4476 1067 4527 cerdotes
1081 4489 1151 4527 saera
1162 4474 1282 4531 abstemia
1301 4475 1419 4536 lecerunt,
1432 4488 1500 4525 more
1513 4477 1614 4532 Graeco,
1629 4474 1652 4523 in
1667 4487 1727 4536 quo-

953 4580 1009 4615 uum
1032 4568 1082 4616 ritu
1102 4570 1163 4616 aetas
1185 4571 1267 4616 nostra
1288 4565 1347 4614 nihil
1370 4566 1482 4615 mutarit.
1516 4565 1594 4613 Etiam
1614 4566 1727 4625 Neptuno

952 4654 1068 4716 Equestri
1092 4654 1175 4703 sanum
1199 4655 1367 4717 assignarunt,
1384 4656 1413 4702 et
1432 4653 1498 4702 diem
1524 4652 1613 4700 testum
1628 4650 1652 4697 in
1673 4648 1726 4697 eius

953 4740 1072 4790 honorem
1098 4743 1292 4800 constituerunt,
1317 4755 1392 4804 quem
1416 4740 1524 4790 Arrailes
1557 4735 1726 4799 Hippocratia,

954 4829 1055 4878 Romani
1089 4829 1218 4880 censualia
1238 4832 1326 4878 vocant
1350 4847 1356 4877 ι
1384 4842 1433 4889 quo
1457 4827 1495 4874 die
1520 4823 1584 4886 apud
1606 4824 1728 4872 nonanes

953 4915 1011 4978 equi
1025 4921 1049 4966 et
1068 4917 1129 4966 muli
1146 4916 1259 4965 demere
1275 4921 1332 4966 sunt
1348 4929 1449 4978 operum
1470 4913 1605 4969 immunes,
1627 4922 1727 4959 eorum·

952 5017 1001 5067 que
1030 5004 1110 5066 capita
1139 5003 1241 5053 tloribus
1266 5004 1421 5053 coronantur.
1454 4998 1531 5048 btulta
1557 5011 1655 5060 quoque
1681 4998 1728 5050 alia

952 5088 1009 5137 tana
1028 5092 1053 5138 et
1076 5102 1131 5137 aras
1142 5090 1168 5136 et
1179 5087 1310 5138 simulacra
1323 5087 1425 5135 deorum
1439 5086 1625 5139 conseerarunt.
1643 5084 1727 5147 expia·

955 5177 1081 5237 tionesque
1102 5178 1127 5225 et
1149 5174 1268 5223 sacrificia
1287 5172 1364 5237 patria
1389 5170 1548 5221 instituerunt
1576 5184 1632 5234 que
1645 5182 1728 5234 usque
