3772 5828
180 354 239 414 {86

180 492 225 546 νῦν
241 485 268 546 δέ
282 485 487 555 Καπιτωλῖνος,
501 469 575 548 αὖθις
590 481 725 541 ἐκέλευσεν
738 483 830 549 αὐτοὺς
842 485 957 558 διαμαν-

179 575 354 651 τευσαμένους
370 577 464 643 εἰπεῖν,
477 574 503 630 ἐν
518 571 601 650 ὁποίῳ
611 579 657 630 τοῦ
670 571 751 652 λόφου
764 571 856 651 χωρίῳ
868 571 958 632 θέσθαι

179 663 268 736 δεήσει
289 660 346 727 τοὺς
356 660 501 737 θεμελίους.
544 663 632 720 Τοῦτο
645 659 667 716 δ’
682 661 711 716 οὐ
726 658 796 718 πάνυ
812 659 899 739 ῥᾴδιον
910 651 958 731 ἦν·

180 750 274 811 πολλοὶ
291 747 343 829 γὰρ
359 740 426 819 ἦσαν
443 748 470 804 ἐν
487 748 559 823 αὐτῷ
573 746 659 824 βωμοὶ
671 748 736 804 θεῶν
753 748 843 806 τεκαὶ
864 744 958 823 δαιμό-

141 862 155 906 5
179 865 241 914 νιον,
260 839 346 915 ὀλίγον
369 837 512 914 ἀπέχοντες
536 835 678 907 ἀλλήλων,
702 833 745 899 οθς
767 834 818 893 ἔδει
836 836 958 912 μετάγειν

183 925 293 1008 ἑτέρωσέ
307 949 367 996 ποι,
384 925 428 983 καὶ
444 932 496 982 πᾶν
512 925 657 982 ἀποδοῦναι
670 924 701 982 τὸ
719 924 815 1000 μέλλον
827 934 880 992 τοῖς
893 928 960 990 θεοῖς

177 1018 284 1093 τέμενος
295 1016 452 1089 γενήσεσθαι
462 1012 493 1071 τὸ
503 1013 616 1070 δάπεδον
630 1011 738 1085 ὁμαλές.
750 1007 844 1080 Ἔδοξε
860 1011 891 1085 δή
904 1012 958 1079 τοῖς

180 1094 346 1170 οἰωνοπόλοις
362 1101 430 1182 ὑπὲρ
448 1101 564 1159 ἑκάστου
586 1104 745 1180 βιυμοῶτῶν
762 1100 958 1183 καθιδρυμένων

180 1189 463 1269 διαμαντευσαμένοις,
487 1190 532 1249 ε’δν
548 1193 742 1270 παραχωρῶσιν
765 1192 788 1248 οἱ
811 1190 878 1262 θεοί,
899 1191 958 1249 τότε

129 1308 155 1348 tn
181 1281 261 1340 κινεῖν
277 1280 382 1345 αὐτούς.
426 1280 461 1337 0t
488 1278 534 1354 μὲν
559 1270 603 1336 οθν
626 1279 701 1336 ἄλλοι
716 1277 769 1337 θεοί
787 1301 816 1336 τε
837 1278 957 1337 καλδαί-

181 1392 256 1447 μονες
272 1368 417 1446 ἐπέτρεψαν
435 1368 523 1432 αὐτοῖς
540 1368 575 1433 είς
589 1365 666 1446 ἕτερα
682 1366 768 1447 χωρία
783 1365 842 1432 τοὺς
854 1366 959 1446 βωμοὺς

180 1461 253 1538 σφῶν
278 1456 447 1535 μεταφέρειν·
462 1458 486 1513 οἱ
501 1455 529 1511 δὲ
550 1459 595 1513 τοῦ
610 1453 745 1532 Τέρμονος
765 1454 811 1511 καί
826 1458 873 1519 τῖς
890 1456 958 1515 Νεό-

180 1569 257 1616 τητος
277 1543 365 1602 πολλὰ
379 1541 598 1621 παραιτουμένοις
618 1549 671 1607 τοῖς
686 1541 796 1618 μάντεσι
816 1542 861 1601 καὶ
875 1543 959 1602 λιπα-

182 1640 269 1713 ροῦσιν
285 1633 332 1690 οὐκ
348 1631 521 1704 ἐπείσθησαν,
539 1632 593 1688 οὐδ’
605 1629 749 1710 ἠνέσχοντο
762 1635 960 1712 παραχωρῆσαι

129 1746 153 1785 to
180 1725 232 1781 τῶν
247 1719 345 1780 τόπων.
387 1720 529 1798 Τοιγάρτοι
548 1719 815 1803 συμπεριελήφθησαν
834 1722 919 1779 αὐτῶν
936 1721 960 1780 σί

183 1811 268 1892 βωμοί
283 1815 315 1890 τῇ
329 1814 480 1887 κατασκευῇ
493 1811 544 1867 τῶν
557 1812 651 1888 ἱερῶν,
665 1808 711 1867 καί
725 1814 769 1867 νῶν
784 1813 798 1868 θ
813 1809 860 1885 μὲν
874 1810 960 1889 ἕτερος

181 1904 251 1960 έστιν
267 1903 292 1959 έν
312 1903 351 1977 τῷ
363 1900 470 1978 προνάῳ
482 1903 530 1968 τῆς
545 1899 663 1969 Ἀθηνᾶς,
681 1900 729 1957 ὁδ’
745 1898 831 1978 ἕτερος
846 1900 872 1957 έν
888 1902 960 1980 αὐτῷ

179 1993 217 2070 τῷ
236 1992 311 2066 σηκῷ
327 1987 439 2060 πλησίον
453 1994 498 2046 τοῦ
515 1986 594 2052 ἕδους.
637 1985 689 2046 Ἐκ
701 1987 728 2045 δί
743 1988 834 2045 τούτου
849 1985 960 2045 συνέθα-

181 2081 226 2138 λον
241 2080 264 2136 οί
282 2076 404 2153 μάντεις,
427 2075 466 2134 θτι
486 2079 532 2145 τῆς
550 2073 695 2150 Ῥωμαίων
713 2075 813 2141 πόλεως
828 2072 886 2132 οὔτε
900 2073 960 2143 τοὺς

128 2185 155 2225 eo
180 2168 254 2246 ὅρους
267 2162 436 2239 μετακινήσει
452 2163 541 2243 καιρὸς
553 2162 651 2233 οὐθείς,
666 2161 726 2221 οὔτε
740 2162 788 2233 τήν
804 2163 891 2240 ἀκμὴν
912 2187 959 2239 με·

181 2254 307 2323 ταόαλεῖ,
336 2252 382 2310 καί
406 2252 485 2330 μέχρι
507 2254 558 2310 τῶν
582 2253 644 2309 κατ’
671 2251 719 2327 ἐμὲ
739 2251 840 2332 χρόνων
865 2253 961 2325 ἀληθὲς

182 2345 267 2402 αὐτῶν
287 2347 356 2401 ἐστιν
380 2342 518 2432 ἑκάτερον,
540 2341 660 2411 εἰκοστὴν
691 2340 743 2412 ήδη
766 2339 812 2400 καί
830 2341 960 2421 τετάρτην

181 2434 281 2514 γενεάν.

219 2521 309 2582 LXX.
326 2517 360 2579 ‘0
382 2517 409 2577 δέ
432 2523 484 2578 τῶν
500 2518 684 2579 οἰωνοσκόπων
707 2518 922 2600 ἐπιφανέστατος,
946 2522 961 2577 θ

127 2624 153 2663 as
178 2608 238 2676 τούς
253 2606 357 2688 βωμοὺς
372 2606 591 2690 μεθιδρυσάμενος
605 2607 649 2665 καί
664 2605 693 2664 τὸ
707 2606 775 2685 ἱερὸν
786 2612 831 2665 τοῦ
844 2606 905 2673 Διὸς
918 2629 961 2666 τε·

180 2697 289 2777 μενίσας
298 2696 344 2755 καί
352 2697 438 2756 τᾶλλα
448 2698 583 2777 προλέγων
592 2695 626 2753 τδι
635 2697 691 2754 θεῖα
701 2698 740 2775 τῷ
752 2694 830 2777 δήμῳ
842 2695 886 2754 διδ
895 2718 960 2772 μαν·

180 2791 268 2863 τικῆς,
280 2786 356 2852 αὐτὸς
368 2784 415 2862 μέν
430 2785 550 2842 ίκαλείτο
562 2785 592 2842 τὸ
605 2783 690 2843 κοινδν
701 2783 783 2860 ὄνομα
798 2783 843 2842 καί
858 2806 961 2862 προση-

182 2875 284 2955 γορικὸν
295 2874 415 2950 Nattae,
426 2873 456 2931 τδ
470 2873 497 2931 δέ
506 2873 657 2948 συγγενικὸν
672 2871 788 2943 Ἄττιος,
800 2871 826 2939 θς
835 2872 960 2931 ἁπάντων

183 2961 382 3044 θεοφιλέστατος
396 2963 563 3039 ὁμολογεῖται
580 2960 700 3038 γενέσθαι
715 2963 767 3016 τῶν
782 2959 959 3038 ἀκριύούντων

128 3082 155 3121 ³0
182 3054 230 3126 τὴν
244 3054 339 3132 τέχνην
359 3052 403 3110 καί
420 3051 545 3127 μεγίστου
561 3059 649 3129 τυχεῖν
664 3052 697 3106 δι’
717 3049 798 3117 αὐτὴν
817 3049 957 3123 ὀνόματος,

183 3142 308 3208 ἀπίστους
322 3141 393 3206 riade
409 3139 558 3217 ὑπερθολίις
571 3142 617 3208 τῆς
630 3140 837 3213 οἰωνομαντικῆς
852 3138 960 3208 ἐπιστή-

183 3255 234 3311 μης
246 3228 454 3305 ἐπιδειξάμενος·
470 3218 506 3284 ῶν
523 3225 575 3302 ἐγὼ
588 3225 668 3302 μίαν,
682 3224 714 3296 ἣν
732 3224 849 3299 μάλιστα
865 3225 959 3283 τεθαύ-

183 3342 275 3397 μακα,
291 3317 525 3397 προχειρισάμενος
540 3317 605 3394 ἐρῶ,
621 3313 753 3392 προειπὼν
771 3313 797 3382 εξ
810 3312 865 3379 οίας
877 3319 961 3392 ὁρμη-

182 3408 232 3474 θείς
254 3407 407 3484 συντυχίας,
422 3403 467 3463 καί
489 3404 560 3470 τίνας
575 3403 695 3482 ἀφορμάς
710 3402 784 3482 παρδι
799 3407 844 3460 τοῦ
863 3403 957 3477 δαιμο-

129 3517 155 3557 aa
181 3496 235 3556 νέου
250 3495 349 3567 λαθὼν,
364 3491 493 3562 τοσαύτην
509 3491 586 3572 ἔσχεν
602 3494 771 3572 ἐπιφάνειαν,
782 3491 850 3549 ῶστε
861 3492 960 3555 πάντας

182 3585 292 3656 ἀζήλους
314 3582 449 3650 ἀποδεῖξαι
467 3582 524 3648 τοὺς
539 3580 608 3640 κατδι
622 3580 671 3650 τὴν
692 3581 773 3652 αὐτὴν
789 3580 960 3655 ἀκμάσαντας

182 3672 297 3742 ἡλικίαν.
339 3669 426 3740 Πένης
437 3672 508 3749 αύτῷ
523 3668 613 3747 πατὴρ
628 3669 738 3744 ἐγένετο,
750 3668 847 3747 χοιρίον
862 3667 960 3733 εὐτελὲς

181 3761 319 3836 γεωργῶν,
334 3750 355 3836 ᾧ
370 3758 446 3817 τότε
460 3757 529 3817 άλλα
542 3757 722 3834 συνειργάζετο
736 3765 797 3822 παῖς
813 3755 849 3812 ῶν
863 3760 877 3813 θ
892 3756 959 3815 Ναί·

184 3847 253 3920 troc,
272 3848 322 3909 όσα
345 3856 397 3914 τοῖς
418 3847 580 3920 τηλικούτοις
603 3847 711 3919 δύναμις
735 3838 782 3917 ἦν,
798 3847 843 3904 καί
867 3846 912 3912 τὰς
929 3839 959 3913 ὗς

129 3957 156 3995 to
183 3933 325 4003 ἐξελαύνων
338 3935 455 3996 έόυσκεν.
501 3934 699 4011 Ἀποκοιμηθείς
711 3931 740 3991 δέ
753 3958 816 3993 ποτε
829 3932 874 3991 καί
891 3935 959 4010 μετδι

183 4021 231 4092 τήν
246 4023 373 4103 ἐξέγερσιν
390 4025 579 4105 οὐχεὺρίσκων
593 4022 663 4091 τινὰς
680 4025 731 4081 τῶν
747 4025 813 4093 θῶν,
830 4024 895 4090 τέως
910 4021 958 4097 μέν

184 4111 283 4185 ἔκλαιε,
299 4112 344 4176 rb<
371 4115 475 4189 πληγὰς
497 4116 619 4193 ὀρρωδῶν
638 4111 685 4179 τδις
699 4111 773 4190 παρὰ
788 4117 832 4170 τοῦ
845 4112 958 4189 πατρός·

183 4200 284 4270 ἔπειτα,
298 4199 378 4258 ἐλθὼν
389 4204 431 4261 ἐπὶ
446 4203 493 4272 τήν
503 4201 681 4273 καλιάδα,τὴν
692 4202 719 4258 έν
731 4204 769 4281 τῷ
781 4197 871 4281 χωρίῳ
884 4205 959 4257 καθι·

184 4288 313 4368 δρυμένην
324 4286 435 4365 ἡρώων,
450 4291 523 4362 ἠξίου
538 4292 596 4359 τοὺς
612 4291 700 4370 ἥρωας
713 4289 873 4368 συνεξευρεῖν
889 4292 960 4367 αὐτῷ

144 4398 156 4433 τι
183 4377 230 4444 τδις
244 4369 288 4442 de·
301 4376 439 4454 γενομένου
456 4380 482 4436 δέ
502 4383 593 4438 τούτου
609 4378 707 4453 θύσειν,
726 4380 813 4447 αὐτοῖς
830 4376 961 4457 ὑπέσχετο

183 4466 226 4524 τόν
242 4469 365 4542 μέγιστον
380 4470 429 4524 τῶν
445 4471 474 4526 ἐκ
485 4475 529 4526 τοῦ
541 4469 639 4547 χωρίου
653 4468 779 4544 βοτρύων.
824 4467 918 4547 Εὓρθιν
933 4469 959 4525 δὲ

185 4556 242 4630 μετ’
259 4557 344 4631 ὀλίγον
360 4552 404 4619 τδις
418 4546 447 4620 b<
461 4556 579 4615 ἐύούλετο
593 4557 641 4635 μέν
655 4558 797 4614 ἀποδοῦναι
811 4564 864 4622 τοῖς
875 4554 959 4634 ήρωσι

182 4645 229 4715 τὴν
247 4646 346 4724 εὐχήν,
364 4647 390 4704 έν
408 4644 504 4724 ἀπορία
526 4645 547 4700 δ’
563 4638 593 4716 ἦν
611 4647 709 4725 πολλῇ,
725 4646 769 4703 τὸν
792 4647 914 4722 μέγιστον
930 4645 958 4701 οὐ

184 4736 324 4813 δυνάμενος
348 4736 458 4815 ἐξευρεῖν
485 4733 588 4812 βότρυν.
633 4734 782 4811 Ἀδημονῶν
812 4735 834 4792 δ’
854 4731 899 4790 tat
921 4735 959 4811 τῷ

183 4827 332 4902 πράγματι,
347 4825 405 4891 τοὺς
421 4823 494 4889 beate
504 4822 576 4893 ἠξίου
592 4824 625 4882 δι’
646 4827 746 4883 οἰωνῶν
757 4822 866 4903 φανερὸν
887 4825 958 4899 αὐτῷ

182 4916 291 4980 ποιῆσαι
305 4915 334 4972 τό
350 4916 515 4989 ζητούμενον.
559 4912 675 4974 Ἔπειτα
688 4913 794 4973 ἐπελθδν
805 4915 876 4990 αὐτῷ
891 4909 960 4970 κατὰ

187 4995 296 5070 δαίμονα
314 5003 375 5080 διχιῖΙ
395 5002 481 5079 νέμειν
497 5002 540 5061 τδν
557 5005 715 5077 ἀμπελῶνα,
733 5004 829 5078 θάτερα
844 5000 892 5076 μέν
913 5001 960 5056 αὐ·

183 5088 230 5141 τοῦ
252 5085 395 5160 tapetam
417 5094 446 5148 ἐκ
468 5090 568 5162 δεξιᾶς,
586 5094 680 5169 θάτερα
707 5089 729 5147 δ’
754 5088 779 5156 ἐξ
804 5091 959 5164 ἀριστερᾶς,

184 5172 264 5232 ἔπειθ’
276 5171 340 5250 ὑπίρ
359 5178 483 5253 ἐκατέρου
494 5181 545 5235 τῶν
561 5183 647 5257 μερῶν
666 5177 725 5243 τοὺς
739 5173 961 5256 παραγινομένους

703 349 869 410 lllONYSll
891 350 1269 413 HALICARNASSENSIS

1013 514 1078 551 nunc
1091 514 1150 551 vero
1162 501 1316 565 capitolinus
1331 522 1337 551 :
1351 501 1431 553 denuo
1445 516 1488 554 eos
1507 503 1578 555 iussit
1591 504 1651 557 deos
1664 511 1794 562 consulere

1014 611 1040 656 et
1055 588 1151 670 dicere,
1174 611 1200 659 in
1218 625 1268 674 qua
1291 611 1360 660 collis
1379 617 1450 675 parte
1472 613 1631 666 tundamenta
1652 623 1735 668 essent
1754 621 1790 670 ia·

1013 717 1106 768 cienda.
1140 720 1192 768 lloc
1209 723 1292 770 autem
1310 733 1359 769 non
1378 720 1513 771 admodum
1526 726 1579 772 erat
1591 724 1684 777 facile:
1704 729 1793 780 multos

1013 827 1078 876 enim
1094 825 1119 875 in
1134 840 1164 876 eo
1176 831 1246 878 erant
1254 840 1313 884 arae.
1323 829 1428 880 deorum
1439 835 1465 881 et
1476 833 1615 895 geniorum,
1628 849 1704 899 perro
1712 839 1791 902 spatio

1012 936 1076 986 inter
1094 949 1121 986 se
1139 935 1274 998 distantes,
1298 951 1362 1002 quas
1379 939 1427 989 alio
1449 942 1583 993 transferre
1604 946 1735 1007 oportebat
1756 951 1791 1009 et,

1013 1048 1091 1094 totam
1105 1058 1186 1094 aream
1199 1045 1306 1111 templo,
1325 1046 1391 1112 quod
1401 1047 1449 1098 diis
1460 1050 1633 1103 redificandum
1648 1059 1716 1117 erat,
1728 1056 1792 1108 libe·

1013 1166 1064 1201 ram
1079 1152 1224 1214 relinquere.
1258 1157 1340 1212 Quare
1354 1157 1489 1220 auguribus
1500 1159 1592 1225 placuit
1602 1162 1633 1214 de
1645 1179 1793 1230 unaquaque

1013 1275 1070 1325 ara,
1091 1277 1148 1327 quae
1161 1268 1242 1314 erecta
1261 1268 1330 1326 erat,
1349 1266 1410 1317 deos
1424 1270 1553 1322 consulere
1571 1278 1612 1331 et,
1632 1274 1654 1325 si
1677 1275 1712 1324 dii
1730 1289 1791 1326 con·

1013 1365 1160 1426 cessissent,
1180 1369 1233 1416 tum
1248 1366 1348 1418 demum
1363 1384 1406 1420 eas
1423 1385 1530 1424 morere.
1565 1376 1649 1426 Ceteri
1668 1377 1742 1440 lgitur
1757 1377 1793 1428 dii

1013 1471 1038 1521 et
1054 1469 1118 1534 genii
1134 1470 1299 1533 permiserunt
1310 1474 1339 1522 ut
1357 1486 1414 1524 aras
1433 1476 1458 1525 in
1470 1476 1520 1528 alia
1531 1477 1586 1529 loca
1605 1481 1790 1533 transferrent:

1013 1576 1057 1627 scd
1076 1575 1206 1626 'lenninus
1217 1579 1242 1627 et
1256 1580 1378 1630 laventus
1393 1581 1468 1633 nullis
1479 1598 1601 1648 augurum
1618 1587 1733 1651 precibus
1749 1593 1793 1640 aut
1854 1599 1856 1603 '

1013 1684 1227 1747 deprecationibus
1255 1685 1320 1736 ssecti
1348 1692 1496 1751 potuemnt,
1511 1706 1605 1761 *neque
1629 1694 1683 1745 loco
1704 1681 1792 1747 cedere

1014 1793 1152 1843 voluerunt.
1188 1797 1274 1857 lbquc
1289 1808 1376 1846 eorum
1394 1810 1444 1847 arca
1464 1800 1548 1864 templi
1565 1801 1661 1853 ambita
1676 1815 1791 1866 compre·

1014 1897 1096 1948 ltensae
1105 1904 1177 1958 sunt,
1189 1900 1215 1949 et
1227 1913 1292 1950 nunc
1303 1902 1380 1952 attera
1392 1903 1439 1953 sita
1447 1909 1486 1955 est
1494 1905 1519 1954 in
1532 1905 1651 1958 Minerva
1661 1907 1791 1970 vestibulo,

1014 2005 1091 2055 altera
1110 2004 1135 2054 in
1155 2005 1208 2069 ipso
1228 2007 1332 2070 templo,
1347 2007 1393 2072 ipsi
1407 2009 1538 2060 simulacro
1559 2012 1677 2074 proxima.
1711 2017 1793 2076 atque

1014 2113 1071 2163 inde
1082 2110 1230 2174 collegerunt
1245 2124 1363 2176 augures,
1379 2113 1429 2164 lore
1439 2117 1468 2164 ut
1477 2117 1644 2167 Romanorum
1657 2117 1727 2168 urbis
1738 2121 1790 2169 ter-

1014 2220 1094 2270 minos
1112 2214 1206 2265 nubum
1227 2229 1336 2280 unquam
1353 2220 1450 2282 tempus
1464 2222 1592 2281 moveret,
1613 2235 1695 2285 oeque
1716 2224 1792 2276 robur

1014 2322 1123 2374 mutaret
1142 2318 1230 2368 :etad
1247 2333 1301 2370 mea
1321 2335 1401 2384 usque
1423 2326 1532 2388 tempora
1549 2326 1684 2390 utrumque
1700 2326 1791 2378 horum

1016 2427 1062 2479 tuit
1073 2421 1227 2481 ceramium
1239 2437 1283 2487 per
1296 2427 1383 2476 etates
1392 2440 1462 2477 xxiv.

1047 2535 1117 2584 cxx.
1128 2535 1212 2594 Augur
1227 2533 1309 2581 autem
1318 2535 1429 2584 omnium
1438 2535 1651 2602 clarissimus,qui
1665 2551 1721 2588 aras
1735 2552 1791 2590 ere-

1014 2637 1068 2683 ctas
1093 2627 1172 2678 rrrovit
1190 2629 1215 2676 et
1234 2625 1319 2677 lanum
1338 2628 1395 2678 Joui
1413 2632 1580 2694 consecravit,
1600 2634 1793 2705 atrattaioaadi

1014 2737 1068 2785 arte
1082 2732 1201 2798 praeditus
1212 2732 1305 2797 populo
1322 2731 1417 2796 reliqua
1426 2730 1530 2782 deorum
1543 2730 1645 2781 consilia
1654 2718 1791 2797 praebuit,

1014 2834 1138 2886 communi
1150 2838 1176 2884 et
1186 2831 1332 2897 appellativo
1346 2830 1443 2880 nomine
1458 2829 1594 2880 vocabatur
1603 2831 1717 2889 Naevius,
1731 2845 1791 2893 gen·

1015 2932 1091 2984 tilleio
1099 2942 1158 2980 vero
1167 2928 1249 2978 Attius
1260 2927 1316 2992 ;qui
1327 2927 1396 2976 tacilc
1406 2925 1516 2975 oninium
1528 2925 1595 2976 illius
1603 2925 1664 2974 artis
1672 2926 1793 2990 professo

1014 3040 1070 3077 rum
1081 3024 1130 3074 diis
1147 3022 1288 3072 carissimus
1304 3022 1379 3071 luisse
1398 3021 1485 3082 lertur,
1503 3021 1717 3084 clarissimumque
1734 3022 1794 3073 inde

1014 3136 1103 3175 nomen
1110 3124 1260 3170 consecutus
1268 3123 1315 3177 est,
1323 3118 1390 3180 qarod
1401 3120 1537 3180 augurandi
1547 3120 1642 3183 peritiae
1650 3119 1794 3171 admiranda

1014 3230 1039 3277 et
1049 3225 1092 3274 rix
1104 3220 1226 3274 credenda
1235 3219 1383 3268 documenta
1392 3215 1497 3266 ediderit
1511 3230 1720 3280 :quorumunum
1731 3230 1794 3280 praa-

1014 3323 1098 3386 cipue,
1120 3318 1187 3383 quod
1214 3315 1321 3366 maxime
1350 3315 1454 3365 miratus
1476 3327 1545 3373 sum,
1571 3312 1695 3377 proteram
1717 3316 1793 3377 atque

1014 3419 1109 3476 dicam,
1132 3414 1247 3464 nimirum
1267 3427 1317 3474 qua
1335 3411 1432 3461 fortune
1455 3413 1481 3460 et
1498 3423 1549 3472 qua
1565 3409 1691 3459 occasione
1711 3407 1794 3458 sibia

1014 3514 1061 3564 deo
1075 3510 1158 3563 oblata
1180 3513 1276 3560 tantum
1291 3507 1446 3572 splendorem
1466 3509 1594 3556 amecutus
1614 3504 1659 3565 sit,
1673 3507 1703 3554 ut
1722 3508 1792 3556 cete-

1013 3625 1054 3662 ros
1075 3621 1161 3659 omnes
1179 3604 1289 3656 eiusdem
1304 3602 1388 3653 saculi
1403 3614 1508 3665 augures
1525 3600 1690 3659 antevertant,
1702 3613 1794 3664 eosque

1014 3725 1097 3761 secum
1112 3709 1214 3759 collatos
1236 3705 1259 3754 in
1277 3703 1343 3753 nullo
1359 3714 1428 3765 paene
1449 3699 1528 3764 pretio
1546 3698 1671 3749 trahendos
1687 3700 1792 3750 demon·

1015 3811 1113 3859 straret.
1148 3810 1246 3856 Patrem
1264 3801 1350 3852 babuit
1370 3812 1517 3864 pauperem,
1532 3795 1603 3859 agelli
1623 3796 1704 3846 tenuis
1722 3794 1792 3846 coio-

1014 3919 1088 3964 nnm,
1103 3917 1176 3968 quem
1192 3899 1292 3951 Naevius
1313 3911 1375 3961 puer
1393 3910 1448 3944 <turn
1468 3895 1522 3945 aliis
1544 3895 1568 3942 iu
1586 3893 1661 3944 rebus
1679 3891 1793 3953 iurabat,

1014 4000 1137 4066 quasilla
1157 4000 1218 4048 atas
1238 3995 1301 4045 terre
1322 3996 1433 4057 poterat,
1454 3995 1509 4041 tum
1526 3991 1600 4040 etiam
1618 4002 1676 4040 sues
1693 3992 1792 4055 pastum

1014 4101 1110 4165 agebat.
1144 4099 1191 4150 Serl
1207 4110 1265 4147 cum
1282 4091 1413 4154 aliquando
1433 4103 1519 4139 somno
1530 4087 1626 4151 sopitus
1642 4084 1744 4146 luisset,
1767 4089 1793 4137 et

1014 4186 1200 4252 expergefaetus
1223 4196 1272 4232 non
1293 4179 1424 4243 reperisset
1446 4176 1624 4241 aliquorsum,
1640 4173 1793 4237 aliquamdiu

1015 4284 1083 4334 tlevit
1103 4282 1180 4347 patris
1198 4279 1302 4328 verbera
1320 4274 1469 4333 formidans3
1503 4270 1593 4321 deinde
1618 4270 1746 4334 protectus
1762 4269 1794 4319 ad

1016 4385 1132 4434 sacellum
1157 4379 1283 4444 quoddam
1314 4377 1338 4426 in
1361 4389 1391 4425 co
1412 4375 1465 4424 loco
1486 4370 1580 4421 laribus
1606 4370 1792 4431 consecratum,

1015 4478 1157 4542 suppliciter
1171 4475 1202 4526 ab
1217 4474 1310 4524 laribus
1326 4473 1398 4536 petiit
1415 4472 1443 4519 ut
1456 4482 1482 4517 se
1499 4466 1522 4516 in
1539 4464 1692 4515 inveniendis
1706 4464 1794 4515 suibus

1014 4574 1161 4624 oclirruarent
1177 4571 1258 4634 :qnod
1273 4570 1294 4618 si
1306 4570 1436 4625 iecissent,
1448 4563 1608 4629 pollicebatur
1617 4575 1644 4611 se
1665 4561 1713 4610 illis
1726 4575 1792 4612 racc·

1014 4687 1097 4731 rtrum,
1108 4684 1182 4734 quern
1201 4670 1225 4719 in
1238 4672 1291 4718 tota
1310 4668 1381 4718 rinea
1400 4665 1536 4715 maximum
1556 4661 1704 4725 reperisset,
1719 4658 1792 4709 obla·

1014 4777 1105 4822 turum.
1139 4773 1192 4820 Non
1208 4771 1286 4818 rnrrlto
1301 4773 1357 4832 post
1372 4768 1477 4836 inuentis
1490 4764 1576 4815 suibus
1592 4762 1692 4812 volebat
1706 4763 1792 4809 votum

1014 4872 1153 4937 persolvere
1171 4890 1177 4920 :
1195 4870 1238 4920 sed
1258 4871 1283 4919 in
1305 4882 1393 4930 magna
1412 4866 1535 4916 araxietate
1547 4863 1701 4921 versabatur,
1722 4859 1791 4923 quod

1014 4987 1063 5024 non
1071 4976 1152 5037 posset
1165 4973 1301 5021 maximum
1313 4981 1436 5019 racemum
1445 4965 1564 5016 invenire.
1598 4967 1679 5021 Quare
1689 4963 1792 5010 maestus

1014 5079 1074 5126 deos
1094 5074 1208 5138 rogabat,
1223 5077 1252 5123 ut
1278 5070 1324 5120 sibi
1351 5067 1462 5132 arrspielo
1480 5065 1646 5132 significarent
1669 5064 1704 5126 id,
1723 5062 1790 5126 quod

1015 5175 1150 5238 quaerebat.
1182 5172 1276 5223 Deinde
1293 5168 1412 5219 diuinitus
1435 5166 1472 5217 illi
1484 5167 1511 5215 in
1529 5168 1636 5215 mentem
1651 5165 1732 5226 venit,
1752 5162 1791 5212 ui·

1165 5245 1174 5265 .
