<?xml version="1.0" encoding="UTF-8"?>
<!DOCTYPE html PUBLIC "-//W3C//DTD XHTML 1.0 Transitional//EN"
    "http://www.w3.org/TR/xhtml1/DTD/xhtml1-transitional.dtd">
<html xmlns="http://www.w3.org/1999/xhtml" xml:lang="en" lang="en">
 <head>
  <title>
</title>
<meta http-equiv="Content-Type" content="text/html;charset=utf-8" />
  <meta name='ocr-system' content='tesseract 3.04.00' />
  <meta name='ocr-capabilities' content='ocr_page ocr_carea ocr_par ocr_line ocrx_word'/>
</head>
<body>
  <div class='ocr_page' id='page_1' title='image "./dionysiihalicar00prougoog/dionysiihalicar00prougoog_0484.png"; bbox 0 0 3772 5828; ppageno 0'>
   <div class='ocr_carea' id='block_1_1' title="bbox 589 342 1716 423">
    <p class='ocr_par' dir='ltr' id='par_1_1' title="bbox 589 342 1716 423">
     <span class='ocr_line' id='line_1_1' title="bbox 589 342 1716 423; baseline -0.003 -13"><span class='ocrx_word' id='word_1_1' title='bbox 589 344 884 423; x_wconf 80' lang='lat' dir='ltr'><strong>ANTIQUITATUM</strong></span> <span class='ocrx_word' id='word_1_2' title='bbox 906 342 1053 404; x_wconf 84' lang='lat' dir='ltr'><strong>ROMAN.</strong></span> <span class='ocrx_word' id='word_1_3' title='bbox 1078 343 1152 403; x_wconf 91' lang='lat' dir='ltr'><strong>LIB.</strong></span> <span class='ocrx_word' id='word_1_4' title='bbox 1176 344 1243 403; x_wconf 90' lang='lat' dir='ltr'>VII.</span> <span class='ocrx_word' id='word_1_5' title='bbox 1658 348 1716 408; x_wconf 73' lang='lat' dir='ltr'><strong>bid</strong></span> 
     </span>
    </p>
   </div>
   <div class='ocr_carea' id='block_1_2' title="bbox 35 475 885 724">
    <p class='ocr_par' dir='ltr' id='par_1_2' title="bbox 35 475 885 724">
     <span class='ocr_line' id='line_1_2' title="bbox 100 475 884 564; baseline -0.017 -18"><span class='ocrx_word' id='word_1_6' title='bbox 100 487 151 548; x_wconf 85' lang='grc' dir='ltr'><strong>Καί</strong></span> <span class='ocrx_word' id='word_1_7' title='bbox 180 475 250 552; x_wconf 68' lang='grc' dir='ltr'>αὖθις</span> <span class='ocrx_word' id='word_1_8' title='bbox 279 486 366 564; x_wconf 72' lang='grc' dir='ltr'>ἕτερον</span> <span class='ocrx_word' id='word_1_9' title='bbox 391 483 419 542; x_wconf 88' lang='grc' dir='ltr'><strong>ἐν</strong></span> <span class='ocrx_word' id='word_1_10' title='bbox 446 485 512 559; x_wconf 78' lang='grc' dir='ltr'>αὐτῇ</span> <span class='ocrx_word' id='word_1_11' title='bbox 541 480 627 559; x_wconf 69' lang='grc' dir='ltr'>λέγων</span> <span class='ocrx_word' id='word_1_12' title='bbox 655 481 884 554; x_wconf 72' lang='grc' dir='ltr'>διακεκοσμῆσθαι</span> 
     </span>
     <span class='ocr_line' id='line_1_3' title="bbox 108 557 885 656; baseline -0.017 -20"><span class='ocrx_word' id='word_1_13' title='bbox 108 573 240 656; x_wconf 80' lang='grc' dir='ltr'>Κρητικὸν</span> <span class='ocrx_word' id='word_1_14' title='bbox 255 571 350 646; x_wconf 84' lang='grc' dir='ltr'>ήῐθέων</span> <span class='ocrx_word' id='word_1_15' title='bbox 376 594 404 631; x_wconf 91' lang='grc' dir='ltr'><strong>τε</strong></span> <span class='ocrx_word' id='word_1_16' title='bbox 427 569 472 630; x_wconf 84' lang='grc' dir='ltr'><strong>καὶ</strong></span> <span class='ocrx_word' id='word_1_17' title='bbox 493 568 629 648; x_wconf 82' lang='grc' dir='ltr'>παρθένων</span> <span class='ocrx_word' id='word_1_18' title='bbox 652 567 729 648; x_wconf 84' lang='grc' dir='ltr'>χορὸν</span> <span class='ocrx_word' id='word_1_19' title='bbox 745 557 796 625; x_wconf 81' lang='grc' dir='ltr'>ῶδε</span> <span class='ocrx_word' id='word_1_20' title='bbox 815 565 885 645; x_wconf 81' lang='grc' dir='ltr'>εἴρη-</span> 
     </span>
     <span class='ocr_line' id='line_1_4' title="bbox 35 688 160 724; baseline -0.032 3"><span class='ocrx_word' id='word_1_21' title='bbox 35 704 39 712; x_wconf 83' lang='grc'><em>·</em></span> <span class='ocrx_word' id='word_1_22' title='bbox 108 688 160 724; x_wconf 88' lang='grc' dir='ltr'>κεν·</span> 
     </span>
    </p>
   </div>
   <div class='ocr_carea' id='block_1_3' title="bbox 67 797 805 1152">
    <p class='ocr_par' dir='ltr' id='par_1_3' title="bbox 67 797 805 1152">
     <span class='ocr_line' id='line_1_5' title="bbox 173 797 805 869; baseline -0.014 -15"><span class='ocrx_word' id='word_1_23' title='bbox 173 805 213 854; x_wconf 83' lang='grc' dir='ltr'><strong>Ἐν</strong></span> <span class='ocrx_word' id='word_1_24' title='bbox 229 805 253 853; x_wconf 81' lang='grc' dir='ltr'><strong>δὲ</strong></span> <span class='ocrx_word' id='word_1_25' title='bbox 272 803 343 866; x_wconf 80' lang='grc' dir='ltr'>χορὸν</span> <span class='ocrx_word' id='word_1_26' title='bbox 358 801 464 850; x_wconf 76' lang='grc' dir='ltr'>ποίκιλλε</span> <span class='ocrx_word' id='word_1_27' title='bbox 475 798 611 864; x_wconf 85' lang='grc' dir='ltr'>περικλυτὸς</span> <span class='ocrx_word' id='word_1_28' title='bbox 625 797 805 869; x_wconf 36' lang='grc' dir='ltr'>Ἀμριγυήειςμ</span> 
     </span>
     <span class='ocr_line' id='line_1_6' title="bbox 67 870 683 938; baseline -0.011 -13"><span class='ocrx_word' id='word_1_29' title='bbox 67 885 80 922; x_wconf 82' lang='grc' dir='ltr'>θ</span> <span class='ocrx_word' id='word_1_30' title='bbox 170 878 212 938; x_wconf 78' lang='grc' dir='ltr'><strong>Τῷ</strong></span> <span class='ocrx_word' id='word_1_31' title='bbox 221 876 299 923; x_wconf 84' lang='grc' dir='ltr'>ίκελον</span> <span class='ocrx_word' id='word_1_32' title='bbox 312 870 362 922; x_wconf 85' lang='grc' dir='ltr'>οίόν</span> <span class='ocrx_word' id='word_1_33' title='bbox 373 873 426 921; x_wconf 79' lang='grc' dir='ltr'>ποτ’</span> <span class='ocrx_word' id='word_1_34' title='bbox 436 872 468 921; x_wconf 86' lang='grc' dir='ltr'><strong>ἐνὶ</strong></span> <span class='ocrx_word' id='word_1_35' title='bbox 486 874 594 932; x_wconf 82' lang='grc' dir='ltr'>Κνωσσῷ</span> <span class='ocrx_word' id='word_1_36' title='bbox 607 870 683 931; x_wconf 84' lang='grc' dir='ltr'>εθρείη</span> 
     </span>
     <span class='ocr_line' id='line_1_7' title="bbox 171 940 727 1004; baseline -0.013 -8"><span class='ocrx_word' id='word_1_37' title='bbox 171 946 286 1002; x_wconf 85' lang='grc' dir='ltr'>Δαίδαλος</span> <span class='ocrx_word' id='word_1_38' title='bbox 295 947 402 1004; x_wconf 80' lang='grc' dir='ltr'>ἣσκησεν</span> <span class='ocrx_word' id='word_1_39' title='bbox 414 941 599 1004; x_wconf 74' lang='grc' dir='ltr'>καλλιπλοκάμῳ</span> <span class='ocrx_word' id='word_1_40' title='bbox 614 940 727 1003; x_wconf 68' lang='grc' dir='ltr'>Ἀριάδνη.</span> 
     </span>
     <span class='ocr_line' id='line_1_8' title="bbox 171 1011 721 1078; baseline -0.009 -14"><span class='ocrx_word' id='word_1_41' title='bbox 171 1017 245 1065; x_wconf 76' lang='grc' dir='ltr'>Ἔνθα</span> <span class='ocrx_word' id='word_1_42' title='bbox 259 1016 300 1078; x_wconf 73' lang='grc' dir='ltr'>μέν</span> <span class='ocrx_word' id='word_1_43' title='bbox 309 1015 384 1075; x_wconf 86' lang='grc' dir='ltr'>ἠίθεοι</span> <span class='ocrx_word' id='word_1_44' title='bbox 398 1014 438 1062; x_wconf 85' lang='grc' dir='ltr'><strong>καί</strong></span> <span class='ocrx_word' id='word_1_45' title='bbox 452 1012 561 1076; x_wconf 89' lang='grc' dir='ltr'>παρθένοι</span> <span class='ocrx_word' id='word_1_46' title='bbox 574 1011 721 1072; x_wconf 77' lang='grc' dir='ltr'>ἀλφεσίδοιαι</span> 
     </span>
     <span class='ocr_line' id='line_1_9' title="bbox 179 1083 782 1152; baseline -0.008 -15"><span class='ocrx_word' id='word_1_47' title='bbox 179 1087 299 1152; x_wconf 85' lang='grc' dir='ltr'>Ὠρχεῦντ’</span> <span class='ocrx_word' id='word_1_48' title='bbox 312 1086 417 1143; x_wconf 77' lang='grc' dir='ltr'>αλλήλων</span> <span class='ocrx_word' id='word_1_49' title='bbox 428 1083 466 1134; x_wconf 83' lang='grc' dir='ltr'>ἐπὶ</span> <span class='ocrx_word' id='word_1_50' title='bbox 477 1087 561 1145; x_wconf 84' lang='grc' dir='ltr'>καρπῷ</span> <span class='ocrx_word' id='word_1_51' title='bbox 576 1085 654 1145; x_wconf 82' lang='grc' dir='ltr'>χεῖρας</span> <span class='ocrx_word' id='word_1_52' title='bbox 671 1083 782 1145; x_wconf 78' lang='grc' dir='ltr'>ἔχουσαι.</span> 
     </span>
    </p>
   </div>
   <div class='ocr_carea' id='block_1_4' title="bbox 57 1215 889 1476">
    <p class='ocr_par' dir='ltr' id='par_1_4' title="bbox 57 1215 889 1476">
     <span class='ocr_line' id='line_1_10' title="bbox 102 1215 889 1299; baseline -0.024 -17"><span class='ocrx_word' id='word_1_53' title='bbox 102 1222 206 1298; x_wconf 80' lang='grc' dir='ltr'>Κόσμον</span> <span class='ocrx_word' id='word_1_54' title='bbox 218 1244 247 1279; x_wconf 89' lang='grc' dir='ltr'><strong>τε</strong></span> <span class='ocrx_word' id='word_1_55' title='bbox 262 1221 341 1280; x_wconf 77' lang='grc' dir='ltr'>αὐτοῦ</span> <span class='ocrx_word' id='word_1_56' title='bbox 356 1218 553 1299; x_wconf 73' lang='grc' dir='ltr'>ἀφηγούμενος,</span> <span class='ocrx_word' id='word_1_57' title='bbox 573 1215 617 1276; x_wconf 76' lang='lat' dir='ltr'><strong>ira</strong></span> <span class='ocrx_word' id='word_1_58' title='bbox 632 1217 711 1288; x_wconf 83' lang='grc' dir='ltr'>δῆλον</span> <span class='ocrx_word' id='word_1_59' title='bbox 730 1218 796 1294; x_wconf 82' lang='grc' dir='ltr'>ἡμῖν</span> <span class='ocrx_word' id='word_1_60' title='bbox 810 1216 889 1289; x_wconf 90' lang='grc' dir='ltr'>ποιή.</span> 
     </span>
     <span class='ocr_line' id='line_1_11' title="bbox 57 1295 889 1387; baseline -0.011 -17"><span class='ocrx_word' id='word_1_61' title='bbox 57 1333 82 1371; x_wconf 88' lang='grc' dir='ltr'>ιο</span> <span class='ocrx_word' id='word_1_62' title='bbox 109 1333 194 1385; x_wconf 82' lang='grc' dir='ltr'>σειεν,</span> <span class='ocrx_word' id='word_1_63' title='bbox 210 1311 251 1370; x_wconf 84' lang='grc' dir='ltr'><strong>δτι</strong></span> <span class='ocrx_word' id='word_1_64' title='bbox 269 1312 353 1380; x_wconf 80' lang='grc' dir='ltr'>ἡτῶν</span> <span class='ocrx_word' id='word_1_65' title='bbox 370 1307 486 1387; x_wconf 76' lang='grc' dir='ltr'>ἀρρένων</span> <span class='ocrx_word' id='word_1_66' title='bbox 502 1306 603 1379; x_wconf 83' lang='grc' dir='ltr'>κίνησις</span> <span class='ocrx_word' id='word_1_67' title='bbox 620 1304 740 1374; x_wconf 74' lang='grc' dir='ltr'>ἐνόπλιος</span> <span class='ocrx_word' id='word_1_68' title='bbox 759 1295 808 1381; x_wconf 69' lang='grc' dir='ltr'><strong>ἦν,</strong></span> <span class='ocrx_word' id='word_1_69' title='bbox 825 1307 889 1366; x_wconf 79' lang='grc' dir='ltr'>τάδε</span> 
     </span>
     <span class='ocr_line' id='line_1_12' title="bbox 113 1399 192 1476; baseline -0.063 -16"><span class='ocrx_word' id='word_1_70' title='bbox 113 1399 192 1476; x_wconf 83' lang='grc' dir='ltr'>λέγει·</span> 
     </span>
    </p>
   </div>
   <div class='ocr_carea' id='block_1_5' title="bbox 170 1535 846 1674">
    <p class='ocr_par' dir='ltr' id='par_1_5' title="bbox 170 1535 846 1674">
     <span class='ocr_line' id='line_1_13' title="bbox 170 1535 846 1603; baseline -0.003 -15"><span class='ocrx_word' id='word_1_71' title='bbox 170 1539 218 1588; x_wconf 84' lang='grc' dir='ltr'><strong>Καί</strong></span> <span class='ocrx_word' id='word_1_72' title='bbox 227 1539 249 1603; x_wconf 79' lang='grc' dir='ltr'><strong>ρ’</strong></span> <span class='ocrx_word' id='word_1_73' title='bbox 261 1542 285 1587; x_wconf 85' lang='lat' dir='ltr'><strong>at</strong></span> <span class='ocrx_word' id='word_1_74' title='bbox 300 1539 343 1600; x_wconf 79' lang='grc' dir='ltr'>μὲν</span> <span class='ocrx_word' id='word_1_75' title='bbox 357 1537 431 1593; x_wconf 80' lang='grc' dir='ltr'>καλὰς</span> <span class='ocrx_word' id='word_1_76' title='bbox 443 1535 557 1600; x_wconf 62' lang='grc' dir='ltr'>στεφάνας</span> <span class='ocrx_word' id='word_1_77' title='bbox 572 1536 637 1601; x_wconf 84' lang='grc' dir='ltr'>έχον,</span> <span class='ocrx_word' id='word_1_78' title='bbox 649 1539 673 1587; x_wconf 91' lang='grc' dir='ltr'><strong>σί</strong></span> <span class='ocrx_word' id='word_1_79' title='bbox 686 1536 712 1587; x_wconf 82' lang='grc' dir='ltr'><strong>δέ</strong></span> <span class='ocrx_word' id='word_1_80' title='bbox 728 1535 846 1602; x_wconf 84' lang='grc' dir='ltr'>μαχαίρας</span> 
     </span>
     <span class='ocr_line' id='line_1_14' title="bbox 171 1608 698 1674; baseline -0.002 -14"><span class='ocrx_word' id='word_1_81' title='bbox 171 1611 245 1674; x_wconf 83' lang='grc' dir='ltr'>Εἶχον</span> <span class='ocrx_word' id='word_1_82' title='bbox 256 1609 368 1674; x_wconf 78' lang='grc' dir='ltr'>χρυσείας</span> <span class='ocrx_word' id='word_1_83' title='bbox 383 1610 406 1664; x_wconf 74' lang='grc' dir='ltr'><strong>ἐξ</strong></span> <span class='ocrx_word' id='word_1_84' title='bbox 419 1608 536 1673; x_wconf 73' lang='grc' dir='ltr'>ἀργυρέων</span> <span class='ocrx_word' id='word_1_85' title='bbox 545 1609 698 1671; x_wconf 86' lang='grc' dir='ltr'>τελαμώνων.</span> 
     </span>
    </p>
   </div>
   <div class='ocr_carea' id='block_1_6' title="bbox 59 1739 890 1910">
    <p class='ocr_par' dir='ltr' id='par_1_6' title="bbox 59 1739 890 1910">
     <span class='ocr_line' id='line_1_15' title="bbox 94 1739 890 1822; baseline -0.01 -17"><span class='ocrx_word' id='word_1_86' title='bbox 94 1745 242 1822; x_wconf 82' lang='grc' dir='ltr'>Ἡγεμόνας</span> <span class='ocrx_word' id='word_1_87' title='bbox 263 1767 291 1802; x_wconf 89' lang='grc' dir='ltr'><strong>τε</strong></span> <span class='ocrx_word' id='word_1_88' title='bbox 313 1745 359 1814; x_wconf 78' lang='grc' dir='ltr'><strong>τῆς</strong></span> <span class='ocrx_word' id='word_1_89' title='bbox 384 1743 519 1822; x_wconf 79' lang='grc' dir='ltr'>ὀρχήσεως</span> <span class='ocrx_word' id='word_1_90' title='bbox 543 1742 628 1800; x_wconf 79' lang='grc' dir='ltr'>αὐτῶν</span> <span class='ocrx_word' id='word_1_91' title='bbox 652 1739 713 1807; x_wconf 84' lang='grc' dir='ltr'>τοθς</span> <span class='ocrx_word' id='word_1_92' title='bbox 742 1739 890 1806; x_wconf 69' lang='grc' dir='ltr'>ἐνδιδόντας</span> 
     </span>
     <span class='ocr_line' id='line_1_16' title="bbox 59 1824 889 1910; baseline -0.001 -25"><span class='ocrx_word' id='word_1_93' title='bbox 59 1846 83 1886; x_wconf 80' lang='grc' dir='ltr'><strong>ιο</strong></span> <span class='ocrx_word' id='word_1_94' title='bbox 109 1839 163 1897; x_wconf 87' lang='grc' dir='ltr'>τοῖς</span> <span class='ocrx_word' id='word_1_95' title='bbox 183 1829 271 1897; x_wconf 86' lang='grc' dir='ltr'>ἄλλοις</span> <span class='ocrx_word' id='word_1_96' title='bbox 293 1828 338 1888; x_wconf 84' lang='grc' dir='ltr'><strong>καλ</strong></span> <span class='ocrx_word' id='word_1_97' title='bbox 363 1827 631 1910; x_wconf 68' lang='grc' dir='ltr'>προκαταρχομένους</span> <span class='ocrx_word' id='word_1_98' title='bbox 653 1824 784 1907; x_wconf 56' lang='lat' dir='ltr'><strong>sicciscos,</strong></span> <span class='ocrx_word' id='word_1_99' title='bbox 800 1827 889 1886; x_wconf 89' lang='grc' dir='ltr'>τοιοίδε</span> 
     </span>
    </p>
   </div>
   <div class='ocr_carea' id='block_1_7' title="bbox 109 1919 213 1999">
    <p class='ocr_par' dir='ltr' id='par_1_7' title="bbox 109 1919 213 1999">
     <span class='ocr_line' id='line_1_17' title="bbox 109 1919 213 1999; baseline 0.01 -1"><span class='ocrx_word' id='word_1_100' title='bbox 109 1919 213 1999; x_wconf 58' lang='lat' dir='ltr'><strong>trias·</strong></span> 
     </span>
    </p>
   </div>
   <div class='ocr_carea' id='block_1_8' title="bbox 174 2058 765 2265">
    <p class='ocr_par' dir='ltr' id='par_1_8' title="bbox 174 2058 765 2265">
     <span class='ocr_line' id='line_1_18' title="bbox 174 2058 751 2124; baseline -0.002 -15"><span class='ocrx_word' id='word_1_101' title='bbox 174 2061 263 2116; x_wconf 86' lang='grc' dir='ltr'>Πολλδς</span> <span class='ocrx_word' id='word_1_102' title='bbox 277 2058 298 2109; x_wconf 83' lang='grc' dir='ltr'><strong>δ’</strong></span> <span class='ocrx_word' id='word_1_103' title='bbox 310 2060 431 2122; x_wconf 79' lang='grc' dir='ltr'>ἱμερόεντα</span> <span class='ocrx_word' id='word_1_104' title='bbox 443 2060 513 2123; x_wconf 80' lang='grc' dir='ltr'>χορὸν</span> <span class='ocrx_word' id='word_1_105' title='bbox 523 2059 654 2124; x_wconf 82' lang='grc' dir='ltr'>περιίσταθ’</span> <span class='ocrx_word' id='word_1_106' title='bbox 670 2060 751 2123; x_wconf 82' lang='grc' dir='ltr'>ὅμιλος</span> 
     </span>
     <span class='ocr_line' id='line_1_19' title="bbox 174 2129 765 2195; baseline -0.005 -14"><span class='ocrx_word' id='word_1_107' title='bbox 174 2133 324 2195; x_wconf 86' lang='grc' dir='ltr'>Τερπόμενοι·</span> <span class='ocrx_word' id='word_1_108' title='bbox 339 2133 397 2181; x_wconf 88' lang='grc' dir='ltr'>δοιὼ</span> <span class='ocrx_word' id='word_1_109' title='bbox 411 2132 436 2181; x_wconf 85' lang='grc' dir='ltr'><strong>δέ</strong></span> <span class='ocrx_word' id='word_1_110' title='bbox 450 2132 607 2192; x_wconf 79' lang='grc' dir='ltr'>κυθιστητῆρε</span> <span class='ocrx_word' id='word_1_111' title='bbox 619 2130 670 2179; x_wconf 79' lang='grc' dir='ltr'>κατ’</span> <span class='ocrx_word' id='word_1_112' title='bbox 680 2129 765 2186; x_wconf 84' lang='grc' dir='ltr'>αὐτοὺς</span> 
     </span>
     <span class='ocr_line' id='line_1_20' title="bbox 176 2201 735 2265; baseline -0.009 -12"><span class='ocrx_word' id='word_1_113' title='bbox 176 2205 273 2262; x_wconf 79' lang='grc' dir='ltr'>Μολπῆς</span> <span class='ocrx_word' id='word_1_114' title='bbox 289 2203 424 2265; x_wconf 75' lang='grc' dir='ltr'>ἐξάρχοντες</span> <span class='ocrx_word' id='word_1_115' title='bbox 438 2201 540 2251; x_wconf 83' lang='grc' dir='ltr'>ἐδίνευον</span> <span class='ocrx_word' id='word_1_116' title='bbox 552 2203 614 2249; x_wconf 79' lang='grc' dir='ltr'>κατὰ</span> <span class='ocrx_word' id='word_1_117' title='bbox 623 2202 735 2263; x_wconf 79' lang='grc' dir='ltr'>μέσσους.</span> 
     </span>
    </p>
   </div>
   <div class='ocr_carea' id='block_1_9' title="bbox 57 2337 894 5267">
    <p class='ocr_par' dir='ltr' id='par_1_9' title="bbox 57 2337 892 2777">
     <span class='ocr_line' id='line_1_21' title="bbox 57 2337 889 2425; baseline -0.008 -20"><span class='ocrx_word' id='word_1_118' title='bbox 57 2376 85 2415; x_wconf 77' lang='lat'><strong>20</strong></span> <span class='ocrx_word' id='word_1_119' title='bbox 109 2347 149 2405; x_wconf 83' lang='grc' dir='ltr'><strong>Οῦ</strong></span> <span class='ocrx_word' id='word_1_120' title='bbox 158 2347 236 2424; x_wconf 88' lang='grc' dir='ltr'>μόνον</span> <span class='ocrx_word' id='word_1_121' title='bbox 249 2345 276 2404; x_wconf 80' lang='grc' dir='ltr'>δέ</span> <span class='ocrx_word' id='word_1_122' title='bbox 292 2348 321 2404; x_wconf 88' lang='grc' dir='ltr'><strong>ἐκ</strong></span> <span class='ocrx_word' id='word_1_123' title='bbox 333 2348 380 2417; x_wconf 77' lang='grc' dir='ltr'><strong>τῆς</strong></span> <span class='ocrx_word' id='word_1_124' title='bbox 395 2342 537 2425; x_wconf 79' lang='grc' dir='ltr'>ἐναγωνίου</span> <span class='ocrx_word' id='word_1_125' title='bbox 552 2366 581 2401; x_wconf 91' lang='grc' dir='ltr'><strong>τε</strong></span> <span class='ocrx_word' id='word_1_126' title='bbox 597 2341 643 2401; x_wconf 81' lang='grc' dir='ltr'><strong>καί</strong></span> <span class='ocrx_word' id='word_1_127' title='bbox 655 2337 889 2417; x_wconf 86' lang='grc' dir='ltr'>κατεσπουδασμέ·</span> 
     </span>
     <span class='ocr_line' id='line_1_22' title="bbox 111 2426 890 2514; baseline -0.01 -20"><span class='ocrx_word' id='word_1_128' title='bbox 111 2462 156 2509; x_wconf 88' lang='grc' dir='ltr'><strong>νης</strong></span> <span class='ocrx_word' id='word_1_129' title='bbox 170 2435 304 2514; x_wconf 82' lang='grc' dir='ltr'>ὀρχήσεως</span> <span class='ocrx_word' id='word_1_130' title='bbox 319 2437 371 2493; x_wconf 94' lang='grc' dir='ltr'><strong>τῶν</strong></span> <span class='ocrx_word' id='word_1_131' title='bbox 387 2436 492 2512; x_wconf 82' lang='grc' dir='ltr'>χορῶν,</span> <span class='ocrx_word' id='word_1_132' title='bbox 511 2426 528 2510; x_wconf 70' lang='grc' dir='ltr'><strong>ᾗ</strong></span> <span class='ocrx_word' id='word_1_133' title='bbox 545 2429 619 2513; x_wconf 86' lang='grc' dir='ltr'>παρδι</span> <span class='ocrx_word' id='word_1_134' title='bbox 635 2430 682 2497; x_wconf 76' lang='grc' dir='ltr'><strong>τὰς</strong></span> <span class='ocrx_word' id='word_1_135' title='bbox 698 2428 844 2503; x_wconf 85' lang='grc' dir='ltr'>θυηπολίας</span> <span class='ocrx_word' id='word_1_136' title='bbox 860 2449 890 2486; x_wconf 89' lang='grc' dir='ltr'><strong>τε</strong></span> 
     </span>
     <span class='ocr_line' id='line_1_23' title="bbox 113 2515 892 2600; baseline -0.012 -17"><span class='ocrx_word' id='word_1_137' title='bbox 113 2525 159 2583; x_wconf 83' lang='grc' dir='ltr'><strong>καί</strong></span> <span class='ocrx_word' id='word_1_138' title='bbox 181 2521 291 2598; x_wconf 87' lang='grc' dir='ltr'>πομπδις</span> <span class='ocrx_word' id='word_1_139' title='bbox 305 2522 421 2600; x_wconf 74' lang='grc' dir='ltr'>ἐχρῶντο</span> <span class='ocrx_word' id='word_1_140' title='bbox 443 2519 595 2595; x_wconf 82' lang='grc' dir='ltr'>Ῥωμαῖοι,</span> <span class='ocrx_word' id='word_1_141' title='bbox 620 2519 651 2577; x_wconf 77' lang='lat' dir='ltr'><strong>ab</strong></span> <span class='ocrx_word' id='word_1_142' title='bbox 671 2516 792 2597; x_wconf 75' lang='grc' dir='ltr'>συγγενές</span> <span class='ocrx_word' id='word_1_143' title='bbox 807 2515 839 2574; x_wconf 82' lang='grc' dir='ltr'>οἷν</span> <span class='ocrx_word' id='word_1_144' title='bbox 853 2538 892 2582; x_wconf 91' lang='grc' dir='ltr'><strong>τις</strong></span> 
     </span>
     <span class='ocr_line' id='line_1_24' title="bbox 113 2604 891 2687; baseline -0.009 -19"><span class='ocrx_word' id='word_1_145' title='bbox 113 2607 199 2668; x_wconf 82' lang='grc' dir='ltr'>αὐτῶν</span> <span class='ocrx_word' id='word_1_146' title='bbox 220 2610 250 2667; x_wconf 85' lang='grc' dir='ltr'><strong>τὸ</strong></span> <span class='ocrx_word' id='word_1_147' title='bbox 265 2609 329 2687; x_wconf 88' lang='grc' dir='ltr'>πρδς</span> <span class='ocrx_word' id='word_1_148' title='bbox 344 2606 402 2673; x_wconf 81' lang='grc' dir='ltr'>τούς</span> <span class='ocrx_word' id='word_1_149' title='bbox 424 2605 560 2678; x_wconf 81' lang='grc' dir='ltr'>Ἓλληνας</span> <span class='ocrx_word' id='word_1_150' title='bbox 575 2606 643 2685; x_wconf 73' lang='grc' dir='ltr'>ἴδοι,</span> <span class='ocrx_word' id='word_1_151' title='bbox 660 2605 729 2665; x_wconf 77' lang='grc' dir='ltr'>ἀλλὰ</span> <span class='ocrx_word' id='word_1_152' title='bbox 743 2604 789 2664; x_wconf 83' lang='grc' dir='ltr'><strong>καλ</strong></span> <span class='ocrx_word' id='word_1_153' title='bbox 804 2605 834 2662; x_wconf 77' lang='grc' dir='ltr'><strong>ἐκ</strong></span> <span class='ocrx_word' id='word_1_154' title='bbox 845 2607 891 2676; x_wconf 77' lang='grc' dir='ltr'>τ’ής</span> 
     </span>
     <span class='ocr_line' id='line_1_25' title="bbox 112 2692 891 2777; baseline -0.009 -19"><span class='ocrx_word' id='word_1_155' title='bbox 112 2698 241 2777; x_wconf 86' lang='grc' dir='ltr'>κερτόμου</span> <span class='ocrx_word' id='word_1_156' title='bbox 256 2695 301 2754; x_wconf 82' lang='grc' dir='ltr'><strong>καί</strong></span> <span class='ocrx_word' id='word_1_157' title='bbox 314 2699 488 2768; x_wconf 78' lang='grc' dir='ltr'>τωθαστικῆς.</span> <span class='ocrx_word' id='word_1_158' title='bbox 532 2694 610 2755; x_wconf 84' lang='grc' dir='ltr'>Μετδι</span> <span class='ocrx_word' id='word_1_159' title='bbox 624 2693 676 2774; x_wconf 87' lang='grc' dir='ltr'>γδιρ</span> <span class='ocrx_word' id='word_1_160' title='bbox 689 2693 748 2760; x_wconf 80' lang='grc' dir='ltr'>τοὺς</span> <span class='ocrx_word' id='word_1_161' title='bbox 759 2692 891 2760; x_wconf 82' lang='grc' dir='ltr'>ἐνοπλίους</span> 
     </span>
    </p>

    <p class='ocr_par' dir='ltr' id='par_1_10' title="bbox 57 2779 893 3218">
     <span class='ocr_line' id='line_1_26' title="bbox 57 2779 892 2868; baseline -0.006 -21"><span class='ocrx_word' id='word_1_162' title='bbox 57 2817 86 2854; x_wconf 72' lang='lat' dir='ltr'><strong>ns</strong></span> <span class='ocrx_word' id='word_1_163' title='bbox 110 2785 205 2868; x_wconf 81' lang='grc' dir='ltr'>χοροὺς</span> <span class='ocrx_word' id='word_1_164' title='bbox 222 2787 245 2842; x_wconf 86' lang='lat' dir='ltr'><strong>oi</strong></span> <span class='ocrx_word' id='word_1_165' title='bbox 258 2787 311 2842; x_wconf 89' lang='grc' dir='ltr'><strong>τῶν</strong></span> <span class='ocrx_word' id='word_1_166' title='bbox 322 2787 487 2864; x_wconf 85' lang='grc' dir='ltr'>σατυριστῶν</span> <span class='ocrx_word' id='word_1_167' title='bbox 503 2783 652 2860; x_wconf 86' lang='grc' dir='ltr'>ἐπόμπευον</span> <span class='ocrx_word' id='word_1_168' title='bbox 667 2779 754 2863; x_wconf 65' lang='grc' dir='ltr'>χοροίς</span> <span class='ocrx_word' id='word_1_169' title='bbox 764 2781 812 2854; x_wconf 81' lang='grc' dir='ltr'><strong>τὴν</strong></span> <span class='ocrx_word' id='word_1_170' title='bbox 825 2781 892 2843; x_wconf 87' lang='grc' dir='ltr'>Ἑλ-</span> 
     </span>
     <span class='ocr_line' id='line_1_27' title="bbox 111 2868 891 2952; baseline -0.008 -18"><span class='ocrx_word' id='word_1_171' title='bbox 111 2874 220 2949; x_wconf 79' lang='grc' dir='ltr'>ληνικήν</span> <span class='ocrx_word' id='word_1_172' title='bbox 242 2873 435 2952; x_wconf 79' lang='grc' dir='ltr'>εἰδοφοροῦντες</span> <span class='ocrx_word' id='word_1_173' title='bbox 456 2870 574 2932; x_wconf 89' lang='grc' dir='ltr'>σίκιννιν.</span> <span class='ocrx_word' id='word_1_174' title='bbox 633 2869 732 2929; x_wconf 84' lang='grc' dir='ltr'>Σκευαὶ</span> <span class='ocrx_word' id='word_1_175' title='bbox 755 2868 782 2927; x_wconf 78' lang='grc' dir='ltr'>δέ</span> <span class='ocrx_word' id='word_1_176' title='bbox 806 2869 891 2938; x_wconf 82' lang='grc' dir='ltr'>αὐτοῖς</span> 
     </span>
     <span class='ocr_line' id='line_1_28' title="bbox 112 2956 892 3039; baseline -0.008 -15"><span class='ocrx_word' id='word_1_177' title='bbox 112 2956 196 3038; x_wconf 67' lang='grc' dir='ltr'>ἦσαν,</span> <span class='ocrx_word' id='word_1_178' title='bbox 211 2966 266 3028; x_wconf 87' lang='grc' dir='ltr'>τοῖς</span> <span class='ocrx_word' id='word_1_179' title='bbox 290 2961 337 3039; x_wconf 81' lang='grc' dir='ltr'>μὲν</span> <span class='ocrx_word' id='word_1_180' title='bbox 361 2965 396 3028; x_wconf 90' lang='grc' dir='ltr'><strong>είς</strong></span> <span class='ocrx_word' id='word_1_181' title='bbox 424 2959 551 3034; x_wconf 79' lang='grc' dir='ltr'>Σιληνοὺς</span> <span class='ocrx_word' id='word_1_182' title='bbox 583 2961 727 3019; x_wconf 83' lang='grc' dir='ltr'>εἰκασθεῖσι</span> <span class='ocrx_word' id='word_1_183' title='bbox 758 2959 892 3035; x_wconf 78' lang='grc' dir='ltr'>μαλλωτοὶ</span> 
     </span>
     <span class='ocr_line' id='line_1_29' title="bbox 112 3045 893 3134; baseline -0.005 -23"><span class='ocrx_word' id='word_1_184' title='bbox 112 3056 236 3134; x_wconf 86' lang='grc' dir='ltr'>χιτῶνες,</span> <span class='ocrx_word' id='word_1_185' title='bbox 253 3049 295 3118; x_wconf 86' lang='grc' dir='ltr'><strong>οθς</strong></span> <span class='ocrx_word' id='word_1_186' title='bbox 306 3049 368 3110; x_wconf 82' lang='grc' dir='ltr'>ἔνιοι</span> <span class='ocrx_word' id='word_1_187' title='bbox 379 3049 518 3132; x_wconf 86' lang='grc' dir='ltr'>χορταίους</span> <span class='ocrx_word' id='word_1_188' title='bbox 529 3052 639 3109; x_wconf 90' lang='grc' dir='ltr'>καλοῦσι</span> <span class='ocrx_word' id='word_1_189' title='bbox 651 3093 660 3126; x_wconf 82' lang='lat'>‚</span> <span class='ocrx_word' id='word_1_190' title='bbox 676 3047 721 3117; x_wconf 84' lang='grc' dir='ltr'><strong>καλ</strong></span> <span class='ocrx_word' id='word_1_191' title='bbox 734 3045 893 3129; x_wconf 80' lang='grc' dir='ltr'>περιῦόλαια</span> 
     </span>
     <span class='ocr_line' id='line_1_30' title="bbox 113 3135 891 3218; baseline -0.008 -16"><span class='ocrx_word' id='word_1_192' title='bbox 113 3141 250 3208; x_wconf 78' lang='grc' dir='ltr'>ἐκπαντὸς</span> <span class='ocrx_word' id='word_1_193' title='bbox 271 3139 370 3208; x_wconf 82' lang='grc' dir='ltr'>ἄνθους·</span> <span class='ocrx_word' id='word_1_194' title='bbox 386 3142 440 3207; x_wconf 83' lang='grc' dir='ltr'>τοῖς</span> <span class='ocrx_word' id='word_1_195' title='bbox 457 3139 484 3199; x_wconf 86' lang='grc' dir='ltr'>δέ</span> <span class='ocrx_word' id='word_1_196' title='bbox 507 3143 543 3207; x_wconf 88' lang='grc' dir='ltr'><strong>είς</strong></span> <span class='ocrx_word' id='word_1_197' title='bbox 561 3138 696 3217; x_wconf 84' lang='grc' dir='ltr'>Σατύρους</span> <span class='ocrx_word' id='word_1_198' title='bbox 720 3135 891 3218; x_wconf 81' lang='grc' dir='ltr'>περιζώματα</span> 
     </span>
    </p>

    <p class='ocr_par' dir='ltr' id='par_1_11' title="bbox 60 3220 893 4110">
     <span class='ocr_line' id='line_1_31' title="bbox 60 3220 892 3319; baseline -0.004 -31"><span class='ocrx_word' id='word_1_199' title='bbox 60 3253 87 3292; x_wconf 82' lang='lat' dir='ltr'><strong>ao</strong></span> <span class='ocrx_word' id='word_1_200' title='bbox 113 3229 158 3288; x_wconf 81' lang='grc' dir='ltr'><strong>καί</strong></span> <span class='ocrx_word' id='word_1_201' title='bbox 171 3230 246 3309; x_wconf 81' lang='grc' dir='ltr'>δοραὶ</span> <span class='ocrx_word' id='word_1_202' title='bbox 256 3229 359 3310; x_wconf 88' lang='grc' dir='ltr'>τροίγων</span> <span class='ocrx_word' id='word_1_203' title='bbox 375 3230 421 3288; x_wconf 90' lang='grc' dir='ltr'><strong>καί</strong></span> <span class='ocrx_word' id='word_1_204' title='bbox 441 3227 590 3309; x_wconf 83' lang='grc' dir='ltr'>ὀρθότριχες</span> <span class='ocrx_word' id='word_1_205' title='bbox 610 3226 654 3286; x_wconf 84' lang='grc' dir='ltr'><strong>ἐπί</strong></span> <span class='ocrx_word' id='word_1_206' title='bbox 685 3226 744 3294; x_wconf 83' lang='grc' dir='ltr'>ταῖς</span> <span class='ocrx_word' id='word_1_207' title='bbox 764 3220 892 3319; x_wconf 26' lang='grc' dir='ltr'>κεριοίλαῖς</span> 
     </span>
     <span class='ocr_line' id='line_1_32' title="bbox 114 3304 890 3397; baseline -0.005 -22"><span class='ocrx_word' id='word_1_208' title='bbox 114 3316 194 3397; x_wconf 79' lang='grc' dir='ltr'>ρύύαι</span> <span class='ocrx_word' id='word_1_209' title='bbox 211 3314 257 3375; x_wconf 84' lang='grc' dir='ltr'><strong>καλ</strong></span> <span class='ocrx_word' id='word_1_210' title='bbox 282 3315 332 3375; x_wconf 78' lang='lat' dir='ltr'><strong>boa</strong></span> <span class='ocrx_word' id='word_1_211' title='bbox 346 3316 447 3382; x_wconf 87' lang='grc' dir='ltr'>τούτοις</span> <span class='ocrx_word' id='word_1_212' title='bbox 472 3313 559 3392; x_wconf 76' lang='grc' dir='ltr'>ὅμοια.</span> <span class='ocrx_word' id='word_1_213' title='bbox 603 3304 687 3374; x_wconf 64' lang='grc' dir='ltr'>Οὗτοι</span> <span class='ocrx_word' id='word_1_214' title='bbox 701 3312 890 3373; x_wconf 86' lang='grc' dir='ltr'>κατέσκωπτόν</span> 
     </span>
     <span class='ocr_line' id='line_1_33' title="bbox 114 3400 893 3481; baseline -0.005 -19"><span class='ocrx_word' id='word_1_215' title='bbox 114 3405 202 3464; x_wconf 84' lang='grc' dir='ltr'>τεκαὶ</span> <span class='ocrx_word' id='word_1_216' title='bbox 218 3409 413 3481; x_wconf 83' lang='grc' dir='ltr'>κατεμιμοῦντο</span> <span class='ocrx_word' id='word_1_217' title='bbox 427 3403 474 3471; x_wconf 78' lang='grc' dir='ltr'><strong>τίς</strong></span> <span class='ocrx_word' id='word_1_218' title='bbox 498 3401 644 3469; x_wconf 87' lang='grc' dir='ltr'>σπουδαίας</span> <span class='ocrx_word' id='word_1_219' title='bbox 665 3401 780 3475; x_wconf 73' lang='grc' dir='ltr'>κινήσεις</span> <span class='ocrx_word' id='word_1_220' title='bbox 796 3403 841 3460; x_wconf 81' lang='grc' dir='ltr'>ἐπὶ</span> <span class='ocrx_word' id='word_1_221' title='bbox 859 3400 893 3460; x_wconf 73' lang='grc' dir='ltr'><strong>τὰ</strong></span> 
     </span>
     <span class='ocr_line' id='line_1_34' title="bbox 114 3490 891 3574; baseline -0.006 -22"><span class='ocrx_word' id='word_1_222' title='bbox 114 3493 265 3574; x_wconf 79' lang='grc' dir='ltr'>γελοιότερα</span> <span class='ocrx_word' id='word_1_223' title='bbox 289 3491 488 3573; x_wconf 75' lang='grc' dir='ltr'>μεταφέροντες.</span> <span class='ocrx_word' id='word_1_224' title='bbox 534 3494 652 3563; x_wconf 87' lang='grc' dir='ltr'>Δηλοῦσι</span> <span class='ocrx_word' id='word_1_225' title='bbox 675 3490 703 3549; x_wconf 78' lang='grc' dir='ltr'><strong>δέ</strong></span> <span class='ocrx_word' id='word_1_226' title='bbox 722 3490 767 3549; x_wconf 88' lang='grc' dir='ltr'><strong>καί</strong></span> <span class='ocrx_word' id='word_1_227' title='bbox 795 3491 891 3548; x_wconf 75' lang='grc' dir='ltr'>αἰτῶν</span> 
     </span>
     <span class='ocr_line' id='line_1_35' title="bbox 116 3567 891 3660; baseline -0.008 -20"><span class='ocrx_word' id='word_1_228' title='bbox 116 3580 253 3660; x_wconf 76' lang='grc' dir='ltr'>θριάμὸων</span> <span class='ocrx_word' id='word_1_229' title='bbox 271 3582 365 3639; x_wconf 87' lang='grc' dir='ltr'>εἴσοδοι</span> <span class='ocrx_word' id='word_1_230' title='bbox 379 3579 496 3639; x_wconf 86' lang='grc' dir='ltr'>παλαιδιν</span> <span class='ocrx_word' id='word_1_231' title='bbox 509 3580 555 3639; x_wconf 84' lang='grc' dir='ltr'><strong>καί</strong></span> <span class='ocrx_word' id='word_1_232' title='bbox 570 3578 711 3660; x_wconf 83' lang='grc' dir='ltr'>ἐπιχώριον</span> <span class='ocrx_word' id='word_1_233' title='bbox 727 3567 807 3637; x_wconf 78' lang='grc' dir='ltr'>οῦσαν</span> <span class='ocrx_word' id='word_1_234' title='bbox 822 3576 891 3637; x_wconf 83' lang='grc' dir='ltr'><strong>Ῥω·</strong></span> 
     </span>
     <span class='ocr_line' id='line_1_36' title="bbox 60 3664 892 3750; baseline -0.01 -18"><span class='ocrx_word' id='word_1_235' title='bbox 60 3695 87 3732; x_wconf 84' lang='lat' dir='ltr'><strong>as</strong></span> <span class='ocrx_word' id='word_1_236' title='bbox 117 3667 203 3745; x_wconf 82' lang='grc' dir='ltr'>μαίοις</span> <span class='ocrx_word' id='word_1_237' title='bbox 216 3667 265 3741; x_wconf 70' lang='grc' dir='ltr'><strong>τήν</strong></span> <span class='ocrx_word' id='word_1_238' title='bbox 277 3667 405 3750; x_wconf 76' lang='grc' dir='ltr'>κέρτομον</span> <span class='ocrx_word' id='word_1_239' title='bbox 417 3667 462 3727; x_wconf 80' lang='grc' dir='ltr'><strong>καὶ</strong></span> <span class='ocrx_word' id='word_1_240' title='bbox 479 3669 620 3748; x_wconf 75' lang='grc' dir='ltr'>σατυρικήν</span> <span class='ocrx_word' id='word_1_241' title='bbox 637 3665 755 3726; x_wconf 82' lang='grc' dir='ltr'>παιδιάν.</span> <span class='ocrx_word' id='word_1_242' title='bbox 770 3664 892 3746; x_wconf 83' lang='grc' dir='ltr'>Ἐρεῐται</span> 
     </span>
     <span class='ocr_line' id='line_1_37' title="bbox 115 3758 889 3839; baseline -0.001 -21"><span class='ocrx_word' id='word_1_243' title='bbox 115 3759 167 3839; x_wconf 80' lang='grc' dir='ltr'><strong>γὰρ</strong></span> <span class='ocrx_word' id='word_1_244' title='bbox 191 3766 245 3825; x_wconf 86' lang='grc' dir='ltr'>τοῖς</span> <span class='ocrx_word' id='word_1_245' title='bbox 268 3758 413 3834; x_wconf 81' lang='grc' dir='ltr'>κατάγουσι</span> <span class='ocrx_word' id='word_1_246' title='bbox 433 3761 479 3829; x_wconf 74' lang='grc' dir='ltr'><strong>τὰς</strong></span> <span class='ocrx_word' id='word_1_247' title='bbox 498 3760 572 3828; x_wconf 88' lang='grc' dir='ltr'>νίκας</span> <span class='ocrx_word' id='word_1_248' title='bbox 588 3760 719 3836; x_wconf 76' lang='grc' dir='ltr'>ἰαμόίζειν</span> <span class='ocrx_word' id='word_1_249' title='bbox 735 3784 764 3820; x_wconf 84' lang='grc' dir='ltr'><strong>τι</strong></span> <span class='ocrx_word' id='word_1_250' title='bbox 778 3759 824 3820; x_wconf 82' lang='grc' dir='ltr'><strong>καί</strong></span> <span class='ocrx_word' id='word_1_251' title='bbox 838 3781 889 3818; x_wconf 89' lang='grc' dir='ltr'><strong>κα-</strong></span> 
     </span>
     <span class='ocr_line' id='line_1_38' title="bbox 114 3845 891 3934; baseline 0.004 -29"><span class='ocrx_word' id='word_1_252' title='bbox 114 3845 280 3906; x_wconf 82' lang='grc' dir='ltr'>τασκώπτειν</span> <span class='ocrx_word' id='word_1_253' title='bbox 292 3845 351 3916; x_wconf 81' lang='grc' dir='ltr'>τοὺς</span> <span class='ocrx_word' id='word_1_254' title='bbox 362 3849 582 3929; x_wconf 83' lang='grc' dir='ltr'>ἐπιφανεστάτους</span> <span class='ocrx_word' id='word_1_255' title='bbox 597 3851 694 3934; x_wconf 81' lang='grc' dir='ltr'>ἄνδρας</span> <span class='ocrx_word' id='word_1_256' title='bbox 713 3852 800 3917; x_wconf 80' lang='grc' dir='ltr'>αὐτοῖς</span> <span class='ocrx_word' id='word_1_257' title='bbox 811 3872 891 3926; x_wconf 90' lang='grc' dir='ltr'>στρα-</span> 
     </span>
     <span class='ocr_line' id='line_1_39' title="bbox 114 3936 891 4018; baseline -0.003 -22"><span class='ocrx_word' id='word_1_258' title='bbox 114 3938 241 4010; x_wconf 89' lang='grc' dir='ltr'>τηλοίταις</span> <span class='ocrx_word' id='word_1_259' title='bbox 251 3981 260 4010; x_wconf 86' lang='grc'><strong>,</strong></span> <span class='ocrx_word' id='word_1_260' title='bbox 271 3940 308 4003; x_wconf 85' lang='grc' dir='ltr'><strong>ῶς</strong></span> <span class='ocrx_word' id='word_1_261' title='bbox 323 3936 445 4018; x_wconf 81' lang='grc' dir='ltr'>Ἀθήνησι</span> <span class='ocrx_word' id='word_1_262' title='bbox 460 3946 513 4006; x_wconf 87' lang='grc' dir='ltr'>τοῖς</span> <span class='ocrx_word' id='word_1_263' title='bbox 533 3942 699 4016; x_wconf 84' lang='grc' dir='ltr'>πομπευταῖς</span> <span class='ocrx_word' id='word_1_264' title='bbox 714 3947 768 4007; x_wconf 86' lang='grc' dir='ltr'>τοῖς</span> <span class='ocrx_word' id='word_1_265' title='bbox 783 3939 891 3998; x_wconf 77' lang='grc' dir='ltr'>ἐπὶτῶν</span> 
     </span>
     <span class='ocr_line' id='line_1_40' title="bbox 115 4024 891 4110; baseline 0.001 -26"><span class='ocrx_word' id='word_1_266' title='bbox 115 4024 224 4104; x_wconf 74' lang='grc' dir='ltr'>ἁμαξῶν</span> <span class='ocrx_word' id='word_1_267' title='bbox 247 4024 371 4106; x_wconf 86' lang='grc' dir='ltr'>πρότερον</span> <span class='ocrx_word' id='word_1_268' title='bbox 387 4025 443 4104; x_wconf 71' lang='grc' dir='ltr'><strong>ἅμα</strong></span> <span class='ocrx_word' id='word_1_269' title='bbox 461 4024 537 4110; x_wconf 81' lang='grc' dir='ltr'>[τοῖς]</span> <span class='ocrx_word' id='word_1_270' title='bbox 553 4027 699 4105; x_wconf 84' lang='grc' dir='ltr'>σκώμμασι</span> <span class='ocrx_word' id='word_1_271' title='bbox 720 4024 891 4109; x_wconf 79' lang='grc' dir='ltr'>παρυχουμέ·</span> 
     </span>
    </p>

    <p class='ocr_par' dir='ltr' id='par_1_12' title="bbox 60 4105 893 4548">
     <span class='ocr_line' id='line_1_41' title="bbox 60 4105 890 4196; baseline 0.001 -24"><span class='ocrx_word' id='word_1_272' title='bbox 60 4143 88 4181; x_wconf 69' lang='lat'><strong>40</strong></span> <span class='ocrx_word' id='word_1_273' title='bbox 114 4136 182 4186; x_wconf 92' lang='grc' dir='ltr'>νοις,</span> <span class='ocrx_word' id='word_1_274' title='bbox 197 4119 241 4173; x_wconf 92' lang='grc' dir='ltr'><strong>νῦν</strong></span> <span class='ocrx_word' id='word_1_275' title='bbox 257 4114 284 4174; x_wconf 88' lang='grc' dir='ltr'>δέ</span> <span class='ocrx_word' id='word_1_276' title='bbox 299 4113 437 4190; x_wconf 84' lang='grc' dir='ltr'>ποιήματα</span> <span class='ocrx_word' id='word_1_277' title='bbox 450 4113 557 4196; x_wconf 75' lang='grc' dir='ltr'>ᾄδουσιν</span> <span class='ocrx_word' id='word_1_278' title='bbox 572 4115 742 4196; x_wconf 80' lang='grc' dir='ltr'>αὐτοσχέδια.</span> <span class='ocrx_word' id='word_1_279' title='bbox 768 4105 847 4176; x_wconf 77' lang='grc' dir='ltr'>Εἶδον</span> <span class='ocrx_word' id='word_1_280' title='bbox 863 4113 890 4175; x_wconf 79' lang='grc' dir='ltr'><strong>δὲ</strong></span> 
     </span>
     <span class='ocr_line' id='line_1_42' title="bbox 115 4202 891 4285; baseline 0.001 -24"><span class='ocrx_word' id='word_1_281' title='bbox 115 4203 159 4261; x_wconf 84' lang='grc' dir='ltr'><strong>καί</strong></span> <span class='ocrx_word' id='word_1_282' title='bbox 188 4208 215 4264; x_wconf 84' lang='grc' dir='ltr'><strong>ἐν</strong></span> <span class='ocrx_word' id='word_1_283' title='bbox 239 4205 339 4283; x_wconf 83' lang='grc' dir='ltr'>ἀνδρῶν</span> <span class='ocrx_word' id='word_1_284' title='bbox 367 4202 505 4281; x_wconf 78' lang='grc' dir='ltr'>ἐπισήμων</span> <span class='ocrx_word' id='word_1_285' title='bbox 530 4208 626 4285; x_wconf 77' lang='grc' dir='ltr'>ταραῖς</span> <span class='ocrx_word' id='word_1_286' title='bbox 649 4205 705 4282; x_wconf 80' lang='grc' dir='ltr'><strong>ἅμα</strong></span> <span class='ocrx_word' id='word_1_287' title='bbox 721 4212 778 4272; x_wconf 87' lang='grc' dir='ltr'>ταῖς</span> <span class='ocrx_word' id='word_1_288' title='bbox 800 4204 891 4270; x_wconf 72' lang='grc' dir='ltr'>ἄλλαις</span> 
     </span>
     <span class='ocr_line' id='line_1_43' title="bbox 115 4290 889 4373; baseline 0.001 -24"><span class='ocrx_word' id='word_1_289' title='bbox 115 4302 234 4368; x_wconf 83' lang='grc' dir='ltr'>πομπαῖς</span> <span class='ocrx_word' id='word_1_290' title='bbox 258 4290 469 4371; x_wconf 73' lang='grc' dir='ltr'>προηγουμένους</span> <span class='ocrx_word' id='word_1_291' title='bbox 480 4296 527 4365; x_wconf 79' lang='grc' dir='ltr'><strong>τῆς</strong></span> <span class='ocrx_word' id='word_1_292' title='bbox 542 4292 632 4366; x_wconf 88' lang='grc' dir='ltr'>κλίνης</span> <span class='ocrx_word' id='word_1_293' title='bbox 651 4291 710 4360; x_wconf 75' lang='grc' dir='ltr'>τοὺς</span> <span class='ocrx_word' id='word_1_294' title='bbox 725 4296 889 4373; x_wconf 85' lang='grc' dir='ltr'>σατυριστῶν</span> 
     </span>
     <span class='ocr_line' id='line_1_44' title="bbox 114 4379 891 4463; baseline 0.001 -25"><span class='ocrx_word' id='word_1_295' title='bbox 114 4379 208 4460; x_wconf 76' lang='grc' dir='ltr'>χοροὺς</span> <span class='ocrx_word' id='word_1_296' title='bbox 230 4379 399 4458; x_wconf 77' lang='grc' dir='ltr'>κινουμένους</span> <span class='ocrx_word' id='word_1_297' title='bbox 417 4380 464 4453; x_wconf 76' lang='grc' dir='ltr'><strong>τήν</strong></span> <span class='ocrx_word' id='word_1_298' title='bbox 488 4381 595 4441; x_wconf 86' lang='grc' dir='ltr'>σίκιννιν</span> <span class='ocrx_word' id='word_1_299' title='bbox 618 4381 746 4463; x_wconf 79' lang='grc' dir='ltr'>ὄρχησιν,</span> <span class='ocrx_word' id='word_1_300' title='bbox 773 4382 891 4456; x_wconf 77' lang='grc' dir='ltr'>μάλιστα</span> 
     </span>
     <span class='ocr_line' id='line_1_45' title="bbox 116 4467 893 4548; baseline 0.003 -23"><span class='ocrx_word' id='word_1_301' title='bbox 116 4468 137 4526; x_wconf 86' lang='grc' dir='ltr'><strong>δ’</strong></span> <span class='ocrx_word' id='word_1_302' title='bbox 151 4470 241 4538; x_wconf 83' lang='grc' dir='ltr'>ἐντοῖς</span> <span class='ocrx_word' id='word_1_303' title='bbox 254 4474 305 4529; x_wconf 89' lang='grc' dir='ltr'><strong>τῶν</strong></span> <span class='ocrx_word' id='word_1_304' title='bbox 318 4471 477 4548; x_wconf 81' lang='grc' dir='ltr'>εὐδαιμόνων</span> <span class='ocrx_word' id='word_1_305' title='bbox 490 4469 606 4543; x_wconf 80' lang='grc' dir='ltr'>κήδεσιν.</span> <span class='ocrx_word' id='word_1_306' title='bbox 647 4467 714 4533; x_wconf 84' lang='grc' dir='ltr'><strong>Ὅτι</strong></span> <span class='ocrx_word' id='word_1_307' title='bbox 728 4468 756 4530; x_wconf 74' lang='grc' dir='ltr'><strong>δὲ</strong></span> <span class='ocrx_word' id='word_1_308' title='bbox 768 4468 829 4529; x_wconf 87' lang='grc' dir='ltr'>ούτε</span> <span class='ocrx_word' id='word_1_309' title='bbox 842 4473 893 4529; x_wconf 84' lang='grc' dir='ltr'>Λι·</span> 
     </span>
    </p>

    <p class='ocr_par' dir='ltr' id='par_1_13' title="bbox 60 4558 894 4995">
     <span class='ocr_line' id='line_1_46' title="bbox 60 4558 893 4641; baseline 0.002 -27"><span class='ocrx_word' id='word_1_310' title='bbox 60 4593 87 4631; x_wconf 62' lang='lat'><strong>45</strong></span> <span class='ocrx_word' id='word_1_311' title='bbox 116 4559 185 4634; x_wconf 80' lang='grc' dir='ltr'>γόων</span> <span class='ocrx_word' id='word_1_312' title='bbox 197 4558 418 4640; x_wconf 75' lang='grc' dir='ltr'>σίτεὈμῦρικῶν</span> <span class='ocrx_word' id='word_1_313' title='bbox 431 4560 490 4621; x_wconf 85' lang='grc' dir='ltr'>οὔτε</span> <span class='ocrx_word' id='word_1_314' title='bbox 500 4559 587 4619; x_wconf 83' lang='grc' dir='ltr'>ἄλλων</span> <span class='ocrx_word' id='word_1_315' title='bbox 597 4561 673 4619; x_wconf 90' lang='grc' dir='ltr'>τινῶν</span> <span class='ocrx_word' id='word_1_316' title='bbox 688 4558 829 4641; x_wconf 76' lang='grc' dir='ltr'>βαρδιίρων</span> <span class='ocrx_word' id='word_1_317' title='bbox 840 4560 893 4616; x_wconf 90' lang='grc' dir='ltr'><strong>τῶν</strong></span> 
     </span>
     <span class='ocr_line' id='line_1_47' title="bbox 118 4642 892 4731; baseline 0.006 -30"><span class='ocrx_word' id='word_1_318' title='bbox 118 4645 144 4701; x_wconf 90' lang='grc' dir='ltr'><strong>ἐν</strong></span> <span class='ocrx_word' id='word_1_319' title='bbox 152 4642 250 4706; x_wconf 87' lang='grc' dir='ltr'>Ἰταλία</span> <span class='ocrx_word' id='word_1_320' title='bbox 262 4649 454 4709; x_wconf 83' lang='grc' dir='ltr'>κατοικούντων</span> <span class='ocrx_word' id='word_1_321' title='bbox 465 4647 564 4731; x_wconf 75' lang='grc' dir='ltr'>εὕρεμα</span> <span class='ocrx_word' id='word_1_322' title='bbox 573 4653 590 4721; x_wconf 81' lang='grc' dir='ltr'>ἡ</span> <span class='ocrx_word' id='word_1_323' title='bbox 598 4647 727 4729; x_wconf 74' lang='grc' dir='ltr'>σατυρική</span> <span class='ocrx_word' id='word_1_324' title='bbox 738 4646 833 4707; x_wconf 86' lang='grc' dir='ltr'>παιδιδι</span> <span class='ocrx_word' id='word_1_325' title='bbox 847 4647 892 4707; x_wconf 84' lang='grc' dir='ltr'><strong>καί</strong></span> 
     </span>
     <span class='ocr_line' id='line_1_48' title="bbox 118 4709 893 4818; baseline -0.008 -16"><span class='ocrx_word' id='word_1_326' title='bbox 118 4709 286 4812; x_wconf 67' lang='grc' dir='ltr'>ὀρχηστήν,</span> <span class='ocrx_word' id='word_1_327' title='bbox 302 4735 362 4797; x_wconf 82' lang='lat' dir='ltr'><strong>an’</strong></span> <span class='ocrx_word' id='word_1_328' title='bbox 380 4736 538 4812; x_wconf 52' lang='lat' dir='ltr'><strong>‘aaran</strong></span> <span class='ocrx_word' id='word_1_329' title='bbox 551 4737 676 4811; x_wconf 62' lang='lat' dir='ltr'><strong>nessii«,</strong></span> <span class='ocrx_word' id='word_1_330' title='bbox 694 4735 733 4815; x_wconf 75' lang='grc' dir='ltr'>μη</span> <span class='ocrx_word' id='word_1_331' title='bbox 749 4739 795 4797; x_wconf 70' lang='grc' dir='ltr'><strong>και</strong></span> <span class='ocrx_word' id='word_1_332' title='bbox 808 4738 893 4818; x_wconf 56' lang='lat' dir='ltr'><strong>spn-</strong></span> 
     </span>
     <span class='ocr_line' id='line_1_49' title="bbox 118 4812 894 4908; baseline 0.009 -28"><span class='ocrx_word' id='word_1_333' title='bbox 118 4823 161 4903; x_wconf 85' lang='grc' dir='ltr'><strong>ρὸς</strong></span> <span class='ocrx_word' id='word_1_334' title='bbox 171 4812 239 4880; x_wconf 81' lang='grc' dir='ltr'>εἶναί</span> <span class='ocrx_word' id='word_1_335' title='bbox 253 4847 307 4883; x_wconf 90' lang='grc' dir='ltr'>τισι</span> <span class='ocrx_word' id='word_1_336' title='bbox 322 4824 387 4895; x_wconf 80' lang='grc' dir='ltr'>δόξω</span> <span class='ocrx_word' id='word_1_337' title='bbox 402 4827 487 4908; x_wconf 77' lang='grc' dir='ltr'>λόγοις</span> <span class='ocrx_word' id='word_1_338' title='bbox 505 4828 609 4887; x_wconf 89' lang='grc' dir='ltr'>πλείοσι</span> <span class='ocrx_word' id='word_1_339' title='bbox 624 4831 783 4887; x_wconf 81' lang='grc' dir='ltr'>πιστοῦσθαι</span> <span class='ocrx_word' id='word_1_340' title='bbox 798 4828 894 4904; x_wconf 82' lang='grc' dir='ltr'>ὁμολο-</span> 
     </span>
     <span class='ocr_line' id='line_1_50' title="bbox 115 4910 547 4995; baseline 0.012 -24"><span class='ocrx_word' id='word_1_341' title='bbox 115 4910 242 4991; x_wconf 63' lang='lat' dir='ltr'><strong>palpasse</strong></span> <span class='ocrx_word' id='word_1_342' title='bbox 257 4920 368 4993; x_wconf 75' lang='grc' dir='ltr'>πρᾶγμα</span> <span class='ocrx_word' id='word_1_343' title='bbox 381 4917 547 4995; x_wconf 85' lang='grc' dir='ltr'>βουλόμενος.</span> 
     </span>
    </p>

    <p class='ocr_par' dir='ltr' id='par_1_14' title="bbox 60 4996 893 5267">
     <span class='ocr_line' id='line_1_51' title="bbox 60 4996 893 5086; baseline -0.008 -16"><span class='ocrx_word' id='word_1_344' title='bbox 60 5033 88 5072; x_wconf 88' lang='lat' dir='ltr'><strong>so</strong></span> <span class='ocrx_word' id='word_1_345' title='bbox 157 4998 234 5061; x_wconf 65' lang='grc' dir='ltr'>Μετὰ</span> <span class='ocrx_word' id='word_1_346' title='bbox 249 4996 275 5057; x_wconf 72' lang='grc' dir='ltr'>δέ</span> <span class='ocrx_word' id='word_1_347' title='bbox 290 4996 350 5066; x_wconf 57' lang='grc' dir='ltr'>τοὺς</span> <span class='ocrx_word' id='word_1_348' title='bbox 364 5000 456 5082; x_wconf 69' lang='grc' dir='ltr'>χορούς</span> <span class='ocrx_word' id='word_1_349' title='bbox 472 5002 580 5072; x_wconf 89' lang='grc' dir='ltr'>τούτους</span> <span class='ocrx_word' id='word_1_350' title='bbox 592 5004 743 5086; x_wconf 85' lang='grc' dir='ltr'>κιθαρισταί</span> <span class='ocrx_word' id='word_1_351' title='bbox 758 5028 787 5064; x_wconf 88' lang='grc' dir='ltr'><strong>τε</strong></span> <span class='ocrx_word' id='word_1_352' title='bbox 803 5004 893 5084; x_wconf 81' lang='grc' dir='ltr'>ἀθρόοι</span> 
     </span>
     <span class='ocr_line' id='line_1_52' title="bbox 115 5087 892 5174; baseline 0.006 -26"><span class='ocrx_word' id='word_1_353' title='bbox 115 5089 163 5148; x_wconf 87' lang='grc' dir='ltr'><strong>καί</strong></span> <span class='ocrx_word' id='word_1_354' title='bbox 175 5088 289 5161; x_wconf 84' lang='grc' dir='ltr'>αὐληταί</span> <span class='ocrx_word' id='word_1_355' title='bbox 298 5087 392 5148; x_wconf 84' lang='grc' dir='ltr'>πολλοί</span> <span class='ocrx_word' id='word_1_356' title='bbox 402 5090 575 5174; x_wconf 78' lang='grc' dir='ltr'>παριξήεσαν·</span> <span class='ocrx_word' id='word_1_357' title='bbox 591 5094 637 5155; x_wconf 81' lang='grc' dir='ltr'><strong>καί</strong></span> <span class='ocrx_word' id='word_1_358' title='bbox 647 5093 706 5170; x_wconf 85' lang='grc' dir='ltr'>μετ’</span> <span class='ocrx_word' id='word_1_359' title='bbox 718 5094 811 5162; x_wconf 78' lang='grc' dir='ltr'>αὐτοὺς</span> <span class='ocrx_word' id='word_1_360' title='bbox 825 5092 853 5154; x_wconf 83' lang='grc' dir='ltr'><strong>σί</strong></span> <span class='ocrx_word' id='word_1_361' title='bbox 862 5116 892 5153; x_wconf 87' lang='grc' dir='ltr'><strong>τε</strong></span> 
     </span>
     <span class='ocr_line' id='line_1_53' title="bbox 115 5170 891 5267; baseline 0.01 -30"><span class='ocrx_word' id='word_1_362' title='bbox 115 5175 148 5234; x_wconf 73' lang='grc' dir='ltr'><strong>τὰ</strong></span> <span class='ocrx_word' id='word_1_363' title='bbox 164 5177 326 5259; x_wconf 83' lang='grc' dir='ltr'>θυμιατήρια</span> <span class='ocrx_word' id='word_1_364' title='bbox 335 5175 496 5257; x_wconf 75' lang='grc' dir='ltr'>κομίζοντος,</span> <span class='ocrx_word' id='word_1_365' title='bbox 506 5179 546 5265; x_wconf 82' lang='grc' dir='ltr'><strong>ἐρ’</strong></span> <span class='ocrx_word' id='word_1_366' title='bbox 557 5170 596 5241; x_wconf 80' lang='grc' dir='ltr'><strong>ῶν</strong></span> <span class='ocrx_word' id='word_1_367' title='bbox 609 5181 743 5267; x_wconf 74' lang='grc' dir='ltr'>ἐρύματα</span> <span class='ocrx_word' id='word_1_368' title='bbox 754 5182 802 5244; x_wconf 83' lang='grc' dir='ltr'><strong>καί</strong></span> <span class='ocrx_word' id='word_1_369' title='bbox 811 5181 891 5246; x_wconf 67' lang='lat' dir='ltr'><strong>teta·</strong></span> 
     </span>
    </p>
   </div>
   <div class='ocr_carea' id='block_1_10' title="bbox 181 5383 206 5623">
    <p class='ocr_par' dir='ltr' id='par_1_15' title="bbox 181 5383 206 5623">
     <span class='ocr_line' id='line_1_54' title="bbox 181 5383 206 5623; baseline 0 0"><span class='ocrx_word' id='word_1_370' title='bbox 181 5383 206 5623; x_wconf 88' lang='lat' dir='ltr'><strong>t</strong></span> 
     </span>
    </p>
   </div>
   <div class='ocr_carea' id='block_1_11' title="bbox 41 5682 188 5787">
    <p class='ocr_par' dir='ltr' id='par_1_16' title="bbox 41 5682 188 5787">
     <span class='ocr_line' id='line_1_55' title="bbox 41 5682 188 5787; baseline 0 0"><span class='ocrx_word' id='word_1_371' title='bbox 41 5682 188 5787; x_wconf 84' lang='grc' dir='ltr'>..ί</span> 
     </span>
    </p>
   </div>
   <div class='ocr_carea' id='block_1_12' title="bbox 941 480 1717 540">
    <p class='ocr_par' dir='ltr' id='par_1_17' title="bbox 941 480 1717 540">
     <span class='ocr_line' id='line_1_56' title="bbox 941 480 1717 540; baseline 0.008 -11"><span class='ocrx_word' id='word_1_372' title='bbox 941 490 1069 538; x_wconf 73' lang='grc' dir='ltr'>Εςιυιευε</span> <span class='ocrx_word' id='word_1_373' title='bbox 1103 480 1176 529; x_wconf 89' lang='lat' dir='ltr'><strong>aliam</strong></span> <span class='ocrx_word' id='word_1_374' title='bbox 1196 481 1311 530; x_wconf 79' lang='lat' dir='ltr'><strong>choream</strong></span> <span class='ocrx_word' id='word_1_375' title='bbox 1333 480 1473 540; x_wconf 75' lang='lat' dir='ltr'><strong>Creticam,</strong></span> <span class='ocrx_word' id='word_1_376' title='bbox 1497 493 1529 531; x_wconf 79' lang='lat' dir='ltr'><strong>ex</strong></span> <span class='ocrx_word' id='word_1_377' title='bbox 1543 480 1672 532; x_wconf 77' lang='lat' dir='ltr'><strong>iuvenibus</strong></span> <span class='ocrx_word' id='word_1_378' title='bbox 1691 489 1717 535; x_wconf 88' lang='lat' dir='ltr'><strong>et</strong></span> 
     </span>
    </p>
   </div>
   <div class='ocr_carea' id='block_1_13' title="bbox 920 557 1716 623">
    <p class='ocr_par' dir='ltr' id='par_1_18' title="bbox 920 557 1716 623">
     <span class='ocr_line' id='line_1_57' title="bbox 920 557 1716 623; baseline 0.006 -16"><span class='ocrx_word' id='word_1_379' title='bbox 920 559 923 563; x_wconf 79' lang='grc'><em>’</em></span> <span class='ocrx_word' id='word_1_380' title='bbox 942 558 1076 623; x_wconf 78' lang='lat' dir='ltr'><strong>virginibus</strong></span> <span class='ocrx_word' id='word_1_381' title='bbox 1090 562 1257 617; x_wconf 74' lang='lat' dir='ltr'><strong>constantem,</strong></span> <span class='ocrx_word' id='word_1_382' title='bbox 1276 557 1300 606; x_wconf 94' lang='lat' dir='ltr'><strong>in</strong></span> <span class='ocrx_word' id='word_1_383' title='bbox 1318 558 1404 607; x_wconf 88' lang='lat' dir='ltr'><strong>eodem</strong></span> <span class='ocrx_word' id='word_1_384' title='bbox 1424 558 1511 622; x_wconf 80' lang='lat' dir='ltr'><strong>clypco</strong></span> <span class='ocrx_word' id='word_1_385' title='bbox 1524 557 1637 610; x_wconf 83' lang='lat' dir='ltr'><strong>caelatam</strong></span> <span class='ocrx_word' id='word_1_386' title='bbox 1651 562 1716 612; x_wconf 90' lang='lat' dir='ltr'><strong>indi·</strong></span> 
     </span>
    </p>
   </div>
   <div class='ocr_carea' id='block_1_14' title="bbox 941 637 1159 702">
    <p class='ocr_par' dir='ltr' id='par_1_19' title="bbox 941 637 1159 702">
     <span class='ocr_line' id='line_1_58' title="bbox 941 637 1159 702; baseline -0.014 -13"><span class='ocrx_word' id='word_1_387' title='bbox 941 652 1015 702; x_wconf 90' lang='lat' dir='ltr'><strong>caus,</strong></span> <span class='ocrx_word' id='word_1_388' title='bbox 1030 638 1064 688; x_wconf 91' lang='lat' dir='ltr'><strong>sic</strong></span> <span class='ocrx_word' id='word_1_389' title='bbox 1077 637 1140 687; x_wconf 84' lang='lat' dir='ltr'><strong>dixit</strong></span> <span class='ocrx_word' id='word_1_390' title='bbox 1154 658 1159 685; x_wconf 89' lang='lat'>:</span> 
     </span>
    </p>
   </div>
   <div class='ocr_carea' id='block_1_15' title="bbox 996 795 1685 1127">
    <p class='ocr_par' dir='ltr' id='par_1_20' title="bbox 996 795 1685 987">
     <span class='ocr_line' id='line_1_59' title="bbox 996 795 1685 863; baseline 0 -23"><span class='ocrx_word' id='word_1_391' title='bbox 996 797 1027 841; x_wconf 89' lang='lat' dir='ltr'><strong>ln</strong></span> <span class='ocrx_word' id='word_1_392' title='bbox 1038 809 1064 840; x_wconf 85' lang='lat' dir='ltr'><strong>en</strong></span> <span class='ocrx_word' id='word_1_393' title='bbox 1075 797 1156 851; x_wconf 79' lang='lat' dir='ltr'><strong>clypeo</strong></span> <span class='ocrx_word' id='word_1_394' title='bbox 1165 795 1261 838; x_wconf 79' lang='lat' dir='ltr'><strong>eliorum</strong></span> <span class='ocrx_word' id='word_1_395' title='bbox 1272 795 1427 850; x_wconf 74' lang='lat' dir='ltr'><strong>insculpserat</strong></span> <span class='ocrx_word' id='word_1_396' title='bbox 1440 796 1543 851; x_wconf 75' lang='lat' dir='ltr'><strong>inclytus</strong></span> <span class='ocrx_word' id='word_1_397' title='bbox 1556 796 1685 863; x_wconf 62' lang='lat' dir='ltr'><strong>Vulcanus,</strong></span> 
     </span>
     <span class='ocr_line' id='line_1_60' title="bbox 997 863 1579 920; baseline -0.003 -11"><span class='ocrx_word' id='word_1_398' title='bbox 997 865 1027 909; x_wconf 79' lang='lat' dir='ltr'><strong>lla</strong></span> <span class='ocrx_word' id='word_1_399' title='bbox 1037 864 1152 914; x_wconf 84' lang='lat' dir='ltr'><strong>similem,</strong></span> <span class='ocrx_word' id='word_1_400' title='bbox 1168 875 1235 919; x_wconf 82' lang='lat' dir='ltr'><strong>quem</strong></span> <span class='ocrx_word' id='word_1_401' title='bbox 1246 863 1364 918; x_wconf 79' lang='lat' dir='ltr'><strong>quondam</strong></span> <span class='ocrx_word' id='word_1_402' title='bbox 1377 864 1492 909; x_wconf 75' lang='lat' dir='ltr'><strong>incnussu</strong></span> <span class='ocrx_word' id='word_1_403' title='bbox 1500 864 1579 920; x_wconf 86' lang='lat' dir='ltr'><strong>ampla</strong></span> 
     </span>
     <span class='ocr_line' id='line_1_61' title="bbox 998 932 1542 987; baseline -0.002 -9"><span class='ocrx_word' id='word_1_404' title='bbox 998 934 1111 978; x_wconf 76' lang='lat' dir='ltr'><strong>Daunius</strong></span> <span class='ocrx_word' id='word_1_405' title='bbox 1123 932 1236 977; x_wconf 74' lang='lat' dir='ltr'><strong>instruxit</strong></span> <span class='ocrx_word' id='word_1_406' title='bbox 1245 932 1409 987; x_wconf 80' lang='lat' dir='ltr'><strong>putctricome</strong></span> <span class='ocrx_word' id='word_1_407' title='bbox 1419 934 1542 978; x_wconf 72' lang='lat' dir='ltr'><strong>Ariadna».</strong></span> 
     </span>
    </p>

    <p class='ocr_par' dir='ltr' id='par_1_21' title="bbox 998 1001 1653 1127">
     <span class='ocr_line' id='line_1_62' title="bbox 998 1001 1653 1058; baseline 0.006 -12"><span class='ocrx_word' id='word_1_408' title='bbox 998 1002 1042 1047; x_wconf 85' lang='lat' dir='ltr'><strong>Hac</strong></span> <span class='ocrx_word' id='word_1_409' title='bbox 1052 1006 1075 1046; x_wconf 87' lang='lat' dir='ltr'><strong>et</strong></span> <span class='ocrx_word' id='word_1_410' title='bbox 1084 1004 1178 1046; x_wconf 83' lang='lat' dir='ltr'><strong>iuvenes</strong></span> <span class='ocrx_word' id='word_1_411' title='bbox 1187 1005 1210 1045; x_wconf 89' lang='lat' dir='ltr'><strong>ct</strong></span> <span class='ocrx_word' id='word_1_412' title='bbox 1221 1002 1325 1058; x_wconf 70' lang='lat' dir='ltr'><strong>viraines</strong></span> <span class='ocrx_word' id='word_1_413' title='bbox 1339 1001 1443 1057; x_wconf 72' lang='lat' dir='ltr'><strong>elepanti</strong></span> <span class='ocrx_word' id='word_1_414' title='bbox 1453 1003 1533 1056; x_wconf 76' lang='lat' dir='ltr'><strong>forma</strong></span> <span class='ocrx_word' id='word_1_415' title='bbox 1548 1003 1653 1058; x_wconf 71' lang='lat' dir='ltr'><strong>prauae</strong></span> 
     </span>
     <span class='ocr_line' id='line_1_63' title="bbox 998 1071 1518 1127; baseline -0.012 -8"><span class='ocrx_word' id='word_1_416' title='bbox 998 1072 1136 1127; x_wconf 71' lang='lat' dir='ltr'><strong>saltabant,</strong></span> <span class='ocrx_word' id='word_1_417' title='bbox 1144 1084 1230 1117; x_wconf 78' lang='lat' dir='ltr'><strong>manus</strong></span> <span class='ocrx_word' id='word_1_418' title='bbox 1241 1071 1286 1116; x_wconf 83' lang='lat' dir='ltr'><strong>sibi</strong></span> <span class='ocrx_word' id='word_1_419' title='bbox 1296 1072 1397 1117; x_wconf 82' lang='lat' dir='ltr'><strong>inuicem</strong></span> <span class='ocrx_word' id='word_1_420' title='bbox 1410 1076 1518 1117; x_wconf 82' lang='lat' dir='ltr'><strong>tenentes.</strong></span> 
     </span>
    </p>
   </div>
   <div class='ocr_carea' id='block_1_16' title="bbox 944 1220 1718 1363">
    <p class='ocr_par' dir='ltr' id='par_1_22' title="bbox 944 1220 1718 1363">
     <span class='ocr_line' id='line_1_64' title="bbox 944 1220 1718 1285; baseline -0.005 -8"><span class='ocrx_word' id='word_1_421' title='bbox 944 1226 1096 1277; x_wconf 65' lang='lat' dir='ltr'><strong>reinmarum</strong></span> <span class='ocrx_word' id='word_1_422' title='bbox 1109 1225 1163 1274; x_wconf 90' lang='lat' dir='ltr'><strong>eius</strong></span> <span class='ocrx_word' id='word_1_423' title='bbox 1181 1235 1315 1284; x_wconf 88' lang='lat' dir='ltr'><strong>enarrans,</strong></span> <span class='ocrx_word' id='word_1_424' title='bbox 1328 1225 1356 1271; x_wconf 92' lang='lat' dir='ltr'><strong>ut</strong></span> <span class='ocrx_word' id='word_1_425' title='bbox 1371 1220 1440 1273; x_wconf 88' lang='lat' dir='ltr'><strong>nobis</strong></span> <span class='ocrx_word' id='word_1_426' title='bbox 1452 1221 1572 1285; x_wconf 79' lang='lat' dir='ltr'><strong>declaret,</strong></span> <span class='ocrx_word' id='word_1_427' title='bbox 1585 1238 1666 1275; x_wconf 81' lang='lat' dir='ltr'><strong>mares</strong></span> <span class='ocrx_word' id='word_1_428' title='bbox 1679 1241 1718 1274; x_wconf 82' lang='lat' dir='ltr'><strong>ar-</strong></span> 
     </span>
     <span class='ocr_line' id='line_1_65' title="bbox 945 1300 1320 1363; baseline -0.024 -8"><span class='ocrx_word' id='word_1_429' title='bbox 945 1307 1026 1355; x_wconf 90' lang='lat' dir='ltr'><strong>matos</strong></span> <span class='ocrx_word' id='word_1_430' title='bbox 1037 1304 1157 1363; x_wconf 78' lang='lat' dir='ltr'><strong>saltasse,</strong></span> <span class='ocrx_word' id='word_1_431' title='bbox 1171 1300 1225 1351; x_wconf 82' lang='lat' dir='ltr'><strong>lraec</strong></span> <span class='ocrx_word' id='word_1_432' title='bbox 1235 1300 1296 1351; x_wconf 88' lang='lat' dir='ltr'><strong>dicit</strong></span> <span class='ocrx_word' id='word_1_433' title='bbox 1313 1315 1320 1346; x_wconf 75' lang='grc' dir='ltr'>ι</span> 
     </span>
    </p>
   </div>
   <div class='ocr_carea' id='block_1_17' title="bbox 997 1534 1722 1660">
    <p class='ocr_par' dir='ltr' id='par_1_23' title="bbox 997 1534 1722 1660">
     <span class='ocr_line' id='line_1_66' title="bbox 997 1534 1722 1592; baseline -0.001 -13"><span class='ocrx_word' id='word_1_434' title='bbox 997 1537 1075 1592; x_wconf 80' lang='lat' dir='ltr'><strong>Atque</strong></span> <span class='ocrx_word' id='word_1_435' title='bbox 1088 1535 1137 1579; x_wconf 77' lang='lat' dir='ltr'><strong>alla</strong></span> <span class='ocrx_word' id='word_1_436' title='bbox 1146 1534 1261 1591; x_wconf 70' lang='lat' dir='ltr'><strong>putens-aa</strong></span> <span class='ocrx_word' id='word_1_437' title='bbox 1270 1547 1367 1579; x_wconf 79' lang='grc' dir='ltr'>οονοιιιισ</span> <span class='ocrx_word' id='word_1_438' title='bbox 1378 1534 1509 1579; x_wconf 79' lang='lat' dir='ltr'><strong>laubabunt:</strong></span> <span class='ocrx_word' id='word_1_439' title='bbox 1520 1536 1558 1581; x_wconf 89' lang='lat' dir='ltr'><strong>ilii</strong></span> <span class='ocrx_word' id='word_1_440' title='bbox 1568 1549 1621 1579; x_wconf 81' lang='lat' dir='ltr'><strong>ucru</strong></span> <span class='ocrx_word' id='word_1_441' title='bbox 1628 1536 1722 1592; x_wconf 71' lang='lat' dir='ltr'><strong>alodios</strong></span> 
     </span>
     <span class='ocr_line' id='line_1_67' title="bbox 1000 1603 1633 1660; baseline -0.002 -12"><span class='ocrx_word' id='word_1_442' title='bbox 1000 1603 1127 1648; x_wconf 70' lang='grc' dir='ltr'>θεειοῦται</span> <span class='ocrx_word' id='word_1_443' title='bbox 1136 1616 1219 1648; x_wconf 83' lang='lat' dir='ltr'><strong>aureos</strong></span> <span class='ocrx_word' id='word_1_444' title='bbox 1231 1615 1260 1647; x_wconf 77' lang='lat' dir='ltr'><strong>ec</strong></span> <span class='ocrx_word' id='word_1_445' title='bbox 1274 1604 1392 1660; x_wconf 72' lang='lat' dir='ltr'><strong>cruentata</strong></span> <span class='ocrx_word' id='word_1_446' title='bbox 1404 1604 1488 1648; x_wconf 85' lang='lat' dir='ltr'><strong>balteis</strong></span> <span class='ocrx_word' id='word_1_447' title='bbox 1501 1605 1633 1660; x_wconf 76' lang='lat' dir='ltr'><strong>pendentes.</strong></span> 
     </span>
    </p>
   </div>
   <div class='ocr_carea' id='block_1_18' title="bbox 945 1727 1724 1873">
    <p class='ocr_par' dir='ltr' id='par_1_24' title="bbox 945 1727 1724 1873">
     <span class='ocr_line' id='line_1_68' title="bbox 948 1727 1724 1792; baseline 0.001 -15"><span class='ocrx_word' id='word_1_448' title='bbox 948 1740 978 1788; x_wconf 72' lang='lat' dir='ltr'><strong>[t</strong></span> <span class='ocrx_word' id='word_1_449' title='bbox 991 1729 1154 1792; x_wconf 82' lang='lat' dir='ltr'><strong>praesultores</strong></span> <span class='ocrx_word' id='word_1_450' title='bbox 1172 1742 1272 1788; x_wconf 89' lang='lat' dir='ltr'><strong>eorum,</strong></span> <span class='ocrx_word' id='word_1_451' title='bbox 1292 1728 1335 1790; x_wconf 85' lang='lat' dir='ltr'><strong>qui</strong></span> <span class='ocrx_word' id='word_1_452' title='bbox 1348 1728 1461 1778; x_wconf 90' lang='lat' dir='ltr'><strong>modulos</strong></span> <span class='ocrx_word' id='word_1_453' title='bbox 1479 1728 1533 1778; x_wconf 90' lang='lat' dir='ltr'><strong>aliis</strong></span> <span class='ocrx_word' id='word_1_454' title='bbox 1551 1727 1684 1792; x_wconf 79' lang='lat' dir='ltr'><strong>praeibant,</strong></span> <span class='ocrx_word' id='word_1_455' title='bbox 1698 1731 1724 1778; x_wconf 91' lang='lat' dir='ltr'><strong>et</strong></span> 
     </span>
     <span class='ocr_line' id='line_1_69' title="bbox 945 1807 1566 1873; baseline -0.006 -15"><span class='ocrx_word' id='word_1_456' title='bbox 945 1812 1028 1859; x_wconf 88' lang='lat' dir='ltr'><strong>motus</strong></span> <span class='ocrx_word' id='word_1_457' title='bbox 1036 1808 1109 1873; x_wconf 91' lang='lat' dir='ltr'><strong>primi</strong></span> <span class='ocrx_word' id='word_1_458' title='bbox 1121 1807 1227 1868; x_wconf 91' lang='lat' dir='ltr'><strong>dabant,</strong></span> <span class='ocrx_word' id='word_1_459' title='bbox 1239 1807 1374 1868; x_wconf 89' lang='lat' dir='ltr'><strong>inducens,</strong></span> <span class='ocrx_word' id='word_1_460' title='bbox 1393 1807 1448 1858; x_wconf 85' lang='lat' dir='ltr'><strong>haec</strong></span> <span class='ocrx_word' id='word_1_461' title='bbox 1462 1808 1547 1858; x_wconf 77' lang='lat' dir='ltr'><strong>scribit</strong></span> <span class='ocrx_word' id='word_1_462' title='bbox 1559 1823 1566 1854; x_wconf 76' lang='grc' dir='ltr'>ι</span> 
     </span>
    </p>
   </div>
   <div class='ocr_carea' id='block_1_19' title="bbox 976 2034 1724 2234">
    <p class='ocr_par' dir='ltr' id='par_1_25' title="bbox 976 2034 1724 2234">
     <span class='ocr_line' id='line_1_70' title="bbox 1001 2034 1671 2091; baseline -0.001 -11"><span class='ocrx_word' id='word_1_463' title='bbox 1001 2037 1090 2091; x_wconf 82' lang='grc' dir='ltr'>Ιορεκε</span> <span class='ocrx_word' id='word_1_464' title='bbox 1099 2034 1229 2079; x_wconf 81' lang='lat' dir='ltr'><strong>iucundam</strong></span> <span class='ocrx_word' id='word_1_465' title='bbox 1243 2034 1352 2079; x_wconf 71' lang='lat' dir='ltr'><strong>chonam</strong></span> <span class='ocrx_word' id='word_1_466' title='bbox 1362 2036 1531 2080; x_wconf 69' lang='lat' dir='ltr'><strong>circumstabat</strong></span> <span class='ocrx_word' id='word_1_467' title='bbox 1540 2036 1671 2080; x_wconf 81' lang='lat' dir='ltr'><strong>marttitudo</strong></span> 
     </span>
     <span class='ocr_line' id='line_1_71' title="bbox 976 2106 1659 2177; baseline -0.003 -25"><span class='ocrx_word' id='word_1_468' title='bbox 976 2173 978 2177; x_wconf 17' lang='grc' dir='ltr'><strong><em>ι</em></strong></span> <span class='ocrx_word' id='word_1_469' title='bbox 1002 2107 1150 2152; x_wconf 85' lang='lat' dir='ltr'><strong>Oblccluntes</strong></span> <span class='ocrx_word' id='word_1_470' title='bbox 1163 2119 1211 2150; x_wconf 83' lang='lat' dir='ltr'><strong>sese</strong></span> <span class='ocrx_word' id='word_1_471' title='bbox 1223 2119 1231 2149; x_wconf 86' lang='lat'><em>:</em></span> <span class='ocrx_word' id='word_1_472' title='bbox 1243 2106 1291 2150; x_wconf 88' lang='lat' dir='ltr'><strong>duo</strong></span> <span class='ocrx_word' id='word_1_473' title='bbox 1302 2110 1383 2151; x_wconf 84' lang='lat' dir='ltr'><strong>autern</strong></span> <span class='ocrx_word' id='word_1_474' title='bbox 1394 2106 1517 2150; x_wconf 78' lang='lat' dir='ltr'><strong>saltatores</strong></span> <span class='ocrx_word' id='word_1_475' title='bbox 1528 2107 1591 2150; x_wconf 86' lang='lat' dir='ltr'><strong>inter</strong></span> <span class='ocrx_word' id='word_1_476' title='bbox 1599 2107 1659 2163; x_wconf 85' lang='lat' dir='ltr'><strong>ipsos</strong></span> 
     </span>
     <span class='ocr_line' id='line_1_72' title="bbox 1003 2176 1724 2234; baseline 0.003 -12"><span class='ocrx_word' id='word_1_477' title='bbox 1003 2179 1103 2222; x_wconf 81' lang='lat' dir='ltr'><strong>Carmen</strong></span> <span class='ocrx_word' id='word_1_478' title='bbox 1109 2177 1241 2234; x_wconf 68' lang='lat' dir='ltr'><strong>meabant,</strong></span> <span class='ocrx_word' id='word_1_479' title='bbox 1253 2180 1275 2221; x_wconf 88' lang='lat' dir='ltr'><strong>et</strong></span> <span class='ocrx_word' id='word_1_480' title='bbox 1283 2177 1309 2221; x_wconf 87' lang='lat' dir='ltr'><strong>ln</strong></span> <span class='ocrx_word' id='word_1_481' title='bbox 1321 2189 1409 2233; x_wconf 71' lang='lat' dir='ltr'><strong>aprum</strong></span> <span class='ocrx_word' id='word_1_482' title='bbox 1420 2177 1544 2222; x_wconf 87' lang='lat' dir='ltr'><strong>saltabant</strong></span> <span class='ocrx_word' id='word_1_483' title='bbox 1554 2176 1617 2220; x_wconf 88' lang='lat' dir='ltr'><strong>inter</strong></span> <span class='ocrx_word' id='word_1_484' title='bbox 1627 2178 1724 2224; x_wconf 83' lang='lat' dir='ltr'><strong>medios.</strong></span> 
     </span>
    </p>
   </div>
   <div class='ocr_carea' id='block_1_20' title="bbox 946 2352 1786 3654">
    <p class='ocr_par' dir='ltr' id='par_1_26' title="bbox 946 2352 1786 3654">
     <span class='ocr_line' id='line_1_73' title="bbox 946 2352 1724 2419; baseline 0.003 -15"><span class='ocrx_word' id='word_1_485' title='bbox 946 2356 996 2404; x_wconf 81' lang='lat' dir='ltr'><strong>Nec</strong></span> <span class='ocrx_word' id='word_1_486' title='bbox 1009 2353 1090 2406; x_wconf 92' lang='lat' dir='ltr'><strong>solum</strong></span> <span class='ocrx_word' id='word_1_487' title='bbox 1105 2367 1135 2403; x_wconf 85' lang='lat' dir='ltr'><strong>ex</strong></span> <span class='ocrx_word' id='word_1_488' title='bbox 1155 2355 1202 2404; x_wconf 89' lang='lat' dir='ltr'><strong>isto</strong></span> <span class='ocrx_word' id='word_1_489' title='bbox 1223 2352 1361 2404; x_wconf 87' lang='lat' dir='ltr'><strong>saltationis</strong></span> <span class='ocrx_word' id='word_1_490' title='bbox 1380 2357 1483 2404; x_wconf 77' lang='lat' dir='ltr'><strong>cunata</strong></span> <span class='ocrx_word' id='word_1_491' title='bbox 1497 2357 1631 2406; x_wconf 86' lang='lat' dir='ltr'><strong>certamino</strong></span> <span class='ocrx_word' id='word_1_492' title='bbox 1657 2356 1724 2419; x_wconf 83' lang='lat' dir='ltr'><strong>quod</strong></span> 
     </span>
     <span class='ocr_line' id='line_1_74' title="bbox 947 2442 1725 2511; baseline 0.003 -18"><span class='ocrx_word' id='word_1_493' title='bbox 947 2443 1016 2493; x_wconf 89' lang='lat' dir='ltr'><strong>chori</strong></span> <span class='ocrx_word' id='word_1_494' title='bbox 1026 2443 1188 2507; x_wconf 79' lang='lat' dir='ltr'><strong>exercebant,</strong></span> <span class='ocrx_word' id='word_1_495' title='bbox 1202 2445 1228 2492; x_wconf 91' lang='lat' dir='ltr'><strong>et</strong></span> <span class='ocrx_word' id='word_1_496' title='bbox 1239 2457 1289 2506; x_wconf 90' lang='lat' dir='ltr'><strong>quo</strong></span> <span class='ocrx_word' id='word_1_497' title='bbox 1302 2442 1405 2494; x_wconf 81' lang='lat' dir='ltr'><strong>hamam</strong></span> <span class='ocrx_word' id='word_1_498' title='bbox 1418 2444 1443 2493; x_wconf 92' lang='lat' dir='ltr'><strong>iu</strong></span> <span class='ocrx_word' id='word_1_499' title='bbox 1456 2445 1581 2494; x_wconf 87' lang='lat' dir='ltr'><strong>sacriticiis</strong></span> <span class='ocrx_word' id='word_1_500' title='bbox 1591 2448 1617 2496; x_wconf 89' lang='lat' dir='ltr'><strong>et</strong></span> <span class='ocrx_word' id='word_1_501' title='bbox 1630 2447 1725 2511; x_wconf 88' lang='lat' dir='ltr'><strong>pompis</strong></span> 
     </span>
     <span class='ocr_line' id='line_1_75' title="bbox 948 2521 1723 2595; baseline 0 -12"><span class='ocrx_word' id='word_1_502' title='bbox 948 2531 1090 2593; x_wconf 84' lang='lat' dir='ltr'><strong>utebantur,</strong></span> <span class='ocrx_word' id='word_1_503' title='bbox 1106 2545 1194 2582; x_wconf 89' lang='lat' dir='ltr'><strong>corum</strong></span> <span class='ocrx_word' id='word_1_504' title='bbox 1208 2544 1266 2581; x_wconf 90' lang='lat' dir='ltr'><strong>curn</strong></span> <span class='ocrx_word' id='word_1_505' title='bbox 1279 2531 1372 2580; x_wconf 76' lang='lat' dir='ltr'><strong>Graecis</strong></span> <span class='ocrx_word' id='word_1_506' title='bbox 1388 2521 1723 2595; x_wconf 53' lang='lat' dir='ltr'><strong>cognatioucm&#39;cognoscere</strong></span> 
     </span>
     <span class='ocr_line' id='line_1_76' title="bbox 947 2619 1725 2686; baseline 0 -15"><span class='ocrx_word' id='word_1_507' title='bbox 947 2621 1027 2686; x_wconf 89' lang='lat' dir='ltr'><strong>possis</strong></span> <span class='ocrx_word' id='word_1_508' title='bbox 1048 2635 1135 2672; x_wconf 84' lang='lat' dir='ltr'><strong>verum</strong></span> <span class='ocrx_word' id='word_1_509' title='bbox 1154 2621 1229 2671; x_wconf 87' lang='lat' dir='ltr'><strong>etiam</strong></span> <span class='ocrx_word' id='word_1_510' title='bbox 1244 2634 1276 2670; x_wconf 83' lang='lat' dir='ltr'><strong>ex</strong></span> <span class='ocrx_word' id='word_1_511' title='bbox 1287 2620 1330 2670; x_wconf 91' lang='lat' dir='ltr'><strong>illo</strong></span> <span class='ocrx_word' id='word_1_512' title='bbox 1343 2619 1496 2671; x_wconf 83' lang='lat' dir='ltr'><strong>cavillatoria</strong></span> <span class='ocrx_word' id='word_1_513' title='bbox 1511 2622 1537 2670; x_wconf 89' lang='lat' dir='ltr'><strong>et</strong></span> <span class='ocrx_word' id='word_1_514' title='bbox 1548 2619 1659 2670; x_wconf 88' lang='lat' dir='ltr'><strong>mordaci</strong></span> <span class='ocrx_word' id='word_1_515' title='bbox 1676 2621 1725 2671; x_wconf 88' lang='lat' dir='ltr'><strong>sal·</strong></span> 
     </span>
     <span class='ocr_line' id='line_1_77' title="bbox 947 2706 1726 2774; baseline 0.001 -17"><span class='ocrx_word' id='word_1_516' title='bbox 947 2707 1016 2757; x_wconf 87' lang='lat' dir='ltr'><strong>tandi</strong></span> <span class='ocrx_word' id='word_1_517' title='bbox 1027 2721 1123 2774; x_wconf 82' lang='lat' dir='ltr'><strong>genere.</strong></span> <span class='ocrx_word' id='word_1_518' title='bbox 1157 2710 1220 2758; x_wconf 84' lang='lat' dir='ltr'><strong>Nam</strong></span> <span class='ocrx_word' id='word_1_519' title='bbox 1230 2711 1288 2772; x_wconf 89' lang='lat' dir='ltr'><strong>post</strong></span> <span class='ocrx_word' id='word_1_520' title='bbox 1305 2710 1414 2758; x_wconf 81' lang='lat' dir='ltr'><strong>armatos</strong></span> <span class='ocrx_word' id='word_1_521' title='bbox 1433 2706 1580 2758; x_wconf 88' lang='lat' dir='ltr'><strong>saltatorum</strong></span> <span class='ocrx_word' id='word_1_522' title='bbox 1597 2707 1688 2758; x_wconf 88' lang='lat' dir='ltr'><strong>choros</strong></span> <span class='ocrx_word' id='word_1_523' title='bbox 1701 2709 1726 2758; x_wconf 86' lang='lat' dir='ltr'><strong>in</strong></span> 
     </span>
     <span class='ocr_line' id='line_1_78' title="bbox 947 2793 1786 2858; baseline 0.007 -18"><span class='ocrx_word' id='word_1_524' title='bbox 947 2806 1035 2857; x_wconf 90' lang='lat' dir='ltr'><strong>pompa</strong></span> <span class='ocrx_word' id='word_1_525' title='bbox 1056 2793 1225 2857; x_wconf 83' lang='lat' dir='ltr'><strong>sequebantur</strong></span> <span class='ocrx_word' id='word_1_526' title='bbox 1247 2794 1420 2857; x_wconf 75' lang='lat' dir='ltr'><strong>satyristarnm</strong></span> <span class='ocrx_word' id='word_1_527' title='bbox 1442 2793 1522 2852; x_wconf 77' lang='lat' dir='ltr'><strong>chod,</strong></span> <span class='ocrx_word' id='word_1_528' title='bbox 1546 2794 1590 2858; x_wconf 90' lang='lat' dir='ltr'><strong>qui</strong></span> <span class='ocrx_word' id='word_1_529' title='bbox 1615 2795 1727 2846; x_wconf 80' lang='lat' dir='ltr'><strong>Graecam</strong></span> <span class='ocrx_word' id='word_1_530' title='bbox 1784 2821 1786 2825; x_wconf 58' lang='lat'>&gt;</span> 
     </span>
     <span class='ocr_line' id='line_1_79' title="bbox 947 2878 1726 2947; baseline 0.006 -18"><span class='ocrx_word' id='word_1_531' title='bbox 947 2878 1059 2930; x_wconf 88' lang='lat' dir='ltr'><strong>sicinnim</strong></span> <span class='ocrx_word' id='word_1_532' title='bbox 1077 2881 1225 2932; x_wconf 82' lang='lat' dir='ltr'><strong>referebant.</strong></span> <span class='ocrx_word' id='word_1_533' title='bbox 1259 2885 1398 2946; x_wconf 81' lang='lat' dir='ltr'><strong>Apparatus</strong></span> <span class='ocrx_word' id='word_1_534' title='bbox 1413 2887 1497 2933; x_wconf 89' lang='lat' dir='ltr'><strong>autem</strong></span> <span class='ocrx_word' id='word_1_535' title='bbox 1509 2887 1580 2933; x_wconf 90' lang='lat' dir='ltr'><strong>erant</strong></span> <span class='ocrx_word' id='word_1_536' title='bbox 1603 2884 1651 2934; x_wconf 90' lang='lat' dir='ltr'><strong>tilis</strong></span> <span class='ocrx_word' id='word_1_537' title='bbox 1670 2885 1726 2947; x_wconf 89' lang='lat' dir='ltr'><strong>qut·</strong></span> 
     </span>
     <span class='ocr_line' id='line_1_80' title="bbox 947 2970 1727 3039; baseline 0.006 -18"><span class='ocrx_word' id='word_1_538' title='bbox 947 2970 1017 3033; x_wconf 90' lang='lat' dir='ltr'><strong>dem,</strong></span> <span class='ocrx_word' id='word_1_539' title='bbox 1031 2970 1075 3036; x_wconf 90' lang='lat' dir='ltr'><strong>qui</strong></span> <span class='ocrx_word' id='word_1_540' title='bbox 1090 2971 1185 3024; x_wconf 90' lang='lat' dir='ltr'><strong>Silenos</strong></span> <span class='ocrx_word' id='word_1_541' title='bbox 1200 2973 1429 3037; x_wconf 79' lang='lat' dir='ltr'><strong>representabant,</strong></span> <span class='ocrx_word' id='word_1_542' title='bbox 1440 2974 1531 3024; x_wconf 81' lang='lat' dir='ltr'><strong>tunicae</strong></span> <span class='ocrx_word' id='word_1_543' title='bbox 1545 2974 1647 3035; x_wconf 77' lang='lat' dir='ltr'><strong>villosae,</strong></span> <span class='ocrx_word' id='word_1_544' title='bbox 1664 2990 1727 3039; x_wconf 79' lang='lat' dir='ltr'><strong>quas</strong></span> 
     </span>
     <span class='ocr_line' id='line_1_81' title="bbox 948 3058 1727 3125; baseline 0.006 -16"><span class='ocrx_word' id='word_1_545' title='bbox 948 3058 1056 3110; x_wconf 91' lang='lat' dir='ltr'><strong>nonnulli</strong></span> <span class='ocrx_word' id='word_1_546' title='bbox 1083 3060 1207 3125; x_wconf 83' lang='grc' dir='ltr'>χορταίους</span> <span class='ocrx_word' id='word_1_547' title='bbox 1234 3063 1386 3122; x_wconf 81' lang='lat' dir='ltr'><strong>nocant,·et</strong></span> <span class='ocrx_word' id='word_1_548' title='bbox 1416 3061 1521 3111; x_wconf 87' lang='lat' dir='ltr'><strong>amicula</strong></span> <span class='ocrx_word' id='word_1_549' title='bbox 1556 3062 1727 3124; x_wconf 77' lang='lat' dir='ltr'><strong>multicolora,</strong></span> 
     </span>
     <span class='ocr_line' id='line_1_82' title="bbox 948 3149 1726 3216; baseline 0.004 -17"><span class='ocrx_word' id='word_1_550' title='bbox 948 3149 996 3200; x_wconf 87' lang='lat' dir='ltr'><strong>iliis</strong></span> <span class='ocrx_word' id='word_1_551' title='bbox 1012 3150 1140 3214; x_wconf 79' lang='lat' dir='ltr'><strong>sero,qni</strong></span> <span class='ocrx_word' id='word_1_552' title='bbox 1163 3153 1260 3214; x_wconf 77' lang='lat' dir='ltr'><strong>satyros</strong></span> <span class='ocrx_word' id='word_1_553' title='bbox 1280 3151 1501 3215; x_wconf 76' lang='lat' dir='ltr'><strong>repraesentabant,</strong></span> <span class='ocrx_word' id='word_1_554' title='bbox 1526 3152 1596 3200; x_wconf 89' lang='lat' dir='ltr'><strong>erant</strong></span> <span class='ocrx_word' id='word_1_555' title='bbox 1619 3152 1726 3216; x_wconf 83' lang='lat' dir='ltr'><strong>subliga-</strong></span> 
     </span>
     <span class='ocr_line' id='line_1_83' title="bbox 948 3236 1726 3302; baseline -0.001 -14"><span class='ocrx_word' id='word_1_556' title='bbox 948 3237 1016 3298; x_wconf 91' lang='lat' dir='ltr'><strong>cula,</strong></span> <span class='ocrx_word' id='word_1_557' title='bbox 1031 3241 1057 3288; x_wconf 90' lang='lat' dir='ltr'><strong>et</strong></span> <span class='ocrx_word' id='word_1_558' title='bbox 1079 3237 1181 3289; x_wconf 75' lang='lat' dir='ltr'><strong>hircinae</strong></span> <span class='ocrx_word' id='word_1_559' title='bbox 1195 3238 1285 3302; x_wconf 88' lang='lat' dir='ltr'><strong>pelles,</strong></span> <span class='ocrx_word' id='word_1_560' title='bbox 1307 3242 1333 3287; x_wconf 91' lang='lat' dir='ltr'><strong>et</strong></span> <span class='ocrx_word' id='word_1_561' title='bbox 1352 3242 1412 3288; x_wconf 87' lang='lat' dir='ltr'><strong>setas</strong></span> <span class='ocrx_word' id='word_1_562' title='bbox 1435 3238 1460 3287; x_wconf 91' lang='lat' dir='ltr'><strong>in</strong></span> <span class='ocrx_word' id='word_1_563' title='bbox 1484 3236 1565 3301; x_wconf 88' lang='lat' dir='ltr'><strong>capite</strong></span> <span class='ocrx_word' id='word_1_564' title='bbox 1589 3237 1726 3298; x_wconf 88' lang='lat' dir='ltr'><strong>horrentes,</strong></span> 
     </span>
     <span class='ocr_line' id='line_1_84' title="bbox 948 3325 1728 3394; baseline -0.003 -16"><span class='ocrx_word' id='word_1_565' title='bbox 948 3329 1045 3394; x_wconf 87' lang='lat' dir='ltr'><strong>aliaque</strong></span> <span class='ocrx_word' id='word_1_566' title='bbox 1059 3327 1098 3377; x_wconf 90' lang='lat' dir='ltr'><strong>his</strong></span> <span class='ocrx_word' id='word_1_567' title='bbox 1119 3326 1216 3376; x_wconf 87' lang='lat' dir='ltr'><strong>similia.</strong></span> <span class='ocrx_word' id='word_1_568' title='bbox 1250 3326 1281 3378; x_wconf 92' lang='lat' dir='ltr'><strong>lli</strong></span> <span class='ocrx_word' id='word_1_569' title='bbox 1303 3327 1380 3376; x_wconf 88' lang='lat' dir='ltr'><strong>serias</strong></span> <span class='ocrx_word' id='word_1_570' title='bbox 1399 3327 1541 3377; x_wconf 79' lang='lat' dir='ltr'><strong>saltationes</strong></span> <span class='ocrx_word' id='word_1_571' title='bbox 1559 3325 1661 3376; x_wconf 90' lang='lat' dir='ltr'><strong>ridicule</strong></span> <span class='ocrx_word' id='word_1_572' title='bbox 1675 3326 1728 3377; x_wconf 88' lang='lat' dir='ltr'><strong>suis</strong></span> 
     </span>
     <span class='ocr_line' id='line_1_85' title="bbox 948 3414 1730 3482; baseline -0.004 -15"><span class='ocrx_word' id='word_1_573' title='bbox 948 3416 1057 3482; x_wconf 83' lang='lat' dir='ltr'><strong>gestibus</strong></span> <span class='ocrx_word' id='word_1_574' title='bbox 1070 3414 1239 3477; x_wconf 89' lang='lat' dir='ltr'><strong>imitabantur,</strong></span> <span class='ocrx_word' id='word_1_575' title='bbox 1249 3427 1292 3464; x_wconf 90' lang='lat' dir='ltr'><strong>eas</strong></span> <span class='ocrx_word' id='word_1_576' title='bbox 1305 3427 1348 3477; x_wconf 91' lang='lat' dir='ltr'><strong>per</strong></span> <span class='ocrx_word' id='word_1_577' title='bbox 1360 3414 1494 3464; x_wconf 84' lang='lat' dir='ltr'><strong>ludibrium</strong></span> <span class='ocrx_word' id='word_1_578' title='bbox 1508 3414 1682 3478; x_wconf 86' lang='lat' dir='ltr'><strong>depravantes,</strong></span> <span class='ocrx_word' id='word_1_579' title='bbox 1699 3416 1730 3464; x_wconf 87' lang='lat' dir='ltr'><strong>ut</strong></span> 
     </span>
     <span class='ocr_line' id='line_1_86' title="bbox 947 3485 1726 3568; baseline 0.003 -16"><span class='ocrx_word' id='word_1_580' title='bbox 947 3502 1117 3568; x_wconf 85' lang='lat' dir='ltr'><strong>spectantibus</strong></span> <span class='ocrx_word' id='word_1_581' title='bbox 1134 3485 1219 3552; x_wconf 77' lang='lat' dir='ltr'><strong>¹risum</strong></span> <span class='ocrx_word' id='word_1_582' title='bbox 1242 3505 1378 3552; x_wconf 82' lang='lat' dir='ltr'><strong>mouerent.</strong></span> <span class='ocrx_word' id='word_1_583' title='bbox 1413 3505 1449 3551; x_wconf 82' lang='lat' dir='ltr'><strong>Ex</strong></span> <span class='ocrx_word' id='word_1_584' title='bbox 1462 3501 1595 3566; x_wconf 86' lang='lat' dir='ltr'><strong>triumphis</strong></span> <span class='ocrx_word' id='word_1_585' title='bbox 1614 3517 1726 3566; x_wconf 87' lang='lat' dir='ltr'><strong>quoque,</strong></span> 
     </span>
     <span class='ocr_line' id='line_1_87' title="bbox 949 3586 1726 3654; baseline 0 -14"><span class='ocrx_word' id='word_1_586' title='bbox 949 3589 993 3654; x_wconf 88' lang='lat' dir='ltr'><strong>qui</strong></span> <span class='ocrx_word' id='word_1_587' title='bbox 1003 3593 1119 3654; x_wconf 78' lang='lat' dir='ltr'><strong>aguntur,</strong></span> <span class='ocrx_word' id='word_1_588' title='bbox 1136 3587 1196 3638; x_wconf 88' lang='lat' dir='ltr'><strong>satis</strong></span> <span class='ocrx_word' id='word_1_589' title='bbox 1214 3586 1305 3651; x_wconf 88' lang='lat' dir='ltr'><strong>liquet,</strong></span> <span class='ocrx_word' id='word_1_590' title='bbox 1323 3587 1369 3638; x_wconf 91' lang='lat' dir='ltr'><strong>hos</strong></span> <span class='ocrx_word' id='word_1_591' title='bbox 1381 3587 1450 3639; x_wconf 91' lang='lat' dir='ltr'><strong>lusus</strong></span> <span class='ocrx_word' id='word_1_592' title='bbox 1466 3587 1632 3639; x_wconf 83' lang='lat' dir='ltr'><strong>cavillatorios</strong></span> <span class='ocrx_word' id='word_1_593' title='bbox 1645 3593 1671 3639; x_wconf 91' lang='lat' dir='ltr'><strong>ct</strong></span> <span class='ocrx_word' id='word_1_594' title='bbox 1685 3604 1726 3640; x_wconf 86' lang='lat' dir='ltr'><strong>sa·</strong></span> 
     </span>
    </p>
   </div>
   <div class='ocr_carea' id='block_1_21' title="bbox 946 3678 1729 5258">
    <p class='ocr_par' dir='ltr' id='par_1_27' title="bbox 946 3678 1729 5258">
     <span class='ocr_line' id='line_1_88' title="bbox 947 3678 1726 3754; baseline -0.009 -17"><span class='ocrx_word' id='word_1_595' title='bbox 947 3687 1038 3752; x_wconf 87' lang='lat' dir='ltr'><strong>tyrioos</strong></span> <span class='ocrx_word' id='word_1_596' title='bbox 1049 3688 1116 3754; x_wconf 88' lang='lat' dir='ltr'><strong>apud</strong></span> <span class='ocrx_word' id='word_1_597' title='bbox 1128 3690 1251 3741; x_wconf 83' lang='lat' dir='ltr'><strong>Romanos</strong></span> <span class='ocrx_word' id='word_1_598' title='bbox 1260 3687 1309 3737; x_wconf 86' lang='lat' dir='ltr'><strong>iam</strong></span> <span class='ocrx_word' id='word_1_599' title='bbox 1322 3684 1379 3735; x_wconf 90' lang='lat' dir='ltr'><strong>inde</strong></span> <span class='ocrx_word' id='word_1_600' title='bbox 1391 3696 1406 3733; x_wconf 92' lang='lat' dir='ltr'><strong>a</strong></span> <span class='ocrx_word' id='word_1_601' title='bbox 1417 3680 1506 3747; x_wconf 87' lang='lat' dir='ltr'><strong>priscis</strong></span> <span class='ocrx_word' id='word_1_602' title='bbox 1520 3682 1632 3743; x_wconf 88' lang='lat' dir='ltr'><strong>receptos</strong></span> <span class='ocrx_word' id='word_1_603' title='bbox 1642 3678 1726 3730; x_wconf 88' lang='lat' dir='ltr'><strong>inisse.</strong></span> 
     </span>
     <span class='ocr_line' id='line_1_89' title="bbox 947 3768 1729 3844; baseline -0.009 -18"><span class='ocrx_word' id='word_1_604' title='bbox 947 3777 1016 3828; x_wconf 89' lang='lat' dir='ltr'><strong>Licet</strong></span> <span class='ocrx_word' id='word_1_605' title='bbox 1030 3780 1096 3830; x_wconf 88' lang='lat' dir='ltr'><strong>enim</strong></span> <span class='ocrx_word' id='word_1_606' title='bbox 1108 3779 1152 3840; x_wconf 90' lang='lat' dir='ltr'><strong>iis,</strong></span> <span class='ocrx_word' id='word_1_607' title='bbox 1165 3779 1209 3844; x_wconf 89' lang='lat' dir='ltr'><strong>qui</strong></span> <span class='ocrx_word' id='word_1_608' title='bbox 1223 3774 1375 3840; x_wconf 84' lang='lat' dir='ltr'><strong>triumphum</strong></span> <span class='ocrx_word' id='word_1_609' title='bbox 1387 3773 1577 3837; x_wconf 90' lang='lat' dir='ltr'><strong>prosequuntur,</strong></span> <span class='ocrx_word' id='word_1_610' title='bbox 1596 3768 1691 3820; x_wconf 85' lang='lat' dir='ltr'><strong>iambos</strong></span> <span class='ocrx_word' id='word_1_611' title='bbox 1702 3773 1729 3821; x_wconf 89' lang='lat' dir='ltr'><strong>et</strong></span> 
     </span>
     <span class='ocr_line' id='line_1_90' title="bbox 946 3857 1729 3925; baseline -0.01 -11"><span class='ocrx_word' id='word_1_612' title='bbox 946 3863 1049 3918; x_wconf 84' lang='lat' dir='ltr'><strong>dicteria</strong></span> <span class='ocrx_word' id='word_1_613' title='bbox 1060 3866 1140 3919; x_wconf 84' lang='lat' dir='ltr'><strong>iacere</strong></span> <span class='ocrx_word' id='word_1_614' title='bbox 1152 3866 1178 3917; x_wconf 90' lang='lat' dir='ltr'><strong>in</strong></span> <span class='ocrx_word' id='word_1_615' title='bbox 1189 3862 1369 3917; x_wconf 81' lang='lat' dir='ltr'><strong>illustrissimos</strong></span> <span class='ocrx_word' id='word_1_616' title='bbox 1379 3873 1479 3925; x_wconf 75' lang='lat' dir='ltr'><strong>quoqru</strong></span> <span class='ocrx_word' id='word_1_617' title='bbox 1493 3857 1567 3920; x_wconf 82' lang='lat' dir='ltr'><strong>siros,</strong></span> <span class='ocrx_word' id='word_1_618' title='bbox 1582 3860 1657 3921; x_wconf 86' lang='lat' dir='ltr'><strong>atque</strong></span> <span class='ocrx_word' id='word_1_619' title='bbox 1666 3857 1729 3907; x_wconf 88' lang='lat' dir='ltr'><strong>adeo</strong></span> 
     </span>
     <span class='ocr_line' id='line_1_91' title="bbox 946 3947 1727 4022; baseline -0.008 -19"><span class='ocrx_word' id='word_1_620' title='bbox 946 3953 972 4004; x_wconf 89' lang='lat' dir='ltr'><strong>in</strong></span> <span class='ocrx_word' id='word_1_621' title='bbox 982 3954 1051 4021; x_wconf 90' lang='lat' dir='ltr'><strong>ipsos</strong></span> <span class='ocrx_word' id='word_1_622' title='bbox 1066 3957 1243 4022; x_wconf 85' lang='lat' dir='ltr'><strong>imperatores3</strong></span> <span class='ocrx_word' id='word_1_623' title='bbox 1257 3952 1323 4003; x_wconf 89' lang='lat' dir='ltr'><strong>sicut</strong></span> <span class='ocrx_word' id='word_1_624' title='bbox 1335 3949 1439 4002; x_wconf 81' lang='lat' dir='ltr'><strong>Athenis</strong></span> <span class='ocrx_word' id='word_1_625' title='bbox 1453 3948 1511 3999; x_wconf 90' lang='lat' dir='ltr'><strong>oiim</strong></span> <span class='ocrx_word' id='word_1_626' title='bbox 1526 3947 1571 4006; x_wconf 89' lang='lat' dir='ltr'><strong>iis,</strong></span> <span class='ocrx_word' id='word_1_627' title='bbox 1585 3947 1630 4011; x_wconf 88' lang='lat' dir='ltr'><strong>qui</strong></span> <span class='ocrx_word' id='word_1_628' title='bbox 1642 3947 1727 4011; x_wconf 83' lang='lat' dir='ltr'><strong>plaus-</strong></span> 
     </span>
     <span class='ocr_line' id='line_1_92' title="bbox 947 4036 1728 4112; baseline -0.012 -19"><span class='ocrx_word' id='word_1_629' title='bbox 947 4043 993 4096; x_wconf 89' lang='lat' dir='ltr'><strong>tris</strong></span> <span class='ocrx_word' id='word_1_630' title='bbox 1001 4045 1066 4097; x_wconf 83' lang='lat' dir='ltr'><strong>rectl</strong></span> <span class='ocrx_word' id='word_1_631' title='bbox 1076 4059 1192 4112; x_wconf 83' lang='lat' dir='ltr'><strong>pompam</strong></span> <span class='ocrx_word' id='word_1_632' title='bbox 1202 4040 1422 4110; x_wconf 85' lang='lat' dir='ltr'><strong>prosequebantur,</strong></span> <span class='ocrx_word' id='word_1_633' title='bbox 1430 4036 1518 4088; x_wconf 81' lang='lat' dir='ltr'><strong>obvios</strong></span> <span class='ocrx_word' id='word_1_634' title='bbox 1528 4049 1639 4101; x_wconf 68' lang='lat' dir='ltr'><strong>quemne</strong></span> <span class='ocrx_word' id='word_1_635' title='bbox 1650 4049 1728 4086; x_wconf 89' lang='lat' dir='ltr'><strong>scom-</strong></span> 
     </span>
     <span class='ocr_line' id='line_1_93' title="bbox 946 4127 1728 4200; baseline -0.013 -14"><span class='ocrx_word' id='word_1_636' title='bbox 946 4135 1054 4186; x_wconf 85' lang='lat' dir='ltr'><strong>mutibus</strong></span> <span class='ocrx_word' id='word_1_637' title='bbox 1060 4134 1179 4200; x_wconf 82' lang='lat' dir='ltr'><strong>impetere</strong></span> <span class='ocrx_word' id='word_1_638' title='bbox 1189 4133 1278 4186; x_wconf 86' lang='lat' dir='ltr'><strong>licebat</strong></span> <span class='ocrx_word' id='word_1_639' title='bbox 1288 4147 1295 4178; x_wconf 77' lang='grc' dir='ltr'><strong>τ</strong></span> <span class='ocrx_word' id='word_1_640' title='bbox 1310 4144 1376 4182; x_wconf 91' lang='lat' dir='ltr'><strong>nunc</strong></span> <span class='ocrx_word' id='word_1_641' title='bbox 1388 4142 1448 4181; x_wconf 83' lang='lat' dir='ltr'><strong>reto</strong></span> <span class='ocrx_word' id='word_1_642' title='bbox 1458 4127 1567 4178; x_wconf 84' lang='lat' dir='ltr'><strong>carmina</strong></span> <span class='ocrx_word' id='word_1_643' title='bbox 1575 4139 1607 4176; x_wconf 84' lang='lat' dir='ltr'><strong>ex</strong></span> <span class='ocrx_word' id='word_1_644' title='bbox 1619 4129 1728 4189; x_wconf 88' lang='lat' dir='ltr'><strong>ternpore</strong></span> 
     </span>
     <span class='ocr_line' id='line_1_94' title="bbox 947 4214 1726 4288; baseline -0.014 -16"><span class='ocrx_word' id='word_1_645' title='bbox 947 4223 1084 4288; x_wconf 89' lang='lat' dir='ltr'><strong>composita</strong></span> <span class='ocrx_word' id='word_1_646' title='bbox 1094 4225 1194 4274; x_wconf 89' lang='lat' dir='ltr'><strong>canunt.</strong></span> <span class='ocrx_word' id='word_1_647' title='bbox 1208 4218 1349 4283; x_wconf 86' lang='lat' dir='ltr'><strong>Quinetiam</strong></span> <span class='ocrx_word' id='word_1_648' title='bbox 1357 4219 1383 4269; x_wconf 89' lang='lat' dir='ltr'><strong>in</strong></span> <span class='ocrx_word' id='word_1_649' title='bbox 1392 4214 1524 4268; x_wconf 88' lang='lat' dir='ltr'><strong>illustrimn</strong></span> <span class='ocrx_word' id='word_1_650' title='bbox 1534 4214 1644 4263; x_wconf 88' lang='lat' dir='ltr'><strong>virorum</strong></span> <span class='ocrx_word' id='word_1_651' title='bbox 1655 4214 1726 4262; x_wconf 88' lang='lat' dir='ltr'><strong>lune·</strong></span> 
     </span>
     <span class='ocr_line' id='line_1_95' title="bbox 947 4303 1728 4376; baseline -0.01 -16"><span class='ocrx_word' id='word_1_652' title='bbox 947 4309 1025 4369; x_wconf 89' lang='lat' dir='ltr'><strong>ribus,</strong></span> <span class='ocrx_word' id='word_1_653' title='bbox 1036 4313 1126 4375; x_wconf 78' lang='lat' dir='ltr'><strong>prater</strong></span> <span class='ocrx_word' id='word_1_654' title='bbox 1136 4311 1196 4362; x_wconf 84' lang='lat' dir='ltr'><strong>alias</strong></span> <span class='ocrx_word' id='word_1_655' title='bbox 1207 4323 1317 4376; x_wconf 87' lang='lat' dir='ltr'><strong>pompas,</strong></span> <span class='ocrx_word' id='word_1_656' title='bbox 1328 4306 1380 4358; x_wconf 84' lang='lat' dir='ltr'><strong>ridi</strong></span> <span class='ocrx_word' id='word_1_657' title='bbox 1398 4309 1424 4358; x_wconf 89' lang='lat' dir='ltr'><strong>ct</strong></span> <span class='ocrx_word' id='word_1_658' title='bbox 1436 4303 1555 4369; x_wconf 80' lang='lat' dir='ltr'><strong>satyricos</strong></span> <span class='ocrx_word' id='word_1_659' title='bbox 1570 4304 1671 4363; x_wconf 89' lang='lat' dir='ltr'><strong>choros,</strong></span> <span class='ocrx_word' id='word_1_660' title='bbox 1685 4303 1728 4368; x_wconf 85' lang='lat' dir='ltr'><strong>qui</strong></span> 
     </span>
     <span class='ocr_line' id='line_1_96' title="bbox 947 4392 1725 4463; baseline -0.01 -15"><span class='ocrx_word' id='word_1_661' title='bbox 947 4397 1065 4450; x_wconf 89' lang='lat' dir='ltr'><strong>lectulum</strong></span> <span class='ocrx_word' id='word_1_662' title='bbox 1081 4399 1266 4463; x_wconf 75' lang='lat' dir='ltr'><strong>precedebant,</strong></span> <span class='ocrx_word' id='word_1_663' title='bbox 1291 4398 1318 4449; x_wconf 89' lang='lat' dir='ltr'><strong>et</strong></span> <span class='ocrx_word' id='word_1_664' title='bbox 1338 4396 1451 4447; x_wconf 87' lang='lat' dir='ltr'><strong>sicinnim</strong></span> <span class='ocrx_word' id='word_1_665' title='bbox 1473 4393 1628 4446; x_wconf 84' lang='lat' dir='ltr'><strong>saltationem</strong></span> <span class='ocrx_word' id='word_1_666' title='bbox 1649 4392 1725 4441; x_wconf 90' lang='lat' dir='ltr'><strong>salta·</strong></span> 
     </span>
     <span class='ocr_line' id='line_1_97' title="bbox 948 4481 1726 4554; baseline -0.009 -16"><span class='ocrx_word' id='word_1_667' title='bbox 948 4487 1021 4548; x_wconf 86' lang='lat' dir='ltr'><strong>hant,</strong></span> <span class='ocrx_word' id='word_1_668' title='bbox 1043 4489 1165 4554; x_wconf 79' lang='lat' dir='ltr'><strong>precipue</strong></span> <span class='ocrx_word' id='word_1_669' title='bbox 1184 4503 1245 4540; x_wconf 83' lang='lat' dir='ltr'><strong>sero</strong></span> <span class='ocrx_word' id='word_1_670' title='bbox 1259 4488 1285 4538; x_wconf 91' lang='lat' dir='ltr'><strong>in</strong></span> <span class='ocrx_word' id='word_1_671' title='bbox 1306 4487 1489 4537; x_wconf 75' lang='lat' dir='ltr'><strong>lonunatorum</strong></span> <span class='ocrx_word' id='word_1_672' title='bbox 1518 4483 1627 4532; x_wconf 78' lang='lat' dir='ltr'><strong>virorum</strong></span> <span class='ocrx_word' id='word_1_673' title='bbox 1655 4481 1726 4531; x_wconf 90' lang='lat' dir='ltr'><strong>tune·</strong></span> 
     </span>
     <span class='ocr_line' id='line_1_98' title="bbox 947 4569 1727 4641; baseline -0.012 -15"><span class='ocrx_word' id='word_1_674' title='bbox 947 4576 1025 4627; x_wconf 86' lang='lat' dir='ltr'><strong>ribus.</strong></span> <span class='ocrx_word' id='word_1_675' title='bbox 1059 4578 1198 4641; x_wconf 83' lang='lat' dir='ltr'><strong>Satyricum</strong></span> <span class='ocrx_word' id='word_1_676' title='bbox 1211 4580 1295 4627; x_wconf 89' lang='lat' dir='ltr'><strong>autern</strong></span> <span class='ocrx_word' id='word_1_677' title='bbox 1305 4574 1393 4624; x_wconf 89' lang='lat' dir='ltr'><strong>ludum</strong></span> <span class='ocrx_word' id='word_1_678' title='bbox 1404 4575 1429 4622; x_wconf 90' lang='lat' dir='ltr'><strong>et</strong></span> <span class='ocrx_word' id='word_1_679' title='bbox 1446 4571 1610 4629; x_wconf 85' lang='lat' dir='ltr'><strong>saltationem,</strong></span> <span class='ocrx_word' id='word_1_680' title='bbox 1629 4581 1674 4618; x_wconf 87' lang='lat' dir='ltr'><strong>nec</strong></span> <span class='ocrx_word' id='word_1_681' title='bbox 1688 4569 1727 4618; x_wconf 83' lang='lat' dir='ltr'><strong>ii-</strong></span> 
     </span>
     <span class='ocr_line' id='line_1_99' title="bbox 947 4659 1725 4730; baseline -0.017 -13"><span class='ocrx_word' id='word_1_682' title='bbox 947 4679 1044 4730; x_wconf 79' lang='lat' dir='ltr'><strong>gurum,</strong></span> <span class='ocrx_word' id='word_1_683' title='bbox 1056 4680 1103 4719; x_wconf 88' lang='lat' dir='ltr'><strong>nec</strong></span> <span class='ocrx_word' id='word_1_684' title='bbox 1114 4665 1273 4726; x_wconf 88' lang='lat' dir='ltr'><strong>Umbromm,</strong></span> <span class='ocrx_word' id='word_1_685' title='bbox 1284 4679 1329 4716; x_wconf 91' lang='lat' dir='ltr'><strong>nec</strong></span> <span class='ocrx_word' id='word_1_686' title='bbox 1339 4664 1442 4715; x_wconf 91' lang='lat' dir='ltr'><strong>aliorum</strong></span> <span class='ocrx_word' id='word_1_687' title='bbox 1455 4663 1617 4713; x_wconf 86' lang='lat' dir='ltr'><strong>harbarorum</strong></span> <span class='ocrx_word' id='word_1_688' title='bbox 1632 4659 1725 4708; x_wconf 89' lang='lat' dir='ltr'><strong>ltaliam</strong></span> 
     </span>
     <span class='ocr_line' id='line_1_100' title="bbox 947 4753 1724 4816; baseline -0.021 -11"><span class='ocrx_word' id='word_1_689' title='bbox 947 4753 1118 4816; x_wconf 87' lang='lat' dir='ltr'><strong>incolentium,</strong></span> <span class='ocrx_word' id='word_1_690' title='bbox 1147 4755 1191 4807; x_wconf 88' lang='lat' dir='ltr'><strong>sed</strong></span> <span class='ocrx_word' id='word_1_691' title='bbox 1210 4758 1354 4805; x_wconf 79' lang='lat' dir='ltr'><strong>Graecorum</strong></span> <span class='ocrx_word' id='word_1_692' title='bbox 1377 4754 1453 4804; x_wconf 85' lang='lat' dir='ltr'><strong>tuisse</strong></span> <span class='ocrx_word' id='word_1_693' title='bbox 1475 4753 1616 4807; x_wconf 84' lang='lat' dir='ltr'><strong>inventum,</strong></span> <span class='ocrx_word' id='word_1_694' title='bbox 1630 4755 1724 4802; x_wconf 85' lang='lat' dir='ltr'><strong>vereor,</strong></span> 
     </span>
     <span class='ocr_line' id='line_1_101' title="bbox 948 4828 1725 4903; baseline -0.023 -10"><span class='ocrx_word' id='word_1_695' title='bbox 948 4855 978 4893; x_wconf 90' lang='lat' dir='ltr'><strong>ne</strong></span> <span class='ocrx_word' id='word_1_696' title='bbox 991 4843 1031 4893; x_wconf 89' lang='lat' dir='ltr'><strong>cui</strong></span> <span class='ocrx_word' id='word_1_697' title='bbox 1042 4843 1160 4894; x_wconf 88' lang='lat' dir='ltr'><strong>molestus</strong></span> <span class='ocrx_word' id='word_1_698' title='bbox 1172 4854 1227 4893; x_wconf 89' lang='lat' dir='ltr'><strong>esse</strong></span> <span class='ocrx_word' id='word_1_699' title='bbox 1239 4841 1333 4903; x_wconf 85' lang='lat' dir='ltr'><strong>videar,</strong></span> <span class='ocrx_word' id='word_1_700' title='bbox 1345 4841 1365 4890; x_wconf 87' lang='lat' dir='ltr'><strong>si</strong></span> <span class='ocrx_word' id='word_1_701' title='bbox 1379 4841 1452 4892; x_wconf 87' lang='lat' dir='ltr'><strong>veiim</strong></span> <span class='ocrx_word' id='word_1_702' title='bbox 1472 4839 1508 4888; x_wconf 87' lang='lat' dir='ltr'><strong>rei</strong></span> <span class='ocrx_word' id='word_1_703' title='bbox 1521 4834 1639 4885; x_wconf 82' lang='lat' dir='ltr'><strong>confessae</strong></span> <span class='ocrx_word' id='word_1_704' title='bbox 1651 4828 1725 4877; x_wconf 83' lang='lat' dir='ltr'><strong>fidem</strong></span> 
     </span>
     <span class='ocr_line' id='line_1_102' title="bbox 948 4915 1725 4994; baseline -0.018 -15"><span class='ocrx_word' id='word_1_705' title='bbox 948 4929 1080 4994; x_wconf 85' lang='lat' dir='ltr'><strong>prolixiore</strong></span> <span class='ocrx_word' id='word_1_706' title='bbox 1091 4929 1202 4978; x_wconf 91' lang='lat' dir='ltr'><strong>oratione</strong></span> <span class='ocrx_word' id='word_1_707' title='bbox 1219 4928 1306 4977; x_wconf 89' lang='lat' dir='ltr'><strong>lacere.</strong></span> <span class='ocrx_word' id='word_1_708' title='bbox 1347 4931 1406 4977; x_wconf 84' lang='lat' dir='ltr'><strong>Post</strong></span> <span class='ocrx_word' id='word_1_709' title='bbox 1419 4928 1477 4975; x_wconf 86' lang='lat' dir='ltr'><strong>istos</strong></span> <span class='ocrx_word' id='word_1_710' title='bbox 1498 4925 1584 4972; x_wconf 89' lang='lat' dir='ltr'><strong>choros</strong></span> <span class='ocrx_word' id='word_1_711' title='bbox 1601 4915 1672 4966; x_wconf 91' lang='lat' dir='ltr'><strong>multi</strong></span> <span class='ocrx_word' id='word_1_712' title='bbox 1687 4917 1725 4965; x_wconf 87' lang='lat' dir='ltr'><strong>cl-</strong></span> 
     </span>
     <span class='ocr_line' id='line_1_103' title="bbox 947 5010 1726 5079; baseline -0.018 -10"><span class='ocrx_word' id='word_1_713' title='bbox 947 5017 1059 5069; x_wconf 81' lang='lat' dir='ltr'><strong>tharistae</strong></span> <span class='ocrx_word' id='word_1_714' title='bbox 1084 5020 1109 5067; x_wconf 91' lang='lat' dir='ltr'><strong>et</strong></span> <span class='ocrx_word' id='word_1_715' title='bbox 1130 5017 1270 5079; x_wconf 85' lang='lat' dir='ltr'><strong>trequentes</strong></span> <span class='ocrx_word' id='word_1_716' title='bbox 1287 5015 1398 5065; x_wconf 87' lang='lat' dir='ltr'><strong>tibicines</strong></span> <span class='ocrx_word' id='word_1_717' title='bbox 1421 5012 1556 5064; x_wconf 89' lang='lat' dir='ltr'><strong>transibant</strong></span> <span class='ocrx_word' id='word_1_718' title='bbox 1581 5010 1662 5071; x_wconf 87' lang='lat' dir='ltr'><strong>:post</strong></span> <span class='ocrx_word' id='word_1_719' title='bbox 1683 5019 1726 5056; x_wconf 91' lang='lat' dir='ltr'><strong>eos</strong></span> 
     </span>
     <span class='ocr_line' id='line_1_104' title="bbox 947 5093 1725 5168; baseline -0.024 -9"><span class='ocrx_word' id='word_1_720' title='bbox 947 5104 1093 5158; x_wconf 85' lang='lat' dir='ltr'><strong>incedebant</strong></span> <span class='ocrx_word' id='word_1_721' title='bbox 1104 5103 1158 5164; x_wconf 89' lang='lat' dir='ltr'><strong>alii,</strong></span> <span class='ocrx_word' id='word_1_722' title='bbox 1173 5104 1216 5168; x_wconf 88' lang='lat' dir='ltr'><strong>qui</strong></span> <span class='ocrx_word' id='word_1_723' title='bbox 1231 5101 1339 5152; x_wconf 87' lang='lat' dir='ltr'><strong>turibula</strong></span> <span class='ocrx_word' id='word_1_724' title='bbox 1351 5114 1380 5150; x_wconf 82' lang='lat' dir='ltr'><strong>ex</strong></span> <span class='ocrx_word' id='word_1_725' title='bbox 1392 5097 1482 5162; x_wconf 88' lang='lat' dir='ltr'><strong>quibus</strong></span> <span class='ocrx_word' id='word_1_726' title='bbox 1498 5096 1608 5144; x_wconf 89' lang='lat' dir='ltr'><strong>aromata</strong></span> <span class='ocrx_word' id='word_1_727' title='bbox 1621 5097 1647 5143; x_wconf 92' lang='lat' dir='ltr'><strong>et</strong></span> <span class='ocrx_word' id='word_1_728' title='bbox 1666 5093 1725 5142; x_wconf 92' lang='lat' dir='ltr'><strong>thus</strong></span> 
     </span>
     <span class='ocr_line' id='line_1_105' title="bbox 952 5178 1726 5258; baseline -0.025 -15"><span class='ocrx_word' id='word_1_729' title='bbox 952 5203 996 5258; x_wconf 86' lang='lat' dir='ltr'><strong>per</strong></span> <span class='ocrx_word' id='word_1_730' title='bbox 1014 5202 1113 5242; x_wconf 88' lang='lat' dir='ltr'><strong>omnem</strong></span> <span class='ocrx_word' id='word_1_731' title='bbox 1127 5187 1194 5238; x_wconf 70' lang='lat' dir='ltr'><strong>rum</strong></span> <span class='ocrx_word' id='word_1_732' title='bbox 1216 5185 1361 5246; x_wconf 88' lang='lat' dir='ltr'><strong>adolebant,</strong></span> <span class='ocrx_word' id='word_1_733' title='bbox 1381 5187 1407 5234; x_wconf 90' lang='lat' dir='ltr'><strong>et</strong></span> <span class='ocrx_word' id='word_1_734' title='bbox 1422 5181 1463 5232; x_wconf 85' lang='lat' dir='ltr'><strong>alii</strong></span> <span class='ocrx_word' id='word_1_735' title='bbox 1481 5179 1523 5246; x_wconf 89' lang='lat' dir='ltr'><strong>qui</strong></span> <span class='ocrx_word' id='word_1_736' title='bbox 1540 5192 1599 5231; x_wconf 89' lang='lat' dir='ltr'><strong>rasa</strong></span> <span class='ocrx_word' id='word_1_737' title='bbox 1613 5178 1726 5243; x_wconf 82' lang='lat' dir='ltr'><strong>praetere·</strong></span> 
     </span>
    </p>
   </div>
   <div class='ocr_carea' id='block_1_22' title="bbox 0 0 1894 5828">
    <p class='ocr_par' dir='ltr' id='par_1_28' title="bbox 0 0 1894 5828">
     <span class='ocr_line' id='line_1_106' title="bbox 0 0 1894 5828; baseline 0 0"><span class='ocrx_word' id='word_1_738' title='bbox 0 0 1894 5828; x_wconf 95' lang='lat' dir='ltr'><strong> </strong></span> 
     </span>
    </p>
   </div>
  </div>
 </body>
</html>
