3772 5828
202 286 263 345 tos

205 420 269 499 πρδς
290 417 348 484 τσθς
369 414 641 493 συμπολιτευομένους
660 417 702 475 ἀπ’
725 417 811 498 ειίνοίαΙ
830 417 980 497 γινόμενον·

207 505 301 582 μανίαν
314 527 342 563 τε
358 504 501 580 ἀπέφαινον
523 505 601 563 αὐτοῦ
614 504 663 576 τὴν
683 503 855 582 συμόουλήν,
868 509 898 566 οὐ
912 530 980 588 παρ-

207 592 297 671 ρησίαν
323 591 377 650 οὐδ’
404 589 562 671 ἐλευθερίαν.
587 588 682 671 Βραχθ
710 591 757 670 μέν
779 583 823 653 οὗν
848 598 925 653 τοῦτο
949 594 979 653 τό

206 680 281 760 μέρος
319 679 364 737 καί
386 678 490 744 ἀσθενὲς
513 677 542 736 θν
558 682 713 758 περιωθοῖτο
735 680 787 740 ὗπδ
800 686 846 740 τοῦ
868 681 980 760 βιαιοτέ-

161 799 175 839 5
204 789 258 847 ρου.
299 770 392 827 Ταῦτα
408 766 435 824 δὲ
452 769 562 844 δρῶντες
583 770 606 826 οἱ
623 768 770 848 δήμαρχοι·
786 773 911 849 παρῆσαν
928 770 979 852 γδρ
997 819 999 822 .

201 860 240 936 τῷ
275 855 400 934 συνεδρίῳ
436 855 651 935 παρακληθέντες
686 857 737 916 ὑπὸ
769 864 820 918 τῶν
856 857 978 919 ὑπάτων·

202 944 283 1003 ἐόόων
296 968 325 1004 τε
339 943 384 1003 καὶ
399 943 531 1023 ήσπαιρον
546 943 592 1002 καί
603 947 647 1003 τὸν
663 943 781 1023 Μάρκιον
794 948 916 1022 λυμεῶνα
932 945 977 1004 καὶ

200 1033 305 1112 ὄλεθρον
326 1037 373 1103 τῆς
393 1032 494 1098 πόλεως
517 1032 682 1106 ἀπεκάλουν,
698 1034 828 1111 πονηρούς
850 1033 976 1103 διεξιόντα

199 1120 269 1179 κατδι
283 1125 328 1179 τοῦ
343 1118 427 1195 δήμου
444 1119 549 1199 λόγους·
565 1119 611 1179 καί
630 1123 653 1179 εί
671 1119 709 1198 μὴ
730 1122 876 1180 κωλύσειαν
898 1123 976 1181 αὐτὸν

148 1224 175 1264 ιο
200 1209 224 1267 οί
244 1209 379 1289 πατρίκιοι
394 1209 509 1284 πόλεμον
530 1207 656 1290 ἐμφύλιον
679 1213 715 1277 είς
737 1210 785 1281 τήν
806 1211 881 1268 πόλιν
901 1211 975 1270 εἰσά-

198 1320 278 1376 γοντα
300 1296 404 1376 θανάτῳ
421 1295 602 1372 ζημιώσαντες
618 1294 636 1367 ἢ
658 1300 747 1377 φυγῇ,
765 1295 838 1355 αὐτοί
852 1297 972 1368 ποιήσειν

198 1390 267 1448 τοῦτ’
282 1388 382 1463 ἔλεγον.
426 1383 548 1465 Θορύόου
566 1384 593 1444 δέ
614 1384 652 1443 ίτι
670 1385 789 1450 πλείονος
804 1384 848 1444 ἐπί
863 1393 915 1452 τοῖς
929 1384 972 1444 λό-

197 1498 253 1554 γοις
274 1478 325 1533 τῶν
347 1472 493 1554 δημάρχων
513 1472 654 1550 γενομένου
673 1473 718 1533 καί
739 1472 854 1549 μάλιστα
872 1474 903 1532 ἐκ
920 1477 972 1533 τῶν

197 1562 329 1643 νεωτέρων
352 1566 399 1631 τίς
423 1562 534 1630 ἀπειλάς
553 1563 828 1643 δυσανασχετούντων,
853 1565 972 1645 ἐπαρθείς

147 1666 172 1706 ιο
196 1651 296 1718 τούτοις
314 1656 328 1710 θ
347 1651 467 1730 Μάρκιος
481 1649 669 1730 αὐθαδέστερον
683 1650 736 1723 ήδη
754 1650 905 1719 καθήπτετο
920 1657 971 1713 τῶν

197 1740 342 1820 δημάρχων
353 1737 400 1798 καί
411 1736 585 1818 θρασύτερον·
607 1765 619 1790 a
633 1739 668 1797 Et
681 1739 719 1815 μὴ
731 1737 863 1798 παύσεσθε
875 1739 971 1815 μέντοι,

197 1855 211 1882 a
223 1808 324 1908 λέγωιί,
340 1827 511 1908 ταράττοντες
534 1824 583 1898 τήν
598 1825 675 1886 πόλιν
697 1831 771 1903 ὑμεῖς
786 1824 832 1885 καί
851 1829 970 1905 ἐκδημα-

196 1925 366 1997 «γωγοῦντες
387 1915 447 1984 τοθς
471 1916 603 1995 ἀπόρους,
631 1915 717 1976 οὗκίτι
738 1915 809 1996 λόγῳ
838 1915 970 1993 διοίσομαι

196 2032 209 2059 a
223 2005 288 2085 πρὸς
301 2008 384 2081 ὑμᾶς,
403 2003 464 2063 ἀλλ’
477 2004 557 2085 ἔργῳ.
575 2032 587 2057 ιι

142 2114 169 2153 20
236 2096 340 2156 XXVI.
364 2094 550 2174 Ἠγριωμένης
566 2093 594 2154 δέ
613 2099 660 2167 τῆς
684 2096 853 2174 βουλῆςμὼς
873 2091 969 2169 ἔμαθον

195 2187 218 2244 oi
240 2184 374 2264 δήμαρχοι
397 2183 503 2250 πλείους
526 2182 603 2250 ὄντας
623 2182 684 2250 τοὺς
709 2183 883 2262 βουλομένους
904 2186 968 2265 ἀρε-

194 2271 286 2330 λέσθαι
301 2271 348 2343 τήν
364 2273 484 2330 δοθεῖσαν
498 2268 616 2339 ίξουσίαν
627 2273 666 2349 τῷ
685 2270 763 2350 δήμῳ
774 2273 826 2329 τῶν
847 2269 968 2348 ίμμίνειν

193 2366 252 2425 ταῖς
273 2359 424 2439 ὁμολογίαις
443 2357 606 2435 ἀξιούντων,
631 2358 772 2439 ἐξέδραμον
794 2362 823 2419 ἐκ
840 2365 886 2419 τοῦ
903 2364 967 2441 βου-

194 2447 342 2530 λευτηρίου,
357 2448 515 2531 κεκραγότες
529 2449 575 2507 καὶ
591 2447 663 2516 θεοὺς
676 2446 736 2514 τοθς
752 2448 855 2526 ὁρκίους
876 2449 968 2507 ίπικα-

141 2561 168 2600 τι
193 2537 325 2614 λούμενοι.
371 2536 426 2597 Καὶ
452 2535 519 2613 μετὰ
542 2539 637 2614 τοῦτο,
651 2534 842 2613 συναγαγόντες
865 2535 901 2602 είς
923 2539 968 2594 ἐκ·

192 2626 304 2696 κλησίαν
316 2624 362 2684 τὸν
376 2627 470 2703 δῆμον,
485 2623 622 2696 ίδήλωσαν
635 2625 711 2705 αὐτῷ·
720 2622 780 2691 τοθς
795 2628 820 2684 ίν
836 2628 869 2704 τῇ
885 2626 967 2704 βουλῇ

193 2714 319 2793 ῥηθέντας
330 2713 422 2790 λόγους
440 2714 491 2773 ὑπὸ
502 2717 547 2772 τοῦ
563 2713 704 2794 Μαρκίου,
717 2712 763 2771 καί
776 2711 820 2770 τδν
832 2712 915 2791 ἄνδρα
932 2716 968 2782 είς

181 2799 337 2877 *ἀπολογίαν
360 2800 481 2860 ἐκάλουν.
525 2799 575 2868 Ὡς
598 2800 626 2859 δί
648 2804 677 2859 οὗ
701 2809 841 2880 προσεῖχεν
862 2801 966 2879 αὐτοῖς,

131 2910 136 2923 ·
192 2888 262 2949 ἀλλά
278 2888 323 2947 καί
346 2888 405 2956 τοθς
428 2889 577 2968 ὑπηρέτας,
602 2892 644 2970 tp’
662 2880 699 2947 ὧν
717 2890 849 2960 ἐκαλεῖτο,
863 2911 967 2968 προπη-

139 2995 167 3035 οο
192 2977 304 3047 λακίζων
326 2987 379 3046 τοῖς
402 2977 489 3054 λύγοις
514 2976 646 3055 ἀνεῖρξεν,
673 2976 904 3055 ἀγανακτήσαντες
928 2977 966 3035 ἔτι

192 3069 293 3144 μᾶλλον
312 3069 336 3126 oi
352 3065 486 3144 δήμαρχοι
500 3065 699 3144 παραλαόόντες
714 3065 773 3132 τούς
788 3089 815 3123 τε
832 3065 965 3143 ἀγορανό-

191 3178 255 3231 μους
273 3154 317 3212 καὶ
336 3157 388 3212 τῶν
408 3153 496 3211 ἄλλων
517 3154 631 3211 πολιτῶν
649 3151 759 3231 συχνοθς
776 3151 905 3231 ὥρμησαν
922 3157 963 3213 ἐπ’

190 3244 281 3303 αὐτόν·
300 3247 313 3301 ό
329 3246 351 3302 δ’
369 3242 458 3321 ἔτυχεν
473 3242 512 3300 ἔτι
529 3240 670 3323 διατρίόων
683 3241 734 3321 πρδ
753 3246 799 3300 τοῦ
821 3245 964 3322 βουλευτη-

191 3330 256 3411 ρίου,
274 3334 326 3389 τῶν
341 3353 370 3388 τε
384 3328 531 3407 πατρικίων
550 3328 662 3395 πολλοὺς
681 3328 843 3406 ἐπαγόμενος
855 3330 900 3389 καί
915 3333 964 3404 τήν

136 3452 162 3493 st
190 3419 272 3490 ἀλλην
293 3418 409 3498 ἑταιρίαν
432 3419 492 3496 περί
515 3416 593 3475 αὖτδν
615 3417 695 3497 ἔχων.
739 3415 788 3482 Ὦς
807 3418 833 3476 δὲ
848 3421 964 3479 συνεῖδον

189 3508 267 3564 αὐτὸν
277 3509 301 3565 οί
310 3506 459 3584 δήμαρχοι,
472 3504 637 3583 προσέταξαν
650 3514 705 3574 τοῖς
721 3506 892 3587 ἀγορανόμοις
907 3509 963 3566 ἐπι·

188 3593 316 3652 λαόέσθαι
338 3599 382 3652 τοῦ
405 3595 540 3668 σώματος,
568 3595 613 3654 καί
640 3597 661 3653 εί
685 3593 721 3672 μή
749 3593 815 3655 ἑκὼν
842 3595 964 3675 βούλεται

187 3683 354 3753 ἀκολουθεῖν,
373 3681 418 3763 βίορ
433 3683 524 3759 ἄγειν·
542 3671 613 3760 εἶχον
632 3683 658 3741 δὲ
680 3683 739 3742 τότε
762 3683 809 3757 τήν
832 3686 962 3762 ἀγορανο-

188 3770 268 3841 μικὴν
292 3770 409 3838 ἐξουσίαν
432 3774 511 3835 Τῖτος
538 3771 644 3837 Ἰούνιος
669 3775 782 3850 Βροῦτος
811 3773 856 3829 καὶ
883 3773 961 3839 Γάϊος

134 3890 161 3928 40
188 3859 343 3926 Οθῐσέλλιος
358 3859 482 3936 Ῥούγας.
527 3861 561 3917 Οἱ
577 3858 624 3932 μέν
637 3860 668 3928 δή
689 3860 838 3937 προσῄεσαν
857 3863 891 3926 ὡς
903 3863 962 3920 ἐπι·

188 3945 331 4022 ληψόμενοι
346 3955 391 4004 τοῦ
406 3945 509 4025 ἀνδρός·
528 3948 551 4004 ei
565 3944 592 4003 δὲ
608 3945 740 4025 πατρίκιοι
759 3945 840 4004 δεινὸν
857 3951 961 4024 ήγησά·

188 4053 260 4104 μενοι
274 4025 401 4113 τοῦργον,
415 4035 465 4092 ὑπὸ
481 4038 534 4093 τῶν
544 4033 690 4113 δημάρχων
705 4033 756 4112 πρδ
768 4033 842 4106 δίκης
853 4035 962 4114 ἄγεσθαί

185 4141 244 4175 τινα
263 4126 334 4198 σιγῶν
355 4122 414 4200 βία,
435 4123 603 4201 προύστησαν
620 4130 666 4182 τοῦ
687 4122 811 4201 Μαρκίου
833 4124 879 4181 καί
893 4125 959 4184 τύπ·

185 4228 272 4271 σοντες
292 4207 351 4273 τοὺς
371 4211 450 4284 ὁμόσε
475 4216 626 4290 χωροῦντας
652 4210 803 4281 ἀπήλασαν.
846 4214 961 4286 aratoq-

131 4326 158 4365 ts
185 4295 270 4362 θέντος
285 4295 312 4353 δὲ
333 4302 379 4354 τοῦ
398 4299 495 4365 πάθους
510 4299 560 4356 ἀνθ
575 4300 622 4370 τήν
641 4299 717 4359 πολιν
729 4299 810 4376 ὅλην,
826 4300 959 4374 ἐξεπήδων

185 4384 298 4450 ἅπαντες
323 4387 353 4442 ἐκ
378 4390 428 4443 τῶν
454 4390 557 4446 οἰκιῶν·
580 4392 604 4446 οί
629 4386 676 4464 μέν
696 4391 722 4446 έν
740 4397 794 4455 τοῖς
814 4391 959 4466 ἀξιώμασιν

183 4472 254 4534 ὄντες
270 4474 314 4532 καί
327 4474 470 4553 χρημάτων
484 4479 587 4556 ἔχοντες
601 4469 630 4536 ed
642 4478 685 4536 τὸν
704 4479 826 4556 Μάρκιον
840 4483 957 4557 ὑπερασ-

181 4566 300 4627 πιοῦντες
317 4562 374 4637 ἅμα
389 4572 441 4629 τοῖς
458 4567 605 4646 πατρικίοις
625 4568 670 4625 καί
686 4567 733 4639 τήν
748 4568 863 4648 ἀρχαίαν
879 4573 958 4627 ἀνακ-

181 4657 321 4727 τησόμενοι
348 4652 495 4709 πολιτείαν·
520 4658 543 4712 οί
569 4655 596 4713 δὲ
635 4657 754 4715 ταπεινοί
780 4667 836 4722 ταῖς
864 4654 957 4735 τύχαις

129 4778 155 4816 to
181 4741 225 4798 καί
242 4742 299 4821 βίου
319 4739 487 4809 σπανίζοντες
508 4743 616 4818 ἀμύνειν
639 4744 883 4824 παρεσκευασμένοι
902 4749 956 4811 τοῖς

182 4829 329 4910 δημάρχοις
339 4828 386 4888 καί
398 4837 481 4888 ποιεῖν
496 4827 545 4887 ότι
561 4831 591 4888 ἂν
604 4834 697 4891 ἐκεῖνοι
709 4831 877 4890 κελεύσωσιν·
893 4832 910 4902 il
927 4855 954 4890 τε

181 4914 277 4987 αἰδὼς,
302 4921 345 4998 ὑφ’
369 4911 399 4991 ής
422 4917 486 4983 τέως
514 4919 588 4978 οὐδέν
618 4921 737 4998 ἐτόλμων
765 4921 800 4985 είς
824 4918 955 4991 ἀλλήλους

179 5013 354 5079 παρανομεῖν,
380 5006 439 5066 τότε
468 5007 584 5087 ἀνήρητο
610 5007 655 5066 ὑπ’
689 5011 785 5066 αὐτῶν.
829 5009 869 5067 Οὐ
901 5006 954 5080 μὴν

178 5087 291 5167 ἔδρασάν
299 5114 328 5167 γε
339 5094 412 5153 οὐδὲν
428 5095 571 5166 ἀνήκεστον
582 5095 629 5166 τήν
640 5095 744 5174 ἡμέραν
756 5093 869 5172 ἐκείνην,
884 5096 953 5152 ἀλλὰ

723 283 891 347 plolttsu
913 240 1291 358 HALICARbiASSENSIS

1035 436 1119 485 autem
1133 435 1231 488 dicendi
1248 438 1389 502 licentiam,
1407 444 1452 494 ant
1470 442 1678 502 libertatemesse
1691 451 1815 508 dicebant

1035 533 1095 584 llec
1106 535 1190 585 tamen
1205 549 1276 600 pare,
1289 551 1347 602 qun
1361 552 1436 604 parra
1454 545 1479 592 et
1492 543 1582 596 debilis
1593 550 1654 608 erat,
1673 550 1763 603 cedere
1777 567 1816 604 co·

1035 628 1139 692 gebatur
1152 631 1176 682 ri
1184 646 1339 698 numeroque
1352 638 1539 701 potentioribus.
1573 648 1635 705 Quas
1647 648 1760 702 ridentes
1772 655 1815 704 tri·

1035 725 1094 778 bnni
1105 727 1223 793 (aderant
1234 732 1298 783 enim
1313 734 1337 782 in
1349 739 1437 786 senatu
1450 752 1466 786 a
1478 742 1620 794 consulibus
1633 748 1728 810 vocati)
1742 753 1813 801 voci·

1035 824 1177 877 forabantur
1188 830 1372 894 etlremebant3
1386 837 1412 884 et
1423 837 1543 890 ltarcium
1558 842 1699 905 reipublice
1714 851 1813 911 pestem

1034 924 1213 990 perniciemque
1233 930 1401 994 appellabant,
1425 933 1469 999 qui
1492 937 1557 1000 plebi
1575 942 1733 997 malediceret
1755 967 1761 997 :
1786 951 1814 998 et

1033 1023 1082 1073 nisi
1091 1037 1162 1085 eum,
1173 1025 1247 1076 civile
1259 1026 1352 1077 bellum
1366 1029 1391 1079 in
1402 1032 1578 1096 rempublicam
1592 1036 1752 1093 inducentem
1764 1057 1810 1099 ua·

1032 1116 1099 1167 tricii
1112 1117 1270 1182 cohiberent,
1287 1122 1327 1172 rel
1338 1128 1433 1186 morte,
1448 1127 1489 1177 rel
1503 1129 1608 1189 exsilio,
1622 1132 1671 1198 ipsi
1683 1150 1711 1187 se
1721 1136 1747 1187 id
1760 1101 1813 1191 tae·

1032 1216 1101 1264 turos
1123 1215 1289 1269 minabantur.
1333 1220 1395 1271 Cum
1417 1226 1501 1275 autem
1520 1228 1554 1279 ob
1576 1229 1632 1283 baec
1657 1234 1811 1290 tribunorum

1030 1306 1108 1359 verbe
1123 1308 1195 1375 longe
1211 1313 1289 1364 maior
1301 1318 1425 1370 tumultus
1442 1323 1589 1387 exoriretur,
1607 1331 1732 1397 precipue
1751 1349 1811 1389 rere

1029 1419 1061 1456 cu
1079 1406 1214 1460 iunioribus
1232 1412 1312 1464 minas
1329 1415 1383 1468 illas
1402 1418 1501 1486 indigne
1521 1424 1670 1492 terentibus,
1686 1434 1809 1496 llareius,

1029 1502 1069 1555 bis
1081 1506 1158 1559 fretus
1167 1512 1193 1560 et
1202 1510 1294 1575 elutis,
1309 1519 1462 1581 arrogantius
1473 1522 1522 1573 iam
1531 1526 1556 1575 et
1569 1525 1687 1580 audacius
1705 1533 1730 1581 iu
1744 1533 1809 1596 ipsos

1029 1601 1143 1654 tribunos
1171 1605 1285 1660 invectus
1306 1616 1353 1664 est.
1381 1635 1393 1658 ι
1426 1619 1496 1679 ltisi,
1518 1620 1659 1686 inquiebat,
1684 1626 1808 1683 desieritis

1031 1718 1043 1741 a
1058 1699 1236 1763 rempublicam
1251 1707 1411 1771 perturbare,
1423 1715 1450 1763 et
1469 1717 1559 1766 restris
1576 1718 1733 1771 concionibus
1753 1728 1808 1773 tuo-

1031 1815 1044 1837 «
1058 1808 1103 1859 pes
1115 1795 1251 1858 concitare,
1269 1813 1318 1851 non
1337 1805 1443 1869 amplius
1465 1809 1562 1871 verbis,
1580 1814 1625 1864 sed
1640 1813 1709 1866 tactis
1720 1818 1804 1868 robis·

1029 1912 1041 1936 a
1061 1906 1118 1943 cum
1130 1894 1284 1948 contendam.
1301 1917 1314 1943 ν

1064 2097 1152 2147 ltltvl.
1171 2098 1323 2150 Exacerbatn
1335 2105 1417 2153 autem
1428 2107 1531 2168 senatu,
1542 2120 1597 2158 cnm
1612 2109 1704 2160 tribuni
1712 2126 1806 2175 eogno-

1028 2195 1123 2249 rissent
1151 2201 1269 2251 maiorem
1281 2216 1336 2254 esse
1346 2218 1477 2257 numerum
1487 2221 1587 2273 eorum,
1599 2211 1642 2276 qui
1655 2212 1739 2262 datam
1757 2228 1804 2278 pn·

1027 2294 1085 2359 pulo
1104 2299 1251 2361 potestatem
1272 2300 1383 2353 adimere
1409 2307 1513 2372 vellent,
1540 2322 1614 2372 quarn
1633 2324 1734 2373 eorum,
1757 2316 1803 2379 qui

1026 2399 1092 2463 pacis
1113 2400 1294 2454 conditionibus
1313 2406 1428 2460 standum
1450 2416 1593 2476 censerent,
1609 2428 1662 2466 sese
1682 2430 1713 2465 ex
1734 2418 1805 2470 curia

1027 2499 1201 2564 vociterantes,
1218 2508 1244 2556 et
1256 2506 1316 2557 dens
1327 2509 1451 2562 loederum
1464 2516 1542 2566 testes
1553 2515 1724 2582 implorantes,
1743 2534 1805 2585 pro-

1028 2600 1165 2665 ripuerunt.
1201 2607 1306 2668 Postea,
1320 2609 1392 2673 plebe
1407 2613 1437 2662 ad
1454 2618 1597 2670 concionem
1611 2626 1758 2682 convocata,
1769 2627 1806 2676 lu·

1026 2701 1140 2768 dicarunt
1156 2704 1188 2765 ei,
1206 2706 1266 2770 quid
1287 2710 1312 2759 in
1332 2716 1419 2763 senatu
1438 2716 1546 2768 Marcius
1562 2718 1680 2785 dixisset,
1698 2738 1805 2789 eumque

1023 2803 1055 2852 ad
1076 2818 1188 2857 caussam
1208 2807 1338 2860 dicendam
1362 2816 1551 2870 arcessircrunt.
1594 2824 1662 2879 Quos
1683 2839 1740 2874 cum
1763 2827 1804 2878 ille

1025 2906 1205 2966 contemneret,
1219 2914 1296 2972 atquc
1313 2912 1377 2964 adeo
1389 2929 1476 2967 eorum
1490 2917 1627 2982 ministros,
1641 2925 1757 2985 aquibus
1768 2927 1802 2976 ci·

1024 3008 1129 3072 labatur,
1152 3015 1336 3066 contumeliosis
1357 3016 1440 3069 verbis
1459 3018 1599 3082 repelleret,
1624 3021 1726 3072 obeam
1747 3037 1801 3074 rem

1023 3113 1193 3177 multomagis
1212 3116 1330 3181 indignati
1345 3118 1451 3180 tribuni,
1468 3121 1601 3185 assumptis
1613 3121 1672 3185 ipsis
1686 3124 1802 3176 edilibus

1021 3219 1048 3265 et
1063 3215 1148 3264 multis
1168 3217 1222 3266 attis
1236 3219 1345 3281 civibus,
1361 3219 1479 3285 impetum
1498 3220 1523 3270 in
1534 3234 1593 3273 eum
1608 3224 1718 3274 lecerunt
1736 3245 1742 3274 :
1759 3228 1801 3279 ille

1022 3315 1086 3364 enim
1107 3315 1187 3365 adbuc
1202 3330 1247 3380 pro
1268 3321 1337 3368 curia
1352 3318 1445 3381 stabat,
1464 3321 1549 3373 multis
1568 3325 1676 3388 patriciis
1693 3325 1800 3388 stipatus

1021 3419 1046 3465 et
1060 3416 1178 3481 reliquam
1198 3418 1353 3469 sodalitatem
1376 3419 1487 3473 τίνασσε
1508 3423 1610 3474 babens.
1643 3429 1722 3484 Quem
1741 3442 1800 3478 cnm

1021 3515 1207 3577 conspexissent
1223 3516 1316 3566 tribuni
1322 3516 1334 3577 ,⁹
1343 3516 1458 3570 aedilibus
1470 3519 1637 3585 imperarunt,
1648 3525 1675 3573 ut
1685 3524 1801 3575 nranibns

1019 3625 1115 3678 iniectis
1122 3641 1178 3679 cum
1189 3625 1434 3688 comprehenderent,
1443 3629 1469 3675 et
1478 3624 1524 3675 nisi
1535 3627 1622 3688 sponte
1631 3626 1701 3688 sequi
1715 3625 1797 3686 uellet,

1018 3741 1074 3777 eum
1090 3728 1116 3776 ri
1134 3727 1299 3785 adducerent;
1315 3728 1385 3776 erant
1399 3730 1483 3776 autem
1497 3728 1557 3774 tnnc
1572 3723 1656 3775 aediles
1667 3727 1695 3775 Τ.
1714 3726 1798 3776 lunius

1021 3831 1119 3888 Brutus,
1140 3830 1165 3878 et
1182 3829 1209 3878 e.
1228 3827 1341 3877 Visellius
1353 3829 1430 3891 linga.
1464 3825 1496 3874 lli
1510 3824 1753 3888 igitnraccedebent,
1767 3830 1796 3877 ut

1017 3953 1074 3990 enm
1087 3937 1338 4003 comprehenderent:
1353 3934 1379 3981 at
1394 3927 1489 3994 patricii
1503 3927 1596 3976 lacinus
1609 3925 1789 3977 intolerandum

1017 4038 1072 4097 reti,
1084 4038 1189 4101 aliquem
1200 4037 1238 4085 sni
1249 4032 1342 4083 ordinis
1354 4027 1482 4079 atribnnis
1494 4028 1551 4075 ante
1561 4038 1656 4075 caussae
1665 4025 1797 4077 dictionem

1017 4137 1040 4186 vi
1056 4137 1149 4202 abripi,
1162 4151 1206 4202 pro
1218 4134 1309 4185 llarcio
1328 4144 1355 4180 se
1364 4128 1413 4178 illis
1425 4127 1607 4191 opposuerunt,
1619 4130 1646 4175 ut
1658 4138 1715 4176 eum
1728 4130 1796 4176 tnta·

1016 4234 1251 4292 m„2„f‚2101,p505
1268 4242 1397 4294 quosque,
1418 4226 1462 4288 qui
1475 4223 1651 4282 accessissent,
1671 4224 1796 4275 caedentes

1015 4335 1164 4399 repulerunt.
1198 4334 1271 4381 Curius
1293 4328 1407 4379 facinoris
1425 4337 1523 4375 rumore
1541 4322 1589 4374 iam
1605 4336 1647 4387 per
1662 4323 1739 4370 lotam
1756 4336 1795 4371 ur·

1015 4428 1070 4478 bem
1082 4429 1193 4493 vulgato,
1208 4441 1294 4477 omnes
1310 4438 1339 4473 ex
1351 4422 1445 4473 milibus
1457 4418 1617 4484 prosiliebant
1635 4436 1640 4466 τ
1657 4431 1686 4466 ac
1705 4417 1721 4465 ii
1734 4416 1791 4480 qui-

1014 4525 1083 4585 dem,
1098 4528 1140 4588 qui
1150 4528 1173 4574 in
1185 4525 1266 4586 aliqua
1279 4521 1397 4584 dignitate
1412 4520 1437 4567 ct
1453 4514 1563 4578 opulenti
1582 4516 1666 4575 eraut,
1680 4516 1706 4561 nt
1726 4515 1793 4560 llar-

1014 4625 1094 4682 cium,
1107 4625 1283 4675 adiuvantibus
1300 4621 1417 4687 patriciis,
1441 4617 1608 4681 protegerent,
1624 4620 1648 4663 et
1664 4612 1795 4677 pristinum

1013 4715 1153 4777 reipublicae
1171 4719 1263 4764 statum
1285 4713 1458 4775 recuperarent
1480 4722 1486 4751 ι
1506 4709 1549 4768 qui
1562 4717 1621 4754 vero
1633 4704 1721 4753 humill
1742 4703 1795 4751 lor-

1013 4816 1072 4863 tuna
1094 4815 1178 4871 erant,
1200 4815 1225 4860 ct
1246 4812 1327 4860 uictus
1343 4808 1425 4872 inopia
1444 4803 1603 4863 laborabant,
1629 4804 1656 4849 nt
1678 4804 1794 4850 tribunos

1011 4909 1182 4968 detenderent,
1199 4908 1276 4968 parati
1301 4910 1381 4955 tacere
1411 4902 1533 4967 quidquid
1557 4901 1593 4952 illi
1619 4897 1790 4962 imperassent.

1011 5006 1147 5070 Omnisque
1162 5001 1321 5059 verecundia,
1347 5014 1396 5062 qua
1418 5003 1537 5051 hactenus
1562 4997 1677 5047 retentis
1696 4992 1791 5038 mutuis

1010 5105 1103 5155 iniuriis
1116 5102 1297 5157 abstinuerant,
1317 5103 1374 5148 tnnc
1388 5098 1483 5147 sublata
1496 5101 1541 5149 est.
1568 5093 1742 5147 Verumtamen
1760 5104 1791 5140 eu
