3772 5828
660 378 867 440 Excutiens
890 379 941 439 EX
957 379 1036 440 ⁴LIB.
1061 380 1141 440 xlv.
1644 391 1710 449 705¹

92 516 129 581 είς
153 511 217 593 ὕψος
242 510 438 583 ἀνατείνοντες,
470 509 563 570 ἔπειτα
588 510 663 590 γυροί
684 511 731 571 καί
760 512 868 594 βραχεῖς
922 512 1040 575 praesltos
1054 512 1166 563 bostium
1186 511 1252 562 ictus
1267 513 1369 564 inutiles
1385 529 1527 580 vacuosque
1548 516 1703 579 eliciebant3

90 602 238 683 γινόμενοι,
253 600 301 666 τὰς
313 598 370 674 pb
385 599 490 705 {stillet
504 596 610 707 niqqir
629 601 783 680 ὓπέρπῑῑῑῖς
796 622 869 678 ‘tivo-
923 616 967 682 ipsi
990 631 1058 677 vero,
1075 618 1198 669 subrectis
1212 619 1319 682 ensibus,
1333 619 1433 671 illorum
1455 621 1554 686 inguina
1575 623 1707 685 feriebant,¹

91 686 868 859 ἓνἓῖφῗῖπίξῖρὶονῖζᾞουῖέῗὲςἐΐοίξὲἐνῦτὲὶίἶνὀῖῖῗ
920 731 963 783 llis
977 732 1138 784 concidebant
1151 745 1243 798 perque
1261 739 1362 798 pectora
1377 735 1469 786 terrum
1494 738 1517 787 iu
1526 741 1630 799 ,viscera
1645 756 1702 794 con·

48 894 61 932 s
89 868 201 947 λαγόνας
215 865 320 948 διῄρουν
342 864 387 924 καὶ
409 862 452 924 δεδι
469 862 582 945 στέρνων
607 864 652 923 ἐπὶ
673 862 705 923 st
722 864 866 947 σπλάγχνα

88 955 135 1023 τ),
155 954 260 1032 πληφρ,
283 951 416 1023 2}th-
431 951 508 1019 ὅσους
524 949 553 1011 δὲ
575 956 659 1011 ,αςη
679 951 713 1012 ,ρ
738 953 807 1033 μέρη
822 951 866 1012 &g
921 945 984 1006 rent,
999 944 1046 995 bos
1059 958 1169 1008 genuum
1186 948 1231 996 eut
1247 946 1393 999 malleorum
1409 951 1493 1001 nereis
1511 951 1705 1010 insectis‚bu111i

89 1045 207 1124 φυλακῆς
237 1041 345 1122 ἔχοντας
376 1039 528 1114 αἴσθοιντο,
560 1038 678 1119 γονάτων
714 1039 733 1112 ἢ
761 1043 864 1122 σφυρῶν
920 1049 1064 1100 sternebant
1084 1048 1224 1109 trementes,
1243 1051 1392 1119 clypeosque
1411 1054 1528 1105 dentibus
1548 1057 1703 1119 prehenden-

917 837 1042 902 jiciebant.
1055 839 1088 904 (ι)
1102 838 1176 897 Quod
1191 840 1213 890 si
1226 853 1288 903 quos
1300 854 1328 889 ea
1338 841 1450 891 merrabrs
1465 847 1621 909 protegentes
1634 847 1702 897 vide·
1744 913 1749 920 .

88 1132 167 1209 νεῦρα
183 1128 354 1210 διακείροντες
371 1126 473 1208 ἐξέχεαν
496 1128 540 1186 toi
563 1125 611 1197 τὴν
633 1131 683 1208 γῆν
705 1126 867 1210 βεόρυχότας

87 1217 207 1284 καὶτοὺς
222 1216 326 1298 θυρεούς
342 1217 527 1285 όδακτίζοντας
549 1214 595 1274 καί
621 1215 684 1295 βοὴν
700 1217 789 1295 ὠρυγῇ
810 1240 865 1275 πα·

38 1325 62 1363 ro
91 1304 240 1382 ραπλησίαν
253 1304 344 1384 ῶσπερ
358 1301 392 1362 τδι
412 1303 489 1382 θηρία
504 1302 683 1383 προϊεμένους.
704 1306 764 1381 (19)
781 1300 821 1364 Ἥ
836 1327 865 1363 τε

90 1392 198 1472 δύναμις
212 1393 337 1452 ὑπέλειπε
349 1390 461 1459 πολλούς
479 1394 531 1450 τῶν
553 1389 713 1473 βαρθάρων,
737 1391 865 1469 ἐκλυομέ-

88 1477 139 1540 νων
154 1486 206 1541 τῶν
222 1484 309 1560 μελῶν
330 1481 381 1541 ὑπὸ
403 1479 510 1553 κόπων,
526 1479 571 1538 καί
592 1482 644 1539 τῶν
666 1481 754 1540 ὅπλων
768 1479 802 1539 sl
817 1480 865 1557 μὲν

89 1571 276 1651 ἀπεστόμωτσ,
301 1569 336 1628 τὰ
360 1567 388 1628 δὲ
417 1568 637 1649 συνετέθραυστο,
668 1565 702 1626 τά
725 1567 753 1628 δὲ
779 1570 865 1629 οὐκέτι

87 1656 266 1742 προσωφελεῖν
290 1657 390 1718 δυνατδι
406 1647 453 1734 ἦν·
476 1657 558 1737 χωρὶς
572 1657 625 1736 γδιρ
639 1661 685 1716 τοῦ
703 1659 864 1737 καταρρέον-

37 1767 61 1805 rs
87 1771 131 1817 τος
146 1751 175 1808 ia
194 1752 245 1806 τῶν
264 1746 423 1827 τραυμάτων
449 1743 562 1823 αἵματος
580 1746 605 1804 οἱ
624 1743 657 1803 δι’
681 1743 749 1805 &tort
772 1743 863 1825 ἐκχεό·

89 1859 161 1914 μενοι
175 1841 228 1895 τῶν
244 1835 376 1913 σωμάτων
395 1834 501 1915 ἱδρῶτες
514 1832 573 1892 οὔτε
587 1833 634 1899 τάς
654 1833 789 1913 μαχαίρας
804 1832 864 1893 είων

88 1932 194 2004 κρατεῖν
209 1920 268 1982 οὔτε
280 1921 339 1989 τοὺς
359 1920 463 2002 θυρεοὺς
476 1920 613 1999 κατέχειν,
631 1919 863 2002 περιολισθαινόν-

88 2035 140 2070 των
156 2020 213 2079 ταῖς
228 2010 324 2076 λαθαῖς
340 2011 392 2070 τῶν
417 2006 554 2068 δακτύλων
570 2010 616 2067 καὶ
634 2008 681 2076 τδις
696 2009 764 2092 ἇφάς
779 2010 865 2070 οὐκέτι

88 2099 214 2179 κραταιὰς
229 2098 354 2178 ἐχόντων.
398 2096 530 2175 Ῥωμαῖοι
545 2097 573 2156 δὲ
589 2099 696 2157 πολλῶν
711 2100 799 2168 ἐθάδες
818 2097 863 2158 όν-

53 2248 56 2251 ,
88 2209 130 2255 τις
143 2189 231 2248 πόνων
246 2186 289 2245 διδι
302 2183 349 2254 τάς
364 2186 489 2268 ἀτρύτους
508 2184 554 2245 καὶ
568 2194 685 2266 συνεχεῖς
708 2186 864 2268 στρατείας,

88 2273 193 2336 ἅπαντα
208 2274 242 2335 sir
256 2275 329 2335 δεινδι
344 2274 469 2355 γενναίως
483 2275 620 2355 ἀνέφερον.
636 2275 743 2337 Ambr.

128 2367 179 2427 Xi.
197 2366 260 2444 (20)
279 2363 327 2427 Ἐν
341 2363 437 2445 Ῥώμη
451 2363 538 2422 πολλδι
557 2363 605 2433 μὲν
620 2370 665 2422 καὶ
681 2365 750 2424 άλλα
766 2367 865 2441 σημεῖα

88 2455 242 2533 θεόπεμπτα
268 2454 380 2532 γέγονε,
401 2455 524 2529 μέγιστον
548 2449 576 2509 δὲ
594 2451 719 2510 ἁπάντων
734 2454 804 2513 τόδε·
817 2457 866 2525 τῆς

88 2543 185 2622 ἀγορᾶς
199 2540 268 2599 κατδι
284 2541 314 2599 τθ
330 2539 411 2617 μέσον
425 2539 543 2616 μάλιστα
565 2539 690 2617 διερράγη
714 2563 740 2598 τι
754 2545 801 2612 τῆς
817 2545 866 2620 γῆς

33 2669 39 2681 .
87 2630 124 2694 είς
151 2632 229 2706 βάθος
254 2627 388 2700 ἀθυσσον,
406 2626 452 2684 καὶ
476 2629 553 2685 τοῦτο
571 2624 617 2685 ἐπὶ
638 2624 739 2694 πολλδις
763 2628 865 2708 ἡμέρας

88 2716 226 2791 διέμεινεν.
271 2713 472 2793 Ψηφισαμένης
492 2713 520 2771 δέ
542 2716 590 2785 τῆς
615 2716 728 2793 βουλῆς,
747 2717 790 2776 ἰπὶ
814 2718 866 2775 τῶν

88 2801 252 2864 Σιθυλλείων
266 2806 396 2883 χρησμῶν
409 2801 615 2881 ἐπιπειθόμεναι
628 2801 661 2862 τδι
673 2803 764 2882 βιθλία
779 2793 865 2879 εἶπον,

87 2892 128 2950 ότι
144 2893 179 2950 τά
200 2892 323 2951 πλείστου
339 2889 398 2959 άξια
410 2892 448 2970 τῷ
462 2886 606 2968 Ῥωμαίων
619 2889 696 2970 δήμιρ
712 2890 864 2966 λαθοῦσαι)

86 2984 122 3061 γῆ
147 2979 331 3041 συνελεύσεταί
357 3002 387 3038 τε
412 2975 458 3038 καί
482 2976 584 3051 πολλὴν
611 2979 736 3061 ἀφθονίαν
761 2981 797 3047 εἰς
820 2981 865 3040 τόν

33 3101 60 3141 ³0
86 3069 178 3128 λοιπὸν
193 3068 287 3150 χρόνον
304 3068 428 3127 ἁπάντων
444 3067 531 3126 αὐτῶν
548 3065 650 3138 ἀντίαι.
672 3069 792 3128 Τοιαῦτα
811 3071 863 3128 τῶν

87 3158 187 3237 ἀνδρῶν
200 3155 411 3239 ἀποφηναμένων
422 3153 547 3234 ἀπαρχάς
560 3152 670 3223 ἕκαστος
679 3159 717 3224 είς
726 3156 757 3216 τθ
770 3157 865 3238 χάσμα

87 3245 194 3326 ἔφερεν,
210 3235 247 3305 ῶν
267 3248 334 3328 ᾤετο
350 3246 402 3305 δεῖν
429 3246 535 3322 ἀγαθῶν
561 3247 596 3322 τῇ
621 3243 744 3324 πατρίδι,
769 3245 823 3306 ἀπό
837 3269 865 3305 τε

86 3336 196 3413 καρπῶν
210 3336 339 3402 πελάνους
353 3335 399 3393 καὶ
415 3332 470 3392 ἀπδ
483 3332 630 3413 χρημάτων
646 3333 782 3415 ἀπαρχάς.
801 3337 864 3417 (it)

87 3422 197 3503 Μάρκος
212 3421 239 3479 δέ
256 3445 295 3489 τις
320 3421 447 3501 Κούρτιος
472 3423 498 3479 iu
523 3428 577 3487 τοῖς
594 3419 709 3499 πρώτοις
732 3427 784 3481 τῶν
799 3422 864 3482 νέων

87 3512 278 3589 ἀριθμούμενος
294 3510 464 3591 σωφροσύνης
478 3507 554 3567 ἕνεκα
582 3508 628 3568 καί
641 3513 689 3581 τῆς
702 3509 772 3569 κατά
787 3511 865 3570 πολέ-

88 3622 153 3674 μους
172 3601 281 3678 ἀρετῆς,
306 3597 398 3679 ἔφοδον
425 3596 600 3675 αἰτησάμενος
626 3597 668 3657 ἰπὶ
691 3598 740 3670 τὴν
766 3599 864 3679 βουλὴν

88 3678 161 3746 εἶπεν
183 3715 195 3740 ιι
209 3685 249 3746 ότι
259 3692 312 3747 τῶν
332 3687 439 3746 πάντων
455 3687 525 3747 ἔστὶν
541 3690 646 3764 ἀγαθῶν
665 3691 759 3766 χρῆμα
773 3687 865 3748 κάλλι-

89 3801 102 3824 «
117 3795 178 3832 στσν
193 3773 239 3832 καί
263 3776 339 3834 πόλει
367 3772 508 3852 Ῥωμαίων
530 3773 739 3851 ἀναγκαιότατον
764 3775 865 3856 ἀνδρῶν

90 3890 103 3918 a
118 3862 215 3942 ἀρετή·
230 3864 253 3921 εἰ
269 3863 300 3934 δὴ
320 3862 366 3922 καί
381 3863 478 3934 ταύτης
490 3862 616 3943 ἀπαρχήν
632 3884 690 3947 τρια
706 3866 724 3934 ἡ
738 3865 772 3940 γῆ
787 3862 865 3924 λάθοι

91 3979 103 4005 o
120 3952 165 4010 καί
181 3951 282 4029 γένοιτο
298 3951 365 4011 ἑκὼν
377 3955 391 4010 ό
405 3955 483 4010 τοῦτο
497 3950 717 4031 χαριούμενοςτῇ
740 3951 863 4032 πατρίδι,

91 4068 103 4094 o
117 4039 230 4106 πολλοὺς
244 4040 335 4111 ἀνήσει
349 4045 367 4112 ἦ
382 4045 417 4118 γῆ
434 4039 531 4122 ἄνδρας
545 4038 668 4119 ἀγαθούς.
685 4065 698 4092 a
717 4041 813 4099 Ταῦτα
827 4043 865 4099 εί-

89 4127 145 4188 πῶν
160 4127 205 4187 καί
227 4130 319 4200 μηδενὶ
334 4129 543 4210 παραχωρήσειν
558 4128 640 4210 ἑτέρῳ
653 4132 701 4200 τῆς
715 4130 866 4210 φιλοτιμίας

88 4217 187 4290 ταύτης
203 4216 401 4296 ὑποσχόμενος,
417 4217 451 4278 τά
466 4240 495 4276 τε
512 4216 582 4276 θπλα
605 4217 738 4298 περιέθετο
760 4221 806 4278 καὶ
820 4219 864 4280 ἐπί

87 4306 131 4366 τὸν
147 4303 312 4382 πολεμιστὴν
326 4303 408 4364 ίππσν
423 4304 521 4379 ἀνέθη·
535 4305 708 4385 συναχθέντος
723 4307 746 4363 δ’
762 4305 805 4366 iol
816 4305 864 4380 τὴν

88 4402 148 4456 θέαν
164 4401 211 4454 τοῦ
226 4392 297 4454 κατθι
313 4392 361 4464 τὴν
376 4395 452 4454 πολιν
466 4392 564 4474 όχλου,
578 4397 683 4474 πρῶτον
703 4391 751 4471 μὲν
767 4393 865 4466 ηύξατο

87 4493 139 4552 τοῖς
154 4489 220 4552 θεοῖς
242 4486 351 4555 ἐιτιτελῶι
369 4487 480 4553 ποιῆσαι
495 4480 530 4542 τδι
543 4481 717 4560 μαντεύματα
735 4481 781 4540 καὶ
794 4487 864 4543 πολ-

88 4570 147 4640 λοὺς
161 4574 258 4650 ἄνδρας
279 4572 383 4648 ὁμοίους
398 4573 469 4653 αὐτῷ
488 4572 577 4631 δοῦναι
598 4575 631 4650 τῇ
654 4571 729 4630 πόλει
744 4574 778 4650 τῇ
793 4569 864 4631 Ῥω-

89 4659 176 4734 μαίων
192 4664 326 4740 γενέσθαι·
340 4659 422 4720 ἔπειτ’
436 4659 506 4740 ἐφείς
519 4662 557 4740 τῷ
568 4657 645 4739 ἵππῳ
668 4658 715 4726 τὰς
729 4658 804 4729 ἡνίας
817 4659 863 4721 καί

87 4747 121 4805 τδι
145 4749 239 4828 κέντρα
259 4749 419 4830 προσύαλὼν
443 4750 532 4830 ἔρριψε
557 4747 626 4808 κατά
654 4752 699 4807 τοῦ
725 4747 863 4827 χάσματος

922 1158 969 1216 tes,
995 1153 1177 1220 stridoremque
1199 1156 1322 1221 rugitibus
1347 1158 1453 1210 similem
1476 1160 1662 1224 belluinumque
1679 1160 1704 1211 in

922 1274 1015 1313 morem
1030 1264 1139 1315 edentes.
1174 1266 1210 1329 (2)
1223 1268 1280 1316 Jam
1301 1270 1327 1317 et
1341 1267 1408 1319 uires
1427 1270 1521 1320 multos
1542 1268 1705 1322 barbarorum

921 1364 1081 1430 delictebsut,
1095 1368 1183 1421 solutis
1196 1371 1413 1434 laboremembris‚
1429 1379 1455 1425 et
1471 1389 1539 1425 arms
1557 1376 1649 1439 partun
1660 1374 1704 1426 ob
1757 1351 1762 1360 ’

923 1470 1097 1531 tundebantur.
1130 1475 1221 1540 partim
1246 1475 1472 1544 confringebantur,
1491 1480 1583 1544 purtim
1602 1492 1705 1546 prorsus

922 1581 993 1630 erant
1008 1579 1112 1632 inutilia.
1146 1585 1181 1647 (2)
1207 1586 1270 1635 Nam
1291 1589 1382 1650 preter
1403 1601 1517 1639 cruorem
1532 1592 1705 1639 manonteme

922 1688 1074 1750 vulneribus,
1086 1691 1188 1743 sudore
1200 1694 1297 1744 cunctis
1312 1695 1431 1747 membris
1442 1696 1548 1757 effusus,
1560 1711 1640 1761 neque
1649 1697 1702 1761 gla-

920 1791 976 1841 dios
988 1797 1074 1845 tenere
1088 1809 1168 1861 neque
1182 1802 1251 1848 scuta
1267 1799 1373 1863 sinebat,
1390 1800 1492 1852 lubricis
1504 1802 1536 1853 ad
1547 1806 1648 1868 captum
1664 1801 1703 1853 ni-

921 1898 978 1965 gitis
994 1914 1074 1966 neque
1097 1903 1147 1952 rim
1173 1903 1254 1954 luendi
1275 1907 1327 1969 jam
1354 1905 1512 1958 habentibus.
1556 1910 1590 1971 (t)
1613 1909 1704 1960 Contra

921 1992 1034 2053 Romani,
1041 1996 1142 2056 propter
1150 1992 1299 2045 indefessam
1311 1995 1488 2061 assiduamque
1498 1998 1612 2050 militiam
1623 1998 1702 2050 multo

923 2095 1000 2148 lobori
1013 2097 1114 2160 assueti,
1123 2097 1207 2161 gravia
1223 2097 1322 2151 sortiter
1337 2100 1482 2152 tolerabant.

955 2355 996 2405 ltl.
1015 2353 1050 2419 (t)
1067 2356 1152 2404 Rome
1172 2367 1250 2419 quum
1270 2353 1349 2405 multa
1367 2354 1488 2406 diuinitus
1508 2360 1622 2421 portenta
1638 2359 1703 2410 occi·

921 2455 1019 2520 θοιιιιιθ,
1040 2460 1093 2507 tum
1111 2457 1159 2507 hoc
1181 2457 1346 2522 precipuum.
1378 2459 1406 2507 ln
1432 2459 1485 2508 toro
1510 2459 1592 2512 medio
1615 2475 1704 2526 specus

921 2559 1049 2610 immeusso
1071 2557 1208 2609 altitudinis
1222 2558 1344 2617 subsedit,
1360 2557 1431 2623 isque
1445 2559 1602 2612 multosdies
1615 2563 1704 2627 perdu-

922 2660 988 2710 rarit
1001 2661 1044 2724 (2).
1078 2662 1141 2709 Tuua
1155 2674 1185 2710 ex
1202 2660 1417 2711 senatusconsulto
1434 2661 1560 2724 Sibyllinis
1581 2665 1651 2716 libn's
1670 2666 1704 2717 iu·

922 2761 1024 2825 specus,
1038 2759 1070 2810 ab
1083 2759 1115 2809 iis
1131 2774 1237 2824 quorum
1254 2774 1322 2811 curce
1336 2762 1474 2813 eaoracula
1489 2765 1621 2815 commissa
1633 2770 1704 2818 erant

922 2871 1065 2923 responsum
1079 2861 1118 2907 est
1132 2875 1137 2907 :
1149 2862 1249 2920 terram,
1261 2861 1581 2924 postquamprctiosissimn
1597 2877 1703 2928 quaeque

920 2958 1086 3006 Romanorum
1120 2955 1240 3005 orituram
1256 2955 1443 3021 absumpsisset,
1460 2959 1613 3023 multamque
1631 2961 1703 3011 dein·

924 3073 983 3125 ceps
1006 3059 1144 3109 ubertatem
1166 3073 1264 3121 eorum,
1280 3075 1337 3125 qum
1351 3062 1462 3114 immissa
1476 3062 1566 3126 forent,
1577 3065 1702 3119 exhibitu-

922 3186 983 3225 ram.
1018 3176 1051 3238 (3)
1077 3176 1137 3225 ilaec
1157 3171 1247 3224 divinis
1273 3171 1431 3234 canentibus,
1456 3172 1589 3226 libamenta
1609 3189 1655 3242 pro
1676 3189 1702 3227 se

921 3275 1026 3340 quisque
1039 3275 1071 3327 ad
1084 3275 1225 3339 voraginem
1238 3271 1372 3330 deserebat,
1389 3289 1524 3339 enruruque
1541 3290 1633 3337 rerum,
1645 3275 1703 3339 qui-

921 3372 968 3422 bus
979 3387 1050 3438 egere
1064 3375 1168 3439 patriam
1191 3373 1358 3436 existimabat,
1374 3387 1389 3424 e
1406 3374 1518 3438 trugibus
1530 3375 1632 3440 quidem
1646 3377 1699 3442 pla-

922 3479 1013 3539 centas,
1031 3480 1154 3542 primitias
1170 3494 1229 3530 vero
1244 3494 1258 3530 e
1272 3478 1376 3542 reliquis
1393 3480 1489 3542 opibus.
1515 3481 1622 3544 (t)Tum
1633 3483 1702 3531 llar-

921 3592 966 3630 cus
978 3582 1078 3644 quidam
1097 3583 1207 3643 Curtius,
1220 3583 1340 3646 juvenum
1353 3583 1557 3646 spectatissimus,
1568 3585 1662 3648 probus
1675 3590 1701 3637 et

920 3685 984 3737 bello
995 3687 1117 3751 egregius,
1130 3687 1199 3737 aditu
1212 3688 1244 3737 ad
1259 3689 1371 3738 senatum
1390 3688 1525 3751 postulato,
1538 3688 1574 3738 sit
1588 3707 1595 3739 ι
1611 3709 1623 3732 ι
1640 3691 1700 3741 Om-

922 3805 934 3829 ι
951 3785 1021 3836 nium
1037 3785 1158 3836 bonorum
1172 3800 1227 3837 essa
1242 3786 1437 3851 pulcherrimum
1457 3787 1562 3850 urbique
1576 3789 1700 3840 Romano·

922 3912 936 3941 o
949 3908 1005 3945 rum
1019 3895 1045 3944 in
1058 3894 1142 3958 primis
1153 3895 1326 3958 necessarium,
1341 3896 1452 3947 virorum
1462 3897 1551 3947 virtus.
1585 3901 1617 3963 (5)
1628 3901 1700 3959 Quod

924 4015 936 4039 a
954 3992 1013 4042 siet
1026 3991 1101 4054 huius
1117 3992 1265 4045 oblationem
1283 3994 1389 4059 aliquam
1401 3998 1466 4045 terra
1480 3995 1610 4060 acciperet.
1626 4002 1652 4051 et
1668 4001 1700 4062 is,

924 4129 936 4152 a
954 4110 1106 4161 inveniretur
1120 4107 1163 4175 qui
1180 4108 1267 4170 sponte
1290 4102 1369 4163 deret,
1383 4100 1435 4152 lore
1453 4105 1482 4152 ut
1503 4103 1593 4166 patriae
1606 4100 1701 4151 multos

922 4228 933 4251 ι
953 4209 1158 4274 μεταποιεῖται
1169 4211 1233 4256 terra
1241 4203 1334 4254 creabit
1343 4204 1387 4266 (6).
1402 4219 1413 4243 u
1423 4199 1556 4280 Hisdictis,
1567 4201 1700 4265 spondeus·

920 4324 970 4374 que
986 4324 1012 4361 se
1028 4310 1119 4361 nemini
1134 4310 1198 4359 bunc
1213 4306 1371 4358 ambitiosum
1384 4301 1501 4352 bonorem
1511 4314 1698 4359 concessurum,

921 4405 989 4458 orma
1005 4407 1094 4467 induit,
1109 4418 1250 4470 equumque
1264 4404 1409 4455 bellatorem
1422 4399 1551 4450 inscendit.
1586 4401 1621 4463 (7)
1632 4401 1697 4450 con-

918 4511 1017 4571 gregata
1039 4510 1122 4558 autem
1143 4507 1173 4556 ad
1198 4505 1366 4571 spectaculum
1382 4502 1476 4552 urbana
1495 4501 1577 4561 turba,
1593 4500 1698 4565 primum

918 4607 948 4658 ed
958 4621 1001 4658 eos
1010 4610 1134 4671 praecatus
1145 4611 1191 4665 est,
1203 4607 1240 4657 uti
1253 4606 1370 4656 euticiuia
1381 4607 1434 4653 rota
1449 4603 1565 4661 tacerent,
1577 4601 1698 4665 multique

914 4718 959 4769 viri
987 4710 1033 4761 sibi
1049 4709 1143 4761 similes
1160 4708 1216 4758 urbi
1229 4710 1393 4757 Romanorum
1408 4705 1564 4769 gignerentur
1580 4723 1585 4751 :
1609 4700 1698 4751 deiude

88 4836 188 4895 gam
219 4836 282 4896 Ἐπὶ
298 4839 412 4918 &abu-:3
430 4837 518 4898 mm
532 4835 580 4916 μὲν
601 4839 702 4916 ἱερεῖα,
718 4837 812 4895 Mol
835 4838 863 4897 δὲ
909 4808 1347 4877 lexatisequohabenissubditisquc
1358 4806 1505 4860 calcaribus,
1518 4803 1575 4852 seiu
1591 4816 1697 4865 specum

88 4922 201 5005 καρποί,
217 4926 303 4985 πολλά
318 4927 345 4986 di
367 4927 512 5008 χρήματα,
532 4924 614 4992 πολύς
632 4925 660 4984 δὲ
675 4924 774 5002 κόσμος
789 4927 864 4997 ἐσθῆ-

88 5036 144 5088 τος,
167 5013 264 5073 πολλαί
280 5013 307 5072 δὲ
324 5015 446 5094 ἀπαρχαί
468 5018 617 5092 συμπασῶν
631 5016 731 5094 τεχνῶν
747 5012 863 5094 δημοσία

88 5104 158 5163 κατὰ
173 5107 219 5162 τοῦ
234 5098 373 5180 χάσματος
385 5101 543 5185 θρρίφησανρ
559 5102 605 5163 καί
620 5101 715 5162 αὐτίκα
728 5104 745 5174 ἡ
757 5105 792 5180 γῆ
805 5125 865 5163 συν·

87 5197 176 5266 ἦλθεν.
194 5191 297 5252 Ambe.

196 5315 309 5355 nituisti.

918 4915 1020 4968 immisit
1037 4915 1080 4978 (8).
1115 4913 1194 4975 Super
1210 4924 1267 4960 eum
1281 4912 1365 4959 autem
1380 4906 1463 4957 multae
1474 4904 1561 4953 nostin
1576 4907 1600 4952 et
1614 4903 1697 4967 imges

917 5016 1004 5066 multae
1027 5027 1087 5078 opes
1102 5011 1258 5074 vestiumque
1279 5011 1381 5059 emotus
1403 5009 1427 5055 et
1446 5018 1475 5054 er
1488 5003 1578 5067 quovis
1593 5002 1697 5054 ortilicio

918 5117 1009 5170 selecta
1021 5115 1101 5179 capita
1115 5112 1214 5179 publice
1226 5114 1341 5174 congesta
1355 5111 1413 5158 suut
1427 5127 1433 5155 ι
1447 5103 1613 5170 contiamoquc
1629 5110 1697 5159 terra

918 5217 1048 5284 pristinum
1063 5217 1154 5265 statum
1168 5209 1330 5276 recuperarit.
1571 5288 1585 5335 4

1589 5306 1603 5336 i)
