3772 5828
170 291 232 352 632
703 287 869 350 nioslsn
890 288 1267 353 nnnrcanssssnnsls

169 450 183 477 ιι
197 422 256 482 τότε
273 421 366 483 πολλοὶ
385 424 432 480 ὑπ’
457 418 611 501 ιἰμροτέρων
626 420 713 500 λόγοι,
735 426 788 481 τῶν
806 444 835 481 τε
851 444 952 499 παραι-

169 539 182 563 ιι
197 509 310 569 νούντων
324 507 396 569 κατὰ
404 508 500 586 νόμους
509 507 708 582 πολιτεύεσθαι,
721 511 831 570 καὶτῶν
848 508 949 578 άξιούν·

169 626 182 651 ιι
196 622 248 658 των
263 599 322 666 τοὺς
333 597 459 678 πατρίους
471 597 611 676 φυλάττειν
623 598 757 673 ἐθισμούς,
773 598 871 659 Ἐνίκα
887 597 915 657 δί
931 602 947 669 ἦ

169 716 182 738 ιι
197 691 248 747 τῶν
261 689 296 753 εἰς
307 688 392 746 νέωτα
403 686 553 763 μελλόντων
565 685 705 745 ύιτατεύειν
717 684 821 766 γνώμη,
833 686 865 759 ἣν
880 685 948 748 Ἀπ-

126 799 141 838 ο
170 803 182 827 ι
196 798 255 843 πιος
265 775 395 843 Κλαύδιος
409 779 513 854 πρῶτος
527 774 665 854 ἐρωτηθεὶς
676 774 840 856 άπιρήνατο,
853 775 950 855 ἄνδρας

170 891 181 915 ιι
199 866 334 943 αἱρεθῆναι
349 861 413 922 δέκα
428 862 487 930 τοὺς
499 862 722 941 ἐπιφανεστάτους
734 866 764 923 ἐκ
772 869 819 935 τῆς
834 866 942 944 βουλῆς.

169 979 182 1002 ιι
197 953 312 1016 Ἰὀύτους
333 952 355 1011 δ’
377 953 468 1033 άρχειν
484 953 519 1018 είς
534 949 666 1025 ἐνιαυτόν,
681 954 727 1033 ἄρ’
744 943 774 1024 ἧς
789 951 821 1010 ἂν
836 954 949 1014 ἀποδει-

168 1068 181 1091 ι
196 1045 294 1120 χθῶσιν
306 1041 417 1120 ἡμέρας,
429 1039 546 1108 ἐξουσίαν
558 1038 667 1119 ἔχοντας
678 1039 744 1120 ύπέρ
757 1040 944 1101 άπάντωντῶν

168 1155 180 1179 ι
196 1130 265 1189 κατὰ
279 1128 327 1202 τὴν
338 1130 427 1203 πολιν,
439 1130 472 1201 ἣν
487 1119 557 1209 εἶχον
570 1126 597 1187 οἵ
608 1152 637 1187 τε
652 1128 749 1188 ὕπατοι
762 1130 809 1188 καὶ
826 1129 866 1189 έτι
878 1128 945 1208 πρό-

115 1231 140 1273 10
168 1246 180 1270 ι
196 1242 270 1298 τερον
282 1223 307 1278 οί
323 1220 459 1298 βασιλεῖς,
474 1219 521 1285 τάς
535 1243 564 1279 τε
575 1218 657 1285 όλλας
669 1216 753 1299 ἀρχλς
768 1218 875 1283 ύπάσας
895 1241 947 1277 κα-

168 1334 181 1359 ιι
194 1309 371 1381 ταλιλΰσθαι,
396 1308 445 1374 έιυς
464 1306 495 1366 διν
518 1309 542 1366 οἱ
566 1305 630 1366 δέκα
655 1306 758 1387 τύχωσι
780 1310 827 1378 τῆς
850 1309 944 1386 ἀρχῆς.

167 1422 180 1446 ιι
193 1396 350 1462 Τοότουςδέ
370 1394 431 1462 τοὺς
453 1395 548 1473 ἄνδρας
571 1395 602 1454 ἐκ
621 1418 650 1454 τε
671 1399 723 1454 τῶν
739 1395 857 1475 πατρίων
880 1401 944 1457 ἐθῶν

167 1510 180 1533 ιι
195 1485 241 1541 καί
260 1486 290 1542 εἰι
300 1488 353 1543 τῶν
366 1483 530 1555 Ἑλληνικῶν
539 1483 636 1561 νόμων,
647 1484 691 1551 οθς
706 1484 833 1563 ἐκόμισαν
845 1488 868 1543 οί
880 1484 945 1565 πρέ-

167 1599 179 1623 ιι
194 1571 280 1645 σόεις,
296 1569 482 1647 ἐκλεξαμένους
497 1570 531 1629 τό
545 1571 675 1651 κράτιστα
687 1571 733 1631 καί
752 1577 785 1652 τῇ
800 1570 943 1651 Ῥωμαίων

114 1679 138 1718 ιο
167 1687 179 1709 ιι
196 1658 271 1717 πόλει
285 1658 423 1740 πρόσρορα
438 1658 669 1736 νομοθετήσεοθαι.
711 1663 737 1721 Τ
738 1659 756 1719 δ
768 1660 796 1719 δὲ
810 1658 944 1741 γραρίντα

167 1772 179 1797 ιι
196 1745 246 1804 ὑπὸ
270 1750 322 1805 τῶν
337 1746 399 1805 δέκα
424 1748 538 1827 ἀνδρῶν,
559 1747 604 1809 ἐὰν
619 1746 638 1818 ἥ
653 1770 682 1806 τε
705 1745 788 1827 βουλὴ
809 1747 942 1828 δοκιμάση

166 1863 179 1886 ιι
193 1835 239 1894 καί
263 1839 277 1893 ό
303 1837 385 1913 δῆμος
411 1837 576 1917 ἐπιψηρίοῃ,
603 1835 681 1916 κύρια
705 1838 741 1903 alc
768 1838 812 1897 τὸν
839 1837 944 1895 ἅπαντα

165 1951 177 1974 ι
193 1913 259 1982 εἶναι
283 1924 392 2004 χρόνον,
422 1925 468 1983 καὶ
495 1925 541 1992 τδις
564 1923 665 2004 άρχδις,
692 1921 752 1983 όσαι
775 1920 812 1983 διν
836 1925 943 2002 ύστερον

166 2039 178 2063 ιι
195 2013 386 2094 ἀποδειχθῶσι,
401 2013 469 2072 saal
481 2014 586 2079 τούτους
602 2011 661 2079 τοὺς
675 2011 767 2088 νόμους
779 2012 814 2071 τά
827 2035 855 2071 τε
871 2014 944 2070 ἰδιω-

111 2118 138 2158 ab
165 2128 178 2152 ιι
191 2103 253 2161 τικδι
277 2101 427 2178 ουμόόλαια
452 2101 579 2181 διαιρεῖν,
595 2101 640 2159 καὶ
655 2099 690 2159 τά
706 2101 821 2176 δημόσια
836 2102 942 2178 ἐπιτρο-

165 2215 178 2240 u
194 2192 293 2250 πεύειν.
311 2220 324 2241 u

204 2279 280 2338 Lvl.
316 2280 403 2338 Τοῦτο
425 2277 456 2337 τό
485 2278 571 2356 δόγμα
595 2277 720 2345 λαθόντες
757 2283 781 2339 ol
809 2280 943 2359 δήμαρχοι

163 2367 294 2444 προῆλθον
310 2366 346 2432 είς
359 2363 406 2436 τὴν
426 2366 587 2439 ἐκκλησίαν,
610 2367 656 2426 καί
682 2366 836 2445 ἀναγνόντες
861 2370 888 2427 ἐν
903 2371 941 2448 τῷ

164 2453 241 2533 δήμῳ
253 2453 366 2520 πολλοὺς
386 2454 508 2522 ἐπαίνους
521 2461 567 2525 τῆς
584 2457 678 2533 βουλῆς
694 2458 740 2514 καὶ
759 2461 804 2515 τοῦ
826 2456 939 2536 προθέν·

110 2567 136 2606 aa
163 2564 206 2609 τος
219 2542 268 2614 τὴν
279 2542 386 2620 γνώμην
401 2542 530 2614 Ἀππίου,
544 2542 684 2614 διεξῆλθον.
696 2544 775 2604 Ἐπεί
785 2543 813 2603 δὲ
828 2547 941 2604 κατέλα-

165 2631 209 2689 ύεν
224 2634 306 2689 ὁτῶν
322 2631 498 2713 ἀρχαιρεσίων
511 2631 611 2710 καιρός,
626 2632 767 2705 ἐκκλησίαν
782 2633 942 2713 συναγαγόν-

163 2742 205 2786 τες
219 2723 243 2779 οί
256 2721 400 2799 δήμαρχοι,
412 2720 471 2787 τούς
481 2742 510 2780 τε
521 2720 725 2799 ἀποδειχθέντας
739 2723 853 2789 ὑπάτους
866 2722 939 2793 ἥκειν

164 2808 267 2880 ἠξίουν,
280 2809 481 2884 ἐμπεδώσοντας
493 2814 532 2886 τῷ
547 2808 624 2889 δήμῳ
639 2808 686 2877 τὰς
703 2810 874 2890 ὑποσχέσεις,
890 2814 940 2870 καὶ·

164 2903 244 2955 κεῖνοι
261 2896 432 2976 παρελθόντες
450 2897 616 2973 ἐξωμόσαντο
630 2896 678 2963 τάς
693 2899 829 2962 ὑπατείας.
873 2898 940 2958 Τού·

109 3009 137 3048 so
164 3007 222 3051 τους
236 2988 250 3043 ό
263 2986 344 3062 δῆμος
359 2987 473 3042 ἐπαινῶν
494 3008 522 3042 τε
537 2987 582 3042 καί
600 2985 740 3059 θαυμάζων
754 2984 860 3044 διετέλει
882 2986 938 3056 καί,

163 3073 252 3146 ἐπειδὴ
282 3072 341 3141 τοὺς
367 3071 509 3149 νομοθέτας
533 3077 693 3153 ψηρορορεὶν
724 3074 792 3148 ἐδτι,
822 3072 939 3152 πρώτους

163 3165 246 3224 είλετο
266 3168 317 3223 τῶν
341 3162 445 3221 ἄλλων·
470 3161 515 3218 καί
546 3160 740 3238 ἀπεδείχθησαν
768 3164 795 3218 ἐν
812 3162 938 3239 ἀρχαιρε-

163 3255 231 3321 σίαις
266 3253 316 3311 ὑπὸ
348 3254 394 3320 τῆς
428 3250 558 3330 λοχίτιδος
582 3248 722 3319 ἐκκλησίας
752 3244 862 3316 Ἄππιος
885 3251 933 3327 μὲν

164 3342 295 3407 Κλαύδιος
311 3342 356 3399 καὶ
378 3336 458 3404 Τίτος
482 3337 616 3408 Γενύκιος,
645 3335 687 3403 οὒς
708 3335 759 3395 ἔδει
782 3339 817 3404 είς
832 3339 938 3398 τούπιὸν

124 3457 136 3491 n
164 3429 254 3509 ἄρχειν
268 3430 339 3498 ἔτος,
357 3427 472 3493 Πόπλιος
486 3426 513 3485 δὲ
530 3426 652 3496 Σήστιος,
663 3431 677 3484 ό
689 3426 732 3484 τὀν
746 3428 860 3486 ἐνιαυτὸν
871 3430 937 3486 ἐκεῖ·

164 3541 205 3577 νον
225 3516 380 3588 ὑπατεύειν,
397 3523 465 3595 τρεῖς
478 3515 504 3573 δέ
515 3519 537 3574 οἱ
550 3514 704 3591 κομίσαντες
718 3516 791 3594 παρὰ
804 3518 857 3573 τῶν
872 3516 935 3577 Ἔλ-

163 3605 248 3675 λήνων
262 3605 321 3668 τοὺς
335 3605 446 3680 νόμους,
461 3604 571 3682 Σπόριος
583 3603 747 3679 Ποστόμιος,
759 3605 803 3662 καί
816 3606 937 3683 Σερούϊος

164 3694 322 3769 Σολπίκιος,
338 3696 383 3753 καὶ
400 3686 485 3762 Αὖλος
507 3695 638 3770 Μάλλιος,
654 3684 690 3760 είς
708 3694 735 3752 δὲ
749 3699 801 3753 τῶν
826 3701 940 3754 ὑπατευ-

163 3781 264 3840 σάντων
279 3784 321 3841 τὀν
345 3782 506 3862 παρελθόντα
525 3782 641 3840 ἐνιαυτὸν
653 3785 732 3848 Τίτος
748 3782 908 3861 Ῥωμίλιος,
924 3787 939 3842 ό

163 3871 210 3940 τὴν
219 3874 245 3928 ἐν
259 3875 295 3949 τῷ
306 3871 383 3951 δήμῳ
394 3871 468 3939 δίκην
483 3870 590 3928 Σικκίου
603 3869 832 3946 κατηγορήσαντος
847 3871 935 3941 ἁλούς,

166 3958 255 4027 ἐπειδὴ
281 3960 387 4034 γνώμης
409 3958 491 4017 ἐδόκει
511 3958 587 4036 ἄρξαι
608 3959 765 4031 δημοτικῆς·
787 3958 862 4017 ἐκδὲ
884 3965 936 4017 τῶν

165 4045 252 4102 ἄλλων
270 4050 414 4122 βουλευτῶν
434 4049 512 4113 Γάϊος
527 4048 647 4115 Ἰούλιος,
667 4047 712 4103 καὶ
730 4047 807 4112 Τίτος
824 4049 940 4107 Οὐετού-

166 4155 237 4210 ριος,
271 4136 316 4191 καὶ
350 4135 464 4202 Πόπλιος
489 4135 626 4214 Ὁράτιος,
655 4134 767 4202 ἅπαντες
800 4138 939 4197 ὑπατικοί·

165 4223 192 4278 at
208 4222 235 4279 δὲ
252 4224 303 4279 τῶν
318 4223 462 4301 δημάρχων
477 4248 505 4283 τε
521 4225 566 4282 καὶ
579 4223 749 4302 ἀγορανόμων
762 4224 808 4282 καί
825 4232 940 4302 ταμιῶν,

125 4334 133 4369 ι
164 4310 210 4367 καὶ
225 4308 323 4375 εἴτινες
340 4302 406 4381 ἦσαν
424 4314 503 4369 οἷλλαι
513 4315 617 4393 πάτριοι
635 4312 776 4388 Ῥωμαίοις
794 4317 874 4395 ἀρχαὶ
893 4340 943 4376 κα-

165 4398 319 4469 τελύθηοαν.

204 4489 291 4548 Ll'll.
315 4490 361 4567 Τῷ
373 4491 394 4545 δ’
408 4489 465 4560 ἑξῆς
480 4491 542 4562 ἔτει,
557 4492 757 4572 παραλαύόντες
770 4494 941 4569 nicopolitas

164 4575 196 4632 τδι
216 4576 361 4654 πράγματα
385 4579 517 4646 πολιτείας
545 4581 642 4657 κόσμον
664 4582 760 4640 τοιόνδε
784 4583 842 4639 τινὰ
867 4585 942 4641 καθί-

165 4687 286 4721 στανται·
304 4656 339 4732 εἷς
353 4664 400 4741 μὲν
416 4669 500 4724 αὐτῶν
515 4668 601 4727 πάττε
618 4669 726 4748 pitina:
742 4671 786 4728 καὶ
807 4671 839 4727 τὰ
860 4672 939 4729 λοιπδι

110 4785 136 4819 τι.
164 4753 313 4832 παράσημα
338 4760 382 4827 τῆς
403 4758 531 4826 ύπατικῆς
551 4747 620 4835 εἶχεν
646 4758 778 4827 ἐξουσίας,
801 4759 827 4824 ὃς
844 4762 939 4836 βουλήν

165 4862 192 4896 τε
207 4843 343 4901 συνεκάλει
356 4844 401 4902 καὶ
414 4843 534 4920 δόγματα
547 4844 674 4922 ἐπεκύρου
687 4848 732 4903 καί
744 4848 828 4904 τᾶλλα
841 4848 940 4924 ἔπρατ-

164 4949 205 4984 τεν
220 4930 268 4986 ὅσα
283 4934 393 5008 ἡγεμόνι
407 4937 537 5008 προσῆκεν
552 4956 557 4966 ·
571 4935 595 4989 οἱ
612 4933 637 4989 δὲ
651 4934 738 5007 ἄλλοι,
755 4935 939 4999 συστέλλοντες

164 5015 206 5072 ἐπὶ
234 5017 264 5073 τὸ
295 5020 502 5096 δημοτικώτερον
530 5019 559 5076 τὸ
580 5023 627 5090 τῆς
656 5019 774 5088 ἐξουσίας
800 5024 938 5103 ἐπίρθονον

162 5102 243 5183 ύλίγιμ
264 5107 314 5162 τινί
339 5109 494 5179 διήλλαττον
520 5109 631 5186 ὁρθῆναι
655 5112 706 5166 τῶν
733 5111 852 5167 πολλῶν·
881 5101 938 5168 εἶτα

1004 444 1078 495 quana
1087 432 1119 482 ab
1131 431 1171 493 iis,
1184 432 1228 495 qui
1239 432 1333 496 patrios
1344 443 1424 481 mores
1433 432 1572 482 servandos
1580 431 1740 485 censebant.
1752 434 1800 487 sad

1004 566 1124 616 senmntia
1137 565 1266 617 consulum
1283 566 1308 616 in
1331 565 1472 630 proximum
1486 578 1581 617 aunum
1604 567 1803 634 designatomrn

1004 697 1071 757 ricit,
1084 710 1163 760 quam
1184 706 1246 763 app.
1263 697 1390 760 Claudius,
1403 699 1484 763 primo
1496 698 1553 750 loco
1573 705 1695 766 rugatus,
1710 704 1778 756 dixit
1795 727 1802 757 :

1004 843 1017 867 ι
1032 827 1061 875 ut
1077 824 1212 876 decemviri
1227 826 1343 889 saltatorii
1355 826 1448 878 ordinis
1465 827 1616 882 nobilissimi
1631 832 1802 898 eligerentur,

1004 978 1018 1005 ιι
1030 973 1165 1025 eorumque
1192 960 1323 1025 imperinm
1348 962 1414 1013 esset
1438 975 1549 1013 manum
1570 963 1604 1015 ab
1624 978 1660 1017 eo
1673 965 1729 1030 die,
1751 984 1805 1033 quo

1005 1112 1018 1137 ι
1032 1093 1106 1144 creati
1124 1093 1236 1153 inissent,
1256 1097 1281 1143 ct
1296 1092 1373 1144 totius
1389 1093 1532 1160 reipublicu
1545 1095 1801 1152 administrationem

1003 1242 1017 1269 ιι
1030 1223 1160 1280 baberent,
1174 1238 1232 1274 cum
1241 1237 1270 1275 ea
1281 1227 1414 1289 potastnte,
1431 1239 1482 1289 qua
1491 1232 1551 1277 tnnc
1565 1230 1690 1282 consules
1700 1235 1800 1297 proditi

1005 1373 1017 1397 ι
1029 1358 1113 1413 erant,
1133 1356 1158 1405 et
1177 1367 1254 1418 quarn
1274 1368 1343 1419 reges
1363 1354 1442 1406 multo
1459 1361 1518 1407 unte
1532 1357 1698 1421 babuerunt;
1726 1369 1799 1417 mre.

1004 1509 1016 1531 ι
1031 1488 1115 1552 risque
1135 1502 1221 1540 omnes
1236 1489 1393 1553 magistratus
1407 1492 1598 1564 abrogarentur,
1613 1496 1700 1549 donec
1709 1504 1798 1564 poster

1005 1639 1017 1662 ι
1032 1632 1064 1669 ex
1086 1619 1182 1683 legibus
1203 1621 1278 1670 crcati
1300 1620 1420 1682 tuissenl;
1435 1623 1665 1691 utquedeprinutis
1676 1637 1797 1683 contrac-

1004 1768 1016 1791 ι
1029 1748 1097 1799 tibus
1108 1754 1299 1813 cognoscerent,
1311 1754 1337 1803 ct
1355 1752 1451 1817 publicu
1473 1756 1574 1821 negotia
1584 1768 1764 1824 procurarent.
1780 1787 1794 1810 s

1032 2286 1093 2336 Lt'l.
1108 2287 1222 2349 tribuni,
1249 2288 1298 2338 boc
1315 2285 1654 2352 senatusconsultoannepto,
1667 2288 1695 2339 iu
1713 2303 1780 2342 con-

1002 2376 1097 2428 cionem
1110 2380 1248 2445 progressi,
1271 2392 1352 2443 eoque
1362 2379 1429 2442 apud
1448 2379 1564 2445 popnlrun
1580 2381 1781 2440 mitulusena·

1001 2472 1065 2526 turn,
1091 2472 1258 2535 Appiumque,
1293 2472 1347 2535 ejus
1379 2472 1510 2522 sententiaa
1531 2475 1673 2535 annonem,
1695 2478 1784 2527 multis

1001 2562 1117 2612 laudibus
1145 2565 1296 2614 extulerunt.
1330 2562 1442 2625 Deinde,
1469 2563 1513 2615 ubl
1544 2565 1598 2617 dics
1622 2567 1785 2620 comitiorum

1002 2658 1078 2716 venit,
1102 2658 1203 2717 tribuni,
1225 2656 1316 2722 populo
1332 2657 1363 2707 acl
1380 2657 1526 2709 concionem
1551 2665 1704 2724 murocato,
1723 2679 1785 2715 cun·

1002 2752 1068 2801 sules
1079 2764 1176 2814 quoque
1188 2751 1330 2812 ‹lesignatos
1347 2751 1434 2801 adosse
1458 2752 1601 2816 iusserunt.
1621 2757 1651 2805 nt
1663 2759 1785 2820 promissa

1003 2843 1094 2909 populo
1117 2847 1273 2906 praestarcnt3
1293 2847 1370 2906 atquc
1401 2842 1445 2904 illi,
1464 2843 1491 2894 in
1514 2845 1626 2897 medium
1652 2852 1784 2912 progressi,

1001 2942 1129 2990 consulatu
1151 2953 1178 2990 se
1209 2938 1363 2988 abdicarunt.
1407 2939 1458 2989 llos
1483 2941 1591 3004 populus
1624 2941 1785 2995 veliementer

1002 3031 1121 3089 laudarit,
1134 3030 1320 3094 admiratusque
1336 3034 1373 3081 est
1384 3051 1390 3089 ;
1401 3034 1426 3081 ct
1440 3044 1518 3094 quum
1535 3032 1618 3096 legum
1638 3035 1782 3087 condenda·

1003 3140 1056 3174 curu
1069 3124 1148 3188 gratia
1159 3122 1291 3173 decemviri
1313 3122 1410 3173 creandi
1427 3126 1519 3184 essent,
1534 3139 1578 3176 ens
1594 3128 1689 3191 primos
1699 3131 1783 3194 clegit.

1002 3229 1132 3292 Creuitque
1153 3231 1210 3276 sunt
1233 3226 1378 3277 centuriatis
1396 3226 1500 3277 comitiis
1527 3231 1588 3294 App.
1623 3230 1740 3282 claudius
1755 3236 1783 3283 ct

1001 3328 1029 3376 Τ.
1048 3323 1180 3384 Genucius,
1192 3322 1235 3388 qui
1249 3322 1273 3371 in
1289 3335 1379 3371 annum
1388 3322 1527 3386 proximum
1537 3324 1653 3374 consulas
1663 3325 1782 3391 designati

1002 3420 1146 3477 tucran13ct
1158 3430 1215 3465 cum
1228 3417 1266 3466 bis
1278 3418 1306 3464 P.
1319 3415 1422 3469 Sestius.
1435 3416 1499 3467 illius
1510 3419 1567 3468 anni
1579 3419 1684 3479 consnl;
1698 3424 1784 3472 cttrcs

1001 3516 1082 3580 legati,
1096 3516 1138 3578 qui
1162 3515 1229 3578 lcgcs
1253 3512 1379 3562 aurosis
1400 3511 1545 3571 attulerant,
1575 3517 1603 3565 P.
1624 3516 1785 3575 Postumius,

1000 3617 1054 3665 Sex.
1071 3612 1200 3677 Sulpicius,
1214 3617 1241 3660 Α.
1268 3611 1391 3669 ltanlius3
1413 3613 1438 3661 et
1456 3623 1519 3659 unus
1533 3622 1563 3659 cn
1576 3611 1713 3675 superioris
1727 3612 1788 3663 anni

1002 3706 1151 3765 consulibus,
1167 3708 1195 3754 Τ.
1213 3703 1331 3753 Romilius
1343 3706 1393 3768 qui,
1410 3719 1425 3755 a
1447 3701 1527 3754 Siccio
1549 3707 1684 3753 accusatus
1698 3709 1724 3756 et
1736 3720 1786 3770 po-

1001 3801 1051 3865 puli
1058 3798 1150 3862 judicio
1170 3798 1319 3858 damnatus,
1341 3804 1399 3849 tunc
1416 3802 1497 3850 tamen
1514 3799 1642 3849 sententiaa
1655 3800 1787 3863 popularis

999 3907 1087 3953 auctor
1106 3900 1181 3950 tuisse
1207 3895 1366 3954 ridebantur,
1394 3898 1470 3945 etex
1492 3893 1594 3958 reliquis
1624 3895 1786 3946 senatoribus

1000 3995 1027 4044 c.
1052 3992 1142 4050 lulius,
1160 3993 1189 4039 T.
1206 3986 1354 4045 venturius,
1378 3988 1403 4035 ct
1418 3987 1445 4034 P.
1461 3984 1596 4043 Horatius,
1615 3998 1703 4036 omnes
1723 4002 1787 4038 con·

1000 4082 1107 4144 sulares;
1133 4081 1289 4132 tribunorum
1317 4095 1389 4141 vcro,
1416 4079 1540 4136 sastilium,
1564 4083 1734 4142 quaestorum,
1756 4083 1782 4129 ct

1000 4179 1083 4243 siqui
1110 4178 1150 4228 alii
1174 4175 1246 4241 patrii
1268 4175 1426 4239 magistratus
1450 4177 1533 4225 Romae
1559 4177 1645 4231 erant,
1668 4172 1782 4236 abrogati

999 4277 1064 4323 sunt.

1029 4499 1103 4548 Ll'll.
1121 4500 1189 4547 tuno
1201 4496 1321 4558 sequenti,
1346 4493 1480 4544 ‹leccnuiri
1496 4493 1576 4555 logum
1594 4488 1783 4542 condendarum

999 4602 1086 4636 caussa
1104 4586 1189 4646 errati,
1201 4585 1318 4635 assumtis
1344 4583 1485 4648 republican
1503 4581 1691 4644 gubernaculis,
1705 4579 1782 4630 lolem

998 4675 1103 4723 ciuitatis
1116 4675 1219 4723 turmam
1243 4673 1433 4722 constituerunt.
1468 4673 1556 4720 Fasces
1575 4669 1711 4732 etreliqua
1721 4682 1782 4718 con·

999 4764 1225 4825 suturisputcstatis
1239 4762 1341 4823 insignia
1358 4774 1522 4824 prenestinum
1539 4772 1624 4808 eorum
1640 4762 1721 4817 crant,
1736 4761 1783 4821 qui

997 4855 1110 4901 senatum
1131 4851 1293 4903 convocabat.
1315 4850 1413 4900 dccrcta
1436 4848 1611 4905 coratirmabat,
1632 4851 1773 4910 caeteraque

997 4942 1078 4989 ruuuia
1097 4939 1190 4998 nutribat,
1205 4954 1260 5002 qrrae
1276 4940 1306 4988 art
1317 4939 1406 4988 duceni
1418 4939 1589 5002 pertinebant:
1605 4937 1692 5001 rcliqui
1707 4950 1777 4989 cero.

996 5030 1026 5077 acl
1040 5028 1198 5078 minucndaru
1213 5029 1342 5091 potcstatis
1357 5027 1474 5077 invidiam
1485 5066 1490 5085 ,
1503 5026 1588 5076 babitu
1610 5041 1658 5076 non
1670 5025 1776 5075 multum

995 5132 1008 5165 a
1023 5117 1125 5180 privatis
1141 5116 1306 5166 ditlcrebaut:
1328 5117 1414 5167 deinde
1440 5116 1503 5166 allus
1521 5129 1610 5165 rursus
1622 5129 1645 5166 cr
1660 5116 1779 5180 potestati
