<?xml version="1.0" encoding="UTF-8"?>
<!DOCTYPE html PUBLIC "-//W3C//DTD XHTML 1.0 Transitional//EN"
    "http://www.w3.org/TR/xhtml1/DTD/xhtml1-transitional.dtd">
<html xmlns="http://www.w3.org/1999/xhtml" xml:lang="en" lang="en">
 <head>
  <title>
</title>
<meta http-equiv="Content-Type" content="text/html;charset=utf-8" />
  <meta name='ocr-system' content='tesseract 3.04.00' />
  <meta name='ocr-capabilities' content='ocr_page ocr_carea ocr_par ocr_line ocrx_word'/>
</head>
<body>
  <div class='ocr_page' id='page_1' title='image "./dionysiihalicar00prougoog_0635.png"; bbox 0 0 3772 5828; ppageno 0'>
   <div class='ocr_carea' id='block_1_1' title="bbox 201 368 262 429">
    <p class='ocr_par' dir='ltr' id='par_1_1' title="bbox 201 368 262 429">
     <span class='ocr_line' id='line_1_1' title="bbox 201 368 262 429; baseline 0 0"><span class='ocrx_word' id='word_1_1' title='bbox 201 368 262 429; x_wconf 79' lang='lat'>596</span> 
     </span>
    </p>
   </div>
   <div class='ocr_carea' id='block_1_2' title="bbox 144 491 983 5266">
    <p class='ocr_par' dir='ltr' id='par_1_2' title="bbox 201 491 977 573">
     <span class='ocr_line' id='line_1_2' title="bbox 201 491 977 573; baseline -0.006 -16"><span class='ocrx_word' id='word_1_2' title='bbox 201 521 259 565; x_wconf 89' lang='grc' dir='ltr'>νους</span> <span class='ocrx_word' id='word_1_3' title='bbox 276 499 357 566; x_wconf 79' lang='grc' dir='ltr'>αὐτῆς</span> <span class='ocrx_word' id='word_1_4' title='bbox 378 495 472 559; x_wconf 99' lang='grc' dir='ltr'>τόπους</span> <span class='ocrx_word' id='word_1_5' title='bbox 492 492 604 559; x_wconf 76' lang='grc' dir='ltr'>πολλοὺς</span> <span class='ocrx_word' id='word_1_6' title='bbox 631 491 730 573; x_wconf 78' lang='grc' dir='ltr'>σρόδρα</span> <span class='ocrx_word' id='word_1_7' title='bbox 746 493 840 571; x_wconf 83' lang='grc' dir='ltr'>ὄντας,</span> <span class='ocrx_word' id='word_1_8' title='bbox 858 497 882 554; x_wconf 85' lang='grc' dir='ltr'>οῖ</span> <span class='ocrx_word' id='word_1_9' title='bbox 899 497 922 554; x_wconf 86' lang='grc' dir='ltr'>δ’</span> <span class='ocrx_word' id='word_1_10' title='bbox 941 498 977 563; x_wconf 89' lang='grc' dir='ltr'>εἰς</span> 
     </span>
    </p>

    <p class='ocr_par' dir='ltr' id='par_1_3' title="bbox 200 580 977 665">
     <span class='ocr_line' id='line_1_3' title="bbox 200 580 977 665; baseline -0.006 -18"><span class='ocrx_word' id='word_1_11' title='bbox 200 585 234 647; x_wconf 76' lang='grc' dir='ltr'>τὰ</span> <span class='ocrx_word' id='word_1_12' title='bbox 249 583 432 665; x_wconf 77' lang='grc' dir='ltr'>παρακείμενα</span> <span class='ocrx_word' id='word_1_13' title='bbox 450 581 541 643; x_wconf 89' lang='grc' dir='ltr'>πεδία.</span> <span class='ocrx_word' id='word_1_14' title='bbox 565 580 649 642; x_wconf 85' lang='grc' dir='ltr'>Ὅσοι</span> <span class='ocrx_word' id='word_1_15' title='bbox 663 581 686 639; x_wconf 88' lang='grc' dir='ltr'>δ’</span> <span class='ocrx_word' id='word_1_16' title='bbox 708 581 813 653; x_wconf 75' lang='grc' dir='ltr'>ἡλικίας</span> <span class='ocrx_word' id='word_1_17' title='bbox 827 584 853 642; x_wconf 83' lang='grc' dir='ltr'>ἰν</span> <span class='ocrx_word' id='word_1_18' title='bbox 870 586 908 664; x_wconf 76' lang='grc' dir='ltr'>τῷ</span> <span class='ocrx_word' id='word_1_19' title='bbox 923 607 977 642; x_wconf 89' lang='grc' dir='ltr'>πα-</span> 
     </span>
    </p>

    <p class='ocr_par' dir='ltr' id='par_1_4' title="bbox 202 664 978 754">
     <span class='ocr_line' id='line_1_4' title="bbox 202 664 978 754; baseline -0.006 -21"><span class='ocrx_word' id='word_1_20' title='bbox 202 674 350 754; x_wconf 86' lang='grc' dir='ltr'>ρηκμακότι</span> <span class='ocrx_word' id='word_1_21' title='bbox 364 664 433 744; x_wconf 69' lang='grc' dir='ltr'>ἦσαν</span> <span class='ocrx_word' id='word_1_22' title='bbox 447 672 493 730; x_wconf 80' lang='grc' dir='ltr'>καὶ</span> <span class='ocrx_word' id='word_1_23' title='bbox 508 670 599 749; x_wconf 81' lang='grc' dir='ltr'>ρῶμης</span> <span class='ocrx_word' id='word_1_24' title='bbox 614 669 738 744; x_wconf 79' lang='grc' dir='ltr'>σώματος</span> <span class='ocrx_word' id='word_1_25' title='bbox 754 671 780 728; x_wconf 83' lang='grc' dir='ltr'>ἰν</span> <span class='ocrx_word' id='word_1_26' title='bbox 793 672 832 750; x_wconf 84' lang='grc' dir='ltr'>τῷ</span> <span class='ocrx_word' id='word_1_27' title='bbox 849 669 978 751; x_wconf 77' lang='grc' dir='ltr'>ἀδυνάτῳ,</span> 
     </span>
    </p>

    <p class='ocr_par' dir='ltr' id='par_1_5' title="bbox 200 755 978 840">
     <span class='ocr_line' id='line_1_5' title="bbox 200 755 978 840; baseline -0.008 -17"><span class='ocrx_word' id='word_1_28' title='bbox 200 763 235 823; x_wconf 71' lang='grc' dir='ltr'>τὰ</span> <span class='ocrx_word' id='word_1_29' title='bbox 252 763 316 840; x_wconf 91' lang='grc' dir='ltr'>τέγη</span> <span class='ocrx_word' id='word_1_30' title='bbox 330 765 381 820; x_wconf 89' lang='grc' dir='ltr'>τῶν</span> <span class='ocrx_word' id='word_1_31' title='bbox 400 763 488 820; x_wconf 87' lang='grc' dir='ltr'>οἰκιῶν</span> <span class='ocrx_word' id='word_1_32' title='bbox 504 766 626 836; x_wconf 84' lang='grc' dir='ltr'>κατεῖχον</span> <span class='ocrx_word' id='word_1_33' title='bbox 647 755 704 831; x_wconf 86' lang='grc' dir='ltr'>άμα</span> <span class='ocrx_word' id='word_1_34' title='bbox 719 756 855 834; x_wconf 81' lang='grc' dir='ltr'>γυναιξίν,</span> <span class='ocrx_word' id='word_1_35' title='bbox 876 763 912 824; x_wconf 85' lang='grc' dir='ltr'>ὡς</span> <span class='ocrx_word' id='word_1_36' title='bbox 926 760 978 817; x_wconf 84' lang='grc' dir='ltr'>ἀπό</span> 
     </span>
    </p>

    <p class='ocr_par' dir='ltr' id='par_1_6' title="bbox 159 845 977 928">
     <span class='ocr_line' id='line_1_6' title="bbox 159 845 977 928; baseline -0.01 -16"><span class='ocrx_word' id='word_1_37' title='bbox 159 885 172 923; x_wconf 67' lang='lat'><strong>5</strong></span> <span class='ocrx_word' id='word_1_38' title='bbox 200 852 297 912; x_wconf 85' lang='grc' dir='ltr'>τούτων</span> <span class='ocrx_word' id='word_1_39' title='bbox 311 849 498 928; x_wconf 74' lang='grc' dir='ltr'>ἀγωνιούμενοι</span> <span class='ocrx_word' id='word_1_40' title='bbox 510 848 573 926; x_wconf 89' lang='grc' dir='ltr'>πρδς</span> <span class='ocrx_word' id='word_1_41' title='bbox 581 848 639 912; x_wconf 85' lang='grc' dir='ltr'>τοὺς</span> <span class='ocrx_word' id='word_1_42' title='bbox 650 846 861 916; x_wconf 89' lang='grc' dir='ltr'>εἰσεληλυθότας·</span> <span class='ocrx_word' id='word_1_43' title='bbox 873 845 977 905; x_wconf 75' lang='grc' dir='ltr'>ἅπαντα</span> 
     </span>
    </p>

    <p class='ocr_par' dir='ltr' id='par_1_7' title="bbox 199 924 978 1022">
     <span class='ocr_line' id='line_1_7' title="bbox 199 924 978 1022; baseline -0.008 -22"><span class='ocrx_word' id='word_1_44' title='bbox 199 941 251 1022; x_wconf 76' lang='grc' dir='ltr'>γὰρ</span> <span class='ocrx_word' id='word_1_45' title='bbox 275 943 362 1006; x_wconf 82' lang='grc' dir='ltr'>αὐτοῖς</span> <span class='ocrx_word' id='word_1_46' title='bbox 387 937 470 997; x_wconf 87' lang='grc' dir='ltr'>ἰδόκει</span> <span class='ocrx_word' id='word_1_47' title='bbox 487 935 572 1013; x_wconf 76' lang='grc' dir='ltr'>μεστά</span> <span class='ocrx_word' id='word_1_48' title='bbox 596 924 664 993; x_wconf 76' lang='grc' dir='ltr'>εἶναι</span> <span class='ocrx_word' id='word_1_49' title='bbox 684 933 814 1009; x_wconf 82' lang='grc' dir='ltr'>πολέμου.</span> <span class='ocrx_word' id='word_1_50' title='bbox 858 934 978 1015; x_wconf 80' lang='grc' dir='ltr'>Ἡμέρας</span> 
     </span>
    </p>

    <p class='ocr_par' dir='ltr' id='par_1_8' title="bbox 200 1024 979 1108">
     <span class='ocr_line' id='line_1_8' title="bbox 200 1024 979 1108; baseline -0.006 -19"><span class='ocrx_word' id='word_1_51' title='bbox 200 1031 228 1089; x_wconf 84' lang='grc' dir='ltr'>δὲ</span> <span class='ocrx_word' id='word_1_52' title='bbox 242 1031 399 1108; x_wconf 82' lang='grc' dir='ltr'>γενομένης,</span> <span class='ocrx_word' id='word_1_53' title='bbox 415 1032 450 1093; x_wconf 85' lang='grc' dir='ltr'>ὼς</span> <span class='ocrx_word' id='word_1_54' title='bbox 466 1025 584 1103; x_wconf 79' lang='grc' dir='ltr'>ἐγνώσθη</span> <span class='ocrx_word' id='word_1_55' title='bbox 608 1024 642 1083; x_wconf 78' lang='grc' dir='ltr'>τὰ</span> <span class='ocrx_word' id='word_1_56' title='bbox 663 1024 850 1102; x_wconf 76' lang='grc' dir='ltr'>κεκρατημένα</span> <span class='ocrx_word' id='word_1_57' title='bbox 870 1028 916 1095; x_wconf 81' lang='grc' dir='ltr'>τῆς</span> <span class='ocrx_word' id='word_1_58' title='bbox 930 1024 979 1084; x_wconf 90' lang='grc' dir='ltr'>πό-</span> 
     </span>
    </p>

    <p class='ocr_par' dir='ltr' id='par_1_9' title="bbox 200 1105 977 1200">
     <span class='ocr_line' id='line_1_9' title="bbox 200 1105 977 1200; baseline -0.009 -22"><span class='ocrx_word' id='word_1_59' title='bbox 200 1121 266 1188; x_wconf 84' lang='grc' dir='ltr'>λεως</span> <span class='ocrx_word' id='word_1_60' title='bbox 286 1118 388 1200; x_wconf 88' lang='grc' dir='ltr'>χωρία,</span> <span class='ocrx_word' id='word_1_61' title='bbox 404 1118 449 1176; x_wconf 86' lang='grc' dir='ltr'>καὶ</span> <span class='ocrx_word' id='word_1_62' title='bbox 469 1117 539 1181; x_wconf 77' lang='grc' dir='ltr'>ὅστις</span> <span class='ocrx_word' id='word_1_63' title='bbox 552 1105 584 1184; x_wconf 73' lang='grc' dir='ltr'>ἦν</span> <span class='ocrx_word' id='word_1_64' title='bbox 604 1117 619 1172; x_wconf 84' lang='grc' dir='ltr'>ό</span> <span class='ocrx_word' id='word_1_65' title='bbox 644 1113 765 1192; x_wconf 81' lang='grc' dir='ltr'>κατέχων</span> <span class='ocrx_word' id='word_1_66' title='bbox 778 1111 846 1191; x_wconf 73' lang='grc' dir='ltr'>ἀνὴρ</span> <span class='ocrx_word' id='word_1_67' title='bbox 857 1111 917 1180; x_wconf 79' lang='grc' dir='ltr'>τούς</span> <span class='ocrx_word' id='word_1_68' title='bbox 934 1115 977 1173; x_wconf 82' lang='grc' dir='ltr'>τό·</span> 
     </span>
    </p>

    <p class='ocr_par' dir='ltr' id='par_1_10' title="bbox 200 1199 979 1283">
     <span class='ocr_line' id='line_1_10' title="bbox 200 1199 979 1283; baseline -0.008 -15"><span class='ocrx_word' id='word_1_69' title='bbox 200 1232 280 1281; x_wconf 87' lang='grc' dir='ltr'>πους,</span> <span class='ocrx_word' id='word_1_70' title='bbox 293 1211 318 1268; x_wconf 87' lang='grc' dir='ltr'>σί</span> <span class='ocrx_word' id='word_1_71' title='bbox 334 1207 380 1283; x_wconf 74' lang='grc' dir='ltr'>μέν</span> <span class='ocrx_word' id='word_1_72' title='bbox 398 1205 493 1264; x_wconf 84' lang='grc' dir='ltr'>θπατυι</span> <span class='ocrx_word' id='word_1_73' title='bbox 508 1201 679 1281; x_wconf 79' lang='grc' dir='ltr'>προελθόντες</span> <span class='ocrx_word' id='word_1_74' title='bbox 693 1202 728 1268; x_wconf 81' lang='grc' dir='ltr'>εἰς</span> <span class='ocrx_word' id='word_1_75' title='bbox 743 1199 791 1273; x_wconf 77' lang='grc' dir='ltr'>τὴν</span> <span class='ocrx_word' id='word_1_76' title='bbox 805 1200 902 1283; x_wconf 85' lang='grc' dir='ltr'>ιίγορδιν</span> <span class='ocrx_word' id='word_1_77' title='bbox 917 1203 979 1262; x_wconf 81' lang='grc' dir='ltr'>ίκά·</span> 
     </span>
    </p>

    <p class='ocr_par' dir='ltr' id='par_1_11' title="bbox 148 1288 977 1371">
     <span class='ocr_line' id='line_1_11' title="bbox 148 1288 977 1371; baseline -0.011 -14"><span class='ocrx_word' id='word_1_78' title='bbox 148 1318 173 1357; x_wconf 86' lang='grc' dir='ltr'>ιο</span> <span class='ocrx_word' id='word_1_79' title='bbox 200 1299 261 1356; x_wconf 90' lang='grc' dir='ltr'>λσυν</span> <span class='ocrx_word' id='word_1_80' title='bbox 276 1296 334 1362; x_wconf 82' lang='grc' dir='ltr'>τούς</span> <span class='ocrx_word' id='word_1_81' title='bbox 348 1293 457 1359; x_wconf 83' lang='grc' dir='ltr'>πολίτας</span> <span class='ocrx_word' id='word_1_82' title='bbox 468 1291 513 1351; x_wconf 76' lang='grc' dir='ltr'>ἰπὶ</span> <span class='ocrx_word' id='word_1_83' title='bbox 526 1291 560 1350; x_wconf 73' lang='lat' dir='ltr'><strong>sd</strong></span> <span class='ocrx_word' id='word_1_84' title='bbox 581 1289 667 1362; x_wconf 76' lang='grc' dir='ltr'>ὅπλα,</span> <span class='ocrx_word' id='word_1_85' title='bbox 682 1294 707 1348; x_wconf 78' lang='grc' dir='ltr'>οἱ</span> <span class='ocrx_word' id='word_1_86' title='bbox 720 1291 748 1349; x_wconf 80' lang='grc' dir='ltr'>δέ</span> <span class='ocrx_word' id='word_1_87' title='bbox 762 1288 898 1371; x_wconf 82' lang='grc' dir='ltr'>δήμαρχοι</span> <span class='ocrx_word' id='word_1_88' title='bbox 912 1313 977 1369; x_wconf 79' lang='lat' dir='ltr'><strong>orpo-</strong></span> 
     </span>
    </p>

    <p class='ocr_par' dir='ltr' id='par_1_12' title="bbox 200 1377 978 1459">
     <span class='ocr_line' id='line_1_12' title="bbox 200 1377 978 1459; baseline -0.01 -15"><span class='ocrx_word' id='word_1_89' title='bbox 200 1383 395 1459; x_wconf 86' lang='grc' dir='ltr'>σκαλεσάμενοι</span> <span class='ocrx_word' id='word_1_90' title='bbox 411 1379 455 1438; x_wconf 84' lang='grc' dir='ltr'>τόν</span> <span class='ocrx_word' id='word_1_91' title='bbox 466 1380 550 1456; x_wconf 73' lang='grc' dir='ltr'>δῆμον</span> <span class='ocrx_word' id='word_1_92' title='bbox 567 1378 604 1444; x_wconf 90' lang='grc' dir='ltr'>εἰς</span> <span class='ocrx_word' id='word_1_93' title='bbox 616 1378 760 1450; x_wconf 76' lang='grc' dir='ltr'>ἐκκλησίαν</span> <span class='ocrx_word' id='word_1_94' title='bbox 774 1377 873 1457; x_wconf 79' lang='grc' dir='ltr'>έλεγον,</span> <span class='ocrx_word' id='word_1_95' title='bbox 884 1378 926 1439; x_wconf 82' lang='grc' dir='ltr'>ότι</span> <span class='ocrx_word' id='word_1_96' title='bbox 939 1381 978 1458; x_wconf 83' lang='grc' dir='ltr'>τῷ</span> 
     </span>
    </p>

    <p class='ocr_par' dir='ltr' id='par_1_13' title="bbox 200 1465 976 1549">
     <span class='ocr_line' id='line_1_13' title="bbox 200 1465 976 1549; baseline -0.008 -20"><span class='ocrx_word' id='word_1_97' title='bbox 200 1470 248 1547; x_wconf 71' lang='grc' dir='ltr'>μέν</span> <span class='ocrx_word' id='word_1_98' title='bbox 272 1467 429 1549; x_wconf 85' lang='grc' dir='ltr'>συμρέροντι</span> <span class='ocrx_word' id='word_1_99' title='bbox 452 1472 499 1538; x_wconf 77' lang='grc' dir='ltr'>τῆς</span> <span class='ocrx_word' id='word_1_100' title='bbox 520 1466 623 1530; x_wconf 86' lang='grc' dir='ltr'>πόλεως</span> <span class='ocrx_word' id='word_1_101' title='bbox 646 1467 718 1526; x_wconf 80' lang='grc' dir='ltr'>οὐδέν</span> <span class='ocrx_word' id='word_1_102' title='bbox 735 1466 837 1535; x_wconf 79' lang='grc' dir='ltr'>ἀξιοῦσι</span> <span class='ocrx_word' id='word_1_103' title='bbox 851 1465 976 1547; x_wconf 85' lang='grc' dir='ltr'>πράττειν</span> 
     </span>
    </p>

    <p class='ocr_par' dir='ltr' id='par_1_14' title="bbox 200 1546 976 1630">
     <span class='ocr_line' id='line_1_14' title="bbox 200 1546 976 1630; baseline -0.006 -13"><span class='ocrx_word' id='word_1_104' title='bbox 200 1556 327 1629; x_wconf 83' lang='grc' dir='ltr'>έναντίον,</span> <span class='ocrx_word' id='word_1_105' title='bbox 343 1556 442 1614; x_wconf 89' lang='grc' dir='ltr'>δίκαιον</span> <span class='ocrx_word' id='word_1_106' title='bbox 458 1553 485 1612; x_wconf 76' lang='grc' dir='ltr'>δί</span> <span class='ocrx_word' id='word_1_107' title='bbox 501 1551 734 1630; x_wconf 82' lang='grc' dir='ltr'>ὑπολαμόάνουσιν</span> <span class='ocrx_word' id='word_1_108' title='bbox 746 1546 976 1627; x_wconf 75' lang='grc' dir='ltr'>εἶναιτηλικσδτον</span> 
     </span>
    </p>

    <p class='ocr_par' dir='ltr' id='par_1_15' title="bbox 202 1643 977 1725">
     <span class='ocr_line' id='line_1_15' title="bbox 202 1643 977 1725; baseline -0.003 -21"><span class='ocrx_word' id='word_1_109' title='bbox 202 1649 291 1725; x_wconf 83' lang='grc' dir='ltr'>ἀγῶνα</span> <span class='ocrx_word' id='word_1_110' title='bbox 304 1645 433 1723; x_wconf 88' lang='grc' dir='ltr'>μέλλοντα</span> <span class='ocrx_word' id='word_1_111' title='bbox 448 1643 492 1702; x_wconf 82' lang='grc' dir='ltr'>τόν</span> <span class='ocrx_word' id='word_1_112' title='bbox 503 1643 588 1722; x_wconf 76' lang='grc' dir='ltr'>δῆμον</span> <span class='ocrx_word' id='word_1_113' title='bbox 605 1643 743 1720; x_wconf 82' lang='grc' dir='ltr'>ὑπομένειν</span> <span class='ocrx_word' id='word_1_114' title='bbox 765 1644 809 1702; x_wconf 82' lang='grc' dir='ltr'>ε’πῖ</span> <span class='ocrx_word' id='word_1_115' title='bbox 824 1650 910 1724; x_wconf 72' lang='grc' dir='ltr'>ῥητοῖς</span> <span class='ocrx_word' id='word_1_116' title='bbox 923 1668 977 1703; x_wconf 87' lang='grc' dir='ltr'>τισι</span> 
     </span>
    </p>

    <p class='ocr_par' dir='ltr' id='par_1_16' title="bbox 147 1730 977 1813">
     <span class='ocr_line' id='line_1_16' title="bbox 147 1730 977 1813; baseline 0.001 -21"><span class='ocrx_word' id='word_1_117' title='bbox 147 1739 173 1778; x_wconf 75' lang='lat'>¹⁶</span> <span class='ocrx_word' id='word_1_118' title='bbox 200 1733 245 1792; x_wconf 90' lang='grc' dir='ltr'>καί</span> <span class='ocrx_word' id='word_1_119' title='bbox 260 1732 440 1813; x_wconf 90' lang='grc' dir='ltr'>διωρισμένοις</span> <span class='ocrx_word' id='word_1_120' title='bbox 452 1731 496 1791; x_wconf 78' lang='grc' dir='ltr'>ἐπὶ</span> <span class='ocrx_word' id='word_1_121' title='bbox 506 1730 537 1791; x_wconf 70' lang='grc' dir='ltr'>τό</span> <span class='ocrx_word' id='word_1_122' title='bbox 550 1733 711 1809; x_wconf 89' lang='grc' dir='ltr'>κινδύνευμα</span> <span class='ocrx_word' id='word_1_123' title='bbox 726 1735 833 1813; x_wconf 88' lang='grc' dir='ltr'>χωρεῖν.</span> <span class='ocrx_word' id='word_1_124' title='bbox 852 1761 865 1787; x_wconf 83' lang='grc' dir='ltr'>ιι</span> <span class='ocrx_word' id='word_1_125' title='bbox 883 1736 915 1795; x_wconf 82' lang='grc' dir='ltr'>Εἰ</span> <span class='ocrx_word' id='word_1_126' title='bbox 929 1734 977 1811; x_wconf 71' lang='grc' dir='ltr'>μέν</span> 
     </span>
    </p>

    <p class='ocr_par' dir='ltr' id='par_1_17' title="bbox 201 1814 978 1903">
     <span class='ocr_line' id='line_1_17' title="bbox 201 1814 978 1903; baseline -0.001 -21"><span class='ocrx_word' id='word_1_127' title='bbox 201 1850 213 1875; x_wconf 85' lang='grc' dir='ltr'>ιι</span> <span class='ocrx_word' id='word_1_128' title='bbox 229 1814 291 1895; x_wconf 81' lang='grc' dir='ltr'>σύν,</span> <span class='ocrx_word' id='word_1_129' title='bbox 306 1822 420 1903; x_wconf 76' lang='grc' dir='ltr'>ἔρισαν,</span> <span class='ocrx_word' id='word_1_130' title='bbox 437 1822 556 1898; x_wconf 86' lang='grc' dir='ltr'>λέγοντες</span> <span class='ocrx_word' id='word_1_131' title='bbox 570 1823 761 1900; x_wconf 73' lang='grc' dir='ltr'>ὑπισχνοῦνταί</span> <span class='ocrx_word' id='word_1_132' title='bbox 771 1845 799 1881; x_wconf 91' lang='grc' dir='ltr'>τε</span> <span class='ocrx_word' id='word_1_133' title='bbox 811 1826 874 1899; x_wconf 80' lang='grc' dir='ltr'>ἡμῖν</span> <span class='ocrx_word' id='word_1_134' title='bbox 891 1826 915 1882; x_wconf 80' lang='grc' dir='ltr'>οἱ</span> <span class='ocrx_word' id='word_1_135' title='bbox 928 1846 978 1881; x_wconf 90' lang='grc' dir='ltr'>πα·</span> 
     </span>
    </p>

    <p class='ocr_par' dir='ltr' id='par_1_18' title="bbox 200 1910 976 1990">
     <span class='ocr_line' id='line_1_18' title="bbox 200 1910 976 1990; baseline 0 -21"><span class='ocrx_word' id='word_1_136' title='bbox 200 1938 213 1964; x_wconf 87' lang='grc' dir='ltr'>ιι</span> <span class='ocrx_word' id='word_1_137' title='bbox 228 1911 322 1990; x_wconf 88' lang='grc' dir='ltr'>τρίκιοι</span> <span class='ocrx_word' id='word_1_138' title='bbox 343 1910 389 1971; x_wconf 79' lang='grc' dir='ltr'>καί</span> <span class='ocrx_word' id='word_1_139' title='bbox 403 1911 503 1976; x_wconf 85' lang='grc' dir='ltr'>πίστεις</span> <span class='ocrx_word' id='word_1_140' title='bbox 521 1910 660 1989; x_wconf 80' lang='grc' dir='ltr'>βούλονται</span> <span class='ocrx_word' id='word_1_141' title='bbox 675 1910 765 1968; x_wconf 79' lang='grc' dir='ltr'>δοῦναι</span> <span class='ocrx_word' id='word_1_142' title='bbox 785 1912 831 1975; x_wconf 72' lang='lat' dir='ltr'>ed&lt;</span> <span class='ocrx_word' id='word_1_143' title='bbox 848 1911 892 1969; x_wconf 76' lang='lat' dir='ltr'>iol</span> <span class='ocrx_word' id='word_1_144' title='bbox 912 1915 976 1969; x_wconf 90' lang='grc' dir='ltr'>θεῶν</span> 
     </span>
    </p>

    <p class='ocr_par' dir='ltr' id='par_1_19' title="bbox 201 1998 977 2082">
     <span class='ocr_line' id='line_1_19' title="bbox 201 1998 977 2082; baseline 0 -24"><span class='ocrx_word' id='word_1_145' title='bbox 201 2029 213 2053; x_wconf 89' lang='grc' dir='ltr'>ιι</span> <span class='ocrx_word' id='word_1_146' title='bbox 229 2000 283 2073; x_wconf 79' lang='grc' dir='ltr'>ότι,</span> <span class='ocrx_word' id='word_1_147' title='bbox 301 1999 491 2065; x_wconf 64' lang='grc' dir='ltr'>καταλυθέντος</span> <span class='ocrx_word' id='word_1_148' title='bbox 515 2000 591 2059; x_wconf 82' lang='grc' dir='ltr'>τοῦδε</span> <span class='ocrx_word' id='word_1_149' title='bbox 616 2004 660 2057; x_wconf 80' lang='grc' dir='ltr'>τοῦ</span> <span class='ocrx_word' id='word_1_150' title='bbox 685 1998 817 2075; x_wconf 88' lang='grc' dir='ltr'>πολέμου,</span> <span class='ocrx_word' id='word_1_151' title='bbox 840 2000 977 2082; x_wconf 74' lang='grc' dir='ltr'>συγχωρή·</span> 
     </span>
    </p>

    <p class='ocr_par' dir='ltr' id='par_1_20' title="bbox 201 2086 975 2163">
     <span class='ocr_line' id='line_1_20' title="bbox 201 2086 975 2163; baseline 0.005 -20"><span class='ocrx_word' id='word_1_152' title='bbox 201 2116 214 2143; x_wconf 82' lang='grc' dir='ltr'>ιι</span> <span class='ocrx_word' id='word_1_153' title='bbox 229 2113 317 2149; x_wconf 90' lang='grc' dir='ltr'>σουσιν</span> <span class='ocrx_word' id='word_1_154' title='bbox 342 2090 405 2163; x_wconf 76' lang='grc' dir='ltr'>ἡμῖν</span> <span class='ocrx_word' id='word_1_155' title='bbox 430 2086 566 2155; x_wconf 78' lang='grc' dir='ltr'>ἀποδεῖξαι</span> <span class='ocrx_word' id='word_1_156' title='bbox 589 2086 729 2161; x_wconf 79' lang='grc' dir='ltr'>νομοθέτας</span> <span class='ocrx_word' id='word_1_157' title='bbox 751 2090 796 2146; x_wconf 87' lang='grc' dir='ltr'>καὶ</span> <span class='ocrx_word' id='word_1_158' title='bbox 820 2088 863 2146; x_wconf 85' lang='grc' dir='ltr'>τὸν</span> <span class='ocrx_word' id='word_1_159' title='bbox 885 2091 975 2149; x_wconf 86' lang='grc' dir='ltr'>λοιπόν</span> 
     </span>
    </p>

    <p class='ocr_par' dir='ltr' id='par_1_21' title="bbox 146 2173 975 2256">
     <span class='ocr_line' id='line_1_21' title="bbox 146 2173 975 2256; baseline 0.005 -26"><span class='ocrx_word' id='word_1_160' title='bbox 146 2190 174 2231; x_wconf 79' lang='grc' dir='ltr'>ευ</span> <span class='ocrx_word' id='word_1_161' title='bbox 201 2204 214 2230; x_wconf 86' lang='grc' dir='ltr'>ιι</span> <span class='ocrx_word' id='word_1_162' title='bbox 228 2177 324 2256; x_wconf 86' lang='grc' dir='ltr'>χρόνον</span> <span class='ocrx_word' id='word_1_163' title='bbox 346 2178 373 2234; x_wconf 84' lang='grc' dir='ltr'>ἰν</span> <span class='ocrx_word' id='word_1_164' title='bbox 389 2173 511 2256; x_wconf 68' lang='grc' dir='ltr'>ἰσηγορία</span> <span class='ocrx_word' id='word_1_165' title='bbox 526 2174 728 2246; x_wconf 86' lang='grc' dir='ltr'>πολιτεύεσθαι,</span> <span class='ocrx_word' id='word_1_166' title='bbox 748 2175 975 2253; x_wconf 86' lang='grc' dir='ltr'>συνελευθερῶμεν</span> 
     </span>
    </p>

    <p class='ocr_par' dir='ltr' id='par_1_22' title="bbox 201 2269 980 2349">
     <span class='ocr_line' id='line_1_22' title="bbox 201 2269 980 2349; baseline 0.017 -30"><span class='ocrx_word' id='word_1_167' title='bbox 201 2296 212 2319; x_wconf 77' lang='grc' dir='ltr'>ι</span> <span class='ocrx_word' id='word_1_168' title='bbox 230 2270 316 2334; x_wconf 81' lang='grc' dir='ltr'>αὐτοῖς</span> <span class='ocrx_word' id='word_1_169' title='bbox 331 2271 378 2341; x_wconf 74' lang='grc' dir='ltr'>τὴν</span> <span class='ocrx_word' id='word_1_170' title='bbox 394 2272 527 2349; x_wconf 82' lang='grc' dir='ltr'>πατρίδα·</span> <span class='ocrx_word' id='word_1_171' title='bbox 542 2272 566 2329; x_wconf 90' lang='grc' dir='ltr'>εἰ</span> <span class='ocrx_word' id='word_1_172' title='bbox 581 2269 610 2329; x_wconf 86' lang='grc' dir='ltr'>δέ</span> <span class='ocrx_word' id='word_1_173' title='bbox 621 2269 695 2331; x_wconf 83' lang='grc' dir='ltr'>οὐθίν</span> <span class='ocrx_word' id='word_1_174' title='bbox 707 2271 809 2341; x_wconf 77' lang='grc' dir='ltr'>ἀξιοῦσι</span> <span class='ocrx_word' id='word_1_175' title='bbox 825 2285 909 2336; x_wconf 83' lang='grc' dir='ltr'>ποιεῖν</span> <span class='ocrx_word' id='word_1_176' title='bbox 925 2276 980 2333; x_wconf 88' lang='grc' dir='ltr'>τῶν</span> 
     </span>
    </p>

    <p class='ocr_par' dir='ltr' id='par_1_23' title="bbox 200 2357 983 2445">
     <span class='ocr_line' id='line_1_23' title="bbox 200 2357 983 2445; baseline 0.019 -34"><span class='ocrx_word' id='word_1_177' title='bbox 200 2383 213 2409; x_wconf 92' lang='grc' dir='ltr'>ιι</span> <span class='ocrx_word' id='word_1_178' title='bbox 229 2357 351 2436; x_wconf 87' lang='grc' dir='ltr'>μετρίων,</span> <span class='ocrx_word' id='word_1_179' title='bbox 361 2358 387 2415; x_wconf 90' lang='grc' dir='ltr'>τί</span> <span class='ocrx_word' id='word_1_180' title='bbox 402 2359 583 2439; x_wconf 88' lang='grc' dir='ltr'>κινδυνεύομεν</span> <span class='ocrx_word' id='word_1_181' title='bbox 595 2363 644 2423; x_wconf 77' lang='grc' dir='ltr'>καί</span> <span class='ocrx_word' id='word_1_182' title='bbox 658 2363 705 2430; x_wconf 77' lang='grc' dir='ltr'>τὰς</span> <span class='ocrx_word' id='word_1_183' title='bbox 719 2363 806 2445; x_wconf 75' lang='grc' dir='ltr'>ψυχὰς</span> <span class='ocrx_word' id='word_1_184' title='bbox 818 2365 884 2445; x_wconf 82' lang='grc' dir='ltr'>ὑπὲρ</span> <span class='ocrx_word' id='word_1_185' title='bbox 894 2366 983 2426; x_wconf 76' lang='grc' dir='ltr'>αὐτῶν</span> 
     </span>
    </p>

    <p class='ocr_par' dir='ltr' id='par_1_24' title="bbox 199 2444 980 2528">
     <span class='ocr_line' id='line_1_24' title="bbox 199 2444 980 2528; baseline 0.022 -29"><span class='ocrx_word' id='word_1_186' title='bbox 199 2444 370 2526; x_wconf 76' lang='grc' dir='ltr'>«προϊέμεθα</span> <span class='ocrx_word' id='word_1_187' title='bbox 400 2450 509 2521; x_wconf 80' lang='grc' dir='ltr'>μηθενός</span> <span class='ocrx_word' id='word_1_188' title='bbox 530 2452 630 2528; x_wconf 80' lang='grc' dir='ltr'>ἀγαθοῦ</span> <span class='ocrx_word' id='word_1_189' title='bbox 654 2451 791 2528; x_wconf 87' lang='grc' dir='ltr'>μέλλοντες</span> <span class='ocrx_word' id='word_1_190' title='bbox 814 2455 980 2516; x_wconf 87' lang='grc' dir='ltr'>ἀπολαύσεσ-</span> 
     </span>
    </p>

    <p class='ocr_par' dir='ltr' id='par_1_25' title="bbox 200 2534 974 2614">
     <span class='ocr_line' id='line_1_25' title="bbox 200 2534 974 2614; baseline 0.004 -21"><span class='ocrx_word' id='word_1_191' title='bbox 200 2561 213 2586; x_wconf 86' lang='grc' dir='ltr'>ιι</span> <span class='ocrx_word' id='word_1_192' title='bbox 228 2539 288 2608; x_wconf 83' lang='grc' dir='ltr'>θαι;</span> <span class='ocrx_word' id='word_1_193' title='bbox 303 2562 316 2587; x_wconf 79' lang='lat' dir='ltr'><strong>n</strong></span> <span class='ocrx_word' id='word_1_194' title='bbox 329 2569 369 2580; x_wconf 95' lang='lat'>—</span> <span class='ocrx_word' id='word_1_195' title='bbox 387 2537 413 2596; x_wconf 84' lang='lat' dir='ltr'>T</span> <span class='ocrx_word' id='word_1_196' title='bbox 414 2542 482 2595; x_wconf 80' lang='grc' dir='ltr'>αδτα</span> <span class='ocrx_word' id='word_1_197' title='bbox 496 2535 625 2614; x_wconf 88' lang='grc' dir='ltr'>λεγόντων</span> <span class='ocrx_word' id='word_1_198' title='bbox 648 2538 748 2606; x_wconf 84' lang='grc' dir='ltr'>αὐτῶν,</span> <span class='ocrx_word' id='word_1_199' title='bbox 769 2534 873 2595; x_wconf 76' lang='grc' dir='ltr'>καὶτοῦ</span> <span class='ocrx_word' id='word_1_200' title='bbox 889 2536 974 2614; x_wconf 74' lang='grc' dir='ltr'>δήμου</span> 
     </span>
    </p>

    <p class='ocr_par' dir='ltr' id='par_1_26' title="bbox 144 2622 976 2704">
     <span class='ocr_line' id='line_1_26' title="bbox 144 2622 976 2704; baseline 0.004 -24"><span class='ocrx_word' id='word_1_201' title='bbox 144 2630 173 2669; x_wconf 71' lang='lat'>²⁶</span> <span class='ocrx_word' id='word_1_202' title='bbox 199 2622 354 2698; x_wconf 84' lang='grc' dir='ltr'>πειθομένου</span> <span class='ocrx_word' id='word_1_203' title='bbox 370 2623 414 2682; x_wconf 87' lang='grc' dir='ltr'>καῖ</span> <span class='ocrx_word' id='word_1_204' title='bbox 433 2623 499 2698; x_wconf 75' lang='grc' dir='ltr'>μηδὲ</span> <span class='ocrx_word' id='word_1_205' title='bbox 517 2624 606 2704; x_wconf 73' lang='grc' dir='ltr'>φωνὴν</span> <span class='ocrx_word' id='word_1_206' title='bbox 620 2623 792 2699; x_wconf 86' lang='grc' dir='ltr'>θπομένοντος</span> <span class='ocrx_word' id='word_1_207' title='bbox 804 2623 907 2682; x_wconf 87' lang='grc' dir='ltr'>ἀκούειν</span> <span class='ocrx_word' id='word_1_208' title='bbox 924 2627 976 2683; x_wconf 89' lang='grc' dir='ltr'>τῶν</span> 
     </span>
    </p>

    <p class='ocr_par' dir='ltr' id='par_1_27' title="bbox 200 2709 976 2790">
     <span class='ocr_line' id='line_1_27' title="bbox 200 2709 976 2790; baseline 0.004 -22"><span class='ocrx_word' id='word_1_209' title='bbox 200 2709 265 2768; x_wconf 78' lang='grc' dir='ltr'>ἀλλο</span> <span class='ocrx_word' id='word_1_210' title='bbox 281 2734 306 2768; x_wconf 93' lang='grc' dir='ltr'>τι</span> <span class='ocrx_word' id='word_1_211' title='bbox 320 2711 537 2790; x_wconf 85' lang='grc' dir='ltr'>παραινούντων,</span> <span class='ocrx_word' id='word_1_212' title='bbox 556 2715 570 2770; x_wconf 85' lang='grc' dir='ltr'>θ</span> <span class='ocrx_word' id='word_1_213' title='bbox 587 2711 635 2790; x_wconf 79' lang='grc' dir='ltr'>μίν</span> <span class='ocrx_word' id='word_1_214' title='bbox 660 2709 789 2777; x_wconf 83' lang='grc' dir='ltr'>Κλαύδιος</span> <span class='ocrx_word' id='word_1_215' title='bbox 809 2712 882 2770; x_wconf 72' lang='lat' dir='ltr'><strong>odolo</strong></span> <span class='ocrx_word' id='word_1_216' title='bbox 901 2711 976 2783; x_wconf 78' lang='grc' dir='ltr'>ἠξίου</span> 
     </span>
    </p>

    <p class='ocr_par' dir='ltr' id='par_1_28' title="bbox 199 2797 976 2879">
     <span class='ocr_line' id='line_1_28' title="bbox 199 2797 976 2879; baseline 0.004 -23"><span class='ocrx_word' id='word_1_217' title='bbox 199 2799 300 2859; x_wconf 90' lang='grc' dir='ltr'>δεῖσθαι</span> <span class='ocrx_word' id='word_1_218' title='bbox 316 2800 387 2879; x_wconf 77' lang='grc' dir='ltr'>[τῆς]</span> <span class='ocrx_word' id='word_1_219' title='bbox 402 2800 525 2871; x_wconf 86' lang='grc' dir='ltr'>τοιαύτης</span> <span class='ocrx_word' id='word_1_220' title='bbox 543 2798 712 2878; x_wconf 84' lang='grc' dir='ltr'>συμμαχίας,</span> <span class='ocrx_word' id='word_1_221' title='bbox 730 2799 845 2879; x_wconf 75' lang='grc' dir='ltr'>ἥτιςοθχ</span> <span class='ocrx_word' id='word_1_222' title='bbox 859 2797 976 2868; x_wconf 75' lang='grc' dir='ltr'>ἑκούσιος</span> 
     </span>
    </p>

    <p class='ocr_par' dir='ltr' id='par_1_29' title="bbox 199 2889 976 2971">
     <span class='ocr_line' id='line_1_29' title="bbox 199 2889 976 2971; baseline 0.003 -24"><span class='ocrx_word' id='word_1_223' title='bbox 199 2890 258 2948; x_wconf 85' lang='grc' dir='ltr'>ἀλλ’</span> <span class='ocrx_word' id='word_1_224' title='bbox 272 2889 316 2950; x_wconf 81' lang='grc' dir='ltr'>ἰπὶ</span> <span class='ocrx_word' id='word_1_225' title='bbox 331 2894 418 2971; x_wconf 83' lang='grc' dir='ltr'>μισθῷ</span> <span class='ocrx_word' id='word_1_226' title='bbox 429 2892 476 2950; x_wconf 80' lang='grc' dir='ltr'>καί</span> <span class='ocrx_word' id='word_1_227' title='bbox 494 2890 554 2950; x_wconf 80' lang='lat' dir='ltr'><strong>olii</strong></span> <span class='ocrx_word' id='word_1_228' title='bbox 575 2889 660 2969; x_wconf 86' lang='grc' dir='ltr'>τούτῳ</span> <span class='ocrx_word' id='word_1_229' title='bbox 676 2889 775 2970; x_wconf 86' lang='grc' dir='ltr'>μετρίῳ</span> <span class='ocrx_word' id='word_1_230' title='bbox 789 2892 892 2967; x_wconf 87' lang='grc' dir='ltr'>βοηθεῖν</span> <span class='ocrx_word' id='word_1_231' title='bbox 909 2889 976 2967; x_wconf 84' lang='grc' dir='ltr'>βού-</span> 
     </span>
    </p>

    <p class='ocr_par' dir='ltr' id='par_1_30' title="bbox 198 2976 976 3058">
     <span class='ocr_line' id='line_1_30' title="bbox 198 2976 976 3058; baseline 0 -22"><span class='ocrx_word' id='word_1_232' title='bbox 198 2976 272 3036; x_wconf 89' lang='grc' dir='ltr'>λεται</span> <span class='ocrx_word' id='word_1_233' title='bbox 297 2982 331 3058; x_wconf 80' lang='grc' dir='ltr'>τῇ</span> <span class='ocrx_word' id='word_1_234' title='bbox 355 2977 478 3056; x_wconf 89' lang='grc' dir='ltr'>πατρίδι,</span> <span class='ocrx_word' id='word_1_235' title='bbox 497 2979 556 3035; x_wconf 83' lang='grc' dir='ltr'>ἀλλ’</span> <span class='ocrx_word' id='word_1_236' title='bbox 577 2976 672 3043; x_wconf 82' lang='grc' dir='ltr'>αὐτούς</span> <span class='ocrx_word' id='word_1_237' title='bbox 685 2977 734 3057; x_wconf 80' lang='grc' dir='ltr'>ἔφη</span> <span class='ocrx_word' id='word_1_238' title='bbox 750 2977 810 3042; x_wconf 83' lang='grc' dir='ltr'>τοὺς</span> <span class='ocrx_word' id='word_1_239' title='bbox 824 2977 976 3056; x_wconf 88' lang='grc' dir='ltr'>πατρικίους</span> 
     </span>
    </p>

    <p class='ocr_par' dir='ltr' id='par_1_31' title="bbox 146 3063 976 3140">
     <span class='ocr_line' id='line_1_31' title="bbox 146 3063 976 3140; baseline -0.002 -16"><span class='ocrx_word' id='word_1_240' title='bbox 146 3085 173 3125; x_wconf 80' lang='lat' dir='ltr'>oo</span> <span class='ocrx_word' id='word_1_241' title='bbox 199 3067 298 3124; x_wconf 70' lang='grc' dir='ltr'>ἑαυτῶν</span> <span class='ocrx_word' id='word_1_242' title='bbox 325 3066 430 3140; x_wconf 83' lang='grc' dir='ltr'>σώμασι</span> <span class='ocrx_word' id='word_1_243' title='bbox 445 3064 492 3122; x_wconf 80' lang='grc' dir='ltr'>καί</span> <span class='ocrx_word' id='word_1_244' title='bbox 511 3067 565 3121; x_wconf 91' lang='grc' dir='ltr'>τῶν</span> <span class='ocrx_word' id='word_1_245' title='bbox 587 3063 715 3123; x_wconf 85' lang='grc' dir='ltr'>συνόντων</span> <span class='ocrx_word' id='word_1_246' title='bbox 742 3065 828 3129; x_wconf 82' lang='grc' dir='ltr'>αὐτοῖς</span> <span class='ocrx_word' id='word_1_247' title='bbox 855 3065 976 3122; x_wconf 83' lang='grc' dir='ltr'>πελατῶν</span> 
     </span>
    </p>

    <p class='ocr_par' dir='ltr' id='par_1_32' title="bbox 199 3150 976 3229">
     <span class='ocr_line' id='line_1_32' title="bbox 199 3150 976 3229; baseline 0 -17"><span class='ocrx_word' id='word_1_248' title='bbox 199 3152 410 3229; x_wconf 81' lang='grc' dir='ltr'>ὁπλισαμένους,</span> <span class='ocrx_word' id='word_1_249' title='bbox 428 3152 472 3211; x_wconf 84' lang='grc' dir='ltr'>καὶ</span> <span class='ocrx_word' id='word_1_250' title='bbox 487 3150 512 3210; x_wconf 91' lang='grc' dir='ltr'>εί</span> <span class='ocrx_word' id='word_1_251' title='bbox 530 3174 555 3211; x_wconf 90' lang='grc' dir='ltr'>τι</span> <span class='ocrx_word' id='word_1_252' title='bbox 572 3150 637 3211; x_wconf 77' lang='grc' dir='ltr'>ἄλλο</span> <span class='ocrx_word' id='word_1_253' title='bbox 651 3156 750 3224; x_wconf 80' lang='grc' dir='ltr'>πλῆθος</span> <span class='ocrx_word' id='word_1_254' title='bbox 763 3151 909 3211; x_wconf 80' lang='grc' dir='ltr'>ἐθελούσιον</span> <span class='ocrx_word' id='word_1_255' title='bbox 925 3155 976 3212; x_wconf 83' lang='grc' dir='ltr'>αύ-</span> 
     </span>
    </p>

    <p class='ocr_par' dir='ltr' id='par_1_33' title="bbox 199 3239 976 3321">
     <span class='ocr_line' id='line_1_33' title="bbox 199 3239 976 3321; baseline 0.004 -22"><span class='ocrx_word' id='word_1_256' title='bbox 199 3251 251 3304; x_wconf 92' lang='grc' dir='ltr'>τοῖς</span> <span class='ocrx_word' id='word_1_257' title='bbox 267 3248 419 3318; x_wconf 88' lang='grc' dir='ltr'>συναρεῖται</span> <span class='ocrx_word' id='word_1_258' title='bbox 440 3245 485 3299; x_wconf 80' lang='grc' dir='ltr'>τοῦ</span> <span class='ocrx_word' id='word_1_259' title='bbox 510 3241 649 3317; x_wconf 89' lang='grc' dir='ltr'>πολέμου,</span> <span class='ocrx_word' id='word_1_260' title='bbox 665 3239 732 3317; x_wconf 85' lang='grc' dir='ltr'>μετά</span> <span class='ocrx_word' id='word_1_261' title='bbox 748 3239 847 3299; x_wconf 86' lang='grc' dir='ltr'>τούτων</span> <span class='ocrx_word' id='word_1_262' title='bbox 865 3245 976 3321; x_wconf 89' lang='grc' dir='ltr'>πολιορ-</span> 
     </span>
    </p>

    <p class='ocr_par' dir='ltr' id='par_1_34' title="bbox 199 3326 978 3410">
     <span class='ocr_line' id='line_1_34' title="bbox 199 3326 978 3410; baseline 0.003 -21"><span class='ocrx_word' id='word_1_263' title='bbox 199 3333 253 3389; x_wconf 84' lang='grc' dir='ltr'>κεῖν</span> <span class='ocrx_word' id='word_1_264' title='bbox 268 3326 300 3386; x_wconf 86' lang='grc' dir='ltr'>τδι</span> <span class='ocrx_word' id='word_1_265' title='bbox 316 3329 442 3410; x_wconf 77' lang='grc' dir='ltr'>ρρούριι·</span> <span class='ocrx_word' id='word_1_266' title='bbox 456 3328 500 3389; x_wconf 80' lang='grc' dir='ltr'>ἐὰν</span> <span class='ocrx_word' id='word_1_267' title='bbox 522 3330 549 3388; x_wconf 75' lang='grc' dir='ltr'>δέ</span> <span class='ocrx_word' id='word_1_268' title='bbox 563 3327 631 3408; x_wconf 73' lang='grc' dir='ltr'>μηδὲ</span> <span class='ocrx_word' id='word_1_269' title='bbox 648 3327 729 3395; x_wconf 86' lang='grc' dir='ltr'>ούτως</span> <span class='ocrx_word' id='word_1_270' title='bbox 751 3327 893 3410; x_wconf 71' lang='grc' dir='ltr'>ἀξιόχρεως</span> <span class='ocrx_word' id='word_1_271' title='bbox 907 3335 923 3402; x_wconf 79' lang='grc' dir='ltr'>ἡ</span> <span class='ocrx_word' id='word_1_272' title='bbox 937 3333 978 3391; x_wconf 84' lang='grc' dir='ltr'>δύ·</span> 
     </span>
    </p>

    <p class='ocr_par' dir='ltr' id='par_1_35' title="bbox 198 3408 977 3500">
     <span class='ocr_line' id='line_1_35' title="bbox 198 3408 977 3500; baseline 0.005 -24"><span class='ocrx_word' id='word_1_273' title='bbox 198 3440 276 3495; x_wconf 89' lang='grc' dir='ltr'>ναμις</span> <span class='ocrx_word' id='word_1_274' title='bbox 298 3418 383 3483; x_wconf 84' lang='grc' dir='ltr'>αὐτοῖς</span> <span class='ocrx_word' id='word_1_275' title='bbox 403 3408 469 3476; x_wconf 75' lang='grc' dir='ltr'>εἶναι</span> <span class='ocrx_word' id='word_1_276' title='bbox 489 3420 570 3498; x_wconf 84' lang='grc' dir='ltr'>δοκῇ,</span> <span class='ocrx_word' id='word_1_277' title='bbox 594 3417 720 3485; x_wconf 81' lang='grc' dir='ltr'>Λατίνους</span> <span class='ocrx_word' id='word_1_278' title='bbox 735 3442 761 3477; x_wconf 89' lang='grc' dir='ltr'>τε</span> <span class='ocrx_word' id='word_1_279' title='bbox 777 3421 822 3476; x_wconf 87' lang='grc' dir='ltr'>καὶ</span> <span class='ocrx_word' id='word_1_280' title='bbox 848 3417 977 3500; x_wconf 80' lang='grc' dir='ltr'>Ἕρνικας</span> 
     </span>
    </p>

    <p class='ocr_par' dir='ltr' id='par_1_36' title="bbox 146 3506 976 3588">
     <span class='ocr_line' id='line_1_36' title="bbox 146 3506 976 3588; baseline 0.007 -24"><span class='ocrx_word' id='word_1_281' title='bbox 146 3524 172 3564; x_wconf 80' lang='grc' dir='ltr'>σο</span> <span class='ocrx_word' id='word_1_282' title='bbox 200 3508 381 3587; x_wconf 87' lang='grc' dir='ltr'>παρακαλεῖν,</span> <span class='ocrx_word' id='word_1_283' title='bbox 399 3507 442 3566; x_wconf 85' lang='grc' dir='ltr'>ἐδιν</span> <span class='ocrx_word' id='word_1_284' title='bbox 459 3507 486 3566; x_wconf 80' lang='grc' dir='ltr'>δὲ</span> <span class='ocrx_word' id='word_1_285' title='bbox 502 3506 621 3585; x_wconf 89' lang='grc' dir='ltr'>ἀνάγκη,</span> <span class='ocrx_word' id='word_1_286' title='bbox 644 3506 690 3565; x_wconf 86' lang='grc' dir='ltr'>καί</span> <span class='ocrx_word' id='word_1_287' title='bbox 707 3508 807 3574; x_wconf 90' lang='grc' dir='ltr'>δούλοις</span> <span class='ocrx_word' id='word_1_288' title='bbox 825 3509 976 3588; x_wconf 73' lang='grc' dir='ltr'>ἐλευθερίαν</span> 
     </span>
    </p>

    <p class='ocr_par' dir='ltr' id='par_1_37' title="bbox 200 3593 978 3674">
     <span class='ocr_line' id='line_1_37' title="bbox 200 3593 978 3674; baseline 0.005 -21"><span class='ocrx_word' id='word_1_289' title='bbox 200 3598 385 3674; x_wconf 69' lang='grc' dir='ltr'>ὑπισχνεῖσθαι</span> <span class='ocrx_word' id='word_1_290' title='bbox 402 3595 447 3654; x_wconf 83' lang='grc' dir='ltr'>καὶ</span> <span class='ocrx_word' id='word_1_291' title='bbox 462 3595 563 3663; x_wconf 87' lang='grc' dir='ltr'>πάντας</span> <span class='ocrx_word' id='word_1_292' title='bbox 579 3596 678 3674; x_wconf 77' lang='grc' dir='ltr'>μᾶλλον</span> <span class='ocrx_word' id='word_1_293' title='bbox 691 3593 707 3667; x_wconf 70' lang='grc' dir='ltr'>ἢ</span> <span class='ocrx_word' id='word_1_294' title='bbox 723 3595 781 3662; x_wconf 84' lang='grc' dir='ltr'>τούς</span> <span class='ocrx_word' id='word_1_295' title='bbox 797 3598 840 3656; x_wconf 85' lang='grc' dir='ltr'>ἰπὶ</span> <span class='ocrx_word' id='word_1_296' title='bbox 855 3601 978 3659; x_wconf 86' lang='grc' dir='ltr'>τοιούτων</span> 
     </span>
    </p>

    <p class='ocr_par' dir='ltr' id='par_1_38' title="bbox 201 3683 978 3764">
     <span class='ocr_line' id='line_1_38' title="bbox 201 3683 978 3764; baseline 0.004 -21"><span class='ocrx_word' id='word_1_297' title='bbox 201 3689 298 3762; x_wconf 89' lang='grc' dir='ltr'>καιρῶν</span> <span class='ocrx_word' id='word_1_298' title='bbox 323 3683 548 3758; x_wconf 80' lang='grc' dir='ltr'>μνησικακοῦντάς</span> <span class='ocrx_word' id='word_1_299' title='bbox 572 3707 645 3764; x_wconf 87' lang='grc' dir='ltr'>σρισι</span> <span class='ocrx_word' id='word_1_300' title='bbox 670 3686 847 3762; x_wconf 85' lang='grc' dir='ltr'>παρακαλεῖν.</span> <span class='ocrx_word' id='word_1_301' title='bbox 892 3685 927 3747; x_wconf 89' lang='grc' dir='ltr'>Ὁ</span> <span class='ocrx_word' id='word_1_302' title='bbox 951 3688 978 3746; x_wconf 78' lang='grc' dir='ltr'>δέ</span> 
     </span>
    </p>

    <p class='ocr_par' dir='ltr' id='par_1_39' title="bbox 204 3771 979 3854">
     <span class='ocr_line' id='line_1_39' title="bbox 204 3771 979 3854; baseline 0.004 -24"><span class='ocrx_word' id='word_1_303' title='bbox 204 3772 289 3851; x_wconf 80' lang='grc' dir='ltr'>ἕτερος</span> <span class='ocrx_word' id='word_1_304' title='bbox 304 3777 356 3830; x_wconf 86' lang='grc' dir='ltr'>τῶν</span> <span class='ocrx_word' id='word_1_305' title='bbox 371 3771 478 3831; x_wconf 87' lang='grc' dir='ltr'>ὑπάτων</span> <span class='ocrx_word' id='word_1_306' title='bbox 492 3771 637 3851; x_wconf 83' lang='grc' dir='ltr'>Οὐαλέριος</span> <span class='ocrx_word' id='word_1_307' title='bbox 656 3774 778 3850; x_wconf 78' lang='grc' dir='ltr'>άντελεγε</span> <span class='ocrx_word' id='word_1_308' title='bbox 794 3774 858 3854; x_wconf 77' lang='grc' dir='ltr'>πρὸς</span> <span class='ocrx_word' id='word_1_309' title='bbox 879 3781 979 3850; x_wconf 81' lang='grc' dir='ltr'>ταῦτα,</span> 
     </span>
    </p>

    <p class='ocr_par' dir='ltr' id='par_1_40' title="bbox 205 3859 980 3940">
     <span class='ocr_line' id='line_1_40' title="bbox 205 3859 980 3940; baseline 0.006 -22"><span class='ocrx_word' id='word_1_310' title='bbox 205 3862 251 3919; x_wconf 87' lang='grc' dir='ltr'>ούκ</span> <span class='ocrx_word' id='word_1_311' title='bbox 267 3859 383 3936; x_wconf 88' lang='grc' dir='ltr'>οἰόμενος</span> <span class='ocrx_word' id='word_1_312' title='bbox 398 3864 450 3919; x_wconf 88' lang='grc' dir='ltr'>δεῖν</span> <span class='ocrx_word' id='word_1_313' title='bbox 472 3863 642 3940; x_wconf 78' lang='grc' dir='ltr'>ἠρεθισμένον</span> <span class='ocrx_word' id='word_1_314' title='bbox 661 3861 691 3919; x_wconf 82' lang='grc' dir='ltr'>τό</span> <span class='ocrx_word' id='word_1_315' title='bbox 712 3863 854 3939; x_wconf 85' lang='grc' dir='ltr'>δημοτικόν</span> <span class='ocrx_word' id='word_1_316' title='bbox 871 3865 980 3926; x_wconf 79' lang='grc' dir='ltr'>ίκπολε·</span> 
     </span>
    </p>

    <p class='ocr_par' dir='ltr' id='par_1_41' title="bbox 151 3940 980 4028">
     <span class='ocr_line' id='line_1_41' title="bbox 151 3940 980 4028; baseline 0.008 -24"><span class='ocrx_word' id='word_1_317' title='bbox 151 3978 179 4017; x_wconf 69' lang='lat'>40</span> <span class='ocrx_word' id='word_1_318' title='bbox 206 3953 294 4024; x_wconf 89' lang='grc' dir='ltr'>μῶσαι</span> <span class='ocrx_word' id='word_1_319' title='bbox 310 3950 405 4015; x_wconf 86' lang='grc' dir='ltr'>τελέως</span> <span class='ocrx_word' id='word_1_320' title='bbox 421 3961 475 4017; x_wconf 91' lang='grc' dir='ltr'>τοῖς</span> <span class='ocrx_word' id='word_1_321' title='bbox 493 3949 662 4028; x_wconf 88' lang='grc' dir='ltr'>πατρικίοις,</span> <span class='ocrx_word' id='word_1_322' title='bbox 680 3940 744 4016; x_wconf 78' lang='grc' dir='ltr'>εἶξαί</span> <span class='ocrx_word' id='word_1_323' title='bbox 764 3974 792 4009; x_wconf 87' lang='grc' dir='ltr'>τε</span> <span class='ocrx_word' id='word_1_324' title='bbox 809 3952 980 4011; x_wconf 80' lang='grc' dir='ltr'>συνεόούλευε</span> 
     </span>
    </p>

    <p class='ocr_par' dir='ltr' id='par_1_42' title="bbox 203 4037 978 4124">
     <span class='ocr_line' id='line_1_42' title="bbox 203 4037 978 4124; baseline 0.009 -33"><span class='ocrx_word' id='word_1_325' title='bbox 203 4038 242 4114; x_wconf 82' lang='grc' dir='ltr'>τῷ</span> <span class='ocrx_word' id='word_1_326' title='bbox 255 4041 338 4116; x_wconf 84' lang='grc' dir='ltr'>καιρῷ</span> <span class='ocrx_word' id='word_1_327' title='bbox 351 4038 472 4116; x_wconf 77' lang='grc' dir='ltr'>καὶπρὸς</span> <span class='ocrx_word' id='word_1_328' title='bbox 488 4037 535 4113; x_wconf 76' lang='grc' dir='ltr'>μὲν</span> <span class='ocrx_word' id='word_1_329' title='bbox 551 4037 611 4104; x_wconf 80' lang='grc' dir='ltr'>τοὺς</span> <span class='ocrx_word' id='word_1_330' title='bbox 625 4038 717 4104; x_wconf 75' lang='grc' dir='ltr'>ἔξωθεν</span> <span class='ocrx_word' id='word_1_331' title='bbox 732 4038 862 4113; x_wconf 85' lang='grc' dir='ltr'>πολέμους</span> <span class='ocrx_word' id='word_1_332' title='bbox 876 4041 908 4098; x_wconf 90' lang='grc' dir='ltr'>τά</span> <span class='ocrx_word' id='word_1_333' title='bbox 926 4040 978 4124; x_wconf 84' lang='grc' dir='ltr'>[γε]</span> 
     </span>
    </p>

    <p class='ocr_par' dir='ltr' id='par_1_43' title="bbox 207 4122 981 4206">
     <span class='ocr_line' id='line_1_43' title="bbox 207 4122 981 4206; baseline 0.013 -28"><span class='ocrx_word' id='word_1_334' title='bbox 207 4122 281 4200; x_wconf 86' lang='grc' dir='ltr'>βίαια</span> <span class='ocrx_word' id='word_1_335' title='bbox 296 4126 474 4198; x_wconf 86' lang='grc' dir='ltr'>ἀντιτάττειν,</span> <span class='ocrx_word' id='word_1_336' title='bbox 500 4129 563 4205; x_wconf 84' lang='grc' dir='ltr'>πρδς</span> <span class='ocrx_word' id='word_1_337' title='bbox 587 4125 614 4184; x_wconf 79' lang='grc' dir='ltr'>δὲ</span> <span class='ocrx_word' id='word_1_338' title='bbox 630 4125 675 4193; x_wconf 79' lang='grc' dir='ltr'>τὰς</span> <span class='ocrx_word' id='word_1_339' title='bbox 696 4125 832 4193; x_wconf 78' lang='grc' dir='ltr'>πολιτικὰς</span> <span class='ocrx_word' id='word_1_340' title='bbox 848 4125 933 4206; x_wconf 85' lang='grc' dir='ltr'>ἔριδας</span> <span class='ocrx_word' id='word_1_341' title='bbox 946 4129 981 4188; x_wconf 88' lang='grc' dir='ltr'>τδι</span> 
     </span>
    </p>

    <p class='ocr_par' dir='ltr' id='par_1_44' title="bbox 206 4210 982 4290">
     <span class='ocr_line' id='line_1_44' title="bbox 206 4210 982 4290; baseline 0.015 -24"><span class='ocrx_word' id='word_1_342' title='bbox 206 4210 300 4287; x_wconf 86' lang='grc' dir='ltr'>μέτρια</span> <span class='ocrx_word' id='word_1_343' title='bbox 327 4211 371 4269; x_wconf 85' lang='grc' dir='ltr'>καί</span> <span class='ocrx_word' id='word_1_344' title='bbox 398 4214 561 4290; x_wconf 83' lang='grc' dir='ltr'>εὐγνώμονα.</span> <span class='ocrx_word' id='word_1_345' title='bbox 614 4213 725 4285; x_wconf 75' lang='grc' dir='ltr'>Ἐπειδὴ</span> <span class='ocrx_word' id='word_1_346' title='bbox 751 4212 779 4271; x_wconf 82' lang='grc' dir='ltr'>δὲ</span> <span class='ocrx_word' id='word_1_347' title='bbox 801 4221 854 4280; x_wconf 87' lang='grc' dir='ltr'>τοῖς</span> <span class='ocrx_word' id='word_1_348' title='bbox 878 4217 982 4278; x_wconf 88' lang='grc' dir='ltr'>πλείοσι</span> 
     </span>
    </p>

    <p class='ocr_par' dir='ltr' id='par_1_45' title="bbox 204 4301 980 4386">
     <span class='ocr_line' id='line_1_45' title="bbox 204 4301 980 4386; baseline 0.017 -29"><span class='ocrx_word' id='word_1_349' title='bbox 204 4301 255 4357; x_wconf 88' lang='grc' dir='ltr'>τῶν</span> <span class='ocrx_word' id='word_1_350' title='bbox 268 4301 293 4356; x_wconf 78' lang='grc' dir='ltr'>ἐν</span> <span class='ocrx_word' id='word_1_351' title='bbox 305 4304 342 4378; x_wconf 82' lang='grc' dir='ltr'>τῷ</span> <span class='ocrx_word' id='word_1_352' title='bbox 358 4304 483 4383; x_wconf 83' lang='grc' dir='ltr'>συνεδρίῳ</span> <span class='ocrx_word' id='word_1_353' title='bbox 492 4305 524 4362; x_wconf 78' lang='grc' dir='ltr'>τά</span> <span class='ocrx_word' id='word_1_354' title='bbox 540 4303 668 4384; x_wconf 90' lang='grc' dir='ltr'>κράτιστα</span> <span class='ocrx_word' id='word_1_355' title='bbox 685 4305 767 4364; x_wconf 83' lang='grc' dir='ltr'>ἐδόκει</span> <span class='ocrx_word' id='word_1_356' title='bbox 779 4305 875 4383; x_wconf 83' lang='grc' dir='ltr'>λέγειν,</span> <span class='ocrx_word' id='word_1_357' title='bbox 887 4312 980 4386; x_wconf 88' lang='grc' dir='ltr'>προελ·</span> 
     </span>
    </p>

    <p class='ocr_par' dir='ltr' id='par_1_46' title="bbox 151 4389 981 4473">
     <span class='ocr_line' id='line_1_46' title="bbox 151 4389 981 4473; baseline 0.016 -29"><span class='ocrx_word' id='word_1_358' title='bbox 151 4413 179 4452; x_wconf 79' lang='lat' dir='ltr'>to</span> <span class='ocrx_word' id='word_1_359' title='bbox 205 4389 273 4461; x_wconf 82' lang='grc' dir='ltr'>θὼν,</span> <span class='ocrx_word' id='word_1_360' title='bbox 289 4390 417 4449; x_wconf 79' lang='grc' dir='ltr'>τελευτῶν</span> <span class='ocrx_word' id='word_1_361' title='bbox 439 4397 485 4464; x_wconf 77' lang='grc' dir='ltr'>τῆς</span> <span class='ocrx_word' id='word_1_362' title='bbox 510 4395 674 4473; x_wconf 89' lang='grc' dir='ltr'>δημηγορίας</span> <span class='ocrx_word' id='word_1_363' title='bbox 698 4392 884 4470; x_wconf 81' lang='grc' dir='ltr'>ὡμολόγησεν,</span> <span class='ocrx_word' id='word_1_364' title='bbox 908 4397 981 4457; x_wconf 69' lang='lat' dir='ltr'><strong>tiso</strong></span> 
     </span>
    </p>

    <p class='ocr_par' dir='ltr' id='par_1_47' title="bbox 205 4477 980 4564">
     <span class='ocr_line' id='line_1_47' title="bbox 205 4477 980 4564; baseline 0.015 -31"><span class='ocrx_word' id='word_1_365' title='bbox 205 4477 288 4552; x_wconf 79' lang='grc' dir='ltr'>δῆμος</span> <span class='ocrx_word' id='word_1_366' title='bbox 305 4478 450 4555; x_wconf 88' lang='grc' dir='ltr'>συνάρηται</span> <span class='ocrx_word' id='word_1_367' title='bbox 469 4483 537 4557; x_wconf 80' lang='grc' dir='ltr'>μετὰ</span> <span class='ocrx_word' id='word_1_368' title='bbox 561 4485 707 4564; x_wconf 88' lang='grc' dir='ltr'>προθυμίας</span> <span class='ocrx_word' id='word_1_369' title='bbox 732 4488 777 4542; x_wconf 83' lang='grc' dir='ltr'>τοῦ</span> <span class='ocrx_word' id='word_1_370' title='bbox 800 4484 916 4562; x_wconf 87' lang='grc' dir='ltr'>πολέμου</span> <span class='ocrx_word' id='word_1_371' title='bbox 935 4486 980 4545; x_wconf 83' lang='grc' dir='ltr'>καὶ</span> 
     </span>
    </p>

    <p class='ocr_par' dir='ltr' id='par_1_48' title="bbox 204 4567 980 4651">
     <span class='ocr_line' id='line_1_48' title="bbox 204 4567 980 4651; baseline 0.008 -25"><span class='ocrx_word' id='word_1_372' title='bbox 204 4573 325 4646; x_wconf 75' lang='grc' dir='ltr'>καταστῇ</span> <span class='ocrx_word' id='word_1_373' title='bbox 349 4567 382 4624; x_wconf 83' lang='grc' dir='ltr'>τὰ</span> <span class='ocrx_word' id='word_1_374' title='bbox 407 4569 553 4647; x_wconf 85' lang='grc' dir='ltr'>πράγματα</span> <span class='ocrx_word' id='word_1_375' title='bbox 583 4577 628 4643; x_wconf 74' lang='grc' dir='ltr'>τῆς</span> <span class='ocrx_word' id='word_1_376' title='bbox 654 4570 773 4642; x_wconf 86' lang='grc' dir='ltr'>πόλεως,</span> <span class='ocrx_word' id='word_1_377' title='bbox 799 4572 980 4651; x_wconf 74' lang='grc' dir='ltr'>συγχωρήσειν</span> 
     </span>
    </p>

    <p class='ocr_par' dir='ltr' id='par_1_49' title="bbox 204 4655 980 4739">
     <span class='ocr_line' id='line_1_49' title="bbox 204 4655 980 4739; baseline 0.01 -27"><span class='ocrx_word' id='word_1_378' title='bbox 204 4664 256 4723; x_wconf 90' lang='grc' dir='ltr'>τοῖς</span> <span class='ocrx_word' id='word_1_379' title='bbox 272 4655 417 4735; x_wconf 86' lang='grc' dir='ltr'>δημάρχοις</span> <span class='ocrx_word' id='word_1_380' title='bbox 431 4659 564 4735; x_wconf 88' lang='grc' dir='ltr'>προθεῖναι</span> <span class='ocrx_word' id='word_1_381' title='bbox 578 4665 616 4739; x_wconf 83' lang='grc' dir='ltr'>τῷ</span> <span class='ocrx_word' id='word_1_382' title='bbox 631 4661 727 4732; x_wconf 82' lang='grc' dir='ltr'>πλήθει</span> <span class='ocrx_word' id='word_1_383' title='bbox 743 4658 791 4730; x_wconf 80' lang='grc' dir='ltr'>τὴν</span> <span class='ocrx_word' id='word_1_384' title='bbox 805 4659 923 4737; x_wconf 82' lang='grc' dir='ltr'>περὶτοῦ</span> <span class='ocrx_word' id='word_1_385' title='bbox 938 4661 980 4720; x_wconf 87' lang='grc' dir='ltr'>νό-</span> 
     </span>
    </p>

    <p class='ocr_par' dir='ltr' id='par_1_50' title="bbox 206 4744 980 4827">
     <span class='ocr_line' id='line_1_50' title="bbox 206 4744 980 4827; baseline 0.008 -25"><span class='ocrx_word' id='word_1_386' title='bbox 206 4770 255 4820; x_wconf 82' lang='grc' dir='ltr'>μου</span> <span class='ocrx_word' id='word_1_387' title='bbox 269 4745 426 4823; x_wconf 83' lang='grc' dir='ltr'>διάγνωσιν,</span> <span class='ocrx_word' id='word_1_388' title='bbox 443 4744 470 4802; x_wconf 88' lang='grc' dir='ltr'>θν</span> <span class='ocrx_word' id='word_1_389' title='bbox 487 4748 618 4827; x_wconf 73' lang='grc' dir='ltr'>εἰσέφερον</span> <span class='ocrx_word' id='word_1_390' title='bbox 632 4748 699 4827; x_wconf 73' lang='grc' dir='ltr'>ὑπὲρ</span> <span class='ocrx_word' id='word_1_391' title='bbox 709 4752 757 4819; x_wconf 81' lang='grc' dir='ltr'>τῆς</span> <span class='ocrx_word' id='word_1_392' title='bbox 773 4748 920 4822; x_wconf 88' lang='grc' dir='ltr'>ἰσονομίας,</span> <span class='ocrx_word' id='word_1_393' title='bbox 936 4750 980 4808; x_wconf 83' lang='grc' dir='ltr'>καί</span> 
     </span>
    </p>

    <p class='ocr_par' dir='ltr' id='par_1_51' title="bbox 152 4833 980 4917">
     <span class='ocr_line' id='line_1_51' title="bbox 152 4833 980 4917; baseline 0.006 -27"><span class='ocrx_word' id='word_1_394' title='bbox 152 4865 178 4902; x_wconf 66' lang='lat'>50</span> <span class='ocrx_word' id='word_1_395' title='bbox 206 4835 362 4893; x_wconf 86' lang='grc' dir='ltr'>σπουδάσειν</span> <span class='ocrx_word' id='word_1_396' title='bbox 376 4833 445 4899; x_wconf 81' lang='grc' dir='ltr'>ὅπως</span> <span class='ocrx_word' id='word_1_397' title='bbox 459 4835 502 4892; x_wconf 76' lang='grc' dir='ltr'>ἐπὶ</span> <span class='ocrx_word' id='word_1_398' title='bbox 514 4839 560 4908; x_wconf 75' lang='grc' dir='ltr'>τῆς</span> <span class='ocrx_word' id='word_1_399' title='bbox 571 4840 665 4896; x_wconf 81' lang='grc' dir='ltr'>ἑαυτοῦ</span> <span class='ocrx_word' id='word_1_400' title='bbox 679 4839 764 4914; x_wconf 77' lang='grc' dir='ltr'>ἀρχῆς</span> <span class='ocrx_word' id='word_1_401' title='bbox 775 4836 818 4894; x_wconf 80' lang='grc' dir='ltr'>ἐπὶ</span> <span class='ocrx_word' id='word_1_402' title='bbox 827 4835 900 4901; x_wconf 86' lang='grc' dir='ltr'>τέλος</span> <span class='ocrx_word' id='word_1_403' title='bbox 911 4841 980 4917; x_wconf 83' lang='grc' dir='ltr'>ἀχθῇ</span> 
     </span>
    </p>

    <p class='ocr_par' dir='ltr' id='par_1_52' title="bbox 205 4914 979 5004">
     <span class='ocr_line' id='line_1_52' title="bbox 205 4914 979 5004; baseline 0.008 -30"><span class='ocrx_word' id='word_1_404' title='bbox 205 4919 238 4975; x_wconf 85' lang='grc' dir='ltr'>τδι</span> <span class='ocrx_word' id='word_1_405' title='bbox 257 4920 368 4989; x_wconf 74' lang='grc' dir='ltr'>δόξαντα</span> <span class='ocrx_word' id='word_1_406' title='bbox 381 4928 419 5003; x_wconf 82' lang='grc' dir='ltr'>τῷ</span> <span class='ocrx_word' id='word_1_407' title='bbox 443 4923 528 5004; x_wconf 75' lang='grc' dir='ltr'>δήμῳ.</span> <span class='ocrx_word' id='word_1_408' title='bbox 571 4914 625 4984; x_wconf 84' lang='grc' dir='ltr'>Ἦν</span> <span class='ocrx_word' id='word_1_409' title='bbox 641 4925 668 4982; x_wconf 76' lang='grc' dir='ltr'>δέ</span> <span class='ocrx_word' id='word_1_410' title='bbox 684 4924 735 5000; x_wconf 84' lang='grc' dir='ltr'>ἄρα</span> <span class='ocrx_word' id='word_1_411' title='bbox 751 4921 821 4980; x_wconf 77' lang='grc' dir='ltr'>οὐθὲν</span> <span class='ocrx_word' id='word_1_412' title='bbox 838 4924 910 5000; x_wconf 80' lang='grc' dir='ltr'>αὐτῷ</span> <span class='ocrx_word' id='word_1_413' title='bbox 930 4947 979 4980; x_wconf 89' lang='grc' dir='ltr'>πε-</span> 
     </span>
    </p>

    <p class='ocr_par' dir='ltr' id='par_1_53' title="bbox 206 5009 979 5180">
     <span class='ocr_line' id='line_1_53' title="bbox 206 5009 979 5088; baseline 0.005 -25"><span class='ocrx_word' id='word_1_414' title='bbox 206 5009 343 5083; x_wconf 76' lang='grc' dir='ltr'>πρωμένον</span> <span class='ocrx_word' id='word_1_415' title='bbox 367 5011 517 5071; x_wconf 77' lang='grc' dir='ltr'>ἐπιτελέσαι</span> <span class='ocrx_word' id='word_1_416' title='bbox 541 5015 592 5070; x_wconf 89' lang='grc' dir='ltr'>τῶν</span> <span class='ocrx_word' id='word_1_417' title='bbox 617 5010 852 5088; x_wconf 79' lang='grc' dir='ltr'>ὁμολογηθέντων,</span> <span class='ocrx_word' id='word_1_418' title='bbox 869 5011 979 5079; x_wconf 86' lang='grc' dir='ltr'>πλησίον</span> 
     </span>
     <span class='ocr_line' id='line_1_54' title="bbox 206 5091 651 5180; baseline 0.007 -21"><span class='ocrx_word' id='word_1_419' title='bbox 206 5091 284 5164; x_wconf 68' lang='grc' dir='ltr'>Οὔσης</span> <span class='ocrx_word' id='word_1_420' title='bbox 297 5101 345 5167; x_wconf 81' lang='grc' dir='ltr'>τῆς</span> <span class='ocrx_word' id='word_1_421' title='bbox 358 5106 403 5158; x_wconf 76' lang='grc' dir='ltr'>τοῦ</span> <span class='ocrx_word' id='word_1_422' title='bbox 419 5100 531 5160; x_wconf 90' lang='grc' dir='ltr'>θανάτου</span> <span class='ocrx_word' id='word_1_423' title='bbox 546 5100 651 5180; x_wconf 89' lang='grc' dir='ltr'>μοίρας.</span> 
     </span>
    </p>

    <p class='ocr_par' dir='ltr' id='par_1_54' title="bbox 246 5180 979 5266">
     <span class='ocr_line' id='line_1_55' title="bbox 246 5180 979 5266; baseline 0.004 -26"><span class='ocrx_word' id='word_1_424' title='bbox 246 5180 325 5244; x_wconf 78' lang='lat' dir='ltr'><strong>xvi.</strong></span> <span class='ocrx_word' id='word_1_425' title='bbox 348 5185 477 5259; x_wconf 87' lang='grc' dir='ltr'>Λυθείσης</span> <span class='ocrx_word' id='word_1_426' title='bbox 502 5187 529 5246; x_wconf 82' lang='grc' dir='ltr'>δὲ</span> <span class='ocrx_word' id='word_1_427' title='bbox 551 5191 598 5262; x_wconf 77' lang='grc' dir='ltr'>τῆς</span> <span class='ocrx_word' id='word_1_428' title='bbox 622 5184 780 5261; x_wconf 78' lang='grc' dir='ltr'>ἐκκλησίας,</span> <span class='ocrx_word' id='word_1_429' title='bbox 808 5186 866 5266; x_wconf 84' lang='grc' dir='ltr'>περὶ</span> <span class='ocrx_word' id='word_1_430' title='bbox 891 5187 979 5260; x_wconf 86' lang='grc' dir='ltr'>δείλην</span> 
     </span>
    </p>
   </div>
   <div class='ocr_carea' id='block_1_3' title="bbox 720 363 1282 427">
    <p class='ocr_par' dir='ltr' id='par_1_55' title="bbox 720 363 1282 427">
     <span class='ocr_line' id='line_1_56' title="bbox 720 363 1282 427; baseline 0.004 -4"><span class='ocrx_word' id='word_1_431' title='bbox 720 364 888 425; x_wconf 74' lang='lat' dir='ltr'><strong>ntoo‘t&#39;stl</strong></span> <span class='ocrx_word' id='word_1_432' title='bbox 910 363 1282 427; x_wconf 68' lang='lat' dir='ltr'><strong>tritictttrtossuNSls</strong></span> 
     </span>
    </p>
   </div>
   <div class='ocr_carea' id='block_1_4' title="bbox 1029 500 1829 4972">
    <p class='ocr_par' dir='ltr' id='par_1_56' title="bbox 1029 500 1829 4972">
     <span class='ocr_line' id='line_1_57' title="bbox 1029 500 1827 569; baseline 0.003 -15"><span class='ocrx_word' id='word_1_433' title='bbox 1029 504 1081 566; x_wconf 74' lang='grc' dir='ltr'>μου</span> <span class='ocrx_word' id='word_1_434' title='bbox 1092 503 1218 568; x_wconf 82' lang='lat' dir='ltr'><strong>decrepita</strong></span> <span class='ocrx_word' id='word_1_435' title='bbox 1231 507 1311 563; x_wconf 85' lang='lat' dir='ltr'><strong>erant,</strong></span> <span class='ocrx_word' id='word_1_436' title='bbox 1331 505 1357 553; x_wconf 91' lang='lat' dir='ltr'>et</span> <span class='ocrx_word' id='word_1_437' title='bbox 1370 515 1435 567; x_wconf 84' lang='lat' dir='ltr'><strong>quos</strong></span> <span class='ocrx_word' id='word_1_438' title='bbox 1448 500 1514 553; x_wconf 78' lang='lat' dir='ltr'><strong>viros</strong></span> <span class='ocrx_word' id='word_1_439' title='bbox 1522 502 1637 569; x_wconf 88' lang='lat' dir='ltr'><strong>corporis</strong></span> <span class='ocrx_word' id='word_1_440' title='bbox 1653 502 1827 568; x_wconf 79' lang='lat' dir='ltr'><strong>deficiebant,</strong></span> 
     </span>
     <span class='ocr_line' id='line_1_58' title="bbox 1031 595 1829 661; baseline 0.006 -14"><span class='ocrx_word' id='word_1_441' title='bbox 1031 596 1123 649; x_wconf 81' lang='lat' dir='ltr'><strong>aedium</strong></span> <span class='ocrx_word' id='word_1_442' title='bbox 1137 600 1205 647; x_wconf 81' lang='lat' dir='ltr'><strong>tecte</strong></span> <span class='ocrx_word' id='word_1_443' title='bbox 1221 609 1269 647; x_wconf 82' lang='lat' dir='ltr'>une</span> <span class='ocrx_word' id='word_1_444' title='bbox 1279 610 1335 646; x_wconf 87' lang='lat' dir='ltr'><strong>cnm</strong></span> <span class='ocrx_word' id='word_1_445' title='bbox 1359 595 1503 646; x_wconf 88' lang='lat' dir='ltr'><strong>mulieribus</strong></span> <span class='ocrx_word' id='word_1_446' title='bbox 1518 600 1688 661; x_wconf 81' lang='lat' dir='ltr'><strong>oocuparunt,</strong></span> <span class='ocrx_word' id='word_1_447' title='bbox 1708 602 1743 649; x_wconf 91' lang='lat' dir='ltr'>ul</span> <span class='ocrx_word' id='word_1_448' title='bbox 1769 599 1829 652; x_wconf 88' lang='lat' dir='ltr'><strong>inde</strong></span> 
     </span>
     <span class='ocr_line' id='line_1_59' title="bbox 1032 689 1826 757; baseline 0.004 -16"><span class='ocrx_word' id='word_1_449' title='bbox 1032 695 1165 757; x_wconf 76' lang='lat' dir='ltr'><strong>puqrrorenl</strong></span> <span class='ocrx_word' id='word_1_450' title='bbox 1177 704 1234 741; x_wconf 83' lang='lat' dir='ltr'><strong>euin</strong></span> <span class='ocrx_word' id='word_1_451' title='bbox 1260 689 1386 751; x_wconf 81' lang='lat' dir='ltr'><strong>hostibus,</strong></span> <span class='ocrx_word' id='word_1_452' title='bbox 1405 690 1449 754; x_wconf 90' lang='lat' dir='ltr'>qui</span> <span class='ocrx_word' id='word_1_453' title='bbox 1464 694 1590 740; x_wconf 81' lang='lat' dir='ltr'><strong>uenerant.</strong></span> <span class='ocrx_word' id='word_1_454' title='bbox 1637 691 1738 742; x_wconf 73' lang='lat' dir='ltr'><strong>omnia</strong></span> <span class='ocrx_word' id='word_1_455' title='bbox 1758 694 1826 744; x_wconf 88' lang='lat' dir='ltr'><strong>enim</strong></span> 
     </span>
     <span class='ocr_line' id='line_1_60' title="bbox 1031 784 1824 850; baseline 0.006 -13"><span class='ocrx_word' id='word_1_456' title='bbox 1031 787 1086 837; x_wconf 89' lang='lat' dir='ltr'><strong>loca</strong></span> <span class='ocrx_word' id='word_1_457' title='bbox 1096 785 1210 836; x_wconf 72' lang='lat' dir='ltr'><strong>hostibus</strong></span> <span class='ocrx_word' id='word_1_458' title='bbox 1223 785 1322 850; x_wconf 88' lang='lat' dir='ltr'><strong>oppleta</strong></span> <span class='ocrx_word' id='word_1_459' title='bbox 1341 784 1482 835; x_wconf 81' lang='lat' dir='ltr'><strong>credebant.</strong></span> <span class='ocrx_word' id='word_1_460' title='bbox 1517 786 1600 836; x_wconf 87' lang='lat' dir='ltr'><strong>Prima</strong></span> <span class='ocrx_word' id='word_1_461' title='bbox 1612 798 1678 837; x_wconf 84' lang='lat' dir='ltr'><strong>vero</strong></span> <span class='ocrx_word' id='word_1_462' title='bbox 1690 786 1764 850; x_wconf 84' lang='lat' dir='ltr'><strong>luce,</strong></span> <span class='ocrx_word' id='word_1_463' title='bbox 1781 790 1824 842; x_wconf 87' lang='lat' dir='ltr'>ubi</span> 
     </span>
     <span class='ocr_line' id='line_1_61' title="bbox 1032 879 1823 950; baseline 0.01 -19"><span class='ocrx_word' id='word_1_464' title='bbox 1032 882 1155 947; x_wconf 75' lang='lat' dir='ltr'><strong>cognitum</strong></span> <span class='ocrx_word' id='word_1_465' title='bbox 1176 885 1216 932; x_wconf 86' lang='lat' dir='ltr'>est</span> <span class='ocrx_word' id='word_1_466' title='bbox 1239 879 1348 931; x_wconf 80' lang='lat' dir='ltr'><strong>cis-itatis</strong></span> <span class='ocrx_word' id='word_1_467' title='bbox 1362 894 1433 931; x_wconf 86' lang='lat' dir='ltr'><strong>arces</strong></span> <span class='ocrx_word' id='word_1_468' title='bbox 1454 884 1601 945; x_wconf 75' lang='lat' dir='ltr'><strong>occupatos,</strong></span> <span class='ocrx_word' id='word_1_469' title='bbox 1625 886 1655 934; x_wconf 87' lang='lat' dir='ltr'>ot</span> <span class='ocrx_word' id='word_1_470' title='bbox 1680 885 1743 950; x_wconf 88' lang='lat' dir='ltr'><strong>quis</strong></span> <span class='ocrx_word' id='word_1_471' title='bbox 1756 892 1823 939; x_wconf 82' lang='lat' dir='ltr'><strong>esset</strong></span> 
     </span>
     <span class='ocr_line' id='line_1_62' title="bbox 1032 978 1822 1046; baseline 0.005 -18"><span class='ocrx_word' id='word_1_472' title='bbox 1032 979 1075 1044; x_wconf 90' lang='lat' dir='ltr'>qni</span> <span class='ocrx_word' id='word_1_473' title='bbox 1085 992 1113 1028; x_wconf 86' lang='lat' dir='ltr'>eu</span> <span class='ocrx_word' id='word_1_474' title='bbox 1125 979 1178 1028; x_wconf 83' lang='lat' dir='ltr'><strong>loce</strong></span> <span class='ocrx_word' id='word_1_475' title='bbox 1185 980 1345 1043; x_wconf 76' lang='lat' dir='ltr'><strong>occupasset,</strong></span> <span class='ocrx_word' id='word_1_476' title='bbox 1356 978 1470 1028; x_wconf 83' lang='lat' dir='ltr'><strong>consules</strong></span> <span class='ocrx_word' id='word_1_477' title='bbox 1482 978 1506 1027; x_wconf 92' lang='lat' dir='ltr'>in</span> <span class='ocrx_word' id='word_1_478' title='bbox 1517 979 1598 1030; x_wconf 84' lang='lat' dir='ltr'><strong>torum</strong></span> <span class='ocrx_word' id='word_1_479' title='bbox 1610 982 1743 1046; x_wconf 74' lang='lat' dir='ltr'><strong>progressi</strong></span> <span class='ocrx_word' id='word_1_480' title='bbox 1755 984 1822 1036; x_wconf 78' lang='lat' dir='ltr'><strong>eires</strong></span> 
     </span>
     <span class='ocr_line' id='line_1_63' title="bbox 1032 1075 1821 1142; baseline 0.003 -15"><span class='ocrx_word' id='word_1_481' title='bbox 1032 1077 1063 1127; x_wconf 89' lang='lat' dir='ltr'>ad</span> <span class='ocrx_word' id='word_1_482' title='bbox 1084 1089 1152 1126; x_wconf 85' lang='lat' dir='ltr'><strong>arms</strong></span> <span class='ocrx_word' id='word_1_483' title='bbox 1167 1075 1296 1126; x_wconf 76' lang='lat' dir='ltr'><strong>vocabunt.</strong></span> <span class='ocrx_word' id='word_1_484' title='bbox 1326 1075 1488 1135; x_wconf 72' lang='lat' dir='ltr'><strong>retribunt,</strong></span> <span class='ocrx_word' id='word_1_485' title='bbox 1510 1076 1603 1142; x_wconf 89' lang='lat' dir='ltr'><strong>populo</strong></span> <span class='ocrx_word' id='word_1_486' title='bbox 1624 1079 1661 1129; x_wconf 85' lang='lat' dir='ltr'>ad</span> <span class='ocrx_word' id='word_1_487' title='bbox 1673 1083 1821 1134; x_wconf 67' lang='lat' dir='ltr'><strong>concinnae</strong></span> 
     </span>
     <span class='ocr_line' id='line_1_64' title="bbox 1032 1171 1821 1236; baseline 0.01 -13"><span class='ocrx_word' id='word_1_488' title='bbox 1032 1175 1179 1233; x_wconf 76' lang='lat' dir='ltr'><strong>conuocato,</strong></span> <span class='ocrx_word' id='word_1_489' title='bbox 1203 1171 1319 1222; x_wconf 77' lang='lat' dir='ltr'><strong>dicebant</strong></span> <span class='ocrx_word' id='word_1_490' title='bbox 1347 1185 1375 1222; x_wconf 89' lang='lat' dir='ltr'>se</span> <span class='ocrx_word' id='word_1_491' title='bbox 1407 1171 1549 1236; x_wconf 76' lang='lat' dir='ltr'><strong>reipublice</strong></span> <span class='ocrx_word' id='word_1_492' title='bbox 1577 1175 1720 1227; x_wconf 85' lang='lat' dir='ltr'><strong>commodis</strong></span> <span class='ocrx_word' id='word_1_493' title='bbox 1752 1179 1821 1231; x_wconf 89' lang='lat' dir='ltr'><strong>nullo</strong></span> 
     </span>
     <span class='ocr_line' id='line_1_65' title="bbox 1032 1267 1820 1338; baseline 0.004 -18"><span class='ocrx_word' id='word_1_494' title='bbox 1032 1268 1105 1320; x_wconf 88' lang='lat' dir='ltr'><strong>modo</strong></span> <span class='ocrx_word' id='word_1_495' title='bbox 1124 1269 1251 1320; x_wconf 78' lang='lat' dir='ltr'><strong>adversari</strong></span> <span class='ocrx_word' id='word_1_496' title='bbox 1273 1268 1336 1319; x_wconf 80' lang='lat' dir='ltr'><strong>selle</strong></span> <span class='ocrx_word' id='word_1_497' title='bbox 1356 1287 1362 1319; x_wconf 73' lang='grc' dir='ltr'>ι</span> <span class='ocrx_word' id='word_1_498' title='bbox 1386 1267 1430 1318; x_wconf 90' lang='lat' dir='ltr'>sed</span> <span class='ocrx_word' id='word_1_499' title='bbox 1451 1282 1551 1331; x_wconf 74' lang='lat' dir='ltr'><strong>equum</strong></span> <span class='ocrx_word' id='word_1_500' title='bbox 1571 1284 1694 1334; x_wconf 83' lang='lat' dir='ltr'><strong>censere,</strong></span> <span class='ocrx_word' id='word_1_501' title='bbox 1708 1276 1739 1323; x_wconf 93' lang='lat' dir='ltr'><strong>ut</strong></span> <span class='ocrx_word' id='word_1_502' title='bbox 1752 1273 1820 1338; x_wconf 81' lang='lat' dir='ltr'><strong>plebs</strong></span> 
     </span>
     <span class='ocr_line' id='line_1_66' title="bbox 1032 1365 1818 1430; baseline 0.008 -15"><span class='ocrx_word' id='word_1_503' title='bbox 1032 1370 1127 1416; x_wconf 87' lang='lat' dir='ltr'><strong>lenium</strong></span> <span class='ocrx_word' id='word_1_504' title='bbox 1141 1370 1265 1416; x_wconf 71' lang='lat' dir='ltr'><strong>conamen</strong></span> <span class='ocrx_word' id='word_1_505' title='bbox 1283 1365 1411 1426; x_wconf 87' lang='lat' dir='ltr'><strong>subitura,</strong></span> <span class='ocrx_word' id='word_1_506' title='bbox 1433 1365 1508 1415; x_wconf 86' lang='lat' dir='ltr'><strong>certis</strong></span> <span class='ocrx_word' id='word_1_507' title='bbox 1530 1365 1659 1430; x_wconf 79' lang='lat' dir='ltr'><strong>aliquibus</strong></span> <span class='ocrx_word' id='word_1_508' title='bbox 1676 1383 1707 1420; x_wconf 80' lang='lat' dir='ltr'>ee</span> <span class='ocrx_word' id='word_1_509' title='bbox 1727 1369 1818 1421; x_wconf 76' lang='lat' dir='ltr'><strong>diserte</strong></span> 
     </span>
     <span class='ocr_line' id='line_1_67' title="bbox 1032 1462 1818 1532; baseline -0.004 -14"><span class='ocrx_word' id='word_1_510' title='bbox 1032 1468 1157 1532; x_wconf 78' lang='lat' dir='ltr'><strong>expressis</strong></span> <span class='ocrx_word' id='word_1_511' title='bbox 1170 1467 1354 1519; x_wconf 86' lang='lat' dir='ltr'><strong>conditionibus</strong></span> <span class='ocrx_word' id='word_1_512' title='bbox 1374 1464 1401 1515; x_wconf 89' lang='lat' dir='ltr'>id</span> <span class='ocrx_word' id='word_1_513' title='bbox 1410 1464 1546 1529; x_wconf 78' lang='lat' dir='ltr'><strong>perieulum</strong></span> <span class='ocrx_word' id='word_1_514' title='bbox 1564 1462 1656 1516; x_wconf 86' lang='lat' dir='ltr'><strong>adiret.</strong></span> <span class='ocrx_word' id='word_1_515' title='bbox 1674 1486 1687 1508; x_wconf 81' lang='grc' dir='ltr'>ι</span> <span class='ocrx_word' id='word_1_516' title='bbox 1705 1468 1733 1517; x_wconf 84' lang='lat' dir='ltr'>Si</span> <span class='ocrx_word' id='word_1_517' title='bbox 1746 1467 1818 1530; x_wconf 78' lang='lat' dir='ltr'><strong>igitur</strong></span> 
     </span>
     <span class='ocr_line' id='line_1_68' title="bbox 1034 1563 1817 1630; baseline 0 -15"><span class='ocrx_word' id='word_1_518' title='bbox 1034 1587 1046 1608; x_wconf 79' lang='grc' dir='ltr'>ι</span> <span class='ocrx_word' id='word_1_519' title='bbox 1063 1564 1227 1630; x_wconf 76' lang='lat' dir='ltr'><strong>(inquiebant)</strong></span> <span class='ocrx_word' id='word_1_520' title='bbox 1238 1563 1335 1630; x_wconf 76' lang='lat' dir='ltr'><strong>patricii</strong></span> <span class='ocrx_word' id='word_1_521' title='bbox 1348 1563 1419 1614; x_wconf 79' lang='lat' dir='ltr'><strong>robis</strong></span> <span class='ocrx_word' id='word_1_522' title='bbox 1434 1563 1603 1627; x_wconf 76' lang='lat' dir='ltr'><strong>polliceantur,</strong></span> <span class='ocrx_word' id='word_1_523' title='bbox 1617 1569 1646 1616; x_wconf 90' lang='lat' dir='ltr'>et</span> <span class='ocrx_word' id='word_1_524' title='bbox 1658 1565 1817 1628; x_wconf 76' lang='lat' dir='ltr'><strong>iureiurando</strong></span> 
     </span>
     <span class='ocr_line' id='line_1_69' title="bbox 1033 1660 1815 1728; baseline -0.001 -15"><span class='ocrx_word' id='word_1_525' title='bbox 1033 1683 1046 1706; x_wconf 80' lang='grc' dir='ltr'>ι</span> <span class='ocrx_word' id='word_1_526' title='bbox 1063 1676 1090 1713; x_wconf 89' lang='lat' dir='ltr'>se</span> <span class='ocrx_word' id='word_1_527' title='bbox 1101 1662 1178 1713; x_wconf 80' lang='lat' dir='ltr'><strong>vebnt</strong></span> <span class='ocrx_word' id='word_1_528' title='bbox 1191 1663 1345 1728; x_wconf 80' lang='lat' dir='ltr'><strong>obstringere</strong></span> <span class='ocrx_word' id='word_1_529' title='bbox 1354 1676 1392 1724; x_wconf 87' lang='lat' dir='ltr'>se,</span> <span class='ocrx_word' id='word_1_530' title='bbox 1414 1660 1485 1711; x_wconf 80' lang='lat' dir='ltr'><strong>stiriis</strong></span> <span class='ocrx_word' id='word_1_531' title='bbox 1503 1661 1637 1725; x_wconf 82' lang='lat' dir='ltr'><strong>bochello,</strong></span> <span class='ocrx_word' id='word_1_532' title='bbox 1655 1663 1815 1726; x_wconf 69' lang='lat' dir='ltr'><strong>permissuros</strong></span> 
     </span>
     <span class='ocr_line' id='line_1_70' title="bbox 1035 1758 1815 1826; baseline -0.003 -14"><span class='ocrx_word' id='word_1_533' title='bbox 1035 1782 1048 1806; x_wconf 91' lang='grc' dir='ltr'>ιι</span> <span class='ocrx_word' id='word_1_534' title='bbox 1063 1761 1136 1812; x_wconf 85' lang='lat' dir='ltr'><strong>uobis</strong></span> <span class='ocrx_word' id='word_1_535' title='bbox 1150 1761 1302 1826; x_wconf 79' lang='lat' dir='ltr'><strong>legislatores</strong></span> <span class='ocrx_word' id='word_1_536' title='bbox 1318 1773 1410 1820; x_wconf 84' lang='lat' dir='ltr'><strong>creare,</strong></span> <span class='ocrx_word' id='word_1_537' title='bbox 1421 1763 1484 1810; x_wconf 88' lang='lat' dir='ltr'><strong>etse</strong></span> <span class='ocrx_word' id='word_1_538' title='bbox 1494 1759 1520 1810; x_wconf 89' lang='lat' dir='ltr'>iu</span> <span class='ocrx_word' id='word_1_539' title='bbox 1533 1764 1664 1824; x_wconf 83' lang='lat' dir='ltr'><strong>postemm</strong></span> <span class='ocrx_word' id='word_1_540' title='bbox 1678 1758 1815 1824; x_wconf 79' lang='lat' dir='ltr'><strong>tequojure</strong></span> 
     </span>
     <span class='ocr_line' id='line_1_71' title="bbox 1035 1857 1814 1924; baseline 0 -14"><span class='ocrx_word' id='word_1_541' title='bbox 1035 1881 1046 1903; x_wconf 92' lang='grc' dir='ltr'>ι</span> <span class='ocrx_word' id='word_1_542' title='bbox 1065 1862 1192 1912; x_wconf 85' lang='lat' dir='ltr'><strong>nobiscum</strong></span> <span class='ocrx_word' id='word_1_543' title='bbox 1205 1861 1323 1921; x_wconf 78' lang='lat' dir='ltr'><strong>victuros,</strong></span> <span class='ocrx_word' id='word_1_544' title='bbox 1334 1858 1480 1924; x_wconf 72' lang='lat' dir='ltr'><strong>adjuvemus</strong></span> <span class='ocrx_word' id='word_1_545' title='bbox 1493 1872 1537 1909; x_wconf 89' lang='lat' dir='ltr'>sos</span> <span class='ocrx_word' id='word_1_546' title='bbox 1548 1857 1574 1908; x_wconf 88' lang='lat' dir='ltr'><strong>lo</strong></span> <span class='ocrx_word' id='word_1_547' title='bbox 1583 1858 1713 1910; x_wconf 74' lang='lat' dir='ltr'><strong>liberandi</strong></span> <span class='ocrx_word' id='word_1_548' title='bbox 1721 1861 1814 1924; x_wconf 76' lang='lat' dir='ltr'><strong>patria:</strong></span> 
     </span>
     <span class='ocr_line' id='line_1_72' title="bbox 1034 1954 1815 2021; baseline 0.003 -15"><span class='ocrx_word' id='word_1_549' title='bbox 1034 1978 1046 2000; x_wconf 82' lang='grc' dir='ltr'>ιι</span> <span class='ocrx_word' id='word_1_550' title='bbox 1062 1957 1128 2021; x_wconf 90' lang='lat' dir='ltr'><strong>quod</strong></span> <span class='ocrx_word' id='word_1_551' title='bbox 1140 1957 1161 2008; x_wconf 88' lang='lat' dir='ltr'>si</span> <span class='ocrx_word' id='word_1_552' title='bbox 1171 1957 1202 2008; x_wconf 88' lang='lat' dir='ltr'>ad</span> <span class='ocrx_word' id='word_1_553' title='bbox 1212 1957 1294 2007; x_wconf 87' lang='lat' dir='ltr'><strong>nullas</strong></span> <span class='ocrx_word' id='word_1_554' title='bbox 1308 1969 1392 2020; x_wconf 68' lang='lat' dir='ltr'><strong>seques</strong></span> <span class='ocrx_word' id='word_1_555' title='bbox 1408 1954 1561 2007; x_wconf 85' lang='lat' dir='ltr'><strong>conditiones</strong></span> <span class='ocrx_word' id='word_1_556' title='bbox 1570 1954 1648 2007; x_wconf 75' lang='lat' dir='ltr'><strong>redut</strong></span> <span class='ocrx_word' id='word_1_557' title='bbox 1657 1956 1815 2017; x_wconf 83' lang='lat' dir='ltr'><strong>descendere,</strong></span> 
     </span>
     <span class='ocr_line' id='line_1_73' title="bbox 1035 2052 1817 2120; baseline 0.001 -16"><span class='ocrx_word' id='word_1_558' title='bbox 1035 2077 1048 2098; x_wconf 83' lang='grc' dir='ltr'>ι</span> <span class='ocrx_word' id='word_1_559' title='bbox 1064 2068 1111 2105; x_wconf 88' lang='lat' dir='ltr'><strong>our</strong></span> <span class='ocrx_word' id='word_1_560' title='bbox 1138 2068 1184 2120; x_wconf 86' lang='lat' dir='ltr'><strong>pro</strong></span> <span class='ocrx_word' id='word_1_561' title='bbox 1206 2055 1254 2104; x_wconf 92' lang='lat' dir='ltr'><strong>illis</strong></span> <span class='ocrx_word' id='word_1_562' title='bbox 1280 2054 1356 2105; x_wconf 80' lang='lat' dir='ltr'><strong>vitam</strong></span> <span class='ocrx_word' id='word_1_563' title='bbox 1387 2056 1497 2103; x_wconf 83' lang='lat' dir='ltr'><strong>nostrum</strong></span> <span class='ocrx_word' id='word_1_564' title='bbox 1519 2052 1635 2118; x_wconf 83' lang='lat' dir='ltr'><strong>periculis</strong></span> <span class='ocrx_word' id='word_1_565' title='bbox 1657 2053 1817 2118; x_wconf 84' lang='lat' dir='ltr'><strong>objiciemus,</strong></span> 
     </span>
     <span class='ocr_line' id='line_1_74' title="bbox 1033 2150 1814 2219; baseline -0.009 -15"><span class='ocrx_word' id='word_1_566' title='bbox 1033 2174 1046 2197; x_wconf 82' lang='grc' dir='ltr'>ιι</span> <span class='ocrx_word' id='word_1_567' title='bbox 1063 2153 1163 2219; x_wconf 88' lang='lat' dir='ltr'><strong>quando</strong></span> <span class='ocrx_word' id='word_1_568' title='bbox 1184 2153 1269 2204; x_wconf 88' lang='lat' dir='ltr'><strong>nullus</strong></span> <span class='ocrx_word' id='word_1_569' title='bbox 1284 2152 1378 2203; x_wconf 79' lang='lat' dir='ltr'><strong>fructus</strong></span> <span class='ocrx_word' id='word_1_570' title='bbox 1396 2151 1429 2202; x_wconf 85' lang='lat' dir='ltr'>ad</span> <span class='ocrx_word' id='word_1_571' title='bbox 1452 2165 1499 2202; x_wconf 84' lang='grc' dir='ltr'>ιιυε</span> <span class='ocrx_word' id='word_1_572' title='bbox 1513 2150 1568 2203; x_wconf 83' lang='lat' dir='ltr'><strong>inde</strong></span> <span class='ocrx_word' id='word_1_573' title='bbox 1581 2153 1618 2201; x_wconf 88' lang='lat' dir='ltr'>est</span> <span class='ocrx_word' id='word_1_574' title='bbox 1640 2151 1788 2202; x_wconf 78' lang='lat' dir='ltr'><strong>rediturus?</strong></span> <span class='ocrx_word' id='word_1_575' title='bbox 1801 2172 1814 2197; x_wconf 69' lang='grc' dir='ltr'>ι</span> 
     </span>
     <span class='ocr_line' id='line_1_75' title="bbox 1033 2244 1813 2313; baseline 0 -14"><span class='ocrx_word' id='word_1_576' title='bbox 1033 2251 1093 2300; x_wconf 75' lang='lat' dir='ltr'><strong>ileo</strong></span> <span class='ocrx_word' id='word_1_577' title='bbox 1106 2249 1313 2309; x_wconf 85' lang='lat' dir='ltr'><strong>illlsdiceniibus,</strong></span> <span class='ocrx_word' id='word_1_578' title='bbox 1326 2253 1351 2299; x_wconf 88' lang='lat' dir='ltr'>et</span> <span class='ocrx_word' id='word_1_579' title='bbox 1373 2247 1444 2313; x_wconf 82' lang='lat' dir='ltr'><strong>plebe</strong></span> <span class='ocrx_word' id='word_1_580' title='bbox 1462 2246 1522 2313; x_wconf 86' lang='lat' dir='ltr'><strong>ipsis</strong></span> <span class='ocrx_word' id='word_1_581' title='bbox 1530 2244 1727 2312; x_wconf 68' lang='lat' dir='ltr'><strong>obtanperunte,</strong></span> <span class='ocrx_word' id='word_1_582' title='bbox 1742 2251 1768 2299; x_wconf 88' lang='lat' dir='ltr'>et</span> <span class='ocrx_word' id='word_1_583' title='bbox 1780 2261 1813 2300; x_wconf 88' lang='lat' dir='ltr'>ne</span> 
     </span>
     <span class='ocr_line' id='line_1_76' title="bbox 1033 2342 1814 2414; baseline -0.003 -16"><span class='ocrx_word' id='word_1_584' title='bbox 1033 2362 1120 2400; x_wconf 80' lang='lat' dir='ltr'><strong>rocem</strong></span> <span class='ocrx_word' id='word_1_585' title='bbox 1136 2346 1239 2414; x_wconf 89' lang='lat' dir='ltr'><strong>quidem</strong></span> <span class='ocrx_word' id='word_1_586' title='bbox 1263 2346 1410 2411; x_wconf 83' lang='lat' dir='ltr'><strong>cujusquam</strong></span> <span class='ocrx_word' id='word_1_587' title='bbox 1432 2342 1643 2397; x_wconf 78' lang='lat' dir='ltr'><strong>aliudsnsdeutis</strong></span> <span class='ocrx_word' id='word_1_588' title='bbox 1662 2344 1749 2395; x_wconf 86' lang='lat' dir='ltr'><strong>audire</strong></span> <span class='ocrx_word' id='word_1_589' title='bbox 1766 2359 1814 2396; x_wconf 78' lang='lat' dir='ltr'><strong>ro·</strong></span> 
     </span>
     <span class='ocr_line' id='line_1_77' title="bbox 1033 2444 1813 2520; baseline 0.013 -26"><span class='ocrx_word' id='word_1_590' title='bbox 1033 2444 1111 2504; x_wconf 87' lang='lat' dir='ltr'><strong>lente,</strong></span> <span class='ocrx_word' id='word_1_591' title='bbox 1127 2444 1246 2495; x_wconf 82' lang='lat' dir='ltr'><strong>claudius</strong></span> <span class='ocrx_word' id='word_1_592' title='bbox 1265 2444 1328 2495; x_wconf 79' lang='lat' dir='ltr'><strong>dixit</strong></span> <span class='ocrx_word' id='word_1_593' title='bbox 1342 2445 1389 2496; x_wconf 89' lang='lat' dir='ltr'><strong>sibi</strong></span> <span class='ocrx_word' id='word_1_594' title='bbox 1407 2447 1498 2499; x_wconf 86' lang='lat' dir='ltr'><strong>talibus</strong></span> <span class='ocrx_word' id='word_1_595' title='bbox 1512 2448 1586 2501; x_wconf 74' lang='lat' dir='ltr'><strong>sodis</strong></span> <span class='ocrx_word' id='word_1_596' title='bbox 1598 2462 1661 2515; x_wconf 85' lang='lat' dir='ltr'><strong>opus</strong></span> <span class='ocrx_word' id='word_1_597' title='bbox 1676 2466 1727 2503; x_wconf 92' lang='lat' dir='ltr'><strong>non</strong></span> <span class='ocrx_word' id='word_1_598' title='bbox 1740 2467 1813 2520; x_wconf 89' lang='lat' dir='ltr'><strong>esse,</strong></span> 
     </span>
     <span class='ocr_line' id='line_1_78' title="bbox 1032 2533 1816 2603; baseline 0.018 -20"><span class='ocrx_word' id='word_1_599' title='bbox 1032 2533 1135 2599; x_wconf 90' lang='lat' dir='ltr'><strong>quinon</strong></span> <span class='ocrx_word' id='word_1_600' title='bbox 1147 2534 1224 2593; x_wconf 88' lang='lat' dir='ltr'><strong>ultro,</strong></span> <span class='ocrx_word' id='word_1_601' title='bbox 1237 2535 1281 2586; x_wconf 89' lang='lat' dir='ltr'>sed</span> <span class='ocrx_word' id='word_1_602' title='bbox 1292 2536 1416 2601; x_wconf 75' lang='lat' dir='ltr'><strong>mercede,</strong></span> <span class='ocrx_word' id='word_1_603' title='bbox 1427 2550 1508 2603; x_wconf 85' lang='lat' dir='ltr'><strong>eaque</strong></span> <span class='ocrx_word' id='word_1_604' title='bbox 1518 2553 1569 2591; x_wconf 87' lang='lat' dir='ltr'><strong>non</strong></span> <span class='ocrx_word' id='word_1_605' title='bbox 1579 2543 1676 2594; x_wconf 77' lang='lat' dir='ltr'><strong>modice</strong></span> <span class='ocrx_word' id='word_1_606' title='bbox 1685 2546 1816 2598; x_wconf 73' lang='lat' dir='ltr'><strong>condumis</strong></span> 
     </span>
     <span class='ocr_line' id='line_1_79' title="bbox 1031 2625 1816 2703; baseline 0.018 -27"><span class='ocrx_word' id='word_1_607' title='bbox 1031 2625 1118 2690; x_wconf 79' lang='lat' dir='ltr'><strong>patrie</strong></span> <span class='ocrx_word' id='word_1_608' title='bbox 1128 2638 1202 2691; x_wconf 91' lang='lat' dir='ltr'><strong>opem</strong></span> <span class='ocrx_word' id='word_1_609' title='bbox 1213 2627 1278 2678; x_wconf 83' lang='lat' dir='ltr'><strong>terre</strong></span> <span class='ocrx_word' id='word_1_610' title='bbox 1288 2628 1379 2679; x_wconf 83' lang='lat' dir='ltr'><strong>vellent</strong></span> <span class='ocrx_word' id='word_1_611' title='bbox 1391 2649 1398 2679; x_wconf 90' lang='lat'>:</span> <span class='ocrx_word' id='word_1_612' title='bbox 1411 2642 1488 2695; x_wconf 87' lang='lat' dir='ltr'><strong>qnare</strong></span> <span class='ocrx_word' id='word_1_613' title='bbox 1499 2632 1609 2696; x_wconf 69' lang='lat' dir='ltr'><strong>dioebm,</strong></span> <span class='ocrx_word' id='word_1_614' title='bbox 1620 2636 1690 2701; x_wconf 84' lang='lat' dir='ltr'><strong>ipsos</strong></span> <span class='ocrx_word' id='word_1_615' title='bbox 1698 2639 1816 2703; x_wconf 80' lang='lat' dir='ltr'><strong>petricius</strong></span> 
     </span>
     <span class='ocr_line' id='line_1_80' title="bbox 1034 2742 1814 2809; baseline 0.001 -15"><span class='ocrx_word' id='word_1_616' title='bbox 1034 2758 1091 2794; x_wconf 88' lang='lat' dir='ltr'>oum</span> <span class='ocrx_word' id='word_1_617' title='bbox 1101 2745 1154 2794; x_wconf 88' lang='lat' dir='ltr'><strong>suis</strong></span> <span class='ocrx_word' id='word_1_618' title='bbox 1166 2742 1297 2795; x_wconf 81' lang='lat' dir='ltr'><strong>clientibus</strong></span> <span class='ocrx_word' id='word_1_619' title='bbox 1311 2747 1429 2806; x_wconf 76' lang='lat' dir='ltr'><strong>amietos,</strong></span> <span class='ocrx_word' id='word_1_620' title='bbox 1448 2746 1475 2794; x_wconf 86' lang='lat' dir='ltr'>et</span> <span class='ocrx_word' id='word_1_621' title='bbox 1489 2756 1549 2794; x_wconf 88' lang='lat' dir='ltr'><strong>cum</strong></span> <span class='ocrx_word' id='word_1_622' title='bbox 1559 2742 1625 2805; x_wconf 89' lang='lat' dir='ltr'><strong>aliis,</strong></span> <span class='ocrx_word' id='word_1_623' title='bbox 1639 2743 1717 2809; x_wconf 83' lang='lat' dir='ltr'><strong>siqui</strong></span> <span class='ocrx_word' id='word_1_624' title='bbox 1730 2745 1814 2796; x_wconf 83' lang='lat' dir='ltr'><strong>volun·</strong></span> 
     </span>
     <span class='ocr_line' id='line_1_81' title="bbox 1034 2839 1815 2906; baseline 0.006 -15"><span class='ocrx_word' id='word_1_625' title='bbox 1034 2841 1091 2892; x_wconf 81' lang='lat' dir='ltr'><strong>lorii</strong></span> <span class='ocrx_word' id='word_1_626' title='bbox 1113 2855 1139 2891; x_wconf 91' lang='lat' dir='ltr'>se</span> <span class='ocrx_word' id='word_1_627' title='bbox 1161 2841 1191 2891; x_wconf 77' lang='lat' dir='ltr'>acl</span> <span class='ocrx_word' id='word_1_628' title='bbox 1220 2839 1287 2890; x_wconf 86' lang='lat' dir='ltr'><strong>iliam</strong></span> <span class='ocrx_word' id='word_1_629' title='bbox 1301 2839 1358 2891; x_wconf 87' lang='lat' dir='ltr'><strong>belli</strong></span> <span class='ocrx_word' id='word_1_630' title='bbox 1385 2841 1530 2893; x_wconf 80' lang='lat' dir='ltr'><strong>societatem</strong></span> <span class='ocrx_word' id='word_1_631' title='bbox 1544 2840 1731 2906; x_wconf 75' lang='lat' dir='ltr'><strong>adjunxissent,</strong></span> <span class='ocrx_word' id='word_1_632' title='bbox 1745 2858 1815 2896; x_wconf 78' lang='lat' dir='ltr'><strong>eroes</strong></span> 
     </span>
     <span class='ocr_line' id='line_1_82' title="bbox 1032 2935 1815 3006; baseline 0.008 -17"><span class='ocrx_word' id='word_1_633' title='bbox 1032 2937 1185 2989; x_wconf 85' lang='lat' dir='ltr'><strong>obsessuros.</strong></span> <span class='ocrx_word' id='word_1_634' title='bbox 1225 2935 1300 2996; x_wconf 86' lang='lat' dir='ltr'><strong>Quod</strong></span> <span class='ocrx_word' id='word_1_635' title='bbox 1322 2937 1466 2991; x_wconf 85' lang='lat' dir='ltr'><strong>siiorteue</strong></span> <span class='ocrx_word' id='word_1_636' title='bbox 1481 2939 1641 3006; x_wconf 86' lang='lat' dir='ltr'><strong>sicquidem</strong></span> <span class='ocrx_word' id='word_1_637' title='bbox 1659 2942 1718 2992; x_wconf 81' lang='lat' dir='ltr'><strong>selis</strong></span> <span class='ocrx_word' id='word_1_638' title='bbox 1734 2943 1815 2995; x_wconf 79' lang='lat' dir='ltr'><strong>relide</strong></span> 
     </span>
     <span class='ocr_line' id='line_1_83' title="bbox 1033 3036 1814 3106; baseline 0.006 -19"><span class='ocrx_word' id='word_1_639' title='bbox 1033 3050 1063 3087; x_wconf 84' lang='lat' dir='ltr'>ea</span> <span class='ocrx_word' id='word_1_640' title='bbox 1072 3051 1161 3088; x_wconf 87' lang='lat' dir='ltr'><strong>munus</strong></span> <span class='ocrx_word' id='word_1_641' title='bbox 1174 3036 1308 3099; x_wconf 81' lang='lat' dir='ltr'><strong>videretur,</strong></span> <span class='ocrx_word' id='word_1_642' title='bbox 1328 3038 1428 3089; x_wconf 83' lang='lat' dir='ltr'><strong>Latinos</strong></span> <span class='ocrx_word' id='word_1_643' title='bbox 1437 3041 1463 3086; x_wconf 87' lang='lat' dir='ltr'>ot</span> <span class='ocrx_word' id='word_1_644' title='bbox 1480 3038 1601 3089; x_wconf 86' lang='lat' dir='ltr'><strong>llemioos</strong></span> <span class='ocrx_word' id='word_1_645' title='bbox 1616 3039 1650 3090; x_wconf 85' lang='lat' dir='ltr'>eb</span> <span class='ocrx_word' id='word_1_646' title='bbox 1661 3041 1721 3106; x_wconf 87' lang='lat' dir='ltr'><strong>ipsis</strong></span> <span class='ocrx_word' id='word_1_647' title='bbox 1733 3054 1814 3092; x_wconf 84' lang='lat' dir='ltr'><strong>acuer-</strong></span> 
     </span>
     <span class='ocr_line' id='line_1_84' title="bbox 1034 3138 1816 3203; baseline 0.005 -15"><span class='ocrx_word' id='word_1_648' title='bbox 1034 3139 1109 3188; x_wconf 87' lang='lat' dir='ltr'><strong>simm</strong></span> <span class='ocrx_word' id='word_1_649' title='bbox 1124 3140 1154 3190; x_wconf 84' lang='lat' dir='ltr'>iri</span> <span class='ocrx_word' id='word_1_650' title='bbox 1167 3139 1290 3190; x_wconf 75' lang='lat' dir='ltr'><strong>dicebat:</strong></span> <span class='ocrx_word' id='word_1_651' title='bbox 1305 3142 1339 3202; x_wconf 86' lang='lat' dir='ltr'><strong>ct,</strong></span> <span class='ocrx_word' id='word_1_652' title='bbox 1353 3138 1374 3188; x_wconf 87' lang='lat' dir='ltr'>si</span> <span class='ocrx_word' id='word_1_653' title='bbox 1394 3138 1528 3190; x_wconf 81' lang='lat' dir='ltr'><strong>necessitas</strong></span> <span class='ocrx_word' id='word_1_654' title='bbox 1538 3141 1692 3203; x_wconf 78' lang='lat' dir='ltr'><strong>postularet,</strong></span> <span class='ocrx_word' id='word_1_655' title='bbox 1702 3156 1745 3193; x_wconf 88' lang='lat' dir='ltr'>eos</span> <span class='ocrx_word' id='word_1_656' title='bbox 1764 3157 1816 3194; x_wconf 84' lang='lat' dir='ltr'><strong>scr-</strong></span> 
     </span>
     <span class='ocr_line' id='line_1_85' title="bbox 1035 3234 1817 3303; baseline 0.006 -19"><span class='ocrx_word' id='word_1_657' title='bbox 1035 3234 1073 3285; x_wconf 83' lang='lat' dir='ltr'>vis</span> <span class='ocrx_word' id='word_1_658' title='bbox 1097 3238 1171 3287; x_wconf 86' lang='lat' dir='ltr'><strong>etiam</strong></span> <span class='ocrx_word' id='word_1_659' title='bbox 1194 3237 1332 3288; x_wconf 89' lang='lat' dir='ltr'><strong>libertatem</strong></span> <span class='ocrx_word' id='word_1_660' title='bbox 1349 3236 1526 3300; x_wconf 87' lang='lat' dir='ltr'><strong>promissums,</strong></span> <span class='ocrx_word' id='word_1_661' title='bbox 1544 3235 1655 3301; x_wconf 86' lang='lat' dir='ltr'><strong>deniquo</strong></span> <span class='ocrx_word' id='word_1_662' title='bbox 1673 3241 1817 3303; x_wconf 75' lang='lat' dir='ltr'><strong>quorumvis</strong></span> 
     </span>
     <span class='ocr_line' id='line_1_86' title="bbox 1033 3336 1817 3403; baseline 0.003 -16"><span class='ocrx_word' id='word_1_663' title='bbox 1033 3350 1105 3402; x_wconf 86' lang='lat' dir='ltr'><strong>opem</strong></span> <span class='ocrx_word' id='word_1_664' title='bbox 1119 3337 1202 3402; x_wconf 88' lang='lat' dir='ltr'><strong>potius</strong></span> <span class='ocrx_word' id='word_1_665' title='bbox 1211 3336 1395 3401; x_wconf 88' lang='lat' dir='ltr'><strong>imploraturos,</strong></span> <span class='ocrx_word' id='word_1_666' title='bbox 1408 3349 1484 3399; x_wconf 89' lang='lat' dir='ltr'><strong>quam</strong></span> <span class='ocrx_word' id='word_1_667' title='bbox 1506 3347 1601 3394; x_wconf 82' lang='lat' dir='ltr'><strong>eorum,</strong></span> <span class='ocrx_word' id='word_1_668' title='bbox 1613 3337 1657 3399; x_wconf 87' lang='lat' dir='ltr'>qui</span> <span class='ocrx_word' id='word_1_669' title='bbox 1670 3341 1724 3389; x_wconf 86' lang='lat' dir='ltr'>iam</span> <span class='ocrx_word' id='word_1_670' title='bbox 1735 3338 1817 3403; x_wconf 90' lang='lat' dir='ltr'><strong>iniquo</strong></span> 
     </span>
     <span class='ocr_line' id='line_1_87' title="bbox 1034 3435 1816 3504; baseline 0.004 -17"><span class='ocrx_word' id='word_1_671' title='bbox 1034 3437 1120 3504; x_wconf 78' lang='lat' dir='ltr'><strong>patrie</strong></span> <span class='ocrx_word' id='word_1_672' title='bbox 1131 3439 1242 3501; x_wconf 88' lang='lat' dir='ltr'><strong>tempore</strong></span> <span class='ocrx_word' id='word_1_673' title='bbox 1264 3438 1375 3486; x_wconf 78' lang='lat' dir='ltr'><strong>soterum</strong></span> <span class='ocrx_word' id='word_1_674' title='bbox 1389 3435 1539 3486; x_wconf 79' lang='lat' dir='ltr'><strong>offensarum</strong></span> <span class='ocrx_word' id='word_1_675' title='bbox 1558 3435 1707 3488; x_wconf 84' lang='lat' dir='ltr'><strong>memoriam</strong></span> <span class='ocrx_word' id='word_1_676' title='bbox 1717 3438 1816 3489; x_wconf 71' lang='grc' dir='ltr'>τεθεῖσα·</span> 
     </span>
     <span class='ocr_line' id='line_1_88' title="bbox 1034 3536 1823 3602; baseline 0.003 -14"><span class='ocrx_word' id='word_1_677' title='bbox 1034 3543 1097 3590; x_wconf 84' lang='lat' dir='ltr'><strong>rent.</strong></span> <span class='ocrx_word' id='word_1_678' title='bbox 1125 3541 1157 3588; x_wconf 85' lang='lat' dir='ltr'>ltt</span> <span class='ocrx_word' id='word_1_679' title='bbox 1181 3536 1307 3599; x_wconf 80' lang='lat' dir='ltr'><strong>valerius,</strong></span> <span class='ocrx_word' id='word_1_680' title='bbox 1328 3538 1382 3588; x_wconf 85' lang='lat' dir='ltr'><strong>cius</strong></span> <span class='ocrx_word' id='word_1_681' title='bbox 1406 3536 1513 3602; x_wconf 78' lang='lat' dir='ltr'><strong>collega,</strong></span> <span class='ocrx_word' id='word_1_682' title='bbox 1537 3539 1624 3587; x_wconf 82' lang='lat' dir='ltr'><strong>contre</strong></span> <span class='ocrx_word' id='word_1_683' title='bbox 1647 3537 1704 3588; x_wconf 77' lang='lat' dir='ltr'><strong>lutee</strong></span> <span class='ocrx_word' id='word_1_684' title='bbox 1722 3538 1823 3595; x_wconf 76' lang='lat' dir='ltr'><strong>dioclet,</strong></span> 
     </span>
     <span class='ocr_line' id='line_1_89' title="bbox 1034 3632 1818 3704; baseline -0.008 -13"><span class='ocrx_word' id='word_1_685' title='bbox 1034 3640 1094 3704; x_wconf 87' lang='lat' dir='ltr'><strong>quia</strong></span> <span class='ocrx_word' id='word_1_686' title='bbox 1105 3637 1219 3690; x_wconf 89' lang='lat' dir='ltr'><strong>censebut</strong></span> <span class='ocrx_word' id='word_1_687' title='bbox 1240 3634 1335 3699; x_wconf 84' lang='lat' dir='ltr'><strong>piebem</strong></span> <span class='ocrx_word' id='word_1_688' title='bbox 1354 3634 1406 3699; x_wconf 82' lang='lat' dir='ltr'><strong>jam</strong></span> <span class='ocrx_word' id='word_1_689' title='bbox 1429 3632 1550 3683; x_wconf 82' lang='lat' dir='ltr'><strong>irritatam</strong></span> <span class='ocrx_word' id='word_1_690' title='bbox 1577 3645 1628 3682; x_wconf 91' lang='lat' dir='ltr'><strong>non</strong></span> <span class='ocrx_word' id='word_1_691' title='bbox 1649 3645 1707 3683; x_wconf 86' lang='lat' dir='ltr'><strong>esse</strong></span> <span class='ocrx_word' id='word_1_692' title='bbox 1722 3636 1818 3698; x_wconf 87' lang='lat' dir='ltr'><strong>penitus</strong></span> 
     </span>
     <span class='ocr_line' id='line_1_90' title="bbox 1035 3731 1819 3804; baseline -0.009 -15"><span class='ocrx_word' id='word_1_693' title='bbox 1035 3739 1170 3804; x_wconf 82' lang='lat' dir='ltr'><strong>apatriciis</strong></span> <span class='ocrx_word' id='word_1_694' title='bbox 1191 3734 1354 3794; x_wconf 82' lang='lat' dir='ltr'><strong>alienandum,</strong></span> <span class='ocrx_word' id='word_1_695' title='bbox 1372 3738 1397 3784; x_wconf 87' lang='lat' dir='ltr'>et</span> <span class='ocrx_word' id='word_1_696' title='bbox 1413 3733 1532 3784; x_wconf 84' lang='lat' dir='ltr'><strong>suadebat</strong></span> <span class='ocrx_word' id='word_1_697' title='bbox 1551 3735 1580 3782; x_wconf 90' lang='lat' dir='ltr'><strong>ut</strong></span> <span class='ocrx_word' id='word_1_698' title='bbox 1598 3732 1708 3797; x_wconf 88' lang='lat' dir='ltr'><strong>tempori</strong></span> <span class='ocrx_word' id='word_1_699' title='bbox 1721 3731 1819 3782; x_wconf 85' lang='lat' dir='ltr'><strong>cederet</strong></span> 
     </span>
     <span class='ocr_line' id='line_1_91' title="bbox 1035 3822 1818 3889; baseline -0.008 -10"><span class='ocrx_word' id='word_1_700' title='bbox 1035 3833 1060 3879; x_wconf 90' lang='lat' dir='ltr'>et</span> <span class='ocrx_word' id='word_1_701' title='bbox 1079 3843 1135 3879; x_wconf 88' lang='lat' dir='ltr'><strong>cum</strong></span> <span class='ocrx_word' id='word_1_702' title='bbox 1156 3832 1260 3878; x_wconf 84' lang='lat' dir='ltr'><strong>externo</strong></span> <span class='ocrx_word' id='word_1_703' title='bbox 1282 3824 1399 3875; x_wconf 83' lang='lat' dir='ltr'><strong>hostede</strong></span> <span class='ocrx_word' id='word_1_704' title='bbox 1419 3824 1475 3889; x_wconf 81' lang='lat' dir='ltr'><strong>jure</strong></span> <span class='ocrx_word' id='word_1_705' title='bbox 1490 3823 1630 3885; x_wconf 75' lang='lat' dir='ltr'><strong>dimicaret,</strong></span> <span class='ocrx_word' id='word_1_706' title='bbox 1659 3822 1686 3873; x_wconf 90' lang='lat' dir='ltr'>in</span> <span class='ocrx_word' id='word_1_707' title='bbox 1704 3824 1818 3875; x_wconf 85' lang='lat' dir='ltr'><strong>civilibus</strong></span> 
     </span>
     <span class='ocr_line' id='line_1_92' title="bbox 1038 3925 1817 3991; baseline 0 -14"><span class='ocrx_word' id='word_1_708' title='bbox 1038 3943 1095 3980; x_wconf 80' lang='lat' dir='ltr'><strong>sero</strong></span> <span class='ocrx_word' id='word_1_709' title='bbox 1106 3928 1235 3979; x_wconf 88' lang='lat' dir='ltr'><strong>discordiis</strong></span> <span class='ocrx_word' id='word_1_710' title='bbox 1246 3942 1277 3978; x_wconf 81' lang='lat' dir='ltr'>ex</span> <span class='ocrx_word' id='word_1_711' title='bbox 1296 3940 1367 3990; x_wconf 78' lang='lat' dir='ltr'><strong>aequo</strong></span> <span class='ocrx_word' id='word_1_712' title='bbox 1382 3929 1407 3979; x_wconf 88' lang='lat' dir='ltr'>el</span> <span class='ocrx_word' id='word_1_713' title='bbox 1424 3927 1527 3990; x_wconf 81' lang='lat' dir='ltr'><strong>benigne</strong></span> <span class='ocrx_word' id='word_1_714' title='bbox 1540 3925 1703 3991; x_wconf 79' lang='lat' dir='ltr'><strong>disceptaret.</strong></span> <span class='ocrx_word' id='word_1_715' title='bbox 1734 3929 1817 3986; x_wconf 86' lang='lat' dir='ltr'><strong>Quum</strong></span> 
     </span>
     <span class='ocr_line' id='line_1_93' title="bbox 1036 4027 1817 4095; baseline -0.004 -13"><span class='ocrx_word' id='word_1_716' title='bbox 1036 4034 1119 4082; x_wconf 86' lang='lat' dir='ltr'><strong>eutem</strong></span> <span class='ocrx_word' id='word_1_717' title='bbox 1128 4030 1214 4093; x_wconf 82' lang='lat' dir='ltr'><strong>majori</strong></span> <span class='ocrx_word' id='word_1_718' title='bbox 1230 4032 1328 4095; x_wconf 87' lang='lat' dir='ltr'><strong>patrum</strong></span> <span class='ocrx_word' id='word_1_719' title='bbox 1343 4029 1407 4094; x_wconf 84' lang='lat' dir='ltr'><strong>perti</strong></span> <span class='ocrx_word' id='word_1_720' title='bbox 1426 4029 1461 4079; x_wconf 92' lang='lat' dir='ltr'><strong>illi</strong></span> <span class='ocrx_word' id='word_1_721' title='bbox 1479 4028 1602 4094; x_wconf 88' lang='lat' dir='ltr'><strong>optimum</strong></span> <span class='ocrx_word' id='word_1_722' title='bbox 1615 4028 1744 4080; x_wconf 85' lang='lat' dir='ltr'><strong>consilium</strong></span> <span class='ocrx_word' id='word_1_723' title='bbox 1756 4027 1817 4080; x_wconf 81' lang='lat' dir='ltr'><strong>dere</strong></span> 
     </span>
     <span class='ocr_line' id='line_1_94' title="bbox 1036 4130 1817 4196; baseline -0.006 -11"><span class='ocrx_word' id='word_1_724' title='bbox 1036 4135 1169 4193; x_wconf 85' lang='lat' dir='ltr'><strong>videretur,</strong></span> <span class='ocrx_word' id='word_1_725' title='bbox 1181 4137 1240 4183; x_wconf 89' lang='lat' dir='ltr'><strong>tuno</strong></span> <span class='ocrx_word' id='word_1_726' title='bbox 1257 4144 1405 4196; x_wconf 81' lang='lat' dir='ltr'><strong>progressus</strong></span> <span class='ocrx_word' id='word_1_727' title='bbox 1420 4133 1444 4181; x_wconf 90' lang='lat' dir='ltr'>in</span> <span class='ocrx_word' id='word_1_728' title='bbox 1458 4131 1600 4191; x_wconf 82' lang='lat' dir='ltr'><strong>comitium,</strong></span> <span class='ocrx_word' id='word_1_729' title='bbox 1617 4130 1751 4194; x_wconf 81' lang='lat' dir='ltr'><strong>motuque</strong></span> <span class='ocrx_word' id='word_1_730' title='bbox 1763 4131 1817 4180; x_wconf 89' lang='lat' dir='ltr'><strong>ele·</strong></span> 
     </span>
     <span class='ocr_line' id='line_1_95' title="bbox 1037 4226 1815 4294; baseline -0.008 -13"><span class='ocrx_word' id='word_1_731' title='bbox 1037 4231 1319 4294; x_wconf 71' lang='lat' dir='ltr'><strong>pontioretione,sue1n</strong></span> <span class='ocrx_word' id='word_1_732' title='bbox 1330 4229 1472 4278; x_wconf 89' lang='lat' dir='ltr'><strong>concionem</strong></span> <span class='ocrx_word' id='word_1_733' title='bbox 1490 4227 1651 4294; x_wconf 82' lang='lat' dir='ltr'><strong>jurejurando</strong></span> <span class='ocrx_word' id='word_1_734' title='bbox 1668 4226 1771 4285; x_wconf 65' lang='lat' dir='ltr'><strong>cluunt,</strong></span> <span class='ocrx_word' id='word_1_735' title='bbox 1791 4226 1815 4276; x_wconf 88' lang='lat' dir='ltr'>si</span> 
     </span>
     <span class='ocr_line' id='line_1_96' title="bbox 1036 4322 1815 4393; baseline -0.006 -14"><span class='ocrx_word' id='word_1_736' title='bbox 1036 4329 1140 4393; x_wconf 81' lang='lat' dir='ltr'><strong>populus</strong></span> <span class='ocrx_word' id='word_1_737' title='bbox 1154 4328 1179 4378; x_wconf 89' lang='lat' dir='ltr'>id</span> <span class='ocrx_word' id='word_1_738' title='bbox 1199 4326 1291 4377; x_wconf 83' lang='lat' dir='ltr'><strong>bellum</strong></span> <span class='ocrx_word' id='word_1_739' title='bbox 1311 4325 1426 4376; x_wconf 86' lang='lat' dir='ltr'><strong>alacriter</strong></span> <span class='ocrx_word' id='word_1_740' title='bbox 1448 4326 1605 4390; x_wconf 82' lang='lat' dir='ltr'><strong>suscepisset,</strong></span> <span class='ocrx_word' id='word_1_741' title='bbox 1617 4328 1642 4376; x_wconf 90' lang='lat' dir='ltr'>et</span> <span class='ocrx_word' id='word_1_742' title='bbox 1658 4336 1695 4374; x_wconf 87' lang='lat' dir='ltr'>res</span> <span class='ocrx_word' id='word_1_743' title='bbox 1709 4322 1815 4374; x_wconf 78' lang='lat' dir='ltr'><strong>urbano</strong></span> 
     </span>
     <span class='ocr_line' id='line_1_97' title="bbox 1036 4423 1816 4490; baseline -0.004 -14"><span class='ocrx_word' id='word_1_744' title='bbox 1036 4425 1178 4490; x_wconf 76' lang='lat' dir='ltr'><strong>composite·</strong></span> <span class='ocrx_word' id='word_1_745' title='bbox 1194 4423 1312 4483; x_wconf 81' lang='lat' dir='ltr'><strong>inissent,</strong></span> <span class='ocrx_word' id='word_1_746' title='bbox 1327 4437 1354 4473; x_wconf 91' lang='lat' dir='ltr'>se</span> <span class='ocrx_word' id='word_1_747' title='bbox 1373 4423 1478 4473; x_wconf 88' lang='lat' dir='ltr'><strong>tribunis</strong></span> <span class='ocrx_word' id='word_1_748' title='bbox 1495 4424 1683 4487; x_wconf 83' lang='lat' dir='ltr'><strong>permissurum,</strong></span> <span class='ocrx_word' id='word_1_749' title='bbox 1697 4425 1726 4472; x_wconf 86' lang='lat' dir='ltr'>ul</span> <span class='ocrx_word' id='word_1_750' title='bbox 1741 4436 1816 4488; x_wconf 81' lang='lat' dir='ltr'><strong>ruga·</strong></span> 
     </span>
     <span class='ocr_line' id='line_1_98' title="bbox 1036 4521 1817 4585; baseline 0 -12"><span class='ocrx_word' id='word_1_751' title='bbox 1036 4524 1129 4573; x_wconf 85' lang='lat' dir='ltr'><strong>tionem</strong></span> <span class='ocrx_word' id='word_1_752' title='bbox 1142 4524 1172 4572; x_wconf 90' lang='lat' dir='ltr'>de</span> <span class='ocrx_word' id='word_1_753' title='bbox 1181 4521 1245 4584; x_wconf 82' lang='lat' dir='ltr'><strong>juris</strong></span> <span class='ocrx_word' id='word_1_754' title='bbox 1261 4521 1428 4584; x_wconf 80' lang='lat' dir='ltr'><strong>mquebilitato</strong></span> <span class='ocrx_word' id='word_1_755' title='bbox 1447 4522 1478 4572; x_wconf 88' lang='lat' dir='ltr'>ed</span> <span class='ocrx_word' id='word_1_756' title='bbox 1491 4524 1610 4585; x_wconf 91' lang='lat' dir='ltr'><strong>populum</strong></span> <span class='ocrx_word' id='word_1_757' title='bbox 1626 4523 1754 4582; x_wconf 82' lang='lat' dir='ltr'><strong>referrent,</strong></span> <span class='ocrx_word' id='word_1_758' title='bbox 1767 4522 1817 4573; x_wconf 86' lang='lat' dir='ltr'>da·</span> 
     </span>
     <span class='ocr_line' id='line_1_99' title="bbox 1037 4619 1818 4684; baseline 0 -13"><span class='ocrx_word' id='word_1_759' title='bbox 1037 4625 1170 4684; x_wconf 88' lang='lat' dir='ltr'><strong>torumque</strong></span> <span class='ocrx_word' id='word_1_760' title='bbox 1184 4633 1284 4684; x_wconf 82' lang='lat' dir='ltr'><strong>operam</strong></span> <span class='ocrx_word' id='word_1_761' title='bbox 1305 4623 1345 4679; x_wconf 89' lang='lat' dir='ltr'>ul,</span> <span class='ocrx_word' id='word_1_762' title='bbox 1361 4619 1386 4669; x_wconf 92' lang='lat' dir='ltr'>in</span> <span class='ocrx_word' id='word_1_763' title='bbox 1403 4634 1449 4670; x_wconf 87' lang='lat' dir='ltr'>suo</span> <span class='ocrx_word' id='word_1_764' title='bbox 1471 4619 1617 4679; x_wconf 86' lang='lat' dir='ltr'><strong>consulatu,</strong></span> <span class='ocrx_word' id='word_1_765' title='bbox 1631 4619 1699 4684; x_wconf 89' lang='lat' dir='ltr'><strong>quod</strong></span> <span class='ocrx_word' id='word_1_766' title='bbox 1711 4620 1818 4684; x_wconf 89' lang='lat' dir='ltr'><strong>populos</strong></span> 
     </span>
     <span class='ocr_line' id='line_1_100' title="bbox 1033 4716 1818 4783; baseline 0.001 -15"><span class='ocrx_word' id='word_1_767' title='bbox 1033 4719 1161 4783; x_wconf 86' lang='lat' dir='ltr'><strong>jussisset,</strong></span> <span class='ocrx_word' id='word_1_768' title='bbox 1180 4717 1246 4767; x_wconf 79' lang='lat' dir='ltr'><strong>idad</strong></span> <span class='ocrx_word' id='word_1_769' title='bbox 1259 4717 1331 4767; x_wconf 84' lang='lat' dir='ltr'><strong>finem</strong></span> <span class='ocrx_word' id='word_1_770' title='bbox 1351 4717 1535 4782; x_wconf 82' lang='lat' dir='ltr'><strong>perduceretur.</strong></span> <span class='ocrx_word' id='word_1_771' title='bbox 1569 4716 1618 4769; x_wconf 82' lang='lat' dir='ltr'>Sed</span> <span class='ocrx_word' id='word_1_772' title='bbox 1639 4718 1714 4768; x_wconf 78' lang='lat' dir='ltr'><strong>tutele</strong></span> <span class='ocrx_word' id='word_1_773' title='bbox 1726 4722 1818 4769; x_wconf 85' lang='lat' dir='ltr'><strong>eratut</strong></span> 
     </span>
     <span class='ocr_line' id='line_1_101' title="bbox 1037 4813 1820 4878; baseline 0.004 -17"><span class='ocrx_word' id='word_1_774' title='bbox 1037 4813 1098 4863; x_wconf 89' lang='lat' dir='ltr'><strong>nihil</strong></span> <span class='ocrx_word' id='word_1_775' title='bbox 1110 4827 1203 4871; x_wconf 81' lang='grc' dir='ltr'>οοιιιιιι,</span> <span class='ocrx_word' id='word_1_776' title='bbox 1223 4827 1281 4877; x_wconf 82' lang='lat' dir='ltr'>quae</span> <span class='ocrx_word' id='word_1_777' title='bbox 1295 4814 1456 4877; x_wconf 83' lang='lat' dir='ltr'><strong>promiserat,</strong></span> <span class='ocrx_word' id='word_1_778' title='bbox 1472 4816 1616 4878; x_wconf 78' lang='lat' dir='ltr'><strong>prestaret,</strong></span> <span class='ocrx_word' id='word_1_779' title='bbox 1643 4815 1725 4865; x_wconf 87' lang='lat' dir='ltr'><strong>morte</strong></span> <span class='ocrx_word' id='word_1_780' title='bbox 1749 4813 1820 4864; x_wconf 77' lang='lat' dir='ltr'><strong>lateii</strong></span> 
     </span>
     <span class='ocr_line' id='line_1_102' title="bbox 1036 4908 1291 4972; baseline -0.004 -14"><span class='ocrx_word' id='word_1_781' title='bbox 1036 4908 1104 4959; x_wconf 88' lang='lat' dir='ltr'><strong>illum</strong></span> <span class='ocrx_word' id='word_1_782' title='bbox 1116 4908 1167 4969; x_wconf 86' lang='lat' dir='ltr'><strong>jam</strong></span> <span class='ocrx_word' id='word_1_783' title='bbox 1181 4913 1291 4972; x_wconf 82' lang='lat' dir='ltr'><strong>urgente.</strong></span> 
     </span>
    </p>
   </div>
   <div class='ocr_carea' id='block_1_5' title="bbox 1075 5197 1822 5266">
    <p class='ocr_par' dir='ltr' id='par_1_57' title="bbox 1075 5197 1822 5266">
     <span class='ocr_line' id='line_1_103' title="bbox 1075 5197 1822 5266; baseline 0.012 -19"><span class='ocrx_word' id='word_1_784' title='bbox 1075 5199 1141 5247; x_wconf 81' lang='lat' dir='ltr'><strong>lit‘l.</strong></span> <span class='ocrx_word' id='word_1_785' title='bbox 1154 5197 1262 5248; x_wconf 82' lang='lat' dir='ltr'><strong>Dimissa</strong></span> <span class='ocrx_word' id='word_1_786' title='bbox 1279 5202 1363 5249; x_wconf 83' lang='lat' dir='ltr'><strong>autom</strong></span> <span class='ocrx_word' id='word_1_787' title='bbox 1377 5201 1508 5262; x_wconf 80' lang='lat' dir='ltr'><strong>concione,</strong></span> <span class='ocrx_word' id='word_1_788' title='bbox 1526 5198 1575 5251; x_wconf 89' lang='lat' dir='ltr'>snb</span> <span class='ocrx_word' id='word_1_789' title='bbox 1587 5201 1764 5266; x_wconf 78' lang='lat' dir='ltr'><strong>vespertinum</strong></span> <span class='ocrx_word' id='word_1_790' title='bbox 1772 5222 1822 5261; x_wconf 75' lang='lat' dir='ltr'><strong>cro·</strong></span> 
     </span>
    </p>
   </div>
   <div class='ocr_carea' id='block_1_6' title="bbox 0 0 1890 5828">
    <p class='ocr_par' dir='ltr' id='par_1_58' title="bbox 0 0 1890 5828">
     <span class='ocr_line' id='line_1_104' title="bbox 0 0 1890 5828; baseline 0 0"><span class='ocrx_word' id='word_1_791' title='bbox 0 0 1890 5828; x_wconf 95' lang='lat' dir='ltr'> </span> 
     </span>
    </p>
   </div>
  </div>
 </body>
</html>
