3772 5828
190 311 246 379 {06

162 450 354 522 ,deebriare
419 449 518 515 Τάτιος
544 448 591 524 μέν
616 440 660 508 otia
694 450 816 523 τοιαύτης
840 453 963 523 τελευτῆς

184 541 273 621 ἐτυχε,
289 541 349 619 τρία
369 537 415 615 μὲν
438 537 483 610 έιη
498 539 651 614 πολεμήσας
672 537 814 618 Ῥωμύλῳ,
834 540 911 599 πέντε
933 542 960 599 δέ

185 626 323 708 συνάρξας.
366 626 506 688 Θάπτεται
521 628 543 684 δ’
574 628 609 693 εἰς
637 625 746 704 Ῥώμην
761 628 893 704 κομισθείς
918 631 960 687 ἐν·

184 714 253 795 τίμῳ
267 719 353 795 ταφῇ,
369 715 414 773 καὶ
428 714 492 793 χοάς
507 717 578 794 αὐτῷ
602 719 660 773 καθ’
681 715 792 776 ἕκαστον
816 717 960 789 ἐνιαυτδνὴ

158 826 171 862 s
185 805 258 870 πόλις
272 803 386 862 ἐπιτελεῖ
404 804 528 881 δημοσία.

225 892 298 952 Llll.
312 891 447 968 Ῥωμύλος
457 892 483 949 δέ
495 890 572 965 μόνος
584 891 627 951 ἐπὶ
639 891 686 962 τὴν
702 890 785 971 ἀρχὴν
798 891 828 951 τό
842 890 960 974 δεύτερον

184 980 318 1045 καταστὰς
333 980 363 1037 τό
382 986 406 1036 τ’
431 979 493 1057 ἄγος
512 982 666 1058 ἀφοσιοῦται
686 980 717 1037 τὸ
735 977 794 1059 περί
814 979 873 1047 τοὺς
894 979 959 1060 πρέ·

184 1067 255 1135 σύεις
267 1066 414 1145 γενόμενον,
428 1069 561 1146 προειπὼν
571 1070 624 1135 τοῖς
637 1069 827 1148 ἐργασαμένοις
837 1069 867 1128 τὸ
878 1073 960 1146 μῦσος

184 1156 276 1222 ὕδατος
290 1154 421 1236 εἴργεσθαι
435 1158 480 1214 καί
496 1158 585 1236 πυρός’
603 1156 779 1238 ἐπεφεύγεσαν
795 1154 846 1235 γάρ
862 1159 893 1216 ἐκ
912 1162 959 1229 τῆς

182 1244 284 1312 πόλεως
299 1245 412 1310 ἅπαντες
428 1246 484 1322 ἅμα
506 1250 544 1325 τῷ
559 1245 604 1304 τόν
619 1245 718 1306 Τάτιον
743 1249 898 1306 ἀποθανεῖν·
913 1247 959 1307 καί

181 1336 233 1391 τῶν
261 1332 429 1392 Λαθινιατῶν
457 1332 516 1399 τοὺς
547 1334 693 1400 συστάντας
722 1335 765 1392 ἐπὶ
790 1334 834 1392 τδν
859 1334 958 1394 Τάτιον

182 1421 344 1498 δικαστηρίῳ
365 1419 500 1498 παραδοὺς
523 1421 677 1488 ἐκδοθέντας
699 1422 750 1480 θπδ
775 1427 822 1494 τῆς
844 1421 958 1496 πόλεως,

182 1508 272 1578 ἐπειδάΙ
295 1509 434 1586 δικαιότερ’
458 1506 564 1568 ἐδόκουν
577 1508 662 1584 λέγειν
688 1510 720 1568 τά
743 1511 818 1588 βίαια
837 1533 958 1592 τιμωρη-

182 1593 292 1671 σάμενοι
306 1595 358 1660 τοῖς
384 1596 494 1673 βιαίοις,
521 1598 636 1656 ἀπέλυσε
653 1602 700 1668 τῆς
726 1599 821 1665 αἰτίας.
862 1601 956 1661 Ταῦτα

182 1680 389 1760 διαπραξάμενος
403 1684 447 1742 ἐπὶ
465 1685 513 1754 τὴν
532 1685 686 1755 Φιδηναίων
698 1685 855 1765 ἐστράτευσε
868 1688 956 1759 πολιν,

183 1771 237 1828 ἀπὸ
259 1771 453 1850 τετταράκοντα
476 1773 589 1831 σταδίων
614 1777 661 1844 τῆς
682 1772 792 1852 Ῥώμης
817 1774 957 1851 κειμένην,

183 1857 301 1934 μεγάλην
316 1882 345 1919 τε
371 1859 418 1918 καὶ
435 1862 640 1940 πολυάνθρωπον
661 1851 741 1921 ούσαν
768 1861 837 1923 τότε.
879 1862 958 1940 Ἀγα-

183 1948 261 2023 μένης
276 1949 326 2027 γάρ
349 1952 385 2016 εἰς
409 1948 456 2020 τὴν
480 1948 591 2028 Ῥώμην
612 1954 709 2030 ἀγορᾶς
735 1954 761 2010 ἐν
782 1953 893 2030 σκάφαις
907 1975 955 2011 πο·

183 2037 323 2113 ταμηγοῖς,
344 2038 377 2110 ἢν
400 2038 605 2118 Κρουστομέριοι
624 2039 785 2116 πιεζομένοις
804 2038 856 2097 ὑπὸ
878 2041 956 2115 λιμοῦ

180 2121 325 2199 Ῥωμαίοις
335 2125 504 2203 ἀπέστειλαν,
515 2127 647 2201 ὠσάμενοι
659 2125 729 2186 κατὰ
743 2128 841 2198 πλῆθος
855 2129 898 2186 ἐπὶ
911 2127 957 2195 τάς

181 2214 285 2291 σκάφας
297 2215 321 2271 οἱ
343 2213 487 2285 Φιδηναῖοι
509 2214 558 2285 σίν
578 2215 601 2273 τ’
617 2215 713 2294 ἀγορὰν
739 2214 887 2294 διήρπασαν
912 2216 956 2273 καὶ

180 2303 233 2360 τῶν
249 2299 392 2377 ἀνθρώπων
411 2299 484 2367 τινάς
499 2305 551 2360 τῶν
568 2302 776 2376 ἐπιύοηθούντων
795 2303 957 2375 ἀπέκτειναν,

182 2388 332 2463 αἰτούμενοί
345 2410 374 2446 τε
389 2386 463 2454 δίκας
481 2391 528 2469 σύγ
549 2393 668 2469 ὑπεῖχον.
711 2389 773 2470 Ἐφ’
796 2381 834 2457 οἷς
857 2394 956 2470 ἀγανα-

181 2478 250 2533 κτῶν
275 2481 288 2532 δ
314 2476 453 2552 Ῥωμύλος
482 2477 603 2539 ἐνέύαλεν
630 2482 666 2546 εἰς
691 2478 738 2552 τὴν
760 2479 850 2561 χώραν
871 2481 955 2538 αὐτῶν

127 2580 154 2619 aa
181 2565 267 2642 πολλῇ
290 2573 409 2644 στρατιᾷ,
426 2567 470 2623 καί
483 2566 618 2643 γενόμενος
638 2566 749 2646 ἀφθόνου
775 2569 847 2633 λείας
861 2570 955 2646 ἐγκρα·

180 2649 238 2721 τὴς,
256 2649 366 2728 ἀπάγειν
381 2653 429 2728 μέν
449 2655 657 2731 παρεσκευάζετο
669 2653 717 2728 τλν
735 2655 862 2732 δύναμιν,
876 2655 954 2723 ἐπεξ·

181 2738 306 2798 ελθόντων
333 2739 360 2797 δέ
383 2743 433 2797 τῶν
453 2741 604 2813 Φιδηναίων
625 2742 750 2800 συνάπτει
773 2741 950 2823 πρόςαῦτοὺς

182 2827 280 2905 μάχην.
323 2830 456 2907 Καρτεροῦ
474 2830 498 2886 δ’
514 2833 613 2905 ἀγῶνος
635 2829 774 2906 γενομένου
786 2830 832 2888 καὶ
852 2832 955 2889 πολλῶν

184 2914 313 2973 πεσόντων
335 2917 381 2994 ἀφ’
407 2915 553 2994 ἑκατέρων,
583 2918 739 2987 ἡσσηθέντες
764 2920 789 2975 oi
816 2917 956 2995 Φιδηναῖοι

128 3024 154 3063 ao
183 3001 319 3080 τρέπονται
345 3002 408 3082 πρὸς
440 3002 535 3083 φυγεῖν*
567 3006 581 3061 ὁ
609 3006 631 3061 δ’
655 3007 684 3062 ἐκ
710 3004 786 3071 ποδδς
810 3006 956 3064 ἀκολουθῶν

183 3092 268 3157 αὐτοῖς
294 3090 474 3150 συνεισπίπτει
501 3100 554 3158 τοῖς
587 3092 725 3172 φεύγουσιν
749 3095 784 3157 είς
809 3092 839 3149 τὸ
861 3095 955 3171 τεῖχος.

182 3176 315 3251 Ἀλούσης
342 3178 368 3237 δέ
385 3183 433 3250 τῆς
452 3179 551 3245 πολεως
572 3180 597 3248 ἐξ
613 3182 717 3260 ἐφόδου,
742 3179 956 3259 τιμωρησάμενος

182 3267 208 3337 ἐξ
225 3272 310 3327 αὐτῶν
327 3267 436 3341 ὀλίγους,
451 3266 496 3325 καὶ
511 3269 631 3348 φυλακην
654 3271 680 3326 ἐν
701 3271 733 3346 τῇ
752 3268 826 3327 πόλει
850 3291 954 3347 τριακο·

184 3357 246 3414 σίων
261 3358 361 3436 ἀνδρῶν
380 3354 545 3428 καταλιπών,
565 3361 610 3427 τῆς
626 3380 654 3414 τε
668 3355 758 3436 χώρας
773 3359 867 3434 μοῖραν
889 3357 956 3414 ἀπο·

127 3452 153 3492 35
184 3445 334 3520 τεμόμενος,
345 3443 376 3515 ἣν
392 3452 444 3509 τοῖς
454 3443 585 3526 σφετέροις
599 3448 701 3517 διεῖλεν,
715 3442 835 3503 ἀποικίαν
848 3443 954 3517 ἐποίησε

183 3531 325 3608 Ῥωμαίων
341 3532 385 3591 καί
407 3530 504 3605 ταύτην
516 3535 564 3604 τὴν
579 3536 665 3598 πολιν.
708 3524 764 3594 Ἦν
779 3533 803 3592 δ’
817 3532 954 3594 Ἀλόανῶν

184 3622 319 3685 ἀπόκτισις
343 3620 410 3677 κατὰ
436 3621 480 3679 τὸν
498 3622 576 3681 αὐτὸν
602 3625 745 3682 οἰκισθεῖσα
767 3623 904 3700 Νωμεντῷ
926 3645 955 3680 τε

183 3706 229 3763 καλ
243 3710 445 3790 Κρουστομερίφ
463 3710 568 3789 Ιχρόνον,
589 3714 668 3788 τριῶν
683 3712 801 3789 ἀδελφῶν
819 3713 866 3778 τῆς
880 3712 955 3768 ἀποι-

184 3793 243 3860 κίας
269 3795 460 3873 ἡγησαμένων,
474 3789 542 3856 &ab
565 3796 744 3876 πρεσύύτατος
768 3796 818 3868 τὴν
833 3797 954 3866 Φιδήνην

129 3887 156 3928 ⁴⁰
183 3883 293 3944 ἔκτισεν.

221 3973 295 4031 le.
318 3972 394 4032 Μετὰ
412 3978 500 4033 τοῦτον
524 3973 568 4033 τδν
583 3973 700 4048 πολεμον
722 3972 765 4031 ἐπὶ
788 3972 956 4051 Καμαρίνους

183 4058 353 4136 ἐστράτευσεν
368 4062 558 4137 ἐπιτιθεμένους
572 4069 625 4127 τοῖς
636 4058 710 4136 παρὰ
724 4059 810 4140 σφίσιν
824 4061 954 4130 ἐποίκοις,

183 4149 240 4205 καθ’
256 4145 284 4204 δν
300 4147 391 4225 χρόνον
415 4148 524 4224 ἔκαμνεν
537 4155 554 4221 ἡ
569 4148 711 4225 Ῥωμαίων
727 4150 801 4214 πολις
814 4147 865 4206 ὑπὸ
879 4148 954 4206 νόσου

182 4235 317 4308 λοιμικῆς·
346 4225 368 4315 ᾧ
394 4237 424 4306 δὴ
449 4238 557 4311 μάλιστ’
583 4237 736 4315 ἐπαρθέντες
757 4238 781 4295 οἱ
805 4238 955 4313 Καμαρῖνοι

128 4347 151 4381 ιι
183 4323 227 4381 καὶ
250 4323 401 4397 νομίσαντες
421 4324 502 4403 ἄρδην
517 4328 547 4384 τό
569 4325 709 4402 Ῥωμαίων
731 4323 954 4402 διαφθαρήσεσθαι

183 4410 255 4487 γένος
275 4410 390 4481 ὑπὸτῆς
411 4423 554 4491 συμφορᾶς,
579 4412 638 4478 τοὺς
660 4411 707 4490 μέν
729 4412 884 4471 ἀπέκτειναν
902 4415 954 4468 τῶν

183 4497 309 4570 ἐποίκων,
331 4498 388 4564 τοὺς
410 4500 432 4556 δ’
452 4500 582 4568 ἐξέύαλον.
625 4501 692 4559 Ἀνθ’
707 4491 742 4558 ὧν
760 4496 954 4576 τιμωρούμενος

184 4585 276 4652 αὐτοὺς
289 4591 302 4643 b
317 4584 466 4662 Ῥωμύλος,
483 4590 571 4659 ἐπειδὴ
587 4589 617 4647 τὸ
632 4589 750 4667 δεύτερον
766 4587 894 4666 ἐκράτησε
909 4589 954 4654 τῆς

181 4675 290 4748 πόλεως,
303 4673 361 4741 τοὺς
378 4674 425 4751 μὲν
442 4677 538 4742 αἰτίους
552 4683 598 4749 τῆς
614 4677 783 4740 ἀποστάσεως
804 4672 951 4743 ἀπέκτεινε,

131 4786 157 4823 uo
184 4773 235 4832 τοῖς
253 4764 280 4822 δὲ
296 4762 469 4842 στρατιώταις
484 4764 629 4843 διαρπάσαι
645 4763 693 4835 τὴν
707 4761 782 4820 πόλιν
799 4763 894 4842 ἐφῆκε·
910 4763 957 4829 τῆς

183 4873 211 4910 τε
242 4854 331 4932 χώρας
358 4852 406 4923 τιλν
433 4854 555 4927 ἡμίσειαν
590 4851 800 4928 ἀποτεμόμενος,
830 4849 879 4917 ἐξω
911 4851 956 4917 τῆς

183 4940 307 5020 πρότερον
321 4943 374 5009 τοῖς
388 4940 543 5019 κληρούχοις
559 4941 688 5015 δοθείσης,
702 4939 747 4996 καί
762 4937 875 5019 φρουράν
889 4935 956 5003 ἀξιό-

183 5047 268 5102 χρεων
294 5027 466 5099 καταλιπών,
487 5032 522 5095 ὡς
543 5029 624 5106 μηδὲν
643 5029 683 5087 ἔτι
701 5031 880 5105 παρακινῆσαι
899 5022 956 5088 τοὺς

182 5111 264 5184 ἔνδον,
275 5117 419 5194 ἀπῆγειτὴν
430 5117 548 5195 δύναμιν.
591 5117 641 5176 Ἐκ
654 5115 747 5185 ταύτης
757 5118 804 5186 τῆς
819 5112 957 5186 στρατείας

707 317 874 378 DlONYSll
898 318 1276 384 Hatlcnltttassmtsls

1019 465 1061 512 tur
1075 463 1123 514 luit
1133 463 1189 515 sinis
1200 466 1270 526 Tatii,
1288 466 1330 529 qui
1345 472 1396 517 tres
1409 481 1486 518 annos
1504 469 1595 520 bellum
1615 485 1672 521 eum
1685 471 1789 524 Romula

1016 553 1132 613 gesserat,
1145 554 1171 601 et
1179 552 1287 616 quinque
1300 567 1357 604 cum
1369 566 1399 605 eo
1412 559 1562 618 regnaverat.
1595 559 1788 609 ltornamautem

1015 638 1111 690 delatras
1130 640 1265 691 bonoritloo
1281 644 1366 693 sunere
1381 643 1492 707 sepultus
1505 647 1552 705 est,
1564 649 1589 695 et
1603 647 1735 710 quotannIs
1749 646 1787 697 ci·

1015 728 1079 779 ritas
1098 729 1195 794 publice
1206 730 1259 780 eius
1275 732 1389 782 manibus
1406 732 1453 782 lert
1464 732 1568 782 interius.

1044 916 1109 965 Llll.
1128 915 1245 966 Romulus
1256 917 1349 978 autern
1362 915 1451 966 iterum
1462 916 1529 966 solus
1537 916 1701 980 principatum
1710 915 1786 982 adep·

1014 1019 1065 1076 tna,
1077 1017 1199 1082 piaculum
1208 1018 1268 1068 illud
1279 1018 1415 1084 legatorum
1427 1034 1546 1071 uasorum
1557 1021 1674 1084 expiavit.
1689 1020 1787 1084 illisqui

1013 1115 1093 1168 scelus
1103 1122 1301 1182 perpetraverant
1313 1133 1377 1183 aqua
1396 1124 1422 1170 et
1442 1120 1497 1182 igne
1508 1120 1664 1182 interdicens,
1680 1124 1785 1182 (ornnes

1013 1223 1079 1275 enim
1089 1227 1172 1276 statim
1184 1230 1240 1289 post
1252 1227 1316 1276 Tatii
1330 1231 1475 1277 mortemer
1488 1226 1550 1276 urbe
1559 1227 1695 1290 fugerant),
1711 1231 1736 1275 et
1743 1229 1787 1276 La-

1012 1323 1221 1390 viniensibns,qui
1230 1328 1397 1390 conspirarunt
1405 1328 1428 1377 in
1440 1328 1571 1390 Tatium,a
1584 1328 1684 1379 civitate
1696 1328 1787 1378 deditis

1012 1426 1038 1477 in
1050 1427 1170 1478 indicium
1185 1429 1279 1479 vocabu
1297 1429 1361 1480 :sed
1374 1443 1431 1480 oum
1448 1443 1519 1496 aequa
1538 1431 1620 1482 dicere
1636 1431 1785 1492 riderentur,

1011 1529 1078 1592 quod
1089 1529 1139 1581 rirn
1156 1531 1182 1579 vi
1194 1530 1357 1596 repulissent,¹
1370 1533 1472 1583 oriruine
1485 1533 1608 1585 liberavit.
1641 1535 1685 1585 llis
1704 1538 1786 1586 autem

1012 1628 1125 1692 peractis,
1138 1631 1273 1682 exereitum
1287 1632 1359 1684 duxit
1368 1638 1453 1684 eontra
1467 1633 1579 1695 Fidenas,
1592 1635 1678 1686 urbem
1693 1649 1726 1685 κι
1737 1639 1787 1686 sta·

1012 1733 1060 1786 diis
1084 1738 1194 1786 altoma
1210 1736 1352 1795 distantem,
1379 1749 1436 1799 qum
1456 1738 1516 1786 tuno
1533 1741 1558 1786 et
1581 1750 1668 1800 magna
1685 1740 1738 1787 erat
1759 1741 1785 1787 et

1012 1830 1138 1881 bominum
1163 1832 1299 1894 frequentia
1321 1831 1471 1882 abundabat.
1504 1834 1569 1883 cnm
1583 1832 1647 1882 enim
1661 1845 1784 1882 commea-

1011 1935 1165 1983 tusltomarn
1183 1931 1288 1996 narlgiis
1311 1933 1451 1986 fluvialibus
1468 1934 1608 1996 veheretur,
1622 1949 1696 1998 quem
1718 1936 1782 1983 crir-

1011 2030 1140 2082 stumerini
1157 2033 1272 2082 Romanis
1293 2033 1356 2083 lame
1375 2033 1542 2084 laborantibus
1563 2034 1692 2096 miserunt,
1711 2035 1785 2084 lide-

1011 2131 1090 2187 nates,
1103 2138 1191 2189 magna
1202 2140 1277 2178 manu
1290 2129 1383 2191 impetu
1397 2128 1461 2178 laeto
1472 2129 1497 2178 in
1508 2128 1613 2190 navigia,
1624 2131 1650 2178 et
1664 2142 1785 2178 commea·

1011 2231 1065 2278 turn
1083 2228 1245 2292 diripuerunt,
1266 2232 1291 2279 et
1313 2229 1441 2279 nonnullos
1461 2230 1503 2294 qui
1526 2243 1596 2293 opem
1610 2230 1720 2279 terebant
1744 2231 1783 2278 in-

1011 2331 1164 2382 terleoerunt
1182 2349 1189 2380 ι
1207 2334 1234 2382 et
1253 2343 1310 2381 curn
1337 2342 1416 2394 prona
1435 2331 1613 2393 repeterentur,
1633 2329 1713 2379 nullas
1737 2329 1783 2379 ds·

1011 2427 1109 2479 derunt.
1160 2431 1228 2488 Quas
1258 2427 1290 2478 ob
1315 2440 1415 2478 caussas
1441 2426 1581 2491 indignatus
1604 2427 1736 2487 Romulus,
1759 2426 1784 2475 in

1012 2541 1097 2591 agrum
1121 2541 1206 2577 eorum
1225 2541 1282 2577 cum
1306 2527 1400 2590 magnis
1422 2526 1499 2591 copiis
1524 2525 1685 2590 irruptionem
1707 2525 1781 2586 iecit,

1011 2627 1036 2675 et
1051 2625 1135 2690 preda
1158 2627 1248 2688 ingenti
1269 2626 1364 2691 potitus
1386 2627 1520 2677 exereitum
1541 2624 1641 2674 domum
1665 2624 1785 2676 reducere

1011 2720 1125 2784 parabat,
1149 2720 1194 2771 sed
1220 2735 1278 2773 eum
1296 2722 1425 2772 Fidenates
1448 2721 1531 2787 copias
1552 2733 1610 2771 suas
1630 2721 1784 2773 eduxissent.

1010 2825 1122 2889 praelium
1135 2838 1190 2874 eum
1203 2824 1263 2889 ipsis
1274 2825 1405 2875 commisit.
1450 2823 1507 2874 lteri
1525 2826 1609 2872 autem
1622 2822 1706 2886 praelio
1720 2835 1785 2872 eom·

1011 2923 1102 2981 ωἰειο,
1125 2925 1151 2972 et
1177 2921 1262 2972 multis
1287 2919 1421 2971 hincinde
1453 2919 1539 2981 causis,
1573 2919 1701 2970 Fidenates
1723 2917 1783 2967 uicti

1011 3022 1035 3071 in
1061 3021 1142 3084 lugam
1159 3033 1185 3071 se
1207 3020 1337 3071 dederunt.
1378 3019 1423 3070 lile
1444 3032 1502 3070 vero
1522 3019 1624 3082 vestigia
1645 3032 1728 3069 eorum
1749 3030 1785 3068 se·

1010 3129 1097 3179 quens,
1115 3129 1234 3165 unacum
1253 3115 1400 3177 largientibus
1421 3114 1447 3162 in
1467 3114 1551 3164 urbem
1570 3115 1669 3179 irrupit.
1702 3115 1785 3163 Primo

1010 3216 1105 3279 impetu
1117 3215 1176 3265 urbe
1189 3218 1268 3280 rapta,
1283 3218 1382 3278 sumpto
1399 3214 1520 3278 supplicio
1537 3214 1567 3265 de
1583 3215 1668 3279 paucis
1686 3213 1784 3265 illomm

1010 3316 1036 3363 ot
1052 3313 1164 3376 praesidio
1180 3317 1347 3364 trecentorum
1373 3313 1479 3362 virorum
1505 3313 1540 3363 ibi
1560 3313 1654 3375 relicto,
1683 3312 1783 3376 agrique

1010 3413 1080 3474 parte
1092 3409 1214 3473 adempta,
1229 3423 1304 3472 quam
1322 3408 1483 3468 subdivisit,
1499 3409 1563 3459 bano
1582 3421 1681 3473 quoque
1697 3407 1783 3459 urbem

1010 3511 1174 3560 Romanorum
1197 3508 1316 3560 uoloniam
1342 3507 1407 3557 iecit.
1462 3509 1520 3558 Erat
1538 3512 1620 3556 autem
1633 3505 1783 3556 Albanorum

1011 3606 1105 3656 colonia
1123 3606 1208 3657 eodem
1231 3608 1341 3668 tempore
1361 3619 1411 3667 prro
1427 3605 1574 3654 Nomentum
1599 3606 1624 3652 et
1640 3602 1784 3655 Crustume-

1010 3705 1074 3753 rium
1095 3705 1192 3755 oondita
1220 3724 1226 3753 ι
1252 3703 1354 3766 etusque
1377 3701 1478 3752 colonien
1509 3704 1561 3751 tres
1596 3700 1685 3749 tratres
1707 3700 1784 3748 duoes

1011 3800 1116 3858 luerunt,
1130 3813 1233 3862 quorum
1248 3800 1371 3848 maximus
1384 3800 1445 3846 natu
1453 3796 1558 3847 Fidenas
1573 3794 1690 3845 eondidit.

1041 3977 1102 4023 Lll'.
1129 3975 1181 4022 lloe
1197 3975 1279 4021 autern
1300 3971 1364 4021 bello
1380 3972 1493 4021 contecto
1513 3967 1649 4020 exercitum
1671 3963 1744 4014 duxit
1757 3965 1782 4013 in

1010 4072 1160 4130 camerinos,
1182 4070 1223 4134 qui
1239 4070 1337 4119 colonos
1354 4082 1413 4118 suos
1435 4068 1516 4120 adorti
1537 4066 1642 4125 luerunt,
1656 4075 1705 4126 qua
1719 4064 1782 4114 tom·

1010 4182 1069 4232 pore
1082 4170 1190 4217 Romana
1204 4166 1291 4215 civitas
1306 4168 1374 4229 peste
1390 4163 1517 4214 laborabat
1531 4182 1537 4213 ι
1551 4173 1625 4225 quarn
1636 4158 1729 4208 obrem
1740 4171 1783 4221 spe

1010 4266 1069 4316 elati
1078 4263 1210 4323 Camerini,
1224 4267 1249 4311 et
1265 4264 1429 4312 Rornanorum
1444 4263 1543 4325 gentem
1558 4257 1667 4309 lundltns
1684 4255 1730 4304 bae
1739 4266 1783 4305 ca·

1010 4362 1119 4413 lumitate
1136 4357 1285 4409 exstinctum
1307 4357 1337 4406 iri
1361 4357 1408 4406 rati
1427 4356 1526 4406 colonos
1542 4355 1631 4419 partim
1656 4351 1784 4404 interram·

1010 4464 1075 4519 runt,
1090 4456 1178 4523 partim
1194 4469 1222 4505 er
1241 4455 1329 4519 oppido
1351 4454 1506 4518 expulerunt.
1539 4457 1608 4513 Quas
1629 4451 1662 4501 ob
1684 4460 1784 4499 caussas

1010 4557 1129 4606 Romulus
1139 4567 1182 4604 eos
1195 4553 1301 4614 ulturus,
1317 4550 1378 4600 urbe
1392 4550 1482 4600 iterum
1501 4553 1645 4613 expugnata,
1665 4543 1782 4596 demotio-

1009 4653 1048 4702 nis
1066 4654 1181 4701 auctores
1195 4649 1335 4710 interiecit,
1351 4651 1376 4697 et
1389 4647 1510 4697 militibus
1526 4646 1611 4696 urbem
1623 4641 1783 4709 diripiendam

1010 4741 1144 4800 eoncessit;
1160 4743 1184 4789 et
1198 4740 1249 4800 agri
1269 4737 1371 4788 dimidia
1394 4743 1464 4801 parte
1489 4736 1536 4787 illis
1558 4734 1681 4796 adempta,
1693 4735 1783 4795 praeter

1010 4842 1102 4903 partem
1115 4850 1171 4900 quae
1184 4834 1306 4899 prioribus
1325 4834 1418 4884 colonis
1429 4835 1478 4883 iam
1500 4831 1631 4882 distributa
1644 4828 1732 4886 luerat,
1744 4837 1782 4873 sa·

1010 4932 1092 4994 tisqno
1104 4930 1173 4978 tirmo
1192 4926 1306 4990 praesidio
1325 4926 1417 4983 relicto,
1433 4923 1534 4988 nequid
1552 4920 1608 4972 novi
1621 4916 1725 4981 amplius
1741 4914 1781 4963 ιιι-

1011 5024 1072 5075 cola
1081 5020 1224 5072 molirentur
1242 5021 1275 5068 ita
1296 5019 1396 5068 demum
1410 5017 1546 5067 exereitum
1558 5010 1668 5063 abduxit.
1701 5010 1781 5067 atqua

1010 5131 1040 5168 ex
1064 5115 1111 5165 hac
1132 5112 1282 5178 expeditione
1312 5110 1466 5175 triumphurn
1485 5110 1590 5159 alterum
1612 5101 1673 5167 egit,
1705 5100 1732 5148 et
1750 5108 1779 5144 et
