3772 5828
208 328 267 387 622

209 483 300 526 σαντες
314 460 366 518 τῶν
388 456 530 534 Ῥωμαίων
554 457 662 516 Αἰκανοί
682 460 729 529 τῆς
751 458 781 516 οὗ
797 454 985 537 προεπιχειρή·

209 571 292 620 σεως,
317 547 362 605 καὶ
388 548 487 618 πλῆθος
512 552 562 625 οὐχ
586 544 691 611 ἱκανοὺς
717 536 784 605 εἶναι
808 544 981 623 νομίσαντες,

210 635 306 716 ἀγοράς
327 658 356 694 τε
372 637 457 694 αδτῶν
473 635 643 714 περιέκοπτον
663 632 786 706 ἐξιόντες,
806 634 853 693 καί
866 634 926 702 τοὺς
941 634 985 693 ἐπὶ

208 724 342 806 προνομὴν
372 722 615 799 ἀποστελλομένους
640 720 657 793 ἢ
684 723 778 803 χόρτον
812 725 903 789 ἵπποις
926 724 985 780 ciue·

170 827 182 864 (ι
208 813 348 894 κρούοντο,
374 812 487 878 καὶτοῖς
506 810 571 890 πρὸς
593 810 698 886 ὑδρείαν
717 810 923 872 καταόαίνουσιν
945 812 987 869 αἶ·

212 903 317 983 φνιδίως
332 904 496 975 δπετίθεντο,
509 900 704 980 προύκαλοῦντό
713 924 741 960 τε
755 901 850 968 αὐτούς
860 901 986 968 πολλάκις

211 996 245 1058 εἷς
262 990 363 1068 μάχην.

249 1080 350 1140 XLlV.
371 1080 465 1139 Ταῦτα
489 1080 569 1157 ὁρῶσι
586 1078 639 1141 τοῖς
661 1074 769 1141 ὑπάτοις
784 1075 868 1133 ἐδόκει
890 1073 985 1152 μηκέτι

209 1167 351 1247 διατρίόειν
366 1165 410 1225 τδν
435 1165 561 1243 πόλεμον.
616 1154 671 1224 Ἦν
695 1165 719 1222 δ’
735 1167 761 1222 ἐν
790 1159 901 1232 έκιίναις
926 1172 984 1231 ταῖς

157 1280 182 1318 νυ
209 1257 320 1336 ἡμέραις
346 1258 364 1326 ἡ
392 1261 437 1314 τοῦ
461 1255 587 1330 πολεμεῖν
604 1249 707 1320 ἐξουσία
733 1249 872 1331 Ῥωμιλίῳ
885 1251 986 1329 προσή-

209 1369 307 1420 κουσα,
319 1344 365 1403 καὶ
377 1347 391 1402 6
401 1342 432 1401 τδ
443 1343 564 1416 σύνθημα
576 1341 661 1408 διδοὺς
673 1339 718 1398 καί
729 1343 765 1407 εἷς
779 1338 851 1409 τάξιν
862 1339 985 1408 καθιστάς

209 1440 254 1494 τοῦ
270 1435 361 1513 ἄρχειν
377 1453 406 1489 τι
423 1430 469 1489 καί
490 1429 620 1489 παύεσθαι
639 1429 728 1507 μάχης
752 1429 796 1488 τὸν
817 1428 907 1508 καιρδν
935 1452 986 1489 τα·

210 1522 307 1599 μιεύων
329 1519 425 1585 ἐκεῖνος
446 1510 495 1589 ἦν·
518 1517 545 1584 δς
567 1518 656 1588 ἐπειδὴ
672 1522 706 1575 τὰ
727 1525 825 1594 σημεῖα
849 1516 985 1576 ἱκέλευοεν

210 1613 322 1691 ἀρθῆναι
339 1609 391 1686 [ἐκ]
408 1611 455 1679 τῆς
470 1606 560 1686 μάχης
573 1608 618 1665 καί
634 1611 747 1686 προῆγεν
763 1609 794 1667 έκ
807 1611 853 1666 τοῦ
867 1606 987 1687 χάρακος

159 1716 182 1752 1⁵
210 1701 253 1760 τδν
269 1698 398 1777 στρατὸν,
418 1696 476 1762 τοὺς
492 1696 540 1772 μίν
564 1696 658 1762 ἄλλους
674 1693 782 1757 ἔπασσεν
797 1698 887 1764 ίππιίς
900 1695 987 1757 τεκαὶ

208 1786 268 1854 τοὺς
280 1785 372 1856 πεζούς
386 1782 455 1845 κατδι
467 1783 576 1864 σπείρας
590 1785 617 1842 ίν
634 1787 688 1852 τοῖς
697 1786 851 1859 ἐπιτηδείοις
862 1785 986 1853 ἑκάστους

209 1877 316 1949 τόποις,
329 1875 373 1934 τδν
391 1873 418 1934 δὲ
431 1874 538 1934 Σίκκιον
552 1873 665 1942 καλέσας
674 1872 761 1953 λίγιι·
777 1873 900 1951 «Ἡμεῖς
917 1872 985 1950 μέν,

211 1994 222 2019 ιι
238 1955 380 2036 ῶΣίκκιε,
399 1962 556 2041 μαχούμεθα
571 1965 624 2029 τοῖς
637 1963 771 2039 πολεμίοις
786 1963 892 2022 ίνθάδε·
910 1961 942 2020 σθ
958 1960 985 2022 δὲ

210 2082 222 2107 ι
239 2055 265 2111 έν
278 2053 331 2134 ὅσῳ
349 2054 478 2128 μίλλομιν
494 2051 533 2111 ἔτι
545 2052 590 2110 καί
602 2050 856 2131 παρασκευαζόμεθα
873 2050 906 2109 ria
922 2050 986 2130 πρὸς

158 2162 184 2200 ao
211 2142 284 2201 ιτδν
304 2144 393 2216 ἀγῶνα
411 2139 572 2220 ἀμφότεροι,
592 2138 674 2221 χώρει
687 2138 735 2210 τὴν
755 2138 870 2218 πλαγίαν
884 2138 986 2211 ίκείνην

210 2258 223 2283 ι
240 2229 298 2287 όδδν
310 2229 353 2286 tet
368 2229 397 2285 τὸ
411 2228 484 2306 ὄρος,
498 2227 558 2287 ἔνθα
570 2232 587 2299 ἡ
597 2231 649 2287 τῶν
663 2225 796 2303 πολεμίων
812 2229 869 2287 ἐστὶ
881 2250 983 2309 παριμ·

211 2347 222 2368 ιι
241 2316 327 2388 Galil,
348 2317 393 2375 καί
408 2315 500 2396 μάχην
513 2318 602 2376 τίθεσο
617 2316 680 2396 πρδς
694 2314 754 2382 τοὺς
768 2317 794 2375 ἐν
810 2319 847 2397 τῷ
869 2317 985 2398 χάρακι,

211 2434 223 2458 ιι
238 2404 271 2463 ἵν’
288 2402 306 2476 ἢ
321 2405 382 2484 περὶ
397 2409 435 2486 τῷ
451 2404 568 2486 φρουρίῳ
587 2404 718 2471 δείσαντες
733 2407 757 2464 οί
771 2405 834 2485 πρὸς
849 2411 921 2482 ἡμᾶς
935 2430 986 2482 μα·

211 2520 224 2545 ιι
238 2495 346 2574 χόμενοι
366 2493 411 2553 καί
425 2495 529 2575 βοηθεῖν
548 2497 779 2574 προθυμούμενοι,
798 2496 869 2556 νῶτά
883 2520 911 2555 τε
932 2495 987 2555 δεί-

157 2604 183 2642 aa
210 2610 222 2636 ι
239 2581 302 2650 ξωσι
317 2581 361 2641 καὶ
375 2581 581 2661 εὐκατέργαστοι
591 2582 735 2661 γένωνται,
748 2583 868 2665 καθάπερ
881 2583 949 2652 είκδς
961 2587 988 2643 ἐν

212 2699 224 2722 ιι
241 2671 409 2750 ἀναχωρήσει
435 2671 552 2751 ταχείφ,
573 2673 620 2729 καὶ
645 2673 681 2739 εἷς
705 2672 768 2750 μίαν
793 2674 850 2731 ὁδὸν
873 2672 988 2743 ἅπαντες

212 2789 224 2811 ιι
241 2760 406 2838 βιαζόμενοι,
429 2758 446 2830 ἢ
462 2760 582 2836 μένοντες
599 2762 688 2820 αθτόθι
705 2762 749 2820 τὸν
764 2762 872 2842 χάρακα
886 2762 988 2822 ἄποδά·

214 2852 332 2909 ιλωσιν.
387 2847 458 2909 titre
476 2847 526 2928 γδρ
547 2854 564 2918 ἡ
588 2850 756 2931 φυλάττουσα
779 2855 857 2910 αὐτὸν
881 2852 989 2928 δύναμις

214 2966 226 2991 ιι
242 2936 383 3016 άξεόμαχός
397 2939 485 3010 ἔστιν,
499 2940 534 3003 ὡς
546 2938 674 2996 είκοίσειεν
697 2937 727 2994 οίν
739 2961 795 3010 τις,
821 2937 865 2996 iuri
879 2940 917 3018 τῷ
933 2941 990 3018 ίρυ·

158 3039 185 3078 τυ
215 3055 227 3079 ιι
243 3030 299 3106 μυῷ
314 3031 360 3084 τοῦ
375 3024 455 3082 τόπου
470 3027 581 3083 δοκοῦσα
592 3016 658 3084 εἶναι
676 3035 728 3084 πᾶν
740 3026 770 3084 τὸ
786 3027 915 3105 ἀσφαλές·
931 3026 989 3099 ἥτε

215 3145 226 3167 ιι
243 3115 299 3189 άμα
314 3137 355 3172 σοι
371 3112 479 3187 δύναμις
495 3115 642 3193 ἀποχρῶσα
663 3113 763 3190 γε’νοιτο
784 3116 832 3184 διν,
852 3114 943 3194 ἄνδρες
958 3122 987 3176 δ-

214 3234 225 3253 ιι
242 3204 377 3262 κτακόσιοι
390 3203 494 3260 πολλῶν
505 3202 617 3272 ἀθληταί
631 3202 769 3277 πολέμων,
783 3204 989 3282 τεταραγμένους

212 3322 223 3345 ι
240 3292 440 3372 σκηνοφύλακας
455 3290 646 3370 ἀπροσδόκητοι
662 3295 855 3370 προσπεσόντες
870 3297 909 3374 τῷ
924 3297 988 3353 τολ-

213 3406 224 3429 ιι
240 3382 317 3456 μηρῷ
332 3380 411 3437 ἑλεῖν.
430 3406 443 3430 ιι
456 3379 507 3438 Καὶ
522 3383 536 3436 6
551 3379 658 3445 Σίκκιος
673 3382 783 3460 ἔφησεν·
798 3407 810 3434 ιι
824 3379 894 3440 ’till’
907 3379 988 3461 ἔγωγε

156 3493 183 3531 35
213 3494 224 3517 ιι
239 3468 343 3524 ἅπαντα
361 3467 407 3542 μὲν
423 3469 525 3545 ἕτοιμος
545 3471 699 3548 ὑπηρετεῖν·
715 3470 744 3528 τὸ
759 3470 849 3548 μέντοι
870 3470 944 3550 ἔργον
959 3474 988 3530 ού

212 3586 224 3608 ιι
240 3557 326 3637 ῥᾴδιον
341 3559 430 3636 ὥσπερ
446 3581 486 3617 σοι
501 3560 582 3619 δοκεῖ.
626 3558 732 3634 Ὑψηλή
754 3585 782 3619 τε
800 3562 881 3643 γὰρὴ
899 3560 982 3642 πέτρα

211 3681 224 3704 ιι
240 3652 283 3710 καὶ
305 3654 452 3729 ἀπότομος,
477 3654 515 3734 ἐφ’
537 3647 598 3725 ἦςθ
618 3656 720 3737 χάραξ,
739 3655 795 3716 ὁδόν
818 3680 846 3715 τε
863 3658 989 3733 οὐδεμίαν

212 3771 224 3791 ιι
239 3745 292 3821 ὁρῶ
308 3742 437 3820 φέρουσαν
456 3745 496 3800 ἐπ’
516 3744 597 3815 αὐτὴν
612 3745 661 3814 ἔξω
675 3751 722 3817 τῆς
745 3756 819 3822 μιᾶς,
835 3751 850 3825 ᾗ
867 3747 988 3818 καταύή·

213 3861 225 3883 ιι
240 3855 330 3890 σονται
355 3836 379 3891 οἱ
403 3833 523 3908 πολέμιοι
547 3835 611 3914 πρὸς
633 3839 722 3911 ἡμᾶς,
749 3838 868 3915 φυλακήν
885 3839 908 3895 τ’
923 3836 988 3904 είκδς

160 3950 186 3987 q„
214 3949 226 3969 ιι
243 3921 384 3999 ἀξιόμαχον
406 3913 472 3979 εἶναι
489 3923 515 3978 ἐν
535 3925 613 4002 αὐτῇ·
635 3924 684 3981 κᾶν
701 3925 776 4004 ὀλίγη
803 3925 829 3984 δὲ
854 3926 922 3986 πάνυ
944 3925 988 3984 καί

214 4034 226 4058 ιι
240 4010 326 4086 φαύλη
349 4033 387 4075 τις
402 4003 467 4068 οὖσα
482 4012 550 4090 τύχῃ
564 4055 572 4084 ,
588 4012 653 4090 πρὸς
670 4017 759 4093 πολλῷ
773 4015 882 4071 πλείονα
906 4014 923 4084 ἢ
941 4015 988 4086 τὴν

215 4123 226 4143 ιι
242 4093 288 4151 σὺν
302 4097 359 4167 ἐμοὶ
378 4099 487 4175 δύναμιν
504 4101 623 4180 ἀντέχειν
641 4100 683 4161 οἵα
700 4106 722 4159 τ’
737 4102 829 4172 ἔσται,
845 4101 915 4160 τότε
929 4124 986 4181 χω·

214 4209 224 4232 ιι
242 4183 294 4260 ρίον
311 4186 374 4242 αὐτὸ
388 4186 494 4264 παρέξει
511 4192 543 4265 τῇ
562 4192 665 4269 φυλακῇ
682 4195 726 4248 τοῦ
741 4188 779 4265 μὴ
792 4186 941 4248 ἁλώσεσθαι
961 4191 990 4250 τδ

214 4297 225 4319 ιι
242 4271 365 4347 ἀσφαλές.
408 4271 486 4330 Ἀλλὰ
504 4277 621 4351 μάλιστα
634 4277 681 4352 μὲν
699 4278 793 4336 duduco
807 4277 854 4348 τὴν
871 4279 989 4359 γνώμην·

159 4397 185 4435 45
214 4384 226 4409 ιι
239 4362 256 4428 ἡ
270 4366 347 4437 πεῖρα
364 4359 413 4440 γάρ
428 4363 589 4443 ἐπισφαλής·
606 4367 627 4422 εἰ
643 4364 670 4421 δὲ
685 4367 790 4432 πάντως
807 4368 934 4444 ἔγνωσταί
949 4393 989 4427 σοι

213 4475 225 4497 ιι
244 4445 288 4503 δύο
304 4449 419 4505 τίθεσθαι
445 4454 534 4531 μάχας
550 4455 575 4509 έν
603 4454 638 4510 ἑνὶ
663 4459 763 4533 καιρῷ,
787 4457 896 4530 δύναμιν
919 4457 989 4524 ἀξιό-

213 4564 225 4585 ιι
242 4558 327 4614 χρεων
346 4540 446 4616 ἀνδρῶν
462 4539 605 4599 ἐπιλέκτων
623 4540 698 4609 τάξον
717 4546 867 4602 ἀκολουθεῖν
884 4567 927 4619 μοι
942 4545 988 4602 σύν

213 4656 225 4677 ιι
243 4636 296 4692 τοῖς
310 4626 502 4707 πρεσόυτέροις.
556 4633 596 4691 Οὐ
612 4633 662 4710 γδιρ
682 4635 819 4713 κλέψοντες
834 4634 863 4692 τὸ
875 4632 986 4714 χωρίον,

213 4743 224 4765 ιι
241 4715 309 4772 ἀλλὰ
326 4716 369 4793 βία
386 4718 430 4774 καί
444 4722 560 4795 φανερῶς
576 4719 722 4788 ἐξελοῦντες
736 4723 839 4797 άνιμεν.
858 4749 869 4773 ιι

158 4841 184 4878 50
253 4806 338 4864 le.
362 4801 425 4864 Ἔτι
449 4806 476 4864 δέ
492 4809 571 4867 αὐτοῦ
597 4809 756 4885 βουλομένου
783 4812 883 4888 λέγειν,
911 4809 988 4867 τάκό-

212 4894 290 4949 λουθα
316 4894 457 4951 ύπολαόὼν
482 4899 495 4952 6
520 4896 617 4961 ύπατος
634 4889 718 4955 εἶπεν·
737 4927 749 4949 ιι
765 4900 805 4957 Οὐ
827 4901 930 4956 πολλῶν
951 4899 989 4954 δεῖ

212 5002 223 5025 ιι
241 4978 339 5053 λόγων·
356 4984 414 5039 ἀλλ’
441 4986 463 5039 εἰ
479 4985 526 5057 μὲν
552 4986 690 5059 ὑπομένεις
713 4988 836 5065 πράττειν
857 4988 889 5046 τδι
905 5010 988 5066 προσ-

212 5089 223 5112 ιι
240 5067 401 5140 ταττόμενα,
416 5073 497 5146 χώρει
511 5072 552 5129 διδι
569 5073 670 5151 ταχέων
687 5078 730 5132 καὶ
747 5075 782 5147 μὴ
798 5076 987 5154 παραστρατη-

212 5178 223 5197 ιι
240 5173 290 5227 γει·
308 5155 329 5209 εί
345 5155 371 5212 δὲ
388 5158 532 5235 ἀφίστασαι
555 5163 600 5217 καὶ
618 5163 818 5241 ἀποδιδράσκεις
842 5164 886 5221 τὸν
901 5165 985 5222 κίνδυ·

730 322 899 385 ntortttstt
923 322 1301 386 HALtcattNtssttttsts

1039 476 1083 514 eos
1096 478 1144 514 non
1166 465 1227 514 satia
1251 476 1412 514 numerosum
1432 462 1568 514 exercitum
1589 462 1708 527 habere,
1734 469 1841 517 meatus

1039 571 1130 633 egressi
1143 570 1337 635 intercipiebant,
1348 573 1424 634 atque
1433 570 1466 621 ad
1477 571 1652 631 trumentum,
1667 575 1716 622 aut
1731 586 1840 637 gram

1040 676 1189 739 captandum
1217 674 1369 726 divertentes
1386 674 1457 739 equis
1475 675 1593 727 immicsis
1615 676 1793 742 repellebant,
1813 683 1840 730 ct

1040 782 1158 842 aquatum
1182 778 1360 830 descendentes
1385 792 1418 829 ex
1451 778 1586 842 improviso
1609 782 1729 846 aggressi
1759 785 1836 841 aunt,

1040 885 1156 951 ipsosque
1169 886 1201 937 nd
1215 900 1322 952 pugnam
1341 898 1408 951 supe
1424 899 1558 950 provocare
1573 901 1625 938 non
1635 888 1805 942 dubitarunt.

1074 1086 1158 1135 XLIV.
1176 1083 1271 1143 Quibus
1297 1082 1489 1148 animadversis,
1515 1085 1633 1136 consules
1655 1086 1758 1139 bellum
1786 1103 1834 1140 non

1041 1172 1148 1236 amplius
1169 1172 1317 1223 trahendum
1341 1171 1472 1223 duxerunt.
1506 1172 1558 1224 illis
1577 1187 1639 1224 vcro
1658 1174 1755 1228 diebus
1777 1178 1834 1229 belli

1041 1259 1221 1311 administratio
1242 1262 1432 1324 imperiumque
1453 1274 1529 1326 penes
1544 1263 1682 1314 nomiliam
1701 1268 1759 1318 erat
1779 1286 1787 1316 ι
1806 1270 1833 1318 et

1041 1348 1265 1414 illiuaeratpugnm
1284 1349 1459 1414 signumdara,
1479 1354 1505 1401 et
1523 1350 1602 1402 aciem
1627 1354 1773 1414 instruam
1793 1356 1831 1407 ili·

1041 1437 1148 1503 &mque
1160 1442 1214 1489 erat
1225 1439 1317 1489 arbiter
1329 1438 1455 1503 temporis,
1468 1452 1519 1504 quo
1533 1439 1574 1491 vel
1588 1441 1704 1504 initium,
1720 1444 1764 1494 rel
1776 1443 1831 1495 linis

1041 1527 1163 1593 pugnandi
1181 1527 1307 1577 iaciendos
1329 1532 1405 1577 esset.
1438 1528 1487 1586 Qui
1513 1542 1592 1593 quum
1614 1543 1709 1593 pagum
1730 1533 1829 1595 signum

1041 1616 1094 1667 dari
1106 1616 1230 1677 jussisset,
1251 1618 1276 1664 ct
1286 1615 1369 1678 coptos
1383 1629 1414 1665 ea
1426 1617 1516 1665 castris
1529 1616 1704 1680 produxisset,
1720 1620 1828 1683 reliquos

1041 1706 1139 1770 equites
1153 1708 1180 1756 et
1195 1705 1289 1770 pedites
1307 1705 1332 1754 in
1347 1705 1446 1756 ordines
1469 1709 1617 1771 opportunis
1634 1723 1752 1775 quosque
1767 1710 1828 1761 locis

1042 1794 1169 1856 distinxit;
1179 1794 1284 1845 Siccium
1294 1807 1354 1845 vero
1367 1795 1399 1844 ad
1416 1810 1443 1844 se
1462 1796 1569 1846 accitum
1585 1796 1620 1847 ita
1629 1797 1760 1849 allocutus
1777 1802 1825 1850 eac

1044 1902 1056 1926 ι
1070 1886 1130 1946 llos,
1145 1882 1216 1942 sicci,
1238 1883 1280 1933 hic
1292 1896 1349 1934 cum
1368 1884 1440 1935 hoste
1450 1883 1632 1936 dimicabimus.
1663 1889 1702 1937 'ru
1716 1887 1826 1947 interim,

1044 1992 1057 2016 ιι
1071 1971 1131 2022 dum
1148 1972 1229 2022 adlrnc
1239 1976 1398 2036 cunctamur,
1423 1977 1448 2024 et
1461 1977 1566 2038 utraque
1579 1976 1646 2026 acies
1668 1976 1746 2026 read
1763 1990 1829 2041 prce·

1045 2060 1134 2112 «bum
1152 2064 1232 2125 parat,
1247 2076 1291 2127 per
1311 2063 1436 2126 obliquam
1456 2062 1524 2113 illam
1549 2062 1615 2115 riam
1630 2066 1740 2114 montem
1763 2078 1831 2115 con··

1046 2153 1176 2212 ascende,
1201 2154 1243 2204 ubi
1264 2155 1375 2207 lmotinm
1395 2160 1479 2206 castra
1497 2159 1563 2219 aunt,
1581 2169 1738 2221 pugnamque
1763 2170 1823 2207 cum

1046 2260 1057 2287 ιι
1071 2242 1127 2303 iltis,
1142 2243 1185 2307 qui
1199 2247 1257 2293 sunt
1266 2243 1291 2292 in
1303 2244 1400 2304 castris,
1412 2243 1553 2307 cominittoq
1563 2244 1591 2295 ut
1601 2242 1677 2307 liqui
1686 2243 1820 2293 nobiscnm

1045 2352 1057 2374 ι
1072 2332 1205 2397 pugnaturi
1220 2335 1292 2394 sunt,
1310 2336 1354 2383 aut
1375 2333 1429 2384 suis
1447 2333 1537 2385 eaautr
1548 2332 1674 2394 maenus,
1695 2335 1772 2395 atque
1787 2330 1821 2383 iis

1046 2441 1058 2464 ι
1075 2421 1167 2472 eumilo
1177 2423 1260 2473 venire
1274 2421 1411 2486 cupientes,
1430 2421 1510 2474 versia
1530 2422 1604 2487 tergis
1614 2420 1674 2472 dent
1687 2434 1714 2473 ae
1728 2421 1754 2471 in
1778 2422 1821 2471 tu·

1046 2528 1058 2558 ιι
1073 2524 1144 2575 gam,
1156 2513 1181 2561 et
1190 2512 1261 2561 nobis
1277 2510 1411 2562 faciliorem
1420 2511 1552 2562 victoriam
1562 2510 1687 2577 praebeant
1702 2514 1740 2572 tnt
1753 2511 1823 2561 reri·

1046 2618 1059 2646 ιι
1073 2597 1153 2649 οἰωὶίο
1167 2601 1206 2647 eat
1222 2597 1247 2647 in
1263 2595 1337 2647 celeri
1357 2597 1460 2659 receptu
1472 2595 1643 2659 eventurum)
1667 2594 1693 2645 in
1709 2609 1787 2645 unam
1798 2607 1826 2645 se

1045 2707 1057 2729 ιι
1074 2699 1160 2736 omnes
1184 2685 1249 2736 viam
1279 2683 1447 2742 intrudentes3
1475 2687 1528 2743 aut,
1551 2683 1574 2735 al
1594 2684 1638 2734 hic
1672 2682 1823 2743 manserint,

1046 2771 1154 2817 «castra
1165 2767 1287 2816 amittant.
1323 2768 1373 2816 Nec
1394 2766 1460 2816 enim
1475 2763 1532 2826 ejus
1550 2763 1699 2829 praesidium
1717 2764 1824 2814 satisert

1047 2878 1058 2900 ιι
1073 2857 1182 2906 validum
1203 2855 1333 2919 (quantum
1361 2855 1483 2919 conjicere
1499 2853 1555 2917 quis
1571 2856 1665 2919 potest)
1677 2866 1753 2917 qaum
1773 2854 1825 2902 tota

1047 2964 1059 2993 ιι
1076 2946 1131 3008 ejus
1146 2944 1237 2994 fiducia
1251 2944 1276 2993 in
1289 2944 1334 2994 loci
1354 2946 1443 2994 natura
1458 2942 1548 2994 muniti
1561 2942 1595 2993 ait
1610 2945 1691 3007 posita
1704 2940 1824 2994 zctsimul

1047 3055 1058 3082 ιι
1076 3040 1118 3085 tna
1132 3048 1219 3083 manus
1234 3034 1431 3095 octingentorum
1451 3035 1644 3087 ueteranorum.
1661 3030 1745 3082 multis
1757 3044 1823 3096 ματα·

1047 3148 1057 3171 ιι
1072 3128 1112 3177 liis
1124 3125 1328 3186 exercitatorum,
1350 3124 1508 3189 perturbatos
1524 3124 1689 3174 tentoriorum
1709 3121 1825 3173 custodes

1046 3237 1057 3258 ιι
1073 3230 1105 3265 cx
1114 3214 1248 3278 improviso
1263 3213 1364 3270 adorta,
1379 3214 1449 3263 facile
1461 3226 1504 3263 eos
1514 3211 1617 3263 audacia
1631 3226 1677 3263 sua
1687 3224 1826 3275 expugnare

1047 3304 1173 3368 apoterit.
1205 3323 1217 3346 ιι
1241 3301 1277 3352 Ad
1302 3302 1356 3350 lucc
1382 3301 1477 3351 siccius
1499 3299 1624 3365 respondit
1646 3318 1683 3350 :a
1706 3298 1825 3361 Eqrridcm

1047 3410 1058 3435 ιι
1075 3394 1175 3454 ματαίω
1188 3403 1243 3439 sum
1255 3389 1337 3438 ornn'm
1350 3390 1468 3452 imperata
1485 3387 1583 3438 lacere:
1597 3386 1642 3437 scd
1660 3385 1726 3452 quod
1737 3385 1825 3446 iubes,

1047 3501 1058 3527 ιι
1075 3484 1171 3530 nonem
1183 3483 1233 3529 tam
1260 3478 1343 3537 tacite,
1363 3491 1439 3542 quam
1451 3477 1498 3528 tibi
1521 3476 1629 3526 ridetur.
1664 3477 1727 3526 Nam
1742 3488 1826 3538 rupes,

1048 3590 1060 3618 ιι
1075 3572 1100 3621 in
1121 3583 1171 3634 qua
1191 3571 1248 3619 aunt
1271 3570 1365 3627 castra,
1388 3571 1427 3616 est
1450 3570 1475 3616 et
1490 3565 1588 3616 excelsa
1610 3567 1637 3615 et
1649 3565 1787 3629 praerupta,
1803 3567 1828 3613 et

1048 3679 1060 3708 ιι
1075 3660 1167 3710 nullam
1184 3659 1248 3706 riam
1264 3656 1335 3705 rideo
1354 3658 1444 3719 practer
1462 3667 1551 3717 unam,
1561 3666 1618 3716 quta
1640 3666 1670 3703 eo
1685 3653 1765 3711 terat,
1778 3664 1829 3716 qua

1048 3770 1060 3795 ιι
1080 3751 1164 3800 lrostcs
1183 3751 1268 3796 eontra
1280 3744 1501 3803 nosrlescenden13
1520 3746 1546 3792 ct
1554 3739 1688 3792 redemite
1704 3745 1753 3801 cst,
1767 3740 1830 3791 satis

1047 3860 1058 3882 ιι
1075 3839 1171 3887 firmum
1184 3834 1326 3899 praesidium
1343 3832 1377 3882 ibi
1387 3845 1456 3891 esse;
1477 3845 1507 3881 cc
1519 3830 1578 3881 licet
1591 3831 1617 3880 ct
1626 3830 1789 3893 perexiguum
1803 3832 1830 3878 et

1048 3947 1059 3974 ιι
1074 3925 1171 3976 imbelle
1189 3923 1232 3983 sit,
1256 3926 1338 3973 tamen
1359 3925 1385 3971 et
1404 3920 1481 3981 copiis
1498 3919 1569 3982 longo
1589 3917 1740 3980 majoribus,
1754 3932 1829 3982 qrram

1047 4037 1059 4063 ιι
1076 4019 1149 4074 meis,
1164 4015 1279 4066 resistere
1293 4012 1383 4076 poterit
1398 4009 1509 4073 :etipsa
1523 4007 1570 4057 loci
1585 4011 1673 4057 natura
1684 4006 1831 4072 precsidium

1047 4130 1058 4152 ι
1075 4106 1205 4165 tutabitur,
1232 4107 1257 4153 ct
1276 4099 1393 4164 impediet
1418 4113 1448 4149 ne
1472 4099 1634 4162 expugnetur.
1669 4100 1830 4161 Quapropter

1046 4217 1057 4241 ι
1072 4198 1171 4248 mallem
1184 4193 1312 4245 eonsilium
1327 4195 1454 4240 mutares:
1475 4203 1531 4239 nom
1551 4188 1597 4238 iste
1613 4190 1719 4238 conatus
1735 4191 1774 4240 est
1788 4202 1830 4253 pe·

1046 4307 1057 4335 ιι
1071 4290 1202 4340 riculosus.
1236 4283 1307 4343 Quod
1339 4284 1359 4332 si
1387 4280 1485 4330 omuino
1508 4277 1616 4328 statuisti
1648 4293 1698 4328 uno
1718 4283 1831 4343 tempore

1045 4399 1057 4421 ιι
1071 4379 1168 4428 duobus
1192 4377 1253 4425 locis
1268 4388 1391 4438 pugnare,
1413 4370 1518 4420 validum
1540 4382 1640 4418 manum
1654 4368 1778 4418 lectorum
1796 4370 1831 4418 vi·

1046 4485 1057 4509 ιι
1073 4480 1157 4514 rorum
1179 4464 1250 4523 adde,
1269 4477 1326 4525 ιγιιιυ
1347 4476 1385 4510 ure
1407 4475 1454 4509 uua
1480 4473 1536 4507 cum
1557 4457 1667 4506 emeritis
1685 4461 1829 4521 sequatur:

1045 4572 1056 4597 ιι
1075 4552 1231 4613 nequeenim
1256 4550 1331 4598 istum
1343 4549 1424 4597 locum
1448 4546 1527 4606 clam,
1549 4545 1592 4594 sed
1607 4545 1631 4593 ri
1644 4548 1733 4607 aperta
1746 4559 1830 4609 expu-

1046 4658 1057 4685 ιι
1075 4640 1170 4701 garritum
1183 4638 1368 4688 adsceudcmus.
1385 4655 1397 4681 υ

1074 4819 1147 4865 llll‘.
1161 4823 1242 4874 Quum
1260 4817 1331 4881 plura
1344 4820 1442 4880 pararet
1457 4816 1539 4867 dicere
1556 4815 1696 4866 duratione
1711 4816 1750 4865 sni
1765 4830 1829 4865 corr·

1044 4907 1100 4964 silli,
1122 4907 1205 4955 consul
1235 4907 1407 4971 interpellavit,
1435 4906 1547 4971 dixitque
1571 4924 1576 4954 :
1602 4927 1613 4949 ιι
1636 4907 1689 4954 tion
1707 4908 1744 4954 est
1762 4918 1830 4967 opus

1045 5014 1056 5039 ιι
1073 4994 1156 5044 multis
1172 4995 1253 5044 serbis
1267 5014 1273 5043 ε
1287 4995 1330 5044 sed
1345 4996 1365 5044 si
1383 4994 1502 5058 imperata
1516 4995 1593 5043 audes
1606 4994 1699 5052 lacere,
1710 4990 1829 5042 celeriter

1045 5103 1056 5129 ιι
1072 5084 1243 5148 proficiscere,
1268 5097 1311 5133 nec
1328 5083 1484 5147 imperatoris
1505 5084 1590 5133 munia
1606 5083 1650 5132 tibi
1665 5093 1765 5144 usurpa.
1784 5081 1829 5131 Sin

1044 5194 1055 5215 «
1071 5173 1118 5222 boc
1142 5171 1277 5232 detrectas,
1304 5177 1329 5222 et
1354 5172 1493 5235 periculum
1516 5171 1616 5234 refugis,
1636 5171 1667 5220 nd
1691 5170 1739 5219 hoc
1768 5173 1830 5222 utar
