3772 5828
211 343 267 400 titi

208 473 336 547 κινῆσας,
357 479 457 551 ἀπῆγεν
470 477 513 534 ἐπ’
525 474 597 535 οίκου
614 479 662 548 τὴν
675 477 793 553 δύναμιν.
853 485 983 561 Καταγα-

208 565 279 643 γόντι
293 566 315 621 δ’
331 562 403 642 αύτῷ
417 563 460 621 τὀν
473 564 634 644 ψηφισθέντα
647 567 698 625 ὑπὸ
713 572 758 636 τῆς
777 571 872 647 βουλῆς
887 570 984 648 θρίαμ-

209 652 271 722 ύον,
288 649 334 708 καὶ
352 650 386 707 τέι
402 651 524 710 πολιτικδι
547 651 670 731 πράττειν
694 654 849 737 ἀρξαμένῳ,
871 658 984 738 προσέρ-

206 762 301 820 χονται
313 742 365 796 τῶν
377 739 492 797 πολιτῶν
508 739 598 819 ἄνδρες
613 740 661 798 ούκ
672 743 778 820 ἀφανεῖς
796 746 840 803 τὸν
857 742 982 823 Ὁράτιον

166 831 178 866 ⁵
207 829 312 905 ἀγοντες
326 826 376 884 ύπδ
389 826 478 901 δίκην,
495 830 529 892 ώς
543 831 572 885 οὐ
588 828 702 907 καθαρὸν
724 829 835 905 αζιιατος
857 835 983 915 ἐμφυλίου

206 917 249 973 διδ
264 916 308 974 τὸν
323 919 371 985 τῆς
389 916 503 992 ἀδελφῆς
518 915 605 996 φόνον·
621 915 666 975 καί
685 919 862 986 καταστάντες
878 922 982 1000 μακρὰν

205 1005 335 1076 διεξῆλθον
349 1004 531 1083 δημηγορίαν,
547 1005 606 1071 τούς
625 1006 721 1083 νόμους
737 1009 913 1088 παρεχόμενοι
926 1009 983 1076 τούς

204 1097 252 1154 οὐκ
268 1096 365 1161 ἐῶντας
380 1093 486 1172 άκριτον
508 1094 671 1179 ἀποκτείνειν
682 1096 789 1168 ούθίνα,
802 1096 848 1155 καὶ
862 1098 896 1157 τά
908 1100 982 1178 παρὰ

204 1186 255 1242 τῶν
281 1185 345 1241 θεῶν
366 1180 489 1241 ἁπάντων
513 1180 650 1261 μηνίματα
670 1187 728 1250 ταῖς
751 1183 789 1260 μῆ
813 1186 983 1254 κολαζούσαις

152 1275 177 1313 ¹⁰
203 1272 296 1331 πολεσι
309 1269 368 1336 τούς
382 1272 483 1348 ἐναγεῖς
493 1269 637 1338 διεξιόντες.
678 1270 714 1333 ‘0
733 1272 760 1330 δί
777 1272 867 1353 πατὴρ
883 1275 981 1333 ἀπελο-

203 1363 275 1440 γεῖτο
299 1357 360 1437 περί
382 1363 428 1417 τοῦ
444 1359 582 1438 μειρακίου
599 1363 754 1440 κατηγορῶν
778 1364 825 1432 τῆς
844 1363 981 1441 θυγατρὸς,

204 1447 249 1507 καὶ
264 1446 411 1526 τιμωρίαν,
428 1449 457 1506 ού
475 1446 552 1527 φόνον
567 1436 634 1506 εἶναι
652 1448 683 1508 τὸ
699 1449 819 1528 πραχθέν
833 1451 933 1528 λέγων,
948 1452 983 1509 δι-

203 1535 304 1606 καστήν
319 1538 342 1593 θ’
364 1535 441 1596 αὑτὸν
458 1535 536 1604 ἀξιῶν
556 1526 624 1594 εἰναι
639 1539 692 1595 τῶν
707 1535 779 1595 ἰδίων
793 1541 884 1597 κακῶν
897 1543 982 1620 ἀμφο-

202 1623 285 1704 τέρων
299 1623 439 1700 γενόμενον
451 1623 567 1702 πατέρα.
625 1626 736 1704 Συχνῶν
748 1622 776 1683 δέ
789 1624 874 1704 λόγων
889 1626 982 1706 ῥηθέν-

150 1724 175 1763 ¹⁶
203 1734 254 1770 των
268 1713 312 1792 ὑφ’
329 1711 477 1791 ἑκατέρων,
492 1712 578 1784 πολλῆ
592 1712 636 1771 τὸν
652 1712 764 1792 βασιλέα
777 1721 898 1793 κατεῖχεν
912 1717 983 1793 ἀμη-

201 1803 283 1880 χανία
304 1801 329 1859 τί
342 1800 414 1867 τέλος
437 1799 557 1879 ἐξενέγκῃ
570 1799 634 1880 περί
651 1805 697 1872 τῆς
719 1801 801 1875 δίκης.
843 1800 911 1864 Ούτε
931 1804 981 1883 γάρ

202 1892 333 1948 ἀπολῦσαι
343 1893 387 1947 τοῦ
400 1889 478 1970 φόνον
491 1889 536 1949 τὸν
549 1891 726 1966 ὁμολογοῦντα
736 1889 785 1961 τλν
796 1890 910 1972 ἀδελφὴν
917 1893 982 1969 ἀνη-

720 1968 758 2043 οἷς
771 1978 799 2035 ού
816 1978 979 2057 συνεχώρουν

202 2065 363 2127 ἀποκτείνειν
386 2067 410 2124 οἰ
423 2065 512 2140 νόμοι,
527 2067 614 2130 καλῶς
629 2063 699 2143 ἔχειν
712 2063 918 2140 ύιτιλάμύανεν,
936 2064 978 2124 ἰνα

147 2159 174 2199 ²⁰
201 2155 240 2233 μὴ
252 2155 300 2226 τῆν
316 2155 382 2234 άράν
397 2153 443 2213 καί
456 2155 487 2212 τὸ
500 2153 562 2231 ἀγος
577 2151 630 2211 ἀπὸ
648 2157 695 2212 τοῦ
716 2148 869 2231 δεδρακότος
884 2155 920 2219 εἰς
934 2154 979 2212 τόν

201 2243 264 2304 ἴδιον
295 2234 365 2303 οἰκον
394 2245 591 2320 εἰσενίγκηται,
609 2240 663 2301 οὗθ’
679 2244 714 2308 ώς
732 2240 888 2322 ἀνδροφόνον
911 2243 977 2300 ἀπο·

200 2341 300 2391 κτεῖναι
315 2334 359 2392 τὸν
376 2336 442 2411 ύπίρ
456 2336 503 2404 τῆς
519 2330 644 2412 πατρίδος
657 2329 780 2406 ίλόμενον
795 2332 981 2409 προκινδυνεῦ-

201 2445 261 2492 σαι,
277 2420 322 2480 καί
336 2422 466 2495 τοσαύτης
480 2424 549 2502 αὐτῇ
563 2419 717 2488 δυναστείας
729 2418 866 2498 γενόμενον
879 2419 979 2495 αίτισν,

200 2509 286 2576 άλλως
295 2533 322 2567 τε
335 2510 380 2569 καὶ
393 2514 438 2568 τοῦ
451 2510 549 2588 πατρὸς
559 2506 717 2576 ἀπολύοντος
731 2507 808 2567 αύτδν
823 2513 870 2581 τῆς
879 2509 977 2586 αἰτίας,

149 2615 175 2654 τε
201 2589 284 2677 ᾧτῆν
302 2597 425 2677 περὶτῆς
443 2596 569 2678 θυγατρός
591 2597 672 2676 ὀργῆν
687 2595 705 2668 ἥ
719 2619 748 2655 τε
763 2594 837 2677 φύσις
856 2596 978 2656 ἀπεδίδου

199 2687 296 2766 πρώτῳ
311 2686 356 2745 καὶ
371 2691 384 2745 ό
402 2686 491 2763 νόμος.
563 2685 753 2766 Ἀπορούμενος
767 2685 794 2743 δί
809 2685 835 2743 τί
850 2685 978 2765 χρήσεται

199 2783 252 2843 τοῖς
267 2776 421 2856 πράγμασι,
442 2776 570 2834 τελευτῶν
586 2776 725 2855 κράτιστον
741 2765 808 2833 εἰναι
827 2774 920 2852 διέγνω
939 2777 978 2856 τῷ

200 2863 278 2944 δήμῳ
291 2865 341 2936 τὴν
354 2864 493 2942 διάγνωσιν
511 2863 672 2943 ἐπιτρέπειν.
730 2861 873 2936 Γενόμενος
887 2862 915 2921 δί
930 2867 979 2920 θα-

199 2952 347 3034 νατηφόρου
365 2953 475 3033 κρίσεως
491 2951 550 3011 τότε
569 2955 674 3029 πρῶτον
697 2954 712 3010 b
728 2949 872 3027 Ῥωμαίων
896 2952 978 3026 δῆμος

144 3057 172 3098 ao
201 3041 290 3121 κύριος
304 3046 337 3120 τῆ
359 3040 451 3119 γνώμῃ
466 3045 512 3098 τοῦ
526 3041 626 3117 πατρὸς
639 3040 794 3118 προσέθετο,
809 3038 855 3096 καί
868 3039 978 3098 ἀπολύει

197 3136 243 3189 τοῦ
258 3131 334 3210 φόνου
355 3129 399 3189 τὸν
415 3129 509 3207 ἀνδρα·
531 3130 560 3187 οὗ
573 3127 625 3206 μὴν
647 3126 704 3206 δγε
722 3123 842 3205 βασιλεὺς
856 3128 977 3207 ἀποχρῆν

198 3218 316 3278 ύπίλούε
339 3229 392 3285 τοῖς
417 3215 584 3298 βουλομένοις
603 3216 637 3275 τίι
659 3216 724 3295 πρὸς
743 3214 803 3281 τοὺς
824 3214 896 3282 θεοὺς
917 3215 977 3275 ὅσια

198 3310 338 3388 φυλάττειν
363 3307 411 3380 τὴν
435 3307 482 3365 ὑπ’
497 3305 642 3386 ἀνθρώπων
668 3306 885 3364 συντελεσθεῖσαν
909 3304 975 3384 ὑπὲρ

197 3400 275 3458 αὐτοῦ
289 3398 386 3477 κρίσιν,
401 3395 470 3454 ἀλλά
489 3393 730 3474 μεταπεμψάμενος
750 3390 808 3459 τοὺς
822 3391 977 3472 ἱεροφάντας

141 3502 168 3542 ιε
196 3486 331 3545 ἐκέλευσεν
345 3483 515 3552 ἐξιλάσασθαι
530 3481 602 3550 θεούς
614 3506 644 3540 τε
658 3482 704 3541 καὶ
717 3480 852 3556 δαίμονας,
866 3479 912 3539 καί
927 3503 975 3539 κα·

195 3581 272 3651 θᾶραι
295 3571 338 3630 τὸν
362 3571 445 3650 ἀνδρα
472 3561 510 3637 οἷς
531 3569 610 3646 νόμος
632 3567 692 3635 τοὺς
725 3568 859 3633 ἀκουσίους
884 3567 975 3647 φόνους

195 3660 343 3738 ἁγνίζεσθαι
361 3665 514 3739 καθαρμοῖς.
560 3661 688 3718 Κάκεῒνοι
707 3656 812 3736 βωμούς
830 3657 975 3734 ἱδρυσάμε-

194 3773 233 3808 νοι
248 3748 312 3820 δύο,
328 3747 372 3805 τὸν
383 3747 429 3825 μίν
443 3746 547 3826 Ἥρας,
560 3748 578 3818 ἣ
591 3747 716 3827 λέλογχεν
733 3748 885 3804 ἐπισκοπεῖν
898 3745 974 3803 ἀδελ·

194 3840 261 3914 φάς,
280 3837 361 3897 τόνδ’
383 3836 470 3917 ἕτερον
492 3835 635 3916 ἐπιχωρίου
655 3840 712 3894 θεοῦ
738 3856 805 3895 τινος
819 3831 836 3904 ἢ
852 3832 974 3910 δαίμονος

140 3950 167 3987 ιο
195 3925 281 3986 Ἰανοῦ
295 3929 436 4006 λεγομένου
451 3925 521 3985 κατά
543 3923 591 3995 τὴν
606 3923 747 4003 ἰπιχώριον
762 3915 892 3999 γλῶτταν,
903 3922 974 3978 ἐπω-

194 4014 274 4088 νύμου
282 4014 309 4073 δί
320 4013 469 4094 Κοριατίων
481 4018 533 4074 τῶν
544 4010 729 4092 ἀναιρεθέντων
741 4013 854 4090 ἀνεψιῶν
867 4006 918 4067 θπδ
928 4014 972 4068 τοῦ

195 4102 298 4183 ἀνδρὸς,
320 4104 365 4161 καί
386 4102 476 4170 θυσίας
488 4101 563 4170 τινάς
576 4104 618 4161 ἐπ’
633 4102 720 4165 αὐτοῖς
735 4099 905 4170 ποιήσαντες,
920 4100 973 4165 τοῖς

193 4189 218 4247 τ’
242 4189 330 4257 ἀλλοις
343 4192 487 4269 καθαρμοῖς
501 4191 648 4270 ἐχρήσαντο
662 4187 707 4247 καί
723 4189 892 4250 τελευτῶντες
906 4183 972 4256 ὑπή·

192 4301 272 4358 γαγον
288 4278 331 4337 τδν
348 4277 471 4357 Ὁράτιον
492 4279 542 4338 ionii
559 4278 646 4355 ζυγόν.
687 4274 767 4336 Ἔστι
787 4274 814 4334 δε
829 4272 972 4350 Ῥωμαίοις

140 4386 165 4421 ιι
192 4367 318 4445 νόμιμον,
338 4365 401 4426 ὅταν
422 4367 557 4445 πολεμίων
571 4365 768 4444 παραδιδόντων
792 4362 824 4421 τθι
839 4361 911 4422 όπλα
926 4361 969 4440 γε’·

195 4480 287 4516 νωνται
301 4455 400 4535 κύριοι,
418 4455 462 4515 δύο
476 4454 656 4528 καταπήττειν
671 4452 725 4523 ξύλ’
739 4451 803 4531 ipit
824 4451 869 4510 καί
884 4451 970 4529 τρίτον

193 4545 366 4626 ἐφαρμόττειν
391 4546 478 4610 αὐτοῖς
497 4546 594 4604 ἀνωθεν
614 4543 745 4623 πλάγιον,
761 4539 845 4599 ἔπειθ’
861 4542 970 4617 ὑπάγειν

191 4636 250 4706 τοὺς
262 4634 450 4717 αἰχμαλώτους
463 4634 513 4692 ὑπὸ
527 4639 611 4692 ταῦτα
625 4631 671 4690 καί
686 4629 834 4696 διελθόντας
848 4628 969 4688 ἀπολύειν

191 4725 338 4806 ἐλευθέρους
361 4722 405 4783 ἐπὶ
425 4724 458 4781 τίι
488 4721 612 4802 σφέτερα.
654 4723 741 4780 Τοῦτο
763 4721 884 4778 καλεῖται
909 4716 968 4796 παρ’

138 4830 165 4867 ω
192 4818 278 4883 αὐτοῖς
296 4818 388 4892 ζυγιν,
410 4803 494 4894 ᾧκαί
508 4813 532 4870 οἱ
550 4811 609 4869 τότε
631 4808 799 4888 καθαίροντες
817 4808 861 4865 τὀν
886 4804 969 4879 ἀνδρα

191 4904 332 4984 τελευταίῳ
351 4905 403 4960 τῶν
425 4901 486 4982 περὶ
501 4896 561 4966 τοὺς
583 4895 733 4977 καθαρμοὺς
751 4894 870 4972 νομίμων
890 4892 968 4973 ἰχρῆ·

192 5009 279 5047 σαντο.
322 4991 367 5048 Ἔν
387 4981 409 5071 ᾧ
430 4991 456 5051 δὲ
477 4992 525 5060 τῆς
544 4989 645 5054 πολεως
664 4985 756 5066 χιορίῳ
780 4984 824 5042 τὸν
841 4981 967 5060 ἁγνισμὸν

192 5076 362 5150 ἐποιήσαντο,
393 5079 505 5146 άπαντες
542 5076 675 5148 Ῥωμαῖοι
704 5072 851 5150 νομίζουσιν
885 5068 965 5147 ἱερόν·

192 5164 247 5221 ἔστι
268 5165 291 5221 δ’
315 5165 341 5220 ἐν
362 5169 400 5243 τῷ
421 5169 546 5245 στενωπῷ
570 5166 609 5242 τῷ
635 5161 738 5241 φέροντι
769 5157 821 5218 ini
848 5157 965 5237 Καρίνης

730 347 899 409 DIONYSiI
920 350 1296 419 betcbubassnb'sts

1040 495 1093 559 pias
1104 496 1210 549 reduxit.
1252 500 1367 564 eumque
1377 514 1409 552 ex
1426 507 1649 559 senatuconsulto
1665 511 1818 577 triumpbna·

1039 598 1075 642 set
1095 596 1120 644 et
1134 594 1183 644 iam
1195 608 1222 645 ae
1234 595 1266 646 ad
1284 597 1370 649 civiles
1383 611 1482 650 caussas
1494 607 1677 666 cognoscendae
1696 614 1818 672 verteret,

1039 694 1160 743 nonerunt
1174 692 1207 742 ad
1218 707 1276 744 enm
1295 695 1362 747 cirea
1374 710 1422 746 uon
1434 698 1561 762 ignobiles,
1579 703 1622 767 qui
1643 706 1771 758 Horatium
1788 714 1817 759 ui

1039 789 1157 851 sanguine
1174 789 1310 842 domestico
1327 793 1360 844 ob
1381 795 1475 846 caedem
1494 798 1587 849 sororis
1606 801 1725 865 poliutum
1745 817 1816 856 ιευιιι

1038 887 1148 946 agarum.
1182 886 1231 944 Qui
1244 900 1302 937 cum
1321 902 1379 938 enm
1393 889 1417 938 in
1434 890 1475 941 ius
1494 892 1651 954 eduxissent,
1671 895 1742 960 ionga
1756 911 1816 947 ora·

1039 982 1104 1034 tione
1125 986 1183 1034 aunt
1198 984 1240 1034 usi
1261 984 1328 1049 leges
1342 988 1507 1051 proferentes,
1525 1004 1581 1054 quae
1603 1006 1651 1041 non
1674 997 1817 1056 paterentur

1038 1094 1187 1145 quemquam
1199 1084 1291 1135 indicta
1306 1097 1395 1135 caussa
1405 1086 1503 1145 occidi,
1520 1092 1546 1138 et
1562 1092 1720 1140 recensentes
1728 1104 1814 1141 exeru-

1037 1179 1078 1243 pia
1089 1179 1134 1229 ira
1145 1178 1235 1229 divina
1251 1179 1277 1229 in
1294 1179 1419 1241 civitates,
1440 1196 1497 1246 qna
1513 1185 1608 1235 scelera
1622 1186 1744 1250 impunita
1757 1189 1816 1239 reii-

1037 1278 1157 1340 quissent.
1191 1280 1223 1328 at
1247 1281 1316 1342 pater
1344 1279 1422 1330 tiiiuru
1440 1281 1560 1344 purgabat
1582 1296 1702 1333 accusans
1723 1284 1815 1345 iliam,

1039 1373 1185 1439 tactumque
1210 1389 1259 1426 non
1291 1375 1386 1427 cedem
1418 1377 1463 1426 sed
1492 1378 1612 1429 ultionem
1643 1379 1816 1445 appeltandum

1037 1469 1131 1533 dicans,
1153 1476 1179 1521 et
1200 1485 1243 1533 se,
1254 1472 1298 1535 qni
1309 1477 1375 1524 esset
1384 1472 1517 1536 utriusque
1533 1477 1613 1538 pater,
1624 1474 1815 1526 domesticorum

1036 1569 1157 1620 malorum
1170 1568 1278 1621 iudicem
1290 1582 1345 1621 esse
1354 1583 1456 1634 aquom
1469 1571 1597 1623 censebat.
1632 1573 1717 1623 Multis
1731 1577 1815 1624 autem

1036 1666 1159 1719 hincinde
1169 1669 1194 1719 in
1209 1670 1341 1732 utramque
1355 1673 1449 1733 partem
1461 1669 1544 1729 dictis,
1557 1683 1601 1720 rex
1614 1670 1685 1721 valde
1695 1670 1814 1727 haerebat,

1036 1760 1152 1812 dubitans
1172 1774 1286 1825 quanam
1311 1763 1432 1813 οεειιοοιίο
1454 1763 1479 1813 iu
1499 1762 1547 1814 beo
1564 1763 1608 1814 iite
1629 1762 1814 1828 pronuntianda

1036 1861 1111 1910 esset.
1144 1861 1230 1922 Neque
1239 1860 1306 1909 enim
1319 1858 1389 1909 cade
1403 1872 1462 1908 ειιιπ
1479 1858 1617 1920 absoluere,
1633 1859 1678 1924 qui
1691 1859 1815 1910 fatebatur

1036 1967 1051 2004 a
1077 1968 1103 2005 sc
1121 1967 1229 2004 somrem
1251 1955 1343 2004 indicia
1364 1967 1452 2004 caussa
1475 1955 1597 2015 occisam,
1621 1954 1695 2018 idque
1715 1956 1815 2018 propter

1034 2052 1127 2102 crimen
1152 2052 1184 2101 ob
1213 2053 1280 2115 quod
1315 2052 1383 2114 teges
1411 2052 1535 2103 hominem
1559 2051 1640 2102 occidi
1680 2051 1814 2113 uetabant,

1034 2148 1095 2199 bcnc
1112 2146 1203 2196 iactum
1223 2146 1406 2207 arbitrabatur,
1431 2159 1463 2196 ne
1480 2144 1549 2195 duas
1569 2148 1596 2195 et
1617 2144 1742 2209 piaculum
1757 2145 1814 2194 eius

1034 2243 1079 2307 qui
1090 2242 1183 2294 ιωᾱοιιι
1199 2245 1308 2306 pairarat
1317 2243 1342 2293 iu
1358 2254 1429 2292 suam
1443 2239 1560 2291 familiam
1575 2243 1749 2291 converteret:
1765 2253 1813 2290 ne·

1033 2339 1165 2404 quantiam
1178 2340 1216 2390 tos
1230 2340 1333 2403 putabat
1346 2341 1373 2389 ut
1383 2335 1530 2402 parricidam
1539 2335 1675 2387 interlicere
1684 2349 1753 2397 eum,
1767 2336 1812 2400 qni

1033 2450 1079 2501 pro
1095 2436 1175 2501 patria
1187 2438 1262 2500 caput
1272 2448 1346 2486 sunm
1363 2432 1474 2498 ,onmia
1480 2432 1605 2484 obiectare
1617 2444 1666 2481 non
1677 2431 1812 2484 dubitare-

1033 2540 1081 2596 rat‚
1096 2535 1176 2600 etqui
1188 2538 1262 2585 tanto
1270 2532 1387 2598 potentin
1399 2529 1546 2583 memnonis
1554 2529 1601 2581 eibi
1615 2533 1704 2580 auctor
1719 2530 1811 2589 tuerat,

1032 2633 1169 2699 prosarum
1191 2646 1249 2683 cum
1270 2636 1341 2698 poter
1360 2643 1418 2681 enm
1439 2627 1541 2680 crimine
1562 2624 1746 2687 ttioliberaret,
1771 2626 1813 2675 cui

1033 2727 1188 2793 potissimum
1200 2730 1225 2778 et
1236 2730 1325 2778 natura
1336 2729 1362 2777 et
1374 2726 1417 2778 lex
1431 2725 1484 2788 ipsa
1503 2722 1560 2774 iiiia
1570 2721 1691 2774 ultionem
1712 2720 1812 2785 pannii·

1031 2826 1109 2876 tabat.
1143 2825 1264 2875 babitans
1273 2837 1333 2874 nero
1349 2822 1468 2886 quidnam
1478 2817 1620 2871 iaciendum
1632 2821 1697 2868 esset
1711 2815 1811 2866 tundent

1031 2922 1152 2985 optimum
1171 2920 1238 2970 tactu
1259 2918 1379 2968 iudicavit
1401 2918 1457 2967 eins
1478 2914 1515 2965 rei
1537 2912 1699 2976 copnitionom
1718 2909 1811 2974 poputo

1031 3021 1185 3087 permittere.
1218 3022 1288 3069 Tunc
1307 3018 1381 3082 igitur
1392 3016 1501 3080 primum
1511 3013 1619 3078 populus
1634 3014 1759 3064 Rornanne
1768 3022 1811 3059 ca·

1030 3116 1114 3182 pliciis
1136 3115 1221 3166 iudicii
1244 3116 1391 3180 potestatem
1411 3111 1531 3176 adeptus,
1556 3109 1635 3174 patris
1661 3107 1810 3158 sententiam

1031 3212 1201 3278 comprobavit
1219 3215 1244 3262 et
1256 3208 1388 3275 parricidio
1403 3207 1582 3257 adolescentem
1605 3203 1722 3255 absolvit.
1761 3204 1809 3252 Ve-

1030 3315 1218 3363 rumtamenrex
1231 3307 1401 3359 arbitrabatur
1411 3318 1458 3354 non
1469 3301 1623 3353 sufficereiie
1636 3301 1680 3363 qui
1690 3299 1810 3363 pietatem

1030 3424 1087 3475 arga
1102 3411 1163 3461 deos
1178 3407 1304 3459 custodire
1314 3405 1404 3456 retient
1413 3404 1462 3454 iaie
1474 3402 1601 3451 bominum
1614 3397 1731 3449 iudicium
1743 3412 1749 3442 τ
1761 3396 1809 3447 sod

1029 3510 1154 3559 accersitis
1165 3504 1321 3572 pontificibus
1330 3502 1402 3553 iussit
1413 3500 1474 3550 deos
1487 3500 1513 3548 et
1527 3496 1610 3561 genios
1619 3493 1720 3559 placari.
1733 3494 1758 3542 ct
1766 3491 1807 3541 ia-

1030 3607 1103 3657 strari
1115 3605 1239 3656 bominem
1254 3598 1444 3654 lustrationibus
1458 3595 1549 3660 quibos
1564 3592 1645 3643 caedes
1657 3603 1705 3640 non
1715 3590 1807 3639 voiun-

1029 3705 1100 3756 tnriae
1107 3703 1188 3754 solent
1196 3700 1297 3766 expiari.
1331 3697 1371 3748 itii
1381 3709 1440 3747 uero
1450 3694 1513 3743 duas
1524 3692 1657 3742 erexerunt
1666 3700 1731 3747 ετιι,
1743 3684 1806 3736 aite-

1029 3815 1082 3852 ram
1097 3799 1197 3863 quidem
1211 3793 1358 3852 Junommd
1373 3804 1447 3854 quam
1469 3799 1582 3838 sororum
1602 3797 1662 3834 cura
1677 3781 1784 3847 pertinet
1799 3800 1805 3827 :

1028 3899 1130 3945 atteram
1143 3906 1201 3942 vero
1217 3890 1264 3940 deo
1279 3888 1332 3936 sire
1346 3887 1417 3948 genio
1431 3882 1559 3945 indigena,
1574 3877 1618 3942 qui
1647 3876 1745 3927 iliorum
1760 3871 1806 3922 lin-

1028 4004 1076 4052 gua
1089 3991 1166 4037 Janus
1177 3989 1290 4042 vocatur,
1304 3981 1376 4031 cuius
1391 3991 1526 4043 cognomen
1544 3973 1647 4026 Curiatii
1661 3969 1806 4022 consobrini

1027 4086 1058 4135 ab
1070 4082 1172 4135 Horatio
1185 4077 1307 4130 interiecti
1322 4074 1442 4136 terebant,
1455 4077 1480 4123 et
1492 4072 1518 4122 in
1529 4071 1568 4121 bia
1586 4070 1636 4120 aris
1650 4066 1727 4117 sacris
1742 4065 1802 4129 qui·

1026 4179 1130 4230 bundam
1140 4174 1211 4226 tactis
1223 4186 1280 4223 cum
1291 4170 1347 4221 aliis
1360 4168 1540 4233 expiationibus
1552 4164 1590 4214 nsi
1600 4167 1665 4221 sunt,
1680 4166 1804 4212 tutorem

1026 4284 1149 4347 postremo
1168 4274 1297 4326 itorntium
1318 4269 1465 4332 subiugum
1486 4268 1616 4318 irriserunt.
1649 4267 1694 4314 Est
1717 4265 1803 4311 autem

1026 4380 1139 4434 Romanis
1154 4391 1221 4435 mos,
1234 4378 1263 4427 ui
1273 4373 1372 4438 quoties
1388 4369 1473 4420 hostes
1490 4365 1587 4417 traditis
1608 4365 1685 4414 armis
1699 4361 1803 4413 deditio

1025 4490 1080 4527 uem
1095 4474 1188 4524 iaciunt
1204 4472 1267 4520 duan
1287 4468 1372 4518 basias
1388 4469 1470 4516 rectas
1486 4459 1554 4511 burui
1569 4458 1688 4521 defigant,
1707 4459 1733 4507 et
1748 4459 1800 4505 ter·

1025 4571 1084 4621 tiam
1113 4582 1188 4631 supra
1213 4567 1268 4616 ittns
1295 4569 1461 4614 transversam
1486 4553 1688 4614 aoconrmodeni,
1706 4551 1797 4603 doindo

1025 4671 1137 4735 captivos
1152 4666 1200 4715 sub
1215 4663 1269 4714 ilias
1280 4660 1380 4711 mittant
1398 4678 1406 4710 ι
1425 4661 1451 4708 ei
1471 4655 1514 4705 ubi
1531 4652 1684 4703 transierunt
1696 4661 1740 4698 eos
1752 4649 1800 4698 dir-

1023 4782 1092 4820 mum
1113 4777 1183 4815 suam
1201 4761 1292 4813 liberos
1312 4758 1455 4810 demittant.
1495 4755 1598 4815 Hocque
1612 4750 1644 4800 ab
1656 4749 1704 4801 iib's
1715 4750 1800 4812 iugum

1022 4872 1126 4919 vocatur
1161 4883 1165 4912 :
1200 4875 1273 4926 quem
1306 4859 1380 4909 ritum
1411 4859 1565 4920 postremum
1599 4853 1665 4901 inter
1703 4849 1800 4896 ceteras

1022 4965 1174 5033 expiationes
1195 4958 1362 5010 adhibuerunt
1383 4948 1428 5014 bu,
1443 4952 1487 5016 qui
1501 4957 1561 5002 tunc
1572 4949 1686 4998 iuvenem
1704 4942 1796 4990 lustro-

1022 5071 1088 5120 runi.
1121 5069 1214 5116 lucum
1231 5062 1315 5110 antem
1329 5054 1399 5106 urbia
1419 5050 1462 5101 ubi
1484 5047 1648 5113 expiationem
1669 5042 1796 5100 iecerunt,

1021 5182 1106 5222 omncs
1122 5163 1224 5217 bomani
1238 5171 1337 5211 sacrum
1348 5152 1507 5205 arbitrantur.
1543 5148 1586 5196 Est
1596 5146 1679 5193 antem
1692 5140 1718 5190 in
1731 5138 1796 5198 vico,
