3772 5828
603 464 895 539 nn'rtQutnuTUnt
915 466 1064 528 ROMAN.
1087 468 1157 527 Ltn.
1180 468 1229 527 Xl.

101 623 145 666 κες
162 599 214 657 ίδει
240 598 364 676 παρεῖναι
387 599 445 662 ταῖς
460 596 569 676 ἀρχαῖς·
586 594 656 655 ἀλλά
674 600 719 654 καὶ
739 595 838 656 τούτων
852 600 879 657 ol

101 684 204 751 πλείους
225 686 470 761 ἀνασκευασάμενοι
493 682 648 763 πανοικεσίᾳ
664 682 710 741 καὶ
729 681 776 749 τάς
798 682 880 752 οἰκίας

101 773 213 852 ἐρήμους
228 772 355 854 ἀρέντες,
374 774 400 830 ἐν
418 780 471 840 τοῖς
489 774 578 851 ἀγροῖς
592 770 730 851 διέτριόον.
773 772 837 840 Τοῖς
852 773 880 831 δέ

101 861 279 943 ὀλιγαρχικοῖς
294 860 352 921 καθ’
367 859 463 931 ἡδονὴν
478 862 506 919 αἱ
521 862 572 918 τῶν
596 859 810 939 ἱπιρανιστάτων
830 862 880 919 άν-

102 953 170 1030 δρῶν
184 949 299 1029 ἐγίνοντο
320 948 420 1029 ρυγαὶ,
435 949 539 1005 πολλῶν
553 946 600 1025 μέν
615 947 661 1005 καλ
677 947 765 1007 ἀλλων
784 950 879 1022 ἕνεκα,

103 1036 219 1115 μάλιστα
243 1036 271 1097 δὲ
294 1038 334 1095 δτι
368 1044 421 1103 τοῖς
453 1036 609 1103 ἀκολάστοις
637 1039 690 1095 τῶν
720 1036 785 1097 νίων
811 1038 878 1097 πολὺ

101 1127 131 1184 τὸ
160 1124 269 1193 αὔθαδες
306 1123 490 1205 προσεγένετο,
528 1122 596 1199 μηδὲ
632 1124 690 1203 ὄψει
729 1123 881 1201 δυναμένοις

103 1216 183 1288 ἰδεῖν,
205 1214 249 1283 οθς
262 1214 372 1293 έμελλον
392 1211 501 1293 ἀσελγές
521 1236 548 1270 τι
575 1213 735 1289 πράττοντες
758 1213 881 1294 αἰσχύνε-

103 1308 174 1363 σθαι.

143 1395 193 1452 ΙΙΙ.
215 1391 416 1469 Ἐρημουμένης
438 1387 466 1449 δέ
486 1396 533 1449 τοῦ
558 1387 703 1462 κρείττονος
725 1390 813 1459 ἔθνους
833 1397 880 1464 ’τῆς

101 1481 215 1554 πόλεως,
229 1480 275 1539 καί
288 1480 318 1539 ab
335 1478 467 1557 ἐλεύθερον
485 1477 555 1536 άπαν
570 1477 780 1550 ἀπολωλεκυίας,
797 1480 880 1561 ἀρορ-

102 1567 153 1644 μὴν
176 1570 318 1649 κρατίστην
331 1565 508 1633 θπολαόόντες
527 1564 590 1634 ἕξειν
613 1568 636 1626 οἱ
652 1564 761 1647 πολέμῳ
777 1590 879 1648 κρατη-

101 1661 185 1726 θέντες
200 1662 245 1716 ὑπ’
259 1659 356 1733 αὐτῆς,
374 1656 421 1723 τάς
434 1678 462 1714 τε
475 1654 561 1734 θόρεις
578 1654 608 1722 ἀς
625 1653 789 1735 ὖύρίσθησαν
810 1659 879 1715 ἀπο-

57 1814 61 1823 ,
101 1746 223 1805 τίσασθαι
238 1746 284 1805 καί
297 1746 331 1806 τά
350 1742 506 1803 ἀπολωλότα
524 1742 678 1817 ἀναλαόεῖν,
693 1746 729 1809 ὡς
750 1740 876 1815 νοσούσης

63 1851 70 1859 ·
101 1834 144 1892 διὰ
165 1834 214 1905 τῆν
237 1832 391 1913 ὀλιγαρχίαν
414 1837 460 1903 τῆς
479 1831 593 1904 πόλεως,
608 1830 654 1890 καλ
673 1828 732 1889 οὔτε
750 1833 877 1902 συστῆναι

102 1922 161 1981 οὔτε
184 1927 329 2001 ὁμονοῆσαι
356 1921 415 1981 οὔτε
440 1918 627 1980 άντιλαόίσθαι
645 1922 812 1993 τῶνΙκοινῶν
839 1920 877 1979 ίτι

102 2012 293 2089 δυνησομένης,
318 2008 585 2089 παρασκευασάμενοι
608 2007 641 2067 τά
659 2007 723 2089 πρδς
737 2008 782 2066 τὸν
797 2006 877 2069 πόλε-

103 2124 163 2173 μον,
190 2099 340 2158 ἐλαύνουσιν
366 2098 408 2157 ἐπ’
434 2094 515 2168 αὐτὴν
540 2094 719 2176 στρατεύμασι
742 2097 875 2175 μεγάλοις.

101 2189 157 2246 Καὶ
171 2187 240 2246 κατδι
252 2187 296 2245 τὸν
306 2186 382 2245 αιἰτδν
396 2184 489 2264 χρόνον
504 2183 615 2244 Σαάῑνοι
630 2182 702 2264 [μέν]
719 2182 877 2260 ἐμύαλύντις

100 2278 137 2341 εἰς
160 2278 206 2347 τήν
229 2275 408 2355 θμοτέρμονα,
444 2274 490 2333 καὶ
514 2276 614 2346 πολλῆς
640 2271 774 2351 γινόμενοι
804 2273 876 2339 λείας

99 2365 252 2444 ἐγκρατεῖς,
270 2363 346 2444 φόνον
363 2387 392 2423 τε
406 2363 490 2423 πολδν
506 2362 678 2443 ἐργασάμενοι
698 2367 745 2421 τοῦ
760 2385 874 2443 γεωργι-

99 2459 145 2512 κοῦ
165 2455 299 2526 πλήθους,
317 2456 343 2511 ἐν
363 2451 474 2533 Ἠρήτῳ
491 2448 800 2529 κατεστρατοπέδευσαν·
820 2450 877 2510 διί-

101 2564 182 2613 στηκε
199 2541 227 2601 δὲ
239 2540 292 2601 ἀπὸ
303 2545 349 2614 τῆς
362 2539 471 2617 Ῥώμης
484 2544 502 2610 ἡ
516 2539 590 2605 πόλις
599 2537 666 2609 αὕτη
683 2539 877 2617 τετταράκοντα

100 2630 145 2686 καὶ
155 2630 248 2689 ἑκατὸν
262 2629 381 2695 σταδίους
395 2625 506 2698 πλησίον
519 2616 585 2687 ούσα
596 2626 729 2704 Τιόέρεαις
743 2633 874 2704 ποταμοῦ.

46 2742 73 2780 ιιι
100 2719 212 2778 Αἰκανοὶ
228 2717 250 2776 δ’
263 2722 302 2784 είς
313 2716 362 2789 τὴν
377 2720 403 2778 Τ
405 2715 541 2775 υσκλάνων
556 2719 605 2793 γῆν
626 2715 798 2792 ἐμόαλόντες,
813 2716 877 2794 ὅμο-

100 2830 143 2886 ρον
168 2799 248 2886 olata
271 2829 361 2886 σρισι,
389 2805 435 2864 καί
456 2803 543 2864 πολλά
558 2802 705 2885 δῃώσαντες
730 2807 829 2882 αὐτῆς,
849 2808 876 2864 έν

98 2895 210 2976 Ἀλγίδῳ
233 2895 348 2955 τίθενται
372 2894 416 2953 τὸν
437 2892 555 2974 χάρακα.
599 2893 646 2961 Ὡς
671 2894 694 2952 δ’
710 2892 826 2965 ἤκουσαν
851 2895 875 2953 οἱ

99 2985 162 3044 δέκα
175 2985 223 3058 τὴν
237 2988 290 3043 τῶν
310 2982 443 3059 πολεμίων
460 2982 568 3063 ἐροδον,
587 2981 780 3061 τεταραγμένοι
798 3005 876 3041 συνε-

98 3074 195 3134 κάλουν
211 3073 257 3141 τάς
281 3072 428 3153 ἑταιρείας,
456 3069 502 3130 καλ
525 3071 593 3147 μετά
619 3069 716 3129 τούτοιν
742 3067 801 3128 ὅτι
823 3070 876 3151 χρὴ

45 3192 72 3232 :rc
99 3164 225 3244 repriorere
243 3160 381 3221 ἐσκόπουν,
426 3158 465 3219 Τὸ
479 3157 526 3235 μέν
537 3147 582 3217 σόν
598 3158 734 3237 ὑπερόριον
747 3157 876 3217 ἀποστέλ-

100 3252 154 3310 λειν
171 3252 313 3331 στρατιάν,
331 3248 376 3308 καὶ
396 3247 434 3324 μὴ
451 3245 600 3326 περιμένειν
617 3246 665 3313 έως
682 3245 723 3304 ἐπ’
738 3245 818 3318 αιἰιῆν
833 3246 878 3305 ἶλ-

99 3343 163 3398 θωσι
178 3339 225 3411 τὴν
247 3338 323 3398 πόλιν
345 3340 371 3396 αἱ
389 3341 441 3395 τῶν
465 3335 596 3411 πολεμίων
618 3337 760 3413 δυνάμεις,
778 3333 877 3393 ἀπασιν

99 3427 198 3489 ἐδόκει·
218 3434 331 3507 παρεῖχε
347 3425 374 3485 δὲ
391 3426 480 3490 αὐτοῖς
497 3421 598 3495 πολλὴν
620 3426 732 3503 ἀπορίαν
747 3426 875 3502 ,πρῶτον

100 3516 148 3593 μὲν
166 3519 188 3574 εἰ
209 3516 312 3582 πάντας
323 3512 474 3589 Ῥωμαίους
494 3510 538 3570 ἐπὶ
559 3510 593 3569 τά
606 3510 676 3569 δπλα
698 3509 809 3579 κλητέον
831 3508 876 3567 καὶ

46 3634 73 3673 35
101 3605 159 3672 τοὺς
182 3605 340 3683 ἀχθομένους
365 3607 399 3682 τῇ
427 3599 561 3681 πολιτείη·
584 3598 675 3657 ἔπειτα
699 3597 792 3656 ὁποίαν
817 3596 876 3656 τινά

101 3691 188 3762 δεήσει
202 3690 249 3760 τὴν
261 3687 436 3770 καταγραρῆν
457 3691 509 3746 τῶν
523 3688 693 3767 στρατιωτῶν
704 3683 876 3757 ποιήσασθαι,

100 3780 209 3860 πότερον
222 3779 323 3850 αὐθάδη
337 3777 383 3836 καλ
398 3774 570 3854 μισοπόνηρον
582 3775 638 3842 οἵας
661 3774 715 3840 έθος
739 3764 771 3844 ῆν
792 3782 876 3831 ποιεῖ-

101 3873 161 3927 σθαι
173 3870 227 3932 τοῖς
242 3889 270 3924 τι
285 3867 420 3945 βασιλεῦσι
437 3863 484 3923 καὶ
497 3871 551 3931 τοῖς
560 3862 681 3933 ὑπάτοις,
696 3861 714 3933 ῆ
730 3860 878 3941 φιλάνθρω-

101 3979 149 4015 πον
175 3954 221 4013 καὶ
249 3954 364 4034 μέτριον.
424 3950 529 4012 Ἐδόκει
552 3974 582 4010 τε
603 3953 689 4018 αὐτοῖς
716 3950 769 4009 οὐδ’
795 3951 877 4009 έκεῖνο

45 4086 72 4124 ,υ
103 4054 198 4122 μικρᾶς
211 4035 276 4102 εἶναι
289 4043 421 4117 ζητήσεως
431 4039 516 4113 ἀξιον,
530 4039 557 4100 τί
565 4039 597 4100 τὸ
609 4042 727 4119 κυρῶσαι
739 4038 814 4099 ἔσται
827 4037 876 4111 τὴν

100 4134 161 4213 περὶ
175 4138 221 4192 τοῦ
236 4131 352 4204 πολέμου
365 4129 473 4208 γνώμην
495 4126 540 4187 καὶ
554 4127 604 4199 τῆν
623 4126 809 4206 στρατολογίαν
823 4130 878 4207 ψη-

99 4221 256 4307 ριούμενον,
279 4218 378 4299 πότερα
401 4220 431 4276 τὸ
455 4218 586 4297 συνίδριον
602 4221 650 4288 τῆς
672 4217 783 4296 βουλῆς,
805 4215 823 4287 ἢ
846 4216 876 4275 τὸ

98 4310 239 4389 δημοτικὸν
252 4311 364 4381 πλῆθος,
377 4306 395 4379 ἀ,
409 4306 508 4366 τούτων
526 4305 573 4384 μὲν
595 4304 744 4385 οθδίτιρον,
761 4306 818 4365 ἐπεὶ
832 4305 876 4364 διὰ

98 4401 213 4484 brebiae
226 4390 260 4473 ῆν
284 4401 371 4466 αὐτοῖς
384 4396 524 4477 έκάτερον,
543 4396 617 4457 αὐτοὶ
635 4399 664 4455 δέ
679 4408 767 4476 τρισίν
788 4398 876 4463 αὐτοῖς

51 4515 77 4550 aa
99 4493 211 4554 οίδέκα.
253 4488 337 4557 Τέλος
360 4485 388 4546 δέ
409 4476 454 4545 σύν
481 4485 568 4544 πολλδι
590 4485 810 4563 βουλευσάμενοι,
827 4482 876 4556 τῆν

102 4580 196 4658 βουλὴν
213 4580 330 4658 ἔγνωσαν
354 4575 515 4654 συγκαλεῖν,
532 4573 578 4633 καλ
599 4575 683 4634 ποιεῖν
699 4570 770 4638 ὅπως
790 4568 834 4629 τόν
848 4593 877 4630 τι

100 4667 213 4744 πολεμον
223 4668 311 4735 αίιτοῖς
323 4666 409 4737 ἐκείνη
421 4664 570 4746 ψηφιεῖται,
585 4659 689 4731 καλιὴν
700 4664 747 4719 τοῦ
762 4662 876 4739 στρατοῦ

101 4754 270 4835 καταγραφὴν
285 4756 419 4836 ἐπιτρέψει
435 4750 608 4823 ποιήσασθαι.
651 4751 686 4809 Εἰ
703 4746 753 4827 γάρ
768 4745 819 4805 berb
830 4753 876 4806 τοῦ

101 4842 231 4920 συνεδρίου
254 4844 384 4923 κυρωθείη
411 4841 510 4902 τούτων
536 4836 675 4916 ίκάτερον,
697 4839 800 4915 πρῶτον
829 4834 877 4914 μέν

52 4955 79 4988 ιν
102 4933 227 4996 εὐπειθεῖς
241 4928 344 4992 ἔσεσθαι
358 4930 459 4997 πάντας
474 4925 676 5004 ὑπελάμόανον,
691 4925 778 4993 άλλως
792 4923 877 4983 τεκαὶ

100 5025 147 5092 τῆς
171 5020 337 5098 δημαρχικῆς
364 5017 481 5086 ἐξουσίας
502 5012 738 5091 καταλελυμένης,
762 5005 780 5092 ᾗ
808 5011 876 5090 μόνη

100 5110 169 5170 κατά
184 5107 279 5184 νόμους
292 5106 350 5178 ἐξῆν
363 5107 544 5165 ἐναντιοῦσθαι
559 5111 613 5169 τοῖς
628 5101 679 5161 oei
693 5104 746 5159 τῶν
759 5102 876 5158 δυνατῶν

100 5196 326 5273 ἐπιταττομένοις·
351 5190 432 5251 ἶπειτ’
456 5191 530 5251 αιἰτολ
550 5189 587 5269 [εί
606 5193 644 5267 τι]
664 5189 763 5257 δόξειαν
776 5192 877 5266 ὑπηρε-

100 5292 204 5353 τοῦντες
228 5289 262 5366 τῇ
290 5282 387 5363 βουλῇ,
401 5278 446 5338 καλ
467 5280 501 5338 τδι
525 5279 675 5359 καρωθέντα
703 5278 749 5337 ὑπ’
775 5278 876 5350 ἐκείνης

1653 472 1711 532 639

932 609 985 665 tes,
1007 610 1033 657 et
1059 605 1147 655 domos
1168 605 1281 656 desertas
1299 605 1480 668 relinquentes,
1502 605 1527 654 in
1549 608 1613 667 agris
1637 608 1711 671 dege-

935 694 1002 745 bent.
1035 694 1086 743 lllis
1109 708 1176 751 sero,
1199 694 1241 757 qui
1268 707 1404 757 paucorum
1432 692 1548 756 polentiae
1571 694 1711 749 studebant.

934 788 1048 848 pergrata
1057 788 1110 835 erat
1126 783 1351 833 illustrissimorum
1366 782 1474 832 rirorum
1489 783 1562 846 luga,
1576 797 1632 832 cum
1648 786 1712 834 mul-

936 872 967 922 tis
982 872 1036 923 aliis
1056 871 1088 922 de
1098 873 1203 930 caussis,
1221 874 1273 921 turn
1286 871 1458 936 potissimum,
1470 871 1536 934 quod
1547 871 1579 920 ad
1595 871 1713 933 jrucnum

934 960 1147 1024 intemperantiam
1164 962 1272 1011 mullum
1287 961 1434 1023 arrogantie
1456 964 1609 1022 accesserat,
1627 961 1671 1023 qui
1682 974 1714 1011 ne

935 1052 1095 1113 conspectum
1116 1048 1217 1112 quidem
1238 1061 1326 1098 eorum
1346 1049 1410 1098 terre
1434 1053 1585 1112 potuerunt,
1607 1063 1714 1112 quorum

934 1138 1063 1202 praesentia
1084 1136 1139 1193 sibi,
1165 1136 1274 1185 lacinora
1298 1135 1406 1186 libidinis
1428 1151 1457 1188 ac
1479 1137 1624 1202 petulantiae
1643 1137 1714 1201 plene

934 1228 1097 1293 patrantibus,
1112 1226 1307 1277 crubescendum
1321 1231 1384 1277 erut.

967 1430 1011 1480 lll.
1024 1433 1106 1488 Quum
1122 1429 1198 1494 igitur
1211 1428 1300 1480 civitas
1321 1444 1335 1478 a
1351 1430 1522 1494 praestantiore
1536 1438 1605 1497 parte
1627 1434 1713 1486 luisset

934 1534 1045 1595 deserta,
1057 1536 1083 1585 ct
1097 1547 1194 1585 omnem
1212 1534 1351 1585 libertatem
1374 1536 1507 1594 amisisset,
1519 1538 1564 1601 qui
1578 1537 1643 1587 bello
1655 1540 1713 1589 steti

933 1635 1003 1687 abeo
1025 1636 1134 1696 lucrant,
1153 1634 1309 1685 occasionem
1331 1635 1523 1700 pulcherrimam
1544 1638 1589 1687 sibi
1607 1638 1712 1689 oblatam

934 1737 990 1798 rati,
1001 1740 1053 1787 tum
1067 1734 1237 1796 contumelias,
1251 1736 1341 1800 quibus
1352 1738 1436 1789 allecti
1450 1740 1558 1798 tuerent,
1571 1740 1712 1799 ulciscendi,

933 1842 987 1890 tum
1006 1838 1079 1888 etiem
1103 1851 1144 1888 res
1170 1839 1275 1889 amissas
1292 1839 1470 1903 recuperandi,
1487 1842 1555 1905 quod
1572 1843 1660 1893 civitas
1682 1843 1714 1894 ob

934 1953 1066 2006 pancorum
1077 1939 1231 1990 dominatum
1253 1938 1390 2003 laboraret,
1414 1954 1459 1991 nec
1471 1947 1558 1992 eontra
1575 1956 1602 1991 sc
1614 1945 1714 2007 conspi-

934 2059 998 2105 rare,
1013 2059 1058 2096 nec
1076 2058 1179 2095 concors
1195 2058 1258 2104 esse,
1271 2058 1316 2095 noc
1330 2042 1471 2108 reipublicae
1492 2044 1664 2108 gubernacula,
1684 2052 1714 2097 ot

937 2151 987 2211 ipsi
1006 2146 1152 2211 putabant,
1177 2147 1284 2210 amplius
1301 2147 1408 2209 recipere
1422 2148 1513 2209 posset,
1530 2146 1622 2209 paratis
1637 2150 1714 2202 rebus

933 2251 963 2301 ad
981 2252 1071 2301 bellum
1084 2251 1244 2312 necessariis,
1269 2251 1293 2299 in
1305 2263 1360 2299 eam
1379 2262 1437 2299 cum
1456 2250 1552 2314 magnis
1564 2251 1715 2303 exercitibus

933 2356 1039 2406 iverunt.
1062 2355 1095 2405 Et
1110 2353 1197 2404 eodem
1211 2356 1320 2417 tempore
1332 2351 1430 2413 sabini,
1442 2352 1578 2416 irruptione
1592 2351 1616 2401 in
1628 2366 1715 2417 agrum

933 2457 1112 2508 conterminum
1128 2457 1201 2509 lacta.
1222 2459 1244 2504 ct
1264 2453 1348 2517 praedu
1366 2453 1457 2516 ingenti
1479 2458 1564 2517 parta,
1578 2467 1714 2517 magnaque

933 2553 1001 2604 caede
1016 2554 1182 2603 multitudinis
1196 2558 1300 2618 agrestis
1314 2555 1395 2611 odila,
1412 2554 1444 2603 ad
1456 2556 1560 2603 Eretum
1575 2555 1657 2602 castra
1670 2565 1714 2615 po-

933 2651 1045 2698 suerunt.
1080 2650 1133 2698 iloc
1142 2651 1226 2698 autem
1234 2646 1353 2712 oppidum
1362 2645 1462 2696 aburbe
1471 2646 1532 2696 CXL
1541 2643 1713 2701 stadiadistat,

933 2765 1008 2815 prope
1035 2748 1125 2797 lluruen
1147 2747 1255 2797 Tiberim
1278 2747 1362 2796 situm.
1397 2745 1468 2808 knut
1492 2758 1559 2803 sero,
1585 2744 1610 2793 in
1629 2758 1714 2807 agrum

933 2846 1099 2896 Tusculanum
1115 2858 1161 2893 suo
1178 2843 1311 2892 finitimum
1334 2842 1468 2906 irruptione
1484 2842 1558 2901 lacta,
1577 2854 1713 2905 magnaque

932 2946 985 2996 eius
997 2947 1066 3008 prarte
1082 2945 1188 3001 vastata,
1209 2940 1241 2990 ad
1255 2939 1369 3004 Algidum
1391 2944 1472 2989 castra
1488 2945 1633 3003 posuerunt.
1663 2944 1713 2992 ne-

933 3042 1048 3102 cemviri,
1068 3039 1155 3091 audito
1175 3039 1285 3089 hostium
1303 3037 1427 3097 adventu,
1453 3037 1547 3087 turbati
1572 3037 1714 3089 sodalitates

931 3140 1098 3189 convocarunt
1114 3139 1138 3186 et
1158 3149 1214 3185 cum
1229 3134 1296 3199 ipsis.
1313 3134 1374 3198 quid
1399 3134 1538 3184 laciendum
1551 3137 1637 3193 esset,
1652 3147 1712 3183 ικιιι-

933 3234 1025 3286 sultare
1048 3238 1185 3298 coeperunt.
1221 3232 1342 3283 Omnibus
1362 3232 1436 3297 igitur
1450 3232 1558 3295 placuit,
1581 3232 1712 3283 exercitum
1776 3228 1779 3233 ’

932 3331 1075 3383 estraines
1089 3332 1147 3393 cort
1158 3332 1271 3381 uolitant
1284 3330 1398 3388 mittere,
1411 3342 1456 3380 uec
1472 3332 1616 3394 exspectare
1631 3330 1711 3380 donec

930 3428 1221 3492 bostiumcopiceurbem
1245 3427 1324 3491 ipsam
1345 3424 1499 3477 invaderent.
1534 3426 1582 3477 Sed
1599 3426 1711 3477 lrocditti·

933 3528 1038 3577 cultalcs
1063 3526 1134 3576 rante
1157 3540 1200 3575 eos
1215 3524 1375 3588 premebant,
1390 3524 1497 3587 primum
1518 3538 1548 3572 an
1567 3527 1713 3575 omnesllo-

932 3628 1007 3687 maui,
1025 3628 1100 3688 atquc
1112 3625 1174 3674 adeo
1195 3622 1246 3680 illi,
1261 3621 1304 3686 qui
1324 3623 1472 3684 presentem
1488 3621 1598 3670 civitatis
1621 3624 1712 3672 statum

934 3727 1052 3785 oderant,
1067 3722 1100 3772 ad
1116 3735 1184 3771 arma
1206 3722 1288 3769 esseut
1310 3718 1431 3767 vocandi:
1448 3718 1538 3770 deinde
1558 3718 1639 3781 qualis
1650 3720 1712 3770 mili·

936 3828 988 3873 tum
1008 3819 1156 3882 conscriptio
1171 3816 1282 3867 iacienda
1298 3818 1372 3875 csset,
1389 3818 1474 3864 utrum
1493 3816 1615 3879 superbus
1627 3831 1658 3868 ac
1670 3831 1711 3868 se-

934 3937 1016 3979 rerus,
1043 3919 1130 3984 quales
1149 3914 1196 3965 sub
1222 3913 1323 3978 regibus
1337 3916 1363 3963 et
1380 3912 1524 3962 consulibus
1542 3913 1628 3964 haberi
1646 3914 1711 3965 sole-

934 4019 1007 4079 bant,
1026 4032 1058 4069 au
1075 4017 1199 4066 humanus
1228 4016 1253 4063 et
1278 4011 1427 4061 moderatus.
1459 4009 1525 4060 lllud
1551 4024 1649 4075 quoque
1664 4026 1712 4063 non

934 4130 1009 4183 parra
1029 4111 1210 4166 consultatione
1229 4109 1331 4173 (liguum
1358 4107 1574 4172 possidebatur,
1598 4108 1712 4172 quisnam

934 4213 1026 4265 bellum
1048 4216 1074 4264 et
1087 4211 1192 4262 militum
1212 4194 1417 4272 conscriptionem
1433 4220 1466 4257 nc
1483 4206 1614 4257 detectum
1625 4206 1711 4258 decre·

933 4312 1005 4360 turus
1018 4310 1099 4368 esset,
1113 4308 1198 4354 utrum
1220 4305 1329 4361 cenatus,
1352 4315 1382 4350 an
1400 4299 1498 4363 plebeia
1511 4298 1659 4358 multitudo,
1682 4313 1712 4348 au

933 4420 992 4457 vero
1002 4406 1084 4456 neutri
1093 4405 1193 4471 quidem
1214 4402 1316 4460 borum,
1331 4400 1398 4464 qued
1416 4399 1514 4461 utrique
1527 4398 1587 4462 ipsis
1605 4398 1712 4461 suspecti

933 4507 1027 4564 osseum
1046 4506 1072 4554 at
1092 4502 1137 4566 ipsi
1155 4501 1291 4553 decemviri
1306 4513 1351 4548 suo
1367 4500 1468 4547 ‹lccreto
1483 4497 1538 4545 hacc
1559 4495 1605 4545 sibi
1620 4494 1712 4543 contir-

932 4606 1037 4654 marent.
1070 4601 1179 4653 Tandem
1199 4604 1281 4650 tamen
1306 4599 1363 4661 post
1386 4595 1484 4659 longam
1506 4592 1711 4643 consultationem

934 4704 1046 4751 senatum
1066 4712 1200 4748 convocare
1221 4697 1370 4751 statuerunt,
1397 4699 1422 4743 et
1443 4692 1502 4741 dare
1517 4704 1616 4754 opetum
1629 4687 1710 4736 utillo

933 4797 1026 4849 bellum
1042 4798 1187 4847 decerneret
1204 4797 1229 4842 ct
1243 4793 1406 4855 pernuttcret,
1426 4792 1453 4839 ut
1467 4787 1591 4838 exercitus
1603 4780 1710 4831 conscri-

933 4894 1041 4944 beretur.
1075 4895 1137 4940 Nam
1154 4889 1175 4936 si
1200 4889 1248 4937 lroc
1275 4890 1409 4950 utrumque
1432 4900 1447 4933 a
1468 4886 1554 4932 senatu
1583 4878 1710 4928 decretum

933 4994 1027 5049 luisset,
1038 4986 1210 5040 existimabunt
1222 4986 1328 5049 prirnum
1338 4983 1480 5034 omnesst'bi
1489 4978 1710 5041 obtemperaturos,

932 5088 1071 5156 pracsertim
1080 5084 1207 5136 tribunitia
1221 5085 1341 5146 potestate
1351 5080 1459 5139 sublata,
1477 5079 1518 5127 cui
1533 5077 1579 5127 soli
1593 5074 1711 5141 perleges

932 5185 1070 5252 principum
1092 5181 1220 5246 imperatis
1245 5177 1395 5228 intercedere
1427 5174 1545 5225 licebat:
1572 5171 1662 5224 deinde
1684 5187 1711 5223 se

936 5296 1052 5347 quoquc,
1081 5279 1125 5343 qui
1148 5277 1244 5329 senatui
1262 5275 1419 5333 inservirent,
1443 5273 1518 5335 atque
1541 5272 1597 5334 ejus
1609 5269 1710 5321 decreta
