3772 5828
650 379 941 454 ANTIQUITATUM
962 383 1110 447 ROMAN.
1134 388 1205 449 bru.
1228 389 1289 452 vll.

161 512 335 595 ἐγχειρήματι
346 514 438 593 θερμῷ
457 510 666 593 andrapensium
682 515 935 593 συναγωνιζόμενον,

160 606 261 680 δρῶντα
277 600 337 670 τούς
351 623 380 660 τι
394 598 550 681 πατρικίους
565 599 685 668 ἅπαντας
696 601 882 680 ἠρεθισμένους
893 605 937 663 καὶ

162 692 278 770 ἑτοίμους
293 691 388 763 ὄντας,
402 691 426 749 εί
436 690 556 761 κληθεῖεν
571 687 622 747 ὑπὸ
635 691 687 746 τῶν
703 687 830 763 ὑπάτων,
848 690 893 751 trrt
905 691 939 750 τθ

162 783 231 842 ὅπλα
247 783 362 862 χωρεῖν,
378 784 424 839 τοὺ
436 800 465 836 τι
488 777 574 854 δήμου
590 777 620 837 τθ
645 778 845 860 καρτερώτατον
861 778 940 861 με’ρος

163 870 293 938 ἐνδοιάζον
312 865 358 928 καί
372 868 419 926 οὑκ
431 868 576 946 ἀγαπητῶς
591 865 731 946 δεχόμενον
742 869 834 947 ἀνδρὸς
845 871 941 950 ἐπιφα-

162 958 289 1018 νεστάτου
304 961 356 1016 τῶν
369 958 395 1015 ἐν
408 960 440 1029 τῇ
456 956 531 1015 πολιι
543 956 689 1033 παράδοσιν
705 956 749 1015 ἐπί
764 957 879 1040 θανάτῳ,
895 959 940 1018 καί

162 1046 237 1105 ταῦτ’
251 1046 368 1126 ἀκρίτου.
414 1043 591 1104 Συνεύούλευε
608 1043 635 1102 δὲ
651 1046 724 1125 αὐτῷ
738 1045 797 1104 τότε
813 1045 859 1123 μίν
874 1038 940 1117 εἶξαι

162 1134 209 1193 καὶ
226 1135 264 1210 μή
279 1133 375 1214 χωρεῖν
391 1133 472 1209 θμόσε
484 1141 538 1198 τοῖς
552 1131 675 1205 ὑπάτοις,
690 1134 729 1206 μή
744 1158 770 1192 τι
786 1135 873 1211 μεῖζον
889 1158 939 1193 m.

164 1224 210 1284 τεὸν
230 1223 393 1303 ἐργάσηται,
412 1227 548 1299 προθεῖναι
572 1220 599 1279 δδ
619 1225 657 1300 τῷ
681 1221 755 1301 ἀνδρί
780 1225 865 1301 δίκην,
881 1223 939 1301 ὁρί-

163 1335 244 1373 σαντα
258 1312 352 1390 χρόνον
368 1310 428 1370 όσον
439 1308 472 1382 δή
486 1309 616 1384 τινα,καὶ
631 1312 717 1389 ψῆφον
737 1312 876 1370 ἀναδοῦναι
886 1320 939 1380 τοῖς

161 1400 280 1467 πολίταις
287 1400 353 1480 ὑπὲρ
368 1403 447 1460 αὑτοῦ
458 1399 527 1459 κατά
541 1399 632 1479 φυλάς·
647 1399 697 1457 ότι
712 1399 739 1459 δὲ
753 1399 784 1459 ἀν
794 1405 822 1461 αί
834 1401 940 1471 πλείους

160 1491 241 1633 χῆροι
263 1493 425 1571 καθαιρῶσι,
440 1492 515 1548 τοῦτο
530 1496 625 1549 ποιεῖν.
638 1489 801 1568 Τυραννικόν
817 1489 865 1566 μίν
885 1491 938 1572 γάρ

162 1599 230 1634 εναι
245 1575 290 1635 καὶ
308 1577 393 1655 βίαιον
399 1575 434 1650 ,θ
449 1581 495 1634 νῶν
514 1577 636 1657 ἐπειρᾶτο
652 1575 876 1655 διαπράττεσθαι,
894 1577 938 1637 τὸν

161 1666 237 1725 αὑτὸν
254 1665 382 1746 ὑπάρχειν
399 1664 444 1724 καί
459 1664 604 1746 κατήγορον
625 1665 670 1723 καί
687 1664 814 1737 δικαστήν
830 1664 938 1725 καὶτοῦ

164 1754 260 1835 με’τρου
282 1759 330 1826 τῆς
353 1754 479 1837 τιμωρίας
501 1756 598 1835 κύριον·
615 1753 749 1813 πολιτικὸν
765 1752 792 1811 δὲ
814 1752 844 1811 τδ
867 1751 936 1812 κατά

160 1845 254 1923 νόμους
271 1844 413 1921 ἀπολογίας
427 1843 540 1924 τυχόντα
554 1843 598 1903 τὸν
613 1841 750 1914 ὑπαίτιον,
766 1841 782 1899 8
795 1865 820 1899 τι
836 1839 868 1900 διν
883 1849 937 1911 τοῖς

161 1933 263 1992 πλείοσι
285 1934 420 1998 δικασταῖς
444 1931 525 2012 δόξῃ,
551 1937 629 1992 τοῦτο
650 1931 752 1990 παθεῖν.
812 1929 936 1991 Πείθεται

160 2020 258 2087 τούτοις
273 2026 287 2079 θ
306 2021 434 2088 Σικίννιος
451 2021 532 2099 μηδὲν
555 2024 622 2102 δρῶν
638 2021 773 2098 βούλευμα
797 2029 935 2099 κρεῖττον,

160 2108 205 2168 καὶ
230 2108 367 2189 παρελθὼν
392 2113 450 2192 ἕρη·
469 2137 481 2162 ιι
499 2112 524 2169 Τ
525 2107 557 2182 ὴν
582 2110 630 2186 μὲν
646 2110 763 2181 σπουδὴν
789 2111 866 2187 ὁρᾶτε
884 2112 935 2167 τῶν

106 2213 133 2251 20
162 2224 175 2251 ιι
192 2198 336 2279 πατρικίων
360 2197 407 2270 τήν
433 2201 469 2266 είς
494 2197 527 2256 τά
547 2197 642 2279 ρονικόι
665 2198 710 2256 καί
726 2196 800 2277 βίαια
815 2187 936 2278 ίργα,ῶ

162 2311 175 2338 ιι
193 2286 322 2361 δημόται,
338 2288 373 2352 ῶς
388 2287 443 2353 ἑνὸς
464 2285 557 2366 ἀνδρὸς
581 2285 708 2354 αύθάδους
728 2285 792 2358 ὅλην
812 2288 933 2346 ἀδικοῦν·

112 2433 115 2440 ,
161 2400 174 2425 ιι
191 2396 233 2440 τος
247 2373 294 2446 τὴν
309 2373 384 2432 πόλιν
396 2366 474 2446 ἦττον
486 2373 585 2432 τίθεται
599 2373 629 2432 τὸ
644 2376 743 2446 πλῆθος
754 2374 784 2433 τὸ
798 2372 932 2453 ὑμέτερον.

162 2487 174 2514 ιι
191 2465 233 2522 Ού
247 2461 297 2539 μὴν
313 2461 416 2539 θμοίους
439 2486 469 2541 γε
496 2462 583 2528 αὐτοῖς
607 2460 724 2540 γίνεσθαι
742 2461 795 2540 χρὴ
822 2460 867 2518 καὶ
893 2459 936 2518 ἐπὶ

162 2574 175 2602 ιι
203 2547 321 2630 κεφαλὴν
344 2550 481 2621 ὠθεῖσθαι,
496 2548 555 2609 ούτε
580 2548 708 2630 ἄρχοντας
729 2549 846 2625 πολέμου
876 2546 936 2609 ούτε

103 2660 132 2698 25
162 2663 176 2689 ιι
196 2635 389 2713 ἀμυνομένους·
419 2640 478 2697 ἀλλ’
517 2631 608 2710 ἐπειδὴ
646 2637 778 2720 πρόφασιν
816 2641 952 2718 εὐπρεπῆ.

162 2751 175 2777 ιι
193 2723 389 2804 προόάλλονταί
399 2748 465 2795 τινες
480 2725 525 2785 τθν
536 2717 662 2808 νόμον,ᾧ
685 2730 840 2806 βοηθοῦντες
859 2729 937 2807 ἀραι-

161 2840 175 2867 ιι
195 2817 300 2895 ροῦνται
316 2813 393 2873 αὑτὸν
410 2818 457 2887 τῆς
478 2813 622 2888 κολάσεως,
643 2814 670 2882 δς
696 2816 744 2873 οὑκ
765 2817 795 2894 ἐᾷ
810 2817 863 2873 τῶν
886 2837 935 2874 πο·

161 2929 174 2956 ιι
193 2904 273 2961 λιτῶν
290 2900 382 2960 οὐθένα
399 2903 553 2962 ἀποκτεῖναι
569 2902 693 2985 άκριτον,
719 2901 935 2984 συγχωρήσωμεν

161 2991 280 3058 ιαὺτοῖς
304 2987 335 3048 τθ
365 2987 465 3048 δίκαιον
495 2995 590 3063 τοῦτο,
620 2991 718 3072 καίπερ
743 2990 801 3050 οὐδὲ
833 2987 935 3066 νόμιμα

104 3098 131 3137 so
161 3106 173 3132 ιι
190 3077 338 3159 πάσχοντες
357 3077 415 3138 οὐδὲ
437 3077 526 3138 δίκαια
546 3079 590 3138 ὑπ’
604 3080 709 3154 αὐτῶν,
732 3078 776 3138 καί
800 3077 935 3155 δείξωμεν,

161 3193 173 3221 ιι
191 3166 231 3226 ὅτι
249 3168 301 3235 τοῖς
325 3165 473 3247 εὐγνώμοσι
496 3169 597 3244 μάλλον
617 3165 635 3240 ἢ
652 3168 704 3235 τοῖς
727 3167 821 3246 βιαίοις
838 3171 936 3248 περιεῖ-

161 3280 234 3314 ιναι
267 3258 318 3314 τῶν
347 3255 504 3316 ἀδικούντων
527 3263 598 3333 ἡμᾶς
630 3257 744 3316 πολιτῶν
774 3255 934 3337 βουλόμιθα.

161 3369 174 3397 n
192 3341 283 3420 Ὑμεῖς
297 3343 345 3422 μὲν
364 3335 407 3403 σ’ύν
425 3344 502 3405 ἄπιτε
518 3344 620 3405 καὶτὸν
637 3344 766 3422 με’λλοντα
781 3345 872 3424 καιρὸν
889 3345 936 3403 ἐκ·

162 3458 174 3485 ιι
192 3432 297 3512 δέχεσθε
313 3434 342 3491 οὑ
363 3431 445 3493 πολὺν
466 3433 598 3510 ἀσόμενον·
626 3433 702 3510 ἡμεῖς
721 3432 748 3492 δὲ
763 3455 936 3511 παρασκευα-

106 3538 133 3577 sn
163 3545 176 3573 ιι
194 3519 302 3594 σάμενοι
325 3517 359 3576 τά
383 3521 571 3599 κατεπείγοντα
595 3520 761 3603 προθήσομεν
782 3518 874 3600 χρόνον
897 3522 936 3600 τῷ

164 3632 177 3660 ιι
195 3607 268 3686 ἀνδρὶ
282 3609 317 3673 εἷς
331 3609 491 3685 ἀπολογίαν,
503 3610 548 3668 καὶ
557 3608 604 3681 τήν
617 3609 692 3683 δίκην
706 3610 745 3688 ἀφ’
761 3611 834 3684 ὑμῶν
849 3631 935 3666 συντε·

163 3721 176 3748 ιι
193 3694 313 3772 λε’σομεν.
356 3693 443 3757 Ὅταν
462 3695 488 3757 δὲ
511 3697 620 3777 γίνησθε
642 3702 690 3768 τῆς
704 3697 792 3780 ψήφου
807 3696 877 3756 κατθ
891 3696 934 3756 τόν

162 3807 176 3834 ιι
193 3779 271 3858 νόμον
294 3780 394 3858 κύριοι,
417 3783 548 3862 τιμήσατε
565 3787 636 3865 αὐτῷ
652 3777 684 3856 ἧς
702 3783 819 3853 ἀνάξιον
843 3783 935 3864 εὑρητι

162 3893 175 3920 ιι
195 3870 301 3946 ζημίας.
347 3870 400 3932 Καὶ
427 3871 487 3953 περὶ
505 3871 553 3944 μλν
565 3873 657 3933 τούτου
671 3878 797 3932 τοσαῦτα.
839 3874 896 3942 Τῆς
908 3869 936 3932 δθ

106 3984 132 4023 ιο
161 3982 174 4011 ιι
190 3963 236 4018 τοῦ
251 3957 323 4018 σίτου
337 3959 485 4038 διαθέσεως,
503 3958 547 4022 ίνα
566 3963 596 4021 ἐκ
611 3967 657 4022 τοὺ
674 3962 841 4022 δικαιοτάτου
853 3959 933 4040 γίνη-

162 4071 175 4098 ι
194 4070 256 4125 ται,
271 4049 293 4106 ιί
308 4048 345 4126 μή
360 4072 398 4116 τις
413 4048 487 4110 ἔσται
501 4049 602 4117 τούτοις
616 4054 709 4130 καῖε-’ᾔ
726 4051 807 4130 βουλῇ
825 4049 936 4130 φροντίς,

161 4160 174 4190 ιι
193 4137 443 4216 ἐπιμελησόμεθα.»
462 4140 547 4200 Ταῦτ’
564 4136 645 4198 εἰπὼν
664 4135 766 4198 διίλυσε
777 4138 824 4209 τὴν
840 4139 937 4212 ἔκκλη-

158 4247 227 4286 σιαν.

197 4315 344 4376 xxxvii.
367 4311 445 4374 Μιτά
461 4317 537 4373 τοῦτο
550 4315 574 4373 οί
596 4313 643 4390 μίν
662 4312 757 4375 ὑπατοι
769 4313 936 4394 συναγαγόν-

106 4425 130 4463 sn
157 4425 198 4468 τις
210 4402 256 4475 τὴν
273 4401 370 4482 βουλὴν
387 4401 514 4462 ίσκόπουν
530 4402 571 4482 ἐρ’
584 4403 713 4483 ἡσυχίας,
733 4403 772 4470 τίς
787 4402 819 4460 δν
835 4401 936 4482 γίνοιτο

158 4495 204 4562 τῆς
227 4490 362 4569 παρούσης
383 4497 502 4573 ταραχῆς
529 4491 612 4558 λύσις.
656 4493 711 4553 Καὶ
737 4490 822 4561 ἔδοξεν
846 4493 934 4559 αὑτοῖς

158 4583 261 4658 πρῶτον
286 4581 335 4656 μὲν
359 4583 572 4661 ἀποθεραπεῦσαι
595 4579 655 4648 τοὺς
684 4581 801 4658 δημότας
826 4578 936 4646 εὑόενους

159 4664 228 4724 πάνυ
242 4667 287 4725 καὶ
311 4669 453 4736 λυσιτελεῖς
475 4666 637 4740 ποιήσαντας
661 4669 749 4736 αὑτοῖς
763 4667 810 4733 τὰς
828 4665 934 4745 ἀγοράς·

159 4752 250 4811 ἔπειτα
264 4752 360 4812 πείθειν
378 4756 438 4823 τούς
461 4754 658 4837 προεστηκότας
683 4756 770 4814 αὐτῶν
785 4754 877 4834 χάριτι
886 4756 935 4824 τῆς

107 4866 130 4903 ιο
161 4841 257 4919 βουλῆς
276 4839 426 4902 παύσασθαι
449 4844 495 4906 καλ
518 4843 556 4924 μὴ
578 4844 706 4924 παράγειν
730 4842 773 4903 τὸν
799 4842 933 4921 Μάρκιον.

160 4932 193 4990 Ei
227 4929 254 4987 δὲ
285 4928 339 5004 μθ,
375 4933 411 5000 είς
441 4933 621 5014 μακροτάτους
642 4931 836 4991 ἀναύάλλεσθαι
866 4927 934 5009 χρό-

157 5042 231 5092 νους,
262 5018 310 5085 ἕως
340 5017 372 5077 θν
390 5028 556 5102 μαρανθῶσιν
583 5025 611 5082 αἱ
636 5025 688 5082 τῶν
713 5022 818 5080 πολλῶν
843 5015 929 5096 ὀργαί.

156 5109 182 5167 Τ
183 5112 249 5166 αὑτα
271 5108 451 5189 ψηφισάμενοι
467 5111 499 5169 τ“ο
519 5111 566 5189 μίν
581 5109 646 5189 ὑπὲρ
665 5114 712 5182 τῆς
733 5110 831 5186 ἀγορᾶς
846 5105 933 5181 δόγμα

156 5196 246 5265 είςτδν
263 5197 347 5278 δῆμον
369 5195 511 5279 ἐξήνεγκαν
517 5242 527 5274 ,
543 5198 590 5258 καὶ
611 5198 718 5258 πάντων
740 5192 934 5254 ἐπαινεσάντων

1713 401 1774 464 413

997 530 1074 592 utque
1088 529 1219 581 desisteret
1231 531 1263 582 ab
1276 531 1375 597 incepto
1391 530 1497 584 ferventi
1507 547 1536 583 ao
1554 534 1652 599 iniquo,
1663 553 1721 591 eum
1733 544 1774 593 ni-

996 618 1067 671 doret
1078 635 1164 673 omnes
1180 623 1297 687 patricios
1309 626 1431 687 irritatos,
1448 631 1474 676 et
1485 641 1571 678 omues
1587 636 1702 695 paratos,
1716 633 1737 683 si
1760 649 1775 685 a

996 714 1381 780 oonsulibusvonarentnr,erma
1393 733 1497 783 capere,
1516 722 1665 785 plebisrero
1684 727 1775 778 tirmIs-

996 799 1085 850 simam
1099 805 1193 864 partem
1209 805 1290 854 auimo
1305 804 1381 855 dnbio
1395 819 1465 868 esse,
1484 821 1530 858 nec
1544 809 1651 860 libenter
1664 814 1716 876 pati
1734 827 1776 864 no

995 892 1143 945 bilissimum
1161 896 1241 947 civem
1257 898 1289 948 ed
1308 899 1457 963 supplicium
1475 902 1544 966 rapi,
1558 902 1633 967 idque
1648 905 1776 956 indemna-
1836 884 1837 891 ί

995 990 1059 1038 turn.
1092 989 1178 1053 itaque
1193 991 1216 1041 ei
1228 972 1320 1052 suasit,
1339 996 1368 1043 nt
1382 997 1440 1044 tuuc
1461 995 1561 1058 quidem
1577 997 1696 1060 cederet,
1712 1013 1776 1051 nova

995 1091 1054 1128 cum
1063 1078 1205 1157 oonsulibus
1219 1083 1359 1144 pugnaret,
1379 1095 1410 1132 ne
1427 1082 1494 1145 quod
1510 1085 1611 1149 gravius
1623 1087 1716 1137 malurn
1730 1101 1773 1152 pa·

996 1173 1087 1233 tranet,
1112 1171 1157 1223 sed
1178 1172 1272 1222 bomini
1297 1172 1363 1224 diem
1390 1174 1500 1240 diceret,
1524 1183 1638 1244 tempora
1663 1181 1775 1244 quolibet

995 1268 1106 1326 statuto,
1126 1280 1177 1330 quo
1194 1267 1228 1318 nd
1249 1281 1362 1319 nnussnm
1383 1268 1513 1341 dicendam
1526 1275 1636 1332 reniret,
1656 1279 1680 1326 et
1699 1276 1730 1325 de
1745 1290 1775 1328 eo

995 1372 1063 1422 eires
1071 1370 1184 1420 tributim
1195 1371 1304 1422 mitteret
1315 1371 1340 1421 in
1355 1372 1486 1436 suffragia;
1502 1376 1569 1438 quod
1587 1390 1648 1426 vero
1661 1378 1774 1441 plurium

994 1469 1118 1534 suffragiis
1132 1473 1253 1521 statutum
1264 1474 1344 1531 esset,
1356 1470 1383 1522 id
1393 1471 1490 1522 faceret.
1525 1474 1688 1537 'tyrannicum
1708 1477 1776 1528 enim

993 1567 1019 1614 et
1026 1563 1160 1614 violentum
1170 1577 1224 1614 esse
1236 1562 1304 1627 qnod
1319 1576 1386 1613 nuno
1396 1563 1476 1614 faeere
1489 1569 1635 1627 conaretur3
1646 1581 1733 1633 nempe
1745 1572 1775 1621 ut

994 1658 1059 1710 idem
1079 1660 1105 1710 et
1123 1662 1252 1709 nonusntor
1277 1663 1303 1709 et
1328 1658 1403 1710 iudex
1428 1662 1455 1710 et
1476 1674 1552 1724 poeuas
1572 1661 1663 1712 arbiter
1682 1666 1748 1714 esset
1765 1682 1773 1714 τ

993 1754 1065 1806 civite
1083 1768 1142 1804 vero
1160 1768 1229 1815 esse,
1253 1758 1283 1804 ut
1298 1768 1369 1815 reus,
1391 1755 1500 1820 legitima
1528 1760 1593 1809 faeta
1613 1760 1635 1809 ei
1661 1758 1773 1812 dicenda

994 1863 1089 1901 caussas
1100 1852 1237 1913 potestate,
1252 1849 1319 1912 quod
1335 1849 1447 1913 pluribus
1464 1850 1586 1902 iudicibus
1602 1854 1683 1904 visum
1694 1859 1770 1915 esset,

994 1938 1019 1989 id
1032 1942 1165 2003 pateretur.
1199 1939 1242 1988 llis
1254 1938 1335 2001 paruit
1346 1938 1465 1999 Sicinius,
1479 1939 1572 1989 nullum
1591 1942 1680 1993 melius
1694 1946 1774 1995 consi·

995 2029 1055 2079 lium
1071 2028 1156 2078 videus
1166 2067 1172 2086 ‚
1184 2031 1211 2076 et
1222 2039 1368 2090 progressus
1384 2045 1391 2076 ι
1410 2046 1422 2069 ι
1437 2025 1533 2076 Videtis
1552 2028 1674 2090 (inquit),
1690 2030 1773 2088 Quiri·

996 2135 1009 2166 ι
1025 2121 1080 2178 tes,
1098 2117 1225 2177 studium,
1242 2129 1292 2179 quo
1315 2113 1414 2178 patricii
1437 2113 1468 2164 ad
1488 2113 1571 2164 caedes
1590 2116 1617 2164 et
1630 2114 1772 2166 violentiam

997 2206 1152 2262 «seruatum
1175 2202 1303 2266 siquidem,
1322 2215 1398 2251 unum
1418 2199 1543 2251 bominem
1566 2202 1774 2266 superbum‚qui

996 2292 1073 2343 «toti
1084 2290 1228 2355 reipublicae
1242 2290 1300 2340 fecit
1323 2288 1452 2348 iniurium,
1472 2287 1544 2338 vobis
1563 2288 1678 2338 omnibus
1700 2290 1770 2339 nute-

996 2387 1124 2446 «ponunt.
1147 2358 1195 2430 Sed
1215 2383 1298 2430 tamen
1319 2392 1367 2428 non
1388 2377 1460 2428 decet
1483 2392 1528 2428 nos
1549 2391 1603 2428 osse
1625 2391 1710 2428 eorum
1734 2378 1770 2430 si·

996 2487 1008 2517 ιι
1025 2470 1109 2531 mites,
1130 2473 1155 2520 et
1167 2473 1211 2520 aut
1226 2469 1320 2520 betium
1340 2470 1473 2520 inferentes
1489 2471 1535 2518 ant
1552 2468 1648 2519 ittatum
1670 2469 1770 2534 propul·

995 2580 1007 2603 ιι
1025 2562 1122 2620 santos,
1136 2558 1160 2608 in
1174 2563 1284 2608 nostram
1297 2557 1431 2622 perniciem
1454 2570 1526 2607 ruere
1542 2557 1693 2621 praecipites.
1726 2558 1773 2609 Sed

995 2669 1007 2692 ιι
1024 2648 1142 2713 qnoniam
1171 2647 1281 2698 nonnulli
1304 2661 1406 2698 oausam
1438 2646 1575 2710 speciosam
1600 2646 1771 2710 praetendunt,

995 2737 1117 2786 «seilicet
1130 2735 1222 2798 legem,
1245 2735 1317 2785 ouius
1338 2734 1430 2785 auritio
1452 2738 1556 2784 sontem
1581 2734 1703 2798 supplicio
1722 2735 1773 2786 eri·

996 2839 1008 2869 ι
1021 2822 1105 2886 piunt,
1117 2822 1185 2885 quod
1201 2836 1231 2872 ea
1242 2822 1338 2872 nultum
1352 2822 1433 2871 civem
1446 2823 1584 2871 Romanum
1603 2821 1772 2874 indemnatum

996 2928 1008 2959 ιι
1025 2909 1105 2961 occidi
1119 2909 1199 2971 sinat,
1214 2910 1263 2962 boc
1276 2910 1316 2961 ius
1331 2911 1380 2963 inis
1393 2911 1575 2974 concedamus,
1591 2912 1706 2976 quamvis
1724 2912 1773 2978 ipsi

996 2999 1150 3050 «nobiscum
1173 3013 1253 3064 neque
1277 2999 1373 3065 tegibus
1390 3015 1470 3066 neque
1484 3001 1538 3052 iure
1555 3004 1636 3064 agant.
1679 3005 1710 3051 Et
1722 3015 1766 3053 os-

996 3106 1008 3137 ιι
1021 3089 1167 3150 tendamus,
1180 3103 1226 3139 nos
1237 3090 1311 3140 mette
1323 3091 1406 3152 ciros,
1420 3091 1537 3155 aquibus
1551 3090 1638 3141 iniuria
1652 3091 1773 3143 afficimur

996 3198 1008 3222 ιι
1022 3177 1133 3239 ratione,
1146 3192 1223 3242 quam
1234 3177 1364 3239 violentia,
1378 3192 1503 3242 superare.
1536 3182 1588 3228 Vos
1602 3177 1675 3242 igitur
1688 3179 1771 3239 abite,

997 3289 1009 3312 ι
1026 3272 1052 3318 et
1065 3271 1180 3331 tempus,
1193 3267 1261 3331 quod
1277 3267 1346 3318 brevi
1360 3268 1449 3330 atterit,
1463 3270 1612 3329 exspectate.
1646 3270 1697 3317 Nos
1712 3281 1773 3318 nero

995 3357 1124 3408 «iuterim
1144 3369 1185 3407 res
1203 3360 1318 3418 urgentes
1337 3357 1493 3414 curabimus,
1511 3356 1700 3420 praestitutoque
1715 3355 1773 3406 huie

996 3445 1076 3494 «viro
1097 3444 1127 3494 ad
1146 3458 1241 3495 nausson
1256 3444 1391 3495 dictionem
1417 3446 1546 3507 tempore,
1570 3442 1689 3493 iudicium
1701 3442 1772 3494 robis

997 3534 1220 3594 noommittemus,
1239 3537 1267 3583 ut
1288 3534 1335 3598 ipsi
1356 3533 1403 3584 bno
1415 3533 1447 3584 de
1466 3547 1493 3584 re
1512 3533 1659 3583 sententiam
1678 3532 1770 3584 feratis.

995 3639 1008 3669 ι
1021 3621 1068 3671 Ubi
1083 3635 1142 3672 τετυ
1157 3633 1190 3672 ex
1201 3620 1254 3686 lego
1271 3621 1295 3670 in
1309 3621 1427 3683 suffragia
1444 3620 1512 3671 missi
1527 3633 1601 3684 penes
1614 3634 1659 3670 ros
1672 3632 1702 3670 ea
1724 3619 1770 3670 ba·

996 3708 1143 3769 nbneritis,
1163 3710 1224 3759 tuno
1250 3706 1286 3757 illi
1309 3706 1447 3768 mutatum,
1471 3720 1520 3770 qun
1542 3720 1598 3757 eum
1608 3708 1773 3772 dgnumesse

996 3816 1008 3846 ι
1025 3797 1188 3863 comperietis,
1212 3797 1325 3861 irrogata.
1343 3800 1424 3860 arque
1443 3797 1498 3847 haec
1518 3795 1620 3861 quidem
1642 3795 1771 3847 haetenus.

995 3906 1008 3937 ιι
1023 3890 1097 3949 Quod
1113 3892 1196 3941 autem
1210 3888 1300 3939 attinet
1318 3887 1348 3937 ad
1367 3886 1483 3937 frumenti
1494 3884 1661 3936 venditionem
1676 3887 1704 3936 ot
1718 3883 1772 3934 dis·

996 3978 1202 4045 «pensationem,
1225 3981 1254 4027 nt
1275 3990 1304 4028 en
1327 3988 1404 4040 quarn
1428 3975 1563 4026 iustissimo
1588 3974 1641 4034 frat,
1655 3973 1703 4024 uisi
1725 3973 1773 4024 boc

997 4089 1009 4118 ι
1023 4068 1166 4121 oonsulibus
1180 4065 1327 4130 senatuique
1341 4078 1409 4116 curm
1426 4063 1515 4120 fuerit,
1535 4077 1580 4114 nos
1594 4063 1642 4128 ipsi
1661 4062 1722 4114 buia
1736 4063 1774 4114 rei

996 4176 1009 4206 ιι
1025 4155 1216 4223 providebimus.
1233 4153 1429 4205 oflaenloeutus
1439 4151 1581 4202 concionem
1597 4148 1699 4201 dimisit.

1024 4320 1145 4370 xxxvn.
1161 4316 1287 4370 Posthac
1299 4314 1422 4374 eonsules,
1434 4316 1521 4364 coneto
1532 4314 1630 4373 senatu,
1638 4323 1683 4374 per
1691 4310 1772 4359 otium

993 4415 1177 4473 oonsultabant,
1195 4424 1302 4476 quanam
1319 4410 1415 4460 ratione
1426 4420 1536 4472 praesens
1554 4404 1679 4455 tumuitus
1690 4400 1772 4451 sedari

991 4516 1084 4578 posset.
1116 4513 1147 4561 Et
1159 4507 1251 4574 placuit
1259 4507 1320 4571 ipsis
1332 4506 1440 4570 primurn
1450 4501 1552 4565 quidem
1569 4512 1656 4562 magua
1666 4510 1771 4548 annonas

991 4613 1062 4678 eopia
1082 4608 1204 4676 pretiique
1222 4607 1319 4657 vilitate
1339 4602 1438 4667 piebem
1459 4599 1578 4656 definire;
1602 4594 1692 4646 deinde
1710 4608 1771 4645 vero

991 4710 1045 4762 eius
1059 4706 1244 4772 magistratibus
1257 4700 1421 4768 persuadere,
1442 4701 1471 4749 ut
1489 4697 1514 4748 in
1535 4694 1636 4746 senatus
1664 4691 1771 4756 gratiam

990 4811 1097 4875 aeoepto
1107 4805 1270 4865 desisterent,
1287 4813 1349 4852 neve
1364 4796 1485 4849 Marcium
1497 4798 1525 4844 tn
1544 4791 1678 4842 tedisium
1690 4784 1769 4835 nddn·

989 4908 1081 4963 nerent.
1115 4899 1223 4962 Quodsi
1235 4898 1283 4949 boo
1295 4897 1346 4948 illis
1358 4893 1508 4960 persuadere
1523 4900 1571 4937 non
1586 4883 1702 4948 possent,
1719 4879 1769 4930 sal·

989 5008 1040 5056 tern
1052 5001 1079 5050 in
1091 5012 1166 5063 quam
1176 4995 1344 5060 longissimum
1357 4995 1457 5052 tempus
1469 4997 1522 5035 rem
1535 4977 1672 5036 differrent,
1689 4974 1768 5027 donee

989 5100 1027 5150 ira
1039 5097 1107 5162 vulgi
1116 5094 1288 5146 deferbuisset.
1299 5089 1344 5140 His
1359 5083 1465 5134 decretis
1478 5072 1722 5128 senatusconsultum
1735 5071 1767 5122 de

990 5205 1086 5246 οοοοιιε
1098 5190 1299 5257 promulgarunt,
1313 5188 1339 5236 et
1348 5178 1463 5233 omnibus
1478 5175 1563 5226 ratum
1574 5170 1693 5221 fecerunt.
1709 5170 1768 5219 Erat
