3772 5828
613 333 908 410 ANTIQUITATUM
929 335 1077 399 boman.
1104 338 1175 398 tib.
1200 339 1263 400 VII.
1666 346 1721 405 lut

116 469 320 554 ἀποραίνεσθαι,
334 469 435 547 πρῶτον
449 464 497 542 μίν
511 466 535 524 οί
551 463 730 543 πρεσύύτατοι
744 471 797 526 τῶν
814 468 888 526 ὐπα-

114 564 192 620 τυεῗιν
207 556 366 634 καλούμενοι
381 554 449 614 κατδι
462 553 508 613 τδν
524 555 635 615 εἰωθότα
656 554 756 630 κόσμον
771 555 822 615 bel
835 558 888 614 τῶν

115 650 219 709 ὑπάτων
257 644 411 704 ἀνίσταντο·
425 642 517 702 ίπειτα
541 645 565 703 οί
584 642 683 703 τούτων
704 642 889 724 ὑποδεέστεροι

114 740 172 799 κατ’
186 737 267 817 άμρω
284 737 383 793 ταῦτα·
398 733 544 791 τελευταῖοι
561 729 588 791 δέ
604 733 627 789 ol
644 729 788 805 νεώτατοι,
812 731 888 810 λόγον

74 857 88 893 ι
115 826 161 904 μίν
175 825 268 885 οὐδένα
285 820 414 902 λέγοντας·
440 820 478 879 ἔτι
501 818 553 899 γδιρ
578 810 610 892 ἦν
625 819 660 878 δι’
676 818 804 898 αἰσχύνης
830 820 889 881 τότε

114 913 260 993 Ῥωμαίοις
273 916 363 982 τοῦτο,
377 909 423 969 καὶ
440 909 495 978 νέος
509 908 592 976 οὐδεὶς
607 907 682 981 ἠξίου
699 908 792 968 ἑαυτθν
804 910 891 992 σορόν·

115 1027 189 1083 τερον
204 992 271 1061 εἶναι
284 996 442 1078 πρεσόύτον·
460 998 641 1075 ίπικυρούντες
660 995 689 1055 δέ
707 996 755 1064 τδς
770 997 891 1074 κειμένας

116 1092 167 1150 ὐπὸ
177 1094 229 1150 τῶν
243 1091 377 1147 ὑπατικῶν
391 1085 507 1163 γνώμας.
543 1081 644 1144 ΙἍπασι
660 1085 688 1144 δί
701 1085 891 1166 προσετάττετο

116 1184 239 1259 παριοῦσι
251 1178 371 1257 καθάπερ
385 1179 411 1235 ἐν
430 1172 593 1254 δικαστηρίοιν
605 1178 664 1251 μεθ’
682 1173 762 1253 όρκου
776 1174 824 1247 τὴν
840 1177 892 1257 ψῆ·

63 1295 89 1335 ιο
116 1292 162 1351 ρον
175 1269 315 1348 ἐπιφέρειν.
359 1262 474 1331 Ἄππιος
491 1262 539 1340 μὲν
553 1287 597 1323 ουν
620 1262 766 1333 Κλαύδιος,
782 1261 848 1344 ὑπὲρ
862 1253 892 1322 οὐ

114 1357 160 1418 καί
182 1358 308 1438 πρότερον
326 1357 406 1436 ἔρην,
429 1352 469 1412 δτι
488 1351 698 1430 μισοδημότατος
723 1342 754 1424 ἥν
771 1356 823 1411 τῶν
841 1376 892 1411 πα-

114 1447 219 1526 τρικίων
231 1444 277 1503 καλ
297 1443 421 1503 οὐδέποτε
441 1439 499 1507 ταῖς
518 1440 582 1519 πρός
597 1437 626 1498 ιδ
641 1437 784 1516 δημοτικόν
807 1439 891 1520 ἠρέσ-

114 1558 175 1594 κετο
189 1533 358 1610 διαλλαγαῖς,
376 1530 424 1588 οὐκ
445 1527 488 1587 εία
502 1526 623 1608 γενέσθαι
642 1526 672 1585 τδ
688 1527 890 1607 προδούλευμα,

114 1622 239 1688 τοιούτοις
252 1617 389 1701 χρώμενος
404 1615 500 1694 λόγοις.

63 1740 87 1777 ιε
155 1711 281 1771 XtVlll.
293 1736 305 1763 ιι
317 1703 483 1782 Ἐύουλόμην
495 1701 567 1782 [μέν]
576 1700 608 1762 δν
620 1703 703 1782 ἔγωγε
712 1702 757 1762 καί
765 1704 891 1771 τοῖςθτοῖς

117 1828 130 1854 ιι
147 1798 268 1874 ηὐξάμην
290 1792 437 1867 πολλάκις,
454 1791 567 1871 ίμαυτθν
598 1791 646 1869 μέν
668 1792 796 1873 ἁμαρτεῖν
818 1792 890 1871 γνόν-

118 1917 130 1941 ι
149 1910 216 1964 μης,
237 1886 269 1945 ἣν
289 1875 360 1965 εἶχον
381 1881 447 1963 ὐπδρ
470 1884 523 1941 τῶν
543 1880 607 1962 πρδς
627 1880 671 1940 τδν
692 1882 775 1958 δῆμον
795 1881 890 1943 διαλύ-

118 2003 131 2028 ιι
150 1999 232 2047 σεων,
251 1973 310 2032 οὐτε
322 1973 406 2044 καλὴν
428 1971 475 2031 καλ
495 1969 599 2030 δικαίαν
621 1968 680 2030 οὐτε
706 1969 890 2051 σνμρέρουσαν

118 2092 131 2118 ιι
150 2068 212 2139 ἡμῖν
227 2059 421 2138 ύπολαμύάνων
437 2059 541 2120 ίσεσθαι
556 2056 604 2131 τὴν
619 2061 671 2118 τῶν
697 2059 820 2139 φυγάδων
841 2060 891 2118 κά-

117 2177 130 2204 ιι
148 2152 229 2210 θοδον·
244 2152 288 2210 καὶ
303 2148 347 2209 διδι
357 2149 465 2221 παντὸς,
477 2149 568 2215 ὁσάκις
582 2148 643 2227 πιρῖ
656 2146 747 2206 τούτου
760 2147 888 2227 προετέθη

60 2251 65 2260 “
116 2267 129 2292 ιι
152 2248 275 2312 σκοπεῖν,
290 2237 393 2318 πρῶτός
410 2262 438 2297 τε
456 2242 509 2297 τῶν
531 2237 619 2295 ἄλλων
634 2235 680 2294 καλ
694 2238 821 2295 τελευτῶν
837 2236 889 2314 μό-

116 2358 128 2382 ιι
146 2352 205 2400 νος,
233 2327 323 2399 ἐπειδὴ
349 2328 373 2386 οί
398 2324 486 2386 λοιποὶ
507 2325 677 2397 ἀπέστησαν,
702 2322 888 2400 ἠναντιούμην·

115 2447 128 2470 ιι
146 2422 214 2495 ὑμᾶς
238 2416 275 2489 δέ,
297 2407 319 2475 εὐ
345 2413 444 2495 βουλὴ,
469 2411 528 2479 τούς
545 2411 636 2471 ἔπλτδι
650 2412 762 2492 κρείττω
776 2412 825 2484 τὴν
846 2413 889 2471 ll·

116 2533 129 2557 ιι
147 2507 211 2562 πίύα
232 2502 419 2578 λαμόάνοντας
439 2503 485 2560 καὶ
509 2501 596 2561 πάντα
611 2503 649 2580 τῷ
664 2499 741 2576 δήμῳ
757 2498 847 2559 δίκαιά
861 2522 889 2559 τε

117 2619 129 2643 ιι
148 2591 193 2649 καὶ
210 2591 289 2649 άδικα
312 2588 453 2670 προθύμως
476 2587 681 2670 χαριζομένους,
700 2587 806 2665 ἄμεινον
825 2589 890 2665 δμού

118 2709 130 2733 ιι
149 2678 220 2748 δόξαν
236 2685 348 2760 ρρονεῖν·
366 2678 457 2750 ἐπειδὴ
471 2679 499 2737 dl
517 2680 567 2759 οὐχ
580 2680 616 2746 b<
630 2676 776 2753 ίύουλόμην
791 2699 820 2737 τε
844 2674 890 2735 καί

117 2797 130 2822 ιι
148 2776 202 2835 τοῖς
216 2767 282 2834 θεοῖς
294 2766 417 2846 ηὐχόμην
440 2768 473 2827 ri
487 2768 635 2849 πράγματα
653 2769 713 2844 ύμῖν
728 2763 889 2846 κεχώρηκεν,

118 2885 130 2907 ιι
152 2854 214 2916 ἀλλ’
239 2859 274 2922 ύις
300 2855 406 2935 ᾠόμην,
431 2856 476 2915 καλ
502 2853 705 2936 περιεστήκασιν
736 2857 764 2913 αί
784 2852 890 2934 χάριτες

118 2974 130 3000 ιι
149 2949 209 3024 ὑμῖν
230 2945 266 3012 ιίς
287 2943 393 3025 ρθόνους
412 2944 458 3004 καί
477 2944 562 3021 μίση,
577 2943 607 3004 τθ
628 2943 675 3020 μέν
699 2947 822 3018 όπιτιμᾶν
838 2949 891 3008 τοῖς

62 3074 66 3101 :
118 3063 131 3088 ιι
148 3032 346 3115 ἡμαρτημένοις
360 3033 424 3109 ἡμῖν
445 3032 490 3092 καί
507 3035 599 3092 λυπεῖν
616 3034 685 3108 lpse
706 3030 749 3091 διδ
768 3029 891 3108 κενῆς’,δ

119 3151 131 3175 ιι
151 3120 244 3204 ῥᾷστόν
264 3124 320 3180 ἐστι
344 3119 391 3179 καί
404 3127 486 3179 πᾶσιν
505 3122 541 3187 ὡς
553 3119 588 3178 τά
606 3117 694 3178 πολλά
708 3124 792 3177 ποιεῖν
806 3116 890 3188 σύνη-

120 3240 132 3264 ιι
149 3217 206 3285 θες,
231 3211 278 3270 οὐκ
300 3211 326 3267 ἐν
350 3211 434 3289 καιρῷ
457 3207 513 3268 νυνί
535 3207 708 3287 γενησόμενον
724 3209 791 3287 δρῶν
807 3204 888 3264 δάσω.

120 3327 132 3351 ι
151 3299 198 3368 Ἐξ
221 3291 258 3358 ιδν
284 3299 311 3357 δέ
335 3299 369 3358 τά
392 3321 420 3356 τε
443 3297 608 3379 παρελθόντα
636 3293 888 3375 ἐπανορθωσόμεθα,

120 3416 132 3441 ιι
149 3388 198 3448 ὅσα
214 3388 252 3464 μθ,
267 3387 434 3446 παντάπασιν
460 3386 572 3453 ἀνιάτως
596 3387 666 3467 ἔχει,
687 3384 733 3443 καί
757 3381 817 3462 περί
839 3385 891 3440 τῶν

61 3535 68 3547 ,
120 3503 132 3528 ιι
150 3476 285 3555 παρόντων
301 3473 408 3551 ἄμεινον
432 3474 608 3555 φρονήσομεν,
630 3480 714 3533 ταῦτα
729 3469 892 3547 πειράσομαι

121 3591 133 3615 ιι
152 3564 249 3640 λέγειν.
267 3563 362 3622 Καίτοι
381 3585 413 3636 με
437 3565 467 3622 οὐ
484 3564 609 3638 λέληθεν,
626 3561 665 3621 ότι
682 3561 822 3639 μαίνεσθαι
847 3558 892 3617 καλ

122 3678 134 3702 ιι
152 3655 265 3709 θανατᾶν
282 3649 347 3719 δόξω
368 3651 434 3710 τισίν
459 3653 552 3730 ὐμῶν,
579 3648 688 3728 γνόιμην
711 3647 770 3728 περὶ
794 3644 892 3704 τούτων

122 3767 134 3791 ιι
152 3737 287 3817 ίλευθίραν
310 3734 532 3817 ἀποφαινόμενος,
555 3738 763 3814 ίνθυμουμένοις,
790 3732 893 3804 ἡλίκους

121 3855 134 3879 ι.
152 3824 207 3906 ἔχει
230 3825 361 3893 κινδύνους
376 3827 390 3883 δ
408 3828 475 3903 μιτδ
489 3826 638 3907 παρρησίας
660 3825 752 3904 λόγος,
777 3824 821 3883 καὶ
847 3824 893 3891 τδς

121 3914 273 3995 «Μαρκίου
288 3913 441 3996 συμρορδις,
466 3915 494 3984 δς
515 3917 545 3975 οὐ
561 3916 593 3974 δι’
614 3915 700 3995 ἕτερόν
720 3937 746 3973 τι
768 3914 824 3974 νυνὶ
850 3913 893 3972 τθν

121 4032 134 4056 ιι
152 4003 217 4083 ὑπὲρ
230 4009 277 4075 τῆς
289 4007 376 4085 ψυχῆς
390 4007 480 4083 άγῶνα
493 4003 599 4085 τρέχει,
616 4003 800 4081 λογιζομένοις.
823 4000 892 4063 Ἀλλ’

122 4121 133 4145 ιι
152 4094 199 4152 οὐκ
212 4092 302 4151 οἴομαι
317 4094 369 4151 δεῖν
390 4096 437 4164 τῆς
452 4091 519 4160 ἰδίας
536 4093 679 4173 ἀσφαλείας
690 4091 774 4152 πλείω
789 4093 891 4151 ποιεῖσ-

121 4211 134 4236 ιι
153 4187 196 4241 θαι
218 4180 342 4260 πρόνοιαν
371 4181 389 4255 ἢ
413 4185 460 4254 τῆς
482 4186 570 4253 κοινῆς
590 4181 727 4263 ὡρελείας.
783 4180 894 4240 Δέδοται

120 4298 133 4325 ιι
152 4269 203 4350 γδρ
216 4270 269 4343 ἤδη
286 4271 338 4338 τοῖς
356 4269 423 4350 ύπδρ
446 4272 520 4346 ὐμῶν
535 4269 663 4336 κινδύνοις
684 4269 714 4328 τὸ
738 4271 817 4346 σῶμα
830 4270 892 4328 τού-

121 4387 134 4413 ιι
152 4360 216 4435 μθν,
232 4349 254 4418 ιύ
277 4358 374 4438 βουλὴ,
391 4358 437 4418 καλ
452 4356 621 4418 καθωσίωται
635 4358 687 4427 τοῖς
702 4357 767 4437 ὐπδρ
779 4361 826 4430 τῆς
841 4356 893 4416 πό-

122 4475 135 4501 ιι
151 4449 216 4515 λεως
238 4450 353 4525 ἀγῶσιν,
381 4447 450 4506 ὥστε
478 4445 495 4505 δ
518 4470 545 4506 τι
570 4445 602 4504 θν
628 4448 666 4528 τῷ
691 4445 795 4522 δαίμονι
820 4446 894 4524 δοκῇ,

123 4562 135 4586 ι
153 4536 220 4612 μιτδι
240 4536 346 4595 πάντων
363 4558 390 4594 τι
409 4535 456 4594 καλ
480 4534 527 4595 σύν
552 4535 664 4613 ὐλίγοις,
687 4536 710 4593 εἰ
733 4534 762 4594 δὲ
774 4534 894 4612 ἀνάγκη,

124 4648 136 4672 ιι
153 4623 198 4680 καὶ
211 4622 288 4699 μόνος
307 4626 416 4703 εὐγινῶς
431 4623 568 4702 πείσομαι.
605 4620 681 4692 Ἕως
694 4623 717 4681 δ’
732 4622 762 4681 ἂν
777 4623 832 4702 έχω
846 4620 895 4696 τὴν

124 4734 137 4760 ιι
155 4711 255 4788 ψυχὴν,
277 4713 359 4781 οὐδείς
384 4737 418 4790 μι
444 4712 527 4795 ίρίξιι
543 4710 622 4794 ρόύος
642 4713 680 4790 μὴ
704 4712 786 4792 οὐχθ
811 4716 896 4792 ρρονῶ

123 4823 136 4848 ιι
153 4795 248 4870 λέγειν.

160 4886 258 4946 litlx.
280 4892 418 4972 «Πρῶτον
437 4892 485 4969 μίν
507 4898 583 4952 τοῦτο
602 4894 670 4969 ὐμθς
684 4890 737 4963 ἤδη
753 4888 817 4950 nort
832 4888 896 4958 άξιῶ

122 5001 135 5027 “
154 4974 267 5055 βεῧαίιιις
287 4983 401 5057 μαθεῖν,
414 4979 454 5039 ὅτι
469 4981 587 5059 δυσμενῆ
611 4981 656 5039 καί
679 4980 805 5055 πολέμιον
821 4977 896 5059 ἔχετε

123 5090 135 5116 ιι
151 5068 185 5144 τῇ
199 5064 357 5146 καθεστώσῃ
379 5068 500 5150 πολιτεία
521 5070 565 5130 τὸν
580 5067 725 5146 δημοτικὸν
741 5067 836 5147 όχλον,
850 5064 896 5125 καὶ

121 5178 137 5204 ιι
157 5154 244 5216 πάντα
257 5155 306 5215 όσα
321 5157 525 5232 μαλακισθέντες
537 5160 607 5238 αὐτῷ
622 5157 825 5238 συνεχωρήσατε
839 5154 894 5234 μά·

945 478 1028 527 essent
1042 476 1161 534 dicendae.
1180 477 1252 541 primi
1267 476 1366 541 quidem
1381 477 1522 527 consulares
1544 479 1605 539 viri,
1626 482 1725 534 maiimi

945 565 1040 628 quique
1055 567 1129 626 natu,
1142 566 1173 615 de
1184 579 1253 616 more
1265 580 1280 616 a
1290 565 1432 616 consulibus
1443 565 1525 616 vocati
1544 573 1706 621 surrexerunt
1718 592 1724 621 ι

945 650 1034 701 deiude
1046 665 1107 702 vero
1116 650 1169 712 illi,
1185 652 1227 715 qui
1240 651 1280 701 his
1292 654 1399 715 utruque
1413 652 1438 701 in
1457 664 1484 701 re
1498 651 1627 703 inferiores
1640 661 1726 716 erant,

946 752 975 789 ac
997 739 1112 804 postremi
1133 739 1256 804 iuniores,
1282 740 1325 803 qul
1347 741 1414 790 nulla
1431 739 1532 804 quidem
1554 743 1631 793 verba
1655 744 1728 796 lacie-

945 826 1004 877 bant
1029 826 1127 890 (adhuc
1150 827 1214 877 euim
1231 832 1291 879 tunc
1310 828 1375 891 apud
1397 832 1520 880 Romanos
1534 828 1676 882 indecomm
1702 833 1727 882 id

945 913 1089 977 habebatur,
1106 917 1131 963 et
1143 913 1225 964 nullus
1237 913 1333 963 iuvenis
1351 928 1377 964 se
1392 916 1564 980 sapientiorem
1580 917 1679 969 homine
1692 932 1729 970 oe-

946 1001 1013 1052 niore
1025 1000 1256 1069 existimabat),sed
1276 1003 1439 1054 senteutiasa
1460 1005 1630 1056 consularibus
1647 1008 1728 1058 dictas

947 1090 1131 1141 confirmabant.
1167 1090 1371 1151 omnibusvero,
1386 1093 1431 1156 qul
1450 1093 1562 1157 aderant,
1580 1095 1726 1160 imperatum

947 1178 1042 1239 tuerat,
1055 1184 1084 1230 ut
1099 1194 1148 1230 non
1169 1193 1254 1241 meus,
1277 1194 1305 1230 nc
1327 1181 1472 1243 iamdicto,
1488 1184 1563 1235 iurati
1581 1186 1726 1237 seutentlam

949 1268 1049 1318 terrent.
1085 1267 1177 1334 Appius
1188 1269 1262 1333 igitur
1274 1270 1405 1331 Claudius,
1422 1286 1498 1336 quem
1518 1277 1543 1323 et
1557 1277 1614 1325 ente
1632 1275 1685 1324 dixi
1696 1288 1727 1326 ex

946 1355 1062 1406 omnibus
1076 1355 1184 1419 patriciis
1196 1356 1261 1420 plebi
1274 1355 1466 1410 infensissimum
1480 1375 1547 1421 esso,
1560 1375 1605 1412 noc
1618 1376 1728 1426 uuquam

946 1444 1013 1508 pacis
1027 1445 1177 1496 conditiones
1199 1445 1264 1508 plebi
1279 1458 1407 1497 concessae
1430 1449 1585 1512 approbasse,
1613 1454 1727 1501 senatus·

946 1532 1085 1583 consultum
1097 1532 1150 1583 lieri
1161 1547 1210 1584 nou
1222 1532 1331 1594 sinebat,
1348 1534 1395 1584 hac
1405 1534 1515 1586 oratione
1532 1549 1601 1586 usus.

979 1700 1088 1750 xbvllt.
1109 1699 1225 1749 «vellem
1235 1699 1350 1764 equidem
1374 1701 1417 1764 (id
1426 1702 1494 1766 quod
1509 1717 1575 1768 saepe
1592 1704 1728 1768 precibusa

949 1810 961 1834 ι
977 1790 1025 1839 diis
1044 1790 1118 1855 petil)
1147 1794 1175 1840 ut
1198 1805 1237 1841 me
1254 1805 1309 1842 mea
1340 1792 1466 1844 fefellisset
1493 1795 1587 1858 opinio,
1604 1809 1680 1859 quam
1697 1794 1728 1845 de

947 1902 961 1928 ιι
975 1897 1036 1948 pace
1048 1899 1104 1934 cum
1122 1883 1192 1948 plebe
1212 1886 1274 1935 lacta
1294 1885 1431 1942 habebam.
1447 1902 1564 1950 censens,
1581 1903 1661 1952 neque
1680 1888 1726 1938 bo·

949 1997 961 2021 ιι
977 1980 1075 2027 nestum
1092 1991 1171 2042 neque
1186 1977 1291 2038 iustum,
1315 1991 1393 2042 neque
1406 1979 1477 2029 nobis
1487 1980 1572 2030 utilem
1595 1982 1647 2030 iore
1663 1981 1728 2031 bunc

949 2090 961 2113 ι
975 2070 1134 2135 profugorum
1149 2071 1270 2133 reditum,
1283 2085 1339 2122 eum
1361 2072 1555 2137 quotiescunque
1570 2073 1624 2123 lutee
1635 2083 1675 2125 res
1686 2088 1727 2125 uo

950 2181 961 2203 ι
980 2161 1017 2212 bis
1031 2162 1078 2212 lull
1093 2163 1234 2227 proposita,
1252 2167 1280 2213 ut
1289 2163 1320 2212 dc
1334 2177 1363 2214 ea
1379 2164 1568 2226 consultaretur,
1582 2179 1627 2230 ego
1639 2169 1665 2217 et
1677 2166 1728 2230 pri-

948 2276 959 2299 ι
978 2270 1035 2306 mus
1054 2256 1179 2319 omnium,
1194 2261 1220 2308 el
1241 2261 1365 2322 postremo
1380 2260 1447 2308 solus
1464 2258 1525 2308 bute
1544 2262 1608 2324 poci
1631 2271 1728 2322 semper

945 2368 958 2392 ι
974 2350 1088 2412 quamvis
1108 2363 1122 2399 a
1141 2350 1238 2400 coeteris
1257 2351 1391 2401 destitutus
1411 2352 1551 2413 adversari3
1569 2355 1644 2417 utque
1668 2364 1728 2411 ros,

945 2460 958 2483 ιι
982 2444 1067 2492 Patres
1080 2442 1230 2505 conscripti,
1252 2443 1297 2506 qui
1310 2457 1378 2506 spem
1392 2444 1522 2494 meliorum
1537 2445 1727 2510 concipiebatis,

948 2550 960 2573 ι
975 2534 1002 2582 et
1021 2532 1103 2582 omnia
1126 2532 1190 2582 iusta
1215 2535 1239 2584 et
1266 2533 1356 2584 iniusta
1379 2533 1404 2583 iu
1423 2535 1500 2598 plebis
1526 2537 1630 2600 gratiam
1654 2536 1729 2585 alacri

950 2635 962 2658 ι
978 2617 1059 2667 animo
1082 2618 1269 2681 comedebatis,
1297 2621 1470 2685 prudentiores
1492 2635 1546 2672 esse
1563 2622 1727 2673 videremini:

947 2723 959 2745 ι
976 2717 1075 2763 rerum,
1089 2704 1187 2767 quando
1212 2719 1260 2755 non
1279 2711 1308 2757 ut
1321 2709 1453 2772 optabam,
1471 2721 1551 2772 neque
1573 2712 1601 2758 ut
1616 2708 1729 2774 precibus
1750 2736 1756 2747 ·

947 2810 958 2831 ιι
977 2803 992 2838 u
1014 2789 1062 2838 diis
1087 2792 1273 2856 contenderem,
1295 2793 1339 2845 sed
1359 2799 1387 2845 ut
1407 2795 1571 2860 auspicabar,
1593 2810 1633 2846 res
1657 2795 1729 2846 robis

947 2896 960 2919 ι
976 2880 1154 2941 successerunt,
1168 2882 1193 2930 et
1210 2883 1291 2932 vestre
1305 2881 1424 2932 beneficia
1436 2882 1461 2932 in
1474 2882 1592 2932 iuvidiam
1607 2887 1632 2933 et
1644 2882 1729 2934 odium

946 2986 958 3010 ι
973 2979 1091 3017 conversa
1105 2970 1173 3031 suut,
1196 2983 1240 3020 ros
1255 2969 1287 3019 ob
1299 2975 1400 3036 pomata
1421 2985 1469 3022 non
1483 2971 1629 3036 obiurgabo,
1652 2985 1729 3036 neque

946 3052 1093 3103 «molestiis
1117 3053 1229 3107 iuauibtrs
1243 3056 1366 3121 afficiam,
1387 3059 1455 3122 quod
1473 3059 1572 3110 cuilibet
1593 3062 1632 3108 est
1645 3059 1729 3110 lucilli·

946 3160 958 3183 ιι
977 3154 1046 3191 mum
1067 3144 1092 3191 et
1119 3143 1264 3208 plerumque
1289 3146 1341 3196 lieri
1365 3146 1440 3207 solet,
1466 3146 1511 3197 sed
1530 3146 1585 3196 buc
1607 3150 1728 3207 omittam,

946 3248 958 3271 ι
976 3241 1032 3291 quae
1043 3229 1067 3279 ln
1081 3232 1208 3295 presentia
1219 3247 1267 3282 non
1280 3237 1418 3298 opportuna
1428 3235 1479 3284 lore
1487 3232 1602 3312 iudicem.
1615 3236 1650 3282 Eu
1659 3248 1726 3295 vero,

947 3327 960 3351 ιι
974 3323 1081 3372 quorum
1096 3327 1142 3377 ope
1154 3319 1178 3365 et
1195 3317 1320 3381 preterita
1336 3318 1499 3382 corrigemus,
1517 3331 1622 3381 quorum
1633 3317 1728 3368 curatio

947 3415 958 3438 ι
977 3398 1087 3447 nondum
1103 3401 1200 3463 penitus
1219 3408 1257 3453 est
1271 3403 1417 3468 desperata,
1439 3408 1465 3455 et
1478 3405 1641 3469 presentibus
1653 3405 1729 3456 rebus

947 3502 959 3526 ι
975 3483 1062 3533 melius
1076 3486 1252 3548 consulemus,
1269 3489 1351 3541 dicere
1366 3495 1481 3541 conabor.
1511 3495 1668 3553 Quamquam
1680 3506 1727 3543 non

948 3589 960 3612 ι
975 3581 1014 3618 me
1036 3569 1113 3634 lutet,
1141 3574 1210 3636 lure,
1230 3577 1259 3625 ut
1286 3577 1408 3627 nonnullis
1439 3581 1552 3630 vestrum
1576 3580 1681 3630 insanire
1704 3584 1730 3631 et

947 3684 960 3708 ιι
975 3666 1079 3714 mortem
1103 3671 1216 3732 appetere
1243 3668 1336 3729 ridear,
1363 3668 1477 3733 quiade
1500 3668 1539 3718 bis
1560 3667 1636 3719 rebus
1654 3667 1729 3719 libere

949 3771 962 3795 ιι
976 3753 1122 3803 seutentiam
1159 3755 1237 3805 dicere
1264 3769 1312 3805 non
1338 3755 1439 3819 dubito,
1481 3757 1730 3808 animadvertentibus

948 3862 960 3884 ι
975 3854 1050 3904 quam
1064 3842 1200 3906 periculosa
1215 3843 1249 3895 eit
1262 3843 1361 3895 dicendi
1381 3845 1494 3906 libertas,
1510 3848 1536 3895 et
1558 3844 1730 3908 reputantibus

949 3953 961 3975 ιι
976 3933 1094 3985 miserum
1107 3935 1192 3986 blumii
1206 3948 1292 3985 casum
1303 3974 1309 3999 ,
1322 3935 1365 3999 qui
1383 3949 1432 3985 non
1447 3935 1479 3986 ob
1491 3935 1564 3985 uliam
1577 3947 1691 3984 caussam
1705 3933 1729 3984 in

949 4042 962 4066 ι
979 4022 1066 4087 capitis
1080 4022 1220 4074 discrimine
1238 4037 1303 4073 nuno
1321 4026 1443 4074 versatur.
1477 4022 1526 4074 Sed
1545 4023 1645 4073 minime
1664 4019 1729 4071 arbi-

951 4132 963 4156 ιι
977 4115 1038 4172 tuor,
1059 4112 1178 4162 maiorem
1194 4110 1295 4176 privatae
1308 4110 1412 4171 salutis,
1426 4124 1500 4173 quam
1520 4109 1625 4174 publicus
1637 4108 1730 4158 utilite·

950 4219 963 4243 ι
976 4198 1022 4258 tis.
1037 4200 1157 4249 rationem
1174 4198 1320 4249 habendam.
1367 4201 1443 4260 Nem,
1469 4201 1555 4249 Patres
1582 4194 1729 4259 conscripti,

950 4309 962 4334 ι
983 4289 1097 4354 periculis
1125 4293 1207 4341 vestra
1224 4302 1312 4340 caussa
1330 4288 1463 4339 subeundis
1482 4301 1565 4339 meum
1580 4300 1670 4349 corpus
1681 4284 1730 4333 iam

951 4400 964 4424 ιι
981 4379 1132 4431 destinatum
1145 4383 1190 4441 est,
1204 4382 1230 4429 et
1241 4392 1286 4443 pro
1309 4377 1451 4443 reipublicae
1466 4376 1639 4428 certaminibus
1652 4373 1729 4422 devo·

951 4488 963 4511 ι
978 4471 1042 4518 tum.
1077 4469 1164 4532 ltaque
1187 4465 1308 4529 quidquid
1320 4464 1368 4516 deo
1377 4467 1458 4516 slsum
1474 4464 1559 4523 tuerit,
1572 4465 1598 4512 et
1611 4473 1668 4510 cunt
1679 4451 1731 4510 om'·

952 4555 1066 4617 «uibus,
1079 4557 1169 4605 etcum
1188 4555 1286 4617 paucis,
1304 4555 1338 4612 et,
1357 4552 1488 4604 adnecesse
1506 4550 1594 4607 luerit.
1607 4547 1675 4596 solus
1692 4560 1731 4609 ge

952 4663 965 4688 ιι
982 4656 1069 4694 nerose
1082 4641 1209 4708 perieram.
1224 4643 1348 4705 ceterum,
1365 4639 1484 4704 quamdiu
1495 4638 1586 4696 vixero,
1597 4650 1637 4685 me
1649 4631 1732 4681 nullus

953 4755 966 4779 ι
982 4737 1091 4785 metesa
1107 4732 1226 4783 sententia
1240 4729 1315 4780 libere
1327 4728 1432 4781 dicende
1443 4725 1586 4777 deterrebit.

982 4898 1062 4945 xtlx.
1075 4899 1134 4944 unc
1146 4893 1255 4958 primum
1264 4891 1364 4955 quidem
1375 4888 1474 4941 tandem
1485 4878 1616 4946 aliquando
1624 4878 1672 4929 hoc
1683 4891 1732 4930 vos

953 5008 965 5029 ι
981 4990 1049 5038 certo
1069 4987 1132 5037 scire
1143 4985 1215 5042 volo,
1235 4996 1279 5032 ros
1293 4981 1407 5031 intestam
1428 4977 1601 5035 inimicamque
1617 4968 1737 5028 pmntlo

952 5097 965 5120 ι
980 5072 1120 5138 reipublice
1138 5071 1211 5122 statui
1232 5068 1352 5135 plebeiam
1372 5062 1471 5115 turbam
1487 5057 1595 5120 bebere,
1615 5059 1641 5108 et
1657 5070 1730 5123 qun·

953 5184 965 5205 ιι
982 5174 1080 5228 cunque
1097 5159 1171 5211 nimis
1194 5157 1346 5221 indulgenter
1362 5155 1385 5204 el
1405 5146 1576 5213 concessistis,
1601 5147 1760 5269 ῖτιιεῖιξῒιιρ
