3772 5828
597 383 890 458 ANTIQUITATUM
911 386 1060 448 ROMAN.
1086 387 1160 448 ile.
1183 388 1237 448 lx.

112 514 208 592 ματίας
230 513 356 595 ἀράμενοι
382 511 550 591 ἀπήνεγκαν,
565 515 611 580 τάς
633 538 662 573 τε
677 517 888 594 καταλειφθείσας

112 607 138 663 έν
152 629 189 684 τῳ
211 603 311 683 χάρακι
329 602 499 682 παρασκευάς
525 602 640 680 (πολλαὶ
661 603 684 660 δ’
698 593 786 681 ήσαν,
802 607 837 671 ύνς
853 606 890 671 εἷς

110 694 213 772 χρόνιον
225 690 476 772 παρεσκευασμέναι
490 690 624 768 πόλεμον)
649 692 822 772 διεφόρησαν·
844 691 890 752 καὶ

111 786 145 850 ὡς
164 783 194 855 δὴ
210 785 365 860 κρατοῦντες
383 783 431 850 τῆς
448 777 537 859 χώρας
562 783 615 837 τῶν
629 780 763 856 πολεμίων
784 780 834 851 τήν
850 782 891 857 lp-

111 872 214 950 γυιάτιιι
226 868 451 943 λεηλατήσαντες,
468 869 571 943 ἀπῆγον
586 866 634 936 τὴν
650 868 790 947 στρατιάν.

154 963 190 1019 V.
214 962 249 1019 bt
276 957 303 1016 δέ
328 956 396 1032 μετά
420 955 527 1022 τούτους
551 955 751 1036 ἀποδειχθέντες
773 955 889 1028 ύπατοι,

113 1049 205 1113 Γνάϊος
223 1047 340 1113 Μάλλιος
353 1045 398 1103 καὶ
421 1043 530 1122 Μάρκος
544 1042 649 1110 Φάόιος
665 1044 693 1102 τὸ
708 1043 827 1124 δεύτερον
844 1044 892 1125 ἀρ·

113 1159 170 1215 χειν
197 1133 320 1214 αἱρεθείς,
354 1131 481 1211 ψήφισμα
513 1134 561 1202 τῆς
587 1134 683 1211 βουλῆς
709 1133 890 1210 ποιησαμένης

114 1205 225 1302 στρατὸν
240 1221 340 1300 ἐξάγειν
360 1221 404 1278 ε’πὶ
419 1218 468 1291 τήν
491 1221 655 1279 Ούϊεντανῶν
678 1219 772 1292 πολιν,
786 1218 846 1279 ὅσον
859 1218 890 1278 ἀν

114 1316 235 1370 πλεῖστον
251 1312 398 1383 δυνηθῶσι,
412 1308 563 1387 προῦθηκαν
580 1307 698 1387 ἡμέραν,
712 1309 738 1365 έν
755 1299 829 1386 ᾗτδν
843 1331 892 1365 κα-

112 1398 222 1474 τάλογον
239 1399 350 1475 ἔμελλον
366 1395 522 1467 ποιήσεσθαι
538 1400 585 1467 τῆς
606 1404 744 1475 στρατιᾶς.
776 1394 891 1471 Γινομέ-

114 1508 157 1544 νου
172 1487 198 1544 δὲ
215 1488 301 1550 αὐτοῖς
322 1479 443 1560 ἐμποδὼν
460 1484 504 1543 ι’πὶ
521 1483 635 1542 κωλύσει
656 1489 703 1555 τῆς
718 1487 891 1564 καταγραφῆς

113 1574 167 1640 ἑνός
198 1579 251 1632 τῶν
284 1570 448 1652 δημάρχων,
476 1569 609 1652 Τιόερίου
640 1570 830 1650 Ποντοφικίου,
859 1574 890 1630 τὸ

112 1664 230 1742 περὶτῆς
245 1660 404 1741 κληρουχίας
422 1659 548 1741 Ιρήφισμα
563 1658 795 1738 ἀνακαλουμένου,
811 1665 890 1739 θερα-

73 1773 85 1808 s
113 1752 256 1817 πεύσαντες
281 1753 332 1808 τῶν
363 1748 547 1828 συναρχόντων
576 1749 657 1808 αὐτοῦ
682 1771 772 1824 τινας,
798 1745 889 1827 ὥσπερ

113 1843 240 1910 ἐποίησαν
257 1842 279 1896 αἱ
294 1837 346 1918 πρὸ
361 1839 447 1895 αύτῶν
462 1834 568 1913 ύπατοι,
581 1835 721 1908 διέστησαν
733 1835 764 1894 τό
776 1838 891 1916 ἀρχεῖον·

113 1927 158 1984 καί
174 1928 242 2004 μετὰ
254 1932 331 1986 τοῦτο
346 1924 476 2006 ἔπραττον
493 1924 537 1984 ἐπὶ
549 1926 650 1996 πολλῆς
664 1923 782 1993 ἐξουσίας
797 1924 831 1982 τὰ
846 1922 889 1983 δό-

114 2015 193 2083 ξαντα
209 2041 241 2093 τη
258 2017 349 2094 βουλῇ.
393 2013 541 2091 Γενομένης
561 2011 588 2072 δέ
603 2017 650 2086 τῆς
664 2016 840 2093 καταγραφῆς
861 2013 888 2070 έν

113 2106 213 2182 ὀλίγαις
233 2103 358 2185 ἡμέραις,
384 2103 492 2183 ἐξῄεσαν
506 2101 552 2161 teri
573 2100 633 2170 τούς
657 2102 817 2180 πολεμίους,
844 2099 890 2161 δύο

59 2214 85 2251 ευ
113 2193 160 2270 μέν
177 2195 297 2270 ἑκάτερος
312 2193 383 2272 ἀγων
398 2191 541 2270 Ῥωμαίων
563 2192 688 2270 παίγματα
702 2196 754 2250 τῶν
769 2189 797 2261 ίξ
810 2192 892 2260 αὐτῆς

112 2281 333 2362 καταγραφέντων
351 2285 397 2351 τῆς
413 2280 531 2353 πόλεως,
552 2280 600 2339 οὐκ
616 2279 718 2338 ἐλάττω
742 2277 770 2337 δέ
793 2277 891 2349 ταύτης

111 2380 188 2451 χεῖρα
201 2368 250 2439 τήν
266 2372 317 2428 ύπδ
338 2375 389 2429 τῶν
403 2369 519 2429 ἀποίκων
534 2391 563 2427 τε
573 2367 617 2426 καλ
634 2365 757 2439 ὑπηκόων
772 2369 891 2425 ἀποστα-

112 2463 213 2520 λεῖσαν.
270 2458 389 2539 Ἀφίκετο
409 2456 437 2516 δὲ
455 2459 542 2522 αὐτοῖς
559 2454 633 2535 παρὰ
653 2460 698 2513 τοῦ
721 2453 843 2514 Λατίνων
860 2476 889 2514 τε

114 2548 158 2606 καί
172 2547 302 2626 Ἑρνίκων
318 2545 404 2610 ἔθνους
416 2545 554 2604 διπλάσιον
567 2552 612 2605 τοῦ
629 2540 770 2615 κληθέντος
781 2546 891 2603 ἐπικου-

59 2664 86 2701 25
115 2635 196 2714 ρικόν.
214 2637 254 2693 Ού
270 2632 323 2714 μὴν
338 2633 486 2715 ἐχρήσαντό
500 2656 530 2714 γε
542 2633 637 2690 παντέ·
651 2629 752 2701 πολλὴν
771 2631 799 2690 δέ
813 2632 891 2712 χάριν

115 2725 202 2790 αὐτοῖς
230 2723 326 2783 εἰδέναι
349 2722 479 2803 φήσαντες
502 2726 549 2794 τῆς
571 2720 734 2802 προθυμίας,
753 2721 890 2779 ἀπελυσαν

114 2818 160 2887 τῆς
176 2811 372 2885 ἀποσταλείσης
389 2811 522 2889 δυνάμεως
538 2808 586 2882 τήν
603 2809 737 2882 ἡμίσειαν.
774 2803 890 2879 Ἔταξαν

114 2903 141 2962 δέ
162 2903 207 2962 καὶ
226 2900 278 2982 πρὸ
300 2905 347 2973 τῆς
373 2897 474 2968 πόλεως
496 2898 582 2979 τρίτον
604 2900 635 2956 ἐκ
656 2899 725 2957 δυεῖν
746 2897 890 2977 ταγμάτων

113 2996 165 3051 τῶν
186 2995 211 3050 ἐν
229 2993 303 3068 ἀκμῇ
324 2995 451 3067 στρατόν,
465 2987 570 3069 φύλακα
583 2993 631 3060 τῆς
646 2986 736 3067 χώρας
751 2988 891 3064 έσόμινον,

60 3106 86 3145 so
114 3080 138 3140 εί
153 3105 191 3147 τις
202 3080 278 3159 ἑτέρα
293 3077 403 3155 δύναμις
418 3076 552 3154 πολεμίων
572 3079 603 3136 έκ
617 3080 662 3135 τοῦ
687 3077 816 3149 ἀδοκήτου
840 3099 892 3159 φα-

113 3171 182 3242 νείη
197 3168 256 3236 τοὺς
271 3169 299 3229 δὲ
313 3165 380 3246 ὑπὲρ
402 3167 447 3226 τὸν
462 3165 651 3246 στρατιωτικὸν
670 3164 827 3246 κατάλογον,
851 3156 890 3233 οἷς

113 3257 153 3317 ἔτι
167 3258 274 3334 δύναμις
286 3248 319 3329 ήν
333 3257 422 3316 ὅπλων
435 3253 573 3337 χρήσεως,
594 3257 620 3313 έν
636 3258 668 3334 τῇ
683 3254 759 3312 πόλει
781 3253 890 3312 κατέλι-

112 3371 172 3415 πον,
187 3347 269 3426 άκρας
285 3367 313 3402 τε
326 3346 371 3403 καὶ
386 3343 463 3423 τείχη
476 3343 649 3424 φυλάξοντας.
694 3340 847 3421 Ἀγαγόντις
862 3344 889 3401 δέ

113 3434 224 3504 πλησίον
240 3438 288 3504 τῆς
311 3434 477 3492 Ούῐεντανῶν
499 3430 601 3499 πόλεως
616 3430 663 3498 τάς
684 3429 820 3507 δυνάμεις,
836 3453 888 3490 κα-

74 3576 76 3581 ,
113 3521 370 3601 τεστρατοπέδευσαν
385 3519 429 3580 ἐπὶ
443 3519 530 3632 λόφοις
546 3519 618 3579 δυσὶν
637 3523 667 3578 ού
683 3519 789 3600 μακρὰν
807 3520 890 3598 ἀφεσ-

114 3610 221 3681 τηκόσιν
241 3611 288 3666 ἀπ’
305 3607 439 3679 ἀλλήλων.
482 3604 537 3667 'tin
550 3607 576 3666 δέ
593 3609 639 3666 καί
654 3611 737 3679 ἡτῶν
753 3607 889 3683 πολεμίων

115 3696 224 3773 δύναμις
247 3695 470 3775 ἐξεστρατευμένη
485 3693 537 3774 πρὸ
558 3698 605 3767 τῆς
623 3694 735 3767 πόλεως,
751 3693 838 3765 πολλή
862 3717 890 3753 τι

114 3785 159 3844 καὶ
174 3785 274 3865 ἀγαθή.
316 3782 531 3857 Συνεληλύθεσαν
550 3782 602 3864 γάρ
623 3781 649 3852 έξ
667 3783 773 3855 ἀπάσης
785 3785 892 3864 Τυρρη·

113 3876 170 3941 νίας
180 3879 203 3933 οἱ
214 3873 391 3933 δυνατώτατοι
398 3873 458 3942 τούς
470 3875 569 3932 ἑαυτῶν
579 3875 706 3940 πενέστας
720 3871 888 3950 ἀπαγόμενοι,

113 3964 159 4024 καὶ
181 3965 283 4040 ἐγένετο
295 3969 341 4023 τοῦ
357 3961 513 4042 Ῥωμαϊκοῦ
538 3967 651 4041 στρατοῦ
668 3967 756 4040 μεῖζον
778 3962 808 4020 τό
822 3964 848 4022 Τ
849 3985 891 4042 υρ-

115 4054 219 4134 ρηνικὸν
233 4055 279 4112 ούκ
298 4053 389 4134 ὀλίγῳ.
431 4052 496 4120 Τοῖς
519 4048 547 4110 δέ
566 4049 674 4118 ὑπάτοις
700 4050 731 4110 τό
747 4074 776 4110 τε
791 4052 891 4123 πλῆθος

113 4145 194 4222 δρῶσι
206 4146 257 4201 τῶν
269 4141 404 4219 πολεμίων
419 4141 465 4201 καὶ
475 4139 524 4213 τὴν
536 4139 714 4221 λαμπρότητα
728 4143 778 4199 τῶν
790 4137 889 4216 όπλων,

112 4231 180 4289 πολύ
196 4233 252 4299 δέος
275 4231 401 4304 ἀνέπεσε,
426 4229 465 4308 μή
487 4227 547 4288 ποτ’
563 4231 613 4309 ούχ
636 4229 722 4289 ἱκανοὶ
744 4228 886 4308 γένωνται,

113 4321 290 4399 στασιαζούσῃ
316 4320 425 4395 δυνάμει
453 4317 616 4398 τῇσφιτέραρ
642 4317 708 4396 πρὸς
729 4319 889 4393 ὁμονοοῦσαν

112 4411 159 4482 τὴν
184 4415 237 4471 τῶν
264 4407 399 4485 πολεμίων
427 4406 645 4485 ἀντιταξάμενοι,
677 4403 888 4487 ύπιρόαλέσθαι·

112 4501 195 4559 ἐδόκει
211 4500 234 4559 τ’
244 4499 331 4566 αὐτοῖς
353 4497 564 4579 έχυρωσαμένοις
585 4495 620 4555 τὰ
641 4495 809 4576 στρατόπεδα
833 4495 890 4577 τρί-

114 4588 169 4646 όειν
182 4590 226 4647 τὸν
239 4590 375 4667 πόλεμον,
390 4585 591 4667 ἐκδεχομένοις,
605 4583 630 4644 εἴ
640 4608 699 4644 τινα
715 4582 795 4644 δώσει
809 4586 890 4643 πλεο·

114 4674 197 4743 ”ties
212 4678 333 4758 ἀφορμὴν
349 4679 447 4754 αὐτοῖς,
463 4675 493 4734 τό
506 4679 559 4735 τῶν
574 4676 710 4751 πολεμίων
722 4673 816 4756 θράσος
830 4674 889 4732 ἀλα

113 4763 197 4844 γίστῳ
222 4766 415 4845 καταφρονήσει
439 4768 562 4847 ἐπαρθέν.
627 4762 829 4843 Ἀκροδολισμολ
857 4760 889 4831 δή

59 4880 86 4920 ω
116 4850 184 4928 μετδι
199 4856 275 4910 τοῦτο
297 4858 414 4933 συνεχεῖς
428 4852 558 4932 έγίνοντο,
573 4849 619 4910 καί
634 4852 718 4932 ψιλῶν
736 4853 889 4929 συμπλοκαὶ

110 4947 256 5023 βραχεῖαι,
274 4940 342 5016 μέγα
356 4944 379 5000 δ’
393 4940 411 5014 ἢ
425 4944 548 5024 λαμπρὸν
561 4942 636 5023 έργον
650 4939 735 5000 οὐδέν.

152 5031 202 5094 VI·
226 5027 604 5113 οίδδ’1“υρρηνολ,ἀχθόμινοι
631 5035 664 5109 τῇ
681 5027 760 5109 τριόῇ
776 5033 822 5089 τοῦ
837 5051 889 5087 πο·

112 5120 210 5196 λέμου,
224 5119 324 5179 δειλίαν
346 5141 376 5178 τε
396 5120 526 5188 ὠνείδιζον
546 5129 601 5188 τοῖς
617 5117 780 5198 Ῥωμαίοις,
796 5118 888 5190 incidi

108 5207 272 5289 σύκέξήισιιν
288 5209 324 5274 είς
347 5202 452 5286 μάχην,
477 5207 523 5267 καὶ
546 5209 583 5277 ὡς
607 5205 874 5289 παρακεχωρηκότων

1663 394 1723 455 52³

947 541 1021 578 usum
1046 529 1147 592 parata)
1165 526 1337 591 diripuerunt;
1361 529 1387 577 et
1406 526 1478 590 quasi
1500 533 1583 592 aperte
1607 531 1725 595 victores,

946 616 1075 668 initimum
1100 632 1184 683 agrum
1208 616 1316 668 bostium
1342 616 1472 682 populati,
1497 618 1582 682 copias
1614 620 1725 674 abduxe-

946 711 1012 758 runt.

978 970 1009 1018 V.
1026 968 1090 1019 Anni
1108 969 1234 1032 sequentis
1249 971 1374 1026 consules.
1399 971 1446 1023 Gn.
1469 973 1576 1024 Manlius
1588 977 1614 1026 et
1626 977 1659 1026 Μ.
1679 978 1725 1027 Fa·

947 1068 1004 1119 bius
1018 1070 1122 1131 iterans,
1136 1071 1202 1119 tecto
1221 1072 1453 1136 senatusconsulto,
1468 1077 1497 1125 ut
1510 1077 1604 1142 copias,
1620 1082 1728 1142 quantus

947 1167 1067 1218 maximas
1093 1173 1208 1233 possent,
1231 1175 1318 1220 eorrlre
1347 1173 1464 1225 Veientes
1486 1174 1637 1238 eduxerunt,
1660 1180 1728 1231 diem

947 1269 1081 1333 dixerunt,
1096 1284 1146 1334 qne
1161 1272 1299 1322 exercitum
1311 1275 1473 1339 conscripturi
1486 1283 1564 1337 erant.
1592 1281 1638 1330 Sed
1648 1296 1727 1346 quum

947 1371 1005 1422 Tib.
1022 1370 1177 1432 Pontificius,
1194 1386 1259 1422 uirus
1272 1386 1286 1422 e
1297 1374 1417 1433 tribunis,
1430 1376 1536 1428 miiitum
1554 1383 1727 1451 conscriptioni
1756 1363 1763 1382 ⁴

947 1478 1125 1542 intercederet,
1142 1484 1167 1531 et
1179 1486 1388 1536 senatusconsulti
1409 1487 1441 1538 de
1450 1502 1511 1552 agro
1520 1491 1656 1542 dividendo
1670 1492 1727 1544 laeti

947 1581 1096 1634 mentionem
1108 1583 1190 1635 denuo
1207 1587 1315 1650 laceret,
1330 1591 1460 1651 consules,
1475 1594 1597 1643 nonnullis
1612 1594 1666 1643 eius
1678 1594 1727 1646 cot·

946 1682 1006 1747 legis
1024 1683 1070 1734 sibi
1088 1688 1241 1751 conciliatis,
1258 1697 1287 1742 ut
1308 1707 1323 1742 a
1337 1694 1505 1758 superioribus
1522 1696 1664 1748 consulibus
1676 1699 1727 1748 lec·

947 1786 1000 1834 tum
1015 1784 1103 1847 luerat,
1117 1788 1248 1841 dissidium
1268 1794 1293 1842 in
1305 1795 1459 1846 tribunorum
1479 1798 1581 1862 collegio
1592 1801 1703 1852 lecerunt
1718 1822 1725 1853 ε

946 1883 1035 1935 deinde
1044 1885 1167 1938 liberrime
1177 1895 1419 1946 senatusconsultum
1433 1899 1642 1959 exsequebantur.
1654 1905 1727 1952 Exer-

946 1988 996 2040 citu
1010 1994 1092 2043 autem
1113 1994 1177 2046 intrs
1190 2009 1283 2060 paucos
1293 1995 1347 2047 dies
1362 1998 1500 2063 conscripto
1517 2004 1623 2060 ,contra
1642 2004 1726 2055 hostes

945 2093 1049 2156 protecti
1063 2101 1121 2149 sunt
1141 2103 1258 2164 uterque,
1281 2115 1338 2151 eum
1354 2101 1452 2153 duabus
1467 2103 1569 2154 urbanis
1590 2106 1726 2170 legionibus

944 2196 970 2244 et
981 2209 1038 2248 cum
1052 2213 1100 2248 non
1119 2201 1214 2251 minore
1225 2216 1299 2252 manu
1322 2203 1444 2258 accionis
1464 2207 1491 2255 et
1505 2207 1602 2271 populis
1620 2209 1726 2262 subditis

945 2294 1028 2346 misse.
1061 2299 1140 2349 Latini
1160 2300 1225 2350 enim
1247 2305 1273 2351 et
1291 2302 1390 2352 ilcrnici
1415 2301 1491 2368 duplo
1508 2306 1601 2356 maiore
1618 2308 1724 2365 auxilie,

945 2408 1021 2460 quam
1035 2399 1111 2463 petitu
1126 2405 1210 2460 erant,
1233 2403 1293 2467 ipsis
1304 2404 1434 2455 miserunt.
1469 2407 1542 2457 llaud
1553 2412 1636 2459 tamen
1649 2412 1726 2461 omni·

946 2493 993 2545 bus
1005 2497 1057 2548 illis
1072 2500 1149 2564 copiis
1163 2506 1222 2552 sunt
1237 2503 1288 2554 usi:
1300 2504 1344 2553 scd
1363 2506 1456 2569 gratius
1469 2508 1591 2559 maximas
1604 2510 1654 2560 illis
1666 2525 1726 2598 ege.-

946 2601 1006 2648 runt
1023 2603 1049 2650 el
1071 2600 1200 2653 dimidiam
1224 2605 1351 2669 copiarum
1382 2608 1514 2658 missarum
1534 2613 1629 2673 partem
1651 2611 1726 2662 mise-

946 2705 1013 2753 runt.
1036 2703 1148 2752 Tertium
1160 2719 1260 2769 quoque
1274 2709 1428 2768 exercitum,
1444 2724 1475 2760 ex
1490 2711 1589 2763 duabus
1601 2713 1727 2766 iuniorum

949 2803 1101 2868 legionibus
1116 2819 1161 2869 pro
1173 2809 1253 2857 muris
1265 2809 1333 2860 urbis
1353 2814 1509 2872 statuerunt,
1526 2818 1555 2863 ut
1573 2816 1624 2879 agri
1639 2821 1727 2867 custo-

945 2906 1024 2968 diret,
1037 2910 1126 2975 siquee
1139 2925 1211 2962 nome
1229 2912 1339 2965 hostium
1356 2915 1434 2979 copiis
1447 2928 1478 2964 ex
1495 2915 1631 2978 improviso
1650 2929 1726 2979 eppa-

945 3010 1063 3062 ruissent.
1097 3014 1147 3064 lies
1157 3028 1231 3073 vero,
1243 3015 1286 3080 qui
1302 3016 1436 3068 militarem
1450 3021 1552 3067 estatem
1563 3016 1724 3078 excedebant,

945 3125 1103 3179 quorumque
1119 3114 1186 3166 vires
1205 3115 1238 3166 ed
1253 3130 1328 3167 usum
1346 3131 1472 3168 armorum
1489 3117 1572 3168 adhuc
1590 3121 1661 3168 erant
1671 3119 1727 3168 ido·

946 3228 1011 3274 nere,
1024 3216 1048 3265 in
1063 3217 1124 3267 urbe
1142 3216 1174 3267 ad
1190 3219 1256 3270 orcis
1267 3223 1293 3268 et
1312 3233 1442 3269 murorum
1461 3220 1602 3270 custodiam
1618 3221 1726 3285 relique·

945 3321 1013 3367 runt.
1047 3319 1130 3383 copiis
1145 3324 1229 3371 autem
1244 3321 1276 3371 ed
1293 3321 1367 3372 Veios
1389 3321 1476 3372 urbem
1495 3322 1617 3383 admotis,
1644 3326 1727 3375 eastra

945 3419 970 3468 in
983 3417 1082 3471 duobus
1094 3420 1201 3471 collibus
1214 3435 1262 3471 non
1276 3421 1385 3471 multum
1398 3422 1463 3473 inter
1479 3437 1507 3474 se
1517 3424 1670 3474 distantibus
1680 3439 1727 3490 po-

946 3525 1059 3572 suerunt.
1094 3524 1209 3572 llostinm
1219 3537 1319 3587 quoque
1332 3524 1458 3574 exercitus
1472 3539 1578 3589 maguus
1589 3529 1615 3576 et
1628 3525 1727 3576 vatidus

946 3630 1028 3677 cestra
1045 3629 1102 3676 ante
1116 3625 1202 3677 urbem
1218 3627 1335 3678 habebat.
1370 3633 1432 3679 liam
1454 3644 1486 3680 er
1502 3614 1555 3680 tote
1567 3633 1666 3683 Etruria
1682 3647 1727 3698 po·

948 3725 1079 3778 tentissimi
1093 3727 1188 3792 quique
1202 3742 1259 3778 cum
1285 3729 1338 3778 suis
1351 3730 1430 3780 servis
1447 3745 1477 3781 eo
1495 3737 1675 3794 convenerant,
1691 3735 1727 3784 ila

948 3834 976 3881 ut
996 3833 1157 3880 Etruscorum
1178 3831 1255 3895 copies
1267 3834 1390 3883 Romanus
1406 3847 1510 3884 numero
1532 3835 1603 3898 longe
1621 3849 1726 3900 supera·

947 3937 1010 3986 rent.
1044 3933 1178 3994 consules,
1192 3938 1325 3999 conspecte
1341 3936 1453 3986 hostium
1467 3936 1629 3989 multitudine
1643 3943 1669 3990 et
1685 3955 1727 3990 ar-

946 4049 1046 4089 morum
1058 4035 1200 4100 splendore,
1213 4035 1286 4087 valde
1299 4037 1387 4089 timere
1400 4042 1543 4103 eoeperunt,
1556 4053 1587 4090 nc
1604 4037 1669 4089 torte
1681 4054 1727 4089 suo

947 4148 1055 4200 discordi
1068 4149 1177 4200 exercitu
1197 4144 1361 4197 concordibus
1377 4143 1488 4194 hostium
1500 4143 1578 4208 copiis
1596 4144 1725 4208 opposito,

946 4246 1076 4297 victoriam
1090 4248 1192 4297 minime
1209 4249 1335 4311 reportare
1349 4249 1460 4310 possent.
1495 4245 1581 4296 Visum
1593 4247 1678 4312 itaque
1689 4251 1728 4299 cst

946 4352 1007 4417 ipsis
1026 4351 1118 4403 bellum
1134 4350 1233 4401 trahere
1246 4348 1350 4399 munitis
1367 4348 1471 4411 castris,
1484 4350 1510 4399 et
1528 4352 1687 4413 exspectare.
1706 4348 1729 4398 si

946 4463 1022 4514 quam
1037 4449 1073 4499 rei
1084 4449 1147 4500 bene
1164 4446 1278 4511 gerendas
1298 4446 1451 4497 occasionem
1473 4447 1584 4497 hostium
1604 4447 1725 4507 audacia,

948 4548 1078 4599 temeraria
1095 4545 1262 4597 contemtione
1275 4545 1339 4595 elata
1351 4544 1397 4594 sibi
1418 4543 1548 4609 preberet.
1584 4545 1644 4595 lnde
1660 4545 1726 4595 veli-

946 4645 1054 4697 tatieues
1068 4646 1162 4696 crebre
1184 4643 1291 4703 fiebant,
1311 4645 1337 4692 et
1355 4641 1443 4707 proelia
1457 4642 1522 4692 levia
1540 4642 1605 4692 inter
1617 4641 1727 4692 serente-

946 4743 996 4795 rios
1007 4742 1250 4794 committebantur:
1265 4739 1309 4791 sed
1324 4740 1422 4791 nullum
1441 4755 1556 4818 magnum
1574 4744 1619 4789 aut
1630 4737 1728 4789 illustro

947 4838 1042 4892 lacinus
1054 4840 1184 4892 edebatur.

976 5039 1018 5087 b'l.
1036 5038 1148 5096 Etrusci,
1162 5051 1245 5088 meres
1259 5036 1317 5088 belli
1331 5048 1396 5097 segre
1407 5031 1524 5085 terentes,
1541 5027 1664 5091 ignaviam
1678 5031 1727 5080 lio·

944 5126 1025 5177 manis
1036 5127 1235 5191 exprobrabant,
1256 5125 1323 5191 quod
1345 5135 1393 5172 non
1408 5118 1536 5184 prodirent
1549 5118 1574 5167 in
1588 5118 1685 5181 aciem,
1701 5123 1727 5169 et

944 5214 1017 5280 quasi
1033 5214 1069 5265 illi
1088 5214 1134 5266 sibi
1157 5215 1189 5266 de
1210 5213 1304 5279 campis
1329 5208 1474 5298 cessissent,
1496 5207 1659 5259 laetabantur.
1694 5210 1726 5257 Αῑ
