3772 5828
181 343 242 404 toa

184 472 254 533 ὁπλα
269 475 408 550 δημοτῶν,
421 475 512 531 τοῦτον
529 470 630 539 ἐξιόντα
644 471 771 550 ὁρῶντες,
788 467 963 549 ἐπερρώσθη-

187 587 253 638 σαν,
271 561 358 637 οἱμὲν
383 560 416 619 δι’
437 559 560 631 εὔνοιαν,
577 561 601 618 σί
620 559 647 617 δέ
668 563 712 616 τοῦ
728 556 904 637 κατορθώσειν
922 559 964 616 ἀλ·

186 653 259 724 πίδι·
274 649 431 733 περιύόητος
446 647 498 726 γάρ
519 640 551 719 ἦν
572 648 622 718 ἤδη
645 646 727 728 ἀνὴρ,
741 646 787 707 καί
809 646 865 714 δέος
886 648 965 706 αὐτοῦ

184 740 253 818 μέγα
274 738 347 818 παρδι
369 741 423 806 τοῖς
444 735 581 812 πολεμίοις
596 735 721 814 ἐγεγόνει.
763 733 841 801 Λύτη
863 735 965 815 προελ-

143 849 157 887 s
184 832 297 898 θούσαὴ
314 824 426 904 στρατιὰ
449 824 529 903 μέχρι
553 825 654 890 πόλεως
670 823 786 896 Ἀντίου,
809 823 871 904 δίχα
883 822 963 882 πόνου

185 916 259 975 σίτου
274 915 373 974 πολλοῦ
392 911 605 988 καταληφθέντος
625 914 651 970 έν
675 919 728 978 τοῖς
743 913 831 992 ἀγροῖς
853 909 899 970 καλ
919 914 965 970 ἀν-

185 1003 321 1084 δραπόδων
334 1001 379 1061 καί
394 1001 570 1080 βοσκημάτων
587 1003 690 1079 συχνῶν
706 999 836 1078 ἐγκρατὴς
848 998 963 1078 ἀγένετο,

184 1090 230 1151 καί
251 1091 309 1168 μετ’
331 1090 360 1148 οὐ
385 1089 452 1148 πολὺ
475 1092 564 1168 παρῆν
578 1086 746 1168 εὐπορωτέρα
767 1093 891 1168 γεγονυῖα
913 1086 966 1153 τοῖς

185 1177 307 1239 κατάτδν
320 1178 389 1257 βίον·
400 1175 469 1236 ώστε
478 1185 531 1244 τοῖς
541 1175 699 1254 ὑπομείνασι
708 1173 810 1247 πολλὴν
820 1173 966 1256 κατήφειαν

131 1286 157 1329 to
186 1268 231 1327 καὶ
246 1266 417 1346 κατάμεμψιν
435 1269 487 1325 τῶν
511 1267 677 1342 δημαγωγῶν
699 1266 841 1340 ἐμπεσεῖν,
863 1264 898 1321 δι’
923 1259 967 1329 ab<

187 1354 377 1433 descripserim
393 1353 497 1414 ἐδόκουν
512 1357 560 1424 τῆς
581 1353 673 1429 ὁμοίας
689 1351 820 1431 εὐτυχίας.
863 1349 899 1410 ‘0
916 1349 964 1427 μίν

186 1442 219 1515 δὴ
245 1443 370 1521 Γεγάνιος
392 1441 438 1501 καί
458 1441 608 1516 Μηνύκιος,
621 1444 646 1502 οἱ
667 1448 757 1501 τοῦτον
779 1440 824 1499 τδν
847 1437 965 1501 ίνιαυτὸν

186 1531 367 1607 ὑπατεύοντες,
393 1533 420 1588 έν
447 1531 570 1609 μεγάλοις
590 1531 635 1591 καλ
653 1529 831 1597 παντοδαποῖς
851 1531 968 1609 χειμῶσι

187 1619 321 1698 γενόμενοι
333 1619 379 1677 καὶ
395 1618 523 1686 πολλάκις
537 1619 683 1700 ἀνατρέψαι
697 1616 908 1684 κινδυνεύσαντες
917 1614 966 1688 τῆν

134 1725 159 1762 ss
190 1707 283 1782 πολιν,
305 1707 377 1768 οὐθέν
397 1707 480 1766 δεινὸν
495 1707 667 1787 εἰργάσαντο,
688 1706 757 1766 ἀλλά
783 1703 912 1765 διέσωσαν
933 1701 968 1762 τά

189 1795 277 1869 κοινά,
292 1795 483 1877 φρονιμώτερον
498 1797 599 1873 μᾶλλον
610 1796 629 1868 ἢ
642 1795 829 1877 εὐτυχέστερον
837 1794 890 1861 τοῖς
901 1816 968 1869 sup·

190 1884 310 1944 ὁαίνουσι
325 1885 499 1964 χρησάμενοι.

228 1976 294 2036 ΧΧ.
318 1977 353 2034 Οἱ
383 1972 411 2033 δέ
438 1976 498 2052 μετ’
524 1972 619 2041 αὐτούς
644 1973 844 2054 ἀποδειχθέντες
871 1970 967 2032 ύπατοι

191 2063 304 2144 Μάρκος
319 2063 455 2134 Μηνύκιος
468 2064 626 2143 Αὐγουρῖνος
641 2063 687 2122 καλ
697 2054 783 2133 ailoe
796 2059 968 2141 Σεμπρώνιος

134 2177 161 2218 m
192 2153 359 2232 Ἀτρατῖνος,
385 2152 504 2231 δεύτερον
529 2152 708 2219 καταστάντες
734 2150 777 2210 tat
798 2149 846 2222 τὴν
866 2148 964 2231 ἀρχὴν,

191 2241 281 2318 ἀνδρες
300 2238 359 2297 ούτε
377 2238 464 2296 ὁπλων
477 2237 538 2297 οὗτε
558 2239 643 2319 λόγων
658 2239 761 2318 ἀπειροι
772 2281 780 2311 ,
793 2239 903 2319 προνοίφ
919 2236 966 2315 μίν

189 2329 337 2410 ίχρήσαντο
349 2328 449 2408 πολλῇ,
463 2328 535 2388 σίτου
548 2351 577 2387 τε
591 2327 636 2388 καί
653 2333 700 2400 τῆς
715 2327 797 2401 άλλης
809 2330 906 2407 ἀγορᾶς
917 2329 967 2404 ἀμ·

189 2420 291 2489 πλῆσαι
312 2415 361 2488 τὴν
375 2416 468 2489 πόλιν,
482 2420 518 2485 ώς
533 2419 603 2495 έντῆ
620 2419 679 2476 κατ’
692 2416 774 2490 αὐτὴν
787 2416 908 2497 εὐετηρίαΙ
920 2420 968 2488 τῆς

154 2512 157 2517 ’
190 2507 312 2584 ὁμονοίας
327 2512 373 2565 τοῦ
393 2506 508 2578 πλήθους
529 2505 662 2586 κειμένης.
704 2509 745 2567 Οὐ
765 2507 818 2582 μὴν
839 2504 968 2584 ἐξεγένετό

135 2625 162 2666 25
190 2619 220 2673 γε
235 2599 321 2660 αὐτοῖς
341 2593 497 2676 ἀμφοτέρων
518 2592 575 2671 ἅμα
591 2593 689 2654 τούτων
703 2596 806 2676 τυχεῖν,
827 2592 896 2653 ἀλλά
915 2617 965 2653 συ-

190 2686 322 2753 νεισῆλθεν
338 2683 394 2761 ἀμα
410 2686 448 2764 τῷ
466 2682 537 2764 κόρῳ
553 2686 605 2742 τῶν
627 2686 732 2764 ἀγαθῶν
747 2687 764 2755 ἡ
784 2685 836 2741 τῶν
857 2705 966 2763 χρησα·

192 2772 276 2851 μένων
294 2773 381 2839 αὐτοῖς
403 2771 487 2852 ὁόρις.
531 2772 586 2833 tfat
606 2771 666 2832 τότε
686 2771 719 2843 δὴ
742 2771 863 2850 μέγιστος
884 2768 966 2830 κατέ-

189 2860 257 2920 λαόε
270 2859 317 2934 τὴν
335 2861 444 2938 Ῥώμην
459 2861 575 2929 κίνδυνος
589 2860 615 2930 ἐξ
629 2864 728 2943 ἀρχῆς,
743 2860 786 2919 ὁτι
796 2859 894 2930 ἥκιστα
909 2858 967 2918 ἰδό-

191 2975 242 3009 κει.
287 2947 326 3010 Οί
340 2974 367 3009 τε
382 2950 433 3029 γάρ
449 2949 493 3008 ἐπὶ
509 2948 557 3020 τὴν
574 2951 698 3009 σιτωνίαν
711 2947 903 3014 ἀποσταλέντες
923 2951 967 3005 ὁπ’

136 3067 164 3108 ης)
192 3040 277 3096 αὐτῶν
292 3037 417 3118 πρέσὸεις
434 3039 464 3095 έκ
481 3040 533 3095 τῶν
546 3037 770 3117 παραθαλαττίων
784 3060 813 3094 τε
826 3036 873 3095 καί
886 3059 968 3113 μεσο-

191 3127 269 3206 γείων
285 3127 419 3207 ἐμπορίων
441 3127 512 3185 σῖτον
532 3125 698 3201 ὠνησάμενοι
719 3124 868 3204 κατήγαγον
883 3126 969 3201 δημο-

191 3216 236 3299 σίφ
246 3241 253 3255 ·
263 3216 289 3277 oi
299 3242 328 3276 τε
339 3215 522 3292 διαμείόεσθαι
531 3214 579 3283 τάς
593 3213 690 3295 ἀγοράς
702 3213 820 3282 εἰωθότες
832 3217 861 3273 έκ
872 3216 969 3283 παντὸς

191 3307 272 3367 τόπου
295 3307 441 3379 συνῆλθον,
463 3306 526 3385 παρ’
546 3296 582 3362 ῶν
605 3309 623 3376 ἡ
648 3302 724 3371 πόλις
744 3302 903 3381 ὠνησαμένη
925 3300 968 3359 τδν

192 3396 285 3474 φόρτον
308 3397 338 3452 έκ
359 3398 410 3452 τῶν
433 3395 525 3452 κοινῶν
545 3391 690 3472 χρημάτοιν
713 3382 783 3471 εἶχεν
805 3393 831 3450 έν
853 3393 968 3474 φυλακῇ.

138 3508 164 3549 ss
192 3474 291 3543 Ἦλθον
316 3480 343 3539 δέ
367 3480 413 3539 καλ
437 3483 461 3538 ot
484 3481 609 3560 πρότερον
632 3478 824 3546 ἀποσταλέντες
847 3478 970 3559 πρέσύεις

194 3574 228 3638 εἷς
243 3569 367 3630 Σικελίαν
378 3568 502 3648 Γεγάνιος
515 3568 561 3628 καί
576 3569 735 3648 Οὐαλέριος,
754 3568 853 3636 πολλδις
865 3569 970 3648 ἄγοντες

193 3660 319 3731 ὁλκάδας,
345 3661 372 3718 έν
398 3648 439 3725 αἶς
464 3658 615 3735 ἐκομίζοντο
636 3662 725 3737 πυρῶν
747 3658 825 3717 πέντε
848 3654 971 3738 μυράδες

193 3748 325 3823 μεδίμνων
339 3748 497 3818 Σικελικῶν,
515 3736 552 3804 ῶν
568 3745 598 3804 τὸ
615 3743 663 3822 μέν
678 3745 762 3823 ῆμισυ
778 3745 857 3825 μέρος
870 3745 970 3818 ῶνητόν

193 3829 225 3908 ῆν
253 3836 379 3916 βραχείας
400 3836 469 3895 πάνυ
493 3833 632 3912 τιμῆς,τύ
651 3835 678 3892 δέ
702 3833 793 3894 λοιπύν
816 3833 971 3912 ὁτύραννος

139 3958 168 3999 40
195 3925 355 3983 ἀπεστάλκει
369 3928 466 4003 προῖκα
482 3921 540 3990 δούς
554 3920 601 3982 καί
615 3924 703 3983 τελεσι
718 3922 904 4003 παρακομίσας
918 3930 971 3990 τοῖς

194 4011 277 4077 ἰδίοις.
320 4012 371 4078 Ὡς
388 4011 414 4070 δὲ
431 4012 584 4091 ἀπηγγέλθη
598 4012 650 4077 τοῖς
673 4015 699 4071 ἔν
714 4015 747 4090 τῇ
763 4009 839 4070 πόλει
853 4015 867 4071 ὁ
883 4009 970 4068 κατά-

195 4101 274 4165 πλους
298 4103 350 4157 τῶν
377 4103 491 4178 σιτηγῶν
520 4100 639 4160 ὁλκάδων
669 4102 720 4156 τῶν
749 4098 801 4157 ἀπὸ
830 4096 968 4170 Σικελίας,

194 4186 280 4256 πολλὴ
304 4189 410 4259 ζήτησις
438 4188 560 4247 ἐνέπιπτε
585 4192 638 4255 τοῖς
661 4187 808 4266 πατρικίοις
836 4184 901 4266 ὁπέρ
924 4191 971 4257 τῆς

195 4272 331 4339 διαθέσεως
347 4276 434 4335 αὐτοῦ.
477 4278 512 4335 Οί
536 4275 584 4351 μέν
605 4273 656 4354 γδιρ
674 4273 861 4333 ἐπιεικέστατοι
885 4275 969 4333 αὐτῶν

138 4400 165 4438 gg
193 4364 239 4421 καὶ
262 4361 465 4442 φιλοδημότατοι
490 4362 553 4444 πρὸς
577 4361 625 4430 τάς
650 4363 814 4442 κατεχούσας
835 4363 969 4422 τὸκοινόν

174 4514 176 4519 ¹
194 4451 309 4527 ἀνάγκας
324 4451 516 4519 ἀποόλέποντες
529 4451 577 4522 τόν
595 4476 624 4510 τε
637 4450 711 4531 παρδι
725 4457 770 4510 τοῦ
781 4452 908 4532 τυράννου
920 4455 970 4510 δω·

195 4540 255 4617 ρεάν
271 4540 405 4620 παρῄνουν
421 4541 503 4600 ἅπασι
525 4545 658 4620 διανεῖμαι
671 4549 724 4608 τοῖς
744 4543 907 4618 δημοτικοῖς,
923 4540 969 4599 καί

193 4627 237 4687 τὸν
247 4630 379 4701 ἀνιηθέντα
391 4634 420 4688 ἐκ
432 4634 483 4687 τῶν
495 4632 628 4705 δημοσίων
637 4631 783 4711 χρημάτων
796 4640 867 4690 σῖτον
882 4630 971 4708 ὀλίγης

194 4719 282 4786 αὐτοῖς
297 4719 487 4794 ἀπεμπολῆσαι
498 4723 587 4795 τιμῆς,
603 4721 769 4787 διδάσκοντες
783 4723 818 4786 ῶς
831 4721 861 4777 ἐκ
873 4718 969 4777 τούτων

138 4840 165 4879 ςη
193 4806 224 4865 ἀν
237 4805 353 4884 γένοιντο
370 4807 488 4883 μάλιστα
500 4812 552 4867 τῶν
567 4812 685 4889 χαρίτων
701 4809 893 4886 ἐπιεικέστεραι
906 4808 971 4886 πρὸς

193 4896 252 4962 τούς
278 4898 404 4975 εὐπόρους
428 4898 455 4955 αί
477 4901 529 4955 τῶν
549 4900 669 4969 πενήτων
692 4897 784 4976 ὀργαί·
803 4899 827 4956 οί
846 4896 873 4955 δὲ
890 4897 970 4953 atta·

194 4983 310 5061 δέστεροι
326 4987 370 5043 καὶ
392 4985 625 5065 ὀλιγαρχικώτεροι
641 4986 715 5064 πάσῃ
732 4985 865 5065 προθυμίᾳ
882 4986 970 5043 τεκαὶ

195 5075 303 5147 μηχανῇ
318 5079 414 5132 κακοῦν
431 5073 513 5150 ᾤοντο
527 5075 580 5133 δεῖν
593 5073 652 5138 τούς
672 5070 843 5148 δημοτικούς,
862 5070 907 5129 καί
922 5093 969 5128 συ-

196 5153 348 5216 νεύούλευον
369 5161 470 5234 τιμίας,
486 5163 522 5228 ῶς
539 5161 576 5220 ένι
592 5163 709 5242 μάλιστα
726 5168 809 5218 ποιεῖν
823 5159 908 5225 αὐτοῖς
927 5135 999 5231 τὰς]
1018 5165 1092 5224 bant,
1112 5165 1139 5211 ut
1161 5157 1262 5225 patricii
1282 5169 1357 5219 quam
1380 5155 1482 5218 possent
1503 5145 1589 5199 carissi

705 335 874 397 DlONYSll
899 333 1279 398 naticnnNsssnnsts

1019 480 1138 534 amarent,
1156 478 1206 538 alii,
1227 477 1291 541 qnod
1309 477 1398 529 bonam
1414 491 1484 543 spem
1503 478 1542 530 rei
1563 479 1668 533 feliciter
1685 485 1804 546 gerendae

1019 571 1183 635 conciperent.
1218 576 1271 623 lam
1291 573 1355 625 enim
1370 572 1438 624 illius
1451 573 1497 623 riri
1513 587 1603 626 nomen
1622 576 1718 630 celebre
1737 583 1802 641 erat,

1018 670 1044 717 et
1057 679 1171 731 magnum
1183 665 1298 716 hostibus
1310 670 1430 718 terrorem
1440 667 1585 721 incutiebat.
1613 671 1662 722 iste
1674 673 1805 724 exereitus

1020 756 1121 807 tubum
1143 770 1223 820 usque
1249 769 1408 820 pmgressus,
1431 768 1520 822 magna
1541 761 1659 812 frumenti
1681 764 1752 828 mpla
1778 767 1803 815 in

1019 849 1085 914 agria
1101 849 1188 900 relicta
1210 853 1236 901 et
1254 850 1325 901 facile
1344 855 1442 916 captam
1468 854 1648 921 mancipiisque
1666 860 1692 908 et
1712 872 1803 924 magna

1021 945 1116 1010 pecoris
1138 945 1208 1010 copia
1229 946 1323 1010 potitus
1340 950 1387 1007 est,
1408 961 1488 1012 neqne
1506 950 1586 1000 multo
1605 955 1661 1016 post
1679 953 1802 1005 rebusad

1020 1040 1114 1090 rictum
1129 1039 1308 1103 pertinentibus
1321 1039 1395 1090 ditior
1409 1040 1490 1091 faetus
1504 1042 1606 1093 domum
1619 1045 1694 1097 rediit
1709 1066 1715 1096 :
1729 1047 1764 1096 ita
1775 1052 1803 1097 ut

1020 1134 1064 1199 qui
1073 1133 1098 1182 in
1109 1132 1170 1184 urba
1179 1139 1348 1184 remanserant
1362 1135 1446 1185 measti
1459 1136 1568 1198 graviter
1579 1137 1611 1188 de
1623 1139 1732 1190 tribunis
1741 1154 1801 1190 con-

1020 1229 1192 1291 quererentur,
1207 1240 1314 1290 qnomm
1325 1227 1398 1290 culpa
1412 1229 1486 1279 simili
1502 1229 1619 1281 felicitate
1632 1245 1659 1282 se
1676 1233 1803 1283 fraudatos

1020 1321 1148 1388 putabant.
1183 1321 1307 1386 Geganius
1320 1320 1396 1386 igitur
1410 1327 1436 1374 et
1446 1324 1578 1385 Minucius,
1592 1325 1668 1377 buius
1678 1327 1734 1378 anni
1744 1341 1802 1377 con-

1021 1415 1103 1477 sules,
1125 1413 1219 1478 magnis
1236 1426 1267 1463 ac
1294 1413 1371 1464 variis
1394 1417 1586 1479 tempestatibus
1606 1417 1691 1469 iactati
1713 1419 1804 1484 quibus

1022 1506 1113 1571 sapius
1126 1505 1305 1571 rempublicam
1325 1519 1385 1570 pene
1398 1507 1542 1558 subvertere
1559 1509 1711 1562 ridebantur
1722 1514 1784 1562 ῑειιιο
1789 1527 1803 1560 ιι

1021 1601 1114 1652 nullasu
1124 1599 1147 1650 ei
1161 1598 1299 1664 graviorem
1315 1598 1482 1650 calamitatem
1496 1601 1642 1663 attulerunt,
1654 1602 1732 1654 sedin
1742 1603 1803 1668 ipsis

1022 1696 1129 1746 fortuna
1143 1693 1242 1744 casibus
1261 1692 1353 1746 maiore
1368 1695 1499 1759 pmdentia
1516 1708 1592 1759 quam
1613 1696 1728 1748 felicitate
1747 1710 1800 1747 eam

1022 1796 1161 1845 servarunt.

1054 1973 1109 2022 xx.
1127 1973 1178 2021 llos
1189 1971 1270 2021 secuti
1283 1974 1342 2023 sunt
1352 1971 1466 2024 eonsules
1477 1974 1512 2024 ld.
1525 1973 1650 2026 lffnueins
1664 1977 1804 2040 Augurinus

1022 2072 1048 2120 et
1057 2072 1087 2119 Α.
1100 2069 1260 2134 Sempronius
1270 2069 1399 2120 Atratinus
1408 2069 1500 2122 iterum
1509 2071 1614 2122 eunde·
1629 2073 1802 2136 magistmtum

1023 2168 1115 2234 adepti,
1127 2168 1176 2220 riri
1190 2172 1216 2219 et
1227 2168 1263 2218 rei
1278 2168 1392 2220 militaris
1404 2175 1431 2221 ct
1442 2169 1538 2222 dicendi
1549 2169 1630 2235 periti,
1639 2171 1684 2234 qui
1698 2171 1801 2235 provide

1024 2279 1139 2331 magnam
1156 2265 1324 2317 adhibuerunt
1339 2265 1500 2332 diligentiam,
1509 2267 1556 2317 -nt'
1568 2267 1692 2318 frumento
1712 2271 1737 2318 et
1752 2268 1801 2316 alio

1023 2364 1164 2415 commeatu
1177 2362 1266 2415 urbem
1277 2363 1407 2428 replerent,
1418 2364 1485 2429 qnod
1496 2364 1522 2416 'tn
1535 2378 1638 2416 annona
1649 2363 1745 2416 vilitate
1754 2376 1801 2427 po·

1024 2460 1076 2527 puli
1096 2457 1227 2511 concordia
1250 2459 1298 2510 sita
1319 2463 1393 2510 esset.
1428 2463 1605 2513 Verumtamen
1630 2474 1680 2511 non
1704 2459 1803 2523 contigit

1023 2557 1080 2620 illis,
1094 2560 1122 2608 ut
1136 2560 1270 2620 utrumqne
1285 2554 1360 2606 stmnl
1371 2559 1471 2621 possent
1483 2556 1615 2623 consequi3
1632 2556 1676 2608 sed
1689 2569 1738 2606 nna
1748 2566 1805 2606 cum

1022 2657 1075 2722 ipsa
1087 2654 1210 2705 bonorum
1223 2654 1303 2719 copia,
1316 2667 1405 2704 corum
1418 2655 1508 2717 edam,
1522 2654 1565 2718 qui
1577 2654 1627 2705 illis
1643 2658 1715 2704 erant
1726 2652 1804 2711 nsum,

1023 2752 1157 2820 petulantia
1168 2753 1194 2802 in
1204 2749 1381 2816 rempublicam
1392 2752 1433 2802 eat
1443 2750 1561 2817 ingressa.
1595 2753 1627 2802 nt
1635 2764 1685 2814 quo
1695 2754 1804 2815 tempore

1023 2849 1070 2899 boe
1081 2847 1181 2898 minime
1199 2845 1400 2911 exspectabatur,
1419 2847 1501 2899 denno
1514 2847 1620 2913 populns
1638 2851 1763 2898 Romanus
1778 2847 1803 2896 in

1023 2943 1158 2993 marimum
1173 2943 1311 3007 periculum
1332 2944 1445 2996 incurrit.
1477 2944 1540 2996 Nam
1560 2947 1586 2994 et
1602 2944 1678 3008 legati
1695 2941 1727 2991 ad
1746 2943 1801 2991 fru-

1023 3043 1134 3092 mentum
1154 3041 1315 3092 ooemendum
1339 3041 1370 3091 ab
1389 3041 1450 3106 ipsls
1467 3039 1549 3102 missi,
1569 3054 1601 3090 ex
1621 3039 1753 3090 maritimis
1777 3045 1802 3090 et

1024 3138 1208 3190 rneditcrraneis
1220 3139 1337 3203 emporiis
1351 3142 1491 3204 coemptum
1502 3138 1654 3189 frumentum
1667 3137 1692 3186 in
1712 3137 1803 3188 lrorrea

1025 3235 1123 3300 publica
1142 3233 1295 3285 advexerunt
1319 3237 1370 3285 :et
1390 3232 1438 3298 ipsi
1462 3231 1617 3282 frumentarii
1640 3235 1802 3293 mercatores,

1025 3330 1068 3395 qui
1083 3332 1236 3380 commeatus
1250 3330 1276 3379 in
1288 3328 1376 3381 urbem
1397 3329 1461 3381 ferre
1471 3327 1597 3388 solebant,
1614 3327 1722 3391 undique
1741 3341 1803 3378 con-

1027 3429 1162 3488 unxerunt,
1174 3440 1278 3490 qnorum
1291 3439 1384 3477 meroes
1396 3426 1483 3478 civitas
1493 3438 1542 3476 are
1553 3423 1652 3490 publico
1664 3427 1745 3474 emtas
1761 3438 1801 3474 ac-

1026 3532 1111 3581 curate
1129 3527 1280 3578 reservabat.
1315 3528 1438 3591 Geganius
1454 3525 1528 3576 etiam
1545 3527 1572 3575 et
1585 3523 1710 3584 Valerius,
1730 3522 1804 3586 legati

1026 3637 1052 3687 in
1066 3634 1174 3686 Siciliam
1188 3637 1259 3682 autea
1272 3631 1352 3692 missi,
1370 3630 1497 3682 redierunt
1513 3641 1571 3679 cnm
1585 3627 1670 3678 multis
1686 3627 1803 3677 onerariis

1025 3740 1141 3799 navibus,
1155 3737 1180 3787 in
1198 3734 1288 3799 quibus
1302 3732 1489 3783 advehebantur
1507 3731 1624 3781 frumenti
1642 3728 1804 3795 quinquagies

1025 3841 1093 3891 mille
1115 3837 1191 3888 modii
1201 3835 1289 3895 Siculi;
1310 3847 1418 3898 quorum
1450 3831 1581 3883 dimidium
1605 3831 1650 3882 vili
1671 3829 1803 3880 admodum

1025 3934 1105 3998 pretio
1123 3934 1244 3991 emerant,
1258 3928 1381 3993 reliquum
1394 3941 1455 3979 sero
1474 3909 1594 3990 tyrannus
1609 3923 1674 3974 dono
1692 3922 1801 3973 miserat,

1025 4028 1127 4092 suisque
1143 4026 1267 4078 sumtibus
1278 4020 1453 4074 advehendum
1467 4019 1575 4069 curarat.
1609 4015 1655 4066 ubi
1671 4027 1729 4064 vero
1739 4026 1805 4062 nun-

1025 4120 1116 4170 tiatum
1129 4124 1168 4171 est
1186 4120 1211 4168 in
1225 4117 1305 4177 urbe,
1323 4127 1399 4165 naves
1419 4112 1544 4161 frumento
1559 4109 1663 4157 onustas
1674 4117 1704 4152 er
1722 4101 1804 4153 sicilia

1026 4212 1113 4272 redire,
1127 4212 1170 4262 diu
1187 4210 1250 4260 inter
1265 4206 1380 4270 patricios
1402 4204 1522 4268 agitatum
1541 4202 1589 4261 est,
1610 4191 1806 4262 quonammodo

1026 4308 1052 4360 id
1068 4309 1264 4361 distribuendum
1279 4307 1351 4354 esset.
1386 4303 1448 4350 llam
1462 4297 1504 4362 qui
1522 4297 1586 4346 inter
1599 4291 1653 4342 allos
1668 4286 1805 4351 aequissimi

1026 4403 1152 4470 plebisque
1173 4399 1335 4454 amantissimi
1352 4396 1439 4456 eraut,
1459 4389 1643 4441 considerantes
1661 4385 1685 4433 in
1707 4382 1805 4445 quantis

1025 4498 1212 4548 necessitntibus
1225 4491 1362 4557 respublica
1376 4488 1526 4543 versaretur,
1544 4481 1636 4530 donum
1646 4475 1745 4539 tyranni
1754 4488 1807 4523 om·

1025 4591 1097 4642 nibus
1120 4591 1219 4652 plebeiis
1240 4583 1402 4637 dividendum
1431 4576 1579 4633 censebant,
1603 4573 1806 4632 frumentumque

1025 4700 1074 4736 aere
1088 4686 1187 4750 publico
1206 4686 1300 4733 emtum
1315 4691 1392 4744 parvo
1407 4673 1487 4740 pretio
1501 4670 1549 4721 illis
1569 4665 1745 4723 eveniendum,
1762 4662 1807 4711 do·

1025 4782 1108 4829 centes
1127 4778 1165 4826 liis
1181 4776 1335 4840 potissimum
1354 4764 1480 4820 beneficiis
1494 4771 1615 4827 pauperes
1631 4754 1753 4805 delenitos
1769 4753 1805 4800 di·

1025 4871 1118 4922 vitibus
1132 4870 1251 4934 aequiores
1268 4880 1323 4917 sese
1338 4861 1485 4929 prebituros
1501 4875 1508 4906 ε
1524 4858 1550 4905 at
1565 4851 1610 4917 qui
1624 4845 1807 4911 arrogantiores

1024 4975 1050 5023 ct
1067 4970 1205 5020 dominatus
1219 4978 1354 5031 paucorum
1374 4962 1483 5011 fautores
1503 4955 1588 5012 erant,
1605 4949 1671 5000 omni
1683 4941 1764 4994 studio
1778 4945 1804 4990 et

1024 5071 1111 5134 quavis
1124 5068 1217 5117 ratione
1234 5063 1330 5128 plebem
1347 5057 1506 5127 premendam
1519 5051 1658 5105 censebant,
1673 5045 1697 5091 et
1710 5038 1802 5088 Simili·

1590 5155 1629 5193 me
1648 5137 1805 5188 oorrttnentus
