3772 5828
188 331 246 392 oba

188 463 306 540 κειμένη.
352 458 586 542 Στρατοπεδεύσας
610 456 638 516 δθ
663 458 775 530 πλησίον
799 464 846 529 τῆς
866 457 968 525 πολιως

190 550 234 612 ἐπὶ
252 548 351 616 πολλθς
371 548 488 627 ἡμέρας,
504 546 563 606 κατ’
576 544 673 605 ἐλπίδα
692 551 738 605 τοῦ
762 545 968 625 προελεύσεσθαι

190 638 246 707 τούς
260 639 332 698 ἔνδον
349 641 383 706 εἰς
398 636 507 717 μάχην,
521 639 556 703 ὡς
567 634 677 710 οὐδεμία
695 633 762 709 ἐξῄει
776 636 903 713 στρατιά,
918 635 966 705 τὴν

189 731 238 806 γῆν
254 729 339 785 αὐτῶν
352 726 429 806 ἐδῄου
441 723 586 803 ἀνθρώπων
598 722 697 800 μεστὴν
708 712 789 781 οὐοαν
804 722 850 781 καλ
866 727 967 803 βοσκη-

149 844 162 882 r,
190 816 292 892 μάτων.
336 817 377 874 Οὐ
401 812 452 892 γθρ
476 813 592 892 έρθασαν
614 812 858 888 ἀνασκευασάμενοι
884 811 918 870 τδι
938 814 969 870 ἐκ

188 908 241 963 τῶν
256 906 354 985 ἀγρῶν,
371 902 499 981 αίρνιδίου
516 900 668 981 γενηθείσης
690 901 776 967 αὐτοῖς
795 906 843 972 τῆς
862 900 965 981 ἐφόδου.

189 991 279 1072 ’Eoris
294 993 321 1050 δὲ
337 990 382 1050 καί
403 995 488 1050 ταῦτα
507 998 561 1058 τοῖς
584 990 759 1068 στρατιώταις
782 990 934 1068 διαρπάζειν
954 993 969 1049 θ

189 1079 312 1152 Φάύιος,
326 1079 372 1138 καί
386 1079 488 1146 πολλάς
503 1080 529 1137 ἐν
548 1082 582 1156 τῇ
602 1082 722 1159 προνομῇ
742 1078 882 1158 διατρίψας
898 1074 968 1155 ἡμέ-

190 1192 235 1247 ρας
250 1172 350 1247 ἀπῆγεν
363 1169 404 1226 ἐπ’
418 1165 489 1226 οἴκου
500 1165 548 1238 τὴν
564 1165 685 1243 δύναμιν.
731 1165 763 1227 Ὀ
779 1165 801 1224 δ’
814 1165 899 1247 ἐτερος
917 1169 968 1225 τῶν

137 1280 163 1319 ιιι
188 1257 296 1316 ὑπάτων
317 1256 475 1335 Κορνήλιος,
490 1256 533 1312 ἐπὶ
548 1252 607 1320 τούς
629 1257 655 1312 ἐν
669 1254 760 1334 Ἀντίῳ
775 1253 926 1333 Ῥωμαίους
940 1279 968 1315 τε

188 1346 234 1405 καί
250 1345 432 1412 Οὐολούσκους
451 1343 584 1416 ἐλαύνων,
600 1343 769 1424 ἐπιτυγχάνει
790 1353 902 1424 στρατιᾷ
916 1344 968 1421 πρὸ

187 1439 239 1493 τῶν
254 1436 331 1515 ὁρίων
350 1436 435 1492 αὐτῶν
459 1432 651 1513 ὑποδεχομένη.
699 1432 926 1511 Ιλαραταξάμινος
941 1434 968 1494 δέ

189 1526 290 1590 αὐτοῖς,
308 1521 353 1580 καί
369 1519 480 1587 πολλοὺς
499 1520 547 1596 μέν
572 1521 711 1600 φονεύσας,
737 1519 795 1588 τούς
816 1521 844 1580 δέ
863 1521 969 1589 λοιπούς

186 1610 369 1690 τρεψάμενος,
385 1610 468 1687 ἀγχοῦ
483 1612 529 1679 τῆς
544 1609 645 1675 πολεως
665 1608 966 1688 κατεστρατοπέδευσεν.

136 1718 159 1758 ιο
187 1701 226 1759 Οὐ
239 1698 397 1772 τολμώντων
417 1699 443 1760 δέ
465 1701 517 1756 τῶν
538 1698 568 1756 ἐκ
582 1701 629 1769 τῆς
648 1698 750 1764 πόλεως
763 1700 851 1759 οὐκέτι
871 1708 967 1779 χωρεῖν

186 1790 222 1853 εἰς
237 1786 341 1866 μάχην,
352 1789 455 1865 πρῶτον
466 1783 513 1861 μέν
526 1785 573 1859 τὴν
590 1792 639 1863 γῆν
651 1787 737 1844 αὐτῶν
752 1786 863 1866 ίκειρεν,
877 1790 967 1847 ἔπειτα

186 1877 233 1949 τὴν
249 1878 325 1934 πόλιν
352 1874 470 1952 [αὐτῶν]
494 1873 659 1955 ἀπετάρρευε
684 1874 730 1933 καί
759 1875 964 1956 περιεχαράκου.

185 1967 252 2027 Τότε
268 1965 299 2034 δὴ
311 1966 391 2023 πάλιν
412 1963 619 2042 ἀναγκασθέντες
638 1963 744 2034 ἐξῆλθον
761 1966 791 2022 ἐκ
805 1970 852 2034 τῆς
866 1967 966 2033 πόλεως

185 2062 369 2134 πανστρατιᾷ,
382 2051 465 2118 πολύς
481 2054 527 2110 καὶ
542 2051 704 2117 ἀσύντακτος
723 2051 817 2133 ὄχλος,
834 2053 880 2111 καί
896 2076 968 2125 συμ-

133 2164 160 2204 ao
187 2141 311 2208 ὑαλόντες
332 2144 368 2208 εἰς
382 2141 494 2218 μάχην,
508 2140 546 2199 ἔτι
561 2141 653 2201 κάκιον
670 2140 864 2219 ἀγωνισάμενοι
882 2165 967 2201 κατα-

187 2232 318 2291 κλείονται
342 2230 372 2288 τδ
389 2229 509 2309 δεύτερον
530 2232 566 2296 είς
591 2230 637 2302 τλν
658 2229 751 2301 πόλιν,
778 2230 896 2308 αἰσχρῶς
921 2231 967 2290 καί

188 2320 321 2393 ἀνάνδρως
334 2317 482 2397 φεύγοντες.
527 2317 562 2379 Ὁ
576 2319 603 2376 δὲ
614 2317 724 2387 ὐπατος,
741 2318 867 2393 οὐδεμίαν
881 2320 967 2388 αὐτοῖς

186 2408 351 2488 ἀναστροφὴν
362 2407 401 2465 ίτι
414 2399 486 2480 δούς,
499 2407 633 2483 κλίμακας
644 2405 790 2488 προσέφερε
802 2414 856 2473 τοῖς
867 2406 969 2487 τείχεσι

185 2495 230 2554 καί
253 2498 335 2577 κριοῖς
351 2493 476 2564 ἐξέκοπτε
494 2494 541 2562 τδις
563 2495 659 2561 πύλας.
703 2494 852 2563 Ἐπιπάνως
878 2498 905 2557 at
922 2497 968 2556 καὶ

131 2604 158 2643 τε
184 2584 359 2663 ταλαιπώροις
380 2588 432 2643 τῶν
461 2583 532 2643 ἐνδον
562 2585 793 2664 ἀπομαχομένων,
823 2588 853 2644 οὐ
881 2586 968 2646 πολλὰ

185 2674 397 2751 πραγματευθιίς
418 2672 487 2732 κατὰ
507 2673 603 2753 κράτος
620 2676 689 2753 αίρεῖ
706 2676 754 2748 τὴν
770 2675 857 2737 πολιν.
887 2674 965 2754 Χρή-

184 2784 258 2836 ματα
273 2760 321 2836 μέν
337 2752 380 2820 οὐν
408 2764 511 2839 αὐτῶν,
526 2762 577 2822 ὅσα
604 2764 700 2843 χρυσὸς
721 2765 767 2822 καί
791 2764 902 2843 ἄργυρος
923 2764 968 2823 καί

184 2851 283 2931 χαλκὸς
308 2853 388 2924 ἐνῆν,
408 2854 443 2918 εἰς
463 2852 492 2910 τύ
511 2852 638 2928 δημόσιον
655 2853 792 2911 ἐκέλευσεν
810 2852 964 2932 ἀναρέριιν,

186 2938 338 3018 ἀνδράποδα
364 2940 391 2998 δὲ
409 2939 464 3004 τούς
486 2939 583 3016 ταμίας
598 2939 856 3019 παραλαμὸάνοντας
873 2943 918 2999 καὶ
933 2941 966 2999 τθ

130 3051 158 3091 ao
185 3026 264 3086 iorni
278 3027 382 3107 λάρυρα
401 3030 510 3084 πωλεῖν.
561 3029 625 3091 Ἰὀῐς
638 3027 665 3086 δὲ
682 3027 855 3106 στρατιώταις
869 3030 965 3100 ἐσθῆτα

184 3116 230 3174 καὶ
245 3128 358 3196 τρορας,
373 3116 417 3174 καί
433 3113 473 3172 ὅτ’
487 3114 556 3172 άλλα
572 3119 681 3172 τοιαῦτα
702 3115 826 3175 ἐδύναντο
841 3118 966 3195 ώρελεῖσ-

185 3211 244 3274 θαι,
262 3205 413 3283 ἐπέτρεψεν.
456 3197 572 3262 Ἔπειτα
588 3202 722 3279 διακρίνας
737 3207 788 3261 τῶν
805 3227 833 3263 τε
848 3205 966 3284 κληρού-

183 3315 239 3371 χων
255 3290 366 3350 καὶτῶν
381 3292 499 3372 ἀρχαίων
516 3292 656 3351 Ἀντιατῶν
669 3291 727 3357 τούς
743 3295 966 3372 ἐπιφανεστάτους

183 3405 211 3440 τε
224 3382 268 3438 καὶ
281 3385 327 3451 τῆς
343 3379 512 3446 ἀποστάσεως
524 3380 636 3447 αἰτίους·
652 3371 721 3452 ἦσαν
737 3382 764 3438 δὲ
780 3383 882 3440 πολλοί·
899 3382 965 3461 ῥάθ-

133 3493 160 3531 as
185 3473 237 3538 δοις
252 3473 274 3528 τ’
288 3469 400 3549 ᾐκίσατο
416 3469 494 3547 μέχρι
506 3471 604 3529 πολλοῦ
619 3470 664 3528 καὶ
675 3469 735 3536 τούς
754 3469 867 3550 αὐχένας
879 3473 964 3530 αὐτῶν

184 3559 319 3617 ἐκέλευσεν
336 3560 487 3632 ἀποτεμεῖν.
532 3560 625 3616 Ταῦτα
649 3556 860 3636 διαπραξάμενος
880 3561 966 3639 ἀπῆγε

184 3645 229 3703 καί
245 3645 319 3709 αὐτὸς
332 3644 375 3703 ἐπ’
390 3644 462 3704 οἴκου
482 3646 528 3715 τὴν
549 3646 670 3721 δύναμιν.
717 3648 827 3715 Τούτοις
848 3651 864 3718 ἡ
883 3649 965 3724 βουλὴ

184 3743 236 3800 τοῖς
255 3735 363 3800 ὑπάτοις
385 3736 524 3813 προσιούσί
540 3759 567 3793 τε
583 3737 742 3812 ἀπήντησε,
764 3737 808 3796 καὶ
820 3736 964 3816 θριάμύους

184 3824 338 3902 ἀμφοτέροις
364 3829 525 3904 καταγαγεῖν
546 3826 703 3905 ἐψηρίσατυ.
750 3826 803 3885 Καὶ
829 3825 893 3903 πρὸς
914 3830 963 3885 Αί-

129 3929 157 3967 ιο
184 3911 277 3975 κανούι
303 3913 548 3990 πρεσὺευσαμένους
577 3912 641 3992 ύπέρ
669 3916 773 3993 εἰρήνης
819 3916 962 3986 ἐποιήσατο

184 4001 312 4069 συνθήκας
328 4004 387 4079 περὶ
399 4003 569 4067 καταλύσεως
585 4011 630 4061 τοῦ
647 4003 777 4078 πολέμου,
791 4006 816 4061 ἐν
828 3995 869 4068 αἷς
886 4006 965 4084 ἐγρά-

184 4109 233 4166 pn·
273 4115 284 4137 ιι
305 4088 397 4155 Πόλεις
419 4093 508 4148 τεκαὶ
530 4091 619 4171 χώρας
640 4092 747 4170 ἔχοντας
765 4094 911 4166 Αἰκανούς,
927 4085 962 4151 ῶν

184 4202 197 4226 «ι
213 4176 337 4253 ἐκράτουν
351 4176 393 4235 ὅτε
408 4182 434 4236 αἱ
456 4181 565 4238 σπονδαὶ
585 4179 714 4258 ἐγίνοντο,
730 4179 874 4257 Ῥωμαίοις
896 4172 962 4241 εἶναι

184 4293 196 4316 ιι
213 4264 359 4335 ὑπηκόους,
378 4267 442 4326 ἄλλο
459 4268 505 4344 μὲν
521 4272 709 4338 ὑποτελοῦντας
722 4272 817 4347 μηθέν,
833 4272 859 4327 ἐν
872 4270 898 4329 δέ
910 4277 962 4340 τοῖς

129 4383 154 4420 45
184 4382 195 4406 ιι
213 4352 337 4421 πολέμοις
362 4358 517 4436 συμμαχίαν
544 4360 753 4425 ἀποστέλλοντας
775 4360 959 4435 ὑοηνύήποτε,

184 4470 195 4493 ιι
210 4444 300 4520 ώσπερ
315 4444 360 4501 καὶ
375 4448 397 4502 οί
415 4446 490 4504 ἄλλοι
507 4447 678 4527 σύμμαχοι.»
696 4447 750 4506 Καὶ
764 4449 793 4506 τὸ
814 4451 870 4516 ἔτος
885 4456 961 4509 τοῦτο

183 4532 313 4590 ἐτελεύτα.

223 4622 313 4679 ΧΧΙΙ.
337 4623 383 4698 Τῷ
410 4622 433 4678 δ’
459 4621 515 4692 ἑξῆς
541 4625 651 4704 ἐνιαυτῷ
691 4626 768 4692 Γάϊος
795 4626 906 4691 Ναύτιος
930 4627 960 4683 τὸ

182 4711 300 4789 δεύτερον
319 4711 427 4788 αἱρεθείς
441 4712 486 4768 καὶ
503 4711 613 4781 Αεύκιος
632 4718 775 4787 Μηνύκιος,
793 4715 958 4793 παραλαάύνι

141 4820 167 4858 bo
181 4819 221 4861 τες
241 4796 287 4867 τὴν
302 4797 399 4857 ὕπατον
415 4798 517 4878 ἀρχὴν,
532 4802 595 4868 τέιιις
611 4803 658 4877 μὲν
673 4806 737 4883 ὑπὲρ
753 4810 803 4863 τῶν
817 4806 959 4862 πολιτικῶν

182 4885 287 4942 δικαίων
304 4890 419 4965 πόλεμον
439 4889 508 4954 ἐντὸς
532 4889 634 4968 τείχους
657 4895 800 4967 ἐπολέμουν
821 4893 885 4969 πρὸς
899 4891 958 4958 τούς

182 4970 237 5044 ἅμα
253 4975 399 5055 Οὐεργινίῳ
423 4974 589 5055 δημάρχους,
610 4979 668 5044 τούς
690 4981 813 5058 τέταρτον
830 4982 885 5046 ἔτος
907 4981 958 5051 ἤδη

182 5055 227 5124 “ill
250 5060 331 5128 αὐτὴν
359 5063 542 5141 κατασχόντας
559 5066 656 5144 ἀρχήν.
700 5067 778 5126 Ἐπεὶ
794 5069 820 5124 δὲ
839 5070 891 5127 ἀπὸ
905 5072 956 5126 τῶν

714 324 877 385 promisit
899 323 1278 390 HALICARNASSENSIS

1023 468 1157 533 oppidanos
1184 470 1209 521 in
1238 471 1317 521 aciem
1343 469 1514 535 prodituros:
1541 473 1587 524 sed
1612 488 1696 539 quum
1729 480 1820 534 nullus

1022 571 1147 622 exercituo
1158 572 1246 633 exiret,
1259 584 1345 635 agrum
1359 584 1446 623 eorum
1462 572 1604 626 bominibus
1620 580 1646 627 et
1664 591 1761 642 pecore
1775 596 1819 634 ro-

1023 670 1112 721 lertum
1131 672 1246 724 vastarit.
1280 675 1360 732 Nam,
1372 674 1499 736 repentino
1508 673 1617 726 adventu
1631 682 1760 742 oppressi,
1772 696 1817 735 res

1023 778 1080 825 ante
1104 775 1128 824 in
1141 775 1233 824 tutiora
1255 775 1309 824 loca
1321 788 1351 824 ex
1372 773 1438 839 agris
1451 780 1608 840 comportare
1631 783 1812 845 nequiverant.

1023 856 1122 934 Fabius,
1142 876 1297 940 bacquoque
1315 877 1398 941 pineda
1418 878 1539 929 militibus
1554 893 1694 943 concessa,
1708 887 1813 938 multis-

1009 975 1168 1040 'quediebus
1183 976 1207 1027 in
1224 976 1382 1040 populatione
1400 978 1530 1043 insumtis,
1545 980 1631 1044 copias
1645 983 1753 1037 domum
1771 1003 1813 1040 rc·

1023 1080 1105 1132 duxit.
1139 1085 1171 1132 nt
1186 1080 1328 1144 Cornelius,
1357 1081 1419 1132 alter
1439 1083 1541 1142 consul,
1569 1086 1701 1148 protectus
1721 1097 1812 1143 eontra

1023 1180 1146 1228 ltomauos
1159 1182 1185 1229 et
1203 1178 1323 1241 Volscos,
1342 1180 1384 1243 qui
1408 1181 1476 1231 Antii
1485 1186 1569 1243 erant,
1593 1185 1809 1244 olieuditexerri·

1023 1285 1086 1343 tum,
1102 1295 1179 1345 aquo
1191 1282 1216 1332 in
1239 1282 1331 1333 linibus
1350 1285 1548 1349 exspectabatur,
1561 1300 1619 1339 cum
1631 1291 1728 1355 quibua
1744 1310 1808 1346 con·

1022 1396 1134 1449 gressus,
1146 1382 1232 1434 multis
1241 1385 1321 1442 menis,
1336 1390 1362 1434 el
1376 1384 1476 1449 reliquis
1485 1387 1510 1436 in
1524 1386 1608 1452 fugam
1620 1393 1719 1455 uersis,
1731 1410 1808 1460 prope

1023 1486 1110 1537 urbem
1123 1487 1206 1534 castra
1220 1486 1314 1548 posuit.
1348 1489 1430 1544 Quum
1446 1493 1531 1538 autem
1552 1490 1671 1554 oppidani
1690 1495 1723 1545 ad
1736 1511 1806 1561 proe.

1023 1587 1083 1636 lium
1104 1584 1202 1650 prodire
1228 1583 1334 1647 amplius
1360 1600 1407 1635 non
1426 1586 1561 1652 auderent,
1582 1593 1693 1656 primum
1717 1612 1803 1650 eorum

1023 1708 1109 1758 agrum
1125 1692 1249 1753 vastarit,
1272 1691 1361 1742 deinde
1377 1691 1463 1741 urbam
1483 1693 1549 1744 lassa
1560 1694 1680 1762 valloque
1696 1701 1801 1753 circum.

1022 1797 1099 1847 dedit.
1111 1799 1179 1845 Tunc
1190 1794 1361 1857 igiturrursus
1373 1795 1519 1846 necessitate
1529 1799 1620 1861 coacti,
1634 1802 1695 1853 totis
1707 1806 1803 1859 viribus

1023 1913 1080 1950 cum
1101 1897 1193 1961 ingenti
1213 1898 1239 1946 et
1252 1897 1353 1948 contusa
1376 1898 1536 1952 multitudine
1551 1914 1583 1952 cx
1597 1904 1660 1956 urbe
1679 1906 1706 1958 in
1725 1912 1803 1963 aciem

1022 1999 1177 2065 prodierunt,
1191 2001 1216 2046 et
1226 1997 1367 2059 congressi,
1382 1998 1416 2047 ibi
1431 2012 1529 2062 quoque
1544 2002 1631 2064 probo
1649 2010 1802 2072 commisse,

1021 2099 1085 2150 intra
1096 2096 1184 2146 maenia
1195 2095 1285 2146 iterum
1298 2097 1420 2161 compulsi
1435 2101 1503 2161 sunt,
1516 2100 1621 2163 tursdler
1636 2107 1662 2152 el
1676 2104 1802 2167 ignaviter

1021 2201 1045 2251 in
1057 2199 1138 2261 lugam
1149 2198 1224 2247 versi.
1260 2197 1351 2248 consul
1372 2203 1470 2259 autem,
1490 2199 1553 2251 nuo
1566 2201 1728 2266 respiratione
1745 2209 1796 2259 illis

1020 2297 1204 2363 ampliusdata,
1228 2297 1309 2348 malas
1330 2297 1362 2348 ad
1384 2313 1468 2351 muros
1479 2301 1597 2365 adunari,
1618 2305 1694 2369 atque
1707 2315 1794 2372 portas

1020 2398 1137 2451 arietibus
1159 2397 1238 2462 tregit.
1274 2399 1409 2463 oppidanis
1428 2416 1488 2453 vero
1506 2402 1737 2472 laborioscctoegre
1756 2427 1795 2463 re.

1021 2501 1176 2559 sistentibus,
1191 2515 1240 2551 non
1264 2516 1353 2566 magno
1368 2504 1465 2568 negotio
1477 2504 1564 2557 urbem
1581 2505 1608 2557 ri
1619 2509 1693 2573 oepit.
1717 2512 1798 2569 Quint.

1019 2602 1081 2667 quid
1096 2605 1179 2651 aulem
1199 2602 1255 2651 auri
1272 2605 1298 2652 et
1310 2603 1403 2667 argenti
1418 2607 1493 2667 atque
1511 2607 1569 2657 aeris
1585 2607 1610 2658 iu
1623 2622 1655 2660 ea
1670 2610 1799 2664 inventurn

1019 2706 1066 2766 est,
1079 2700 1105 2751 id
1123 2700 1149 2751 in
1162 2701 1277 2752 aerarium
1300 2703 1400 2762 inferri:
1424 2707 1547 2771 mancipia
1559 2714 1585 2760 et
1597 2710 1722 2779 reliquam
1735 2729 1799 2780 pirac-

1018 2806 1076 2857 dam
1090 2808 1283 2871 aquaeatoribus
1299 2808 1372 2859 rendi
1394 2810 1481 2872 inseite
1501 2810 1622 2862 militibus
1636 2817 1733 2875 restes,
1752 2815 1797 2865 ali·

1019 2913 1111 2971 menta,
1134 2914 1160 2961 et
1175 2910 1284 2974 reliquas
1295 2909 1437 2962 huiusmodi
1454 2926 1503 2975 res,
1516 2916 1651 2979 exquibus
1665 2918 1796 2970 utilitatem

1019 3017 1107 3068 capere
1116 3008 1238 3068 poterant,
1259 3005 1284 3055 in
1305 3005 1416 3069 praedam
1431 3009 1562 3059 concessit.
1595 3013 1691 3064 Deinde
1705 3016 1753 3064 tarn
1765 3029 1796 3064 ex

1020 3106 1081 3170 ipsis
1093 3106 1195 3166 colonia,
1205 3119 1280 3169 quam
1298 3119 1329 3157 eu
1346 3107 1472 3159 veteribus
1482 3110 1622 3161 Antiatibus
1632 3152 1638 3172 ,
1650 3106 1798 3164 nobilissimi

1019 3205 1111 3270 quique
1125 3208 1150 3254 et
1163 3205 1307 3255 delectionis
1327 3211 1443 3258 auctores
1463 3208 1495 3258 ab
1507 3223 1536 3259 eo
1551 3210 1634 3260 selecti
1660 3214 1738 3273 (erant
1754 3226 1796 3261 au-

1021 3314 1070 3360 tem
1090 3308 1168 3369 inulti)
1186 3309 1262 3372 virgis
1275 3309 1318 3359 diu
1342 3309 1413 3370 caesi,
1439 3314 1465 3360 et
1484 3313 1564 3361 securi
1585 3313 1659 3376 jussu
1680 3315 1734 3376 eius
1747 3330 1800 3379 per·

1019 3411 1087 3461 cassi
1110 3412 1218 3460 luerunt.
1235 3410 1278 3459 llis
1290 3411 1406 3474 peractis,
1431 3412 1566 3460 exercitum
1588 3416 1615 3462 et
1632 3413 1685 3475 ipse
1698 3414 1798 3464 domum

1020 3512 1127 3565 eduxit
1153 3512 1197 3561 llis
1219 3511 1363 3562 consulibus
1386 3511 1541 3563 venientibus
1568 3517 1670 3565 senatus
1701 3517 1798 3566 obviam

1019 3615 1146 3677 processit,
1159 3615 1183 3663 et
1205 3613 1327 3663 ambobus
1339 3613 1496 3677 triumphum
1516 3613 1635 3664 decrerit.
1670 3619 1701 3666 Et
1713 3618 1799 3682 ,snus

1018 3729 1202 3779 pacen1,quam
1218 3729 1263 3779 per
1280 3715 1374 3778 legatos
1393 3715 1529 3779 petierant,
1557 3706 1688 3777 concessit,
1704 3720 1798 3772 ludere

1019 3829 1075 3864 cum
1097 3817 1144 3865 illis
1159 3816 1197 3865 bis
1212 3815 1394 3865 conditionibus
1410 3817 1474 3866 lacto
1490 3834 1497 3865 ι
1511 3836 1524 3861 ιι
1539 3823 1567 3866 ιιι
1584 3820 1668 3882 AEqui,
1687 3822 1761 3871 urbes
1773 3827 1796 3872 et

1019 3936 1030 3957 ι
1044 3929 1114 3977 agros
1129 3930 1186 3964 suos
1200 3918 1343 3975 retinentes,
1354 3931 1417 3980 quos
1430 3917 1563 3976 trabebant,
1574 3919 1599 3967 in
1609 3933 1655 3969 sua
1665 3923 1796 3984 potestate,

1017 4039 1029 4060 ι
1042 4030 1120 4079 quum
1133 4015 1211 4065 indus
1225 4018 1315 4066 tactum
1335 4020 1381 4075 est,
1398 4017 1500 4081 imperio
1509 4019 1593 4082 populi
1605 4022 1706 4071 Romani
1723 4036 1796 4086 pare·

1016 4142 1028 4162 «
1044 4125 1113 4177 rent,
1133 4124 1167 4177 et,
1182 4124 1327 4169 cutenorum
1347 4118 1497 4170 tributorum
1516 4120 1648 4180 immunes,
1663 4126 1757 4171 tantum
1771 4124 1797 4172 in

1017 4243 1028 4270 ιι
1042 4225 1111 4275 bellis
1130 4223 1221 4273 auxilia
1238 4222 1376 4279 mitterent,
1391 4222 1491 4284 quantis
1508 4236 1570 4287 opus
1585 4228 1663 4280 esset,
1674 4221 1794 4285 qrremad·

1015 4351 1025 4370 ι
1043 4330 1142 4379 modum
1153 4333 1178 4379 et
1191 4327 1230 4377 alii
1242 4326 1310 4375 sor-ii,
1330 4347 1340 4368 ι
1355 4323 1482 4388 Αιηιιοίιὶσ
1492 4338 1572 4374 annus
1587 4325 1620 4375 lta
1636 4323 1701 4374 abiit.

1045 4635 1120 4682 xxii.
1139 4637 1210 4680 Αιιιιο
1226 4631 1347 4692 sentienti,
1365 4632 1394 4679 C.
1410 4629 1514 4680 Nautius
1528 4631 1618 4680 iterum
1633 4630 1657 4677 et
1675 4627 1790 4677 isitium

1012 4722 1066 4770 eins
1079 4720 1194 4770 consules
1209 4721 1275 4775 laeti,
1293 4718 1444 4782 aliquamdiu
1460 4719 1484 4767 in
1498 4720 1558 4768 rrrlre
1574 4732 1631 4768 enm
1645 4716 1756 4779 liminio
1771 4720 1796 4764 et

1012 4808 1065 4868 ejus
1075 4809 1183 4869 collegis.
1196 4813 1312 4872 quartum
1326 4809 1376 4869 jam
1391 4822 1482 4858 annum
1494 4808 1601 4857 eundem
1621 4808 1795 4868 uragistmtum

1011 4897 1194 4955 obtinentibus,
1218 4899 1249 4947 de
1267 4899 1322 4960 jure
1342 4896 1440 4958 publico
1466 4895 1655 4944 contenderunt.
1698 4892 1795 4942 Deinde

1011 4987 1077 5036 bello
1097 5000 1111 5034 a
1130 4985 1239 5035 finitimis
1258 4985 1371 5047 gentibus
1394 4987 1480 5034 eontra
1508 4983 1630 5046 populum
1656 4985 1796 5031 llornanum

1010 5083 1107 5139 exorto,
1123 5091 1200 5140 quum
1221 5080 1302 5125 metus
1318 5078 1393 5129 esset.
1418 5089 1448 5124 ne
1460 5074 1591 5138 imperium
1611 5077 1633 5123 ei
1647 5075 1795 5137 eriperetur,

181 5144 371 5225 πλησιοχιιίριιιν
387 5154 465 5210 ἐθνῶν
480 5152 594 5227 πόλεμος
609 5153 744 5230 ἐπεγένετο
759 5160 791 5231 τῇ
805 5156 896 5229 πόλει,
912 5156 957 5216 καὶ
979 5150 983 5222 ί
1012 5166 1127 5216 eonsules
1150 5165 1258 5215 libenter
1272 5163 1335 5213 lianc
1353 5163 1509 5213 occasionem
1535 5177 1550 5212 a
1570 5163 1670 5214 fortuna
1684 5163 1797 5214 oblatam
