3772 5828
602 344 895 420 ANTIQUITATUM
916 345 1065 456 Rubras,
1088 348 1161 408 LlB.
1186 350 1235 410 lV.

105 481 193 563 ψυχὴν
210 478 413 557 κατελάμδανεν
434 479 507 540 οὐδὲν
523 478 646 549 ἀλλήλοις
663 477 781 538 ἐοικότα·
803 477 887 538 λύπαι

106 596 135 632 τε
150 570 201 650 γάρ
221 569 329 642 ἡδοναῖς
345 568 496 644 ἐκέκραντο,
513 569 540 639 ni
558 565 606 643 μέν
627 566 670 625 ἐπὶ
685 575 738 632 τοῖς
760 588 889 647 προγεγο-

106 658 162 718 νόσι
179 656 281 732 δεινοῖς,
302 658 330 713 αί
348 656 370 713 δ’
391 655 435 714 ἐπὶ
454 663 506 721 τοῖς
527 653 754 734 προσδοκωμένοις
768 658 887 734 ἀγαθοῖς·

107 748 151 806 καί
168 746 246 824 θυμοί
262 743 449 811 συνεξέπιπτον
469 741 570 823 φόύοις,
585 746 608 801 ci
624 742 671 818 μέν
687 742 731 802 int
748 746 785 823 τῷ
800 747 889 811 κακῶς

66 862 79 898 s
106 839 202 917 δρᾶσαι
218 834 253 894 τὰ
276 831 424 911 μισούμενα
438 836 486 905 τῆς
501 831 645 910 ἀσφαλείας
660 833 790 911 ὑπερορᾶν
808 832 888 892 ἐπεί·

108 945 205 1001 ροντις,
222 923 246 980 οί
270 919 297 980 δέ
317 919 386 979 κατὰ
400 917 522 997 λογισμὸν
540 923 585 976 τοῦ
601 918 638 991 μὴ
656 919 745 996 ῥᾳδίαν
761 893 827 976 έίναι
840 919 888 993 τὴν

107 1010 260 1088 καθαίρεσιν
276 1012 322 1078 τῆς
336 1006 488 1084 τυραννίδος
502 1003 577 1064 ὄκνον
599 1013 657 1070 ταῖς
674 1004 809 1073 ίπιύολαῖς
827 1009 887 1065 ἐπε-

108 1098 242 1179 φέροντες.
285 1097 364 1157 Ἐπεί
377 1095 400 1153 δ’
420 1093 554 1153 έπαύσατο
572 1095 670 1171 λέγων,
686 1092 777 1173 ώσπερ
792 1095 818 1165 ἐξ
834 1095 889 1163 ίνδς

44 1250 47 1255 ,
109 1188 239 1264 στόματος
252 1186 366 1251 ἅπαντες
382 1184 431 1258 τὴν
451 1182 533 1256 αὐτὴν
547 1183 636 1264 φωνὴν
647 1183 802 1262 ἀνέκραγον,
815 1184 888 1262 ἀγειν

54 1304 80 1343 10
109 1285 177 1358 σφᾶς
188 1275 231 1334 ἐπὶ
245 1275 278 1334 τά
295 1275 375 1336 ὅπλα.
420 1272 498 1335 ίίαὶδ
513 1275 626 1353 Βροῦτος
636 1277 735 1343 ἡσθείς·
752 1301 764 1325 ι
778 1272 842 1333 Ἐάν
859 1297 889 1350 γε

108 1366 276 1447 «πρότερον,
299 1363 365 1445 ἔφη,
378 1363 412 1423 τδι
428 1361 538 1431 δόξαντα
559 1365 596 1440 τῷ
613 1361 715 1437 συνεδρί
731 1395 736 1416 ι
764 1362 889 1437 μαθόντες

108 1482 120 1508 ι
135 1454 328 1536 ἐπικυρώσητε.
370 1452 498 1513 Δέδοκται
513 1453 563 1530 γάρ
576 1455 641 1526 ἡμῖν
658 1452 759 1530 φεύγειν
775 1454 888 1527 Ταρκυ-

108 1543 202 1610 ινίοιις
219 1543 296 1602 πολιν
308 1565 337 1601 τε
351 1541 400 1616 τὴν
421 1539 563 1617 Ῥωμαίων
581 1538 628 1598 καὶ
642 1539 742 1617 χώραν,
758 1537 821 1610 ὅσης
835 1539 888 1620 ἀρ·

109 1655 212 1712 ιχουσι
227 1631 374 1709 Ῥωμαῖοι,
388 1629 434 1689 καὶ
450 1627 522 1708 γένος
536 1629 565 1688 εδ
585 1628 612 1695 ίξ
635 1630 721 1687 αὐτῶν
737 1627 822 1687 άπαν·
843 1629 889 1687 καί

54 1752 81 1792 ‚5
108 1749 120 1774 ι
136 1720 229 1798 μηδενί
245 1719 339 1788 ἐξεῖναι
349 1717 410 1797 περί
425 1717 536 1778 καθόδου
550 1717 707 1798 Ταρκυνίων
723 1715 791 1794 μήτε
804 1717 889 1798 πράτ-

108 1837 120 1864 «
133 1832 188 1869 τειν
202 1810 285 1886 μηδὲν
297 1809 364 1886 μήτε
373 1807 473 1886 λέγειν·
485 1805 530 1865 ίάν
541 1805 569 1865 δέ
581 1830 619 1874 τις
631 1806 705 1885 παρδι
713 1812 797 1866 ταῦτα
805 1810 888 1867 ποιῶν

108 1895 303 1976 «εὑρίσκηται,
323 1896 454 1958 τεθνάναι.
473 1895 582 1968 Ταύτην
601 1897 624 1954 εί
641 1894 807 1974 βουλομένοις
827 1897 888 1972 ὑμῖν

109 2012 122 2036 ν
138 1986 194 2043 έστι
208 1985 255 2057 τὴν
266 1984 374 2062 γνώμην
388 1975 455 2044 εἶναι
467 1984 578 2063 κυρίαν,
593 1983 744 2050 διαστάντες
756 1982 827 2042 κατά
843 1984 889 2049 τδις

110 2100 122 2128 ι
138 2073 254 2153 φράτρας
268 2077 353 2156 ψῆφον
374 2073 533 2147 ἐπενέγκατε
554 2072 600 2132 καί
621 2073 691 2131 τοῦθ’
707 2076 769 2149 ὑμῖν
784 2075 889 2153 πρῶτον

55 2190 83 2228 20
109 2190 122 2216 ι
137 2162 243 2244 ἀρξάτω
256 2165 286 2224 τὸ
301 2164 434 2241 δικαίωμα
453 2168 500 2235 τῆς
527 2162 683 2241 ἐλευθερίας.
711 2190 724 2214 υ
770 2160 890 2240 Ἐγίνετο

108 2258 208 2312 ταῦτα·
228 2254 273 2311 καί
295 2254 386 2327 ἐπειδὴ
410 2261 496 2312 πᾶσαι
517 2249 602 2332 φυγὴν
629 2254 680 2310 τῶν
706 2250 840 2330 τυράννων
853 2253 890 2315 ,αἱ

109 2350 222 2420 φρᾶτραι
241 2343 467 2424 κατεψηφίσαντο,
490 2337 628 2419 παρελθών
650 2337 730 2397 πάλιν
746 2343 761 2399 ὁ
777 2342 891 2418 Βροῦτος

108 2430 193 2505 λέγει·
209 2457 219 2479 r
238 2428 351 2501 Ἐπειδὴ
372 2429 406 2487 τδι
427 2431 521 2505 πρῶτα
537 2425 600 2501 ἡμῖν
614 2426 761 2503 κεκύρωται
778 2427 848 2485 κατίι
861 2427 891 2488 τδ

111 2541 123 2567 ι
138 2517 206 2589 δέον,
215 2515 344 2576 ἀκούσατε
356 2516 402 2574 καὶ
415 2515 449 2573 τά
462 2512 552 2582 λοεπά,
560 2510 610 2570 ὅσα
622 2513 816 2591 βεθουλεύμεθα
831 2516 891 2595 περὶ

56 2635 83 2671 η,
114 2605 189 2670 «τῆς
206 2601 348 2668 πολιτείας.
366 2601 448 2677 Ἡμῖν
472 2600 658 2676 σκοπουμένοις
673 2602 712 2668 τίς
730 2602 800 2683 ἀρχὴ
816 2605 893 2681 γενή-

114 2717 124 2737 ι
141 2710 216 2746 σεται
230 2692 281 2748 τῶν
293 2693 386 2750 κοινῶν
398 2690 486 2770 κυρία,
502 2689 637 2769 βασιλείαν
650 2691 697 2764 μέν
712 2690 799 2751 οὐκέτι
811 2716 891 2753 κατα·

110 2804 122 2826 ι
144 2775 287 2847 στήσασθαι
302 2779 395 2852 έδόκει,
407 2778 570 2860 ἀρχονταςδέ
581 2781 626 2838 δύο
641 2782 698 2838 καθ’
710 2778 821 2840 ἕκαστον
838 2784 890 2840 ἐνι-

110 2894 122 2918 «
140 2866 218 2926 αυτὸν
232 2867 416 2927 ἀποδεικνύναι
433 2866 571 2946 βασιλικὴν
593 2866 694 2936 ἕξοντας
717 2867 835 2937 ἐξουσίαν
848 2871 891 2939 οθς

110 2957 168 3015 «ἂν
185 2961 260 3032 ὑμεῖς
275 2960 301 3015 έν
320 2957 502 3037 ἀρχαιρεσίαις
525 2956 677 3027 ἀποδείξητε
688 2960 775 3038 ψῆφον
799 2960 891 3040 irrupi<

58 3071 84 3110 nn
110 3072 123 3097 ι
140 3067 225 3124 ροντες
248 3044 318 3105 κατά
339 3045 445 3125 λόχους.
462 3047 494 3101 Et
509 3042 541 3114 δὴ
566 3043 707 3103 καὶταῦτα
724 3045 890 3125 βουλομένοις

111 3160 122 3185 ι
139 3133 208 3191 ίστῖν
220 3136 293 3209 ύμῖν,
311 3132 501 3214 ἐπιψηφίσατε.
519 3162 531 3185 ν
546 3131 658 3213 Ἐπῄνιι
673 3133 718 3192 καί
733 3136 831 3209 ταύτην
842 3134 889 3208 τλν

110 3221 218 3299 γνώμην
232 3226 246 3279 δ
261 3225 353 3299 δῆμος,
367 3221 413 3279 καί
428 3225 514 3302 ψῆφος
530 3221 638 3296 οὐδεμία
654 3222 755 3298 έγένετο
771 3225 888 3284 ἐναντία.

112 3310 190 3369 Μετὰ
210 3315 287 3368 τοῦτο
301 3308 438 3390 παρελθὼν
460 3312 474 3366 ὁ
494 3312 607 3388 Βροῦτος
623 3309 788 3370 ἀποδείκνυσι
810 3337 890 3389 μεοο·

112 3397 223 3458 ύασιλέα
245 3399 290 3458 τὸν
306 3395 533 3477 ἐπιμελησόμενον
557 3401 608 3457 τῶν
624 3402 801 3481 ἀρχαιρεσιῶν
820 3403 889 3461 κατά

56 3508 82 3548 ss
111 3485 170 3551 τούς
190 3486 315 3565 πατρίους
324 3487 427 3565 νόμους,
443 3485 558 3566 Σπόριον
574 3487 745 3565 Λουκρήτιον.
789 3492 888 3549 Κάκεῖ-

112 3597 152 3640 νος
168 3574 302 3641 ἀπολύσας
312 3574 360 3646 τὴν
374 3575 517 3648 ίκκλησίαν
532 3575 666 3633 ἐκέλευσεν
684 3576 801 3643 ἅπαντας
815 3579 889 3648 ἥκειν

112 3665 149 3727 είς
167 3661 197 3718 τύ
208 3660 308 3736 πεδίον,
324 3661 384 3722 ἔνθα
402 3662 511 3733 σύνηθες
531 3663 617 3727 αὐτοῖς
629 3653 661 3732 ἦν
678 3664 888 3742 ἀρχαιρεσιάζειν

112 3746 220 3827 ἔχοντας
237 3748 271 3806 τά
290 3750 358 3809 ὅπλα
377 3753 404 3810 έν
421 3751 507 3830 τάχει.
557 3749 735 3828 Ἀφικομένων
758 3751 780 3808 δ’
802 3753 887 3814 αὐτῶν

110 3835 206 3915 ἄνδρας
219 3840 331 3917 αίρείται
343 3838 388 3899 δύο
402 3841 460 3909 τοὺς
471 3841 618 3921 πράξοντας
634 3842 684 3902 δσα
698 3854 750 3912 τοῖς
764 3847 888 3924 βασιλεύ-

57 3953 83 3995 to
110 3948 152 3983 σιν
165 3925 235 3998 ἐξῆν,
250 3929 364 4008 Βροῦτόν
375 3953 404 3989 τε
415 3931 461 3990 καί
473 3934 648 3992 Κολλατῖνον·
660 3933 706 3992 καί
717 3939 731 3992 ὁ
744 3935 827 4011 δῆμος
835 3957 887 3994 κα-

109 4014 233 4090 λούμενος
251 4017 320 4077 κατθι
343 4018 437 4100 λόχους
464 4021 614 4099 ἐπεκύρωσε
635 4031 688 4089 τοῖς
708 4022 818 4104 ἀνδράσι
841 4022 888 4095 τὴν

110 4102 208 4181 ἀρχήν.
254 4104 308 4164 Καί
328 4104 362 4164 τά
384 4109 431 4182 μὲν
446 4107 513 4167 κατδι
530 4110 606 4167 πόλιν
628 4113 655 4169 έν
677 4113 715 4191 τῷ
729 4111 788 4171 τότε
802 4111 890 4192 χρόνῳ

109 4192 261 4270 πραχθέντα
275 4190 402 4267 τοιαῦτ’ἦ
420 4242 427 4256 .

151 4280 287 4342 LXXXV.
311 4284 439 4352 Βασιλεὺς
455 4287 483 4344 δὲ
493 4289 647 4369 Ταρκύνιος,
660 4297 695 4360 ὡς
708 4292 806 4366 ἤκουσε
816 4294 889 4374 παρὰ

57 4404 83 4442 ετ
109 4370 162 4426 τῶν
184 4368 236 4427 ἀπὸ
252 4373 299 4442 τῆς
312 4369 413 4439 πόλεως
426 4373 556 4454 ἀγγέλων,
575 4369 612 4446 οἷς
629 4379 759 4456 ἐξεγένετο
776 4382 889 4461 πρώτοις

109 4457 171 4535 πρὶν
196 4456 213 4529 ἢ
243 4461 397 4533 κλεισθῆναι
422 4461 469 4530 ri<
494 4466 579 4533 πύλας
605 4470 751 4550 διαδρᾶναι,
783 4476 890 4530 τοσοῦτο

110 4545 188 4619 μόνον
216 4548 448 4628 ἀπαγγελλόντων,
474 4550 514 4610 δτι
541 4555 651 4637 κατέχει
675 4558 722 4628 τὴν
745 4558 889 4630 ἐκκλησίαν

108 4635 222 4712 Βροῦτος
238 4637 405 4716 δημαγωγῶν
426 4643 473 4699 καί
490 4640 550 4709 τοὺς
566 4644 675 4713 πολίτας
690 4646 733 4704 ἐπὶ
749 4645 798 4719 τὴν
818 4650 889 4707 ἐλευ-

108 4722 196 4802 θερίαν
216 4729 393 4804 παρακαλῶν,
416 4729 502 4790 ούδενί
518 4734 571 4792 τῶν
592 4734 678 4794 ἀλλων
696 4737 798 4817 φράσας
812 4737 889 4808 ἠπεί-

56 4843 82 4882 50
107 4835 185 4893 γετο,
209 4814 268 4881 τοὺς
293 4817 363 4887 υίοίνς
390 4820 531 4881 ἀναλαύδιν
553 4826 597 4883 καί
621 4828 672 4885 τῶν
692 4826 802 4906 ἑταίρων
829 4826 889 4893 τοὺς

107 4903 290 4979 πιστοτάτους,
317 4909 432 4971 ίλαύνων
458 4909 517 4977 τούς
537 4909 633 4981 ίππους
650 4913 703 4973 ἀπδ
721 4917 839 4995 ῥυτῆρος,
854 4918 889 4982 ὡς

108 4991 214 5072 φθάσων
242 4995 291 5066 τὴν
323 4999 479 5061 ἀπόστασιν.
529 5001 622 5081 Εύρὼν
651 5001 677 5061 δὲ
703 5003 889 5080 κεκλεισμένας

108 5080 155 5144 τάς
179 5084 265 5150 πύλας
286 5084 333 5143 καί
359 5086 457 5161 μεστδις
476 5086 564 5146 ύπλων
590 5087 637 5154 τάς
658 5088 786 5161 ἐπάλξεις,
804 5091 888 5167 ᾤχετο

109 5167 189 5228 πάλιν
214 5172 257 5230 trel
287 5171 318 5231 τὸ
342 5174 528 5252 στρατόπεδον,
545 5179 579 5243 ὡς
599 5167 655 5256 εἶχε
679 5174 786 5259 τάχους,
803 5176 896 5257 οίμώ-

1660 363 1718 423 235

943 487 1052 539 animum
1059 488 1177 552 cuiusque
1182 490 1344 554 occupabant,
1356 491 1451 555 penitus
1458 493 1522 542 inter
1532 510 1559 543 se
1570 496 1702 551 dissimiles

943 591 1036 644 etenim
1052 604 1108 642 cum
1121 591 1244 643 tristitiae
1260 592 1428 646 recordatione
1442 597 1623 659 praeteritorum
1644 604 1720 653 malo·

944 708 1000 744 rum
1022 697 1048 744 et
1069 692 1154 743 institia
1169 692 1200 743 sb
1226 695 1409 758 exspectatione
1432 693 1575 747 futurorum
1604 694 1723 753 bonorum

944 799 1015 849 mixti
1028 800 1098 847 crant
1111 812 1116 841 ι
1130 798 1155 847 et
1168 798 1204 847 ire
1214 811 1264 847 una
1275 813 1332 848 cum
1345 802 1415 851 metu
1428 814 1471 852 eos
1485 803 1584 853 tenebat
1595 823 1601 862 ;
1615 803 1655 853 itin
1667 805 1724 868 qui-

944 901 1016 961 dem,
1036 899 1171 950 dummodo
1190 900 1272 951 infesti
1292 903 1356 953 male
1377 904 1542 957 multarentur
1565 906 1596 956 ad
1618 906 1724 959 salutem

944 1003 1113 1068 negligendam
1126 1003 1237 1054 immines
1249 1004 1388 1068 impellebat
1403 1008 1462 1057 cbic
1473 1022 1531 1058 rcro
1545 1024 1601 1058 cum
1614 1009 1725 1061 difficul-

944 1104 1005 1155 tatis
1013 1102 1205 1154 consideratione
1215 1103 1366 1164 coniunctus,
1382 1108 1454 1170 quasi
1468 1110 1578 1172 tyrannis
1592 1125 1640 1161 non
1655 1112 1724 1165 iscile

944 1208 1024 1258 everti
1047 1208 1137 1272 posset,
1158 1207 1301 1258 insidismm
1324 1211 1443 1283 impetum
1469 1214 1617 1264 retardabat.
1652 1218 1721 1265 l’ostu

944 1322 1019 1374 quam
1033 1321 1092 1358 vero
1109 1307 1205 1358 dicendi
1217 1308 1290 1359 tinem
1300 1310 1364 1367 iecit,
1380 1326 1465 1363 omnes
1478 1314 1545 1365 reiut
1557 1330 1606 1364 unc
1618 1330 1660 1366 cre
1677 1330 1722 1366 ex·

944 1415 1089 1474 clamarunt,
1112 1419 1140 1464 ut
1163 1429 1232 1464 arma
1252 1414 1299 1465 sibi
1323 1415 1439 1468 truderet.
1475 1420 1610 1469 EtBrutus
1632 1420 1722 1470 laetus:

946 1540 958 1563 o
974 1524 1021 1578 ila,
1037 1518 1125 1581 inquit,
1143 1519 1230 1568 luciam
1248 1518 1277 1577 si,
1297 1518 1365 1583 prius
1380 1520 1479 1585 cognito
1498 1524 1722 1585 senatusconsulto,

945 1644 958 1669 ι
973 1623 1063 1672 vestris
1072 1622 1199 1686 suffragiis
1217 1625 1241 1674 id
1255 1631 1336 1677 rutum
1350 1628 1460 1680 feceritis.
1474 1628 1550 1680 Nobis
1558 1628 1623 1679 enim
1634 1629 1725 1695 placuit

947 1748 960 1773 ι
974 1724 1121 1789 Tarquinios
1131 1727 1209 1775 Roma
1224 1730 1250 1777 et
1261 1728 1339 1778 totius
1349 1732 1452 1780 Romani
1464 1731 1560 1795 irnperii
1570 1732 1724 1782 linibuscum

946 1851 958 1875 ι
973 1829 1041 1880 onmi
1054 1844 1100 1879 sua
1114 1831 1229 1894 progenie
1244 1832 1367 1896 exsulure,
1380 1847 1425 1884 nee
1442 1835 1557 1899 cuiquam
1576 1851 1620 1900 pro
1638 1850 1725 1888 eorum
1817 1872 1821 1879 -

947 1933 1057 1985 «realitu
1068 1934 1206 1998 quidquam
1225 1935 1264 1986 rel
1279 1937 1411 1987 facereret
1429 1936 1511 1988 dicere
1533 1939 1607 1988 licere
1625 1959 1631 1988 ε
1647 1942 1680 1999 et,
1704 1939 1725 1988 si

947 2057 960 2081 ιι
982 2050 1057 2100 quem
1069 2035 1189 2084 adversus
1202 2034 1258 2084 irasc
1272 2036 1352 2085 lacere
1372 2035 1518 2097 constiterit,
1540 2050 1597 2086 eum
1611 2036 1722 2086 interfici.

946 2154 959 2178 n
974 2134 1001 2184 Si
1018 2133 1093 2195 igitur
1104 2132 1168 2181 hanc
1183 2132 1328 2183 seutentiam
1345 2136 1425 2182 rutam
1440 2147 1494 2183 erse
1511 2134 1597 2194 ruitis,
1611 2134 1725 2185 curiatim

948 2254 960 2277 ε
979 2233 1040 2282 terte
1053 2229 1177 2295 sutfragia.
1194 2229 1230 2280 Sit
1245 2229 1309 2280 enim
1322 2229 1368 2279 boc
1381 2229 1421 2280 ius
1429 2231 1537 2295 primum
1549 2235 1639 2281 vestras
1651 2229 1725 2282 iiber·

947 2352 959 2378 ι
977 2330 1038 2381 tatis
1053 2328 1159 2378 initium.
1174 2347 1184 2370 ι
1200 2330 1302 2378 Factum
1314 2330 1353 2378 est
1366 2327 1400 2378 ita
1421 2349 1427 2379 :
1443 2332 1476 2389 et,
1494 2333 1624 2394 postquam
1640 2343 1727 2382 omnes

945 2429 1021 2481 curiae
1034 2430 1150 2491 tyrannos
1170 2424 1194 2474 in
1210 2424 1322 2475 exsilium
1336 2425 1393 2489 pelli
1410 2427 1545 2487 iusserunt,
1569 2427 1650 2479 denuo
1666 2443 1726 2493 pro·

947 2540 1047 2592 gressus
1063 2523 1223 2574 Brutusdicit
1239 2541 1245 2570 ι
1261 2541 1272 2564 ιι
1287 2522 1410 2580 Quoniam
1426 2523 1461 2583 id,
1476 2524 1542 2586 quod
1557 2527 1610 2574 erat
1620 2526 1725 2588 primum

949 2646 960 2668 ι
975 2628 1055 2673 ratum
1067 2621 1171 2672 lecimus
1181 2623 1209 2670 ut
1215 2622 1323 2685 oportuit
1339 2622 1405 2671 :ism
1418 2621 1520 2685 reliqua,
1532 2636 1587 2686 qum
1597 2622 1629 2673 de
1645 2623 1726 2687 reipu-

949 2744 960 2767 «
977 2721 1048 2772 bilem
1060 2720 1140 2769 forma
1151 2717 1317 2778 decrevimus,
1327 2717 1440 2781 accipite.
1458 2719 1674 2769 Considerantibua
1683 2733 1726 2769 ιιο-

948 2839 959 2861 n
978 2816 1015 2866 bis
1023 2816 1063 2865 cui
1075 2813 1229 2877 magistratui
1243 2827 1338 2862 summa
1352 2815 1428 2865 totius
1435 2815 1576 2880 reipublicae
1588 2819 1727 2868 essetcom·

949 2936 961 2959 ι
979 2912 1115 2972 mittenda,
1133 2910 1227 2973 regium
1247 2911 1376 2974 imperium
1393 2925 1442 2962 non
1456 2913 1564 2977 amplius
1576 2915 1727 2967 constituere

949 3033 960 3056 ι
977 3009 1092 3077 placuit:
1108 3007 1152 3058 sed
1165 3006 1262 3057 duobus
1277 3008 1337 3058 viris
1353 3023 1464 3059 annuum
1486 3010 1655 3075 magistratum
1669 3027 1726 3064 cum

947 3133 959 3158 α
979 3111 1101 3176 potestate
1114 3107 1180 3172 regia
1195 3107 1357 3167 committere,
1373 3122 1533 3173 quoscunque
1542 3111 1568 3161 in
1582 3112 1726 3165 centuriatis

947 3231 958 3255 ι
979 3207 1087 3260 comitiis
1098 3205 1228 3269 elegeritis.
1253 3205 1325 3264 Quod
1343 3207 1365 3256 si
1380 3207 1434 3257 baec
1445 3221 1546 3272 quoque
1559 3208 1644 3271 ruitis,
1664 3208 1725 3261 terte

949 3329 961 3352 ι
976 3306 1104 3369 sutfragia.
1118 3324 1130 3349 υ
1143 3304 1253 3367 Populus
1263 3303 1328 3353 banc
1337 3318 1434 3368 quoque
1443 3307 1589 3358 sententium
1606 3309 1723 3371 laudarit,

947 3419 992 3455 nec
1012 3403 1087 3453 ullius
1101 3401 1246 3465 suffragium
1258 3401 1282 3450 ei
1295 3405 1335 3451 est
1352 3401 1522 3454 adversatum.
1557 3407 1646 3456 Postea
1660 3408 1725 3456 Bru·

946 3506 995 3562 tus,
1011 3501 1035 3550 iu
1049 3499 1159 3549 medium
1176 3511 1328 3561 progressus,
1345 3499 1461 3563 Spurium
1477 3501 1618 3552 Lucretium
1631 3503 1725 3553 crearit

945 3603 1105 3661 interregem,
1127 3595 1172 3660 qui
1193 3596 1272 3658 patric
1293 3609 1360 3646 more
1378 3598 1533 3649 comitiorum
1551 3614 1637 3650 curam
1652 3614 1724 3663 gere·
1783 3662 1786 3666 Α

945 3706 992 3752 ret.
1026 3697 1070 3748 iiie
1088 3709 1156 3756 vero,
1178 3694 1282 3744 dimissa
1301 3694 1427 3758 concione,
1443 3712 1529 3749 omnes
1551 3699 1578 3749 in
1599 3715 1723 3764 campum,

945 3797 987 3847 ubi
1001 3793 1100 3845 comitia
1114 3791 1199 3842 baberi
1214 3790 1334 3853 solebant,
1349 3805 1407 3841 eum
1422 3794 1499 3844 amris
1517 3797 1629 3847 celeriter
1641 3797 1725 3850 reuire

945 3895 1026 3947 iussit.
1061 3891 1180 3951 Quicum
1198 3902 1229 3939 ec
1242 3888 1376 3954 venissent,
1399 3891 1463 3942 duos
1475 3893 1548 3954 siros,
1574 3897 1679 3946 Brutum
1699 3900 1726 3948 et

947 3997 1101 4053 Collatinum,
1115 4007 1172 4043 cum
1182 3991 1247 4055 regia
1264 3994 1385 4055 potestate
1401 3993 1474 4055 elegit
1490 4016 1496 4045 :
1512 3998 1536 4045 et
1549 3997 1654 4061 populus
1666 4011 1724 4066 qen·

946 4099 1057 4148 turiatim
1074 4099 1179 4146 vocatus
1191 4093 1361 4158 magistratum
1376 4092 1473 4143 illorum
1489 4097 1570 4144 ratum
1584 4096 1650 4146 iecit.
1683 4099 1725 4148 st-

945 4217 992 4266 que
1005 4203 1059 4253 irasc
1068 4205 1125 4253 sunt
1137 4216 1192 4265 quus
1213 4203 1273 4249 tunc
1284 4198 1308 4248 in
1324 4195 1385 4246 urbe
1399 4197 1467 4257 gesto
1480 4196 1547 4242 sunt.

978 4304 1094 4352 LXXXV.
1111 4303 1143 4351 nt
1158 4313 1201 4349 rex
1213 4295 1371 4361 Tarquinius,
1387 4306 1464 4356 quum
1478 4305 1509 4340 εκ
1519 4293 1613 4343 nuntiis
1625 4306 1655 4342 ex
1664 4292 1723 4342 urbe

946 4390 1070 4452 protectis,
1085 4390 1129 4454 qui
1142 4392 1274 4454 antequam
1289 4388 1367 4448 pcrlae
1388 4378 1564 4430 clauderentur
1584 4380 1722 4442 etl'ugerant

943 4477 992 4528 boc
1015 4479 1095 4530 scium
1116 4477 1234 4536 audisset,
1250 4490 1264 4525 a
1284 4475 1360 4522 Bmlo
1382 4470 1523 4520 concionem
1542 4465 1652 4533 populari
1664 4479 1721 4516 ora·

946 4566 1012 4617 lione
1033 4567 1137 4618 detineri
1159 4570 1185 4617 et
1209 4565 1276 4614 eires
1294 4561 1324 4612 ad
1342 4559 1481 4609 libertatem
1496 4555 1586 4614 vocari,
1607 4552 1667 4603 nulli
1682 4552 1723 4603 aiii

944 4657 992 4708 hac
1011 4672 1038 4709 re
1053 4656 1169 4718 indicata,
1186 4654 1244 4706 tiliis
1263 4658 1359 4704 tactum
1379 4654 1405 4701 et
1420 4646 1571 4700 fidelissimis
1584 4642 1722 4707 quibusque

945 4746 1030 4797 amicis
1044 4761 1130 4798 secum
1150 4745 1272 4802 adductis,
1296 4756 1385 4807 magna
1396 4740 1551 4792 contentione
1567 4732 1669 4799 habenis
1682 4729 1721 4778 el-

945 4836 1006 4886 iusis
1023 4837 1160 4900 equitabat,
1175 4840 1201 4885 ul
1220 4834 1384 4884 deiectionem
1403 4829 1574 4882 anteverteret.
1608 4819 1722 4868 Sedcum

943 4928 1028 4988 ponas
1041 4925 1140 4975 clausas
1154 4923 1308 4982 otiendisset,
1323 4925 1347 4971 et
1360 4921 1436 4971 armis
1446 4920 1516 4983 plena
1532 4909 1721 4978 propugnacula,

944 5013 1036 5074 quanta
1056 5011 1163 5061 maxima
1183 5010 1265 5074 potuit
1280 5008 1403 5059 celeritate
1426 5007 1508 5053 costra
1527 4998 1664 5064 repetebat,
1678 5012 1722 5063 ge·

943 5113 1014 5150 mens
1023 5100 1049 5150 et
1058 5099 1090 5150 de
1103 5099 1210 5149 miseriis
1226 5099 1278 5147 suis
1295 5105 1454 5158 conquerens.
1500 5089 1548 5140 Sed
1562 5088 1611 5140 illic
1622 5103 1722 5153 quoque

943 5201 985 5238 res
994 5189 1044 5238 iam
1060 5187 1163 5251 perditae
1176 5189 1255 5237 erant.
1290 5182 1406 5233 Consules
1416 5180 1490 5240 enim,
1507 5179 1612 5232 celerem
1629 5180 1720 5230 adveu-
