3772 5828
170 336 230 396 554

170 467 271 547 ἀνδρῶν
295 463 507 544 κατηγορήσειν,
525 462 628 543 ἡμέραν
651 474 794 543 προεῖπεν,
819 456 878 539 ἐνί,
900 465 948 537 τὴν

171 554 247 625 δίκην
262 554 371 630 ἔμελλεν
384 552 554 614 ἐπιτελέσειν.
598 556 661 618 Τοῖς
682 552 710 611 δλ
731 553 899 634 πατρικίοις,
915 560 950 622 ύις

171 644 269 718 ἔμαθον
295 647 399 720 ταῦτα,
419 641 486 700 πολύ
512 643 567 708 δέος
589 642 736 721 εἰσέρχεται
759 644 805 702 καί
828 646 948 723 ρροντίς,

172 732 224 812 ὅτῳ
239 756 257 811 χ
260 730 291 809 pl.
303 732 393 811 τρόπῳ
404 731 463 798 τούς
474 734 497 787 τ’
511 732 606 811 ἀνδρας
622 732 780 791 ἐκλύσασθαι
792 736 838 803 τῆς
854 733 949 805 αἰτίας,

171 821 217 878 καί
232 824 278 877 τοῦ
294 820 456 897 δημαγωγοῦ
470 820 500 879 τὸ
514 820 609 899 θράσος
624 820 753 898 ἐπισχεῖν.
778 820 831 880 Καί
847 820 879 890 δέ,
893 822 950 879 ἰδέ·

172 910 249 967 δοκτο
264 909 367 981 αὐτοῖς,
391 907 454 966 εἴτι
476 908 621 987 ψηρίσαιτο
643 909 713 968 κατὰ
732 914 779 980 τῆς
795 912 880 990 ἀρχῆς
897 915 950 969 τῶν

174 998 306 1056 ίπάτιονὸ
328 999 427 1073 δῆμος,
445 997 483 1068 μί,
499 997 648 1073 ἐπιτρέπειν
663 998 736 1076 αύτῷ
751 999 819 1057 κατλ
834 998 866 1057 τίν
880 1022 950 1081 καρ-

170 1086 245 1165 τερὸν
261 1085 462 1162 ἐνισταμένους,
479 1086 524 1145 καί
540 1089 562 1144 εί
576 1087 628 1146 δέοι
642 1086 687 1144 καὶ
702 1089 738 1153 είς
751 1085 821 1144 ὅπλα
833 1092 950 1167 χωροῦν-

170 1197 227 1240 τας.
272 1177 312 1235 Ob
326 1176 378 1251 μὴν
394 1175 486 1246 ἐδέησέ
501 1198 530 1252 γε
546 1179 597 1232 τῶν
614 1174 706 1252 βιαίων
722 1173 825 1242 ούδενδς
844 1178 947 1251 αύτοῖς,

170 1272 281 1343 ταχεῖαν
298 1264 423 1328 λαθόντας
450 1267 495 1320 τοῦ
518 1263 638 1321 κινδύνου
661 1262 706 1321 καί
728 1262 875 1343 παράδοξον
900 1264 949 1334 τὴν

170 1353 255 1412 λύσιν.
299 1356 372 1418 aller<
386 1352 437 1429 γὰρ
455 1352 555 1428 ἡμέρας
570 1350 649 1420 ούοης
664 1350 704 1409 ἔτι
716 1354 810 1422 λοιπῆς
826 1355 858 1430 τῇ
872 1350 947 1430 δίκῃ,

170 1442 259 1519 νεκρὸς
276 1442 396 1505 Γενύκιος
419 1438 463 1497 ἐπί
481 1443 528 1508 τῆς
552 1444 642 1499 ἑαυτοῦ
663 1440 753 1511 κοίτης
774 1439 882 1522 εὑρέθη,
896 1462 949 1513 ση-

171 1529 244 1604 μεῖον
258 1528 330 1588 ούδέν
343 1528 412 1606 ἔχων
427 1526 486 1587 ούτε
498 1532 600 1607 σραγῆς
614 1526 668 1586 οὔτ’
684 1530 798 1608 ἀγχόνης
809 1528 866 1589 οὔτε
881 1552 949 1609 ραρ·

171 1618 258 1691 μάκον
270 1614 325 1675 οὔτ’
339 1616 419 1675 ἀλλον
435 1620 487 1675 τῶν
503 1615 529 1684 ἐξ
543 1616 685 1689 ἐπιύουλῆς
700 1617 819 1677 θανάτων
834 1618 947 1686 οὐδενός.

129 1737 138 1755 r
172 1704 218 1770 Ὡς
231 1706 254 1762 δ’
268 1703 386 1781 ἐγνώσθη
401 1704 432 1763 rb
448 1706 530 1771 πάθος
548 1707 593 1764 καί
609 1706 759 1787 προηνέχθη
774 1707 804 1765 τὸ
821 1711 900 1784 σῶμα
915 1708 950 1773 είς

169 1793 216 1864 τὴν
232 1793 339 1873 ἀγοράν,
353 1794 488 1871 δαιμόνιόν
499 1818 523 1852 τι
539 1796 678 1862 κωλύσεως
690 1796 849 1875 συγκύρημα
864 1794 948 1863 ίδοξεν

171 1873 253 1955 είναι,
271 1885 316 1942 καί
333 1883 426 1942 αὐτίκα
441 1887 458 1954 ἡ
474 1882 534 1956 δίκη
551 1883 676 1942 διελύετο.
719 1888 781 1945 Τῶν
794 1883 846 1965 γάρ
862 1886 947 1943 άλλων

170 1972 251 2037 οὐδεὶς
264 1972 363 2049 ἐτολμα
376 1971 522 2052 δημάρχων
538 1976 678 2032 ἀνακαλεῖν
690 1974 738 2044 rip
750 1973 860 2045 στάσιν,
876 1970 944 2030 ἀλλά

170 2060 275 2119 καὶτοῦ
289 2060 412 2119 Γενυκίου
426 2059 620 2138 κατεγίνωσκον
636 2057 737 2130 πολλὴν
753 2058 859 2135 μανίαν.
912 2059 947 2119 Er

169 2148 217 2230 μὲν
234 2139 277 2206 οῦν
294 2150 375 2223 μηδὲν
391 2148 430 2207 ἐτι
446 2151 726 2228 πολυπραγμονοῦντες
738 2152 762 2207 ol
777 2148 873 2207 ῦπατοι
888 2149 944 2207 διε-

168 2234 296 2305 τέλεσαν,
314 2236 375 2293 ἀλλ’
391 2239 517 2316 ἀρῆκαν,
539 2240 574 2305 ὡς
593 2242 607 2296 b
632 2236 733 2312 δαίμων
760 2234 877 2313 ἐκοίμισε
898 2236 946 2307 τλν

168 2323 278 2395 στάσιν,
298 2322 379 2391 οὐδεὶς
395 2322 426 2383 ἀν
443 2325 534 2392 αὐτούς
548 2325 587 2383 ἔτι
607 2324 739 2384 κατέλαόε
760 2324 883 2392 κίνδυνος·
901 2330 946 2384 νῦν

168 2410 191 2469 δ’
217 2413 252 2477 τίς
276 2412 415 2471 αύθάδιιαν
438 2415 484 2471 καί
513 2413 708 2495 καταφρόνησιν
732 2418 777 2472 τοῦ
803 2415 946 2491 δημοτικοῦ

167 2502 347 2579 τραπόμενοι,
362 2500 408 2561 καί
423 2501 454 2561 τὸ
468 2507 516 2574 τῆς
527 2505 611 2583 ἀρχῆς
624 2502 719 2581 κράτος
730 2503 790 2561 ὅσον
806 2501 875 2560 ἐστὶν
891 2505 948 2561 ἐπι-

113 2614 139 2651 νν
169 2589 251 2658 δεῖξαι
268 2590 433 2669 βουλόμενοι,
447 2591 518 2650 κακὰ
531 2590 714 2670 ἐξειργάσαντο
730 2591 845 2668 μεγάλα.
875 2593 946 2671 Προ-

168 2680 253 2745 θέντες
268 2679 320 2759 γάρ
335 2681 540 2760 στρατολογίαν,
559 2681 604 2738 καὶ
627 2679 688 2748 τοὺς
700 2681 749 2759 οὐχ
767 2678 947 2748 ὑπακούοντας

168 2778 225 2833 ταῖς
238 2766 261 2826 τ’
280 2770 373 2836 άλλαις
388 2769 495 2845 ζημίαις
514 2769 560 2827 καί
583 2772 699 2848 πληγαῖς
722 2767 827 2849 ράύδων
846 2792 946 2849 προσα-

169 2857 357 2934 ναγκάζοντες,
379 2861 414 2925 είς
438 2858 563 2916 ἀπόνοιαν
588 2859 716 2930 ἐποίησαν
733 2860 879 2938 τραπέσθαι
901 2863 947 2916 τοῦ

169 2951 314 3024 δημοτικοῦ
325 2946 355 3005 ab
369 2946 448 3004 πλέον
469 2947 521 3004 ἀπὸ
536 2946 657 3017 τοιαύτης
675 2948 792 3023 μάλιστα
809 2947 903 3011 αἰτίας.

113 3054 140 3092 ou
208 3037 345 3097 XXXIX.
370 3034 448 3114 ’τίνηρ
464 3058 501 3100 τις
515 3036 543 3091 ἐκ
554 3040 607 3093 τῶν
622 3036 770 3109 δημοτικῶν
781 3034 815 3091 τά
829 3034 945 3108 πολέμια

167 3128 304 3201 λαμπρός,
324 3122 444 3202 Βολέρων
461 3121 594 3192 Πόπλιος,
610 3121 753 3198 ἠγεμονίαν
768 3119 887 3200 ἐσχηκὼς
903 3123 946 3179 λό-

166 3237 221 3293 χων
243 3217 268 3271 ἐν
284 3220 342 3279 ταῖς
357 3211 496 3291 προτέραις
511 3209 671 3289 στρατείαις,
686 3209 744 3268 τότε
757 3209 815 3267 ἀντὶ
826 3210 943 3289 λοχαγοῦ

167 3299 332 3380 στρατιόιτης
347 3299 410 3377 πρὸς
430 3302 516 3357 αὐτῶν
532 3297 723 3377 κατεγράφετο.
768 3296 815 3365 Ὡς
831 3297 853 3356 δ’
866 3302 945 3370 ἠναν-

165 3395 255 3448 τιοῦτο
271 3390 315 3447 καί
333 3390 380 3448 ούκ
400 3386 472 3458 ἠξίου
486 3386 577 3468 χύτραν
593 3388 752 3465 ἀτιμοτέραν
773 3386 882 3458 λαὸεἴν,
902 3389 945 3446 οὐ·

111 3498 137 3537 oa
166 3477 207 3536 δέν
224 3476 385 3554 ἡμαρτηκὼς
401 3480 426 3537 ἐν
441 3484 498 3543 ταῖς
517 3476 657 3557 προτέραις
678 3476 841 3556 στρατείαις,
865 3479 945 3538 δυσα-

165 3572 351 3645 νασχετοῦντες
375 3566 398 3621 οί
424 3562 518 3620 ύπατοι
548 3568 595 3634 την
618 3564 766 3641 παρρησίαν
793 3566 872 3621 αὐτοῦ
897 3575 947 3633 τοῖς

166 3655 321 3733 ραόδούχοις
346 3652 484 3711 ἐκέλευσαν
511 3648 557 3720 aba
584 3653 678 3720 ἐσθῆτά
698 3673 726 3707 τε
753 3658 945 3731 περικαταρρῆ·

166 3745 207 3807 ίαι
227 3746 273 3803 καί
293 3750 349 3811 ταῖς
365 3744 470 3824 ράύδοις
490 3745 520 3803 τὸ
542 3748 620 3820 σῶμα
636 3743 742 3811 ξαίνειν,
791 3743 823 3804 ‘0
839 3743 865 3801 δέ
881 3768 943 3804 νεα·

165 3834 222 3899 νίας
238 3835 297 3900 τούς
313 3858 340 3891 τε
357 3834 511 3912 δημάρχους
530 3834 699 3901 ἐπεκαλεῖτο,
716 3831 761 3890 καί
782 3832 845 3890 εἴτι
860 3836 946 3892 ἀδικεῖ

110 3939 137 3977 lo
166 3921 252 3998 κρίσιν
269 3923 311 3980 ἐπὶ
329 3925 381 3980 τῶν
406 3925 529 3998 δημοτῶν
546 3921 653 4000 ὑπέχειν
671 3920 753 3990 ἠξίου.
809 3919 859 3987 Ὡς
876 3921 898 3979 δ’
914 3925 942 3981 ού

164 4016 305 4084 προσεῖχον
320 4011 390 4087 αύτῷ
404 4009 447 4066 ’.δν
463 4015 522 4068 νοῦν
544 4010 567 4066 ot
587 4008 699 4077 ίίποτοι,
716 4004 785 4063 ἀλλά
809 4007 862 4072 τοῖς
877 4008 943 4087 bab-

164 4094 270 4172 δούχοις
284 4098 354 4171 άγειν
371 4097 415 4154 καὶ
429 4097 536 4156 τύπτειν
551 4096 749 4166 ἐπεκελεύοντο,
765 4095 814 4153 ούκ
830 4097 943 4176 ἀνασχε-

163 4183 207 4242 τδν
227 4184 391 4258 ἡγησάμενος
407 4175 472 4244 εἶναι
488 4187 535 4256 τὴν
553 4185 625 4263 ύίριν
648 4184 725 4250 αὐτὸς
743 4187 829 4263 ἑαυτῷ
844 4185 941 4258 ταμίας

164 4274 208 4339 της
222 4271 294 4339 δίκης
305 4272 417 4346 γίνεται.
463 4274 516 4333 Τόν
528 4298 555 4330 τε
566 4273 616 4350 γὰρ
636 4277 742 4348 πρῶτον
760 4273 940 4348 προσελθόντα

110 4393 135 4428 ,,-,
164 4363 214 4415 τῶν
236 4357 388 4438 ραύδούχων
410 4363 494 4418 παίων
526 4362 606 4429 είςτδ
629 4362 769 4438 πρόσωπον
813 4364 941 4428 ἐναντίαις

164 4451 279 4520 πυγμαῖς
295 4448 397 4513 νεανίας
417 4448 461 4506 καί
482 4449 627 4527 ἐρρωμένος
646 4448 712 4530 ἀνὴρ
727 4448 867 4529 ἀνατρέπει
895 4451 939 4508 καὶ

164 4533 208 4593 τὸν
229 4538 271 4591 ἐπὶ
292 4536 384 4618 τούτῳ.
430 4537 681 4614 Ἀγανακτησάντων
704 4539 731 4597 δέ
746 4544 797 4596 τῶν
816 4540 940 4613 ὑπάτων,

163 4626 208 4684 καὶ
224 4636 303 4683 πᾶσιν
322 4625 378 4700 ἅμα
397 4628 449 4693 τοῖς
468 4627 611 4707 ὑπηρέταις
626 4631 776 4707 προσελθεῖν
799 4630 939 4687 κελευσάν-

163 4739 232 4788 τιον,
250 4715 331 4774 δεινόν
347 4739 372 4772 τι
392 4717 444 4781 τοῖς
461 4723 575 4796 παροῦσι
597 4721 649 4775 τῶν
676 4720 824 4792 δημοτικῶν
850 4717 938 4796 ἐμάνη

110 4831 136 4872 οι
163 4808 209 4865 καί
230 4808 324 4866 αὐτίκα
346 4807 538 4886 συστραφέντες
563 4810 650 4885 ἀθρόοι
675 4808 719 4865 καί
743 4805 938 4876 ἀναύοήσαντες

163 4903 192 4953 τὸ
214 4898 415 4977 παρακλητικὸν
438 4899 485 4966 τῆς
506 4895 627 4965 ἀλλήλοιν
650 4898 745 4972 ὀργῆς,
760 4894 803 4952 τόν
824 4918 851 4952 τε
876 4915 938 4952 νεα-

162 4984 248 5041 νίσκον
274 4987 425 5065 ἐξήρπασαν
451 4981 573 5047 καὶτοὺς
599 4985 762 5062 ραόδούχοιις
783 4982 935 5053 ἀπέστησαν

161 5071 296 5139 παίοντες·
307 5074 353 5131 καί
369 5079 538 5139 τελευτῶντες
550 5072 593 5130 ἐπί
603 5071 662 5136 τοῦς
674 5074 787 5139 ὑπάτους
797 5072 936 5152 ὥρμησαν,

160 5158 205 5219 καί
221 5162 242 5217 εἶ
262 5160 298 5236 μὴ
320 5162 512 5228 καταλιπόντες
528 5162 620 5218 ἐκεῖνοι
640 5160 687 5229 τὴν
711 5160 809 5236 ἀγοράν
827 5160 935 5237 ἔφυγον,

434 5400 588 5464 Α

697 331 865 395 erexisti
886 334 1261 401 Hlalcaaaasssn'sls

1003 490 1055 540 qua
1065 478 1188 541 judicium
1202 484 1269 531 esset
1285 481 1462 547 peragendum.
1495 485 1623 537 Patricios
1631 502 1698 541 vero
1707 493 1756 543 hae
1767 508 1791 545 re

1004 574 1100 638 cognita
1133 576 1218 639 ingens
1239 576 1331 627 invasit
1352 578 1428 628 timor
1447 581 1473 629 et
1496 581 1654 649 solicitudo,
1679 601 1791 653 quanam

1004 669 1098 719 ratione
1117 671 1275 735 reoajudieio
1295 677 1396 737 possent
1415 674 1513 739 τείρετο
1535 677 1720 747 audac-iamque
1746 685 1792 735 tri·

1005 762 1063 813 buni
1087 777 1251 829 compescere.
1282 768 1390 831 Jamque
1410 766 1584 825 decreverant.
1598 774 1621 823 si
1641 775 1703 841 quid
1717 776 1789 842 plebs

1003 861 1090 909 contra
1105 859 1235 909 consulare
1255 859 1387 925 imperium
1406 861 1531 923 scivisset,
1557 866 1607 915 hoc
1621 868 1646 918 ei
1670 884 1719 920 noa
1738 886 1792 936 per·

1004 952 1104 1004 mittere
1118 953 1145 1004 ri
1153 952 1304 1015 resistentes,
1315 958 1340 1005 et
1356 953 1504 1022 adarma(st
1513 972 1555 1009 res
1567 960 1684 1027 tulisset)
1697 965 1787 1016 venire.

1006 1048 1184 1098 Verumtamen
1205 1048 1274 1099 nulla
1291 1049 1318 1099 ri
1333 1049 1394 1114 ipsis
1406 1064 1469 1116 opus
1480 1050 1539 1113 fuit,
1552 1056 1615 1120 quia
1629 1059 1749 1112 celeriter
1765 1066 1790 1113 et

1005 1145 1095 1206 praeter
1109 1155 1206 1192 omnem
1221 1142 1361 1206 opinionem
1378 1143 1404 1195 id
1417 1146 1557 1210 periculum
1578 1153 1694 1205 evanuit.
1728 1159 1788 1208 llam

1005 1251 1054 1287 uno
1069 1241 1127 1287 ante
1138 1236 1261 1302 judicium
1273 1238 1314 1290 die
1334 1242 1459 1293 Genucius
1477 1243 1504 1293 ia
1524 1258 1572 1295 suo
1587 1246 1655 1297 lecto
1675 1255 1788 1303 mortuus

1003 1335 1042 1381 est
1052 1331 1175 1388 inventus.
1187 1345 1245 1381 cum
1261 1333 1329 1382 nullo
1341 1334 1471 1386 antecedis
1481 1340 1527 1387 aut
1541 1339 1628 1405 laquei
1646 1347 1694 1394 aut
1703 1346 1787 1397 νοοεοῖ

1004 1429 1048 1476 aut
1073 1427 1179 1491 alicuius
1210 1427 1335 1479 insidiose
1358 1430 1448 1481 mortis
1475 1434 1592 1499 vestigio.
1627 1440 1683 1489 Hoc
1706 1445 1787 1493 autern

1004 1534 1063 1571 casu
1081 1522 1180 1587 cognito
1196 1526 1221 1573 et
1236 1536 1338 1589 corpore
1349 1525 1374 1575 in
1394 1524 1478 1577 sorum
1489 1528 1605 1592 prolato,
1625 1533 1753 1588 divinitus
1764 1536 1787 1587 id

1004 1617 1209 1682 impedimentum
1232 1618 1350 1670 accidisse
1375 1619 1510 1672 videbatur
1532 1640 1675 1693 :moxque
1704 1632 1786 1681 statim

1005 1712 1105 1763 comitia
1115 1714 1271 1764 suntsoluta.
1305 1716 1367 1764 Nam
1375 1718 1516 1767 ceterorum
1528 1719 1705 1775 tribunorum
1716 1739 1788 1775 nemo

1004 1820 1081 1856 ausus
1096 1811 1136 1857 est
1154 1821 1274 1859 remeare
1295 1807 1442 1860 seditionem
1464 1812 1605 1876 :quinimo
1626 1830 1717 1868 οιιιιιεο
1734 1834 1787 1869 ma·

1003 1916 1079 1966 gnum
1093 1904 1196 1953 Genucii
1210 1902 1319 1954 furorem
1332 1904 1493 1959 damnabant.
1528 1909 1556 1961 si
1572 1910 1652 1975 igitur
1672 1915 1787 1966 consules

1004 1997 1193 2062 nilrllpraoterea
1211 2001 1305 2049 ternere
1329 2001 1528 2063 movissenqsed
1552 2005 1713 2066 seditionem,
1731 2014 1786 2059 uta

1003 2091 1050 2141 deo
1065 2091 1146 2142 luerat
1169 2093 1263 2156 sopita,
1287 2093 1415 2158 quiescere
1429 2096 1554 2158 sivissent,
1571 2098 1707 2151 inuullum
1716 2105 1787 2166 peri-

1002 2183 1087 2235 eulum
1097 2184 1204 2248 amplius
1217 2185 1319 2236 adducti
1336 2185 1451 2240 luissent.
1467 2192 1534 2240 ltuuc
1546 2204 1605 2239 rero
1616 2205 1695 2254 quum
1708 2208 1735 2241 se
1746 2196 1780 2246 ad

1004 2279 1101 2342 plebem
1112 2279 1218 2344 superbe
1228 2284 1254 2331 et
1267 2281 1448 2333 contumeliose
1461 2283 1609 2335 tractandam
1623 2286 1774 2349 vertissent,

1004 2386 1134 2438 quumque
1146 2376 1240 2437 quanta
1258 2378 1320 2423 esset
1337 2374 1375 2424 sul
1395 2377 1555 2440 magistratus
1562 2380 1673 2443 potestas
1690 2384 1778 2431 osten-

1003 2469 1057 2518 tare
1077 2466 1186 2524 vellent.
1215 2480 1360 2529 rnagnorurn
1383 2468 1508 2520 malorum
1535 2473 1648 2521 auctores
1668 2469 1782 2522 luerunt.

1001 2566 1065 2615 lt'arn
1085 2564 1177 2615 indicto
1189 2564 1298 2623 delectu,
1309 2567 1504 2618 elcontumacss
1521 2582 1579 2619 cum
1596 2569 1652 2620 aliis
1663 2572 1782 2628 mulctis.

1002 2668 1056 2715 tum
1078 2665 1154 2715 etiam
1172 2664 1301 2727 virgarum
1321 2664 1470 2716 verberibus
1488 2671 1624 2733 cogentes,
1646 2668 1782 2721 eliecerunt

1002 2766 1029 2812 nt
1042 2763 1121 2826 major
1134 2759 1215 2826 plebis
1225 2774 1283 2825 para
1302 2759 1333 2810 ad
1348 2761 1547 2826 desperationem
1562 2778 1591 2815 se
1604 2769 1724 2827 uerteret,
1739 2768 1782 2819 bac

1002 2859 1158 2922 potissimum
1167 2858 1199 2908 de
1212 2872 1308 2907 caussa.

1032 3081 1139 3128 ΧΧΧΙΧ.
1157 3079 1202 3127 l'ir
1213 3077 1315 3142 quidum
1327 3078 1359 3129 de
1368 3077 1456 3144 plebe,
1471 3080 1561 3133 bellica
1576 3084 1673 3136 virtute
1689 3088 1776 3146 clanis.

1000 3182 1097 3231 nornine
1111 3182 1138 3230 P.
1160 3180 1259 3238 Volero,
1278 3182 1323 3246 qui
1347 3181 1372 3231 in
1396 3182 1568 3247 superioribus
1582 3187 1781 3251 expeditionibus

999 3275 1098 3326 ordines
1111 3274 1230 3332 duxerat,
1247 3277 1313 3330 tnnc,
1328 3288 1406 3338 quum
1421 3276 1534 3326 centurio
1549 3283 1616 3329 esset
1627 3283 1781 3334 constituen-

999 3383 1062 3442 rlus,
1075 3381 1100 3430 in
1115 3379 1238 3443 gregarios
1249 3380 1340 3430 milites
1351 3379 1383 3430 ab
1396 3380 1445 3430 illis
1459 3379 1623 3434 referebatur.
1640 3386 1690 3437 Sed
1704 3402 1779 3452 quum

1001 3477 1041 3527 ille
1055 3476 1196 3531 resisteret,
1211 3487 1256 3523 nec
1272 3473 1352 3522 locum
1366 3473 1450 3523 minua
1461 3474 1612 3528 honoratum
1625 3494 1714 3544 capere
1729 3484 1778 3533 rel·

1000 3576 1049 3634 let,
1076 3573 1144 3638 quod
1161 3573 1186 3621 in
1213 3569 1382 3635 superioribus
1404 3570 1604 3635 expeditionibus
1631 3577 1695 3628 nibil
1715 3580 1775 3630 deli·

998 3668 1106 3732 quisset,
1119 3667 1232 3717 consules
1243 3667 1297 3729 ejus
1312 3664 1410 3715 dicendi
1420 3665 1535 3716 libertate
1548 3666 1638 3718 olfensi
1651 3671 1779 3725 lictoribus

999 3761 1164 3825 ἰιιιμττττιιιιῑ,
1179 3761 1204 3806 ut
1221 3761 1314 3806 restem
1335 3759 1388 3820 ejus
1398 3757 1534 3808 lacerarent
1550 3772 1693 3825 corpusque
1704 3764 1778 3827 uirgis

999 3856 1130 3905 crederent.
1166 3851 1429 3915 Tnucjrrrenieopern
1451 3852 1608 3903 tribunorum
1630 3855 1776 3920 implorabat

998 3957 1031 4009 et,
1044 3953 1150 4014 siquam
1163 3948 1278 4010 injuriam
1294 3949 1389 4005 lecerit,
1404 3952 1483 4015 plebis
1501 3954 1624 4017 judicium
1645 3958 1729 4008 subire
1738 3972 1777 4007 ro

997 4046 1072 4096 lebat.
1106 4042 1154 4092 Sed
1167 4056 1224 4091 curn
1239 4044 1353 4093 conantes
1371 4045 1481 4096 animum
1499 4047 1530 4097 ad
1544 4047 1569 4097 id
1591 4062 1642 4099 nou
1664 4051 1775 4101 adverte

997 4144 1059 4198 rent,
1074 4138 1116 4188 sed
1130 4151 1207 4201 quurn
1220 4152 1233 4184 a
1247 4136 1375 4189 lictoribus
1386 4140 1441 4190 duci
1455 4142 1568 4207 credique
1577 4144 1705 4207 juberent,
1717 4160 1775 4196 eon·

997 4233 1125 4285 tumeliam
1140 4247 1187 4281 non
1201 4231 1326 4282 brendam
1340 4236 1422 4293 ratus,
1435 4235 1487 4299 ipse
1501 4234 1547 4285 sibi
1561 4235 1609 4300 ipsi
1621 4250 1694 4302 opem
1708 4238 1774 4289 tulit.

996 4333 1057 4380 llam
1076 4329 1183 4391 primurn
1197 4327 1375 4391 lictor·e1n.‹1ui
1393 4332 1536 4385 accesserat.
1554 4329 1668 4381 adversis
1686 4333 1775 4395 pugnis

996 4426 1019 4475 in
1031 4427 1093 4475 sarie
1107 4425 1219 4474 trrrnlena.
1233 4425 1269 4472 rir
1284 4430 1358 4474 aetate
1372 4430 1397 4475 et
1412 4426 1507 4477 viribus
1521 4425 1599 4481 ferox.
1619 4430 1754 4492 prostravit
1766 4452 1771 4489 ;

995 4521 1130 4583 itidemque
1151 4533 1208 4566 irrox
1228 4518 1341 4568 alterum.
1391 4520 1539 4569 Consulibus
1563 4520 1586 4568 nl
1610 4535 1676 4583 agre
1697 4523 1774 4573 leren-

994 4615 1075 4668 libas,
1094 4616 1116 4661 el
1132 4612 1205 4660 smmi
1223 4626 1308 4660 errones
1321 4612 1419 4661 lictores
1438 4613 1469 4663 nd
1481 4627 1537 4662 eum
1554 4615 1674 4665 accedere
1684 4616 1775 4678 juben·

993 4706 1073 4760 tibna,
1089 4704 1196 4766 plebeiis.
1222 4706 1265 4769 qni
1281 4704 1392 4759 aderant,
1411 4718 1450 4754 res
1470 4705 1567 4768 indigna
1591 4707 1643 4755 visa
1668 4712 1722 4763 τοῖς
1747 4710 1772 4757 et

994 4796 1123 4847 confestim
1139 4814 1224 4847 ornnes
1237 4798 1373 4860 conglobati
1395 4797 1543 4860 supinaque
1556 4797 1674 4853 claruere,
1686 4813 1738 4863 quo
1748 4812 1772 4850 se

994 4892 1096 4941 invicem
1108 4894 1138 4942 arl
1153 4894 1214 4941 iram
1232 4891 1436 4947 adhortabantur,
1455 4895 1481 4939 et
1499 4891 1615 4953 juvenem
1625 4893 1770 4957 eripuerunt

992 4991 1015 5034 et
1031 4987 1127 5037 lictores
1139 4989 1251 5051 pulsatos
1262 4986 1414 5050 repulerunt,
1429 4984 1580 5048 tandemque
1597 4985 1623 5033 in
1637 4985 1706 5050 ipsos
1715 5002 1771 5036 orn·

992 5081 1059 5129 siries
1078 5077 1321 5142 irnpelnrnleeerunt
1337 5082 1421 5141 utque,
1439 5077 1485 5124 nisi
1506 5075 1565 5125 illie
1584 5074 1639 5126 soro
1651 5091 1679 5128 ae
1690 5079 1773 5142 preri-

990 5173 1110 5234 pniaaent.
1123 5173 1296 5235 gravissimum
1316 5170 1411 5220 lacinus
1422 5174 1613 5233 perpetrassent.
1648 5173 1703 5223 lloc
1725 5188 1773 5224 au·
