3772 5828
198 319 258 379 608

196 449 303 506 πολλῶν
329 453 470 519 κτηθεῖσαν
498 446 643 527 ἡγεμονίαν
690 448 776 507 πόνων
796 447 913 527 αἰσχρῶς
931 449 978 509 καλ

199 539 333 616 ἀνάνδρως
350 539 529 615 ἀπολομένην.
542 538 607 599 Ἐὰν
623 536 651 596 δέ
666 536 704 617 μὴ
715 538 838 611 πείθηται
853 542 867 598 θ
884 540 977 613 δῆμος,

198 626 257 694 τούς
278 626 431 707 πατρικίους
446 628 503 705 ἅμα
526 635 580 694 τοῖς
595 626 722 694 πελάταις
735 627 979 704 καθοπλισαμίνους

200 721 253 776 τῶν
264 740 293 776 τε
309 718 396 775 ἄλλων
416 719 531 776 πολιτῶν
556 716 775 798 παραλαύόντας,
790 708 828 784 οἷς
842 708 875 790 ήν
889 722 979 777 ἑκοῦσι

158 839 172 875 ς
202 804 362 883 συνάρασθαι
374 812 418 865 τοῦ
433 805 576 866 καλλίστω
589 804 656 886 θπέρ
670 809 717 877 τῆς
728 806 852 884 πατρίδος
867 808 978 885 ἀγῶνος,

201 905 296 977 χωρεῖν
314 896 452 975 προθύμως
463 895 506 955 iat
515 894 559 954 τδν
575 897 690 973 πόλεμον
704 898 789 973 θεοὺς,
804 891 861 954 door
880 894 980 977 ρυλάτ·

201 1008 275 1045 τουσι
286 985 334 1057 τήν
349 984 490 1059 Ῥωμαίων
501 984 589 1057 πόλιν,
601 983 731 1061 ἡγεμόνας
742 986 789 1053 τῆς
802 981 889 1050 ίξόδσυ
902 1007 979 1056 ποιη-

202 1074 341 1151 σαμένους.
385 1072 576 1150 Συμθήσεσθαι
603 1074 654 1152 γὰρ
682 1074 770 1139 αὐτοῖς
798 1072 866 1131 δυεῖν
891 1074 980 1132 καλῶν

202 1164 284 1243 ἐργων
308 1163 353 1222 καὶ
375 1163 482 1221 δικαίων
503 1164 626 1242 θάτερον,
649 1161 666 1232 ἢ
696 1161 772 1232 νίκην
797 1159 981 1240 ἐξενέγκασθαι

149 1278 175 1317 ιο
202 1257 296 1313 πασῶν
311 1243 347 1312 ῶν
361 1251 436 1310 αύτοί
447 1249 535 1324 πστ’ή
550 1254 574 1310 οἱ
587 1252 698 1329 πατέρες
713 1248 885 1325 ἐξηνίγκαντο
902 1252 980 1325 λαμ-

201 1340 387 1423 προτάτην,ἢ
403 1340 462 1419 περὶ
477 1343 529 1399 τῶν
545 1341 573 1398 la
585 1343 650 1421 αὐτῇ
666 1342 755 1399 καλῶν
770 1338 892 1421 εὐψύχως
908 1342 981 1420 σἰγω-

202 1431 343 1506 νιζομένοις
360 1431 510 1487 ἀποθανεῖν.
537 1430 562 1488 Τ
564 1426 645 1501 αύτης
660 1427 749 1505 μίντσι
764 1433 811 1500 τῆς
825 1430 909 1500 καλῆς
922 1427 981 1488 πεί-

204 1542 250 1599 ρας
264 1519 322 1579 οὔτε
343 1517 420 1584 αθτδς
440 1519 629 1597 άπσλείψασθαι
653 1515 719 1598 ίρη,
742 1517 802 1577 ἀλλ’
816 1519 843 1576 ίν
856 1515 907 1598 ἴσῳ
926 1528 980 1586 τοῖς

204 1607 332 1687 κράτιστα
356 1606 510 1686 ἰρρωμίνσις
533 1603 625 1686 παρὼν
646 1607 828 1683 ἀγωνιεῖσθαι,
847 1604 907 1667 οὔτε
927 1610 979 1666 τῶν

149 1716 174 1754 rs
204 1695 292 1752 ἄλλων
307 1696 365 1752 τινὰ
380 1692 582 1775 πρεσόυτέρων,
593 1684 631 1761 οἷς
646 1696 718 1754 ίστιν
732 1695 879 1776 ἐλευθερίας
893 1718 921 1754 τι
935 1696 981 1756 καὶ

204 1780 279 1853 δόξης
291 1785 389 1860 ἀγαθῆς
407 1782 491 1861 λόγος.

242 1873 380 1935 xxviii.
402 1870 448 1938 Ὠς
460 1871 488 1930 δέ
501 1872 609 1941 καλτοῐς
626 1871 715 1941 ἄλλοις
732 1871 815 1934 ἅπασι
830 1879 914 1933 ταῦτα
928 1872 982 1932 ἐδό-

202 1984 257 2036 κει,
271 1961 316 2021 καλ
331 1963 413 2030 οὐθείς
432 1952 465 2034 ήν
481 1964 496 2019 δ
516 1963 657 2023 τοθναντία
676 1965 761 2044 ἐρῶν,
780 1963 804 2021 σί
820 1961 869 2036 μέν
884 1959 980 2021 ύπατσι

203 2050 247 2109 τθν
261 2053 345 2128 δῆμον
367 2053 402 2118 εἰς
428 2051 571 2123 ἐκκλησίαν
594 2051 763 2111 συνεκάλουν.
807 2048 980 2116 Συνελθόντος

148 2160 176 2201 αι
204 2137 232 2197 δέ
252 2140 288 2205 ὡς
303 2138 346 2199 ἐπὶ
368 2142 465 2205 καινοῖς
486 2137 637 2215 ἀκούσμασι
654 2136 751 2203 παντὸς
773 2139 818 2195 τοῦ
843 2133 912 2195 κατδι
931 2135 979 2209 τὴν

203 2226 280 2287 πόλιν
303 2227 401 2306 ὄχλου,
421 2227 558 2306 παρελθὼν
583 2227 674 2306 δτερσς
696 2230 749 2286 τῶν
767 2224 874 2284 θπάτων
901 2225 980 2294 Γάϊος

202 2315 342 2396 Ὁράτιος,
366 2317 489 2397 ἐπειρᾶτο
509 2316 608 2376 πείθειν
623 2314 682 2383 τοὺς
697 2314 853 2392 δημοτικούς
873 2313 979 2383 ἐνόντας

203 2408 345 2482 ύπσμεῖναι
356 2404 403 2464 καλ
414 2406 514 2479 ταύτην
533 2405 580 2478 τήν
596 2403 746 2483 στρατείαν.
782 2401 980 2481 Ἀντιλιγόντων

202 2493 232 2552 δέ
244 2495 297 2554 τῶν
312 2494 457 2574 δημάρχων
471 2493 517 2553 καλ
531 2498 578 2554 τοῦ
596 2491 681 2566 δήμου
696 2490 869 2572 προσέχοντος
892 2491 980 2558 αὐτοῖς

148 2610 175 2650 σε
201 2582 246 2642 τόν
259 2587 334 2656 νοῶν,
349 2580 487 2665 παρελθὼν
499 2583 578 2641 πάλιν
591 2585 606 2640 δ
620 2580 717 2647 θπατσς
729 2570 799 2638 εἶπε·
818 2608 830 2631 ι
842 2580 942 2652 Καλὸν,
957 2567 980 2637 ό)

204 2699 218 2726 ιι
231 2673 377 2751 Ούεργίνιι,
391 2671 437 2734 ναὶ
450 2671 601 2747 θαυμαστὸν
616 2669 691 2749 ἔργον
704 2668 904 2749 έξειργάσασθε,
921 2668 980 2727 δια-

205 2787 219 2814 a
234 2760 383 2829 σπάσαντες
400 2761 453 2820 σἰπθ
466 2764 513 2832 τῆς
539 2761 635 2839 βουλῆς
649 2759 694 2818 τὸν
713 2761 812 2834 δῆμον·
827 2757 873 2815 καὶ
888 2755 918 2816 τδ
932 2753 979 2834 μέν

203 2875 216 2903 s
233 2847 272 2928 ἐρ’
285 2852 346 2925 ὑμῖν
358 2840 427 2909 εἶναι
438 2847 516 2928 μέρος
529 2848 607 2907 πάντ’
621 2847 837 2922 ἀπολωλέκαμεν,
847 2844 897 2905 lea
907 2845 981 2925 παρδ

204 2961 222 3013 ιγ
231 2938 283 2994 τῶν
298 2937 433 3015 προγόνων
453 2935 682 3015 παραλαόόντιςή
703 2942 756 3002 τοῖς
771 2936 872 2994 ἑαυτῶν
892 2933 980 3001 πόνοις

149 3051 176 3092 σο
204 3025 391 3101 «κτησάμενοι
413 3023 592 3102 κατέσχομεν,
611 3024 725 3101 τάγαθά.
777 3023 818 3082 Ού
835 3021 887 3096 μὴν
903 3023 981 3098 ἡμεῖς

204 3140 217 3166 a
232 3135 262 3186 γε
278 3113 376 3172 ἀκονιτί
392 3112 560 3186 μεθησόμεθα
572 3113 668 3184 αὐτῶν,
682 3109 742 3169 ἀλλ’
758 3109 932 3178 άναλαόόντες
946 3110 980 3169 τά

204 3229 216 3254 n
233 3200 302 3260 όπλα
317 3199 384 3277 μετὰ
398 3204 449 3258 τῶν
464 3198 629 3278 βουλομένων
644 3198 772 3269 σώζεσθαι
789 3197 837 3270 τήν
850 3198 978 3275 πατρίδα,

204 3316 217 3343 a
233 3289 390 3371 χωρήσομιν
406 3287 450 3347 ἐπὶ
468 3287 511 3346 τόν
526 3289 631 3365 ἀγῶνα,
648 3287 695 3354 ade
713 3288 813 3363 α’γαθδις
829 3284 980 3366 προόαλλό·

204 3404 216 3429 ο
233 3399 306 3451 μενοι
320 3381 372 3436 τῶν
391 3375 474 3454 ἔργων
485 3374 606 3441 ἐλπίδας·
619 3372 665 3432 καί
679 3372 704 3432 εί
716 3396 754 3439 τις
770 3374 821 3453 άρα
836 3371 891 3440 θεδς
910 3374 982 3431 ἐπισ-

149 3495 176 3535 οη
205 3492 218 3519 ν
233 3473 308 3525 κοπιῑ
333 3463 390 3531 robe
412 3464 508 3531 καλούς
523 3463 569 3522 καλ
584 3464 697 3529 δικαίους
718 3465 839 3539 ἀγῶνας,
863 3465 909 3521 καλ
933 3468 980 3535 τήν

205 3580 217 3606 ν
233 3555 308 3613 πόλιν
320 3553 397 3623 τήνδε
405 3551 518 3620 αὔξουσα
530 3554 559 3611 ἐκ
570 3553 668 3610 πολλοῦ
678 3552 714 3630 [χ
717 3551 790 3631 ρόνου
798 3551 808 3628 ]
816 3549 884 3629 τύχη
899 3550 980 3628 μήπω

205 3668 217 3692 ν
232 3641 404 3720 προλελσιπεν
416 3642 516 3714 αὐτήν,
531 3642 662 3719 κρείττους
678 3645 730 3700 τῶν
746 3643 845 3720 ἐχθρῶν
856 3637 979 3716 ἐσόμεθα·

204 3755 217 3780 ο
232 3730 255 3787 εἰ
274 3729 301 3787 δέ
316 3753 354 3795 τις
367 3729 418 3809 ἄρα
434 3730 556 3800 ἐνέστηκε
581 3729 682 3804 δαίμων
697 3728 742 3787 καί
761 3732 923 3788 ἐναντιοῦται
943 3733 978 3808 τῇ

203 3845 217 3871 «
234 3818 353 3895 σωτηρία
369 3822 415 3889 τῆς
439 3816 558 3889 πόλεως,
583 3815 652 3876 ούτσι
676 3815 707 3875 τό
722 3815 747 3894 γ’
767 3817 794 3873 ἐν
809 3819 873 3892 ἡμῖν
889 3813 978 3875 εύνουν

149 3931 177 3969 ep
205 3933 218 3959 n
232 3905 276 3963 καὶ
296 3907 427 3987 πρόθυμον
441 3908 592 3976 ἀπολεῖται,
610 3904 679 3964 dlii
700 3905 745 3962 τδν
762 3903 885 3963 ἁπάντων
910 3906 978 3984 κρά-

205 4015 318 4050 οτιστον
351 3994 460 4053 θάνατον
493 3992 655 4073 αἱρησόμεθα
682 3992 747 4072 ύπέρ
774 3995 821 4062 τῆς
845 3992 979 4071 πατρίδος.

205 4105 218 4129 a
235 4076 327 4153 Ὑμεῖς
341 4079 368 4137 δέ
387 4083 464 4139 αὐτοῦ
480 4080 614 4156 μένοντες,
630 4082 770 4158 οέκσυρεῖτε
785 4077 842 4155 ἅμα
859 4088 917 4147 ταῖς
932 4104 980 4159 γυ-

205 4192 218 4217 «
234 4164 329 4237 ναιξίν,
342 4156 364 4224 ὦ
379 4168 456 4225 καλοί
466 4169 511 4227 καί
525 4176 637 4244 γενναῖοι
648 4166 795 4247 προστάται
810 4173 857 4240 τῆς
867 4168 979 4243 πόλεως,

204 4281 217 4307 n
234 4253 560 4332 ἐγκαταλιπόντες,μᾶλλον
576 4257 603 4316 δέ
619 4256 756 4336 προδόντες
776 4263 860 4333 ἡμᾶς,
874 4249 911 4324 οἷς
922 4257 980 4318 οὔτε

147 4379 175 4417 45
203 4370 217 4397 a
234 4343 265 4401 διν
280 4341 428 4420 νικήσωμεν
440 4348 514 4418 ἡμεῖς
532 4350 546 4403 ὁ
562 4347 614 4424 βίος
630 4347 704 4405 ἔσται
715 4347 804 4418 καλὸς,
817 4345 876 4405 οὔτε
887 4347 917 4404 ἂν
934 4349 980 4406 ail-

203 4460 216 4485 ο
232 4434 284 4496 λως
294 4432 404 4511 χωρήσῃ
416 4432 449 4488 τδι
459 4436 516 4490 καθ’
529 4439 599 4510 ἡμᾶς
609 4434 737 4515 ἀσφαλής·
748 4437 770 4493 εί
783 4434 820 4510 μή
832 4436 883 4513 άρσι
896 4436 980 4516 ἐκείνῃ

203 4550 216 4575 n
230 4525 263 4601 τῇ
277 4524 367 4601 ψυχρᾷ
382 4521 467 4578 ἐλπίδι
492 4524 644 4602 ἐπαίρεσθε,
660 4527 695 4590 ὡς
717 4525 915 4604 διαφθαρέντων
930 4529 981 4583 τῶν

203 4639 215 4664 ο
231 4611 395 4690 πατρικίων,
428 4613 496 4687 ὑμᾶς
524 4612 645 4673 ἐάσουσιν
679 4617 702 4672 σί
729 4614 851 4690 πολέμιοι
881 4613 980 4685 ταύτην

202 4727 216 4751 «ι
231 4698 443 4777 ὑπολογιζόμενοι
457 4700 505 4770 τήν
523 4703 692 4780 εὐεργεσίαν,
706 4706 751 4762 καὶ
764 4704 980 4783 συγχωρήσουσιν

144 4824 173 4863 ,0
202 4814 216 4841 n
229 4791 290 4863 ύμῖν
307 4788 354 4860 τήν
370 4787 486 4868 πατρίδα
501 4789 547 4846 καὶ
566 4790 612 4859 τήν
629 4792 776 4871 ἐλευθερίαν
798 4795 843 4850 καί
859 4791 907 4862 τήν
920 4795 982 4867 ήγε·

203 4900 217 4925 ν
233 4876 341 4949 μονίαν,
365 4877 409 4934 καὶ
425 4876 513 4935 πάντα
535 4878 610 4934 πάλλ’
634 4880 736 4956 ἀγαθά,
757 4879 807 4938 ὅσα
830 4884 874 4937 ν’ύν
888 4877 979 4958 ἔχετε,

203 4988 215 5011 ιι
230 4971 410 5042 καρποῦσθαι,
429 4955 466 5022 ὧν
494 4967 575 5040 ὑμεῖς,
592 4964 634 5022 ὅτε
657 4965 691 5023 τίς
711 4966 806 5045 άριστα
830 4969 977 5048 ἐρρονεῖτε,

202 5050 330 5121 «πολλὴν
360 5053 408 5127 μὲν
430 5056 480 5127 γῆν
503 5052 681 5128 άπετέμεσθε,
709 5054 810 5121 πολλὰς
837 5056 863 5113 δὲ
891 5054 980 5121 πολεις

201 5134 514 5214 «ἐξανδραποδισάμενοι
545 5141 749 5220 κατεσκάθατε,
772 5142 859 5201 πολλὰ
882 5141 909 5201 δέ
934 5142 980 5201 καλ

719 314 887 376 DiONYSll
909 316 1288 380 irattcauuassarlsls

1034 450 1104 515 plebs
1116 464 1164 501 non
1176 455 1284 516 pareret,
1293 451 1380 514 dlnlt,
1395 451 1512 517 patricios
1524 465 1574 503 una
1583 466 1643 503 cum
1653 452 1711 504 suis
1719 453 1825 507 clienti·

1033 545 1082 596 bus
1105 551 1229 609 armatos,
1254 551 1280 597 et
1295 545 1418 610 adiunctis
1441 545 1496 597 aliis
1513 545 1624 605 civibus,
1642 550 1775 612 quotquot
1792 549 1825 600 ad

1033 644 1253 709 praeclarissimum
1264 657 1309 709 pro
1322 644 1402 709 patria
1413 648 1537 694 certamen
1551 644 1619 693 ultro
1632 656 1738 708 operam
1750 658 1825 696 suam

1035 742 1161 805 alienent,
1183 743 1217 793 ad
1237 743 1330 793 bellum
1345 741 1461 793 alacriter
1483 739 1607 806 proticisci
1632 738 1744 805 debere,
1758 740 1824 795 deos

1034 846 1121 885 omnes
1140 833 1208 884 urbis
1228 836 1344 884 Romana
1370 832 1488 884 custodes
1513 834 1591 883 duces
1619 833 1667 883 riae
1687 831 1822 887 ludentes.

1035 928 1097 979 Fore
1116 941 1224 992 namque
1236 933 1290 979 ute
1309 928 1408 978 duobus
1422 925 1550 992 praeclaris
1568 939 1600 976 ac
1618 924 1696 988 iustis
1711 927 1822 979 alterum

1035 1020 1084 1086 ipsi
1097 1026 1296 1086 consequantur:
1313 1026 1358 1074 aut
1374 1022 1438 1072 enim
1463 1020 1592 1071 sidoniam
1612 1020 1738 1094 omnium,
1758 1035 1822 1086 quas

1036 1128 1145 1178 unquam
1157 1117 1202 1165 aut
1216 1114 1265 1179 ipsi
1285 1118 1329 1165 aut
1342 1114 1447 1177 maiores
1469 1112 1629 1175 retulissent,
1652 1112 1822 1167 clarissimam

1036 1210 1220 1272 reportaturum
1236 1209 1282 1259 aut
1291 1221 1337 1272 pro
1350 1206 1462 1257 victoriae
1476 1206 1548 1257 bouis
1560 1205 1662 1257 fortiter
1676 1211 1821 1272 pugnantes

1036 1312 1144 1350 mauros.
1178 1300 1244 1349 lluic
1269 1301 1353 1350 autern
1371 1299 1477 1348 honesto
1495 1299 1596 1349 conatui
1622 1312 1656 1351 ae
1674 1312 1703 1350 se
1717 1299 1821 1362 quidem

1036 1387 1178 1438 defuturum
1194 1385 1301 1447 dicebat,
1315 1385 1361 1435 sed
1375 1386 1398 1435 in
1420 1385 1505 1450 praello
1521 1386 1561 1437 vel
1581 1386 1713 1438 bominum
1726 1388 1819 1439 robus·

1036 1479 1190 1531 tissimorum
1204 1493 1305 1544 operam
1326 1481 1500 1542 aquatorum,
1517 1493 1563 1531 nec
1581 1480 1647 1530 ullos
1662 1480 1725 1531 aiios
1735 1500 1767 1538 ex
1777 1496 1821 1532 se·

1036 1572 1155 1635 nioribns,
1175 1572 1217 1635 qui
1231 1571 1355 1622 libertatis
1368 1575 1453 1622 essent
1470 1571 1578 1624 studiosi
1594 1578 1622 1624 et
1641 1573 1712 1625 bonas
1730 1575 1818 1625 eristi·

1036 1665 1153 1716 metionis
1167 1664 1285 1716 rationem
1297 1663 1424 1724 baberent,
1438 1661 1583 1716 ablaturos.

1068 1886 1178 1936 lllll'lll.
1190 1887 1273 1943 Quum
1288 1887 1373 1935 autem
1387 1883 1473 1934 caeteri
1485 1897 1585 1948 quoqne
1596 1883 1623 1935 in
1640 1885 1709 1941 hane
1721 1888 1822 1937 senten-

1037 1973 1099 2026 tiam
1112 1974 1184 2034 irent,
1205 1988 1251 2024 nec
1269 1974 1411 2026 ullnsesset
1422 1974 1467 2037 qui
1482 1977 1570 2026 contra
1580 1973 1684 2036 diceret,
1702 1976 1823 2027 consules

1036 2062 1155 2127 populum
1169 2061 1201 2112 ad
1220 2062 1362 2112 concionem
1379 2066 1556 2113 convocarunt.
1591 2061 1715 2125 Adquam
1735 2078 1820 2128 qurum

1037 2152 1090 2201 tota
1102 2149 1196 2200 urbana
1205 2151 1288 2211 turba,
1295 2155 1323 2200 ut
1331 2164 1384 2202 rem
1395 2165 1485 2202 noram
1491 2149 1593 2210 audiret,
1599 2149 1771 2207 conduxisset.
1779 2152 1818 2201 al·

1038 2240 1077 2288 ter
1085 2237 1185 2299 consul,
1199 2240 1228 2289 c.
1239 2239 1368 2300 Horatius,
1378 2239 1404 2289 in
1416 2238 1521 2290 median
1532 2250 1673 2303 progressus
1684 2276 1690 2295 .
1703 2242 1815 2289 conatus

1037 2328 1076 2376 est
1088 2324 1237 2390 persuadere
1267 2322 1348 2389 plebi,
1379 2328 1409 2375 ut
1429 2324 1491 2375 lanne
1511 2334 1606 2388 qunque
1626 2321 1814 2387 expeditionem

1037 2410 1123 2462 rolens
1136 2425 1165 2461 ac
1175 2410 1254 2462 libens
1271 2410 1418 2475 susciperet.
1450 2408 1564 2462 Tribunis
1578 2423 1638 2461 aero
1649 2409 1814 2483 reclamanti·

1036 2498 1093 2556 bus,
1106 2501 1133 2550 et
1145 2498 1215 2563 plebe
1226 2498 1335 2549 animum
1344 2498 1376 2548 ad
1391 2499 1448 2550 illos
1457 2498 1609 2561 muniente,
1619 2497 1706 2549 consul
1719 2496 1815 2550 iterum

1036 2603 1181 2655 progressus
1192 2591 1229 2640 sic
1242 2589 1340 2640 locutus
1356 2590 1395 2640 est
1415 2609 1422 2640 ι
1441 2610 1454 2634 «ι
1475 2589 1645 2651 Ρτωοινευια,
1661 2588 1773 2653 Virgini,
1790 2593 1819 2641 et

1039 2698 1051 2720 ιι
1063 2678 1236 2728 admirandum
1254 2677 1349 2728 lacinus
1364 2678 1457 2729 lecistis
1471 2692 1527 2738 ros,
1540 2677 1690 2744 qulplebem
1700 2691 1716 2729 a
1725 2682 1815 2728 senatu

1038 2763 1178 2815 «divellitis
1193 2767 1237 2815 :et
1248 2765 1370 2827 quantum
1387 2763 1413 2813 in
1428 2763 1501 2814 nobis
1515 2767 1564 2829 est,
1579 2764 1662 2815 omnia
1678 2764 1742 2815 bonu
1751 2765 1815 2815 ami·

1038 2873 1050 2897 ι
1063 2853 1150 2913 simus,
1166 2866 1330 2917 quacumque
1346 2857 1418 2903 suta
1433 2853 1573 2904 maioribus
1583 2856 1694 2919 accepta,
1703 2857 1813 2905 antuus·

1039 2961 1051 2985 a
1063 2943 1109 2992 tris
1119 2940 1246 2991 laboribus
1260 2945 1331 3004 parta
1343 2940 1507 3006 possidemus.
1517 2943 1696 2993 Verumtamen
1707 2953 1752 2992 nos
1762 2954 1812 2991 nou

1038 3050 1051 3075 a
1064 3030 1198 3095 patiemur,
1213 3029 1267 3080 brac
1282 3029 1354 3081 nobis
1364 3030 1522 3082 sinesudore
1532 3031 1672 3095 etpulvere
1682 3030 1754 3095 eripi,
1770 3030 1813 3082 sed

1038 3133 1050 3163 a
1063 3117 1141 3182 caplis
1154 3117 1344 3167 armisuuaeum
1353 3116 1411 3178 illis,
1421 3116 1465 3180 qui
1475 3117 1582 3182 patriam
1595 3117 1691 3168 salvam
1703 3118 1816 3181 cupiunt,

1037 3225 1050 3248 a
1064 3205 1129 3255 bona
1143 3220 1186 3269 spc
1196 3204 1318 3269 lactisque
1338 3205 1403 3266 trau,
1424 3205 1456 3255 ad
1471 3205 1654 3257 boccertameu
1670 3205 1778 3257 ibimus:
1792 3210 1818 3257 ct

1038 3317 1050 3339 ιι
1062 3295 1083 3346 si
1098 3296 1154 3360 quis
1167 3295 1231 3345 torte
1244 3296 1306 3345 deus
1323 3295 1427 3346 ironesta
1438 3299 1464 3346 et
1482 3295 1547 3346 bona
1559 3309 1589 3346 ec
1597 3297 1667 3360 iusta
1679 3296 1816 3346 certamina

1039 3404 1051 3427 n
1063 3389 1132 3435 curat
1140 3389 1166 3434 et
1176 3384 1197 3433 si
1207 3385 1379 3447 fortunaque
1391 3384 1454 3434 Ιιασσ
1465 3385 1551 3435 urbem
1561 3383 1657 3449 jamdiu
1668 3387 1752 3448 auget,
1763 3398 1818 3436 um

1038 3494 1051 3517 a
1065 3473 1174 3523 nondum
1184 3473 1313 3533 deseruit,
1327 3473 1457 3523 victoriam
1473 3472 1505 3522 ab
1521 3472 1595 3523 hoste
1617 3472 1815 3537 reportabimus.

1039 3580 1051 3603 ν
1062 3560 1134 3619 Quod
1146 3561 1166 3611 si
1182 3562 1238 3625 quis
1253 3560 1316 3610 deus
1336 3561 1399 3610 torte
1414 3559 1485 3609 nobis
1494 3559 1614 3620 obsistat,
1629 3563 1656 3611 et
1676 3561 1820 3625 reipublice)

1040 3649 1137 3699 «saluti
1149 3648 1303 3708 adversetur,
1318 3647 1386 3696 haud
1402 3650 1484 3697 turma
1500 3659 1544 3711 pro
1554 3660 1583 3697 ea
1597 3647 1689 3712 pietate
1702 3649 1728 3698 et
1742 3648 1821 3698 animi

1040 3757 1052 3780 ν
1068 3738 1202 3796 alacritate,
1219 3751 1275 3799 quaa
1288 3737 1313 3786 in
1325 3734 1395 3785 nobis
1404 3739 1453 3795 est,
1467 3734 1577 3799 peribit:
1591 3734 1634 3784 sed
1654 3737 1821 3786 momemom·

1040 3845 1052 3868 ο
1061 3825 1130 3874 nium
1143 3822 1340 3874 lmnestissimam
1354 3836 1399 3887 pro
1410 3823 1490 3886 patria
1504 3822 1632 3887 eligemus.
1652 3823 1704 3872 Vos
1717 3835 1788 3881 aero,
1803 3837 1821 3875 o

1040 3932 1052 3957 ν
1067 3914 1177 3977 generosi
1188 3917 1213 3963 et.
1222 3911 1333 3976 praeclari
1345 3910 1415 3961 urbis
1426 3910 1552 3975 praesides,
1566 3911 1592 3961 in
1601 3923 1630 3960 ea
1642 3923 1700 3960 curu
1713 3911 1822 3961 mulier-

1039 4023 1051 4047 a
1064 4003 1127 4053 culis
1143 4005 1297 4051 remanentes
1316 4000 1417 4050 domum
1441 3998 1582 4060 custodite,
1597 3998 1669 4048 nobis
1692 3997 1822 4064 desertis,

1039 4109 1050 4138 n
1063 4092 1111 4141 irno
1126 4091 1208 4154 potins
1218 4088 1340 4155 proditis:
1358 4089 1460 4153 quibus,
1472 4101 1518 4138 nec
1527 4087 1549 4137 si
1561 4087 1704 4148 vicerimus,
1713 4088 1824 4142 honeste

1038 4200 1049 4223 ο
1060 4195 1114 4241 nce,
1129 4179 1150 4230 si
1162 4193 1201 4230 res
1214 4178 1285 4229 aliter
1295 4177 1365 4229 nobis
1382 4177 1538 4235 successerit,
1550 4179 1606 4227 tuto
1619 4176 1705 4227 beabit
1721 4178 1823 4233 rivere.

1037 4289 1051 4315 ι
1061 4270 1114 4321 Nisi
1129 4270 1193 4320 torte
1205 4267 1291 4333 trigida
1303 4267 1344 4318 illa
1354 4280 1398 4331 spe
1408 4265 1474 4327 elati,
1489 4265 1637 4317 existimatis
1650 4265 1703 4317 lore
1716 4270 1744 4318 ut
1757 4267 1814 4319 iros·

1038 4381 1048 4403 n
1065 4364 1110 4424 tes,
1120 4359 1247 4411 exstinctis
1264 4358 1382 4423 patriciis,
1396 4356 1443 4406 lroc
1453 4356 1598 4407 beneficium
1612 4355 1817 4422 considerantes,

1038 4470 1049 4493 ι
1063 4450 1170 4500 intactos
1183 4462 1227 4498 ros
1245 4448 1398 4510 relinquanl;
1411 4449 1437 4496 et
1450 4445 1539 4509 patria,
1556 4443 1678 4504 libertate,
1695 4445 1821 4510 imperio,

1038 4542 1090 4588 nat
1109 4537 1208 4602 reliquis
1219 4534 1333 4585 omnibus
1348 4534 1433 4592 bonis,
1453 4548 1510 4597 quaa
1529 4546 1596 4583 nunc
1614 4532 1757 4596 possidetis,
1773 4534 1824 4585 lrui

1037 4647 1048 4667 «ι
1064 4626 1136 4676 vobis
1151 4625 1315 4689 permittant:
1334 4636 1397 4686 quos
1408 4622 1518 4686 (quando
1528 4622 1621 4686 optimc
1633 4622 1664 4672 de
1690 4622 1825 4685 republica

1036 4732 1048 4757 n
1060 4714 1210 4777 sentiebatis)
1224 4726 1311 4776 magna
1322 4726 1436 4774 agrorum
1446 4714 1518 4775 parte
1531 4709 1824 4775 mulctatis,multusque

1037 4822 1049 4845 ν
1062 4815 1149 4851 cerum
1164 4802 1359 4864 urbes,eivibus
1369 4800 1395 4851 in
1414 4800 1560 4851 servitutem
1580 4799 1727 4860 abstractis,
1746 4814 1824 4851 ever·

1036 4910 1048 4933 ν
1060 4890 1136 4950 iistis,
1149 4891 1308 4952 atquemulta
1323 4895 1349 4940 et
1360 4903 1447 4954 magna
1460 4890 1587 4951 θεομανεῖ
1599 4891 1762 4937 irrorrumenta
1774 4889 1823 4939 iui-

1037 4995 1049 5023 (ι
1061 4976 1208 5026 micitiarum
1218 4976 1337 5037 erexistis,
1348 4989 1405 5039 quaa
1424 4987 1455 5024 ne
1466 4973 1514 5023 ulla
1526 4973 1628 5036 quidem
1642 4975 1763 5038 temporis
1774 4991 1822 5028 ve·

1037 5080 1049 5111 ι
1063 5066 1155 5114 tustutc
1175 5064 1250 5114 deleri
1262 5066 1385 5127 poterunt.
1419 5062 1466 5111 Sed
1478 5061 1540 5124 quid
1556 5074 1586 5110 eo
1600 5061 1632 5111 ob
1648 5061 1702 5110 heac
1718 5063 1823 5126 plebem

1037 5171 1048 5195 n
1061 5151 1172 5216 increpo,
1187 5165 1243 5214 qum
1263 5164 1391 5214 nunquam
1404 5153 1493 5214 sponte
1512 5149 1637 5215 peccat-in
1662 5149 1722 5213 quin
1732 5154 1825 5214 potius
