3772 5828
605 362 895 437 ANTtQtitTnutJM
919 362 1065 422 ROMAN.
1092 361 1165 421 LIB.
1193 362 1229 420 ll.
1674 357 1714 417 85

118 501 181 580 arpo<
197 499 296 564 τούτοις
310 495 383 564 ίταξε
397 494 489 572 μάντιν
505 493 531 562 ἐξ
543 495 654 565 έκάστης
668 496 748 574 φυλῆς
760 492 805 552 ἵνα
816 516 885 573 παρ’

118 590 255 651 εἶναιτοῖς
276 589 372 660 ίεροῖς,
399 583 426 641 δν
444 586 521 660 ἡμεῖς
546 581 593 658 μὲν
616 581 769 660 ἱεροσκόπον
789 583 885 639 καλοῦ-

118 698 177 752 μεν,
190 673 321 748 Ῥωμαῖοι
338 673 361 729 δ’
381 669 468 748 ὀλίγον
485 693 509 726 τι
530 673 576 738 τῆς
590 667 701 748 ἀρχαίας
715 666 887 745 φυλάττοντες

116 762 258 841 ὀνομασίας
278 759 438 839 Ἀρούσπικα
459 754 705 835 προσαγορεύουσιν.
755 751 888 818 Ἀπαντας

75 864 88 903 θ
118 855 144 912 δέ
157 851 217 918 τούς
231 853 308 928 ίερεῑς
327 847 415 906 τεκαὶ
431 844 598 924 λειτουργούς
608 846 659 900 τῶν
682 845 747 901 θεῶν
764 839 886 916 ἐνομοθέ-

117 962 195 1010 τησεν
214 937 414 994 ἀποδείκνυσθαι
436 930 482 1009 μίν
497 929 549 991 θπδ
563 934 615 988 τῶν
631 932 770 1010 φρατρῶν,
793 930 887 988 ἀπικν-

119 1031 225 1107 ρσῦαθαι
235 1023 256 1082 δ’
268 1023 317 1081 ύπδ
329 1024 381 1078 τῶν
395 1016 576 1096 ἐξηγουμένων
586 1015 619 1076 τά
631 1020 687 1074 θεῖα
700 1016 741 1074 διδ
752 1020 888 1093 μαντικῆς.

159 1110 267 1174 ΧΧΙΙΙ.
283 1112 376 1169 Ταῦτα
390 1107 514 1186 περὶτῶν
530 1105 725 1184 θρησκευόντων
742 1101 801 1171 τούς
817 1101 890 1171 θεοὺς

119 1197 348 1270 καταστησάμενος
363 1195 446 1275 διῄρει
460 1191 559 1269 πάλιν,
575 1195 610 1257 ὡς
625 1190 706 1274 ίφην,
724 1192 781 1248 κατ’
794 1193 888 1262 ἐπιτη-

66 1315 92 1355 10
118 1290 238 1358 δειότητα
248 1293 305 1350 ταῖς
316 1284 442 1364 φράτραις
453 1281 487 1340 τύ
496 1280 568 1360 ἱερά,
579 1278 650 1345 θεούς
663 1278 816 1345 ἀποδεικνύς
827 1276 890 1345 ίκά·

118 1400 187 1442 στοις
202 1373 248 1434 καλ
263 1371 404 1446 δαίμονας,
417 1369 460 1437 σδς
485 1371 593 1444 ἔμελλον
609 1367 648 1427 ἀεί
667 1367 770 1428 σίόειν·
784 1368 830 1425 καί
845 1366 891 1434 τθς

118 1467 153 1530 εἰς
175 1463 209 1521 τθι
222 1459 280 1540 ίερθι
300 1458 417 1524 δαπάνας
431 1456 532 1528 ἔταξεν,
553 1453 584 1521 te
604 1456 685 1534 ἀχρῆν
701 1457 786 1520 αὐτοῖς
801 1458 830 1513 έκ
843 1460 890 1514 τοῦ

118 1550 245 1628 δημοσίου
255 1548 383 1608 δίδοσθαι.
427 1545 554 1605 Συνέθυόν
565 1567 594 1602 τε
606 1545 657 1613 τοῖς
667 1545 777 1624 ἱερεῦσιν
790 1546 813 1602 οἱ
824 1565 888 1623 φρα·

119 1649 198 1720 τριεῖς
211 1637 258 1702 τάς
273 1634 494 1714 ἀπομερισθείσας
517 1634 604 1697 αὐτοῖς
619 1632 723 1703 θυσίας,
742 1631 788 1689 καί
803 1653 890 1691 συνιι·

67 1752 93 1789 ις,
121 1730 230 1784 στιῶντο
245 1723 314 1782 κατά
329 1719 375 1786 τθς
389 1721 478 1800 ἑορτάς
493 1720 536 1777 ὀπὶ
549 1723 596 1789 τῆς
615 1723 776 1799 φρατριακῆς
790 1718 891 1784 ἱστίας·

121 1810 280 1891 ἑστιατόριον
290 1807 341 1886 γάρ
353 1798 385 1879 ἦν
399 1806 640 1881 κατεσκευασμένον
654 1805 754 1894 ἑκάστη
769 1804 889 1886 φράτρα,

122 1900 168 1959 καὶ
183 1903 209 1957 ἐν
225 1899 296 1977 αύτῷ
310 1895 462 1955 καθωσίωτό
477 1918 530 1967 τις,
550 1892 638 1974 ὥσπερ
653 1896 679 1951 ἐν
694 1901 746 1960 τοῖς
762 1891 892 1965 Ἑλληνι-

123 1996 177 2052 κοῖς
195 1983 372 2065 πρυτανείοις,
386 1983 461 2044 έστία
473 1983 545 2054 κοινά,
562 1984 613 2039 τῶν
626 1986 770 2063 φρατριῶν.
812 1978 892 2040 'Onn-

124 2099 161 2150 μα
175 2074 200 2131 δὲ
216 2074 260 2131 καί
273 2076 325 2141 τοῖς
347 2071 516 2151 ἑστιατορίοις
528 2064 579 2146 ἦν,
595 2070 659 2148 ὀπερ
673 2078 731 2138 ταῖς
743 2069 892 2152 φράτραις,

67 2185 96 2226 au
125 2159 251 2242 Κουρίαι,
269 2161 315 2220 καλ
333 2162 424 2241 μέχρις
437 2162 513 2236 ἡμῶν
529 2158 596 2216 οὕτω
613 2161 765 2219 καλοῦνται.
807 2160 894 2223 Τοῦτο

123 2252 152 2310 τδ
165 2252 311 2326 πολίτευμα
327 2251 399 2309 δοκεῖ
410 2272 454 2326 μοι
465 2247 557 2306 λαύεῖν
576 2251 605 2306 έν.
617 2251 662 2317 τῆς
677 2243 892 2324 Λακεδαιμονίων

124 2344 228 2417 ἀγωγῆς
240 2341 288 2408 τῆς
302 2337 364 2415 περὶ
379 2336 413 2396 τλ
427 2335 528 2415 φιλίτια
548 2333 606 2392 κατ’
627 2336 724 2393 ἐκεῖνον
741 2335 783 2392 τόν
801 2332 894 2412 χρόνον

123 2426 360 2506 ἐπιχωριαζούσης·
383 2423 415 2495 ἣν
438 2429 587 2499 Λυκοῦργος
613 2423 804 2500 εἰσηγήσασθαι
825 2423 897 2481 δοκεῖ

124 2515 197 2591 παρὰ
218 2517 329 2590 Κρητῶν
346 2511 451 2586 μαθὼν,
465 2510 510 2568 καί
525 2511 625 2586 μεγάλα
639 2508 687 2580 τὴν
701 2509 776 2569 πόλιν
791 2510 896 2592 ὠφελῆ-

67 2621 98 2659 αο
126 2624 185 2671 σαι,
200 2604 226 2658 ἐν
242 2599 332 2676 εἰρήνη
345 2597 392 2672 μέν
408 2599 442 2661 εἷς
461 2596 591 2656 εὐτέλειαν
604 2598 676 2676 άγων
693 2594 751 2663 τοθς
767 2598 837 2676 βίους
851 2597 895 2657 καλ

128 2685 299 2765 σωφροσύνην
318 2690 366 2755 τῆς
382 2685 439 2743 καθ’
453 2686 554 2764 ἡμέραν
570 2685 685 2758 διαίτης,
700 2687 726 2744 έν
742 2686 850 2766 πολέμῳ
871 2687 895 2744 δ’

126 2777 162 2840 είς
183 2776 249 2830 αἰδῶ
269 2771 313 2830 καί
333 2772 455 2850 πρόνοιαν
481 2773 648 2844 καταστήσας
668 2773 778 2833 ἕκαστον
793 2779 837 2833 τοῦ
856 2773 894 2851 μὴ

125 2862 283 2919 καταλιπεῖν
299 2859 342 2918 τὸν
364 2859 550 2938 παραστάτην,
567 2851 588 2939 ᾧ
612 2860 657 2918 καὶ
678 2860 831 2921 συνέσπεισε
849 2863 894 2921 καί

125 2946 250 3004 συνέθυσε
262 2943 307 3002 καί
321 2947 413 3002 κοινῶν
428 2948 503 3024 ἱερῶν
519 2947 656 3025 μετέσχεν.
700 2948 755 3008 Καὶ
771 2950 799 3008 ού
815 2949 893 3023 μόνον

70 3058 96 3097 α·
124 3039 171 3102 τῖε
183 3031 244 3111 περὶ
255 3037 338 3089 ταῦτα
351 3033 440 3110 σοφίας
451 3033 529 3115 χάριν
542 3035 609 3102 ἄξιος
621 3037 783 3095 ἐπαινεῖσθαι
797 3035 894 3114 camp,

126 3120 192 3179 ἀλλά
207 3121 253 3178 καί
266 3124 313 3190 τῆς
328 3119 459 3190 εὐτελείας
474 3126 526 3179 τῶν
542 3126 655 3194 θυσιῶν,
668 3115 709 3191 αίς
729 3126 896 3205 γεραίρεσθαι

123 3208 180 3273 τοὺς
191 3205 264 3272 θεοὺς
279 3208 480 3283 ἐνομοθέτησεν,
493 3200 529 3266 ῶν
544 3214 571 3268 ai
583 3213 706 3270 ulciscar
717 3213 834 3290 διέμενον
849 3212 897 3278 ἕως

124 3299 169 3363 τῆς
187 3296 246 3351 καθ’
263 3298 333 3371 ἡμᾶς
350 3296 469 3369 ἡλικίας,
488 3300 509 3356 εί
531 3297 568 3374 μὴ
581 3299 626 3356 καί
642 3309 745 3372 πᾶσαι,
760 3299 829 3360 κατὰ
850 3301 893 3358 τὸν

127 3386 235 3460 ἀρχαῖον
254 3381 451 3460 ίπιτελούμεναι
465 3385 569 3464 τρόπον.
614 3387 687 3466 Ἐγὼ
705 3393 768 3465 γοῦν
783 3390 895 3448 έθεασά-

72 3495 99 3534 ας
128 3494 179 3544 μην
201 3472 227 3527 έν
250 3472 331 3550 ίιραῖς
352 3473 445 3539 οἰκίαις
471 3474 562 3534 δεῖπνα
586 3477 744 3555 προκείμενα
765 3483 831 3545 θεοῖς
852 3479 895 3538 ἐπί

128 3558 266 3636 τραπέζαις
283 3555 394 3628 ξυλίναις
410 3565 553 3640 ἀρχαϊκαῖς
574 3567 600 3622 έν
617 3563 711 3635 κάνησι
724 3567 768 3624 καί
785 3566 887 3626 πινακί·

130 3666 201 3708 σκοῑς
211 3643 343 3722 κεραμίοις
353 3688 367 3721 ,ι
376 3648 493 3729 ἀλφίτων
508 3651 592 3725 μάζας
602 3653 646 3710 καί
660 3654 766 3711 πόπανα
782 3654 827 3713 καί
837 3653 895 3724 ζέας

130 3731 175 3790 καὶ
190 3737 294 3812 καρπῶν
316 3759 392 3796 τινων
415 3737 537 3817 ἀπαρχάς
557 3737 602 3798 καί
622 3741 690 3797 ἀλλα
708 3747 816 3800 τοιαῦτα
835 3741 895 3802 λιτά

127 3818 174 3878 καί
189 3821 319 3880 εὐδάπανα
331 3823 377 3883 καί
390 3826 477 3897 πάσης
493 3829 677 3906 ἀπειροκαλίας
690 3831 895 3907 ἀπηλλαγμένα·

72 3937 100 3977 ςςι
127 3907 173 3967 καί
187 3909 299 3976 σπονδάς
319 3900 386 3970 εἶδον
402 3914 594 3992 ίγκεκραμένας
608 3919 655 3974 οὐκ
671 3918 697 3974 έν
717 3923 836 3998 ἀργυροῖς
850 3920 894 3978 καί

126 4002 231 4073 χρυσοῖς
244 3997 369 4074 ἄγγεσιν,
384 4000 440 4059 ἀλλ’
456 4002 482 4059 ίν
497 4002 664 4080 ὀστρακίναις
677 4004 760 4073 κύλιξι
774 4007 819 4065 καί
829 4007 894 4086 πρό-

126 4104 196 4162 zois.
212 4084 257 4141 καί
275 4085 345 4143 πάνυ
357 4088 474 4163 ἠγάσθην
484 4095 535 4149 τῶν
548 4093 666 4170 ἀνδρῶν,
680 4093 719 4151 ότι
730 4095 894 4170 διαμένουσιν

127 4172 155 4229 ἀν
169 4175 221 4237 τοῖς
241 4172 359 4248 πατρίοις
382 4174 465 4235 ἔθεσιν
481 4177 553 4236 ούδίν
568 4177 766 4247 ὀξαλλάττοντες
784 4186 835 4240 τῶν
850 4186 896 4262 ἀρ-

125 4258 211 4340 χαίων
233 4263 309 4337 ἱερῶν
334 4264 369 4329 εἷς
388 4263 434 4335 τὴν
456 4264 569 4335 ἀλαζόνα
589 4269 771 4330 πολυτέλειαν.
814 4268 895 4331 Ἐστι

70 4376 99 4415 es
126 4345 175 4420 μέν
189 4336 233 4405 σύν
248 4347 266 4406 θ
279 4348 326 4408 καί
344 4350 435 4428 Νόμας
455 4354 621 4428 Πομπίλιος,
641 4360 655 4414 θ
676 4357 743 4434 μετὰ
757 4357 895 4435 Ῥωμύλον

126 4433 205 4515 ἄρξας
218 4439 265 4509 τῆς
279 4434 393 4509 πόλεως,
409 4440 590 4512 κατεστήσατο
604 4443 708 4519 μνήμης
722 4443 780 4511 ἄξια
796 4444 840 4502 καὶ
852 4445 895 4504 λό-

126 4545 191 4599 γον,
208 4523 327 4600 περιττός
343 4523 390 4595 τ’λν
410 4527 518 4603 γνώμην
532 4529 598 4605 ἀνὴρ
624 4528 669 4589 καὶ
688 4530 721 4588 τύ
735 4530 782 4588 θεῖ’
798 4529 894 4608 έξηγή·

126 4617 221 4669 σασθαι
235 4613 312 4690 σορός
336 4617 363 4675 tn
378 4615 486 4692 ὀλίγοις,
501 4617 566 4696 ὑπὲρ
586 4608 623 4677 ῶν
642 4618 746 4699 ύστερσν
763 4621 829 4698 ἀρῶ,
851 4622 896 4679 καί

126 4699 226 4765 Τύλλος
239 4697 397 4769 Ὁστίλισςύ
408 4701 493 4782 τρίτος
507 4703 560 4764 ἀπὸ
573 4704 714 4782 Ῥωμύλου
728 4708 894 4785 βασιλεύσας,

71 4805 100 4845 ro
125 4785 172 4843 καί
184 4788 280 4852 πάντες
294 4791 318 4847 οἱ
333 4790 391 4865 μετ’
402 4792 500 4850 ίκεῖνον
513 4793 646 4869 γενόμενοι
660 4795 790 4872 βασιλεῖς·
807 4797 866 4854 ἀλλ’
881 4799 896 4855 ὀ

126 4873 161 4931 τά
176 4873 317 4954 σπέρματα
341 4879 385 4937 καί
406 4878 452 4946 τὰς
473 4878 558 4957 ἀρχάς
581 4881 832 4964 αὖτοῖςπαρασχὼν
850 4885 896 4943 καὶ

124 4960 159 5017 τά
173 4961 325 5040 κυριώτατα
338 4968 569 5044 καταστησάμενος
580 4972 632 5027 τῶν
647 4969 706 5049 περὶ
720 4970 753 5029 τί
768 4973 823 5031 θεῖα
838 4975 895 5050 [νο-

124 5045 230 5127 μίμων]
245 5047 380 5126 Ῥωμύλος
394 5044 436 5126 ἦν.

166 5135 272 5200 XXIV.
290 5141 404 5199 donaldi
417 5142 519 5216 καὶτῆς
534 5144 615 5218 άλλης
627 5145 780 5224 εὐκοσμίας,
795 5138 814 5228 ᾗ
826 5145 896 5228 χρύ-

944 502 1047 554 camuli.
1081 503 1203 552 Praeterea
1231 499 1302 548 iussit
1324 511 1355 548 er
1379 511 1524 563 unaquaque
1546 497 1612 546 tribu
1635 500 1716 548 ratem

941 606 1017 642 unum
1033 590 1109 641 sacris
1122 589 1256 648 interesse,
1271 601 1346 652 quern
1361 599 1405 635 nos
1422 587 1563 649 ἱεροσκόπον
1578 598 1714 636 vocamus:

942 679 989 743 ipsi
1001 692 1061 729 vero
1080 676 1198 736 ltomuni,
1217 675 1304 739 exigua
1318 674 1433 737 quisdam
1448 674 1536 738 priscas
1550 673 1718 736 appellationis

941 765 1043 829 vestigia
1055 765 1202 825 retinentes,
1216 763 1354 827 aruspicem
1369 761 1499 826 appellunt.
1534 764 1624 820 Omnes
1634 764 1718 827 autem

941 854 1082 904 sacerdotes
1094 857 1119 902 et
1136 851 1238 902 deorum
1249 850 1374 900 ministros
1389 848 1442 914 lege
1456 849 1506 900 lata
1524 847 1596 897 iussit
1610 862 1625 897 a
1643 847 1719 902 curiis

942 941 1013 1006 eligi,
1032 943 1057 991 et
1070 938 1208 990 confirmari
1218 936 1249 988 ab
1269 937 1304 988 eis
1318 937 1360 1001 qiri
1382 938 1485 988 deorum
1502 935 1655 987 voluntatem
1675 948 1719 1001 per

942 1030 1056 1080 vaticinia
1067 1029 1268 1092 interpretantur.

975 1118 1064 1169 xlllll.
1082 1116 1128 1167 llis
1141 1114 1281 1166 constitutis
1294 1127 1351 1178 quas
1362 1114 1394 1163 ad
1415 1115 1518 1164 deorum
1532 1114 1626 1164 cultum
1641 1113 1719 1178 pertl·

943 1222 1015 1282 nent,
1034 1232 1133 1279 rursus,
1161 1221 1188 1268 ut
1215 1217 1283 1278 dixi,
1305 1216 1376 1267 valde
1402 1218 1513 1280 apposite
1536 1217 1621 1268 divisit
1648 1230 1719 1268 sacra

944 1320 1035 1380 curiis,
1054 1318 1180 1382 assignans
1199 1316 1303 1381 singulis
1327 1317 1387 1367 deos
1409 1318 1436 1366 et
1456 1317 1554 1380 genios,
1576 1330 1640 1381 quos
1661 1329 1718 1381 per·

944 1423 1019 1485 petuo
1032 1419 1114 1470 coiere
1132 1418 1271 1469 deberent:
1296 1421 1321 1469 et
1341 1421 1435 1469 certam
1451 1418 1580 1482 pecuniam
1602 1420 1633 1468 ad
1653 1432 1721 1470 sum·

944 1524 1002 1583 ptus
1016 1519 1040 1568 in
1055 1517 1133 1568 sacris
1152 1517 1268 1567 iaciendis
1282 1517 1427 1578 constituit,
1442 1518 1570 1581 quaeipsis
1588 1530 1620 1567 ex
1632 1516 1721 1569 erano

944 1617 1053 1667 daretur.
1091 1618 1121 1665 Et
1133 1614 1237 1665 curiales
1248 1629 1305 1665 cum
1327 1615 1497 1666 sacerdotibus
1515 1616 1635 1666 sacrificia
1647 1616 1716 1668 attrl·

945 1716 1005 1766 buta
1026 1716 1161 1774 iaciebant,
1177 1722 1201 1766 et
1214 1730 1263 1767 una
1275 1716 1437 1781 epulabantur
1448 1718 1535 1768 dienns
1547 1720 1615 1770 testis
1632 1721 1657 1770 in
1673 1735 1719 1772 cu·

946 1811 990 1861 riis
1005 1829 1011 1861 ι
1033 1812 1177 1862 cenaculum
1197 1812 1262 1864 enim
1276 1813 1379 1877 singulis
1391 1814 1467 1865 curiis
1482 1820 1535 1864 erat
1549 1821 1720 1883 erstructum¹

947 1911 972 1959 et
981 1907 1007 1959 in
1020 1921 1050 1958 eo
1064 1912 1204 1958 consecrate
1216 1912 1268 1959 erat
1281 1909 1395 1972 quedam
1410 1913 1457 1971 ,ut
1470 1911 1493 1959 in
1505 1913 1648 1963 Graecorum
1661 1929 1720 1980 pry-

947 2005 1039 2066 taneis,
1052 2019 1136 2055 mensa
1153 2006 1267 2056 omnibus
1283 2006 1417 2057 curialibus
1436 2008 1574 2058 communis
1594 2027 1600 2058 :
1621 2011 1723 2074 ipsaque

947 2104 1061 2155 cenacula
1075 2104 1151 2153 curias
1164 2103 1322 2164 vocabantur,
1332 2107 1357 2153 et
1369 2104 1401 2154 ad
1413 2105 1475 2155 lianc
1486 2120 1565 2170 usque
1574 2110 1674 2159 aetatem
1686 2110 1722 2162 ita

948 2204 1108 2269 appellantur.
1141 2206 1194 2253 lloc
1206 2207 1289 2254 autem
1308 2204 1447 2262 institutum
1461 2205 1560 2255 ridetur
1573 2207 1635 2257 mihi
1651 2223 1721 2266 sum-

948 2301 1026 2365 psisse
1041 2314 1072 2358 θα
1085 2300 1325 2351 lacedemoniorum
1335 2300 1367 2350 de
1381 2301 1504 2357 sodaliciis
1517 2302 1652 2367 disciplina,
1666 2319 1723 2370 quas

948 2401 990 2452 illo
1004 2407 1114 2466 tempore
1123 2401 1155 2450 lbi
1171 2401 1267 2465 vigebat
1280 2421 1286 2450 z
1299 2415 1373 2464 quam
1385 2403 1437 2464 ipse
1451 2405 1578 2468 Lycurgus
1590 2419 1604 2454 a
1618 2407 1724 2465 craten.

949 2502 1017 2553 sibus
1028 2502 1131 2561 edoctus
1142 2502 1320 2559 introduxisse,
1336 2505 1422 2566 etqua
1436 2502 1569 2565 plurimum
1583 2504 1722 2568 reipublicae

948 2615 1001 2654 sua
1020 2602 1139 2674 proluisse
1156 2601 1261 2651 videtur.
1295 2605 1356 2652 llam
1377 2603 1423 2652 hoc
1439 2602 1513 2653 modo
1533 2604 1600 2667 pacis
1614 2608 1725 2669 tempore

950 2704 1017 2754 cives
1031 2704 1060 2753 ad
1078 2702 1243 2770 frugalitatem
1257 2705 1282 2752 et
1296 2704 1483 2767 temperantiam
1495 2705 1631 2768 quotidiani
1644 2705 1725 2764 rictus

949 2800 1081 2861 assuefecit
1095 2818 1101 2847 ε
1114 2803 1140 2849 at
1152 2799 1177 2848 in
1189 2799 1252 2848 bello
1270 2800 1400 2863 unicuique
1416 2799 1535 2862 pudorem
1550 2804 1574 2850 et
1586 2801 1725 2853 cautionem

949 2902 1031 2952 iniecit
1049 2916 1080 2963 pe
1094 2902 1202 2954 sodalem
1214 2903 1352 2962 desereret,
1367 2917 1474 2967 quocum
1488 2904 1588 2954 libasset
1601 2910 1626 2954 et
1646 2905 1726 2956 sacri·

950 2998 1032 3049 ficium
1046 2998 1146 3063 iecisset
1159 3001 1184 3049 et
1199 3001 1364 3048 communium
1380 3013 1506 3050 sacrorum
1525 3002 1646 3066 particeps
1664 3001 1726 3067 tuja-

949 3100 995 3145 set.
1029 3095 1072 3145 lllc
1084 3101 1168 3160 autem
1184 3096 1222 3146 vir
1234 3111 1282 3146 non
1295 3097 1374 3147 solum
1389 3097 1526 3148 laudandus
1537 3102 1575 3148 est
1587 3095 1620 3149 db
1628 3099 1726 3163 sapien·

950 3194 1008 3242 tiam
1019 3189 1025 3254 ζ
1037 3207 1087 3256 qua
1104 3195 1128 3243 in
1144 3195 1182 3253 tris
1196 3195 1270 3245 rebus
1288 3210 1349 3245 usus
1367 3200 1420 3257 est3
1436 3196 1479 3247 aed
1499 3196 1573 3248 etiarn
1585 3198 1617 3247 ob
1630 3198 1726 3253 sacriu-

950 3293 1044 3343 ciorum
1056 3295 1237 3358 frugalitatem,
1256 3297 1347 3359 quibus
1360 3297 1420 3347 deos
1436 3297 1485 3346 coll
1506 3297 1578 3348 iussit
1598 3312 1604 3342 ι
1621 3312 1726 3362 quorum

949 3393 1055 3442 inanima
1068 3406 1139 3456 pars¹
1153 3394 1208 3452 tloet
1224 3408 1271 3444 non
1291 3396 1386 3456 omnia,
1400 3409 1479 3464 usque
1492 3397 1523 3446 ad
1535 3395 1599 3447 hano
1616 3398 1726 3450 uacuam

949 3495 1047 3541 aetatem
1071 3492 1148 3554 prisco
1176 3506 1244 3542 more
1268 3492 1338 3542 liunt.
1382 3495 1502 3557 Equidem
1525 3494 1575 3543 vidi
1595 3494 1621 3544 in
1647 3495 1725 3554 sacris
1788 3474 1793 3485 ¹

950 3588 1045 3638 aedibus
1070 3601 1143 3637 cenas
1171 3587 1219 3638 dits
1241 3591 1365 3654 appositas
1397 3593 1420 3640 in
1444 3591 1552 3654 antiquis
1577 3592 1668 3644 mensis
1693 3593 1726 3645 li·

949 3685 1033 3748 gnus,
1056 3684 1079 3732 in
1099 3685 1213 3733 canistris
1230 3688 1255 3736 et
1266 3686 1353 3736 catinis
1368 3687 1485 3737 fictilibus
1500 3688 1563 3737 ollas
1578 3688 1726 3752 polentarlas

950 3784 974 3832 st
994 3782 1117 3845 placentas
1137 3784 1162 3831 et
1177 3782 1214 3831 iar
1231 3784 1257 3831 et
1274 3783 1370 3847 frugum
1383 3784 1537 3846 quarundam
1552 3787 1689 3850 primitias,
1701 3791 1727 3840 et

949 3878 1009 3928 alias
1021 3877 1143 3928 eiusmodi
1158 3891 1199 3928 res
1211 3881 1298 3929 tenues
1311 3883 1338 3929 et
1355 3885 1440 3944 paratu
1461 3881 1557 3942 tacitas,
1573 3888 1597 3933 et
1611 3882 1642 3936 ab
1660 3885 1727 3937 omnl

951 3974 1032 4038 inepta
1056 3973 1237 4036 magnificentia
1263 3978 1378 4028 remotas.
1411 3976 1469 4026 Vidi
1492 3979 1566 4029 etiam
1596 3979 1727 4034 libationes

951 4072 1004 4123 lieri
1018 4088 1066 4124 non
1082 4073 1108 4124 in
1121 4075 1242 4139 argenteis
1262 4078 1305 4125 ant
1317 4078 1398 4126 aureis
1412 4079 1491 4141 rasis,
1505 4080 1550 4129 sed
1564 4081 1588 4129 in
1608 4080 1726 4134 fictilibus

950 4171 1067 4222 calicibus
1089 4175 1115 4223 et
1134 4173 1214 4223 urceis
1233 4191 1240 4223 ι
1263 4177 1288 4223 et
1306 4173 1378 4224 valde
1395 4187 1438 4225 eos
1458 4175 1570 4227 homines
1589 4179 1726 4233 admiratus

951 4287 1022 4336 sum,
1034 4275 1101 4338 quod
1114 4275 1208 4339 patrios
1226 4275 1290 4325 ritus
1307 4279 1448 4326 constanter
1468 4283 1580 4342 cernent,
1594 4281 1660 4331 nihil
1672 4281 1725 4345 prl-

951 4384 1051 4424 scocum
1073 4385 1199 4423 sacrorum
1221 4374 1246 4423 ln
1269 4374 1412 4424 insolentem
1432 4375 1519 4427 luxum
1538 4379 1725 4429 commutantes.

950 4472 1014 4519 sunt
1030 4468 1104 4519 etiam
1116 4470 1230 4532 quaedam
1241 4485 1297 4534 qun
1311 4474 1391 4522 Numa
1405 4474 1541 4538 Pompilius
1551 4474 1649 4526 Romuli
1668 4487 1725 4525 suc·

950 4582 1034 4620 cessor
1046 4570 1153 4621 institnit
1169 4575 1305 4622 memoratu
1320 4573 1406 4636 digna,
1431 4575 1471 4624 rir
1481 4576 1686 4639 prudentissimus
1701 4578 1725 4625 et

950 4682 1034 4719 rerum
1053 4670 1193 4721 divinarum
1213 4672 1332 4736 intemres
1351 4672 1376 4723 in
1392 4675 1477 4738 paucis
1491 4674 1718 4739 prestantissimae.

951 4765 1090 4830 dequibus
1111 4772 1195 4832 postca
1216 4783 1308 4833 agam:
1329 4775 1357 4822 ut
1378 4775 1403 4822 et
1416 4773 1503 4823 Tullus
1527 4773 1663 4831 Hostilius.
1682 4768 1726 4834 qul

952 4864 1062 4915 tertiusa
1071 4866 1172 4916 liomulo
1194 4868 1320 4930 regnauit,
1335 4871 1360 4919 et
1373 4882 1457 4920 omnes
1471 4882 1541 4932 reges
1556 4867 1599 4932 qul
1619 4866 1652 4917 illi
1665 4879 1726 4918 sun-

951 4966 1087 5013 cesserunt.
1120 4962 1168 5012 sed
1179 4963 1299 5013 Romulus
1312 4965 1404 5014 semina
1418 4967 1443 5013 et
1461 4963 1578 5028 principia
1603 4963 1650 5014 illis
1661 4977 1725 5029 prrs-

951 5059 1019 5123 buit,
1036 5063 1062 5111 et
1083 5060 1165 5109 cultus
1181 5059 1258 5109 divini
1282 5060 1496 5124 praestantissimos
1510 5060 1573 5112 ritus
1588 5064 1724 5118 constituit.

982 5158 1071 5208 xxiv,
1086 5155 1191 5208 Videtur
1201 5158 1275 5207 etiam
1288 5156 1387 5219 reliquas
1399 5156 1547 5221 disciplinae,
1564 5174 1614 5223 qua
1628 5160 1666 5212 usi
1677 5163 1722 5215 lio·
