3772 5828
603 404 894 481 terrenitatem
917 412 1065 476 nullux.
1089 415 1160 477 liii.
1187 420 1232 477 lli.

110 555 123 585 rr
143 530 289 609 α’σφάλιιαν
304 527 405 594 τούτοις
426 531 471 585 τοῦ
496 526 521 583 τ’
537 527 590 586 ἀπὸ
603 530 747 609 Τυρρηνῶν
771 532 815 590 καὶ
830 535 885 595 ἀπὸ

111 640 124 673 τ
140 615 262 678 Σαόίνων
275 615 393 689 πολέμου
417 616 615 695 παρειχόμεθα·
630 609 661 690 ἡς
686 619 718 693 δὴ
740 621 840 688 πολεως
856 618 885 685 εδ

110 729 168 764 ατε
189 703 358 785 πραττούσης
390 704 498 762 πάντων
523 705 641 783 μάλιστα
666 712 768 788 χαίρειν
793 711 885 779 αὐτούς

109 819 121 849 α
140 793 213 868 ἔδει,
228 791 273 851 καί
289 791 472 873 σφαλλομένης
498 793 580 870 μηδὲν
604 796 769 876 ἐνδεέστερον
791 799 884 880 ἡπερί

111 888 191 953 «τῆς
204 883 290 940 αὐτῶν
317 881 455 960 ἄχθεσθαι.
500 885 536 943 oi
557 881 582 942 δ’
599 884 650 964 άρα
669 892 820 964 φθονοῦντες
835 891 885 969 οὐχ

106 994 121 1025 α
136 974 203 1044 ἡμῖν
217 968 293 1044 μόνον
311 975 361 1028 τῶν
376 971 481 1048 ἀγαθῶν
502 970 571 1030 άλλόι
593 974 638 1031 καί
662 976 763 1042 ἑαυτοῖς
783 979 829 1047 τῆς
849 979 883 1036 δι’

107 1080 123 1112 α
141 1061 211 1132 ἡμᾶς
226 1059 344 1136 εὐτυχίας
360 1058 507 1129 διετέλουν,
523 1059 568 1117 καί
584 1061 754 1129 τελευτῶντες
773 1067 808 1130 ὡς
820 1067 883 1122 οὐκ·

109 1169 125 1202 ι
142 1145 182 1204 ίτι
202 1145 322 1225 κατέχειν
346 1145 394 1220 τλν
422 1145 535 1207 ὕπουλον
564 1147 661 1228 ἔχθραν
683 1150 806 1210 έδύναντο
830 1150 882 1210 πό-

108 1257 123 1288 α
142 1235 222 1311 λιμον
235 1234 299 1310 ἡμῖν
313 1241 451 1314 προεῖπον.
496 1234 633 1302 Μαθόντες
649 1235 671 1296 δ’
688 1241 760 1310 ἡμᾶς
777 1227 805 1296 ιθ
819 1238 885 1317 πρὸς

53 1348 79 1385 m
108 1322 182 1381 «τὸν
210 1325 300 1401 ἀγῶνα
326 1321 606 1402 παρεσκευασμένους,
636 1327 671 1391 ὡς
706 1324 778 1386 οθθδν
796 1317 884 1387 οἷοίτ’

108 1402 206 1484 «ἦσαν
231 1415 395 1491 ἐργάσασθαι
418 1412 515 1480 κακὸν,
549 1413 586 1479 είς
607 1412 751 1490 διαλλαγὰς
773 1415 883 1475 ίκάλουν

109 1499 184 1558 «καί
199 1499 301 1581 φιλίαν,
327 1498 372 1559 καί
389 1499 420 1557 τό
449 1498 509 1579 περί
529 1502 576 1570 τῆς
600 1500 740 1578 ἡγεμονίας
759 1508 841 1570 νεῖκος
856 1505 883 1561 ἰν

109 1611 124 1641 ε
142 1588 225 1668 τρισὶν
241 1589 286 1668 ἀφ’
308 1587 434 1666 ἑκατέρας
455 1587 556 1652 πολεως
577 1586 699 1664 σώμασιν
711 1587 800 1660 ἠξίουν
819 1612 883 1668 κρι-

108 1700 122 1732 ε
140 1681 228 1748 θῆναι.
272 1675 435 1754 Ἐδεξάμεθα
460 1676 506 1735 καί
528 1674 687 1745 ταύταςτὰς
705 1677 881 1759 προκλὴσιις,

52 1788 77 1825 ru
107 1790 122 1821 α
138 1765 183 1824 καί
206 1766 358 1837 νικήσαντες
379 1765 502 1846 τῇμάχγ,
524 1765 572 1837 τὴν
597 1766 675 1826 πολιν
695 1770 780 1827 αὐτῶν
805 1769 882 1847 ίσχο-

109 1875 122 1910 ε
140 1877 187 1931 μεν
198 1855 355 1934 ὑποχείριον.
398 1854 470 1933 Φέρε
490 1855 522 1925 δὴ
540 1853 566 1913 τί
585 1857 652 1932 μετδι
663 1857 880 1927 ταῦτ’ίποιὴσα-

113 1965 128 1996 ι
145 1964 207 2018 μεν,
221 1941 297 2010 Ἐίθν
309 1946 372 2019 ἡμῖν
387 1942 475 2020 όμηρεί
491 1945 515 2000 τ’
532 1943 618 2001 αὐτῶν
642 1943 732 2003 λαθεῖν
746 1944 792 2004 καί
807 1967 883 2024 φρου·

112 2030 191 2108 αράν
215 2034 242 2091 έν
261 2035 294 2111 τῇ
315 2030 391 2091 πόλει
416 2031 572 2092 καταλιπεῖν
591 2032 637 2090 καί
661 2030 721 2100 τούς
743 2056 884 2114 κορυφαιο-

110 2141 124 2174 ι
144 2118 235 2188 τάτους
249 2123 299 2179 τῶν
315 2120 513 2192 διαστησάντων
525 2118 572 2188 τδς
585 2121 673 2187 πολεις
687 2121 746 2188 τοὺς
759 2121 808 2199 μίν
821 2126 880 2182 due·

50 2226 78 2263 20
107 2230 122 2261 α
140 2209 210 2280 λεῖν,
226 2209 285 2275 τοὺς
302 2209 324 2267 δ’
340 2207 479 2280 tidelm,
494 2207 628 2275 πολιτείας
642 2212 665 2267 τ’
681 2211 767 2268 αὐτῶν
782 2210 882 2287 κόσμον

109 2301 306 2373 «μεταστῆσαι
335 2296 400 2374 πρὸς
425 2295 454 2353 τδ
477 2300 542 2373 ἡμῖν
563 2296 712 2377 συμφέρον,
727 2297 773 2356 καί
794 2296 883 2378 χώρας

109 2408 123 2438 α
140 2384 185 2443 καί
200 2385 346 2464 χρημάτων
365 2384 513 2461 ἀποδασμῷ
528 2387 678 2460 ζημιῶσαι,
691 2384 736 2441 καί
750 2382 765 2442 δ
778 2386 883 2442 πάντων

106 2478 234 2554 «ῥᾷστον
248 2464 281 2545 ἡν
303 2471 445 2552 ἀφελέσθαι
467 2471 499 2529 τὰ
524 2471 585 2529 ὅπλ’
603 2473 713 2545 αὐτοὺς,
737 2472 763 2540 ίξ
784 2462 821 2531 ὧν
836 2475 882 2551 ἐγ·

110 2561 317 2640 εκρατεστίραν
341 2560 372 2617 ἂν
397 2558 443 2629 τὴν
468 2559 554 2639 αίρχὴν
575 2561 808 2637 κατεστησάμεθα,
823 2563 881 2621 τού·

50 2673 80 2709 εν
112 2672 126 2702 α
144 2671 197 2706 των
214 2649 260 2724 μίν
280 2647 352 2706 οὐδὲν
374 2646 525 2724 ἠξιώσαμεν
542 2651 665 2721 ποιῆσαι,
683 2653 721 2730 τῷ
744 2650 766 2707 δ’
781 2650 883 2711 ιθσεόεῐ

111 2735 246 2812 «μᾶλλον
269 2735 342 2814 ἡτῷ
365 2736 478 2815 ἀσφαλεῖ
506 2739 553 2804 τῆς
583 2741 666 2817 ἀρχῆς
688 2737 883 2820 ίπετρέψαμεν,

110 2847 123 2879 ι
142 2821 187 2880 καῖ
203 2823 232 2881 τὸ
244 2821 369 2901 εὐπρεπὲς
392 2823 421 2880 τὸ
436 2823 500 2904 πρὸς
520 2821 639 2890 ἅπαντας
655 2830 701 2884 τοῖν
715 2827 881 2885 λυσιτελοῦν-

109 2936 122 2969 ι
140 2935 184 2978 τος
202 2915 265 2988 ἡμῖν
281 2912 397 2993 κρεῖττον
412 2912 576 2990 ἡγησάμενοι
599 2914 820 2994 συνεχωρήσαμεν
835 2918 882 2974 αὖ·

107 3027 121 3056 α
139 3008 192 3067 τοῖς
214 2999 320 3059 ἅπαντα
351 2999 384 3057 τὰ
408 2998 521 3080 σφέτερα
538 3005 714 3080 καρποῦσθαι,
728 3004 831 3064 Μίττον
854 3003 881 3062 δὲ

108 3114 123 3145 α
141 3088 326 3168 Φουφέττιον,
343 3086 371 3147 δν
398 3087 473 3147 αὐτοί
491 3092 523 3166 τῇ
541 3088 653 3169 μεγίστῃ
671 3093 741 3172 ἀρχῇ
766 3093 882 3170 ίκόσμη-

107 3201 122 3232 ι.
138 3200 198 3250 σοιν,
214 3180 249 3244 ὡς
264 3177 296 3248 δὴ
313 3176 452 3255 κράτιστον
468 3177 600 3237 Ἀλύανῶν
626 3180 732 3238 διοικεῖν
751 3178 784 3237 τά
806 3178 881 3238 κοινά

107 3267 220 3346 αμίχρι
244 3273 291 3325 τοῦ
317 3265 445 3345 παρόντος
477 3267 615 3341 είάσαμεν.
659 3266 726 3327 ’ilie'
748 3259 785 3326 ὧν
809 3268 881 3333 τίνας

108 3377 122 3409 ε
139 3360 204 3431 ἡμῖν
225 3353 338 3433 χάριτας
359 3354 505 3427 ἇπέδοσαν,
524 3355 603 3426 ἡνίκα
632 3357 732 3432 μᾶλλον
756 3356 838 3436 φίλων
852 3378 880 3414 τε

107 3466 120 3498 ι
139 3443 183 3502 καί
202 3441 351 3521 συμμάχων
367 3443 465 3509 εὐνοίας
478 3444 541 3520 ἔδει,
553 3442 697 3503 όκούσατε·
713 3443 879 3522 ἀπορρήτους

109 3553 123 3585 ι
141 3531 314 3607 ποιησάμενοι
328 3529 459 3601 συνθήκας
473 3531 537 3611 πρδς
548 3534 608 3599 τοὺς
618 3533 718 3599 κοινοὺς
729 3533 879 3606 πολεμίους,

110 3641 123 3672 α
142 3621 175 3682 ὣς
186 3619 212 3677 ίν
227 3621 264 3696 τῷ
278 3620 360 3695 ἀγῶνι
381 3618 575 3694 συνεπιθησόμε
591 3641 615 3678 οι
628 3620 692 3695 ἡμῖν
708 3619 767 3693 μετ’
780 3621 878 3696 αὐτῶν,

111 3705 227 3776 «ἐπειδὴ
252 3706 364 3776 πλησίον
388 3705 511 3775 ἀλλήλων
531 3707 687 3784 έγινόμεθα,
712 3706 875 3766 καταλιπόν-

110 3817 125 3847 a
142 3816 183 3859 τες
199 3794 247 3867 τὴν
263 3791 336 3860 τάξιν
350 3793 388 3874 ἐφ’
411 3793 443 3862 ἡν
466 3792 630 3873 ἐτάχθησαν,
644 3792 744 3874 ᾤχοντο
762 3794 826 3872 πρὸς
845 3795 879 3854 τά

110 3881 251 3953 «πλησίον
278 3881 326 3962 όρη
348 3880 437 3962 δρόμῳ
453 3880 705 3995 προκαταλαύὲσθαι
726 3883 879 3949 σπεύδοντες

107 3993 120 4024 ε
138 3968 171 4028 τά
191 3969 286 4050 ὀχυρά.
331 3971 364 4030 Εἰ
382 3967 430 4046 μίν
450 3993 495 4030 ουν
509 3970 578 4030 κατθ
592 3974 653 4029 νοῦν
667 3975 684 4044 ἡ
699 3977 778 4049 πεῖρα
792 3973 878 4039 αὐτοῖς

106 4058 247 4139 «ἐχώρει,
276 4058 348 4117 οὐδὲν
373 4057 404 4115 δν
433 4057 464 4118 τδ
491 4059 591 4119 κωλῦον
616 4049 648 4132 ἡν
668 4059 786 4128 ἅπαντας
807 4064 878 4138 ἡμᾶς

107 4147 303 4207 «ἀπολωλέναι
331 4148 510 4216 κυκλωθέντας
542 4152 595 4210 θπό
618 4172 647 4208 τε
671 4148 805 4227 πολεμίων
829 4154 875 4210 καὶ

107 4261 119 4291 α
138 4235 232 4317 φίλων,
249 4235 293 4294 καί
305 4236 363 4303 τοὺς
375 4236 486 4303 πολλοὺς
499 4241 546 4305 τῆς
559 4237 659 4304 πόλεως
673 4240 749 4311 ἡμῶν
764 4240 875 4317 ἀγῶνας,

106 4322 183 4392 αοθς
198 4326 265 4403 ὑπὲρ
281 4329 328 4397 τῆς
350 4324 494 4402 ἡγεμονίας
516 4325 715 4404 ἠγωνισάμεθα,
742 4327 769 4384 έν
790 4326 877 4405 ἡμίρορ

106 4437 121 4469 α
138 4415 314 4493 διαφθαρῆναι
333 4421 393 4493 μιᾷ.
436 4412 547 4484 Ἐπειδὴ
568 4414 595 4471 δὲ
615 4414 733 4472 διέπεσεν
748 4415 833 4473 αὐτῶν
848 4415 878 4474 τὸ

105 4524 119 4559 ι
137 4503 359 4580 βούλευμα,θεῶν
367 4500 414 4578 μίν
423 4501 521 4567 εὐνοίας
528 4503 762 4581 προηγησαμένης·
772 4503 878 4571 ἁπάσας

104 4589 185 4670 «γάρ
201 4588 285 4669 ίγωγε
304 4591 350 4657 τάς
370 4589 453 4656 καλὰς
467 4591 513 4648 καί
533 4592 632 4668 άγαθδς
656 4591 762 4669 πράξεις
773 4593 878 4661 ἐκείνοις

105 4677 293 4754 ιάνατίθημι·
311 4677 402 4737 ἔπειτα
423 4678 468 4737 καὶ
492 4683 539 4749 τῆς
564 4681 629 4754 listi(
647 4678 807 4758 στρατηγίας
831 4682 877 4739 οὐκ

106 4790 121 4821 ι
137 4765 279 4845 ἐλαχίστην
299 4777 391 4846 μοῖραν
407 4766 442 4834 είς
452 4790 482 4824 τε
501 4765 531 4823 τὸ
546 4766 602 4834 δέος
612 4769 663 4825 τῶν
679 4767 814 4845 πολεμίων
831 4770 876 4827 καὶ

104 4855 172 4922 «εἰς
188 4855 218 4913 τὸ
242 4854 336 4932 θάρσος
351 4856 380 4914 τὸ
401 4854 524 4933 ὑμέτερον
544 4854 762 4935 παρασχομένης·
791 4855 876 4936 θγόιρ

102 4968 117 4999 ιι
138 4942 216 5025 [ίγὼ]
232 4944 259 5001 έν
279 4947 317 5022 τῷ
334 4942 386 5001 τότ’
403 4946 483 5021 ἀγῶνι
500 4940 579 5022 ἔφην,
595 4946 629 5010 ὡς
644 4948 689 5003 ὑπ’
706 4947 770 5022 έμοῦ
783 4947 875 5003 κελευ-

104 5030 240 5098 cenem<
272 5029 393 5090 Ἀλέανοὶ
430 5031 733 5112 προκαταλαμύάνοντκι
758 5031 792 5089 τά
827 5034 874 5113 ὄρη

104 5148 118 5177 ι
135 5119 292 5186 κυκλώσεως
313 5124 366 5179 τῶν
386 5121 520 5196 πολεμίων
541 5119 634 5197 ένικα,
661 5120 806 5195 πλάσματα
829 5122 875 5180 καί

105 5235 119 5267 ε
135 5205 335 5284 στρατηγὴρ.ατ’
349 5197 383 5280 ἡν
402 5206 469 5282 ίμά·
495 5208 683 5287 κεχωρηκότων
696 5209 719 5266 δ’
733 5209 797 5282 ἡμῖν
821 5210 872 5266 τῶν

1654 431 1714 491 {55

940 569 952 593 α
971 566 1033 611 urus,
1043 553 1108 616 ipsos
1118 555 1149 602 ab
1160 559 1262 605 Etrusco
1275 561 1300 606 ei
1312 558 1473 609 Subiuulrelio
1487 561 1623 615 tutissimos
1634 568 1714 619 reddi·

940 667 953 691 ι
970 649 1061 700 munus.
1094 653 1174 702 liuiua
1185 652 1267 715 imque
1281 654 1349 704 urbis
1361 655 1477 707 felicitate
1486 660 1594 709 omnium
1607 667 1713 717 maxime

939 768 952 790 «ι
969 761 1011 798 ecs
1030 748 1137 813 gaudere
1159 750 1305 814 oportebat,
1323 756 1348 802 et
1368 753 1444 803 rebus
1462 753 1574 806 adramis
1592 772 1640 808 mm
1665 763 1712 811 mi·

940 864 952 887 ε
969 859 1166 909 nusquamque
1183 849 1294 912 ipsumm
1308 848 1381 899 urbia
1399 851 1557 901 micmiiuie
1578 855 1641 917 angi.
1675 857 1714 906 liii

939 961 952 986 ι
969 955 1029 994 reru
1043 957 1090 994 uuu
1109 944 1188 994 aulum
1202 945 1272 994 nobis
1286 946 1318 997 ob
1342 961 1382 998 ree
1405 949 1539 1010 secundae,
1559 953 1601 1000 sei
1622 955 1648 1002 et
1668 953 1714 1003 sihi

940 1059 952 1083 ι
969 1039 1032 1106 ipsis
1050 1042 1082 1092 oli
1094 1044 1295 1107 prosperitatem,
1309 1059 1358 1109 qua
1372 1050 1456 1097 nostre
1470 1061 1544 1111 opera
1558 1049 1710 1107 fruebantur.

938 1159 950 1182 ι
969 1144 1087 1204 perpetrm
1101 1140 1250 1201 inviderunt,
1265 1143 1292 1192 ei
1303 1142 1415 1205 unum,
1428 1157 1483 1194 cum
1496 1147 1620 1197 occuitum
1630 1147 1714 1198 odium

938 1254 950 1277 α
967 1236 1072 1299 amplius
1083 1235 1208 1287 continere
1228 1251 1275 1288 nun
1290 1246 1402 1303 possent,
1422 1242 1493 1293 nebia
1504 1243 1596 1295 bellum
1617 1246 1713 1297 indixe-

938 1355 950 1377 ι
968 1338 1034 1385 runt.
1067 1335 1116 1385 Sed
1132 1336 1176 1387 ubi
1195 1337 1308 1388 viderunt
1322 1352 1367 1389 noe
1390 1339 1423 1388 ud
1447 1346 1572 1392 certarnen
1589 1344 1650 1393 benc
1668 1358 1713 1408 pu-

940 1451 953 1478 ι
969 1437 1049 1494 raim,
1061 1437 1087 1485 et
1100 1436 1160 1485 nihil
1177 1435 1317 1488 detrimenti
1329 1451 1357 1487 ae
1375 1438 1445 1487 nobis
1468 1439 1557 1490 eiicere
1574 1456 1662 1506 prosse,
1682 1445 1713 1493 ud

939 1551 950 1573 α
968 1532 1190 1582 reconcilietiunem
1211 1536 1236 1582 ei
1253 1534 1386 1583 amicitiam
1408 1548 1455 1585 nos
1475 1535 1626 1597 invitarunt,
1641 1542 1666 1587 et
1685 1544 1714 1588 ιιι

938 1650 950 1671 «ι
968 1629 1136 1679 εοιιίτονετείι
1152 1630 1232 1680 iliade
1242 1630 1377 1695 principatu
1386 1635 1514 1682 ternorum
1527 1633 1657 1697 utriusque
1668 1647 1713 1683 ur-

937 1746 949 1768 «
968 1724 1007 1775 bis
1025 1726 1134 1775 virorum
1147 1727 1256 1790 pericula
1268 1727 1444 1779 decerneretur
1464 1730 1598 1793 peiiemni.
1640 1735 1713 1781 Arne·

937 1841 950 1865 ι
968 1822 1048 1885 pimus
1068 1821 1142 1872 etiarn
1157 1822 1202 1872 lim
1214 1823 1367 1874 munitiones
1380 1825 1452 1875 nobie
1467 1826 1564 1878 oliietae
1583 1829 1609 1876 et
1620 1828 1645 1877 in
1660 1839 1714 1878 cer·

938 1939 950 1962 a
969 1918 1060 1970 tamine
1071 1920 1180 1985 victores
1202 1920 1289 1971 urbem
1300 1934 1383 1971 eorum
1396 1922 1421 1972 in
1434 1926 1546 1974 dustram
1558 1928 1711 1990 potestatem

937 2027 1115 2093 «redegimus.
1158 2029 1217 2091 Eia,
1242 2031 1300 2093 quid
1326 2034 1412 2095 postea
1438 2031 1565 2084 lecimus?
1593 2035 1654 2084 cnm
1680 2034 1711 2084 li·

938 2148 951 2173 «
968 2131 1038 2180 earet
1062 2129 1133 2180 nobie
1159 2128 1259 2181 obsides
1282 2143 1369 2181 eorum
1393 2145 1494 2196 capere,
1521 2136 1548 2184 ei
1568 2133 1712 2199 presidium

937 2246 950 2272 ι
966 2226 993 2277 ln
1013 2227 1074 2279 urire
1096 2227 1247 2291 relinquere,
1267 2231 1293 2279 et
1312 2229 1450 2293 praecipuos
1474 2233 1590 2283 auctores
1616 2230 1712 2283 dissidii

938 2342 951 2369 ι
967 2325 1032 2376 inter
1040 2327 1139 2376 nostras
1149 2325 1264 2376 ciritetea
1276 2325 1357 2376 exorti
1371 2327 1410 2378 rel
1422 2341 1511 2378 necere
1526 2329 1564 2379 rel
1576 2329 1667 2393 pellere
1688 2329 1713 2379 iu

939 2442 951 2466 ι
968 2424 1083 2485 exilium,
1096 2428 1122 2474 et
1147 2437 1234 2474 eurum
1251 2425 1394 2489 reipublice
1420 2426 1525 2476 termam
1547 2426 1580 2477 ad
1603 2432 1715 2479 uestram

938 2522 1102 2574 «utilitatem
1127 2526 1239 2583 mutere,
1267 2527 1294 2574 et
1312 2525 1363 2587 egri
1383 2528 1410 2574 ei
1429 2524 1553 2576 bonorum
1579 2532 1650 2591 purte
1672 2541 1715 2578 ecs

938 2640 951 2663 a
967 2619 1099 2679 mulctare,
1122 2622 1149 2668 et
1179 2619 1387 2681 (quodomnium
1410 2626 1465 2672 erat
1490 2622 1646 2685 facillimum)
1671 2638 1714 2677 σοι

938 2736 951 2759 τ
968 2716 1043 2767 armie
1073 2715 1193 2781 spoliare,
1225 2717 1316 2779 quibus
1350 2718 1425 2767 rebus
1448 2723 1560 2768 nusimm
1584 2720 1712 2782 imperium

937 2832 949 2855 u
965 2813 1042 2876 magis
1053 2812 1231 2874 srrmaseemus;
1246 2815 1305 2864 nihii
1321 2818 1404 2866 tamen
1422 2816 1509 2866 luorum
1532 2818 1612 2867 lacere
1632 2816 1711 2866 volui·

937 2926 949 2950 α
967 2921 1038 2968 mus,
1058 2907 1175 2959 maiorem
1197 2908 1297 2973 pietatis
1320 2924 1394 2973 quum
1416 2910 1494 2961 nostri
1512 2910 1605 2974 imperii
1618 2911 1711 2962 inceiu-

937 3026 949 3050 «ι
967 3006 1061 3057 ωἰῑιίίε
1086 3008 1206 3059 rationem
1227 3008 1373 3059 habentes:
1395 3011 1421 3059 et
1435 3013 1539 3059 licitum
1566 3009 1707 3075 Fuisetium

936 3123 949 3149 α
966 3118 1040 3169 quem
1058 3105 1104 3169 ipei
1128 3120 1224 3157 summo
1251 3108 1396 3172 magistratu
1425 3110 1555 3168 ornarant,
1583 3111 1711 3173 tamquam

935 3223 948 3248 ι
965 3203 1075 3254 omnium
1089 3205 1238 3257 Albanorum
1257 3204 1502 3269 praestantissimum,
1519 3204 1551 3256 ud
1568 3203 1616 3256 hcc
1634 3220 1712 3271 mque

936 3329 948 3352 α
966 3314 1065 3373 ternpus
1075 3310 1252 3375 rempublicam
1267 3310 1441 3362 administrare
1452 3310 1520 3375 paesi
1534 3322 1630 3360 eumue.
1665 3313 1712 3362 Pru

936 3428 948 3450 a
965 3407 1056 3470 quibus
1074 3406 1200 3457 beneficiis
1212 3420 1286 3471 quam
1300 3409 1403 3472 gratiam
1416 3407 1487 3458 uubis
1506 3408 1649 3466 retulerint,
1662 3420 1711 3471 quo

936 3526 948 3551 u
967 3511 1079 3571 tempure
1096 3506 1252 3571 potissimum
1272 3506 1407 3556 amicumm
1427 3511 1452 3556 ei
1471 3506 1594 3557 suciomm
1607 3506 1712 3558 irenem·

935 3624 946 3647 ι
965 3603 1039 3653 lentie
1062 3603 1134 3653 nobie
1151 3617 1214 3667 opus
1229 3607 1295 3660 erat,
1314 3603 1406 3654 audite.
1439 3604 1504 3654 Cium
1528 3617 1584 3653 cum
1598 3602 1710 3654 irust'rbm

933 3721 945 3744 ι
964 3699 1134 3750 communibus
1149 3700 1223 3764 pacti,
1237 3705 1264 3750 ut
1277 3702 1301 3750 in
1314 3701 1366 3764 ipsa
1380 3715 1514 3765 pugnaque
1527 3715 1642 3752 unacum
1656 3701 1708 3753 illia

935 3818 947 3841 ιι
964 3797 1123 3858 invaderent,
1139 3810 1194 3848 cum
1217 3798 1283 3848 acies
1302 3799 1425 3862 utrimque
1443 3801 1507 3849 inter
1530 3785 1557 3850 ee
1579 3801 1710 3865 appropin-

934 3918 946 3940 ε
964 3899 1096 3960 quassent,
1108 3894 1207 3947 decerto
1220 3896 1273 3947 locu
1289 3897 1314 3947 in
1336 3912 1386 3961 quo
1398 3898 1512 3948 collocati
1530 3901 1617 3961 eraut,
1635 3913 1709 3950 cursu

934 4014 945 4036 r
962 3993 995 4043 ad
1013 3992 1139 4057 μετίωσι
1148 3995 1244 4043 menter
1255 3996 1450 4054 contendemni,
1467 3994 1523 4045 locu
1536 3996 1631 4045 inunita
1644 4007 1708 4059 prce·

932 4116 944 4139 ιι
962 4109 1083 4161 occepere
1094 4096 1229 4161 cupientes.
1262 4095 1288 4146 si
1303 4095 1378 4160 igitur
1396 4101 1501 4147 equulus
1512 4097 1559 4148 istc
1575 4098 1637 4163 ipsis
1649 4113 1708 4152 euc-

932 4222 944 4245 ι
962 4199 1085 4262 cessisset,
1096 4198 1156 4250 nihil
1167 4198 1335 4263 impedivisset
1343 4210 1393 4261 quc
1401 4201 1481 4249 minus
1489 4213 1535 4251 noa
1545 4215 1631 4252 omnes
1641 4206 1667 4254 et
1675 4203 1708 4253 ab

932 4326 944 4349 ι
962 4303 1074 4353 iroeiiirus
1085 4305 1111 4352 et
1122 4302 1208 4352 amicis
1220 4300 1380 4352 circumventi
1391 4301 1536 4365 periremus,
1550 4303 1656 4353 etmulti
1668 4304 1706 4353 iu-

932 4417 944 4440 ι
962 4397 1042 4455 bores,
1064 4409 1183 4460 quospru
1206 4399 1298 4445 nostre
1317 4393 1427 4445 civitatis
1448 4395 1552 4461 imperio
1571 4395 1705 4455 aubiimue,

931 4508 944 4533 ε
963 4503 1011 4538 οπο
1040 4488 1081 4538 die
1107 4489 1243 4540 interirem.
1277 4488 1325 4540 sed
1345 4492 1475 4552 postquam
1499 4503 1584 4541 eorum
1604 4487 1705 4540 consilia

930 4597 944 4621 α
961 4577 1031 4628 irrita
1048 4580 1106 4627 euni
1123 4578 1204 4640 iactu,
1221 4579 1326 4642 primum
1338 4578 1438 4641 quidem
1457 4579 1559 4629 deorum
1576 4577 1703 4641 beneficio,

931 4686 944 4711 ι
961 4665 1063 4730 (omnes
1075 4665 1140 4716 enim
1151 4679 1191 4716 res
1208 4665 1327 4730 preclare
1339 4670 1364 4716 et
1381 4667 1443 4718 bene
1460 4670 1541 4730 pestes
1558 4666 1604 4715 iliis
1620 4677 1704 4729 accep

932 4782 944 4806 ε
961 4765 1000 4814 tea
1010 4761 1078 4824 tero)
1095 4761 1182 4812 ddnde
1196 4775 1256 4813 rero
1270 4762 1331 4813 meis
1348 4763 1512 4827 imperatoriis
1524 4761 1633 4820 artibus,
1647 4775 1703 4824 qum

933 4873 944 4898 ι
962 4849 1030 4901 haud
1046 4864 1132 4915 pamm
1147 4851 1255 4901 hostium
1270 4854 1389 4901 terrorem
1402 4854 1427 4900 et
1446 4855 1551 4899 restrum
1574 4847 1702 4900 uudaciem

930 4962 942 4985 ε
958 4944 1088 5002 auxerunt,
1104 4939 1175 5004 (nam
1194 4952 1250 5002 qum
1270 4953 1315 5003 eqo
1330 4943 1391 4991 tuuc
1410 4939 1435 4987 iu
1457 4938 1541 4999 proelio
1558 4937 1625 4999 diri,
1647 4953 1702 4993 meu

930 5049 943 5072 ι
959 5029 1028 5078 turm
1044 5027 1076 5078 είι
1092 5026 1191 5078 Albanis
1204 5030 1300 5077 montes
1313 5026 1495 5091 praeoccupari,
1508 5030 1535 5075 ut
1550 5026 1635 5079 hostes
1655 5030 1701 5081 rir-

930 5117 1166 5178 «cumreuirentur,
1188 5118 1325 5165 commenta
1341 5117 1366 5163 ei
1384 5115 1559 5176 suiegerum
1580 5129 1635 5167 mea
1649 5118 1700 5170 lue·

930 5238 942 5259 ι
961 5213 1047 5277 runi),
1061 5212 1175 5264 omnibus
1195 5213 1269 5264 rebus
1282 5209 1354 5263 uobis
1373 5222 1402 5262 eu
1421 5213 1480 5263 vote
1497 5213 1700 5279 succedentium,
