3772 5828
185 302 205 360 2
696 304 862 365 dionisii
883 304 1264 372 llALlCAllNASSENSIS

185 439 240 498 κοῖς
254 421 319 488 εἶναι
334 432 379 489 καί
393 433 493 502 πολλήν
505 433 681 509 ποιησάμενος
694 436 846 513 ἀμφοτέρων
861 437 952 511 ἐπιμί-

184 517 270 590 λαιαν,
281 518 339 577 οὔτε
349 519 485 595 παρελθεῖν
494 520 538 579 τὸν
549 518 614 598 ὑπὲρ
626 522 712 581 αὐτῶν
722 523 797 599 λόγον
808 523 952 595 ἐθουλήθην

184 604 238 664 οὐτ’
246 608 271 662 ἰν
281 608 352 686 άλλιρ
362 606 489 684 τινὶτόπῳ
498 610 681 687 καταχωρίσαι
689 613 788 687 μᾶλλον
798 612 860 691 ἣτῷ
866 634 954 690 προοι-

184 694 237 772 μίῳ
252 698 299 765 τῆς
313 697 502 775 πραγματείας.

142 805 157 843 n
223 783 262 843 ll.
286 786 342 852 Τήν
365 783 412 858 μὲν
434 775 477 841 οὐν
494 788 612 842 ὑπόθεσιν
633 786 672 842 δτι
688 784 772 856 καλήν
792 785 886 865 εἴληφα
909 789 953 847 καὶ

184 876 372 950 μεγαλοπρεπῆ
402 873 446 930 καί
475 875 579 936 πολλοῖς
609 874 756 951 ὠφέλιμον,
786 880 815 933 οὐ
845 882 953 955 μακρῶν

181 952 255 1035 οἶμαι
280 961 380 1032 δεήσειν
406 963 488 1039 λόγων
514 970 566 1027 τοῖς
597 984 626 1037 γε
653 962 686 1032 δή
715 964 753 1040 μὴ
784 966 952 1026 παντάπασιν

180 1053 292 1128 ἀπείροις
315 1052 403 1131 έχουσι
420 1056 466 1121 τῆς
492 1054 577 1120 κοινῆς
601 1052 725 1129 ἱστορίας.
781 1055 815 1112 Ei
839 1052 889 1133 γάρ
916 1079 953 1122 τις

104 1170 108 1179 ·
180 1141 323 1211 ἐπιστήσαε
345 1141 392 1211 τήν
418 1140 532 1199 διάνοιαν
560 1139 602 1196 ε’πὶ
618 1139 663 1204 τδς
686 1142 897 1218 παραδεδομένας
924 1146 953 1204 ἐκ

126 1255 152 1292 re
181 1236 225 1290 τοῦ
249 1229 456 1307 παρεληλυθότος
469 1230 564 1306 χρόνου
579 1228 679 1285 πόλεών
695 1251 723 1285 τε
736 1229 779 1286 καί
794 1232 871 1287 ἐθνῶν
887 1235 951 1307 ήγε·

181 1319 288 1392 μανίας,
305 1317 394 1376 ἔπειτα
406 1339 486 1395 χωρις
500 1316 614 1386 ἑκάστην
629 1319 733 1374 σκοπῶν
743 1317 787 1374 καὶ
799 1321 861 1396 παρ’
872 1319 951 1391 άλλή·

179 1411 225 1476 λας
248 1407 372 1476 ίξετάζων
387 1406 526 1481 διαγνῶναι
542 1403 693 1481 βουληθείη,
709 1405 747 1471 τίς
764 1405 847 1463 αὐτῶν
864 1406 949 1485 ἀρχήν

179 1520 206 1554 τε
229 1497 355 1574 μεγίστην
370 1492 500 1562 ἐκτήσατο
522 1491 568 1549 καὶ
583 1490 688 1568 πράξεις
706 1490 859 1560 άπεδείξαίο
881 1495 949 1570 λαμ-

178 1583 309 1661 προτάτας
330 1583 356 1639 έν
378 1580 465 1659 εἰρήνη
489 1602 516 1638 τε
542 1577 587 1636 καί
606 1580 672 1637 κατὰ
689 1580 832 1656 πολέμους,
856 1587 949 1662 μακρῷ

125 1707 149 1746 lt
177 1674 209 1746 δή
222 1696 273 1731 τινι
285 1670 332 1742 τήν
345 1669 486 1744 Ῥωμαίων
509 1668 650 1744 ἡγεμονίαν
665 1668 771 1732 ἁπάσας
784 1670 949 1747 θπερδεθλη-

179 1761 259 1837 μένην
283 1762 374 1838 δψεται
397 1755 443 1820 τάς
471 1753 522 1833 πρὸ
550 1757 630 1825 αὐτῆς
653 1758 897 1833 μνημονευομένας,
919 1763 948 1818 οὐ

178 1851 256 1924 μόνον
270 1846 339 1905 κατδι
353 1844 383 1903 τὸ
398 1845 504 1921 μέγεθος
517 1847 565 1912 τῆς
580 1845 664 1922 ἀρχῆς
675 1845 719 1901 καὶ
730 1843 798 1902 κατδι
811 1844 840 1903 τδ
854 1848 948 1913 κάλλος

176 1939 226 1993 τῶν
239 1933 372 2012 πράξεσιν,
386 1934 415 1998 ἃς
429 1931 502 1991 οὔπω
517 1933 666 2006 κεκόσμηκε
680 1933 755 2009 λόγος
765 1935 847 2001 οὐδεὶς
862 1933 947 2010 άξίως,

177 2023 245 2083 ἀλλὰ
266 2023 311 2080 καὶ
330 2021 399 2081 κατδ
420 2021 450 2081 τό
475 2027 558 2096 μῆκος
582 2025 627 2078 τοῦ
653 2021 848 2101 περιειληρότος
866 2024 947 2096 αὐτὴν

121 2142 148 2183 20
175 2113 268 2192 χρόνου
283 2112 363 2189 μέχρι
384 2112 430 2179 τῆς
446 2108 505 2167 καθ’
521 2113 592 2183 ἡμᾶς
608 2108 722 2178 ἡλικίας.
766 2108 800 2169 Ἥ
823 2109 870 2184 μὲν
896 2115 946 2192 γδιρ

175 2201 323 2280 Ἀσσυρίων
345 2197 415 2275 ἀρχὴ
434 2195 536 2255 παλαιά
553 2219 592 2262 τις
618 2186 684 2253 οὐσα
699 2195 745 2254 καί
763 2199 799 2265 είς
817 2197 875 2266 τούς
897 2224 945 2278 μυ-

174 2288 259 2354 θικούς
287 2285 435 2363 ἀναγομένη
469 2282 578 2362 χρόνους
609 2284 696 2360 ὀλίγου
722 2287 790 2352 τινὸς
819 2288 947 2366 έκράτησε

174 2383 220 2447 τῆς
247 2375 334 2441 Ἀσίας
355 2373 460 2452 μέρους.
503 2372 537 2433 Ἡ
554 2370 581 2430 δέ
604 2375 711 2446 ΜηδικάΙ
726 2378 871 2436 καθελοῦσα
899 2379 944 2449 τήν

173 2463 315 2541 Ἀσσυρίων
326 2462 372 2520 καὶ
386 2460 491 2538 μείζονα
506 2460 659 2518 δυναστείαν
672 2462 865 2542 περιδαλομένη
880 2468 945 2547 χρό-

120 2577 146 2617 ρς
177 2574 217 2609 νον
233 2554 262 2609 σύ
276 2549 357 2607 πολύν
373 2549 511 2628 ἀντέσχεν,
526 2548 585 2607 ἀλλ’
599 2548 644 2607 ἐπὶ
661 2555 706 2624 τῆς
725 2555 850 2633 τετάρτης
865 2579 944 2616 κατε·

173 2641 237 2712 λύθη
260 2647 359 2717 γενεᾶς.
405 2637 510 2714 Πέρσαι
533 2637 560 2696 δὲ
581 2635 626 2720 [οἱ]
646 2642 753 2713 Μήδους
766 2647 945 2721 καταγωνισά·

173 2751 244 2804 μενοι
270 2731 316 2797 τῆς
331 2725 377 2802 μίν
392 2724 478 2793 Ἄσίας
493 2727 580 2804 ὀλίγου
608 2729 659 2785 δεῖν
674 2730 760 2800 πάσης
775 2733 945 2800 τελευτῶντες

172 2816 334 2894 ἐκράτησαν·
352 2813 568 2894 ἐπιχειρήσαντες
591 2813 617 2872 δὲ
642 2815 689 2873 καί
712 2825 764 2883 τοῖς
780 2821 943 2898 Εὐρωπαίοις

170 2894 270 2961 ἔθνεσιν
284 2904 313 2960 οὐ
328 2901 414 2962 πολλὰ
430 2901 613 2978 ὑπηγάγοντο,
634 2902 726 2978 χρόνον
750 2903 773 2960 τ’
799 2910 827 2964 οὐ
854 2909 943 2988 πολλῷ

116 3010 143 3049 ου
170 2991 278 3047 πλείονα
302 2988 441 3047 διακοσίων
458 2991 522 3046 ίτῶν
546 2987 651 3061 ἔμειναν
675 2989 718 3046 ἐπὶ
738 2994 784 3060 τῆς
809 2995 901 3071 ἀρχῆς.

171 3074 204 3135 Ἡ
218 3077 245 3134 δέ
258 3072 427 3142 Μακεδονικὴ
443 3076 584 3131 δυναστεία
597 3071 643 3143 τήν
660 3076 771 3150 Περσῶν
797 3082 942 3138 καθελοῦσα

171 3163 246 3241 ἰσχύν
262 3163 365 3238 μεγέθει
392 3162 439 3234 μὲν
465 3164 548 3238 ἀρχῆς
566 3160 670 3226 ἁπάσας
695 3162 871 3241 θπερεθάλετο
895 3167 941 3235 τὰς

169 3252 220 3332 πρὸ
234 3252 331 3321 αὐτῆς·
344 3249 435 3327 χρόνον
451 3247 474 3305 δ’
489 3247 540 3305 οὐδ’
556 3247 622 3318 αὐτη
637 3247 717 3307 πολύν
729 3249 855 3325 ήνθησεν,
874 3256 942 3315 ἀλλὰ

170 3338 237 3415 μετὰ
249 3337 296 3412 τὴν
312 3334 479 3412 Ἀλεξάνδρου
498 3334 621 3406 τελευτήν
636 3337 680 3394 ἐπὶ
693 3337 723 3396 τδ
741 3339 828 3417 χεῖρον
845 3340 940 3417 ἤρξατο

114 3446 142 3486 σε
169 3429 300 3506 φέρεσθαι.
342 3426 543 3484 Διασπασθεῖσα
565 3425 614 3503 γάρ
630 3427 664 3491 τίς
684 3427 795 3492 πολλοὺς
810 3429 941 3505 ἡγεμόνας

169 3513 241 3579 εὐύὐς
256 3516 309 3574 det
325 3517 376 3572 τῶν
393 3511 538 3592 διαδόχων,
555 3511 601 3571 καί
615 3517 672 3587 μετ’
694 3517 804 3584 ἐκείνους
816 3519 879 3599 άχρι
893 3524 939 3592 τῆς

170 3603 291 3678 δευτέρας
310 3600 328 3671 ἢ
348 3600 438 3681 τρίτης
453 3599 585 3680 ἰσχύσασα
599 3605 731 3680 προελθεῖν
746 3615 846 3682 γενεᾶς,
862 3611 940 3669 άσθε·

167 3712 181 3744 ν
193 3715 213 3759 ,ς
227 3688 293 3760 αὐτὴ
312 3692 344 3748 δι’
359 3693 453 3760 ἑαυτῆς
467 3689 568 3765 ἐγένετο
586 3691 630 3748 καὶ
644 3693 789 3751 τελευτῶσα
805 3696 855 3754 ὐπὸ
868 3695 938 3757 Ῥω-

168 3779 253 3852 μαίων
268 3778 408 3858 ἠρανίσθη.
453 3778 505 3837 Καί
519 3779 571 3835 οὐδ’
587 3777 653 3850 αὕτη
668 3779 757 3854 μίντοι
771 3791 857 3841 πᾶσαν
870 3787 940 3844 irrei-

113 3881 141 3920 ιο
167 3864 249 3934 ήσατο
259 3871 307 3945 γῆν
319 3889 347 3926 τε
368 3868 412 3926 καί
421 3867 554 3925 θάλασσαν
565 3866 693 3936 ὑπήκοον·
707 3867 765 3926 οὐτε
778 3868 828 3947 γδρ
840 3871 939 3944 Λιύόης

166 3951 205 4010 δτι
219 3955 256 4029 μὴ
269 3959 315 4027 τῆς
339 3956 402 4035 πρὸς
413 3955 538 4032 Αἰγύπτῳ
553 3957 652 4027 πολλῆς
673 3958 719 4013 οὐκ
734 3955 811 4027 οὔσης
829 3959 939 4036 έκράτη-

166 4063 220 4112 σεν,
229 4041 286 4100 οὐτε
303 4044 349 4116 τὴν
365 4044 493 4123 Εὐρώπην
505 4045 567 4116 ὅλην
582 4045 739 4121 ὑπηγάγετο,
753 4047 819 4105 ἀλλὰ
828 4051 879 4105 τῶν
890 4050 937 4125 μὲν

167 4128 274 4207 βορείων
292 4133 371 4203 αὐτῆς
388 4136 473 4213 μερῶν
488 4132 566 4212 μέχρι
581 4133 689 4213 Θράκης
702 4137 826 4213 προῆλθε,
848 4143 900 4196 τῶν
916 4140 938 4197 δ’

166 4217 312 4296 Ἑσπερίων
328 4221 405 4299 μέχρι
425 4226 470 4292 τῆς
493 4221 626 4299 Ἀδριανῆς
650 4223 749 4293 κατέοή
775 4225 915 4298 θαλάσσης.

111 4326 138 4366 ιο
206 4308 257 4369 lli.
276 4309 311 4368 Αἱ
324 4308 370 4385 μίν
382 4298 426 4366 οὐν
438 4308 640 4390 ἐπιφανέσταται
649 4313 700 4368 τῶν
713 4312 824 4388 πρόσθεν
838 4316 936 4390 ἡγεμο-

167 4400 247 4462 νιῶν,
265 4395 295 4463 δς
320 4397 518 4476 παρειλήφαμεν
540 4399 569 4455 ίκ
593 4401 640 4469 τῆς
662 4399 790 4476 ἱστορίας,
806 4400 936 4474 τοσαύτην

167 4483 255 4559 άκμήν
287 4506 316 4542 τε
340 4482 385 4540 καὶ
418 4482 492 4561 ίσχύν
517 4484 645 4542 λαθοῦσαι
682 4487 874 4556 κατελύθησαν·
890 4489 935 4555 τὰς

167 4569 218 4647 γάρ
235 4569 392 4640 Ἑλληνικάς
406 4571 526 4645 δυνάμεις
551 4574 597 4629 οὐκ
614 4571 683 4638 άξιον
709 4575 798 4640 αὐταῖς
820 4578 936 4633 α’ντιπα-

166 4658 306 4740 ρεξετάζειν
332 4657 391 4717 οὐτε
415 4658 521 4737 μέγεθος
536 4662 619 4738 ἀρχῆς
642 4659 699 4719 οὐτε
715 4660 806 4740 χρόνω
833 4667 928 4744 inspa-

109 4779 137 4821 ,η
166 4750 236 4817 νείας
262 4753 385 4808 τοσοῦτον
411 4747 471 4807 ὅσον
497 4751 594 4807 ἐκεῖναι
618 4748 761 4827 λαβούσας.
804 4750 934 4820 Ἀθηναῖοι

167 4836 214 4911 μέν
229 4838 254 4915 γ’
270 4841 349 4906 αὐτῆς
363 4838 440 4912 μόνον
458 4829 537 4912 ἧρξαν
552 4841 598 4907 τῆς
612 4838 740 4916 παραλίου
759 4840 827 4897 δυεῖν
843 4840 934 4899 δέοντα

166 4924 335 5000 ίόδομήκοντ’
360 4925 421 4997 ἔτη,
444 4926 490 4984 καὶ
516 4922 572 4983 otei
598 4923 694 4995 ταύτης
719 4927 843 5004 ἁπάσης,
866 4928 934 4987 δλλθ

164 5014 211 5078 τῆς
231 5012 301 5076 ε’ντδς
317 5012 437 5081 Εὐξείνου
454 5035 482 5071 τε
496 5013 590 5070 πόντου
604 5011 648 5070 καί
658 5018 703 5070 τού
718 5013 876 5093 Παμφυλίου
887 5037 935 5074 πε-

163 5098 273 5177 λάγους,
296 5099 338 5159 ότε
366 5101 469 5176 μάλιστ’
497 5102 748 5179 ἐθαλασσοκράτουν.
801 5103 934 5162 Δακεδαι-

1006 437 1080 487 tanda
1093 439 1271 501 existimarem,
1287 455 1422 508 magnaque
1435 446 1558 510 diligentia
1569 450 1593 498 in
1606 455 1712 515 utroque
1729 467 1776 505 ne·

1006 524 1071 586 gotio
1080 526 1236 589 exsequendo
1244 542 1304 577 usus
1315 543 1404 594 essem,
1415 545 1499 583 earum
1509 549 1590 585 rerum
1598 538 1777 600 expositionem

1006 625 1085 674 neque
1096 613 1191 664 silentio
1202 617 1327 678 preterire
1336 633 1414 683 noque
1423 620 1448 669 in
1457 621 1505 670 edio
1511 624 1625 686 quopiam
1632 627 1687 676 loeo
1694 629 1777 690 potius

1005 713 1081 763 quam
1093 701 1118 750 in
1131 704 1185 766 ipso
1196 704 1277 767 operis
1287 707 1404 768 prooemio
1415 709 1532 759 collocare
1543 712 1615 763 soleri.

1037 799 1068 846 ll.
1089 803 1263 861 Argumentum
1272 800 1346 864 igitur
1357 805 1500 866 praeclarum
1514 812 1538 857 cl
1549 811 1704 873 magnifieum
1712 813 1778 863 rnul-

1005 893 1085 955 tisque
1097 894 1157 944 utile
1168 909 1207 945 me
1221 897 1395 961 elegissehaud
1406 900 1476 964 longa
1484 903 1602 966 oratione,
1612 906 1706 968 opinor,
1718 921 1778 970 pro-

1005 991 1112 1041 bandum
1121 993 1176 1054 erit,
1192 993 1222 1044 iis
1233 995 1319 1045 saltem
1332 997 1374 1058 qui
1390 996 1499 1049 historin
1509 1003 1645 1051 eommunis
1655 1017 1703 1053 non
1717 1010 1779 1059 sunt

1004 1086 1102 1148 penitus
1114 1087 1229 1150 imperiti.
1263 1090 1343 1154 Siquis
1352 1092 1417 1141 enirn
1427 1095 1535 1143 animuin
1547 1096 1676 1147 advertens
1690 1099 1722 1149 ad
1737 1115 1779 1151 ur·

1003 1180 1071 1231 bium
1088 1183 1247 1248 gentiumque
1274 1184 1393 1248 imperia,
1407 1200 1492 1251 queso
1508 1191 1676 1253 superioribus
1694 1207 1778 1257 usqua

1002 1281 1100 1331 secutis
1110 1285 1233 1334 memoriae
1247 1289 1306 1335 sunt
1319 1288 1430 1350 prodita,
1442 1292 1467 1337 ct
1477 1290 1607 1351 separatim
1622 1294 1777 1356 unumquod·

1002 1391 1051 1439 que
1069 1378 1223 1430 considerans
1245 1385 1269 1431 et
1290 1383 1352 1432 inter
1371 1397 1397 1432 sc
1420 1384 1509 1435 collata
1530 1387 1687 1448 examinans,
1714 1390 1777 1440 velit

1002 1472 1145 1537 dignoscere
1164 1477 1287 1540 quodnam
1304 1494 1335 1529 ex
1348 1480 1379 1531 ils
1397 1482 1528 1532 maximam
1540 1485 1675 1547 potentiam
1691 1486 1772 1551 adep·

1002 1573 1055 1620 tum
1076 1571 1120 1631 sit,
1140 1577 1164 1621 et
1177 1585 1235 1634 pace
1254 1572 1365 1636 belloque
1387 1588 1426 1624 res
1449 1575 1595 1625 clarissimas
1609 1579 1729 1639 gesserit,
1750 1580 1775 1630 is

1001 1668 1136 1730 comperiet
1160 1667 1290 1730 imperium
1325 1671 1461 1719 Romanurn
1493 1674 1576 1720 cetera
1606 1671 1688 1720 omnia
1716 1686 1775 1735 quae

1000 1770 1057 1816 ante
1064 1766 1146 1829 ipsum
1157 1770 1324 1816 memorantur
1339 1766 1409 1830 lunge
1425 1780 1562 1831 superasse,
1575 1783 1621 1817 non
1636 1769 1714 1819 solum
1730 1785 1776 1822 xm·

1001 1863 1063 1925 perii
1081 1862 1248 1924 magnitudine
1261 1866 1286 1912 et
1307 1869 1527 1927 rerumgestarum
1548 1863 1688 1930 splendore,
1708 1881 1774 1929 quas

999 1959 1067 2008 uulla
1091 1959 1151 2008 dum
1168 1959 1248 2009 oratio
1270 1973 1314 2022 pro
1338 1973 1422 2009 earnm
1446 1960 1563 2022 dignitate
1588 1961 1692 2032 ornauit,
1729 1963 1775 2014 sed

999 2056 1072 2106 etiam
1095 2057 1245 2120 longitudine
1266 2057 1397 2120 temporis,
1420 2056 1519 2118 quoad
1551 2061 1660 2107 nostram
1692 2073 1775 2122 usque

999 2155 1098 2206 celamus
1135 2159 1296 2218 propagatum
1327 2158 1373 2204 est.
1422 2156 1482 2204 llam
1516 2159 1685 2217 pervetustum
1710 2156 1773 2208 illud

999 2249 1154 2313 Assyriorum
1172 2251 1318 2315 imperium,
1332 2250 1399 2315 quod
1408 2250 1440 2299 ad
1450 2251 1562 2301 sabulosa
1573 2265 1652 2316 usque
1661 2255 1775 2317 tempora

999 2350 1137 2408 revocatur,
1159 2348 1269 2411 exiguam
1293 2346 1418 2410 quandam
1440 2346 1511 2397 Asiae
1533 2351 1627 2410 partem
1654 2349 1773 2402 obtinuit.

1000 2443 1127 2493 Medorum
1148 2458 1207 2494 vero
1219 2443 1361 2508 imperium,
1377 2457 1463 2493 everso
1476 2445 1590 2507 Assyrio,
1609 2451 1704 2507 partem
1719 2459 1770 2498 arra·

999 2540 1075 2591 iorem
1091 2544 1226 2605 potentiam
1255 2540 1298 2590 diu
1317 2555 1365 2590 nou
1386 2540 1499 2600 retinuit,
1525 2540 1568 2591 aad
1592 2546 1680 2602 quarta
1698 2544 1773 2593 aetate

997 2650 1109 2687 eversum
1122 2641 1168 2687 est.
1201 2643 1236 2685 Ac
1251 2640 1331 2687 Persae
1341 2637 1439 2699 quidem
1450 2636 1527 2686 ltedis
1538 2636 1642 2686 (leniciis
1655 2640 1708 2685 tota
1719 2639 1770 2688 tere

996 2734 1054 2783 Asia
1076 2732 1175 2783 tandem
1192 2735 1251 2782 sunt
1264 2733 1335 2796 potiti
1352 2753 1359 2783 τ
1376 2733 1420 2784 sed
1439 2737 1570 2795 lluropreas
1589 2733 1663 2784 etiam
1686 2739 1772 2796 gentes

996 2831 1119 2894 aggressi,
1137 2843 1227 2892 paucas
1244 2829 1409 2891 subegerunt,
1432 2829 1612 2891 imperiumque
1624 2843 1672 2877 non
1688 2832 1770 2882 multu

996 2927 1101 2991 amplius
1112 2940 1186 2991 quam
1196 2925 1314 2975 ducentos
1328 2937 1404 2973 annos
1413 2924 1572 2974 retinuerunt.
1606 2925 1770 2978 Macedonum

996 3037 1055 3072 vero
1074 3022 1181 3086 potentia
1193 3020 1278 3070 tractis
1290 3022 1421 3070 Persarum
1437 3019 1525 3083 opibus
1541 3020 1636 3083 imperii
1650 3023 1768 3085 amplitu-

994 3119 1051 3168 dine
1061 3130 1144 3166 omnes
1153 3117 1273 3179 quotquot
1284 3117 1341 3164 ante
1355 3114 1452 3165 luerunt
1463 3116 1608 3178 superarite
1620 3116 1662 3166 sed
1675 3130 1707 3169 ne
1716 3120 1770 3170 lxeec

994 3215 1096 3278 quidem
1110 3213 1152 3263 diu
1178 3211 1272 3271 tloruit,
1289 3225 1318 3262 ao
1338 3215 1394 3274 pust
1411 3211 1544 3262 Alexandri
1556 3213 1651 3262 obitum
1664 3215 1769 3278 inpeius

994 3327 1065 3363 ruere
1085 3311 1170 3375 erepit.
1204 3309 1293 3359 Statim
1308 3308 1373 3358 euim
1394 3308 1440 3358 suh
1459 3310 1512 3358 eius
1532 3310 1718 3360 successoribus
1742 3313 1768 3361 in

992 3411 1084 3461 multos
1094 3408 1216 3473 principes
1222 3404 1341 3456 distracta
1350 3407 1375 3454 et
1385 3407 1441 3467 post
1451 3404 1506 3454 illos
1516 3404 1683 3454 adsecundam
1690 3421 1768 3470 usque

993 3509 1125 3560 tertiumve
1143 3507 1242 3555 etatem
1262 3516 1404 3567 progressa,
1418 3503 1470 3566 ipsa
1483 3516 1526 3565 per
1542 3515 1568 3551 se
1582 3500 1711 3552 debilitata
1728 3507 1768 3555 est

991 3607 1141 3669 tandemque
1158 3601 1300 3653 allemanis
1313 3600 1405 3650 deleta.
1439 3605 1577 3650 verumne
1593 3600 1648 3649 leaeo
1668 3599 1767 3662 quidem

992 3716 1079 3752 omnes
1089 3705 1168 3752 terras
1180 3699 1311 3761 omniaque
1320 3696 1395 3748 maria
1407 3696 1432 3746 iu
1445 3707 1518 3747 suam
1527 3696 1643 3746 ditionem
1657 3695 1764 3758 redegit;

992 3798 1146 3861 nequeenim
1161 3795 1263 3855 Africus,
1274 3794 1320 3843 nisi
1338 3794 1415 3857 partis
1435 3796 1538 3855 egypto
1556 3793 1682 3855 proximae
1697 3791 1766 3842 eius·

991 3893 1096 3956 demque
1106 3892 1209 3955 exiguae
1223 3890 1302 3953 potita
1314 3892 1367 3938 est:
1381 3901 1460 3950 neque
1475 3891 1551 3936 totam
1566 3890 1688 3950 Europam
1703 3887 1764 3937 sub-

991 3989 1054 4054 egit,
1078 3988 1122 4038 sed
1140 3986 1240 4036 abelus
1264 3982 1493 4047 septentrionalibus
1513 3983 1623 4046 partibus
1637 3983 1668 4033 ad
1687 3985 1766 4035 Tlrra·

992 4088 1056 4137 eiam
1071 4097 1149 4147 usquc
1168 4081 1297 4146 prooessit,
1313 4080 1345 4129 ab
1363 4078 1558 4129 occidentalibus
1570 4093 1629 4129 uero
1644 4093 1722 4144 usque
1734 4079 1766 4130 ad

992 4188 1144 4240 Adriaticum
1158 4198 1226 4237 mare
1241 4183 1376 4233 descendit.

1020 4288 1066 4337 111.
1083 4284 1212 4347 Superiora
1229 4282 1303 4345 igitur
1313 4280 1428 4343 imperia,
1444 4291 1500 4341 quae
1514 4278 1648 4329 clarissima
1656 4279 1762 4342 luerunt,

989 4380 1059 4427 ulex
1078 4374 1180 4424 historia
1194 4372 1347 4436 accepimus,
1362 4372 1456 4422 tanturn
1477 4371 1599 4434 fastigium
1618 4374 1765 4434 mutumque

989 4471 1065 4522 robur
1079 4469 1181 4532 adepta,
1204 4479 1290 4517 eversa
1310 4470 1376 4516 sunt.
1410 4468 1471 4515 itam
1485 4469 1632 4514 Graecorum
1650 4477 1709 4527 opes
1722 4478 1763 4514 ne·

988 4573 1114 4622 quaquam
1125 4572 1181 4607 eum
1191 4557 1228 4605 Ais
1237 4555 1348 4604 conterre
1356 4554 1428 4610 licet.
1442 4553 1462 4602 si
1473 4550 1572 4615 quidem
1581 4564 1659 4614 neque
1669 4554 1763 4602 tantam

989 4652 1084 4716 imperii
1103 4649 1297 4714 amplitudinem,
1320 4660 1399 4710 neque
1417 4649 1468 4695 tam
1487 4645 1630 4693 diuturnum
1648 4642 1762 4705 splendo-

988 4755 1122 4804 remquam
1137 4739 1178 4788 illa
1192 4741 1310 4788 assecutae
1325 4741 1392 4786 sunt.
1424 4736 1582 4785 Athenienses
1603 4735 1668 4784 enim
1685 4747 1762 4785 anuos

989 4837 1221 4900 duodeseptuaginla
1255 4835 1299 4883 soli
1322 4848 1372 4883 orne
1396 4832 1540 4891 maritimae,
1562 4833 1636 4893 atque
1656 4844 1686 4879 ne
1701 4829 1762 4881 huie

988 4932 1087 4994 quidem
1108 4928 1167 4989 toti,
1187 4927 1228 4977 sed
1253 4926 1276 4976 ei
1297 4939 1353 4988 queo
1373 4929 1411 4976 est
1426 4925 1491 4974 intra
1505 4923 1627 4973 Euxinum
1645 4933 1713 4970 mare
1735 4922 1762 4970 et

989 5017 1159 5082 Pamphylium
1182 5014 1298 5079 pelagus,
1326 5027 1375 5076 quo
1393 5016 1502 5075 tempore
1529 5023 1653 5061 summurn
1682 5006 1760 5059 maris

987 5110 1117 5174 imperium
1138 5105 1289 5167 habuerunt,
1310 5104 1468 5165 imperarunt.
1502 5097 1677 5149 Lacedaemonii
1691 5109 1760 5156 raro.
