3772 5828
183 329 244 389 024

185 461 308 522 Αἰκανῶν
325 456 449 530 δυνάμεις
463 454 543 531 όμόσι
553 501 561 522 ,
572 453 618 514 καί
633 461 802 513 καταστᾶσαι
817 450 960 532 ἐμάχοντο,

184 548 278 620 πλήθει
295 570 323 605 τε
338 545 498 625 ἀγχώμαλοι
511 535 589 602 oinct
607 540 652 603 καί
669 542 811 618 ὁπλισμοῖς
833 542 878 600 καί
895 563 963 620 προ·

185 637 281 714 θυμίαν
303 634 484 713 παρεχόμεναι
500 631 549 702 τὴν
565 629 666 702 αὑτήν·
690 628 736 688 καί
762 628 893 704 διίμειναν
919 628 963 687 ἐπὶ

185 725 268 784 πολὺν
284 723 379 802 χρόνον
400 721 548 802 ἰσόρροποι,
575 718 634 778 τοτὲ
648 716 696 791 μίν
717 716 897 783 ἐπιόαίνοντες
914 718 962 774 ἀλ-

145 847 159 883 ς
186 814 289 883 λήλοις,
304 812 362 871 τοτὲ
379 811 405 870 δὲ
422 813 635 886 ὑποχωροῦντες,
648 805 739 872 ἱππεῖς
753 827 782 864 τε
797 806 906 864 ἱππεῦσι
918 805 963 863 καὶ

186 902 258 971 πεζολ
271 903 376 970 πεζοῖς,
394 897 440 957 καί
456 896 548 956 ίπεσον
569 895 595 964 ἐξ
608 895 740 972 ἑκατέρων
756 893 847 971 ἀνδρες
868 895 965 972 ἐπεφα-

185 999 248 1058 νεῖς.
291 986 405 1049 Ἔπειτα
430 987 515 1066 κρίσιν
534 983 667 1061 λαμόοίνει
680 987 694 1043 θ
706 981 822 1060 πόλεμος
843 984 962 1052 ἐπιτελῆ.
1003 1008 1007 1015 ·

187 1077 221 1140 ‘0
235 1078 286 1158 γθρ
302 1077 410 1145 Σίκκιος
420 1078 466 1135 καὶ
480 1078 504 1134 σί
516 1075 562 1134 σὺν
579 1076 667 1154 αὑτῷ,
682 1071 773 1143 ἐπειδὴ
784 1071 896 1144 πλησίον
909 1073 964 1149 ἀγί-

185 1190 262 1227 νοντο
278 1172 323 1240 τῆς
345 1164 517 1246 παρεμόολῆς
530 1166 582 1222 τῶν
598 1165 738 1233 Αἰκανῶν,
758 1160 910 1241 ἀφύλακτον
923 1166 964 1219 εὑ·

134 1285 160 1322 νο
187 1256 271 1335 ρόντες
287 1259 370 1316 ίκεῑνο
382 1257 412 1314 τδ
432 1260 510 1334 μίρος
526 1256 572 1311 τοῦ
584 1251 718 1332 χάρακος·
736 1250 779 1310 tri
793 1248 844 1331 γάρ
865 1248 963 1328 θάτερα

187 1346 219 1405 rit
234 1348 295 1425 πρὸς
315 1343 376 1411 τοὺς
390 1344 557 1422 μαχομένους
580 1339 749 1422 τετραμμένα
768 1340 835 1420 μίρη
858 1343 962 1412 πθσαή

187 1437 353 1515 φυλάττουσα
370 1433 448 1490 αὑτὸν
465 1431 574 1508 δύναμις
600 1428 728 1508 ἐτράπετο
748 1426 819 1486 κατά
837 1424 898 1484 θίαν
915 1430 962 1486 τού

186 1530 300 1605 ἀγῶνος·
314 1520 510 1587 ἐπεισπεσόντες
531 1518 600 1579 κατδι
622 1519 722 1587 πολλὴν
741 1515 877 1577 εὗπίτειαν
894 1513 963 1574 κατά

185 1619 299 1695 κορυφῆς
320 1612 433 1692 γίνονται
448 1612 500 1667 τῶν
522 1608 656 1690 φυλάκων·
672 1605 764 1666 ἔπειτα
780 1602 960 1673 ἀλαλάξαντες

135 1727 159 1765 ιε
185 1703 255 1763 ἔθεον
273 1701 313 1759 ἀπ’
333 1696 434 1766 αὑτούς.
456 1698 492 1756 οἰ
508 1695 535 1755 δί
548 1697 600 1756 ὑπὸ
613 1699 660 1754 τοῦ
675 1698 739 1775 παρ’
754 1695 848 1756 ἐλπίδα
879 1696 962 1756 δεινοῦ

185 1789 387 1871 ἐκταραχθέντες
399 1786 445 1846 καλ
459 1787 488 1844 οὖ
506 1785 643 1853 τοσούτους
654 1775 721 1843 εἶναι
734 1783 867 1858 δόξαντες,
894 1782 964 1844 ἀλλά

185 1877 230 1936 τὸν
242 1876 329 1958 ἕτερον
339 1875 414 1949 ἥκειν
430 1874 543 1951 ὕπατον,
559 1873 656 1951 ἀγοντα
669 1872 717 1942 τὴν
735 1872 782 1931 σὺν
797 1875 870 1955 αὐτῷ
885 1875 961 1934 δύνα·

186 1991 246 2042 μιν,
271 1965 408 2045 ἐρρίπτουν
425 1962 474 2031 ἐξω
495 1968 540 2021 τοῦ
563 1962 680 2042 χάρακος
703 1960 826 2033 ἐαυτοὺς,
854 1960 961 2020 oillei

185 2055 255 2114 θπλα
269 2058 293 2113 οἱ
305 2052 398 2127 πολλοὶ
410 2049 580 2130 φυλάξαντες.
624 2051 659 2110 Οἱ
675 2048 703 2107 δέ
717 2049 778 2127 περί
790 2048 835 2107 τὸν
851 2049 959 2110 Σίκκιον

131 2166 158 2203 αι
184 2142 243 2210 τοὺς
261 2138 548 2216 καταλαμόανυμίνους
570 2139 655 2197 αὐτῶν
667 2135 831 2218 φονεύοντες,
850 2138 896 2197 καί
915 2143 961 2197 τοῦ

184 2234 300 2309 χάρακος
310 2228 502 2308 κρατήσαντες,
523 2226 639 2307 ἐχώρουν
650 2226 693 2285 ἐπὶ
703 2226 762 2293 τοὺς
776 2229 802 2287 ἐν
817 2229 855 2307 τῷ
864 2226 956 2308 πεδίερ.

185 2321 220 2378 Οἱ
235 2320 262 2376 it
288 2316 399 2378 Αἰκανοί
425 2321 472 2375 τοῦ
493 2317 611 2395 χάρακος
624 2313 672 2388 τὴν
692 2315 790 2374 ἅλωσιν
804 2315 857 2376 ἀπό
870 2340 900 2377 τε
912 2321 959 2390 τῆς

185 2410 268 2486 φυγῆς
290 2404 335 2465 καλ
349 2408 396 2475 τῆς
417 2410 533 2485 κραυγῆς
554 2408 606 2464 τῶν
632 2404 762 2487 σφετέρων
792 2404 955 2480 αἰσθόμενοι,

184 2497 231 2557 καὶ
246 2498 304 2572 μετ’
320 2497 349 2555 οὑ
372 2494 439 2553 πολὺ
463 2494 532 2554 κατά
553 2494 636 2553 νώτου
648 2495 722 2572 σφίσι
746 2492 806 2561 τοὺς
820 2493 959 2570 πολεμίους

131 2605 157 2642 τε
184 2588 304 2650 ἐπιόντας
315 2588 441 2662 ὁρῶντες,
460 2582 547 2643 οὐκίτι
560 2589 678 2658 γενναῖον
690 2580 764 2642 ούδίν
777 2580 958 2658 ἀπεδείξαντο,

185 2675 255 2735 ἀλλά
272 2673 467 2738 διασπάσαντες
479 2670 528 2739 τάς
542 2669 627 2738 τάξεις
642 2668 738 2740 ἔσωζον
760 2668 866 2735 ίαυτοὺς
885 2670 960 2729 ἄλλοι

184 2768 242 2824 κατ’
270 2765 352 2830 ἀλλας
375 2763 459 2828 θδούς·
479 2760 541 2821 ίνθα
563 2764 578 2820 ό
603 2761 724 2826 πλεῖστος
747 2760 832 2816 αὐτῶν
860 2756 960 2835 ίγίνετο

184 2853 267 2932 φόνος.
283 2855 323 2911 Οὗ
336 2852 388 2932 γάρ
403 2850 510 2910 ἀνίεσαν
524 2851 547 2910 oi
560 2848 692 2925 Ῥωμαῖοι
703 2845 783 2927 μίχρι
798 2845 887 2912 νυκτὸς
900 2847 962 2906 διώ·

184 2939 272 3006 κοντίς
285 2963 314 2998 τε
329 2939 375 2997 καλ
396 2938 541 3005 κτείνοντες
562 2935 622 3002 τοὺς
637 2934 833 3010 ἁλισκομένους.
882 2933 916 2994 Ὁ
931 2935 960 2994 δδ

184 3028 321 3093 πλείστους
335 3050 363 3085 τε
373 3027 460 3083 αὐτῶν
473 3025 633 3103 διαφθείρας,
650 3023 694 3081 καί
706 3021 880 3098 λαμπρότατα
896 3020 961 3102 ἔργα

184 3116 384 3192 ἀποδειξάμενος
403 3115 509 3177 Σίκκιος
530 3104 578 3187 ἦν,
596 3111 623 3174 δς
637 3111 726 3177 ἐπειδὴ
745 3111 818 3175 τέλος
832 3111 901 3188 ἐώρα
928 3114 961 3171 τά

182 3211 234 3264 τῶν
250 3203 384 3280 πολεμίων
404 3202 514 3280 ἔχοντα,
531 3200 638 3266 σκότους
652 3198 723 3263 ὄντος
739 3198 807 3269 ἤδη,
821 3199 868 3272 τὴν
883 3209 961 3258 σπεῖ-

185 3319 230 3371 ραν
244 3294 315 3371 ἀγων
329 3292 373 3349 ἐπὶ
384 3291 429 3350 τδν
442 3287 605 3368 κρατηθίνεα
616 3287 667 3347 ini
679 3291 749 3367 σφῶν
762 3288 869 3367 χάρακα
882 3290 961 3348 ἀνίσ-

183 3405 261 3461 τρεφε
271 3428 279 3453 ,
291 3379 408 3458 μεγάλης
420 3387 503 3458 χαρᾶς
515 3378 561 3436 καί
571 3380 669 3436 πολλοῦ
681 3375 775 3453 μεστὸς
785 3376 821 3433 ὢν
835 3376 960 3458 αὔχημα·

183 3493 235 3536 τος.
263 3467 302 3529 Οἵ
314 3492 342 3526 τε
355 3468 414 3545 περὶ
439 3466 516 3525 αὑτὸν
532 3468 612 3524 ἀθῶοι
631 3465 675 3523 καί
692 3463 816 3532 idiensi<
840 3465 961 3538 ἅπαντας,

183 3560 212 3616 οὐ
230 3557 306 3633 μόνον
322 3556 394 3614 οὐδὲν
410 3555 534 3622 παθόντες
547 3545 583 3614 ών
598 3555 808 3631 προσεδόκησαν,
828 3554 895 3613 ἀλλά
915 3557 961 3615 καὶ

184 3647 259 3714 δόξαν
275 3647 482 3724 ἐπιφανεστάτην
501 3643 712 3726 ἐξενεγκάμενοι,
730 3644 832 3724 πατέρα
847 3646 890 3702 καί
905 3668 960 3703 σω-

183 3743 251 3813 τῆρα
269 3735 313 3793 καὶ
327 3735 383 3793 θεὸν
396 3734 442 3793 καί
457 3733 544 3793 πάντα
561 3734 594 3792 τά
605 3733 751 3811 τιμιώτατα
773 3732 959 3810 ὀνομάζοντες,

184 3824 325 3895 ἀπλήστοις
340 3814 412 3903 εἶχον
426 3825 575 3898 ἀσπασμῶν
591 3825 681 3879 τετοῦ
696 3818 786 3898 ἀνδρὸς
801 3820 845 3877 καί
871 3824 917 3890 τῆς
931 3823 961 3879 ἐκ

183 3919 235 3970 τῶν
255 3913 342 3971 ἀλλων
365 3911 575 3991 φιλοφρονήσεων
598 3910 702 3978 ἡδονῆς.
755 3907 803 3967 Ἐν
827 3908 854 3966 δὲ
878 3911 961 3990 τούτῳ

184 4003 228 4057 καὶ
245 4005 260 4069 ἡ
276 4001 343 4067 ἀλλη
355 4005 406 4056 τῶν
422 3997 562 4071 Ῥωμαίων
582 3996 685 4075 φάλαγξ
707 3995 764 4071 ἅμα
778 4003 831 4061 τοῖς
854 3997 960 4067 ὑπάτοις

185 4086 237 4143 ἀπὸ
247 4089 293 4154 τῆς
306 4084 416 4151 διώξεως
432 4087 585 4163 ἀνέστρεφεν
600 4085 644 4143 ἐπὶ
664 4087 707 4143 τὸν
734 4087 828 4153 ἑαυτῆς
838 4085 957 4165 χάρακα.

225 4174 342 4233 XLVII.
367 4173 455 4231 θλίέσαι
466 4173 489 4231 τ’
500 4174 550 4245 ἤδη
564 4173 653 4239 νύκτες
667 4165 751 4246 ἦσαν,
769 4173 814 4231 καί
827 4177 840 4232 ὑ
855 4174 960 4244 Σίκκιος

185 4267 355 4341 μνησικακῶν
372 4263 424 4326 τοῖς
440 4264 547 4330 ὑπάτοις
564 4268 610 4333 τῆς
625 4263 670 4320 ἐπὶ
691 4263 735 4320 τδν
762 4261 872 4322 θάνατον
886 4269 954 4323 ἀπο·

143 4386 154 4417 ;,
184 4355 293 4420 στολῆς,
315 4354 349 4417 εἰς
365 4356 424 4409 νοῦν
442 4353 567 4426 βάλλεται
587 4353 633 4422 τὴν
657 4352 731 4420 δόξαν
749 4354 891 4427 ἀφελέσθαι
912 4359 956 4413 τού

183 4439 397 4514 κατορθώματος.
454 4440 652 4515 Κοινωσάμενος
675 4442 702 4499 δὲ
721 4446 774 4508 τοῖς
791 4443 858 4523 ἀμφὶ
881 4443 958 4501 αὑτὸν

182 4535 214 4602 ἦν
239 4522 292 4608 εἶχε
311 4531 439 4599 διάνοιαν,
464 4531 552 4596 ἐπειδὴ
575 4540 653 4588 πᾶσιν
681 4534 794 4611 [ὀρθῶςί
822 4532 955 4613 ἐφαίνετο,

183 4620 227 4677 καί
245 4621 327 4684 οὐδεὶς
350 4624 381 4689 τ’,ν
395 4617 421 4680 ὃς
437 4621 483 4675 οὑκ
499 4620 628 4693 ἐθαύμαζε
643 4625 690 4692 τῆς
703 4645 731 4680 τε
748 4621 897 4702 φρονήσεως
913 4621 957 4677 καί

182 4715 228 4779 τῆς
243 4706 341 4783 τόλμης
355 4708 397 4763 τὸν
416 4707 513 4783 ἀνδρα.
530 4707 620 4766 λαόών
637 4709 670 4766 τά
687 4713 756 4767 όπλα
775 4711 820 4767 καὶ
834 4708 891 4772 τοὺς
907 4708 958 4764 ἀλ-

127 4821 145 4849 ἰ
182 4802 241 4862 lou:
264 4797 388 4862 κελεύσας
416 4797 574 4866 ἀναλαόεῑν,
601 4803 704 4877 πρῶτον
731 4801 777 4875 μὲν
806 4797 958 4876 ἀνθρώπους

181 4886 254 4948 bnon:
278 4889 303 4943 ἐν
322 4890 360 4963 τῷ
381 4891 480 4965 χάρακι
507 4886 638 4944 κατέλαύε
665 4893 717 4945 τῶν
744 4889 886 4956 Αἰκανῶν,
914 4884 958 4940 καί

180 4973 275 5037 ἵππους
288 4975 332 5031 καί
346 4976 430 5032 τάλλα
447 4976 574 5049 ὑποζύγια
589 4975 748 5054 κατέκοψεν·
765 4975 857 5032 ἔπειτα
872 4976 957 5054 ὑφῆψε

180 5064 227 5122 τὰς
242 5062 339 5129 ακηνάς
363 5064 451 5119 όπλων
470 5085 496 5117 τε
513 5064 556 5118 καὶ
574 5064 647 5120 σίτου
663 5064 707 5119 καί
723 5065 829 5133 ἐσθῆτος
846 5062 890 5118 καίΙ
905 5065 956 5118 τῶν

180 5151 217 5213 εἰς
232 5151 275 5204 τὸν
289 5150 404 5224 πόλεμον
421 5151 576 5218 ἐπιτηδείων
591 5152 740 5228 γεμούσας,
764 5156 814 5208 τῶν
830 5175 858 5208 τε
875 5149 961 5207 ἀλλων

704 314 868 379 ΙλΙΟΝΥὸλλ
896 316 1275 379 fllulcluunssnnsls

1018 461 1155 524 rnunisqne
1181 473 1265 524 pum:
1296 458 1389 523 dinque
1414 463 1550 525 pugnaturn
1573 464 1627 523 est,
1648 462 1767 514 victoria
1791 464 1818 516 in

1016 560 1130 607 neutum
1153 561 1249 620 purtem
1274 556 1421 618 inclinante,
1450 557 1560 608 vicisslrn
1583 573 1654 609 uunc
1674 560 1818 626 equitibus

1016 654 1120 718 equites,
1141 656 1168 705 ct
1189 654 1313 719 peditibus
1332 654 1428 719 pedites
1452 654 1648 718 invadentibus,
1672 672 1749 711 nunc
1764 661 1817 713 sibi

1017 749 1122 800 invicem
1134 750 1279 801 cedentibus
1295 770 1302 800 ε
1316 753 1342 801 et
1354 751 1469 814 utrinqne
1489 750 1539 802 riri
1553 751 1665 804 illustres
1683 755 1814 809 cecidere.

1017 849 1126 900 Tandem
1141 863 1228 914 pugne
1240 853 1322 900 certus
1334 849 1388 899 linis
1401 852 1441 899 est
1457 848 1597 914 impositus.
1632 855 1701 905 llam
1713 855 1815 908 Siccius

1017 946 1119 1012 ejusque
1131 947 1230 1005 milites,
1241 960 1318 1011 quum
1334 945 1367 996 nd
1383 947 1465 996 cestro
1479 948 1617 1010 AEquornrn
1628 952 1813 1014 accessissent,

1017 1059 1072 1097 esrn
1089 1045 1147 1095 valli
1160 1048 1255 1111 purtem
1269 1044 1446 1097 incustoditam
1461 1045 1617 1098 offendentes
1627 1049 1733 1111 (toturn
1743 1052 1812 1103 enim

1018 1159 1104 1197 eorum
1116 1142 1268 1210 presidium,
1279 1145 1307 1194 ut
1319 1145 1444 1195 σετθεεοειι
1470 1148 1610 1210 ερεοῑεεεθ,
1633 1159 1692 1197 earn
1711 1154 1811 1214 partern

1018 1246 1133 1310 petierat,
1147 1241 1243 1308 qunnd
1253 1244 1389 1307 pugnantes
1403 1243 1539 1307 conuerso)
1559 1243 1704 1309 irruptione
1717 1246 1810 1298 lucilli·

1018 1356 1059 1393 mc
1082 1342 1155 1403 θιοθε,
1173 1342 1199 1391 in
1212 1340 1345 1392 custodum
1373 1340 1490 1393 vertioenr
1507 1344 1644 1392 eraserunt
1670 1360 1677 1392 τ
1703 1343 1810 1409 deinde,

1019 1440 1117 1492 subluto
1138 1440 1259 1500 clamore,
1279 1439 1305 1490 in
1332 1452 1376 1491 eos
1404 1440 1575 1491 decurrerunt
1609 1442 1650 1492 llti
1678 1442 1812 1510 inspernto

1018 1540 1084 1591 malo
1097 1537 1262 1596 consternati,
1280 1549 1325 1587 nec
1338 1542 1388 1587 tum
1400 1550 1493 1601 paucos
1509 1538 1623 1602 opinati,
1641 1539 1686 1590 sed
1701 1542 1809 1597 alterum

1018 1638 1143 1690 consulem
1157 1650 1214 1687 cum
1230 1635 1341 1686 exercitu
1358 1647 1405 1686 suo
1416 1635 1504 1686 adesse
1519 1637 1711 1698 existimantes,
1735 1657 1763 1695 se
1775 1658 1808 1694 τι

1019 1736 1085 1786 vallo
1096 1732 1270 1800 projiciebant,
1283 1733 1397 1798 plerique
1419 1748 1450 1785 ne
1470 1735 1546 1786 nrmls
1570 1736 1673 1801 quidem
1688 1743 1806 1792 serrntin

1019 1833 1123 1884 Siccinni
1135 1845 1194 1882 vero
1203 1831 1335 1891 cudentes,
1348 1834 1472 1896 quotquot
1491 1846 1519 1883 ex
1534 1833 1584 1884 illis
1592 1839 1805 1902 assequebantur,

1020 1934 1157 1996 castrisque
1184 1932 1276 1997 captis,
1303 1931 1435 1982 tondebunt
1456 1931 1487 1982 nd
1509 1945 1570 1994 eos,
1591 1935 1679 2000 quiin
1700 1937 1806 2002 planitie

1020 2031 1097 2082 erant
1131 2027 1204 2090 AEqui
1228 2040 1302 2086 vero,
1324 2026 1367 2076 ubi
1386 2040 1418 2076 ex
1440 2040 1542 2077 suorum
1571 2028 1629 2093 luge
1654 2031 1806 2083 etclnmorc

1020 2132 1091 2195 capto
1103 2141 1158 2179 esse
1188 2128 1270 2175 costra
1288 2129 1430 2185 senserunt,
1452 2140 1498 2178 neo
1518 2130 1661 2195 multbpost
1677 2132 1802 2184 bostesn

1021 2232 1091 2291 tergo
1116 2222 1259 2273 invadentes
1278 2219 1410 2280 viderunt,
1427 2221 1521 2274 nullum
1538 2222 1600 2274 θοτθε
1625 2226 1721 2277 tronus
1743 2242 1797 2277 nm-

1023 2322 1087 2387 plius
1102 2316 1248 2376 ediderunt,
1264 2315 1318 2373 sed,
1339 2314 1446 2380 diruptis
1465 2315 1599 2381 ordinibus,
1612 2320 1654 2372 dii
1672 2336 1717 2385 per
1732 2324 1796 2375 nlius

1020 2426 1075 2476 rins
1094 2421 1169 2474 saluti
1189 2434 1240 2470 sun
1258 2418 1417 2470 consulebant
1445 2440 1451 2470 τ
1474 2436 1504 2473 τε
1522 2426 1575 2477 turn
1587 2425 1693 2477 inaximo
1707 2442 1797 2482 eorum

1020 2521 1101 2574 cedes
1121 2522 1185 2571 θεοθε
1200 2521 1247 2570 est.
1280 2519 1341 2567 Nam
1365 2520 1466 2569 domeni
1492 2522 1647 2576 continenter
1667 2541 1750 2592 usqne
1765 2531 1799 2581 nd

1019 2625 1117 2672 noctem
1127 2623 1198 2681 tergo
1213 2630 1300 2668 conum
1313 2614 1444 2678 hnrcntcs,
1468 2619 1615 2673 onoldebint
1637 2638 1701 2688 qnos
1715 2626 1798 2691 eapte.

1019 2718 1090 2768 bant.
1125 2715 1173 2773 Qui
1185 2728 1244 2764 vero
1261 2712 1394 2763 maximnm
1408 2727 1495 2767 corum
1508 2718 1616 2782 strigem
1637 2719 1706 2783 lecit,
1720 2724 1802 2788 etqui

1020 2814 1127 2866 inunorn
1145 2812 1252 2862 maxime
1272 2811 1377 2863 illustris
1391 2811 1476 2871 edidit,
1493 2814 1515 2864 is
1537 2814 1586 2866 tuit
1609 2816 1727 2869 sicclus:
1745 2821 1799 2885 qni,

1018 2912 1061 2963 ubi
1078 2909 1204 2961 devictum
1221 2909 1317 2959 bostem
1330 2909 1409 2962 vidit.
1424 2923 1503 2974 quum
1519 2912 1572 2976 jum
1585 2918 1655 2966 esset
1673 2929 1734 2978 nox,
1745 2931 1802 2970 cnm

1019 3008 1120 3060 cohorte
1132 3020 1177 3056 sun
1189 3007 1214 3056 in
1230 3009 1312 3056 costra
1326 3020 1341 3055 ε
1359 3021 1386 3058 se
1400 3010 1471 3072 captu
1485 3009 1569 3069 rediit,
1586 3010 1694 3076 ingentis
1707 3013 1802 3065 letitie

1019 3110 1045 3159 et
1056 3118 1150 3168 maguis
1162 3103 1302 3167 jactationis
1316 3105 1410 3168 plenus.
1424 3107 1451 3154 Et
1462 3107 1505 3169 qui
1516 3120 1574 3157 curn
1587 3122 1618 3159 co
1629 3115 1700 3161 erunt
1713 3125 1801 3163 omnes

1019 3199 1154 3252 incolumes
1163 3202 1188 3247 et
1198 3198 1303 3261 integri,
1322 3212 1370 3248 non
1388 3198 1467 3248 solum
1480 3199 1617 3263 nitrilpncsi
1635 3216 1803 3271 eorumquae

1017 3296 1193 3359 exspectarunt,
1208 3306 1295 3342 verum
1310 3293 1395 3349 etiam,
1408 3297 1478 3357 parto
1489 3294 1597 3345 maxime
1609 3296 1701 3361 insigni
1713 3299 1800 3362 glorie,

1018 3408 1074 3445 eum
1087 3394 1181 3457 putrem
1197 3405 1279 3450 suurn,
1305 3393 1471 3449 servatorem,
1494 3391 1637 3456 doumque,
1650 3397 1676 3444 et
1687 3395 1802 3446 omnibus

1019 3490 1272 3544 honorificentissimis
1288 3488 1429 3538 nominibus
1448 3489 1607 3554 appellentes,
1624 3494 1802 3546 rnutuiscom·

1018 3582 1133 3647 plexibus
1156 3584 1231 3642 atque
1257 3577 1312 3627 aliis
1337 3576 1469 3626 hilaritatis
1497 3579 1685 3645 voluptatisque
1706 3582 1806 3635 indiciis

1019 3669 1103 3720 sntiuri
1119 3682 1167 3718 non
1179 3670 1297 3732 poterunt.
1333 3670 1415 3728 Atque
1433 3667 1531 3718 irrterirn
1544 3671 1569 3718 et
1585 3669 1699 3733 reliquus
1711 3675 1803 3725 llornn·

1019 3788 1104 3825 norum
1116 3775 1254 3831 exercitus,
1269 3774 1311 3839 qui
1325 3774 1420 3823 lrostcm
1439 3776 1584 3834 persecutus
1599 3771 1700 3831 lueret,
1722 3774 1747 3823 in
1757 3785 1805 3823 sun

1018 3877 1097 3920 costra
1107 3876 1145 3921 est
1158 3885 1281 3922 resersus.

1048 4183 1142 4232 xll'll.
1155 4184 1183 4229 El
1195 4180 1246 4243 jnrn
1264 4191 1311 4226 nor
1326 4175 1408 4227 media
1422 4177 1483 4233 erat,
1499 4188 1577 4238 quurn
1594 4174 1688 4233 siccin,
1702 4174 1801 4238 injuris·

1017 4279 1186 4329 uconsulibus
1213 4280 1319 4338 accepire
1348 4273 1465 4335 memori,
1487 4271 1608 4334 aquibus
1633 4272 1664 4321 ud
1691 4275 1799 4322 mortem

1016 4378 1256 4436 ministrentur
1278 4379 1386 4425 trientem
1405 4373 1473 4423 venit
1496 4372 1605 4421 victorico
1626 4371 1725 4432 utorium
1746 4372 1802 4423 illis

1016 4476 1118 4540 eripere.
1154 4475 1340 4524 Couununiculo
1352 4476 1436 4521 autom
1451 4483 1509 4518 cum
1527 4467 1578 4516 suls
1589 4467 1704 4525 consilio,
1717 4481 1801 4529 quuru

1016 4572 1040 4621 id
1053 4573 1168 4622 omnibus
1178 4571 1324 4632 placuisset,
1337 4582 1382 4618 noc
1396 4568 1461 4617 ullus
1474 4568 1554 4621 esset,
1567 4564 1610 4626 qui
1625 4564 1671 4614 viri
1689 4565 1801 4628 pruden-

1016 4669 1074 4716 tiuru
1099 4673 1122 4715 et
1147 4665 1372 4729 mugitaniuritalrrn
1396 4681 1444 4716 non
1476 4664 1652 4720 udruirurclur,
1677 4665 1802 4726 correptis

1014 4765 1088 4814 arturis
1110 4765 1212 4825 aliisque
1240 4764 1303 4812 idem
1326 4764 1405 4814 lucere
1427 4765 1519 4827 jussis,
1539 4764 1646 4825 primurn
1669 4759 1801 4819 homines,

1018 4865 1139 4925 quotquot
1153 4863 1175 4909 in
1187 4865 1322 4923 AEquorurn
1335 4863 1423 4912 castris
1443 4863 1542 4926 reperit,
1559 4865 1584 4910 et
1602 4872 1680 4922 equos
1698 4874 1729 4909 nc
1745 4874 1800 4910 cce-

1014 4963 1066 5009 lern
1088 4962 1197 5024 jururnlu
1221 4960 1415 5013 contrucidavit:
1443 4959 1533 5009 ‹ieiudo
1565 4960 1674 5010 incendit
1690 4961 1801 5009 tentoria

1013 5060 1102 5106 rulurlu
1128 5059 1216 5105 urinis.
1242 5057 1378 5107 liuuuoulo.
1408 5058 1533 5111 sontibus,
1561 5057 1679 5107 rebusad
1702 5055 1800 5107 bellum

1015 5154 1174 5204 necessariis.
1186 5152 1281 5214 niiuquo
1299 5154 1380 5215 prinda
1399 5153 1506 5216 trigonii,
1522 5169 1597 5216 ιςιιιιιιι
1612 5169 1642 5205 ex
1656 5168 1715 5219 agro
1730 5158 1799 5207 Tus·
