3772 5828
175 323 233 384 {02

175 454 251 512 ἄλλοι
270 451 317 517 τὰς
349 449 473 527 δυνάμεις
492 447 667 515 άναλαδόντις
695 448 820 523 ἡγεμόνες
850 451 949 528 ιἰπήγον

174 541 217 600 ἐπ’
245 541 326 612 οἴκου,
355 539 453 605 Τάτιος
480 539 503 596 δ’
534 541 547 595 δ
578 537 698 613 βασιλεὺς
726 537 771 594 καὶ
805 536 850 594 σὺν
880 539 950 616 αύτῷ

174 640 242 709 τρεῖς
263 630 352 706 ἄνδρες
381 626 458 685 οἴκων
487 629 538 683 τῶν
568 624 779 704 διαφανεστάτων
809 626 949 702 ὑπέμειναν

176 720 201 774 ἐν
218 716 328 794 Ῥώμῃ,
349 714 394 773 καλ
420 714 497 790 τιμὰς
517 715 605 792 ἔσχον,
627 714 656 779 άς
675 715 704 772 τὸ
724 714 750 781 ἐξ
770 715 854 772 αὐτῶν
875 715 951 792 ἐκαρ-

135 825 147 859 ε
174 809 254 862 τοῦτο
277 804 363 880 γένος,
379 804 528 867 Οὐόλοσσος
553 802 698 880 Οὐαλέριος
721 801 767 860 καί
780 802 883 867 Τάλλος
893 804 950 861 Τυ-

176 891 275 968 ράννιος
298 892 435 959 ἐπίκλησιν
454 887 500 946 καί
521 890 669 955 τελευταῖος
687 887 789 955 Μέττος
813 887 950 966 Κούρτιος,

175 983 188 1036 ὁ
211 978 258 1050 τήν
288 979 382 1053 λίμνην
411 976 459 1037 σὺν
487 986 540 1042 τοῖς
568 975 659 1043 ὅπλοις
689 977 891 1052 διανηξάμενος,
916 966 953 1041 οἷς

174 1067 336 1144 παρέμειναν
359 1064 457 1142 ἑταῖροί
485 1065 578 1122 τεκαὶ
604 1068 734 1143 συγγενεῖς
759 1064 805 1122 καὶ
825 1064 952 1132 πελάται,

174 1158 225 1212 τῶν
237 1154 384 1232 ἐπιχωρίων
400 1154 509 1232 ἀριθμόν
521 1154 568 1210 οὐκ
581 1154 713 1218 ἐλάττους.

124 1263 149 1303 re
215 1243 327 1302 xlvii.
338 1239 532 1299 Καταστάντων
544 1238 572 1297 bl
579 1243 631 1296 τῶν
641 1237 804 1316 πραγμάτων
813 1235 882 1305 ἔδοξε
896 1245 950 1302 τοῖς

175 1331 341 1407 βασιλεῦσιν,
354 1326 444 1397 ἐπειδὴ
465 1325 566 1396 πολλὴν
586 1327 700 1384 ἐπίδοσιν
721 1328 756 1391 είς
765 1325 846 1403 όχλου
856 1327 953 1395 πλῆθος

175 1418 287 1490 ἡπόλις
303 1414 418 1493 εἰλήφει,
448 1411 584 1472 διπλάσιον
613 1420 658 1471 τοῦ
687 1410 814 1490 προτέρου
841 1414 954 1481 ποιῆσαι

178 1507 222 1565 τὸν
242 1508 294 1563 τῶν
328 1501 473 1579 πατρικίων
503 1500 625 1579 ἀριθμὸν,
643 1499 905 1579 προσκαταλέξαντας
926 1501 953 1556 ἐν

175 1594 228 1658 τοῖς
247 1590 459 1670 ἐπιφανεστάτοις
483 1587 563 1653 οἴκοις
587 1592 617 1648 ἐκ
642 1592 694 1646 τῶν
717 1586 824 1668 ὕστερον
842 1590 951 1657 ἐποικη-

124 1706 149 1744 ιε
179 1683 281 1739 σάντων
301 1677 371 1744 ἴσους
390 1680 441 1743 τοῖς
463 1675 616 1754 ποτέροις,
645 1673 688 1742 οθς
715 1675 841 1734 ἐκάλεσαν
861 1697 955 1755 πατρι-

179 1769 251 1835 κίους
270 1765 408 1843 νεωτέρους
428 1763 454 1832 έξ
473 1699 510 1822 ῶν
535 1763 629 1821 ίιιατδν
648 1762 757 1842 ἄνδρας,
777 1761 822 1827 οθς
841 1765 869 1819 αἱ
888 1772 954 1842 φρᾶ·

176 1881 236 1937 τραι
247 1853 475 1934 προεχειρίσαντο,
491 1861 544 1918 τοῖς
564 1852 683 1932 ἀρχαίοις
704 1855 854 1931 βουλιυταῖς
872 1873 955 1928 προσ-

178 1945 303 2023 έγραψαν.
341 1941 408 2019 Περὶ
428 1940 476 2018 μέν
497 1929 539 1997 ούν
559 1941 658 1998 τούτων
677 1941 766 2016 ὀλίγον
785 1941 838 1997 δεῖν
858 1938 954 2006 πάντες

181 2037 205 2094 οἱ
219 2031 415 2109 συγγράψαντες
439 2028 486 2095 τδς
500 2027 655 2101 Ῥωμαῑκδις
675 2025 790 2106 ἱστορίας
809 2049 954 2106 συμπεφω-

135 2150 160 2186 2„
179 2117 304 2189 νήκασιν·
334 2115 417 2194 ὀλίγοι
444 2115 474 2174 δέ
507 2139 573 2180 τινες
602 2118 663 2193 περὶ
690 2120 735 2174 τοῦ
761 2114 876 2184 πλήθους
903 2117 954 2173 τῶν

179 2203 469 2284 προσκαταγραφέντων
507 2205 652 2281 βουλευτῶν
686 2200 863 2282 διαφέρονται.
913 2203 953 2262 Οὐ

179 2294 230 2372 γάρ
256 2293 361 2367 ἑκατὸν,
388 2291 457 2350 till
483 2291 647 2361 πεντήκοντα
670 2289 731 2357 τοὺς
754 2287 954 2355 ἐπεισελθόντας

179 2382 215 2446 εἰς
233 2379 281 2451 τήν
302 2378 397 2456 βουλὴν
410 2379 584 2458 ἀποφαίνουσι
597 2380 726 2456 γενέσθαι.
769 2374 835 2454 Περὶ
856 2374 883 2433 δέ
902 2377 953 2432 τῶν

178 2471 273 2544 τιμῶν,
298 2466 328 2532 άς
345 2471 403 2532 ταῖς
422 2464 535 2544 γυναιξίν
564 2468 588 2524 οἱ
610 2467 724 2543 βασιλεῖς
748 2465 896 2535 ἀπέδοσαν,
915 2463 955 2521 ὅτι

124 2570 151 2606 2³
179 2555 326 2632 συνήγαγον
346 2553 440 2621 αύτούς
455 2557 490 2621 είς
500 2556 601 2634 φιλίαν,
618 2555 667 2631 οὐχ
681 2553 795 2634 ἅπαντες
811 2549 954 2628 Ῥωμαίων

178 2649 336 2721 συγγραφεῖς
345 2640 532 2723 συμφέρονται.
577 2638 654 2708 Τινὲς
665 2640 712 2716 μὲν
724 2640 775 2717 ’γάρ
789 2640 874 2696 αὐτῶν
888 2638 953 2717 γρά·

178 2751 255 2808 φουσι
269 2729 305 2786 τά
317 2729 342 2787 τ’
353 2730 420 2788 άλλα
437 2729 521 2788 πολλὰ
536 2728 582 2788 καλ
599 2728 702 2804 μεγάλα
721 2728 889 2806 δωρήσασθαι
898 2728 955 2793 ταῖς

178 2816 280 2895 γυναιξί
290 2817 348 2885 τοὺς
364 2817 506 2894 ἡγεμόνας,
527 2818 573 2875 καί
583 2816 614 2887 δὴ
624 2817 668 2876 καὶ
679 2815 726 2882 τδις
745 2816 861 2894 φράτρας
883 2815 956 2893 τριά-

178 2905 247 2963 κοντ’
266 2902 354 2978 οὔσας,
374 2903 463 2984 ῶσπερ
483 2904 562 2982 ἐφην,
585 2902 738 2978 ἐπωνύμους
752 2906 804 2960 τῶν
825 2906 954 2979 γυναικῶν

124 3020 152 3057 uo
178 2995 297 3062 ποιῆσαι·
341 2992 472 3057 τοσαύτας
498 2991 548 3070 γδιρ
573 2981 640 3048 εἶναι
667 2996 792 3067 γυναῖκας
818 2988 866 3054 τίς
894 2992 953 3047 ἐπι·

179 3078 426 3159 πρεσόευσαμένσς.
468 3079 597 3158 Οὐάρρων
612 3077 640 3135 δὲ
659 3076 795 3156 Τερέντιος
814 3080 887 3135 τοῦτ’
908 3079 953 3135 αὖ·

178 3169 232 3231 τοῖς
250 3166 279 3224 τὸ
305 3167 382 3245 μέρος
400 3169 450 3245 οὐχ
475 3169 614 3243 ὁμολογεῖ,
635 3167 793 3243 παλαίτερον
813 3165 851 3222 ἐτι
870 3165 954 3241 λέγων

180 3256 223 3314 έπλ
243 3265 303 3321 ταῖς
317 3255 434 3336 κουρίαις
451 3259 557 3323 τεθῆναι
577 3255 611 3311 τδι
631 3254 738 3329 θνόμαθ’
758 3253 808 3311 ὑπὸ
829 3252 955 3313 τοῶῬω·

104 3393 109 3404 .
180 3344 262 3421 μύλου
283 3345 353 3404 κατδι
372 3345 420 3414 τήν
442 3343 548 3421 πρώτην
568 3349 613 3401 τοῦ
632 3342 748 3412 πλήθους
767 3342 903 3421 διαίρεσιν,
922 3342 955 3400 τά

125 3444 152 3484 ³⁶
178 3434 225 3510 μέν
254 3436 300 3492 ἀπ’
323 3435 423 3510 ἀνδρῶν
447 3429 577 3508 ληφθέντα
607 3429 772 3508 ἡγεμόνων,
789 3427 823 3486 τά
850 3430 873 3486 δ’
904 3429 956 3488 ἀπὸ

177 3521 270 3602 πάγων
282 3544 289 3558 ·
299 3521 345 3586 τάς
354 3522 377 3579 τ’
394 3521 436 3579 trel
450 3519 498 3591 τήν
509 3513 650 3598 πρεσύείαν
666 3515 816 3586 ἐξελθούσας
830 3523 955 3592 γυναῖκας

181 3611 210 3667 οὗ
232 3607 365 3687 τριάκοντ’
394 3596 460 3666 εἷναί
489 3629 584 3687 φησιν,
612 3603 680 3665 ἀλλὰ
710 3602 883 3670 πεντακοσίας
910 3602 955 3661 καί

179 3696 320 3775 τριάκοντα
340 3698 419 3774 τριῶν
439 3693 554 3760 δεούσας
575 3692 657 3752 οίεταί
677 3694 701 3750 τ’
721 3692 777 3749 οὐδ’
798 3692 865 3757 εἰκός
886 3681 953 3749 εἶναι

181 3784 310 3843 τοσούτων
329 3787 459 3860 γυναικῶν
470 3782 549 3860 τιμήν
567 3780 741 3860 ἀφελομένους
760 3778 820 3846 τούς
831 3780 955 3857 βασιλεῖς,

126 3889 155 3930 ευ
185 3873 285 3948 ὀλίγαις
305 3869 330 3938 ἐξ
359 3875 443 3930 αὐτῶν
463 3873 551 3930 δοῦναι
580 3871 680 3944 μόναις.
732 3866 803 3925 Ἀλλ’
824 3864 887 3944 ὑπὲρ
909 3863 956 3940 μὲν

181 3960 280 4020 τούτων
301 3957 360 4017 ούτε
382 3959 482 4034 μηδένα
502 3956 663 4029 ποιήσασθαι
680 3956 767 4032 λόγον,
786 3953 846 4012 ούτε
872 3955 956 4011 πλείω

180 4048 288 4128 γράφειν
317 4050 369 4105 τῶν
399 4049 494 4104 ἱκανῶν
520 4044 639 4123 ἐφαίνετό
668 4066 722 4120 μοι.

222 4135 349 4196 XLVIII.
365 4132 430 4213 Περὶ
441 4132 468 4191 δὲ
477 4137 523 4204 τῆς
536 4137 657 4212 Κυριτῶν
667 4130 777 4200 πόλεως,
788 4129 814 4196 ἐξ
822 4121 853 4199 ἧς
863 4130 885 4186 oi
896 4127 956 4201 περί

182 4223 226 4283 τόν
239 4226 264 4283 Τ
266 4223 337 4280 άτιον
347 4215 427 4294 ήσαν·
439 4223 544 4281 ἀπαιτεῖ
554 4222 605 4302 γάρ
615 4226 632 4293 ἡ
644 4221 761 4297 διήγησις
770 4215 816 4276 καλ
827 4224 887 4295 περὶ
897 4212 956 4275 τού-

139 4330 166 4371 lt
182 4336 234 4372 των
250 4308 339 4375 οἵτινές
349 4333 377 4368 τε
388 4310 432 4369 καλ
447 4312 539 4369 ὁπόθεν
553 4303 620 4383 ἦσαν
642 4310 736 4367 εἰπεῖν·
748 4309 864 4365 τοσαῦτα
874 4326 956 4382 παρε-

182 4400 312 4477 λάόομεν.
354 4396 445 4475 Ἐντῇ
467 4398 607 4458 Ῥεατίνων
627 4398 714 4477 χώρα,
736 4397 796 4456 καθ’
814 4393 842 4454 δν
861 4393 955 4474 χρόνον

190 4488 349 4566 Ἀδοριγῖνες
370 4485 448 4555 αὐτὴν
467 4495 601 4566 κατεῖχον,
619 4485 744 4562 παρθένος
767 4509 806 4553 τις
826 4482 956 4561 ἐπιχωρία

182 4585 228 4635 τοῦ
247 4576 352 4654 πρῶτον
376 4575 464 4650 γένους
488 4577 524 4640 εἰς
543 4574 611 4651 ἱερὸν
646 4566 722 4645 ἦλθεν
742 4570 883 4633 Ἐνυαλίου
902 4593 951 4650 χο-

184 4664 327 4744 ρεύσουσα·
347 4661 391 4719 τὸν
417 4662 440 4718 δ’
470 4661 607 4720 Ἐνυάλιον
627 4664 651 4721 οί
673 4661 793 4732 Σαόῖνοι,
814 4659 860 4717 καλ
888 4659 954 4738 παρ’

141 4780 166 4815 ευ
183 4754 323 4812 ε’κείνωνοί
343 4750 472 4825 Ῥωμαῖοι
493 4751 625 4822 μαθόντες,
648 4754 757 4831 Κυρῖνον
773 4750 953 4824 ὀνομάζουσιν,

183 4845 228 4901 οὐκ
256 4844 359 4920 ἔχοντες
388 4840 469 4898 εἰπεῖν
494 4837 524 4895 τὸ
550 4837 670 4915 άκριύὲς,
699 4837 746 4896 εἴτ’
765 4833 851 4917 Ἀρης
872 4835 956 4907 ἐστὶν,

183 4930 230 4988 εἴθ’
250 4931 336 5010 ἕτερός
355 4954 394 4998 τις
425 4928 515 5002 ὁμοίας
534 4923 605 5006 Ἄρει
624 4926 704 5003 τιμάς
735 4926 811 5005 ἔχων.
852 4923 887 4984 Ol
909 4922 955 4997 μίν

183 5016 234 5094 γδιρ
254 5021 295 5099 ἐφ’
315 5019 369 5084 tvl<
389 5016 486 5077 οἴονται
517 5021 575 5074 θεοῦ
596 5017 748 5093 πολεμικῶν
768 5013 874 5090 άγῶνων
896 5014 957 5086 ἡγι·

185 5105 261 5186 μόνος
279 5105 401 5184 ἑκάτερον
425 5110 476 5165 τῶν
498 5104 633 5183 ὀνομάτων
654 5104 868 5181 κατηγορεῖσθαι·
889 5103 912 5157 el
929 5098 955 5159 δέ

658 298 660 303 ’
695 318 866 378 urouusu
891 319 1271 383 usuruueunssuusrs

1006 459 1052 508 leri
1066 458 1141 508 eluces
1151 473 1208 510 cum
1224 460 1300 524 copiis
1313 459 1413 509 domum
1424 460 1557 518 redierunt.
1571 447 1617 511 sed
1631 463 1718 512 Tatius
1732 478 1775 514 rur

1003 551 1027 597 el
1039 561 1095 597 cunr
1112 559 1141 595 eo
1154 552 1204 598 tres
1222 549 1268 598 riri
1279 560 1310 597 ex
1323 548 1494 599 illustrissimis
1507 549 1621 610 gentibus
1632 552 1716 602 Rome
1738 565 1777 602 re·

1004 641 1154 694 rrunserunt.
1167 640 1192 686 et
1204 638 1309 687 honores
1324 636 1388 686 nacti
1407 639 1472 694 erunt,
1487 636 1575 699 quibus
1584 651 1668 688 corum
1680 641 1775 701 posteri

1003 723 1084 773 adhue
1095 725 1223 784 iruuntnr3
1235 724 1329 774 scilieet
1338 723 1441 772 volesus
1456 723 1568 774 Valerius
1582 727 1607 774 et
1620 725 1703 775 Tullus
1717 739 1777 790 cog·

1004 813 1100 861 nornine
1118 813 1266 872 Turannius,
1288 816 1315 862 el
1335 817 1475 875 postremus
1498 814 1592 862 Mettus
1611 815 1718 874 curtius,
1734 816 1777 878 qui

1004 905 1113 950 armatus
1128 900 1242 964 paludem
1260 903 1399 950 transversi
1413 919 1419 948 ι
1435 900 1586 963 quibuscum
1610 908 1778 953 remanserunt

1004 991 1030 1038 et
1042 988 1117 1039 amici
1132 992 1157 1038 ut
1173 988 1268 1052 cognati
1284 992 1311 1039 et
1324 988 1434 1050 clientes,
1450 989 1569 1052 indigenis
1582 1002 1631 1039 uon
1652 990 1779 1041 interiores

1004 1090 1114 1127 numero.

1036 1247 1132 1296 xlvii.
1153 1245 1236 1296 liebus
1254 1249 1336 1295 sulem
1357 1246 1497 1310 compositis
1515 1246 1594 1296 risum
1612 1250 1650 1296 est
1669 1249 1778 1312 regibus,

1006 1354 1120 1418 quonium
1132 1355 1185 1418 ipsa
1196 1353 1329 1404 multitrulo
1342 1367 1389 1403 non
1403 1367 1489 1418 purum
1501 1355 1635 1414 crevisset,
1656 1355 1779 1420 duplicare
1799 1325 1801 1328 >

1006 1465 1162 1530 patriciorum
1176 1479 1313 1528 numerum,
1327 1465 1421 1517 allectis
1438 1465 1462 1515 in
1475 1479 1533 1515 eum
1542 1465 1652 1517 ordinem
1664 1480 1695 1516 cx
1707 1438 1778 1518 illus-

1005 1576 1120 1628 trissimis
1131 1575 1263 1626 iemiliisde
1272 1576 1343 1626 noris
1351 1575 1445 1625 civibus
1456 1576 1559 1626 tolirlem
1566 1579 1628 1639 quot
1637 1580 1706 1626 eraut
1715 1577 1779 1641 prio·

1007 1700 1054 1746 res,
1071 1699 1133 1749 quos
1147 1689 1172 1736 et
1181 1686 1247 1750 ipsos
1256 1685 1369 1748 patricios
1379 1684 1485 1734 iuniores
1497 1689 1632 1733 vocarunt:
1647 1696 1678 1733 es
1691 1683 1780 1746 quibus

1008 1794 1185 1846 centumviros
1202 1794 1326 1843 curiarum
1349 1792 1472 1856 suffragiis
1498 1797 1595 1844 rreulos
1620 1793 1650 1843 ad
1674 1796 1779 1843 veterem

1007 1903 1147 1952 senatorum
1164 1914 1294 1950 numerum
1308 1898 1463 1949 addiderunt.
1497 1904 1577 1965 Atque
1589 1901 1613 1950 iu
1629 1901 1668 1950 bis
1681 1900 1780 1962 quidem

1007 2008 1058 2059 iere
1076 2020 1160 2056 omnes
1181 2019 1264 2056 rerum
1279 2008 1443 2063 Romanarum
1462 2008 1592 2071 scriptores
1611 2009 1775 2065 cusculium,

1007 2113 1051 2164 sed
1068 2114 1139 2178 pauci
1152 2113 1252 2176 quidam
1272 2112 1304 2163 rie
1316 2127 1417 2164 numero
1441 2114 1618 2179 ulscriptorum
1639 2119 1780 2165 senatorum

1007 2221 1116 2272 sanant:
1128 2234 1177 2271 non
1186 2220 1251 2271 enim
1260 2224 1369 2280 eentum,
1383 2221 1426 2272 sed
1436 2221 1610 2284 quinquaginta
1625 2221 1649 2270 in
1660 2225 1776 2271 Senatum

1006 2330 1108 2380 allectos
1118 2329 1194 2380 luisse
1208 2333 1327 2380 asserunt.
1340 2331 1377 2379 De
1395 2330 1528 2380 honoribus
1539 2333 1621 2378 aulem
1632 2344 1695 2392 quos
1711 2342 1780 2392 reges

1008 2439 1154 2490 mulieribus
1174 2439 1304 2501 dederunt,
1317 2439 1383 2503 qnod
1409 2440 1473 2489 inter
1497 2450 1524 2488 ue
1541 2437 1676 2488 amicitiam
1696 2437 1779 2487 conci·

1007 2550 1117 2607 liusseut.
1133 2553 1196 2601 inter
1214 2552 1336 2601 Romanos
1360 2551 1492 2613 scriptores
1515 2562 1563 2598 non
1576 2549 1698 2599 convenit.
1731 2552 1779 2598 Eo-

1008 2658 1140 2708 rumonim
1159 2658 1201 2707 alii
1218 2659 1319 2708 tradunt
1333 2671 1403 2722 reges
1419 2671 1477 2707 curn
1494 2657 1543 2707 alia
1557 2656 1636 2707 multa
1648 2669 1782 2720 magnaque

1008 2768 1153 2818 mulieribus
1173 2768 1281 2832 largitos,
1304 2772 1357 2818 tum
1380 2768 1455 2818 etiam
1472 2768 1553 2819 curias
1566 2769 1719 2830 (quuerun
1741 2766 1783 2816 tri·

1008 2877 1083 2941 ginta,
1096 2879 1125 2925 ut
1135 2875 1187 2926 dixi
1198 2877 1208 2939 )
1221 2876 1252 2926 de
1263 2877 1372 2940 ipsarum
1384 2875 1482 2935 nomin
1493 2876 1631 2925 nominasse
1645 2894 1651 2923 ι
1668 2877 1705 2925 tot
1716 2873 1780 2924 enim

1012 2985 1088 3035 tuisse
1103 2986 1219 3035 mulieres
1238 2999 1294 3048 queo
1314 2985 1459 3046 legationem
1480 2983 1598 3035 obierant.
1631 2981 1678 3032 sed
1689 2983 1781 3031 'leren-

1008 3095 1057 3144 tius
1074 3099 1152 3143 Varro
1170 3093 1217 3143 bac
1241 3094 1265 3142 in
1284 3097 1355 3156 parte
1373 3092 1422 3143 illis
1436 3107 1483 3142 nou
1507 3093 1657 3152 assentitur3
1672 3103 1783 3141 asserens

1008 3205 1059 3254 iam
1073 3203 1150 3253 multo
1161 3206 1217 3252 auto
1230 3215 1245 3250 a
1264 3202 1367 3252 llomulo
1380 3202 1476 3251 nomina
1486 3203 1561 3252 curiis
1573 3201 1687 3266 imposita
1698 3200 1782 3258 luisse,

1008 3309 1187 3373 cumprimum
1210 3308 1392 3359 multitudinem
1415 3309 1509 3369 divisit,
1533 3309 1621 3373 partim
1635 3308 1734 3373 quidem
1750 3307 1782 3356 ab

1009 3418 1070 3481 ipsis
1082 3418 1188 3467 lucibus
1199 3417 1342 3480 desumpta,
1356 3417 1445 3480 {ramim
1464 3431 1548 3467 veroa
1564 3417 1631 3480 pagis
1645 3435 1651 3465 ι
1669 3415 1783 3465 mulieres

1008 3537 1068 3573 vero
1087 3536 1144 3587 quae
1158 3521 1304 3586 legationem
1317 3520 1436 3584 oblerant,
1459 3535 1509 3570 non
1518 3521 1625 3583 triginta,
1645 3520 1687 3569 sed
1708 3519 1782 3584 quin-

1008 3635 1094 3693 gentas
1112 3630 1198 3694 viginti
1223 3631 1317 3692 septem
1339 3626 1422 3676 inisse.
1457 3628 1488 3675 Et
1507 3623 1632 3674 existimat
1653 3623 1783 3673 verisimile

1008 3748 1057 3784 non
1075 3748 1138 3792 esse,
1159 3747 1230 3797 reges
1248 3735 1286 3781 tot
1306 3730 1449 3780 mulieribus
1469 3728 1586 3777 bonorem
1603 3729 1711 3790 ereptum
1725 3741 1783 3790 psu-

1010 3841 1046 3891 cis
1067 3839 1217 3904 quibusdum
1241 3837 1298 3885 solis
1320 3834 1479 3884 concessisse.
1512 3830 1559 3882 sed
1579 3829 1634 3879 irrue.
1652 3841 1731 3890 neque
1751 3829 1782 3876 si·

1008 3946 1085 3996 lentio
1097 3944 1231 4007 praeterire,
1247 3954 1325 4003 neque
1341 3941 1480 4004 prolixiore,
1502 3927 1576 4003 quani
1593 3937 1712 3999 parerat,
1725 3946 1782 3982 ora-

960 4078 965 4089 ·
1009 4051 1076 4100 tione
1087 4048 1199 4112 persequi
1213 4047 1273 4097 milri
1291 4046 1374 4095 risunr
1386 4048 1432 4095 est.

1040 4156 1147 4205 llLVlll.
1158 4155 1193 4203 De
1203 4151 1308 4202 curibus
1315 4154 1408 4210 autem,
1418 4165 1449 4201 eu
1460 4164 1509 4215 qua
1518 4148 1579 4200 urbe
1584 4147 1670 4198 Tatius
1680 4145 1783 4207 eiusque

1009 4258 1070 4309 socii
1082 4259 1197 4308 uenerant
1218 4256 1288 4318 (ipsa
1306 4256 1370 4305 enim
1388 4255 1496 4304 nerrulio
1516 4253 1638 4318 postulat,
1657 4248 1780 4300 uidebis

1009 4364 1084 4414 elium
1093 4363 1136 4427 qui
1147 4365 1172 4410 el
1181 4360 1245 4410 unrle
1256 4363 1337 4409 esseut
1345 4358 1448 4420 (lirum),
1462 4358 1516 4408 burc
1526 4357 1673 4421 accepimus.
1685 4358 1714 4404 lu
1725 4365 1783 4416 agro

1009 4467 1119 4524 Reatino,
1142 4479 1191 4528 quo
1206 4469 1315 4527 ternpore
1337 4461 1479 4523 Aborigines
1496 4474 1553 4510 eum
1568 4461 1699 4516 tenebant,
1714 4457 1783 4519 uirgo

1009 4572 1121 4639 quodum
1144 4569 1264 4631 indigena,
1279 4566 1413 4616 clarissimo
1429 4578 1515 4628 genere
1533 4568 1667 4627 prognata.
1681 4564 1784 4611 elroreos

1009 4681 1102 4731 ducens
1113 4675 1231 4738 templum
1241 4672 1331 4734 inpelli
1340 4671 1449 4732 ingressa
1457 4672 1503 4720 eut.
1511 4667 1637 4730 Eupalium
1647 4670 1729 4714 autem
1741 4667 1784 4715 su·

1009 4785 1068 4844 bini,
1081 4786 1106 4832 el
1117 4779 1218 4831 Romani
1226 4777 1257 4826 ab
1267 4775 1315 4826 illis
1325 4774 1414 4831 erlocli,
1427 4772 1558 4833 Quirinum
1568 4768 1690 4834 appellent
1701 4784 1707 4814 ι
1723 4765 1782 4814 nibil

1008 4891 1092 4941 tamen
1100 4884 1252 4938 cerlialierre
1262 4882 1372 4944 possunt,
1382 4881 1464 4927 ulrum
1474 4876 1507 4923 sit
1514 4876 1588 4933 liure,
1600 4885 1631 4921 un
1642 4870 1704 4920 alluo
1716 4868 1781 4933 quis,

1009 4999 1052 5065 qui
1072 4993 1170 5047 eosdem
1188 4990 1291 5039 bonores
1307 4984 1404 5034 babeat.
1437 4981 1482 5031 Alii
1497 4978 1561 5031 enim
1579 4978 1610 5027 de
1622 4991 1671 5026 uno
1682 4975 1779 5026 eoderu-

1009 5116 1057 5168 que
1068 5100 1115 5151 deo
1127 5096 1271 5148 bellic-orum
1287 5088 1446 5141 certaminum
1466 5084 1570 5150 praeside
1588 5087 1722 5145 utrumque
1734 5094 1780 5130 no·
