3772 5828
647 392 937 467 ANTIQUITATUM
960 393 1103 454 ROMAN.
1125 394 1195 454 LlB.
1217 395 1266 455 lll.

143 527 194 586 δῶν
208 524 331 584 ίόούλετο
344 524 520 598 ποιήσασθαι·
544 522 637 584 ίπειτα
651 524 691 585 ότι
715 526 799 585 δεινοῦ
822 525 921 591 πάθους

143 612 277 691 γεγονότος
293 613 418 690 οὐδεμίαν
434 611 578 685 ἐποιήσατο
592 615 645 673 τῶν
661 614 825 695 δεδρακότων
837 616 918 688 ζήτη-

143 724 199 781 σιν,
214 702 277 761 ἀλλ’
302 700 415 783 όμελείρ
429 701 567 782 παρέδωκε
584 701 616 762 τδ
636 705 771 785 πραχθλν,
794 704 859 785 ὅπερ
875 707 921 763 ούκ

142 791 174 849 δν
194 789 308 864 ποιῆσαί
331 812 390 849 τινα
417 793 468 849 τῶν
489 788 539 860 ἐξω
558 793 605 863 τῆς
629 790 714 861 αἰτίας
735 792 918 873 ὑπαρχόντων.

102 892 115 929 ⁵
141 881 417 960 Παρασκευασάμενοι
433 877 461 938 δλ
477 879 594 958 μεγάλας
612 881 741 961 ἑταιρείας
754 883 816 960 περὶ
827 881 921 948 αὑτούς

141 969 289 1049 πατρικίων
303 991 332 1028 τε
345 968 391 1029 καλ
412 969 579 1043 δημοτικῶν,
600 961 637 1036 οἷς
652 971 699 1038 τὰς
717 974 817 1029 ἑαυτῶν
833 970 921 1038 οὐσίας

144 1059 350 1139 κατεχορήγουν,
360 1059 461 1133 πολλὴν
476 1060 609 1118 ἐποιοῦντο
618 1064 663 1119 τοῦ
678 1062 825 1139 Ταρκυνίου
839 1082 907 1130 κατη

35 1176 41 1184 ·
143 1145 249 1227 γορίαν,
264 1146 309 1208 καλ
325 1149 365 1230 τῷ
386 1145 463 1229 δήμῳ
479 1144 614 1227 παρῄνουν
636 1147 674 1223 μή
694 1155 817 1227 περιορᾶν
839 1146 920 1224 ἄνδρα

144 1234 255 1316 μιαρδν,
278 1231 357 1317 ίεροῖς
381 1259 409 1296 τε
427 1234 608 1318 προσρίροντα
622 1235 670 1302 τάς
683 1246 786 1316 χεῖρας,
806 1234 852 1293 καὶ
873 1235 920 1309 τήν

91 1340 117 1380 to
144 1322 262 1390 ἐξουσίαν
274 1325 411 1402 μιαίνοντα
427 1327 473 1386 καλ
484 1325 558 1387 ταῦτ’
570 1327 618 1386 οὐκ
631 1325 771 1406 ἐπιχώριον
784 1326 842 1385 ἀλλ’
855 1323 921 1395 ἔπη-

143 1412 191 1472 λύν
205 1438 264 1474 τινα
278 1414 342 1474 ὄντα
354 1414 401 1474 καλ
418 1416 521 1476 άπολιν.
563 1417 683 1475 Τοιαῦτα
702 1414 771 1473 κατὰ
790 1412 839 1484 τήν
855 1415 920 1490 ἀγο-

145 1503 192 1582 ράν
209 1505 420 1583 δημηγοροῦντες
431 1504 522 1584 ἄνδρες
536 1503 626 1580 ἰταμοὶ
640 1501 685 1561 καλ
699 1500 785 1579 λέγειν
797 1504 844 1560 οὐκ
858 1501 921 1559 ἀδύ-

143 1614 227 1670 νατοι,
257 1592 370 1660 πολλοὺς
395 1593 441 1671 μὲν
475 1591 601 1673 ἠρέθισαν
624 1594 676 1651 τῶν
709 1592 871 1667 δημοτικῶν,
895 1588 921 1648 ολ

143 1682 353 1762 παραγενόμενον
369 1682 447 1742 αὑτὸν
461 1685 497 1749 είς
510 1681 559 1753 τήν
575 1680 672 1761 ἀγοράν
685 1681 828 1760 ἀπολογίας
841 1680 919 1761 χάριν

92 1780 117 1819 ¹⁶
144 1768 288 1839 ἐξελαύνειν
318 1772 432 1852 ίσχυσμν
452 1775 487 1841 ὡς
509 1772 538 1831 οὔ
557 1769 685 1850 καθαρόν·
705 1772 734 1830 ού
761 1770 813 1846 μὴν
837 1790 920 1829 κατα-

143 1859 306 1967 γωνίσασθαί
318 1883 348 1939 γε
361 1859 409 1934 τήν
420 1860 545 1933 ἁλήθειαν
558 1860 684 1972 ίσχυσμν,
697 1861 754 1921 οὐδὲ
766 1871 857 1920 πεῖσαι
875 1882 919 1919 τον

145 1948 229 2024 δῆμον
250 1948 409 2062 ἐδυνήθησαν
440 1948 561 2009 ἐκύκλεῖν
588 1948 667 2007 αὐτὸν
692 1951 723 2008 ἐκ
749 1953 796 2020 τῆς
822 1951 915 2029 άρχης.

145 2032 262 2096 Ἐπιλδ’
282 2037 358 2105 αὑτός
374 2061 402 2097 τε
419 2037 592 2115 ἀπολογηθεὶς
611 2039 776 2116 κράτιστα
760 2062 809 2116 περ
810 2038 819 2096 λ
839 2041 919 2097 αὑτοῦ
939 2073 940 2080 ι

144 2123 192 2196 τήν
208 2125 333 2199 διαύολήν
349 2126 514 2204 ἀπελύσατο,
528 2150 562 2184 κα
563 2124 745 2200 λςὺκηδεστή
758 2129 836 2186 αύτου
819 2126 919 2188 “Tot

89 2242 117 2280 ης)
143 2204 244 2289 λιος,7
225 2239 248 2295 ῳ
262 2213 309 2287 τήν
329 2215 421 2294 ἑτέραν
437 2213 557 2281 δεδωκὼς
579 2207 611 2286 ήν
626 2216 772 2296 θυγατέρα,
795 2214 919 2295 μέγιστον

142 2303 169 2360 ἐν
183 2307 221 2382 τῷ
235 2303 312 2384 δήμῳ
322 2304 475 2382 δυνάμενος,
489 2307 525 2372 είς
538 2306 610 2364 ἔλεον
624 2304 682 2373 τούς
692 2303 843 2381 Ῥωμαίους
855 2308 920 2376 oca-

141 2390 255 2471 γάγετο,
271 2393 435 2476 συκοφάνται
456 2392 502 2452 καλ
526 2394 636 2473 πονηροὶ
655 2393 774 2462 δόξαντες
793 2384 920 2454 εἶναικαὶ

142 2482 243 2551 πολλὴν
257 2481 379 2562 όρλόντις
393 2482 521 2561 αἰσχύνην
537 2483 655 2552 ἀπῆλθον
669 2483 699 2540 ἐκ
709 2486 757 2553 τῆς
772 2485 878 2561 ἀγορᾶς.

184 2571 314 2630 exiliit.
335 2569 444 2639 Ταύτης
461 2569 488 2627 δὲ
509 2574 555 2640 τῆς
577 2568 667 2648 πείρας
682 2573 857 2648 ἀποτυχόντες
874 2571 919 2630 καὶ

88 2669 117 2706 ⁴2⁵
146 2655 291 2733 διαλλαγάς
304 2661 351 2728 τῆς
365 2656 459 2737 ἔχθρας
475 2655 518 2715 διὰ
537 2656 619 2736 φίλων
640 2656 788 2737 εὑρόμενοι,
808 2658 919 2739 μετρίως

144 2742 193 2816 τήν
205 2743 394 2821 ἀγνωμοσύνην
406 2745 492 2803 αὐτῶν
503 2744 654 2822 ἐνέγκαντος
664 2747 811 2826 Ταρκυνίου
821 2746 865 2806 διά
873 2750 920 2817 τὰς

143 2835 175 2893 ἐκ
195 2838 240 2892 τοῦ
256 2832 354 2913 πατρὸς
368 2833 529 2911 εὐεργεσίας,
545 2835 592 2893 κοιλ
605 2833 653 2906 τήν
671 2836 811 2913 μετάνοιαν
826 2837 919 2911 ἱκανήν

142 2921 373 2994 ὑπολαμύάνοντος
392 2912 460 2980 clear
474 2926 522 2994 τῆς
536 2922 695 3004 προπετείας
715 2925 859 3004 διόρθωσιν,
872 2926 918 3001 άτη

143 3009 191 3084 μὲν
210 3009 270 3088 τρία
294 3010 426 3082 διίμιιναν
451 3014 478 3071 ἐν
498 3014 532 3091 τῇ
553 3012 727 3089 προσποιήσει
748 3017 795 3086 τῆς
817 3015 916 3095 φιλίας·

88 3112 115 3152 au
142 3033 240 3170 ἐπειδὴρ
244 3099 271 3157 δέ
283 3099 372 3179 καιρὸν
384 3099 541 3158 ὑπίλαόον
529 3102 637 3171 ιπιτήδε
640 3125 676 3161 ιον
691 3101 780 3210 ἔχειν,
791 3104 867 3164 δολον
877 3104 920 3164 ἐπ’

142 3191 213 3267 αύτω
193 3188 351 3265 ’ῥάπτουσι
365 3190 475 3251 τοιόνδε.
518 3189 722 3260 Νεανίσκους’
693 3213 748 3265 ουο,
760 3194 814 3251 τῶν
829 3196 905 3253 ἐκ
872 3217 920 3267 της

141 3298 306 3352 συνωμοσιας
311 3276 369 3343 τους
375 3279 594 3355 τολμηροτατους
596 3302 761 3357 ποιμενικαις
767 3280 920 3351 ἐνδυσαντες

143 3366 247 3432 στολαῖς
256 3388 302 3424 και
292 3364 449 3445 δρεπάνοις
463 3365 670 3435 καθοπλίσαντες
684 3369 879 3448 ὑλουργοῖς,’
845 3394 917 3448 πεμ-

63 3457 64 3461 ’
142 3477 234 3515 πουσιν
245 3453 344 3526 ἐπλτήν
355 3455 440 3513 οἰκίαν
453 3460 499 3513 τοῦ
513 3455 654 3534 βασιλίυις,
664 3456 764 3536 ἡμέρας
776 3457 917 3532 μεσούσης,

88 3550 115 3590 ³⁵
144 3541 290 3610 διδάξαντες
305 3540 385 3622 άχρὴ
399 3541 486 3621 λέγειν
497 3566 525 3601 τε
538 3542 583 3602 καλ
595 3543 731 3622 πράττειν,
743 3544 789 3604 καλ
801 3545 846 3603 τὸν
861 3546 919 3625 τρό·

143 3649 193 3686 πον
202 3633 248 3700 τῆς
260 3628 395 3697 ίπιθίσεως
407 3631 494 3698 αὐτοῖς
506 3630 713 3708 ὑφηγησάμενοι.
755 3624 837 3692 Οὑτοι
850 3637 919 3705 πλη·

146 3716 200 3774 cios
209 3719 260 3775 τῶν
273 3719 409 3792 βασιλείων
420 3718 567 3797 γενόμενοι,
575 3721 664 3786 κακῶς
677 3743 706 3778 τε
721 3721 850 3792 ἀλλήλους
863 3724 919 3781 ἕλε·

144 3828 190 3887 γον
201 3809 237 3873 ὡς
251 3804 426 3885 ἐδικούμινοι,
443 3807 490 3867 καλ
503 3806 562 3867 οὐδὲ
581 3805 619 3866 τὼ
636 3816 708 3889 χεῖρε
720 3813 772 3868 τῶν
786 3809 918 3887 σωμάτων

144 3896 299 3976 ἀπείχοντο,
313 3898 362 3973 βοῇ
382 3919 411 3955 τε
432 3895 536 3974 μεγάλη
553 3895 685 3976 χρώμενοι
709 3896 758 3968 τήν
780 3897 853 3978 παρά
872 3905 919 3959 τοὺ

88 3993 114 4033 ⁴⁰
142 3982 272 4062 βασιλέως
286 3982 407 4062 βοήθειαν
419 3983 529 4043 ἐκάλουν
544 3983 686 4066 ἀμφότεροι
695 4030 704 4058 ,
714 3983 855 4066 παρόντων
867 3990 918 4047 αύ-

140 4076 194 4139 τοῖς
208 4074 311 4152 συχνῶν
325 4073 356 4131 ίκ
365 4076 412 4145 τῆς
427 4072 593 4150 συνωμοσίας
608 4072 739 4152 ἀγροίκων
752 4074 784 4148 δή
799 4078 919 4158 τῷλόγῳ

140 4162 406 4240 συναγανακτούντων
421 4185 450 4221 τε
464 4160 621 4243 άμροτάροις
635 4161 681 4222 καλ
695 4167 916 4246 συμμαρτυρούν-

140 4274 201 4311 των.
245 4249 292 4318 ‘sse
301 4253 325 4311 δ’
334 4251 489 4318 εἰσκαλέσας
502 4252 618 4318 αύτοὺςό
630 4249 753 4330 βασιλεὺς
761 4251 847 4329 λε’γειν
860 4252 918 4312 ἐκό-

138 4342 230 4401 λουσεν
246 4342 313 4421 ὑπὲρ
327 4332 363 4400 ῶν
377 4340 538 4421 διεφέροντο,
556 4343 637 4419 αἰγῶν
653 4338 700 4416 μὲν
719 4340 917 4420 άμρισύήτησιν

86 4430 119 4485 ss'
140 4431 315 4502 ἐσκήπτοντο·
332 4430 490 4509 κεκραγότες
501 4431 529 4488 di
544 4429 600 4506 άμα
615 4427 661 4488 καλ
672 4430 860 4508 παθαινόμενοι
872 4429 916 4490 τὸν

140 4517 231 4598 ἄγριον
254 4519 361 4599 τρόπον,
378 4517 424 4577 καλ
442 4517 522 4594 μηθλν
541 4521 578 4586 εἰς
598 4516 629 4577 τδ
649 4526 761 4598 πρᾶγμα
786 4519 917 4597 λέγοντες,

139 4605 222 4666 πολύν
237 4606 360 4679 ἐκίνησαν
381 4605 408 4675 ἐξ
424 4605 549 4668 ὑπόντων
566 4605 680 4685 γε’λωτα.
723 4605 770 4676 Ὡς
788 4608 810 4666 δ’
822 4610 852 4666 ἐκ
871 4633 917 4669 του

139 4699 361 4777 καταφρονεῖσθαι
375 4694 467 4777 καιρόν
489 4695 578 4770 ἔδοξαν
593 4696 777 4776 είληρίναι”
744 4719 791 4767 της
812 4698 915 4776 ἐπιχει-

139 4784 291 4866 ρήσιως
267 4808 311 4845 τον
335 4784 500 4857 ἐπιτήδειον,
516 4790 623 4866 ρίρουσι
646 4783 768 4843 sard*
736 4808 783 4857 της
798 4789 916 4868 κιραλης

85 4882 182 4932 θθτου
165 4873 326 4953 ’βασιλίως
341 4872 499 4951 πληγάς
458 4896 510 4939 τοις
527 4872 683 4953 δρεπάνοις,
697 4872 801 4932 xci*
755 4897 833 4934 τουτο
847 4874 903 4952 πρά
887 4899 917 4934 α-

139 4962 232 5031 ξαντες
254 4962 362 5044 ἐριυγον
380 4962 429 5032 ἔξω
444 4966 540 5043 θυρῶν.
586 4965 713 5043 Κραυγῆς
732 4963 759 5023 δλ
775 4962 917 5040 γενομένης

137 5050 181 5108 ἐπὶ
194 5055 233 5132 τῷ
243 5051 330 5124 πάθει,
340 5052 385 5111 καλ
398 5050 519 5131 βοηθείας
528 5052 693 5131 πολλαχόθεν
704 5051 915 5132 συνδραμούσης,

137 5143 167 5200 οὔ
190 5139 341 5212 δυνηθέντες
365 5141 500 5222 διαφυγεῖν
517 5139 753 5218 συλλαμύάνονται
774 5141 840 5221 πρὸς
860 5146 913 5201 τῶν

137 5230 345 5303 ἐπιδιωξάντων·
360 5233 406 5293 καλ
420 5232 489 5312 μετά
502 5237 580 5293 τοῦτο
596 5231 720 5312 βασάνοις
734 5229 916 5292 καταικισθίν-

1695 402 1754 463 189

975 538 1050 586 multa
1076 535 1100 585 ct
1120 548 1184 585 nora
1207 535 1231 584 in
1255 536 1381 599 republica
1397 540 1483 587 contra
1504 540 1541 588 ius
1561 539 1702 603 instituere,
1723 544 1755 596 dc

974 621 1056 672 medio
1074 621 1162 673 tollere
1175 621 1284 673 voluisse
1301 623 1369 672 illurn
1379 624 1421 688 qui
1434 624 1481 675 sibi
1496 628 1526 675 ut
1546 630 1616 677 antea
1634 630 1752 682 adversa-

975 715 1027 766 rius
1038 719 1092 766 crat
1104 716 1224 766 tuturusz
1245 715 1333 766 deinde
1351 730 1409 766 eum
1428 717 1559 782 culparent
1570 721 1637 783 quod
1657 722 1682 772 in
1704 728 1754 775 tam

974 804 1043 869 gravi
1057 805 1149 856 scelere
1160 818 1208 855 non
1220 805 1388 870 inquisivisset
1401 807 1425 856 in
1436 806 1489 857 eius
1501 807 1618 859 facinoris
1629 815 1753 875 auctores,

975 892 1019 944 sed
1032 906 1086 944 rem
1106 907 1162 944 eam
1175 893 1337 957 neglexisset,
1351 895 1419 959 quod
1439 911 1488 946 non
1507 896 1619 959 fecisset,
1639 900 1681 962 qui
1700 900 1755 952 eius

976 981 1075 1032 sceleris
1093 982 1166 1046 culpa
1186 985 1305 1033 vacasset.
1340 984 1487 1049 comparata
1508 985 1585 1049 igitur
1602 1000 1689 1052 magna
1702 987 1755 1037 lac·

975 1072 1094 1122 tiosorurn
1106 1085 1178 1121 marru
1197 1086 1229 1121 ex
1242 1071 1353 1136 patriciis
1368 1073 1502 1137 plebeque,
1522 1089 1587 1138 quos
1599 1075 1756 1126 facultatibus

976 1157 1027 1207 suis
1047 1157 1227 1219 sustentabant,
1247 1157 1286 1207 lris
1310 1157 1394 1222 stipati
1411 1160 1572 1225 'tarquinium
1597 1161 1755 1213 veliementer

975 1249 1139 1304 accusarunt.
1155 1249 1181 1296 et
1197 1246 1316 1310 populum
1331 1248 1421 1298 tronatt
1435 1254 1501 1308 srrnt,
1515 1263 1545 1300 ne
1557 1254 1684 1315 pateretur
1697 1265 1754 1303 sce·

975 1334 1064 1383 lestnm
1079 1333 1202 1383 hominem
1213 1335 1289 1384 sacris
1305 1348 1393 1385 manus
1404 1336 1537 1388 admovere
1555 1342 1581 1388 ct
1599 1340 1690 1403 regiam
1706 1353 1753 1404 po·

975 1422 1092 1470 testatem
1110 1420 1233 1484 polluere;
1249 1423 1390 1486 presertim
1402 1437 1458 1474 cum
1473 1439 1520 1474 non
1534 1428 1602 1475 esset
1622 1425 1753 1488 indigena,

974 1508 1018 1559 scd
1034 1509 1183 1572 nescioquis
1198 1508 1294 1561 advena
1305 1516 1330 1562 et
1346 1513 1460 1563 extorris.
1496 1515 1582 1577 ltaque
1594 1527 1651 1563 cnm
1663 1515 1688 1563 in
1701 1515 1755 1565 toro

975 1596 1021 1646 riri
1036 1596 1144 1646 audaces
1163 1600 1187 1647 et
1201 1596 1299 1647 dicendi
1313 1598 1385 1661 periti
1403 1598 1467 1648 tales
1479 1598 1597 1650 baberent
1608 1601 1753 1662 conciones,

974 1683 1066 1734 multos
1082 1682 1114 1733 de
1136 1683 1205 1747 plebe
1226 1686 1397 1744 concitarunt,
1418 1686 1461 1749 qui
1474 1686 1555 1749 ipsum
1573 1687 1710 1738 venientem
1730 1690 1755 1738 in

976 1772 1067 1835 iorum,
1078 1777 1107 1823 ut
1119 1788 1146 1824 se
1160 1779 1284 1838 purgaret,
1301 1777 1432 1827 extrudere
1447 1781 1504 1827 sunt
1525 1779 1619 1837 eonati,
1631 1783 1659 1829 ut
1676 1779 1755 1831 bomi-

975 1873 1032 1911 nem
1058 1860 1200 1911 scelestum.
1234 1864 1410 1913 Verumtamen
1426 1878 1506 1929 neque
1524 1865 1602 1929 ipsam
1624 1867 1754 1919 veritatem

975 1948 1087 2008 vincere,
1102 1963 1182 2012 neque
1203 1951 1293 2015 populo
1312 1952 1460 2016 persuadere
1481 1957 1632 2016 potuerunt,
1650 1958 1679 2005 ut
1696 1970 1753 2007 curn

975 2049 1050 2102 regno
1074 2037 1217 2101 expelleret.
1252 2038 1301 2088 Sed
1319 2043 1451 2103 postquam
1480 2041 1533 2104 ipse
1552 2042 1644 2105 optime
1666 2056 1710 2107 pro
1727 2057 1755 2095 se

975 2138 1065 2175 caussa
1073 2123 1139 2174 dicta
1153 2125 1257 2176 crimina
1266 2126 1348 2176 omnia
1358 2126 1447 2187 diluit,
1460 2129 1485 2176 ct
1502 2127 1595 2178 Tullius
1607 2129 1659 2179 eius
1670 2143 1753 2193 gener,

975 2211 1016 2261 cni
1029 2213 1134 2262 alteram
1150 2211 1256 2262 filiarum
1274 2213 1297 2262 in
1315 2213 1501 2263 matrimonium
1520 2213 1635 2274 dederat,
1647 2217 1754 2267 maxima

975 2297 1041 2365 apud
1054 2299 1173 2363 populum
1186 2299 1331 2350 anctoritate
1350 2299 1459 2364 pollens,
1475 2304 1598 2352 Romanos
1609 2303 1640 2352 sd
1656 2303 1754 2354 miseri·

974 2388 1084 2438 cordiam
1106 2388 1190 2448 llerit,
1217 2387 1255 2438 illi
1273 2387 1462 2438 calumniatores
1480 2391 1506 2438 et
1524 2389 1628 2452 improbi
1652 2390 1755 2443 iudicati

974 2492 1063 2543 magno
1073 2492 1130 2528 curn
1148 2492 1194 2528 suo
1206 2478 1326 2529 dedecore
1339 2491 1371 2529 ex
1385 2479 1440 2528 loro
1452 2477 1629 2529 discesserunt.

1005 2583 1114 2632 Lxlllll.
1130 2582 1212 2635 Quare
1224 2594 1282 2630 cnm
1293 2580 1334 2630 bie
1344 2583 1447 2631 conatus
1460 2580 1521 2646 lpsls
1535 2582 1636 2634 minime
1654 2596 1754 2634 succes-

974 2686 1063 2747 sisset,
1078 2689 1102 2735 et
1117 2684 1251 2735 amicorum
1272 2697 1347 2748 opera
1366 2684 1391 2734 in
1412 2685 1515 2749 gratiam
1533 2685 1586 2735 eius
1608 2685 1751 2746 rediissent,

974 2783 1042 2847 quod
1056 2782 1205 2847 Tarquinius
1221 2782 1319 2832 illorum
1334 2781 1511 2844 malignitatem
1533 2781 1661 2832 moderato
1673 2784 1754 2834 animo

975 2883 1058 2946 terret,
1069 2881 1103 2932 ob
1113 2884 1271 2946 paternorum
1284 2878 1460 2930 bencliciorurn
1470 2877 1612 2927 memoriam
1622 2880 1667 2941 ,et
1678 2878 1753 2942 preni-

975 2980 1077 3031 tentiam
1097 2979 1129 3030 ad
1144 2977 1309 3029 temeritatem
1324 2976 1436 3042 ipsorum
1446 2974 1614 3039 corrigendam
1627 2975 1687 3024 satis
1698 2988 1753 3027 csse

974 3079 1088 3142 putaret,
1100 3089 1144 3140 per
1155 3079 1206 3126 tres
1216 3076 1324 3139 integros
1336 3087 1413 3123 annos
1424 3072 1449 3122 in
1461 3071 1502 3122 illa
1516 3071 1630 3122 simulata
1645 3071 1754 3124 amicitia

974 3181 1125 3231 manserunt.
1160 3177 1208 3229 Sed
1219 3191 1278 3227 cum
1292 3177 1447 3227 commodam
1458 3175 1611 3225 occasionem
1620 3175 1668 3226 sibi
1682 3174 1753 3226 obla·

974 3275 1024 3323 tarn
1036 3275 1167 3337 putarunt,
1176 3270 1251 3322 talem
1262 3269 1346 3321 dolum
1356 3269 1380 3320 ei
1388 3270 1542 3319 struxerunt.
1574 3269 1682 3318 iuvenes
1692 3269 1753 3332 duo,

973 3381 1004 3417 ex
1013 3367 1196 3430 conjuratorum
1203 3376 1305 3414 numero
1315 3362 1500 3424 audacissimos,
1512 3361 1676 3426 pastoralibus
1683 3362 1753 3412 indu·

974 3466 1013 3513 tos
1027 3463 1139 3513 restibus
1153 3464 1178 3511 et
1194 3462 1302 3510 armatos
1319 3458 1422 3510 talcibus
1435 3457 1586 3523 lignatoriis,
1599 3456 1665 3507 circe
1678 3457 1751 3508 meri·

974 3553 1040 3603 diem
1050 3553 1074 3602 in
1084 3553 1174 3616 regiam
1182 3551 1290 3612 mittunt,
1299 3550 1465 3614 edoctusquid
1475 3549 1557 3601 dicere
1567 3551 1592 3600 et
1603 3562 1675 3613 agere
1685 3563 1753 3614 opor-

973 3645 1051 3707 tamt,
1062 3648 1087 3695 et
1098 3643 1256 3708 premonitus
1265 3641 1391 3706 quomodo
1406 3656 1487 3707 regem
1503 3642 1701 3706 aggrederentur.
1721 3644 1753 3692 lli

973 3758 1029 3793 cum
1042 3743 1072 3794 ad
1082 3743 1174 3806 regiam
1186 3741 1357 3801 accessissent,
1366 3743 1437 3806 quasi
1449 3741 1538 3792 iniuria
1547 3742 1631 3806 aliqua
1640 3746 1752 3808 accepta,

973 3838 1020 3890 sibi
1038 3842 1125 3891 mutuo
1137 3837 1248 3890 conricia
1264 3835 1419 3899 ingerebant,
1431 3851 1510 3901 neque
1525 3851 1638 3889 manusc
1649 3852 1754 3904 corpora

973 3932 1148 3993 abstinebant,
1162 3934 1188 3983 et
1203 3931 1293 3996 ingenti
1306 3930 1413 3981 clamore
1431 3935 1535 3994 uterque
1554 3931 1618 3996 regis
1634 3933 1753 3984 ansssium

973 4022 1333 4090 implorabat,etipsisaderant
1343 4020 1413 4071 multi
1421 4021 1539 4072 coniurati
1548 4021 1752 4074 subrustieomm

973 4120 1054 4184 specie
1063 4118 1107 4184 qui
1116 4118 1189 4169 simul
1199 4117 1396 4182 indignabantur,
1405 4119 1430 4168 et
1439 4115 1539 4180 utrique
1547 4115 1636 4168 adesse
1653 4117 1753 4169 simula·

972 4211 1049 4275 bant,
1059 4211 1128 4263 utde
1142 4208 1239 4259 iniuriis
1248 4211 1408 4259 testarentur.
1443 4208 1490 4258 Sed
1502 4221 1559 4258 cum
1572 4222 1616 4258 rex
1628 4222 1671 4258 eos
1684 4209 1752 4259 adse

972 4309 997 4359 in
1014 4309 1105 4374 regiam
1116 4311 1217 4358 vocatos
1226 4307 1339 4358 iussisset
1349 4319 1471 4370 exponere
1483 4319 1540 4356 suas
1556 4306 1749 4363 controversias,

973 4401 1025 4464 (illi
1037 4402 1101 4452 enirn
1119 4415 1146 4452 se
1169 4413 1298 4463 caprarum
1310 4412 1398 4448 caussa
1422 4398 1570 4449 contendere
1586 4397 1749 4457 simulabant)

972 4493 1046 4544 simul
1058 4492 1222 4545 vociterantes
1235 4495 1261 4543 et
1274 4491 1425 4542 rusticorum
1438 4503 1506 4541 more
1520 4490 1638 4541 commoti
1650 4493 1675 4540 et
1689 4488 1750 4539 nibil

972 4587 1004 4638 ad
1019 4600 1072 4637 rem
1090 4586 1200 4638 dicentes
1208 4586 1315 4637 multum
1329 4583 1406 4635 risum
1416 4583 1530 4634 omnibus
1545 4587 1684 4633 movemnt.
1718 4584 1751 4633 At

972 4699 1030 4736 cum
1042 4684 1107 4736 lnter
1119 4684 1174 4735 bec
1183 4683 1289 4735 ludibria
1299 4685 1465 4749 opportunum
1480 4683 1516 4732 rei
1532 4679 1678 4744 peragenda
1688 4684 1751 4731 tem·

971 4790 1054 4843 pusse
1065 4779 1151 4828 nactos
1160 4775 1346 4833 existimarunt
1357 4773 1460 4824 falcibus
1478 4752 1550 4835 capiti
1571 4769 1636 4832 regis
1648 4767 1750 4819 vulnera

971 4869 1126 4920 indixerunt:
1135 4873 1160 4920 et
1172 4869 1219 4920 bac
1230 4883 1256 4920 rc
1264 4870 1363 4933 peracta
1371 4881 1398 4918 ss
1412 4869 1482 4917 extra
1491 4866 1556 4914 tores
1565 4863 1748 4927 proripuerunt.

971 4968 1173 5021 clamoreautem
1183 4971 1216 5020 ob
1227 4970 1298 5021 illurn
1306 4983 1391 5020 rasum
1403 4968 1503 5024 exorto,
1517 4961 1749 5029 etmultisadopem

971 5060 1098 5113 terendam
1124 5061 1233 5124 undique
1259 5057 1476 5116 concurrentibus,
1496 5069 1553 5104 curn
1572 5055 1682 5121 elingere
1700 5071 1750 5109 non

970 5156 1081 5218 possent,
1094 5153 1126 5204 ab
1142 5153 1327 5216 insequentibus
1336 5147 1476 5200 bominibus
1492 5149 1663 5214 comprehensi
1675 5153 1746 5208 sunt;

969 5240 997 5290 st
1007 5241 1093 5304 postca
1104 5237 1236 5291 tormentis
1253 5236 1313 5288 torti
1333 5238 1359 5287 et
1376 5233 1458 5285 ooacu
1477 5233 1622 5287 insidiamm
1636 5237 1750 5285 auctores
