3772 5828
594 362 893 438 Ab'rroturarrlru
915 364 1063 426 boman.
1086 363 1159 424 LlB.
1183 364 1233 424 Χῖ.

111 523 125 548 «
140 516 189 573 μαι
204 495 274 567 δεῖν,
299 491 390 566 ῖπειδέ,
405 492 478 553 οὐδέν
495 493 562 553 άλλο
577 495 659 555 ποιεῖν
678 493 830 573 δυνάμεθα,
848 498 888 555 δι-

114 612 126 636 c
141 582 255 662 κτάτορα
271 582 389 655 έλέσθαι,
411 581 473 662 πρὶν
496 585 611 642 έντιῖθεν
631 581 756 652 έξελθεῖν·
774 582 819 643 tls
839 583 890 665 γδιρ

113 699 126 724 o
141 669 354 751 ύπερδαλώμεθα
371 676 463 730 τοῦτον
476 669 521 729 τδν
535 669 644 750 καιρὸν,
659 671 745 731 οὐκέτι
770 671 891 741 συνάξου·

113 788 126 814 «ι
142 783 182 820 σιν
194 764 266 835 ἡμᾶς
281 760 305 817 ol
319 758 382 818 δέκα
399 757 619 834 βουλευσομένους
636 758 704 836 θπλρ
716 759 833 826 ούδενίς·
846 757 891 818 ἵνα

113 875 124 899 c
141 847 169 908 δὲ
184 846 230 905 καί
241 845 311 905 κατὰ
324 845 418 922 νόμους
434 852 510 921 ἡτοῦ
524 847 675 927 δικτάτορος
686 847 828 929 ἀνάρρησις
848 847 892 928 γί-

114 965 126 988 «
141 959 239 1008 νηται,
257 937 305 1007 τὴν
320 935 517 1012 μεσούασέλειον
530 936 615 1016 ἀρχὴν
636 936 755 1010 ίλέσθαι,
769 940 813 996 τὸν
828 938 889 998 έπε-

115 1053 127 1077 n
143 1022 309 1097 τηδειότατον
321 1020 475 1092 ἐκλέξαντας
490 1025 542 1081 τῶν
557 1026 685 1083 πολιτῶν·
702 1023 716 1083 δ
731 1033 814 1084 ποιεῖν
832 1023 892 1084 σύν-

116 1139 129 1166 n
142 1110 202 1186 ηθές
217 1112 286 1170 ίστιν
303 1114 378 1190 ύμῖν,
398 1110 461 1172 ὅταν
475 1110 544 1191 μήτε
570 1113 687 1191 βασιλεῖς
709 1114 801 1193 ἔχητε,
823 1113 891 1192 μήτε

115 1228 128 1253 υ
143 1201 267 1280 ύπάτους,
282 1200 349 1279 μήτε
361 1199 445 1274 ἀλλην
458 1199 570 1278 νόμιμον
580 1202 666 1281 ἀρχὴν
683 1203 825 1280 μηδεμίαν,
839 1201 891 1262 tte·

117 1316 129 1341 c
145 1312 195 1370 περ
207 1294 252 1346 νῖν
266 1291 314 1349 οὐκ
326 1289 410 1369 ίχετε.
452 1290 515 1357 Τοῖς
529 1288 580 1370 γάρ
595 1291 706 1371 ἀνδράσι
721 1291 820 1358 τούτοις
840 1315 890 1350 πα·

114 1407 127 1431 c
144 1378 313 1461 ρελήλυθενδ
336 1384 383 1453 τῆς
403 1383 487 1461 ἀρχῆς
509 1381 617 1461 χρόνος,
646 1380 690 1440 καὶ
718 1382 763 1446 τδς
779 1377 891 1462 βέθδους

114 1495 127 1522 u
142 1471 227 1528 αὐτῶν
242 1474 256 1530 δ
270 1469 348 1545 νόμος
361 1468 506 1550 ἀφῄρηται.
527 1470 620 1530 Ταῦτα
635 1469 720 1542 ίστιν,
736 1467 753 1527 δ
770 1473 890 1548 παραινῶ

114 1556 284 1639 «πράττειν,
308 1547 472 1635 ώπατέρες,
490 1561 564 1635 ύμῖν,
588 1559 633 1617 καί
658 1556 823 1640 συμφέροντα
844 1558 891 1619 καί

114 1674 126 1699 c
142 1647 251 1707 δυνατά.
303 1647 359 1707 Ἦν
387 1645 415 1705 δέ
437 1647 579 1725 Κορνήλιος
607 1648 753 1726 εἰσηγεῖται
781 1647 890 1724 γνώμην

60 1754 84 1792 rs
114 1735 286 1802 «κατάλυσις
309 1734 505 1814 ὁμολογουμένη
527 1739 574 1808 τῆς
598 1735 799 1816 ἀριστοκρατίας
816 1737 889 1811 θμών

114 1827 224 1886 «ἔστιν.
268 1823 334 1885 ’blo
357 1822 409 1905 γάρ
429 1821 500 1893 άπαξ
521 1822 609 1893 ὅπλων
633 1829 657 1886 οῖ
675 1825 739 1884 δέκα
763 1824 889 1904 γίνωνται

115 1942 127 1965 υ
141 1913 226 1992 κύριοι
251 1915 313 1994 τῇδε
330 1917 364 1991 τῇ
378 1911 507 1995 προφάσει
522 1918 570 1972 τοῦ
585 1914 714 1992 πολέμου,
730 1915 834 1976 δέδοικα
850 1915 888 1993 μὴ

114 2030 126 2051 «ι
142 2000 200 2060 καθ’
214 2004 292 2077 ἡμῶν
307 2003 392 2068 αὐτοῖς
403 1999 567 2080 χρήσωνται.
612 2003 647 2063 Ol
661 2001 713 2082 γάρ
728 2003 774 2064 ούκ
786 2001 889 2072 ἀξιούν-

114 2116 126 2141 «
142 2112 184 2156 τις
200 2090 344 2150 ἀποθέσθαι
356 2088 403 2157 τδς
415 2088 540 2171 βέθδους,
557 2082 575 2163 ἤ
589 2091 640 2150 πού
654 2114 683 2168 γε
697 2090 731 2150 τδι
742 2089 811 2152 ὅπλα
824 2093 889 2152 ἀπο·

113 2206 126 2232 «ι
141 2179 285 2252 θήσονταις
309 2179 471 2257 λογιζόμενοι
492 2178 525 2252 δὴ
539 2184 641 2256 ταῦτα,
654 2181 816 2263 φυλάττεσθε
830 2180 889 2250 τούς

113 2295 125 2320 n
141 2266 305 2347 ἀνθρώπους,
321 2266 367 2327 καί
381 2276 470 2326 πᾶσαν
486 2266 589 2340 ἀπάτην
610 2270 695 2328 αὐτῶν
711 2269 886 2349 προάλέπετε.

112 2383 125 2408 ι
141 2354 272 2435 ίίρείττων
294 2354 345 2435 γδιρ
366 2359 383 2426 ἡ
405 2354 515 2435 πρόνοια
536 2359 582 2427 τῆς
597 2356 787 2433 μεταμελείας,
799 2359 845 2418 καῖ
858 2357 889 2418 τὸ

113 2472 126 2497 a
143 2444 180 2522 μὴ
204 2442 338 2502 πιστεύειν
371 2450 424 2511 τοῖς
453 2446 575 2522 πονηροῖς
607 2443 815 2526 σωφρονέστερον
842 2451 889 2507 τοῦ

114 2559 127 2585 c
141 2532 386 2612 spectatricem
398 2533 566 2611 κατηγορεῖν.
582 2559 594 2586 o

57 2637 85 2674 ιι»
153 2622 230 2682 XXI·
254 2619 389 2692 Τοιαύτην
413 2619 618 2697 ἀποδειξαμένου
631 2620 681 2694 τὴν
693 2621 801 2700 γνώμην
817 2625 888 2686 Ούα·

113 2707 214 2784 λερίου,
237 2706 431 2788 κεχαρισμένην
451 2711 504 2775 τοῖς
518 2708 654 2784 πλείοσιν,
670 2712 705 2777 ὡς
720 2713 751 2771 έκ
770 2715 816 2784 τῆς
828 2735 886 2794 φω·

113 2800 159 2870 νῆς
183 2796 268 2855 αὐτῶν
283 2795 389 2854 είκάσαι
403 2794 491 2877 ῥηίδιον
505 2786 550 2870 ἦν,
575 2798 621 2857 καί
643 2802 696 2858 τῶν
711 2799 770 2873 μετ’
790 2801 887 2862 imilco

112 2886 309 2961 evomuerimus·
323 2874 355 2956 ἦν
375 2884 403 2943 δέ
420 2886 506 2945 αὐτῶν
522 2887 554 2946 τὸ
565 2887 622 2946 νίον
636 2890 684 2959 τῆς
700 2890 794 2968 βουλῆς
809 2889 888 2971 μέρος

111 2974 142 3031 τ“ο
167 2973 337 3051 λειπόμενον·
365 2978 450 3032 ταῦτα
481 2975 634 3055 ἡγουμένων
660 2977 789 3057 κράτιστα
819 2968 887 3040 εἶναι

56 3068 85 3103 ³⁰
113 3060 183 3134 πλὴν
197 3062 307 3141 ὀλίγων,
320 3061 410 3137 ἐπειδὴ
426 3063 523 3131 πάντες
546 3064 714 3133 ἀπεδείξαντο
728 3066 775 3136 τδς
787 3071 888 3130 ῖαυτιῖιν

112 3155 233 3229 γνώμας,
247 3152 293 3211 καῖ
311 3150 385 3220 τέλος
399 3151 451 3212 έδει
462 3152 497 3214 τδ
510 3153 679 3234 βουλεύματα
692 3155 795 3231 λαθεῖν,
817 3159 890 3221 ote-

112 3239 196 3320 λέριος
209 3239 256 3317 μέν
271 3239 345 3311 ἠξίου
359 3241 524 3300 διαδικασίαν
542 3239 600 3309 τούς
611 3242 675 3302 δέκα
685 3249 820 3324 προθεῖναι
830 3255 888 3314 ταῖς

112 3328 242 3408 γνώμαις,
258 3321 330 3395 αὖθις
344 3327 371 3397 έξ
390 3333 475 3411 ἀρχῆς
493 3329 594 3399 πάντας
607 3328 667 3398 τούς
684 3333 824 3412 βουλευτάς
837 3359 888 3395 κα-

112 3419 237 3487 λοῦντας,
254 3414 299 3474 καί
314 3417 421 3490 πολλοῖς
431 3421 483 3477 τῶν
496 3417 643 3498 συνέδρων,
661 3419 803 3482 ἀναθέσθαι
819 3425 887 3501 βου-

57 3517 85 3556 so
113 3501 232 3579 λομένοις
261 3502 308 3569 τάς
334 3505 463 3584 προτέρας
500 3506 660 3588 ἀποφάσεις,
693 3515 777 3569 ταῦτα
802 3509 888 3589 λέγων

114 3591 221 3657 πιθανὸς
234 3582 281 3665 ἦν·
295 3591 441 3671 Κορνήλιος
455 3591 498 3672 δέ,
517 3597 531 3653 θ
550 3593 736 3672 συμθουλεύων
753 3604 807 3664 τοῖς
824 3599 888 3661 δέκα

112 3677 161 3750 τὴν
189 3677 330 3758 ἡγεμονίαν
361 3680 498 3763 ε’πιτρέψαι
524 3687 571 3742 τοῦ
600 3679 736 3761 πολέμου,
767 3685 837 3747 κατὰ
857 3687 888 3749 τδ

114 3767 240 3848 καρτερδν
256 3767 424 3848 ἀπεμάχετο,
441 3771 578 3853 κεκρίσθαι
596 3771 626 3830 τδ
639 3781 750 3854 πρᾶγμα
774 3774 825 3851 ἤδη
841 3777 887 3838 λέ-

114 3867 183 3933 γων’,
198 3856 243 3914 καλ
264 3855 338 3922 τέλος
353 3857 423 3936 ἔχειν
439 3858 549 3939 νόμιμον
568 3860 692 3922 ἁπάντων
709 3864 885 3945 έψηφικέτων,

58 3964 86 4001 ου
113 3946 187 4017 ἠξίου
200 3968 229 4003 τε
243 3945 388 4023 διαριθμεῖν
409 3945 456 4014 τδς
471 3946 591 4027 γνώμας,
606 3951 652 4010 καὶ
670 3951 752 4028 μηδέν
770 3954 809 4015 έτι
823 3979 889 4016 και-

113 4037 241 4113 νουργεῖν.
285 4036 311 4094 Τ
311 4032 393 4095 ούτων
409 4033 436 4095 δέ
450 4037 597 4117 λεγομένων
614 4042 657 4122 ὑφ’
672 4042 806 4124 ἑκατέρων
820 4046 889 4121 μετὰ

112 4124 213 4195 πολλῆς
227 4121 375 4203 φιλοτιμίας
388 4147 418 4183 τε
432 4126 478 4185 καί
491 4132 617 4208 κραυγῆς,
632 4127 678 4189 καῖ
694 4135 741 4190 ποῖ
754 4133 887 4212 συνεδρίου

112 4212 266 4279 διαστάντος
283 4213 346 4292 πρὸς
364 4211 501 4294 ἑκάτερον,
519 4218 571 4275 τῶν
585 4215 633 4294 μέν
655 4219 887 4301 έπανορθώσασθαι

112 4301 160 4373 τὴν
182 4301 315 4378 άκοσμέαν
340 4306 386 4361 τοῦ
412 4303 603 4384 πολιτεύματος
635 4309 816 4386 βουλομένων,
850 4314 887 4392 τῷ

59 4409 85 4444 ιε
113 4390 252 4473 Οὐαλερίῳ
267 4389 525 4468 συλλαμύανάντων,
541 4397 594 4453 τῶν
613 4395 689 4455 δὲτὰ
701 4396 784 4478 χείρω
795 4421 888 4479 προαι-

115 4481 263 4558 ρουμένων,
277 4480 322 4540 καί
339 4482 409 4548 ὅσοις
424 4481 541 4551 κίνδυνός
556 4507 594 4552 τις
608 4486 779 4546 ὑπωπτεύετο
792 4489 822 4547 έκ
842 4492 890 4561 τῆς

113 4567 260 4641 μεταὸολῆς
281 4571 461 4652 ἔσεσθαι,τῷ
485 4573 626 4656 Κορνηλίῳ
645 4577 887 4658 συναγορευόντων·

113 4653 237 4721 δαίοντος
257 4680 379 4738 αφορμην
391 4662 415 4720 οί
431 4661 496 4721 δεκα
510 4684 557 4722 του
572 4685 697 4744 πραττειν
715 4665 731 4723 ύ
749 4688 777 4726 τι
792 4666 887 4737 δόξειεν

114 4740 215 4811 αὖτῠῖς,
237 4742 286 4814 τὴν
308 4752 353 4804 τοῦ
375 4748 511 4830 συνεδρίου
533 4750 671 4831 ταραχὴν,
689 4757 723 4832 τῇ
743 4756 889 4833 Κορνηλίου

59 4858 85 4896 ω
113 4828 297 4908 προστίθενται
320 4832 424 4916 γνώμη.
469 4838 525 4900 Καὶ
546 4839 684 4921 παρελθὼν
704 4833 739 4909 εἷς
760 4841 889 4911 έξαύτῶν

113 4916 240 4989 Ἄππιος,
261 4916 328 4999 ἔφη·
345 4949 358 4974 ε
372 4925 441 5005 Περί
454 4931 500 4987 τοῦ
517 4927 581 5007 πρδς
595 4930 724 4999 Αἰκανοὺς
740 4937 784 4991 καὶ
802 4933 889 4993 Σαύί-

114 5033 201 5075 ανσυς
232 5007 350 5085 πολέμου
380 5016 593 5098 συνεκαλέσαμεν
617 5023 704 5097 ὑμᾶς,
729 5010 752 5080 ιδ
788 5019 886 5100 βουλὴ,

113 5126 125 5150 ε
141 5099 382 5177 διαγνωσομένους,
399 5101 446 5162 καί
459 5105 535 5184 λάγον
550 5107 725 5184 ἀπεδώκαμεν
741 5108 825 5168 ἅπασι
836 5118 889 5180 τοῖς

112 5213 125 5241 ι
142 5186 310 5268 βουλομένοις
323 5190 375 5250 ἀπὸ
390 5190 442 5249 τών
459 5185 571 5274 πρώτων
593 5197 657 5279 έχρι
669 5201 722 5260 τῶν
736 5196 886 5278 νεωτάτων,

1662 367 1721 429 653

945 503 1040 555 «retis.
1074 503 1172 555 Suadeo
1191 503 1267 568 igitur
1280 505 1308 554 ut
1329 515 1391 563 ros,
1405 501 1452 552 boc
1465 505 1605 569 exemplum
1627 507 1721 569 secuti,

946 614 959 638 «ι
975 592 1076 658 quando
1088 592 1150 644 nihil
1171 592 1239 643 eliud
1256 593 1337 643 lacere
1351 605 1498 658 possumus,
1518 597 1651 657 antequam
1663 596 1722 646 binc

945 702 958 726 ι
972 681 1147 748 egrediamini,
1166 680 1314 731 dictatorem
1333 678 1435 732 crectis.
1469 679 1495 731 si
1514 681 1580 731 euim
1601 681 1665 731 banc
1678 696 1722 733 oc·

945 768 1096 818 caesionem
1107 765 1314 831 preterierimus,
1338 764 1475 816 decemuiri
1494 765 1675 832 uullaamplius
1691 768 1723 819 de

946 873 957 898 ι
972 867 998 904 re
1012 867 1057 903 uos
1071 852 1254 903 consultaturus
1266 851 1445 903 convocabunt.
1478 855 1602 904 Utautcm
1616 854 1725 906 dictator

944 936 1080 1001 «legitime
1102 936 1207 997 dicatur,
1224 935 1371 1000 interregem
1392 937 1490 997 creetis,
1514 951 1546 987 ex
1566 937 1662 989 civibus
1678 940 1725 991 eli·
1796 927 1800 939 ⁸

945 1045 957 1068 ε
973 1028 1067 1089 gentes,
1077 1037 1153 1088 quem
1163 1022 1267 1073 maxime
1277 1022 1539 1088 idoneumjudioerilis
1550 1025 1633 1091 :quod
1643 1028 1724 1078 lacere

945 1130 959 1157 ι
973 1113 1152 1171 consuevistis,
1168 1112 1267 1176 quobus
1282 1126 1328 1163 nec
1352 1112 1506 1176 interreges,
1524 1128 1571 1164 nec
1593 1117 1723 1178 consules,

947 1220 959 1244 ι
973 1213 1019 1251 uec
1035 1200 1113 1250 ullum
1127 1198 1205 1249 alium
1220 1198 1356 1262 legitimum
1377 1200 1551 1262 magistratum
1568 1201 1674 1265 bebetis,
1696 1211 1723 1256 ul

947 1307 958 1330 o
974 1301 1040 1338 nuuc
1055 1301 1103 1338 ocu
1117 1286 1226 1337 bebetis.
1260 1288 1322 1336 llam
1336 1289 1434 1351 tempus
1456 1287 1615 1350 magistratus
1634 1290 1723 1343 borum

946 1373 1084 1424 «virorum
1105 1373 1241 1438 preteriit,
1266 1376 1293 1424 et
1316 1373 1368 1437 ipso
1390 1373 1429 1424 lei
1457 1374 1537 1423 lasces
1554 1366 1609 1425 illis*
1622 1376 1722 1429 ademit.

945 1479 959 1503 ι
974 1462 1034 1510 llaec
1051 1462 1118 1519 sunt,
1138 1463 1224 1510 Patres
1241 1459 1391 1525 conscripti,
1408 1474 1464 1525 qum
1474 1459 1559 1520 robis,
1573 1466 1601 1511 ut
1614 1462 1722 1514 luciolis.
1766 1471 1769 1476 ·

946 1546 1080 1607 «suadeo,
1097 1551 1193 1611 quteel
1217 1547 1369 1612 reipublice
1392 1547 1546 1601 conducunt.
1569 1553 1643 1612 alque
1672 1549 1725 1599 lieri

946 1654 959 1678 ι
972 1639 1084 1700 possunt.
1118 1636 1245 1686 Sententia
1258 1649 1331 1696 vero,
1348 1636 1419 1699 cujus
1434 1638 1522 1686 auctor
1537 1641 1576 1687 est
1596 1637 1726 1688 Cornelius

947 1742 960 1765 υ
974 1725 1014 1773 est
1026 1723 1164 1774 certissima
1178 1723 1255 1773 uestri
1270 1724 1417 1788 optimatum
1434 1725 1576 1774 dominetur
1588 1726 1722 1789 abrogatio.

947 1832 960 1854 «ι
974 1813 1035 1861 Nam
1045 1812 1066 1863 si
1079 1811 1155 1877 semel
1167 1811 1302 1862 decemviri
1316 1825 1386 1861 arma
1407 1825 1484 1876 penes
1500 1826 1526 1862 se
1536 1813 1669 1865 habuerint
1682 1828 1726 1879 per

947 1917 959 1942 c
975 1898 1039 1949 banc
1064 1897 1201 1962 speciosum
1219 1897 1275 1947 belli
1289 1910 1420 1957 caussam,
1446 1913 1533 1948 vereor
1545 1913 1575 1949 ne
1591 1914 1621 1950 ea
1639 1901 1664 1950 io
1680 1915 1725 1951 uos

952 2006 965 2030 ι
983 1989 1136 2038 convertant.
1169 1987 1217 2045 Qui
1241 1986 1306 2036 euim
1328 1986 1415 2037 nolunt
1433 1986 1512 2036 fasces
1532 1985 1670 2051 deponere,
1693 2001 1725 2038 an

947 2091 959 2115 ι
973 2087 1042 2124 orme
1068 2073 1208 2138 deponent?
1240 2075 1300 2123 tinec
1324 2074 1399 2138 igitur
1414 2073 1614 2133 considerantes,
1637 2078 1725 2126 cavete

947 2178 959 2202 a
974 2160 1046 2212 robis
1055 2161 1087 2210 ab
1101 2160 1156 2222 illis,
1179 2164 1205 2211 et
1219 2174 1317 2210 omnem
1338 2174 1425 2211 eorum
1439 2161 1551 2211 fraudem
1573 2161 1722 2226 providete.

948 2266 960 2290 ι
977 2245 1134 2311 prouidentia
1147 2247 1213 2298 enim
1229 2247 1388 2312 prestantior
1406 2249 1454 2306 est,
1468 2262 1544 2313 quum
1567 2247 1724 2312 puniremus

947 2353 960 2379 ι
976 2336 1002 2386 et
1015 2334 1134 2398 irnpmbis
1153 2335 1226 2386 lidem
1247 2350 1294 2385 nou
1312 2336 1403 2386 babere
1420 2339 1459 2387 est
1475 2336 1575 2402 majoris
1588 2337 1725 2402 prudentie

949 2437 1050 2488 «quem
1066 2422 1115 2474 lide
1127 2424 1174 2475 illis
1183 2426 1240 2474 ante
1257 2423 1356 2484 babila,
1369 2428 1456 2490 postea
1471 2439 1513 2476 eos
1526 2439 1650 2481 accusare.
1667 2449 1679 2473 o

978 2653 1029 2702 xx.
1043 2654 1125 2709 Quum
1137 2652 1251 2702 Valerius
1270 2651 1373 2703 dixisset
1399 2652 1464 2703 huuc
1487 2652 1651 2716 seutentiam,
1667 2653 1721 2718 ple·

945 2739 1028 2804 risque
1036 2745 1146 2807 gratam,
1158 2745 1188 2793 ut
1203 2743 1273 2794 lacile
1282 2743 1371 2808 conjici
1380 2745 1461 2808 potuit
1470 2757 1502 2795 er
1515 2758 1602 2795 eorum
1611 2745 1722 2808 vocibus,

944 2833 969 2881 et
983 2845 1013 2881 ex
1024 2832 1055 2883 iis
1069 2833 1114 2898 qui
1128 2839 1186 2899 post
1201 2835 1272 2886 illum
1293 2839 1455 2887 surrexerunt
1466 2836 1520 2901 (ibi
1534 2836 1600 2888 enim
1612 2851 1642 2889 ex
1656 2852 1726 2892 rena·

943 2929 1039 2980 toribus
1047 2943 1104 2994 pars
1111 2931 1235 2994 juniorum
1243 2932 1338 2997 reliqua
1345 2933 1407 2998 erat)
1415 2933 1459 2998 qui
1469 2933 1524 2984 baec
1535 2935 1723 2999 optimeexisti-

945 3023 1055 3087 mebant,
1062 3025 1146 3091 paucis
1155 3025 1279 3089 υιιοεριῖιις
1289 3037 1510 3090 quumqueomues
1520 3039 1580 3076 suas
1589 3028 1734 3098 sententies,

944 3114 1082 3178 dixbseot,
1094 3122 1120 3169 et
1135 3117 1291 3169 consultandi
1303 3117 1359 3168 linis
1377 3121 1444 3169 esset
1458 3117 1595 3180 faciendus,
1610 3119 1726 3172 valerius

944 3213 1079 3275 postularit
1105 3216 1133 3264 ut
1149 3212 1283 3264 decemviri
1302 3212 1437 3265 sententias
1459 3214 1484 3264 io
1507 3213 1590 3265 medio
1604 3229 1723 3281 propone·

944 3307 1012 3366 rent,
1024 3305 1053 3355 ut
1072 3304 1104 3355 de
1117 3304 1148 3354 iis
1161 3303 1352 3368 disceptaretur,
1372 3308 1399 3355 et
1416 3303 1498 3358 denuc
1511 3304 1544 3354 eb
1557 3305 1627 3357 initio
1638 3321 1726 3360 omoes

944 3396 1071 3445 senatores
1091 3397 1206 3459 rogarent
1232 3415 1238 3444 ι
1265 3398 1291 3445 et
1316 3395 1403 3446 multis
1433 3396 1604 3458 senatoribus,
1629 3399 1726 3461 priores

944 3486 1078 3536 sententias
1093 3489 1189 3537 mutare
1209 3486 1364 3548 volentibus,
1379 3487 1434 3538 brec
1454 3487 1556 3548 diceus,
1581 3489 1651 3542 lacile
1670 3506 1743 3546 reru.

945 3577 1076 3640 persuasit.
1111 3576 1240 3627 Cornelius
1256 3590 1332 3638 vero,
1346 3579 1390 3642 qui
1407 3577 1556 3629 decemviris
1573 3580 1629 3632 belli
1643 3582 1722 3648 impe·

946 3665 1011 3717 εῖυιιι
1023 3666 1228 3718 committendum
1243 3667 1374 3728 censebat,
1387 3668 1478 3720 acriter
1493 3671 1658 3735 repugnabat,
1668 3649 1723 3724 rem

943 3759 1140 3826 jamjudicotam
1163 3774 1232 3824 esse,
1249 3766 1275 3812 et
1295 3761 1351 3812 letis
1367 3762 1478 3812 omnium
1495 3765 1623 3814 sententiis
1642 3765 1726 3830 legiti-

944 3865 1014 3903 mum
1032 3851 1106 3904 tinem
1128 3852 1241 3904 sertitem
1263 3852 1348 3904 diceus
1370 3873 1376 3902 :
1400 3855 1584 3920 sententiasque
1609 3856 1722 3908 dirrume·

945 3947 1044 4008 rander,
1058 3953 1084 4000 et
1098 3948 1159 3999 nibli
1171 3948 1276 4014 amplius
1294 3947 1465 4000 innovandum
1480 3951 1604 4001 censebat.
1639 3955 1722 4012 Quum

944 4041 1028 4089 autem
1039 4039 1094 4090 brec
1109 4039 1141 4090 ab
1156 4042 1262 4104 utroque
1273 4037 1416 4090 dicerentur
1428 4053 1519 4102 magna
1529 4042 1685 4095 contentione
1698 4048 1724 4096 et

944 4132 1129 4192 vociteratione,
1140 4134 1165 4184 et
1180 4136 1281 4184 senatus
1299 4131 1381 4184 obiret
1391 4133 1416 4184 in
1426 4135 1559 4197 utramque
1572 4138 1683 4199 partem
1697 4142 1724 4189 et

944 4226 981 4277 illi
994 4225 1111 4291 quidem,
1124 4225 1168 4290 qui
1191 4226 1339 4291 flagitiosum
1358 4225 1563 4277 administrandas
1582 4228 1723 4293 reipublicae

943 4331 1021 4384 genus
1044 4318 1132 4382 corrigi
1157 4318 1288 4381 volebant,
1301 4318 1427 4370 Valerium
1446 4321 1577 4384 juvarent;
1601 4321 1721 4380 illivero‚

944 4409 989 4472 qui
999 4408 1121 4460 deteriora
1136 4413 1312 4477 sequebantur,
1325 4415 1406 4477 etqui
1424 4415 1524 4478 aliquod
1541 4415 1679 4479 periculum
1691 4429 1722 4465 ex

944 4517 1028 4554 rerum
1038 4503 1175 4555 mutatione
1194 4507 1346 4567 metuebant,
1356 4507 1470 4557 Cornelio
1486 4507 1699 4572 patrocinarentur
1715 4526 1722 4554 ι

944 4590 1093 4650 decemviri,
1122 4597 1220 4655 arrepta
1240 4593 1368 4643 occasione
1400 4594 1503 4644 faciendi
1534 4594 1656 4657 quidquid
1676 4591 1724 4641 sibi

944 4678 1065 4736 libuisset,
1079 4676 1148 4741 quod
1161 4684 1264 4730 senatus
1280 4678 1486 4738 tumultuaretur,
1504 4679 1530 4729 in
1548 4679 1654 4731 cornelii
1668 4691 1724 4728 sen·

944 4765 1045 4817 tentiam
1059 4764 1165 4814 iverunt.
1199 4769 1280 4825 Atque
1304 4779 1367 4814 unus
1379 4778 1410 4815 ex
1434 4765 1490 4825 illis,
1504 4765 1610 4829 Appius,
1629 4764 1653 4813 io
1668 4777 1721 4814 me·

943 4851 1013 4902 dium
1030 4862 1189 4914 progressus,
1216 4850 1248 4899 ita
1265 4852 1304 4901 est
1326 4850 1442 4901 locutus:
1468 4870 1480 4894 c
1499 4852 1536 4900 Dc
1560 4850 1623 4900 bello
1637 4852 1723 4901 contra

944 4964 957 4989 ι
974 4946 1067 5006 AEquos
1078 4945 1104 4990 ct
1116 4941 1218 4991 Sabinus
1231 4956 1289 5002 vos,
1303 4943 1390 4992 Patres
1414 4941 1562 5004 conscripti,
1580 4942 1723 5006 cognituros

944 5053 958 5080 ε
975 5032 1178 5092 convocavimus,
1201 5037 1226 5082 et
1250 5032 1365 5082 omnibus
1385 5029 1525 5080 volentibus
1549 5044 1565 5081 a
1584 5031 1671 5095 primis
1691 5033 1723 5083 ad

945 5142 957 5166 c
977 5120 1124 5173 nonssimos
1138 5135 1217 5185 risque
1228 5118 1324 5170 dicendi
1340 5119 1488 5181 potestatem
1501 5118 1614 5178 lacunas,
1632 5134 1724 5172 unum·

946 5228 959 5254 a
975 5221 1100 5275 quemque
1130 5222 1175 5261 suo
1201 5209 1256 5261 loco
1287 5209 1412 5258 recantes.
1446 5207 1529 5264 Quum
1555 5212 1640 5259 autem
1655 5211 1721 5270 tres,
