3772 5828
172 338 231 399 692

211 471 264 535 lx.
291 472 333 547 (9)
356 465 467 549 Ἑορτλς
488 458 553 545 ἦγον
572 468 598 528 ol
619 465 752 545 Ῥωμαῖοι
774 466 821 537 τδς
851 470 947 527 καλου-

172 556 253 636 μίνας
275 561 309 637 τῇ
333 555 467 637 ἐπιχωρίην
493 554 601 635 γλώττη
625 554 784 637 στρωμνὰς,
814 555 866 616 θπδ
895 559 948 615 τῶν

172 643 337 708 Σιόυλλείοιν
352 644 531 711 κελευσθίντες
548 650 690 727 χρησμῶν.
735 644 819 711 Νόσος
839 642 890 722 γα’ρ
909 666 950 710 τις

171 733 305 812 λοιμώδης
320 733 462 812 γενομίνη,
481 733 643 811 θεόπεμπτός
664 757 692 793 τε
719 732 766 792 καλ
783 732 834 793 ὑπὸ
855 733 950 812 τέχνης

131 842 145 879 ι
171 823 335 905 ἀνθρωπίνης
349 822 471 893 ἀνίατος,
487 822 522 888 είς
542 820 650 893 ζήτησιν
672 819 765 889 αύτούς
789 820 873 899 ἤγαγε
896 823 949 880 τῶν

170 914 310 994 χρησμῶν.
354 908 529 987 Ἐκόσμησόν
544 932 572 968 τε
586 908 726 990 στρωμνὰς
743 917 827 991 τρεῖς,
845 911 880 975 ὡς
894 907 951 969 ἐκί-

170 1003 246 1061 λιυον
263 1000 288 1060 ol
301 1001 435 1081 χρησμοί,
457 998 521 1076 μίαν
545 996 593 1075 μίν
608 997 753 1057 Ἀπόλλωνι
777 999 823 1057 καί
849 1001 948 1070 Λητοῖ,

171 1088 262 1169 ίτίραν
275 1088 305 1149 δλ
321 1090 450 1171 Ἡρακλεῖ
470 1086 516 1147 καί
530 1085 683 1164 Ἆρτίμιδι,
702 1088 793 1167 τρίτην
815 1089 843 1148 δί
856 1086 949 1169 Ἐρμῇ

170 1178 216 1239 acl
235 1179 399 1241 Ποσειδῶνι·
425 1176 472 1235 καί
488 1172 618 1235 διετίλουν
634 1173 675 1256 ἐφ’
696 1176 798 1257 ἡμέρας
820 1173 889 1236 ina&
901 1177 950 1248 δη-

118 1285 146 1329 lu
170 1271 254 1351 μοσίορ
265 1291 294 1328 τε
308 1265 481 1333 καταθύοντες
500 1264 546 1323 καί
568 1263 622 1344 llic
643 1267 704 1322 κατ’
720 1264 819 1325 οἰκείαν
837 1263 948 1341 δύναμιν

170 1354 285 1422 ἅπαντες
300 1363 354 1421 τοῖς
375 1357 441 1420 θεοῖς
466 1350 666 1432 ἀπαρχόμενοι,
686 1352 815 1419 ίστιοίσεις
837 1375 867 1411 τε
880 1353 950 1427 λαμ-

170 1441 307 1522 προτάτας
326 1444 525 1514 ἐπιτελοῦντες,
546 1440 591 1499 καί
616 1438 693 1509 ξένοιν
719 1438 778 1508 τοθς
800 1441 949 1522 παρεπιδη·

170 1539 285 1607 μοῦιτας
295 1529 492 1609 θποδεχόμενοι.
537 1528 597 1606 (lo)
614 1527 718 1587 Πείσων
735 1528 763 1588 δλ
783 1528 949 1606 θτιμητικδς

170 1622 198 1679 ίν
214 1627 271 1686 ταῖς
291 1618 431 1685 ίνιαυσίοις
444 1617 606 1699 α’ναγραροιῖς
618 1616 665 1677 καί
684 1622 769 1676 ταῦτα
785 1617 825 1677 lta
838 1616 949 1699 προστί-

30 1698 34 1705 ’
118 1725 145 1768 ιο
170 1712 262 1780 θησιν·
285 1707 326 1766 ότι
352 1705 502 1783 λελυμίνων
527 1704 574 1784 pir
596 1708 648 1765 τῶν
685 1705 851 1787 θεραπόντων
874 1704 950 1773 όσους

169 1796 295 1877 πρότερον
323 1797 349 1854 ἐν
374 1803 428 1863 τοῖς
451 1795 556 1873 δεσμοῖς
579 1784 651 1875 εἶχον
666 1797 690 1854 οί
716 1795 861 1873 δεσπόται,
879 1796 948 1867 πλη·

170 1883 285 1957 θυούσης
303 1883 386 1965 όχλου
406 1883 505 1954 ξενικοῦ
524 1887 572 1956 τῆς
587 1883 705 1957 πόλεως,
721 1890 949 1962 δνσπιπταμενων

169 1977 223 2035 τῶν
236 1976 325 2034 οίκιῶν
341 1976 386 2034 διὰ
400 1971 502 2053 ἡμίρας
516 1997 544 2033 τε
563 1973 609 2032 καί
629 1973 720 2040 νυκτὸς
728 2016 738 2048 ,
759 1975 806 2034 καί
818 1973 881 2054 δίχα
895 1997 948 2033 κω·

169 2063 270 2131 λύσεως
294 2063 430 2125 εἰσιόντων
451 2066 488 2132 εἰς
503 2061 582 2130 αὐτδς
600 2065 653 2122 τῶν
680 2063 863 2142 βουλομένων,
884 2059 944 2123 οὕτε

116 2172 145 2213 ειν
169 2152 346 2232 χρῆμαοθδίν
361 2150 557 2211 ἀπολωλικίναι
576 2173 615 2219 τις
635 2151 767 2231 ᾐτιάσατο
785 2151 844 2211 οὔτε
855 2151 949 2223 ἠδικῆ-

170 2241 233 2299 σθαί
245 2262 305 2298 τινα
323 2241 370 2298 ὑπ’
394 2239 515 2318 οὐδενὸς,
537 2238 624 2298 καίτοι
646 2239 734 2299 πολλὰ
758 2240 844 2321 ρίρειν
860 2241 948 2301 είωθό·

169 2352 222 2387 των
243 2327 392 2403 πλημμελῆ
411 2328 456 2387 καλ
474 2328 618 2408 παρόνομα
637 2332 690 2389 τῶν
705 2328 829 2409 ίορταίοιν
848 2335 948 2411 καιρῶν

170 2417 215 2476 διδ
228 2416 276 2483 τλς
293 2415 385 2495 μίθας.
402 2416 507 2478 Αθιύν.

174 2540 177 2545 -
210 2506 247 2567 Χ.
268 2505 331 2586 (Η)
357 2502 533 2575 Οὐιεντανούς
557 2504 770 2588 πολιορκούντων
803 2505 949 2585 Ῥωμαίων

116 2610 144 2654 τε
169 2600 231 2682 napi
245 2601 295 2671 τλν
309 2599 435 2673 ίπιτολὴν
450 2605 497 2660 τοῦ
515 2599 605 2673 κυνδς,
625 2599 668 2660 δτι
683 2600 801 2679 μάλιστα
814 2602 907 2680 λίμναι
920 2625 949 2662 τε

168 2690 335 2751 δπιλείπουσι
358 2690 405 2749 καλ
429 2688 547 2767 ποταμοὶ
574 2691 688 2764 πάντες,
705 2689 746 2750 ότι
773 2689 810 2767 μὴ
833 2690 911 2768 μόνος
933 2696 949 2752 δ

169 2777 317 2858 Αἰγύπτιος
333 2779 439 2853 Νεῖλος,
456 2776 538 2856 λίμνη
551 2803 607 2857 τις,
625 2776 762 2859 ἇπίχουσα
776 2784 824 2852 τῆς
837 2778 948 2857 Ῥώμης

170 2871 201 2929 οὗ
219 2876 293 2946 μεῖον
313 2867 353 2948 ρκ’
369 2868 482 2927 σταδίων
505 2868 532 2927 lv
551 2875 606 2935 τοῖς
622 2866 757 2937 Ἀλόανοῑς
778 2867 947 2945 καλουμίνοιι

169 2955 257 3035 δρεσε,
273 2959 339 3035 παρ’
352 2946 371 3036 ᾖ
385 2956 415 3015 τδ
440 2956 551 3036 ἀρχαῖον
566 2959 583 3028 ἡ
599 2960 651 3016 τῶν
678 2955 822 3035 Ῥωμαίων
847 2957 948 3037 μητρό-

118 3063 146 3104 οο
170 3046 246 3114 πολις
260 3046 369 3126 ᾠκεῖτο,
391 3043 449 3101 οὔτε
465 3046 547 3102 ὑετῶν
567 3042 725 3121 γενομένων,
750 3045 810 3105 ούτε
824 3050 945 3125 νιρετῶν,

170 3132 226 3193 οὔτ’
242 3135 323 3207 ἄλλης
342 3133 409 3199 τινδς
429 3132 516 3200 αἰτίας
539 3132 685 3210 ἀνθρώποις
701 3143 829 3215 φανερᾶς,
850 3134 947 3194 τοσαύ-

169 3246 218 3295 την
247 3221 341 3282 lirin
375 3223 405 3280 ίκ
428 3224 480 3280 τῶν
511 3224 537 3280 ἐν
568 3223 634 3300 αὐτῇ
664 3222 787 3298 ναμάτων
814 3222 947 3297 ἐπίδοσιν,

170 3310 238 3372 ὥστε
268 3307 369 3382 πολλὴν
390 3307 438 3388 μίν
452 3307 593 3370 ἐπικλύσαι
608 3314 655 3380 τῆς
674 3311 832 3392 παρορείου,
848 3313 948 3381 πολλὰς

170 3402 197 3462 δὲ
216 3398 331 3471 οἰκήσεις
355 3398 501 3478 γεωργικός
529 3398 711 3477 aurelaten,
733 3404 897 3461 τελευτῶσαν
918 3403 945 3461 δί

116 3508 143 3547 οι
169 3489 215 3549 καλ
243 3489 288 3548 τόν
315 3487 413 3567 μεταξύ
428 3491 481 3547 τῶν
499 3491 566 3568 ὀρῶν
598 3490 702 3549 αὐλῶνα
732 3491 878 3552 διασπάσαι
900 3493 946 3552 καὶ

168 3578 288 3655 ποταμὸν
301 3578 392 3656 ίκχέαι
408 3576 480 3637 κατὰ
500 3580 551 3635 τῶν
567 3578 746 3654 ὑποκειμένοιν
763 3579 860 3639 πεδίων
875 3578 946 3649 ἐξαί-

169 3690 236 3728 σιον.
272 3669 333 3748 (la)
355 3668 442 3726 Τοῦτο
456 3666 582 3742 μαθόντες
595 3669 619 3725 οἱ
629 3666 775 3746 Ῥωμαῖοι,
789 3669 847 3728 κατ’
862 3667 945 3749 όρχδς

169 3755 232 3832 μὲν,
243 3759 278 3824 ὡς
297 3754 434 3832 δαιμονίου
449 3754 518 3822 τινδς
539 3756 677 3831 μηνίοντος
692 3761 725 3835 τῇ
738 3758 832 3829 πόλει,
848 3756 947 3824 θυσίαις

169 3844 340 3914 ίξιλόσασθαι
364 3843 424 3912 τοὺς
447 3840 608 3925 κατίχοντοες
634 3844 678 3903 τὸν
705 3846 783 3906 τόπον
810 3846 881 3913 θεοὺς
901 3847 946 3906 καί

115 3956 141 3994 ου
169 3932 294 4008 δαίμονας
317 3931 497 4012 ἐψηφίσαντο,
515 3932 561 3991 καί
586 3932 646 3998 τοὺς
661 3935 817 4013 ἐπιχωρίους
839 3935 946 4010 μάντεις

168 4019 315 4101 ἀνέκρινον,
349 4019 373 4077 εί
401 4045 427 4079 τι
454 4020 540 4096 λέγειν
565 4021 679 4101 ἔχουσιν·
708 4021 765 4081 ἐπεί
795 4021 822 4081 δί
847 4022 906 4083 ούτε
928 4029 945 4097 ἡ

168 4109 250 4185 λίμνη
274 4106 323 4178 τὴν
337 4110 432 4178 ἑαυτῆς
452 4107 526 4177 τοίξιν
547 4109 750 4182 ἀπελόμόοινεν,
767 4107 826 4168 οὔτε
840 4112 863 4169 ol
881 4110 946 4186 μόν-

168 4219 221 4263 τεις
247 4193 354 4273 δκριόὲς
378 4194 450 4255 οὐδὲν
476 4197 582 4276 ίλιγοι,
607 4197 676 4256 ἀλλὰ
693 4200 732 4277 τῷ
757 4198 806 4276 θεῷ
831 4201 946 4277 χρῆσθαι

168 4283 317 4364 παρῄνουν,
330 4283 374 4341 ἐπὶ
386 4283 417 4341 τὸ
432 4286 559 4364 Δελφικὸν
571 4293 693 4361 μαντεῖον
714 4284 872 4346 ἀπέστειλαν
888 4295 944 4349 θεο-

115 4401 140 4437 ιτ,
167 4373 292 4455 πρόπους.
309 4372 408 4433 Αιιιόε.

209 4466 261 4524 XI.
289 4465 349 4541 (13)
368 4461 415 4523 Ἐν
435 4462 462 4521 δὲ
484 4467 521 4545 τῷ
547 4464 645 4541 μεταξὺ
671 4466 758 4547 χρόνῳ
779 4469 945 4529 Οὐιεντανῶν

168 4581 206 4623 τις
221 4555 346 4633 ἔμπειρος
370 4557 416 4624 τῆς
437 4555 582 4634 ἐπιχωρίου
606 4560 734 4633 μαντικῆς
750 4556 792 4614 δεδι
811 4557 946 4636 προγόνοιν

168 4644 296 4723 ἐτύγχανε
324 4642 444 4722 φυλακὴν
461 4641 530 4721 ἔχων
545 4648 591 4701 τοῦ
613 4644 724 4724 τείχους.
766 4644 901 4725 Ἐγεγόνεε
918 4644 946 4703 δέ

167 4757 205 4798 τις
220 4735 293 4812 αὐτῷ
308 4735 360 4790 τῶν
374 4732 427 4790 ἀπὸ
452 4736 498 4802 τῆς
514 4731 622 4808 Ῥώμης
644 4735 766 4813 λοχαγῶν
787 4737 816 4794 ἐκ
831 4737 945 4793 παλαιοῦ

114 4848 140 4884 ςυ
167 4820 306 4897 γνώριμος.
352 4813 435 4888 Ούτος
453 4824 466 4878 δ
482 4820 596 4901 λοχαγός
613 4822 687 4899 ἐγγύς
698 4827 742 4879 τοῦ
761 4822 866 4902 τείχους
883 4819 945 4880 ποτὲ

167 4912 318 4984 γενόμενος,
342 4911 387 4969 καί
415 4909 472 4977 τοθς
493 4910 611 4980 συνήθεις
632 4910 787 4987 ἀσπασμούς
808 4917 844 4988 τῷ
870 4908 944 4991 ἀνδρί

168 4997 296 5069 ἀποδούς,
323 5001 458 5081 οἰκτείρειν
484 5000 560 5059 αὐτὸν
582 4999 632 5081 ἔρη
655 5005 701 5072 τῆς
724 4999 944 5080 καταληψομένης

168 5085 226 5160 δίμα
238 5094 290 5150 τοῖς
308 5086 396 5152 ἄλλοις
418 5099 572 5168 συμμορᾶς,
597 5087 642 5147 liv
667 5093 682 5159 l,
703 5089 777 5153 πόλις
793 5089 861 5165 ἁλῷ.
889 5085 943 5146 Καί

175 5174 190 5229 θ
204 5174 229 5232 Τ
231 5174 339 5251 υρρηνός
360 5175 481 5247 ἀκηκοὼς
495 5176 543 5247 τὴν
560 5175 703 5255 ὑπίρχυτιν
718 5178 765 5246 τῆς
789 5173 942 5241 Ἀλόενίδος

697 334 869 396 'ntulisti
889 333 1264 399 HALlGARNASSENSIS

1033 476 1069 525 lx
1088 475 1122 539 (9)
1142 475 1228 527 Ferlas
1248 481 1377 543 coeperuut
1390 477 1493 529 ltomaui
1504 490 1663 542 agarenae
1677 478 1733 544 ipsi
1751 493 1803 532 sua

1001 589 1084 652 lingua
1101 590 1288 643 lectisternium
1313 595 1417 655 vocant,
1449 591 1569 657 sibyllinis
1595 593 1687 646 moniti
1709 595 1800 647 libris.

1002 706 1144 758 Pestilentia
1153 706 1220 759 cuitu
1233 707 1353 759 divinitus
1364 706 1476 758 inrum
1484 711 1511 759 et
1525 707 1635 760 humana
1648 713 1707 761 arto
1721 710 1799 761 insa-

1003 818 1093 870 nabilis
1116 832 1160 871 eos
1184 819 1263 872 morit
1283 824 1312 872 ut
1336 821 1411 873 libros
1434 822 1591 888 inspicerent.
1636 826 1802 877 straverunt

1005 934 1083 999 igitur
1099 934 1178 987 lectos
1199 940 1250 987 tres
1270 936 1378 988 utiliori
1397 938 1532 1002 jusserunt,
1549 951 1628 990 unum
1646 940 1762 1005 Apollini
1773 947 1801 994 et

1005 1049 1119 1108 latone,
1143 1046 1250 1099 alterurn
1272 1048 1410 1101 llerculiat
1426 1051 1524 1112 mane,
1546 1052 1651 1103 tertium
1666 1055 1801 1106 Mercurio

1004 1167 1031 1215 et
1047 1167 1177 1229 Neptuno,
1191 1178 1284 1231 perque
1293 1164 1347 1217 dies
1362 1170 1456 1231 septem
1467 1166 1565 1234 publioe
1580 1169 1607 1220 et
1619 1168 1746 1233 privatim
1760 1183 1801 1221 aa·

1006 1279 1145 1330 erlflnrunt
1154 1293 1249 1344 omues,
1262 1294 1360 1345 prosua
1369 1280 1475 1347 quisque
1484 1282 1603 1334 [εσυΙίεθο
1612 1281 1664 1334 uiis
1674 1283 1799 1347 libantes,

1005 1396 1031 1444 et
1048 1392 1134 1458 epulas
1154 1393 1269 1460 opiparas
1286 1394 1446 1457 instruentes,
1461 1399 1488 1447 et
1503 1396 1645 1462 peregrinos
1669 1398 1715 1462 qui
1731 1399 1800 1451 arle-

1008 1511 1066 1557 raut
1088 1507 1196 1572 hospitio
1210 1508 1358 1574 accipientes
1379 1509 1438 1574 (tu).
1472 1510 1530 1560 Piso
1544 1523 1603 1562 reru
1625 1513 1800 1565 censoriusin

1011 1621 1140 1672 annalibus
1154 1622 1214 1673 illurl
1225 1637 1323 1689 quoque
1340 1623 1419 1684 addit,
1433 1622 1521 1677 solufis
1537 1626 1618 1677 senia
1631 1626 1679 1690 qui
1695 1631 1799 1680 antean

1009 1734 1116 1787 dominis
1136 1737 1283 1789 tenebantur
1300 1739 1326 1788 in
1346 1738 1467 1799 vinculis,
1492 1738 1554 1790 urbe
1579 1739 1653 1804 plena
1672 1742 1796 1806 advenis,

890 1883 898 1905 ι
1004 1851 1087 1915 jannis
1106 1852 1196 1903 odium
1208 1857 1283 1904 noctu
1295 1852 1388 1918 diuque
1405 1854 1550 1919 palantibus
1570 1858 1597 1906 et
1609 1857 1796 1920 quorialibare

1008 1982 1051 2020 eas
1063 1968 1183 2030 iuuante,
1192 1973 1275 2022 tamen
1291 1971 1412 2022 nerninem
1431 1971 1526 2037 aliquid
1540 1972 1589 2025 sllrl
1599 1973 1703 2039 perlisse
1713 1989 1796 2040 quea-

1011 2087 1066 2134 tum
1083 2098 1138 2135 esse
1152 2098 1232 2148 neque
1249 2099 1398 2150 quemquam
1413 2086 1444 2137 ab
1458 2087 1541 2150 aliquo
1554 2087 1643 2151 iniuria
1653 2089 1792 2153 affectum,

1008 2198 1123 2265 quamvis
1146 2199 1263 2249 lerinum
1287 2203 1398 2265 ternpore
1428 2204 1531 2266 propter
1553 2201 1680 2255 οθείείείοε
1704 2203 1787 2254 rnulta

1007 2313 1089 2378 inique
1096 2317 1121 2364 et
1130 2313 1220 2376 injuste
1233 2314 1327 2379 petrau
1336 2315 1438 2367 soleant.

1039 2503 1069 2551 ll.
1087 2501 1136 2565 (tt)
1162 2501 1278 2554 Romanis
1301 2504 1378 2565 veios
1404 2503 1603 2570 oppugnantibus
1621 2503 1688 2555 eirca
1704 2506 1791 2556 ortum

1009 2608 1141 2670 caniculas,
1167 2624 1218 2675 quo
1235 2613 1348 2677 tempore
1366 2614 1453 2676 stagna
1470 2614 1496 2664 et
1518 2610 1587 2662 ilarii
1600 2623 1689 2662 omues
1699 2616 1795 2677 preter

1007 2713 1091 2765 iillum
1104 2714 1245 2780 aegyptium
1261 2716 1368 2767 maxime
1388 2715 1521 2777 deiciunt,
1537 2716 1609 2781 palus
1629 2716 1749 2783 qrmdanr
1769 2720 1796 2769 in

1008 2824 1092 2870 moute
1104 2820 1226 2872 Albunea
1245 2825 1321 2874 lionra
1335 2837 1383 2874 nou
1407 2823 1490 2874 minus
1505 2823 1569 2874 cxx
1586 2822 1666 2874 stadia
1679 2823 1794 2887 distem,

1008 2937 1086 2990 prope
1094 2938 1169 2990 quern
1180 2925 1240 2975 olim
1253 2928 1362 2977 Romana
1373 2926 1521 2991 metropolis
1532 2926 1655 2988 sitierat,
1670 2928 1725 2979 sinc
1733 2928 1794 2981 ullis

1007 3029 1098 3095 pluviis
1121 3031 1165 3079 aut
1183 3029 1282 3080 nivibus
1304 3034 1347 3081 eut
1366 3032 1415 3082 alie
1436 3031 1524 3095 quavis
1549 3044 1626 3082 causa
1646 3031 1795 3086 homiuibus

1008 3134 1138 3201 perspicua
1151 3138 1245 3184 uatum
1256 3136 1321 3199 repit
1333 3137 1474 3189 incrementi
1486 3150 1518 3188 ex
1535 3136 1650 3188 lontibus
1671 3137 1792 3199 internis,

1008 3244 1037 3292 ut
1066 3241 1171 3291 multum
1187 3240 1298 3292 finitimae
1312 3244 1372 3309 ripae
1393 3243 1520 3306 adlueret,
1539 3244 1669 3308 multaque
1691 3247 1792 3310 tuguria

1009 3348 1102 3399 rustica
1118 3354 1255 3411 everteret,
1278 3350 1367 3401 uallem
1391 3351 1497 3416 denique
1523 3352 1707 3405 intermontes
1731 3368 1790 3418 per·

1009 3456 1143 3518 rumperet,
1165 3457 1191 3505 et
1210 3455 1356 3505 immensum
1376 3456 1478 3507 fluvium
1497 3457 1522 3507 iu
1542 3470 1643 3523 campos
1663 3459 1792 3523 subjectos

1007 3558 1152 3612 elluuderet.
1186 3561 1259 3619 Quod
1274 3562 1318 3612 ubl
1330 3562 1452 3613 rescivere
1463 3563 1585 3626 llornanl,
1598 3548 1792 3627 primoquidem

1008 3670 1136 3734 tamquam
1158 3683 1247 3720 numen
1269 3667 1395 3732 quoddam
1408 3668 1463 3718 urbi
1486 3669 1640 3729 irasceretur,
1662 3670 1792 3721 neriiciis

1005 3776 1088 3841 genius
1101 3778 1167 3827 illius
1179 3776 1227 3827 loci
1240 3776 1338 3841 placare
1353 3774 1515 3826 decreverunt
1531 3778 1649 3839 valeque
1661 3775 1791 3840 indigenas

1004 3882 1195 3945 consuluerunt,
1220 3881 1342 3945 numquid
1365 3880 1485 3932 habereut
1498 3881 1566 3947 quod
1586 3880 1703 3933 dicerent
1738 3883 1788 3934 Sed

1004 4002 1080 4051 quum
1092 4002 1171 4053 neque
1183 3989 1253 4041 lacus
1266 3989 1291 4039 iu
1308 4002 1379 4040 suurn
1402 4002 1430 4039 se
1442 3987 1525 4039 locum
1553 3987 1690 4053 reciperet,
1707 4003 1789 4053 neque

1003 4093 1073 4142 vates
1084 4058 1219 4156 quidnuam
1232 4092 1294 4143 cerii
1307 4092 1497 4156 responderent,
1519 4092 1564 4145 sed
1576 4093 1710 4158 Apollinem
1724 4107 1785 4144 eon-

1003 4197 1084 4249 sotere
1092 4196 1215 4261 iuberent,
1230 4197 1261 4248 ad
1274 4197 1419 4262 Delphicum
1433 4199 1561 4250 oraculum
1582 4203 1690 4251 oratores
1704 4198 1782 4249 mise-

1003 4297 1068 4346 runt.

1034 4476 1074 4523 xl.
1088 4474 1137 4537 (13)
1148 4474 1303 4525 llociuterim
1316 4478 1424 4539 ternpore
1438 4473 1576 4525 Veientium
1589 4470 1685 4537 quidem
1691 4473 1783 4534 patriae

1002 4594 1163 4656 haruspicinae
1182 4608 1196 4644 a
1216 4594 1350 4657 majoribus
1369 4593 1467 4644 tradita
1488 4594 1590 4657 potitus,
1606 4591 1744 4643 custodiam
1757 4596 1784 4644 in

1001 4727 1073 4764 τουτο
1084 4711 1178 4775 agebat.
1212 4715 1270 4761 Erat
1290 4712 1348 4762 hiric
1368 4726 1424 4763 euru
1446 4711 1554 4775 quodam
1571 4709 1713 4761 centurione
1735 4714 1785 4760 llo·

1000 4833 1153 4880 mauoretus
1167 4831 1325 4880 cousuetudo.
1359 4832 1383 4879 ls
1400 4830 1517 4887 centurio,
1536 4843 1616 4894 quum
1628 4843 1700 4879 ruuro
1720 4843 1783 4892 qua-

1001 4949 1060 5000 dam
1080 4949 1120 4999 alie
1132 4948 1354 5012 adpropinquasset
1371 4951 1395 4998 et
1410 4950 1492 4998 virum
1505 4949 1536 5000 de
1556 4962 1625 4998 ruore
1635 4947 1782 5007 salutasset,

1001 5067 1080 5118 aiebat
1095 5081 1121 5118 se
1135 5066 1188 5129 ejus
1207 5068 1288 5116 uicem
1303 5066 1386 5117 dolere
1407 5066 1474 5129 quod
1496 5066 1622 5116 communi
1638 5065 1746 5119 excidio.
1762 5066 1783 5115 sl

1002 5184 1060 5235 urbs
1072 5188 1207 5250 caperetur,
1227 5184 1351 5249 periturus
1363 5188 1438 5235 esset.
1472 5189 1502 5237 at
1516 5183 1783 5248 Etruscaequillbani
