3772 5828
175 377 233 438 182

174 513 250 566 σθαι·
265 506 322 565 οὐδὲ
338 505 389 584 γάρ
406 506 430 562 οί
451 502 667 586 καταλειφθέντες
682 504 708 561 ἔν
725 507 764 582 τῷ
786 501 887 580 χάρακι
901 503 949 570 τὴν

175 595 267 675 ἔφοδον
284 593 497 672 ἀποκρούσασθαι
511 597 563 651 τῶν
585 591 711 650 ἀπιόντων
727 589 815 670 σφίσιν
838 589 954 668 ἐθάρρη-

175 706 240 753 σαν,
258 684 310 738 οὐδ’
327 683 362 746 εἰς
375 690 468 757 πεῖραν
484 673 562 750 ἦλθον
576 680 680 758 μαίχης,
700 680 759 738 ἀλλ’
776 677 954 757 ἐκταραχθέν-

174 795 216 838 τες
234 770 285 829 ὑπὸ
302 776 346 827 τοῦ
363 769 424 848 παρ’
441 771 534 827 ἐλπίδα
553 774 654 839 κακοῦ,
671 768 821 847 παρέδοσαν
835 764 955 845 ἀμαχητὶ

136 879 149 917 ο
176 869 242 940 σφᾶς
257 883 285 916 τε
301 857 393 923 αὐτοὺς
408 856 453 913 καί
469 858 499 915 τδ
519 858 615 934 ἔρυμα.
659 858 694 916 Αἱ
710 855 758 931 μὲν
773 854 805 927 δὴ
820 857 872 912 τῶν
895 856 955 914 Σα-

178 949 258 1007 όίνων
282 948 378 1016 πόλεις,
394 949 428 1011 ὡς
446 945 728 1025 κατεστρατηγημέναι
742 947 788 1003 καί
806 947 852 1004 οὐκ
875 945 955 1022 ἀρετῇ

177 1037 224 1109 τὴν
255 1038 329 1106 νίκην
356 1032 522 1115 ἀφῃρημέναι
544 1033 608 1113 πρὸς
634 1037 686 1091 τῶν
712 1031 861 1110 πολεμίων,
884 1030 953 1089 ἀλλά

176 1126 261 1204 δόλῳ,
284 1125 403 1199 μείζονας
430 1115 502 1188 αὖθις
525 1122 695 1181 ἀποστέλλειν
721 1121 842 1196 δυνάμεις
870 1141 956 1198 παρε-

177 1213 332 1280 σκευάζοντο
343 1211 388 1269 καί
399 1210 545 1291 στρατηγὸν
558 1208 756 1287 ἐμπειρότερον.
799 1204 834 1266 Ὁ
844 1205 872 1264 δί
884 1206 910 1265 T
911 1227 956 1283 αρ·

126 1317 150 1356 1⁰
177 1304 273 1373 κόνιος,
288 1299 378 1377 μαθὼν
395 1301 441 1371 τὴν
455 1301 571 1359 διάνοιαν
588 1301 686 1369 αὐτῶν,
702 1301 797 1374 συνῆγε
811 1294 859 1368 τὴν
874 1317 955 1375 στρα-

177 1391 236 1450 erio
259 1389 301 1449 διδ
324 1388 436 1468 τείχους,
453 1387 498 1446 καί
526 1386 588 1469 πρὶν
615 1385 728 1451 ἐκείνους
758 1384 876 1451 ἅπαντας
904 1383 956 1454 ἤδη

179 1481 308 1539 συνελθεῖν
322 1478 410 1558 φθόνει
423 1475 515 1543 inedie
528 1475 572 1534 τδν
588 1473 693 1544 Ἀνίητα
709 1472 838 1551 ποταμόν.
860 1475 955 1532 Ταῦτα

180 1566 280 1647 μαθὼν,
295 1569 309 1624 θ
332 1569 384 1624 τῶν
402 1563 523 1625 Σαόίνων
537 1563 683 1644 στρατηγὸς
698 1560 768 1640 ἐξῄει
783 1562 831 1638 μὲν
850 1562 885 1627 ὡς
902 1549 957 1641 εἶχε

179 1658 275 1736 τείχους
287 1700 295 1728 ,
309 1655 356 1724 τὴν
380 1654 473 1714 νεωστὶ
486 1651 650 1730 συνηγμένην
670 1649 779 1709 δύναμιν
799 1647 956 1719 ἀναλαόὼν,

126 1755 152 1795 ¹⁶
180 1747 225 1811 καί
242 1741 480 1819 στρατοπεδεύεται
500 1742 612 1812 πλησίον
634 1744 686 1798 τῶν
697 1738 840 1816 Ῥωμαίων
852 1738 896 1797 tul
909 1737 957 1797 λό-

183 1855 232 1913 φου
244 1831 312 1899 τινὸς
327 1831 427 1910 θψηλοῦ
440 1828 487 1889 καὶ
502 1826 651 1903 ἀποτόμου,
669 1826 759 1906 μάχης
771 1827 793 1885 δ’
805 1827 895 1907 ἀρχειν
911 1827 959 1884 υύκ

178 1921 329 1996 ἔδοκίμαζεν
345 1919 392 1983 έως
406 1919 433 1974 αἱ
448 1916 539 1976 λοιπαί
550 1920 602 1975 τῶν
618 1914 741 1975 Σαόίνων
755 1915 878 1990 δυνάμεις
893 1938 956 1973 συν-

179 2010 308 2078 έλθωσιν,
334 2008 391 2065 ἀλλ’
415 2006 459 2064 int
480 2003 540 2071 τοὺς
564 2001 775 2086 προνομεύοντας
798 2003 846 2075 τῆν
867 2001 958 2081 χώραν

179 2096 322 2172 ἐκπέμπων
338 2095 388 2153 αἰεί
404 2117 475 2160 τινας
489 2097 541 2152 τῶν
558 2092 672 2164 ἱππέων,
687 2091 733 2149 καί
744 2090 838 2170 λόχους
854 2091 959 2167 ἔγκαθί·

126 2197 154 2237 20
181 2190 231 2255 ζων
253 2184 327 2250 ύλαις
345 2183 362 2253 ἢ
388 2183 495 2260 νάπαις,
509 2173 579 2263 εἶργε
598 2181 657 2247 τοὺς
672 2178 823 2257 Ῥωμαίους
841 2183 893 2238 τῶν
916 2180 960 2238 ἐπὶ

180 2274 227 2343 τὴν
243 2274 335 2352 χώραν
350 2271 456 2340 ἐξόδων.

220 2361 312 2421 LXV.
325 2361 424 2419 Τοῦτον
445 2357 473 2417 δὲ
496 2356 540 2415 τδν
556 2354 653 2437 τρόπον
666 2357 746 2415 αὐτοῦ
764 2354 903 2435 χρωμένου
923 2360 960 2435 τῷ

182 2446 412 2524 πολέμῳ,πολλαὶ
436 2445 483 2519 μὲν
499 2443 652 2522 συμπλοκαί
676 2446 735 2504 κατ’
753 2443 853 2522 ὀλίγους
878 2445 961 2524 ψιλῶν

181 2557 210 2592 τε
225 2534 270 2593 καί
290 2535 393 2593 ἱππέων
408 2532 537 2612 ἐγίνοντο,
552 2534 627 2611 μυίχη
643 2533 667 2591 δ’
681 2529 823 2612 ὁλοσχερὴς
838 2530 961 2590 ἁπάντων

127 2638 154 2675 2⁵
182 2621 303 2698 οὐδεμία.
347 2620 510 2697 Ἑλκομένου
521 2620 549 2679 δὲ
562 2626 608 2680 τοῦ
621 2622 727 2700 χρόνου,
739 2623 772 2679 δι’
786 2623 865 2701 ἀργῆς
876 2619 961 2701 φέρων

182 2711 230 2782 τὴν
247 2710 396 2790 διατριόῆν,
410 2713 424 2766 ὃ
440 2708 586 2787 Ταρκύνιος
608 2710 651 2768 ἐπὶ
664 2712 713 2779 τὴν
726 2709 897 2797 παρεμύολὴν
910 2715 962 2770 τῶν

182 2800 316 2877 πολεμίων
341 2801 387 2866 τὰς
412 2798 534 2875 δυνάμεις
554 2799 653 2876 ἔκρινεν
679 2797 767 2872 ἄγειν,
791 2797 836 2857 καί
860 2798 961 2865 πολλὰς

166 2966 168 2970 ⁴
185 2889 327 2960 ίποιησατο
345 2886 504 2968 προσόολάς.
527 2883 642 2944 Ἔπειτα
656 2883 816 2961 καταμαθὼν
831 2886 870 2965 τῷ
883 2885 962 2962 βιαίῳ

185 2984 236 3037 τῶν
258 2979 360 3054 τρόποιν
382 2979 411 3036 ού
428 2975 520 3056 ῥᾳδίαν
540 2964 620 3033 ούσαν
636 2974 718 3044 αύτῆν
732 2976 833 3033 ἁλῶναι
852 2972 895 3031 διδ
914 2974 962 3045 τὴν

129 3077 156 3117 ³0
184 3068 346 3147 ἔχυρότητα,
360 3070 393 3144 τῇ
409 3064 502 3124 σπυίνει
517 3066 569 3119 τῶν
589 3062 743 3133 ἐπιτηδείων
757 3063 883 3137 πολεμεῖν
901 3062 960 3129 τοὺς

182 3167 208 3223 ἔν
232 3165 298 3241 αὐτῇ
316 3163 426 3238 διέγνω,
444 3161 488 3217 καὶ
509 3158 582 3237 παρδι
603 3159 691 3225 παίσας
711 3158 757 3224 τδις
771 3158 897 3240 φερούσας
920 3158 963 3217 ἔπλ

183 3250 263 3320 αύτῆν
287 3248 360 3314 idol<
382 3247 495 3327 φρουρδις
516 3246 794 3324 κατασκευαζόμενος,
816 3244 963 3314 ξυλίζεσθαί

183 3343 208 3398 τ’
220 3337 313 3404 αὐτοὺς
325 3336 370 3395 καί
384 3336 458 3416 χιλὸν
473 3334 564 3402 ἵπποις
582 3335 756 3412 συναίγεινκαί
769 3335 854 3393 τᾶλλα
870 3334 962 3406 ἔπιτῆ·

184 3432 239 3487 δεια
249 3425 397 3503 λαμόάνειν
412 3426 441 3484 ἔκ
452 3428 498 3496 τῆς
510 3423 599 3504 χώρας
612 3426 661 3483 οὐκ
672 3426 721 3482 ἐῶν
733 3425 769 3490 είς
782 3423 884 3496 πολλὴν
896 3447 962 3482 κατ·

184 3515 292 3587 ἔστησεν
330 3514 453 3574 ἁπάντων
491 3513 620 3593 ἀπορίαν·
658 3511 721 3571 ὥστ’
756 3517 962 3590 ἠναγκάσθησαν

187 3605 345 3684 φυλάξαντες
356 3603 438 3661 νύκτα
451 3601 585 3681 χειμέριον
605 3602 682 3661 ὕδασι
699 3601 743 3659 καί
764 3602 854 3681 ἀνέμῳ
873 3609 962 3680 φυγεῖν

187 3692 301 3770 αἰσχρῶς
324 3690 355 3746 ἔκ
373 3695 418 3748 τοῦ
434 3688 571 3768 χάρακος,
587 3688 774 3754 καταλιπόντες
792 3689 818 3745 ἔν
836 3691 907 3769 αὐτῷ
929 3687 962 3746 τοί

185 3800 213 3835 τε
226 3776 353 3854 ὑποζύγια
369 3778 414 3835 καὶ
429 3775 476 3841 zi<
489 3777 588 3845 σκηνὰς
602 3775 647 3833 καί
664 3773 723 3843 τυδς
738 3775 902 3854 τραυματίας
917 3780 963 3834 καὶ

186 3863 234 3936 τὴν
256 3869 292 3932 είς
315 3866 357 3923 τὸν
381 3866 496 3942 πολεμον
519 3864 688 3944 παρασκευὴν
713 3863 829 3923 ἅπασαν.
872 3867 915 3945 Τῇ
935 3864 963 3923 δὲ

185 3952 243 4024 ἑξῆς
265 3954 363 4034 ἡμέρα,
378 3954 504 4030 μαθόντες
519 3956 543 4013 οἱ
565 3952 696 4031 Ῥωμαῖοι
710 3952 758 4025 τὴν
783 3953 898 4033 ἄπαρσιν
918 3955 964 4010 αύ-

187 4046 253 4115 τῶν,
275 4044 320 4100 καί
347 4043 482 4121 γενόμενοι
502 4048 548 4102 τοῦ
573 4045 690 4122 χάρακος
711 4041 833 4122 ἀμαχητὶ
863 4040 963 4120 κύριαι,

188 4129 285 4202 σκηνδις
310 4131 356 4206 μέν
371 4132 417 4190 καί
438 4134 564 4209 ὑποζύγια
586 4132 631 4190 καί
647 4133 775 4212 χρήματα
795 4129 962 4209 διήρπασαν,

187 4219 245 4286 τούς
260 4223 281 4278 δ’
299 4217 485 4298 αἰχμαλώτους
500 4221 644 4298 ἀπάγοντες
660 4225 695 4287 εἰς
709 4220 757 4290 Ιτὴν
779 4216 888 4295 Ῥώμην
905 4221 963 4276 ἀνί·

188 4313 313 4391 στρεψαν.
358 4300 442 4374 Οὗτος
461 4313 475 4367 δ
491 4308 605 4383 πόλεμος
625 4311 671 4381 ἔτη
689 4310 765 4369 πέντε
781 4308 883 4386 διέμενε
902 4334 964 4368 συν-

135 4416 162 4456 t⁵
188 4404 256 4479 εχῶς
279 4395 490 4474 πολεμούμενος,
510 4400 536 4456 ἐν
555 4389 576 4473 ᾧ
593 4403 642 4475 γῆν
659 4399 802 4480 ἀμφότεροι
816 4396 864 4469 τῆν
882 4398 964 4469 ἀλλή-

190 4492 243 4547 λοιν
260 4491 430 4567 πορθοῦντες,
453 4486 498 4543 καὶ
517 4489 605 4566 μάχας
624 4487 725 4554 πολλδις
738 4489 860 4555 ἐλάττους
872 4511 900 4546 τε
921 4486 966 4546 καί

190 4578 290 4654 μείζους
314 4575 460 4654 μαχόμενοι
482 4576 651 4647 διετέλεσαν,
676 4576 752 4653 ὀλίγα
773 4576 820 4654 μέν
839 4601 898 4636 τινα
920 4579 965 4635 καί

186 4672 237 4724 τῶν
258 4664 379 4725 Σαόίνων
409 4662 587 4741 εὐτυχούντων
618 4666 645 4722 ἔν
669 4665 721 4730 τοῖς
745 4670 847 4744 ἀγῶσι,
875 4664 908 4724 τὰ
937 4667 964 4723 δὲ

187 4759 298 4812 πλεῖστα
319 4751 476 4829 Ῥωμαίων·
499 4755 525 4809 ἔν
542 4755 568 4810 δὲ
589 4759 621 4833 τῆ
639 4753 778 4831 τελευταία
794 4754 868 4833 μοίχη
891 4754 965 4819 τέλος

135 4849 162 4887 50
189 4842 281 4900 ἔλαθεν
301 4840 449 4920 ὁλοσχερές,
494 4840 604 4897 Σαδῖνοι
616 4840 666 4919 γδιρ
686 4843 735 4918 οὐχ
746 4845 782 4906 ὡς
796 4842 919 4920 πρότερον
936 4844 965 4900 ἐκ

190 4929 329 5006 διαδοχῆς,
346 4931 406 4989 ἀλλ’
423 4930 480 5003 ἅμα
502 4928 594 4995 πάντες
613 4932 637 4987 cl
657 4928 846 5007 στρατεύσιμον
861 4929 963 5008 ἔχοντες

189 5015 291 5082 ἡλικίαν
311 5018 415 5087 ἐξῆλθον
433 5017 475 5074 ἔπί
494 5017 536 5075 τὸν
552 5016 680 5088 πόλεμον,
697 5015 828 5093 Ῥωμαῖοί
848 5041 877 5075 τε
892 5018 962 5093 σύμ-

189 5123 285 5164 παντες
301 5103 347 5168 ed<
371 5106 491 5163 Λατῖνων
508 5106 551 5162 καὶ
572 5107 728 5184 Τυρρηνῶν,
742 5104 786 5161 καὶ
805 5109 856 5163 τῶν
877 5104 964 5164 ἀλλων

191 5186 340 5265 συμμάχων
366 5188 489 5264 δυνάμεις
513 5191 727 5268 παραλαόόντες,
748 5189 863 5269 ἐχώρουν
884 5191 964 5267 ὁμόσε

696 371 868 431 lilon't'sit
893 368 1277 430 ttuutcnltltltssurlsts

1010 511 1127 574 repellere
1137 511 1191 561 ausi
1203 513 1275 573 suut,
1288 511 1454 576 ucqueproelii
1465 512 1543 563 aleam
1553 512 1637 563 subire
1647 514 1787 577 voluerunt,

1010 624 1053 674 sed
1077 623 1226 674 consternati
1247 623 1370 687 insperato
1403 625 1468 674 rualo
1499 626 1552 676 siue
1579 627 1630 677 ulla
1648 642 1729 694 pugna
1761 642 1789 679 se

1011 747 1103 798 suaque
1124 734 1277 784 munimenta
1295 734 1344 784 illis
1359 733 1521 786 dediderunt.
1556 736 1698 789 Sabinorum
1713 739 1788 803 igitur

1011 844 1094 909 populi
1109 846 1139 894 ut
1153 845 1262 894 bostium
1274 844 1332 894 dolo
1341 846 1464 908 superati,
1477 850 1502 896 et
1520 860 1569 899 ucn
1585 849 1676 899 virtute
1687 849 1731 900 sed
1743 851 1789 901 tat-

1011 954 1075 1004 lacie
1094 953 1126 1003 ab
1147 953 1260 1004 hostibus
1278 954 1380 1004 victoria
1397 955 1500 1018 privati,
1514 957 1618 1008 maiores
1637 959 1720 1023 copiae
1738 962 1787 1012 ite·

1012 1078 1066 1113 rurn
1086 1063 1186 1113 mittere
1204 1063 1335 1126 parabant,
1352 1067 1377 1123 et
1390 1064 1560 1128 imperatorem
1573 1081 1662 1118 rerum
1679 1070 1789 1123 bellicu-

1013 1188 1073 1227 rum
1081 1174 1229 1240 peritiorem.
1262 1173 1310 1223 Sed
1322 1174 1479 1237 Tarquinius,
1495 1179 1792 1243 mguitoeorumcousilio

1012 1285 1124 1336 celeriter
1137 1286 1220 1348 copias
1231 1284 1323 1348 coegit,
1341 1289 1366 1334 et
1382 1291 1514 1352 autequam
1529 1303 1615 1342 omues
1625 1293 1661 1342 illi
1676 1293 1702 1342 iu
1713 1306 1790 1343 uuum

1013 1390 1685 1461 coirent,eosantevertitlluriumAnienemtrejiclens.
1717 1397 1792 1456 Quod

1013 1502 1055 1552 ubi
1071 1503 1186 1565 cognorit
1205 1502 1347 1554 Sabinorum
1365 1507 1507 1572 imperator,
1521 1522 1595 1572 quam
1618 1510 1698 1574 potuit
1716 1510 1792 1560 celer·

1013 1613 1074 1664 rime
1088 1627 1144 1663 cum
1159 1627 1246 1666 recens
1257 1616 1360 1667 collecto
1378 1619 1490 1670 exercitu
1505 1620 1567 1671 exiit
1583 1623 1610 1671 et
1622 1626 1703 1671 cestra
1714 1633 1791 1684 prope

1014 1701 1136 1778 liouunos
1148 1727 1239 1792 posuit,
1253 1728 1277 1778 in
1291 1730 1399 1792 quodem
1412 1732 1476 1781 collo
1494 1732 1593 1782 excelso
1606 1735 1631 1782 et
1650 1736 1789 1794 praerupl03

1014 1840 1058 1890 sed
1077 1853 1092 1890 a
1105 1841 1190 1904 proelio
1203 1841 1378 1894 abstinendum
1393 1843 1505 1904 censuit,
1521 1843 1599 1894 donec
1612 1842 1711 1907 reliquae
1724 1843 1792 1892 Sabi-

1013 1957 1102 1994 norum
1118 1945 1195 2008 copiae
1210 1946 1382 2006 convenirent,
1397 1949 1473 2009 atque
1489 1945 1587 1997 iuterim
1597 1945 1622 1995 iu
1636 1945 1792 2010 pabulatores

1014 2050 1108 2113 equites
1121 2048 1215 2113 aliquot
1228 2051 1335 2102 subinde
1345 2052 1467 2104 emittens.
1485 2053 1511 2102 ct
1528 2052 1627 2101 insidias
1644 2053 1668 2101 in
1685 2052 1755 2101 sitris
1766 2056 1794 2101 et

1014 2157 1118 2208 saltibus
1128 2156 1261 2220 collocans,
1275 2157 1420 2223 impediebat
1431 2161 1551 2208 Romanos
1564 2171 1594 2207 ue
1602 2157 1754 2208 incursiones
1767 2161 1792 2208 in

1015 2268 1226 2330 agrumlacerent.

1045 2385 1118 2433 Llll'.
1132 2387 1213 2446 Atque
1225 2398 1281 2434 curu
1294 2384 1336 2435 ille
1356 2383 1446 2434 bellum
1459 2382 1494 2434 ita
1502 2385 1613 2447 gereret,
1629 2381 1714 2432 crebro
1728 2382 1794 2434 iuter

1014 2509 1106 2560 paucos
1124 2498 1245 2561 quosdam
1267 2497 1353 2548 velites
1369 2498 1394 2548 et
1414 2496 1511 2560 eonius
1526 2498 1676 2562 pugnatum,
1695 2498 1722 2546 at
1734 2510 1794 2546 nuu-

1015 2621 1089 2670 ουτοι
1113 2608 1174 2658 totis
1188 2607 1281 2657 viribus
1303 2607 1328 2656 iu
1344 2608 1398 2657 acio
1417 2610 1538 2658 comatum
1550 2611 1597 2657 est.
1633 2607 1794 2658 (tumentem

1016 2722 1115 2782 tempus
1130 2717 1281 2779 traheretur,
1295 2716 1443 2778 Tarquinius
1455 2730 1538 2766 moras
1552 2714 1607 2767 illua
1623 2729 1688 2780 aegre
1703 2716 1794 2780 tereus,

1016 2827 1104 2878 statuit
1117 2827 1200 2891 copias
1216 2827 1249 2877 ud
1262 2826 1370 2877 bostium
1390 2830 1472 2875 castra
1487 2825 1591 2885 ducere,
1612 2838 1690 2888 eaque
1703 2825 1794 2888 saepius

1015 2938 1174 3001 oppugnarit.
1208 2935 1256 2987 Sed
1269 2952 1325 2986 cum
1341 2937 1557 2987 animadvertisset
1569 2950 1599 2986 ea
1609 2950 1656 2984 non
1666 2935 1736 2985 tacite
1748 2949 1792 2986 ex·

1016 3037 1118 3101 pugnari
1133 3050 1221 3101 posse,
1235 3038 1302 3102 quod
1314 3039 1383 3087 loeus
1401 3043 1467 3089 esset
1484 3041 1572 3088 nutura
1592 3036 1715 3091 munitus,
1728 3050 1796 3087 com·

1016 3150 1114 3197 meatus
1126 3147 1206 3211 iuopia
1219 3161 1261 3196 eos
1272 3149 1313 3209 quii
1327 3147 1352 3196 in
1366 3147 1426 3211 ipsis
1441 3152 1511 3197 erant
1522 3159 1661 3211 expugnare
1673 3146 1794 3197 decrerit.

1016 3264 1103 3324 ltaque
1118 3259 1149 3309 ad
1163 3271 1249 3308 omncs
1264 3258 1317 3307 vias
1329 3270 1385 3320 quae
1397 3272 1427 3308 eo
1446 3259 1557 3310 terebant
1569 3258 1696 3323 dispositis
1708 3259 1796 3322 praesi-

1016 3360 1077 3419 diis,
1094 3373 1137 3409 eos
1150 3373 1229 3421 neque
1244 3359 1329 3421 lignari
1341 3373 1421 3422 neque
1433 3358 1550 3423 pabulum
1560 3359 1630 3423 equis
1639 3363 1797 3422 comportare

1016 3478 1096 3528 neque
1113 3464 1175 3514 alias
1189 3477 1228 3514 res
1243 3462 1394 3514 necessarias
1408 3475 1440 3512 ex
1457 3476 1515 3524 agro
1530 3475 1575 3510 suo
1585 3476 1682 3512 sumere
1699 3464 1796 3523 sinens,

1017 3572 1048 3623 ad
1069 3586 1182 3636 magnam
1202 3586 1284 3622 rerum
1301 3571 1413 3620 onmium
1430 3569 1558 3633 penuriam
1578 3569 1680 3634 redegit.
1713 3575 1798 3629 Quare

1019 3684 1097 3735 coacti
1113 3686 1187 3743 sunt,
1201 3683 1334 3733 observata
1347 3687 1419 3732 nocte
1432 3680 1553 3731 imbribus
1568 3683 1594 3730 et
1611 3682 1724 3744 procellis
1740 3688 1796 3734 tur·

1019 3795 1089 3855 bida,
1101 3809 1131 3844 ex
1149 3794 1239 3844 castris
1252 3793 1357 3856 turpiter
1371 3793 1467 3855 lugere,
1480 3791 1571 3841 relictis
1585 3790 1621 3841 ibi
1640 3796 1665 3842 et
1680 3793 1797 3845 iumentis

1019 3910 1044 3957 et
1065 3905 1179 3957 tentoriis
1197 3908 1222 3953 ct
1241 3902 1331 3951 sauciis
1345 3903 1370 3950 et
1392 3900 1459 3950 omni
1475 3900 1562 3951 bellico
1574 3905 1702 3966 apparatu.
1736 3904 1796 3953 Pos-

1019 4020 1073 4068 tero
1083 4016 1122 4067 die
1141 4013 1253 4074 Romani,
1267 4011 1365 4076 cognita
1377 4025 1461 4061 corum
1475 4012 1540 4073 tuga,
1552 4011 1605 4062 siue
1617 4026 1697 4076 pugna
1709 4015 1798 4063 castris

1020 4119 1106 4183 potiti,
1131 4117 1236 4170 tentoria
1258 4119 1283 4168 et
1308 4117 1419 4167 iumenta
1441 4119 1467 4166 et
1489 4115 1607 4180 pecuum
1629 4115 1796 4179 diripuerunt,

1021 4224 1180 4287 captivosque
1194 4237 1277 4273 secum
1292 4221 1441 4271 abducentes
1455 4223 1559 4271 Romam
1576 4220 1710 4272 redieruut.
1744 4224 1797 4271 lloc

1020 4330 1112 4381 bellum
1135 4329 1243 4391 quinque
1265 4326 1372 4389 integros
1392 4329 1418 4376 el
1439 4324 1569 4375 continuos
1591 4338 1668 4377 anuos
1684 4325 1797 4386 durarit,

1020 4452 1070 4504 qrro
1089 4434 1188 4498 utrique
1211 4447 1283 4495 agros
1304 4432 1399 4482 rnirtuis
1418 4430 1600 4482 incursionibus
1616 4434 1758 4492 vastarunt,
1773 4436 1799 4483 el

1020 4548 1105 4614 puelia
1121 4544 1199 4594 inulta
1216 4543 1281 4593 lesia
1296 4546 1321 4593 et
1334 4543 1418 4606 grauia
1435 4544 1554 4605 perpetuo
1569 4539 1758 4602 commiseruut;
1772 4545 1799 4592 et

1020 4675 1076 4713 raro
1098 4658 1197 4720 quidem
1215 4657 1312 4719 Sabini,
1334 4656 1469 4719 saepissime
1497 4670 1556 4706 vero
1576 4654 1677 4706 Romani
1695 4653 1799 4706 feliciter

1020 4776 1072 4813 rem
1085 4763 1219 4824 gesserunt.
1252 4761 1300 4811 sed
1314 4765 1438 4825 postrema
1448 4774 1528 4823 pugna
1541 4759 1604 4810 bello
1615 4760 1713 4824 penitus
1724 4760 1797 4811 inem

1020 4869 1146 4934 imposuit.
1179 4869 1262 4919 Sabini
1284 4871 1360 4931 enim,
1377 4883 1426 4918 non
1448 4874 1477 4919 ut
1495 4872 1553 4920 aute
1574 4884 1619 4933 per
1645 4870 1726 4929 rices,
1753 4870 1798 4920 sed

1020 4995 1105 5033 omues
1119 4981 1206 5040 simul,
1220 4982 1260 5044 qui
1276 4994 1319 5043 per
1339 4983 1438 5030 aetatem
1452 4992 1521 5028 arma
1537 4979 1600 5031 terre
1618 4984 1745 5045 poteraut,
1765 4982 1797 5031 ad

1020 5095 1110 5145 bellum
1125 5091 1228 5155 proiecti
1239 5093 1296 5140 suut
1308 5112 1314 5140 :
1328 5094 1353 5141 ct
1364 5089 1465 5140 Romani
1479 5104 1572 5152 omnes,
1586 5108 1641 5142 curn
1652 5093 1796 5143 Latinorum

1020 5206 1045 5250 el
1059 5204 1217 5250 Etruscorum
1231 5203 1256 5247 et
1267 5197 1373 5247 allorum
1387 5196 1510 5245 sociorum
1521 5198 1597 5259 copiis
1608 5199 1706 5249 obviam
1721 5200 1796 5249 bosti-
