3772 5828
191 379 251 438 siit

191 513 305 570 πολιτῶν
315 509 361 568 καὶ
375 505 544 587 ἀπορώτατοι
554 506 656 588 σχολὴν
667 507 768 590 ἄγωσι,
783 507 829 566 καὶ
841 505 899 582 tna
908 527 970 585 προ

192 600 286 678 θυμίαν
302 599 370 676 ἔχων
384 598 428 657 ε’πὶ
442 601 488 668 τῆς
506 595 574 663 ἰδίας
589 599 686 678 ἀρχῆς,
706 596 740 654 τδι
763 593 970 673 καταλειφθέντα

192 690 307 769 ἡμίεργα
332 685 384 745 ὑπὸ
398 689 445 743 τοὺ
468 685 581 744 πάππου
606 688 764 756 τελειῶσαι,
788 683 902 750 καὶτὰς
923 683 972 759 μέν

191 775 369 853 ἐξαγωγίμους
383 776 435 831 τῶν
446 771 550 830 ὑδάτων
561 772 690 854 τάρρους,
703 772 734 838 ἀς
744 775 841 837 ἐκεῖνος
853 769 972 849 ὀρύττειν

153 897 167 934 5
191 864 306 943 ἤρξατο,
320 863 401 942 μέχρι
412 866 459 919 τοῦ
471 866 594 936 ποταμοῦ
609 868 785 940 καταγαγεῖν,
796 859 875 918 τόνδ’
890 862 972 940 οἶμαι·

192 955 298 1033 θέατρον
312 951 490 1029 ἱππόδρομον,
504 947 578 1007 ούδέν
594 948 644 1018 ἔξω
658 953 711 1008 τῶν
725 947 861 1029 κρηπίδων
875 946 970 1026 ἔχοντα

191 1044 323 1105 παστάσιν
339 1039 493 1114 ὑποστέγοις
508 1034 674 1115 περιλαόεῖν.
699 1038 745 1101 Εἰς
759 1040 844 1093 ταῦτα
857 1034 889 1107 δὴ
904 1033 971 1092 πάν·

192 1158 233 1202 τες
242 1133 380 1201 οίπένητες
392 1127 553 1208 εἰργάζοντο,
566 1133 628 1184 σῖτα
636 1123 700 1203 παρ’
708 1126 789 1183 αὑτοῦ
797 1122 892 1203 μέτρια
900 1125 970 1200 λαμ-

192 1223 325 1297 όένοντες,
340 1222 363 1278 οἱ
379 1218 427 1293 μέν
444 1218 647 1291 ὑλοτομοῦντες,
661 1217 685 1274 οἱ
699 1213 725 1272 δέ
743 1210 790 1279 τὰς
812 1210 971 1288 κομιζούσας

140 1336 166 1375 to
190 1316 275 1371 ταῦτα
290 1306 393 1384 ὁμάξας
407 1305 525 1381 ἀγοντες,
543 1306 569 1361 οῖ
582 1303 605 1360 δ’
622 1303 665 1362 ἐπὶ
680 1304 732 1361 τῶν
747 1299 829 1377 ῶμων
845 1300 918 1359 αὐτοὶ
932 1299 968 1358 τδι

191 1399 261 1479 άχθη
280 1396 413 1478 φέροντες·
436 1389 639 1471 μεταλλεύοντές
654 1414 683 1450 τε
697 1388 744 1456 τδς
758 1386 904 1466 ὑπονόμους
922 1389 970 1460 σή·

192 1509 291 1566 ραγγας
301 1486 401 1563 ἐτεροι,
411 1481 456 1542 καί
471 1479 629 1547 πλάττοντες
643 1478 691 1546 τθς
703 1480 730 1536 ἐν
740 1479 832 1543 αὑταῖς
848 1476 972 1555 καμάρας

192 1575 238 1634 καί
250 1574 297 1644 τὰς
318 1573 455 1638 παστάδας
482 1568 636 1650 ἐγείροντες,
652 1566 698 1628 καλ
712 1574 766 1634 τοῖς
780 1571 864 1625 ταῦτα
882 1565 970 1644 πράτ-

191 1688 264 1724 τουσι
286 1662 464 1744 χειροτέχναις
487 1663 674 1739 ὑπηρετοῶντες
697 1655 862 1738 χαλκοτύποι
884 1653 969 1714 τεκαὶ

139 1782 164 1823 tu
190 1749 969 1831 τέκτονεςκαὶλιθουργοὶ,τῶνίδιωτικῶνέργωνἀφεστῶτες,

192 1843 235 1902 ἐπὶ
248 1846 307 1908 ταῖς
322 1840 461 1918 δημοσίαις
484 1838 637 1919 κατείχοντο
650 1838 760 1919 χρείαις.
803 1835 870 1916 Περὶ
886 1840 970 1893 ταῦτα

191 1932 224 2003 δὴ
236 1931 271 1990 σθ
291 1933 356 2012 έργα
375 1928 527 2008 τριθόμενος
550 1933 565 1987 ὁ
584 1926 661 1999 λεὼς,
680 1925 803 2003 οὐδεμίαν
822 1923 970 1983 ἀνάπαυσιν

192 2018 353 2096 ἐλάμόανεν·
365 2016 434 2077 ὥστε
445 2019 469 2075 οἱ
482 2017 616 2097 πατρίκιοι
625 2015 659 2075 τδι
672 2015 772 2075 τούτων
783 2011 855 2072 κακὰ
864 2010 910 2071 καί
924 2010 971 2078 τδς

191 2107 313 2188 λατρείας
327 2110 449 2187 ὁρῶντες,
464 2104 571 2185 ἔχαιρόν
585 2128 614 2164 τε
632 2106 659 2162 ἐν
675 2103 751 2183 μέρει
770 2101 882 2162 καὶτῶν
898 2098 971 2159 ἐδίων

139 2227 166 2266 qo
192 2195 397 2258 ἐπελανθάνοντο
414 2198 560 2275 ἀλγεινῶν·
577 2192 688 2254 κωλύειν
710 2190 824 2271 μὲνγὰρ
842 2187 972 2269 οὐδέτεροι

192 2286 226 2344 τά
240 2286 365 2364 γινόμενα
379 2283 539 2365 ἐπεχείρουν.

232 2375 320 2436 ΧΙΝ.
344 2373 516 2450 Λογιζόμενος
539 2370 591 2430 δ’ὁ
610 2370 765 2451 Ταρκύνιος,
789 2370 830 2430 ὁτι
855 2372 909 2436 τοῖς
933 2367 971 2446 μὴ

154 2499 157 2505 2
193 2463 262 2523 κατὰ
276 2463 370 2539 νόμους
383 2461 494 2521 λαὸοῶσι
508 2458 555 2528 τδς
578 2459 739 2532 δυναστείας,
765 2459 834 2519 αλλθ
855 2460 898 2518 διθι
920 2461 973 2516 τῶν

193 2551 282 2610 ὁπλων
296 2551 480 2628 κτησαμένοις,
496 2551 526 2608 οὑ
541 2547 620 2625 μόνον
632 2547 774 2630 ἐπιχωρίου
790 2550 829 2607 δεῖ
842 2547 971 2627 φυλακῆς,

141 2663 167 2703 aa
194 2640 264 2699 illl
277 2639 324 2699 καλ
336 2639 446 2709 ξενικῆς,
462 2645 505 2698 τόν
524 2637 731 2719 ίπιφανέστατον
744 2638 774 2695 ἐκ
791 2641 836 2694 τοῦ
850 2632 972 2693 Λατίνων

194 2727 280 2794 ἔθνους
296 2726 342 2786 καὶ
364 2728 488 2786 πλεῖστον
512 2723 638 2784 ὁπάντων
654 2722 809 2800 δυνάμενον,
829 2721 972 2788 ἐσπούδαζε

197 2815 271 2895 ρίλον
291 2816 461 2887 ποιήσασθαι,
479 2816 519 2893 τῷ
533 2813 613 2893 γάμῳ
627 2812 748 2882 συζεύξας
768 2817 815 2886 τῆς
833 2810 973 2894 θυγατρδς,

194 2906 223 2974 δς
245 2908 367 2964 ἐκαλεῖτο
392 2904 439 2981 μάν
459 2902 581 2970 Ὀκτάϊος
598 2903 747 2979 Μαμίλιος,
771 2903 878 2983 ἀνίρερι
895 2900 922 2961 δέ
945 2899 974 2958 τό

195 2996 268 3070 γένος
282 2995 318 3061 είς
342 2992 501 3069 Τηλέγονον,
519 2991 562 3049 τόν
582 2989 608 3058 ἐξ
621 2990 771 3058 Ὀδυσσέως
792 2993 838 3050 καὶ
859 2989 973 3070 Κίρκης,

142 3114 169 3154 30
197 3081 311 3164 κατῴκει
327 3085 350 3141 δ’
367 3084 393 3140 ἐν
409 3082 484 3140 πόλει
500 3080 625 3159 Τύσκλῳ.
669 3078 773 3138 Ἐδόκει
792 3080 819 3136 δέ
841 3078 875 3139 τδι
899 3080 976 3138 πολι·

197 3171 258 3231 τικδ
272 3172 375 3236 συνετὸς
391 3169 519 3244 ἐνδλίγοις
530 3159 608 3240 εἶναι,
620 3165 666 3225 καί
678 3166 808 3243 πολέμους
819 3167 975 3245 στρατηγεῖν

194 3263 294 3328 ἱκανός.
336 3262 437 3318 Τοῦτον
448 3258 491 3317 τὸν
508 3256 590 3336 ἄνδρα
604 3257 679 3336 ρίλον
695 3255 775 3335 ἔχων,
789 3256 834 3314 καὶ
847 3254 882 3315 δι’
896 3256 976 3312 αὐτοῦ

196 3350 254 3419 τοὺς
266 3349 385 3430 εἰρίστους
398 3350 426 3405 ἐν
439 3346 538 3424 έκάοτη
554 3346 630 3404 πόλει
642 3349 694 3404 τῶν
709 3345 743 3403 τά
757 3345 832 3404 κοινά
844 3343 975 3423 πραττόν·

197 3464 249 3500 των
259 3436 430 3518 προσλαθὼν,
442 3436 496 3494 τότ’
508 3436 560 3507 ἤδη
574 3434 682 3494 καὶτῶν
694 3434 838 3514 ὑπαιθρίων
847 3431 977 3514 ἐπεχείρει

143 3555 169 3594 aa
198 3534 338 3609 πειρᾶσθαι
362 3527 499 3602 πολέμων,
515 3526 560 3583 καὶ
575 3523 703 3604 στρατιάν
718 3523 762 3585 ἐπὶ
776 3523 905 3592 Σαὸίνους
919 3522 976 3591 ἐξά·

197 3643 262 3696 γειν,
275 3620 303 3676 ού
316 3614 485 3696 βουλομένους
498 3614 627 3684 ὑπηκόους
639 3603 704 3672 εἶναι
719 3622 772 3681 τοῖς
788 3616 976 3693 ἐπιτάγμασιν,

198 3709 256 3766 ἀλλ’
271 3705 445 3783 ἀπηλλάχθαι
471 3705 522 3760 τῶν
548 3704 693 3779 ὁμολογιῶν
720 3703 864 3779 οἰομένους,
894 3701 920 3772 ἐξ
946 3693 976 3761 οὑ

197 3795 311 3860 Τύλλιος
324 3789 491 3862 ἐτελεύτησε.
507 3789 572 3871 πρθς
586 3790 614 3849 δν
640 3792 797 3865 ἐποιήσαντο
811 3793 859 3859 τάς
879 3795 976 3871 ὁμολο-

198 3892 263 3966 γίας.
307 3890 387 3955 Γνοὺς
398 3891 425 3948 δὲ
434 3894 530 3961 ταῦτα,
543 3897 651 3968 προεῖπε
660 3891 692 3947 δι’
708 3890 826 3968 ἀγγέλων
840 3889 926 3964 ἥκειν,
941 3893 977 3955 είς

144 4010 171 4047 40
199 3977 246 4049 τὴν
270 3982 296 4038 ἐν
321 3978 472 4059 Φερεντίνῳ
494 3978 634 4056 γινομένην
657 3978 764 4059 ἀγοράν,
778 3979 837 4046 τοὺς
856 3979 978 4047 εἰωθότας

200 4065 318 4146 ὑπέρτοῶ
329 4070 476 4142 κοινοῶιτῶν
490 4067 611 4128 Λατίνων
623 4066 793 4146 συνεδρεύειν,
805 4069 906 4145 ἡμέραν
918 4067 977 4126 τινά

199 4153 299 4233 ὁρίσας,
315 4157 350 4221 ῶς
363 4157 423 4233 περὶ
437 4159 531 4214 κοινῶν
545 4154 591 4215 καὶ
614 4154 737 4234 μεγάλων
751 4157 916 4233 πραγμάτων
930 4155 976 4217 οὑν

199 4245 286 4309 αὑτοῖς
310 4244 522 4321 βουλευσόμενος.
567 4248 602 4305 Οἱ
622 4245 670 4321 μὲν
689 4243 720 4314 δέ,
748 4249 889 4324 παρῆσαν,
914 4249 929 4303 ὁ
950 4245 976 4304 δὲ

199 4330 345 4414 Ταρκύνιος
358 4333 433 4397 αὐτὸς
454 4337 468 4391 ὁ
482 4333 596 4399 καλέσας
621 4332 712 4400 αὐτοὺς
729 4337 841 4416 ὑστέρει.
884 4333 934 4401 Ὣς
950 4334 976 4392 δὲ

144 4445 172 4485 to
200 4421 279 4490 πολύς
294 4419 396 4499 ἐγένετο
423 4421 580 4497 καθημένοις
603 4426 617 4480 ὁ
645 4421 746 4503 χρόνος,
764 4426 809 4483 καὶ
824 4423 907 4483 ἐδόκει
925 4425 978 4489 τοῖς

200 4509 316 4570 πλείοσιν
331 4507 403 4585 ύύρις
427 4499 492 4567 εέναι
506 4509 536 4568 τὸ
550 4520 673 4591 πρᾶγμα,
709 4510 774 4591 άνῆρ
799 4535 838 4579 τις
852 4514 878 4570 ἐν
902 4511 977 4570 πόλει

200 4598 247 4678 μέν
266 4602 341 4657 οἰκῶν
360 4595 497 4675 Κορίλλῃ,
513 4599 620 4666 δυνατός
635 4600 718 4659 δὲκαὶ
739 4601 859 4680 χρήμασι
875 4602 919 4659 καὶ
935 4601 977 4680 ql-

200 4693 254 4758 λοις
283 4687 328 4746 καί
352 4685 385 4744 τά
400 4688 515 4762 πολέμια
542 4687 662 4763 ἄλκιμος,
692 4688 824 4746 πολιτικόν
846 4713 874 4748 τε
902 4690 978 4766 λόγον

200 4782 281 4839 εἰπεῖν
297 4779 345 4836 οὐκ
367 4774 501 4845 ἀδύνατος,
518 4776 619 4854 Τύρνος
638 4775 778 4858 Ἑρδώνιος
789 4776 872 4856 ὄνομα
878 4822 886 4853 ,
913 4781 977 4838 Μα-

145 4885 173 4923 so
201 4868 281 4946 μιλίῳ
295 4889 324 4925 τε
340 4865 461 4946 διάρορος
476 4863 524 4940 ῶν,
545 4864 587 4922 διά
606 4864 653 4936 τὴν
669 4865 728 4946 τρθς
742 4865 776 4923 τά
789 4865 863 4924 κοινά
881 4870 974 4946 φιλοτι-

203 4957 275 5026 μίαν,
288 4957 333 5012 καὶ
347 4956 487 5035 Ταρκυνίου
503 4953 546 5013 διδι
562 4952 605 5012 τόν
627 4955 765 5031 Μαμίλιον
780 4955 978 5036 ἀπεχθόμενος,

201 5037 241 5096 δτι
267 5042 396 5110 κηδεστὴν
429 5048 525 5104 ἐκεῖνον
540 5041 635 5113 ἠξίωσε
663 5043 754 5101 λαθεῖν
781 5045 837 5102 ἄνθ’
865 5049 977 5119 ἑαυτοῦ,

201 5123 302 5194 πολλὴν
326 5131 438 5187 ἐποιεῖτο
460 5137 504 5189 τοῦ
523 5129 673 5208 Ταρκυνίου
698 5132 872 5212 κατηγορίαν,
899 5133 933 5192 τά
951 5157 979 5192 τε

203 5217 271 5280 ἄλλα
286 5210 384 5279 διεξιὼν
400 5216 463 5293 ἔργα
478 5222 522 5275 τοῦ
539 5218 641 5297 ἀνδρὸς,
654 5210 691 5284 οἷς
707 5220 830 5280 αὐθάδειά
844 5245 883 5290 τις
897 5220 981 5282 ε’δόκει

719 370 892 432 DIONYSll
914 362 1297 432 titulentlrtnsstsrtsts
1560 436 1564 445 γ

1026 509 1093 573 regni
1106 510 1217 572 tempore
1237 520 1311 572 opera
1337 504 1507 570 semiperfecta
1516 505 1548 555 ab
1560 517 1609 554 aro
1626 504 1713 555 relicta
1725 505 1809 556 absol·

1025 641 1097 687 rere,
1119 631 1144 677 et
1163 626 1272 684 cloacas,
1292 638 1354 690 quas
1369 624 1411 675 ille
1428 623 1514 675 tudere
1531 629 1653 688 cuperat,
1675 639 1755 690 nsqm
1778 626 1813 676 ad

1026 746 1129 797 llurium
1159 744 1302 809 perducere,
1327 743 1471 807 circumque
1496 744 1646 802 maximum,
1676 743 1719 808 qui
1749 742 1811 794 nibil

1025 864 1117 927 praeter
1129 860 1222 924 gradus
1245 858 1368 921 babebat,
1394 859 1547 911 circumdare
1571 859 1706 925 porticibus
1728 861 1810 911 lectis.

1026 983 1107 1043 Atque
1115 978 1169 1029 naon
1187 978 1269 1029 omnia
1279 991 1353 1044 opera
1371 978 1548 1044 apanperilnxs
1562 979 1757 1043 peragebantur,
1768 981 1812 1043 qul

1026 1100 1153 1151 modicum
1167 1100 1319 1150 trumentum
1331 1098 1365 1149 ab
1380 1111 1412 1149 eo
1425 1097 1577 1163 accipiebant
1592 1117 1599 1148 ι
1616 1103 1643 1149 et
1656 1099 1698 1149 alii
1708 1099 1809 1163 quidem

1026 1220 1156 1271 materiam
1165 1218 1301 1277 cedebant,
1313 1217 1355 1268 alii
1369 1218 1478 1283 plaustra
1487 1218 1619 1281 ducebant,
1634 1219 1675 1269 alii
1684 1233 1744 1270 uero
1759 1222 1813 1284 ipsa

1026 1354 1102 1393 onere
1116 1339 1226 1390 humeris
1243 1340 1362 1399 terebant,
1379 1339 1419 1390 alii
1438 1339 1518 1391 losaas
1538 1340 1709 1391 subterraneas
1722 1344 1747 1391 ct
1770 1354 1812 1392 oa·

1024 1476 1115 1513 vernas
1138 1461 1275 1522 fodiebant,
1299 1465 1325 1513 et
1345 1462 1451 1513 fornices
1469 1461 1494 1513 in
1520 1462 1568 1515 illis
1591 1463 1759 1522 fabricabant.
1786 1465 1813 1514 et

1028 1581 1139 1647 porticus
1147 1579 1281 1646 erigebant,
1291 1584 1318 1631 et
1331 1581 1469 1645 opificibus,
1487 1582 1531 1645 qni
1544 1582 1597 1632 bec
1610 1558 1742 1645 iaciebant,
1753 1595 1811 1633 aer·

1024 1700 1123 1751 xiebanl
1144 1720 1151 1749 :
1169 1703 1195 1751 el
1213 1701 1277 1751 labri
1290 1701 1385 1751 terrarii
1402 1705 1428 1752 el
1451 1702 1547 1765 tignarit
1561 1707 1587 1753 et
1599 1703 1741 1768 lapicide,a
1759 1703 1812 1753 suia

1026 1819 1131 1885 propriis
1140 1817 1258 1882 operibus
1269 1817 1395 1878 abstracti,
1406 1820 1431 1869 in
1441 1818 1540 1884 publico
1547 1832 1623 1883 opere
1628 1819 1811 1870 detinebantur.

1024 1941 1052 1989 ln
1073 1938 1112 1989 bis
1129 1939 1203 2002 igilur
1212 1937 1327 2002 operibus
1343 1937 1448 2002 populus
1463 1938 1579 1999 attritus,
1598 1939 1692 1989 nnllam
1707 1937 1812 1988 babebat

1026 2059 1144 2123 quietem.
1189 2059 1272 2114 Quare
1295 2056 1391 2121 patricii
1414 2055 1551 2108 ethorum
1573 2061 1599 2107 et
1623 2059 1726 2108 alioruin
1748 2057 1813 2107 mala

1027 2181 1153 2228 cernentes
1164 2176 1343 2241 aliquantulum
1358 2174 1497 2241 gaudebant
1508 2215 1514 2237 ,
1526 2179 1552 2226 et
1574 2189 1676 2226 auorum
1688 2178 1812 2228 malorum

1027 2293 1232 2345 obliviscebantur
1247 2313 1253 2342 :
1267 2293 1349 2344 nentri
1364 2292 1429 2344 enim
1441 2291 1496 2341 brac
1507 2288 1628 2355 impedire
1644 2290 1779 2340 audebant.

1060 2411 1132 2460 lle.
1150 2410 1266 2459 ceterum
1283 2407 1431 2470 Tarquinius
1454 2417 1538 2455 secunx
1566 2406 1682 2468 reputans
1706 2404 1753 2464 eis,
1767 2403 1812 2467 qui

1029 2493 1190 2558 principatum
1216 2505 1266 2541 non
1273 2490 1390 2553 legitime,
1403 2490 1531 2541 sedarmls
1540 2488 1673 2553 quesitum
1682 2488 1813 2548 baberent,

1029 2595 1079 2630 non
1094 2580 1172 2630 nolum
1186 2579 1365 2642 indigenarum,
1381 2577 1423 2627 sed
1438 2576 1512 2626 etlam
1529 2578 1687 2627 externorum
1700 2576 1814 2627 custodia

1030 2672 1056 2719 et
1073 2668 1189 2733 presidio
1205 2682 1270 2732 opns
1287 2681 1349 2727 esse,
1364 2668 1393 2716 nt
1409 2666 1491 2716 uirum
1507 2665 1586 2715 totins
1610 2664 1689 2714 Latini
1709 2664 1814 2716 nominis

1032 2756 1225 2808 illustrissimum
1247 2762 1272 2807 et
1288 2755 1400 2806 omnium
1420 2754 1617 2820 potentissimum
1641 2753 1688 2804 sibi
1707 2753 1814 2804 amicitia

1032 2845 1144 2909 iungeret
1160 2844 1265 2904 studuit,
1280 2845 1338 2894 tillo·
1349 2858 1393 2893 sna
1404 2843 1440 2894 illi
1454 2844 1480 2894 in
1489 2843 1674 2893 matrimonium
1687 2841 1754 2892 dala.
1789 2844 1813 2891 ls

1035 2933 1167 2983 vocabatur
1179 2933 1299 2999 octavius
1316 2932 1441 2982 ltamillus
1460 2951 1466 2979 :
1482 2930 1603 2982 oriundus
1622 2934 1705 2980 antem
1727 2931 1782 2980 crat
1796 2944 1811 2979 a

1032 3024 1161 3088 Telegono,
1171 3024 1259 3074 Ulissls
1270 3028 1295 3073 el
1309 3024 1388 3074 circus
1402 3023 1464 3084 lilio,
1480 3027 1506 3074 el
1522 3020 1655 3072 Tusculum
1666 3020 1753 3072 urbem
1771 3021 1813 3070 in·

1033 3111 1136 3162 colebat.
1169 3111 1359 3160 Existimabatur
1379 3115 1463 3162 antem
1483 3111 1546 3161 inter
1566 3123 1657 3174 pancos
1671 3122 1755 3159 rerum
1770 3124 1814 3174 pu-

1032 3199 1151 3250 blicarum
1162 3213 1216 3249 esse
1238 3201 1347 3263 peritus,
1366 3203 1394 3250 et
1404 3200 1430 3250 in
1443 3198 1694 3250 bellosalisidoneus
1710 3199 1813 3263 impera·

1035 3292 1081 3337 tor.
1116 3287 1179 3337 lnlta
1189 3300 1247 3336 curn
1259 3287 1305 3336 boc
1322 3287 1374 3336 uiro
1388 3286 1506 3344 amicitia,
1517 3287 1545 3335 et
1560 3298 1603 3349 per
1616 3298 1672 3334 enm
1693 3282 1815 3333 adiunctis

1035 3375 1082 3426 sibi
1096 3374 1307 3440 prudentissimis
1317 3375 1464 3438 quibusque,
1477 3373 1521 3437 qui
1531 3372 1665 3437 insingulis
1674 3371 1816 3422 ciuitatibus

1034 3463 1108 3514 rebus
1123 3462 1225 3527 publicis
1237 3464 1431 3526 prementium
1445 3461 1546 3511 demum
1555 3459 1629 3523 coepit
1640 3458 1704 3508 bella
1713 3461 1814 3508 esterna

1034 3554 1168 3615 temptare,
1190 3550 1310 3614 etcopias
1326 3550 1350 3600 in
1366 3549 1469 3599 sabinos
1480 3548 1570 3597 ducere
1580 3585 1585 3602 .
1597 3546 1640 3610 qui
1652 3546 1729 3610 ipsius
1745 3559 1815 3595 man·

1033 3639 1098 3705 dalis
1110 3654 1195 3706 parere
1205 3639 1327 3700 nolebant,
1338 3637 1509 3688 existimantes
1520 3635 1618 3685 lmderis
1631 3632 1816 3685 conditionibus
1826 3656 1828 3661 ⁴

1034 3728 1128 3780 solutos
1137 3741 1164 3778 se
1175 3742 1242 3787 esse,
1258 3741 1288 3777 ex
1300 3741 1351 3790 qno
1368 3725 1464 3775 obierat
1476 3723 1579 3781 Tullius,
1596 3736 1654 3773 curn
1666 3737 1716 3786 quo
1735 3722 1814 3772 loedus

1034 3819 1148 3868 lecerunt.
1181 3821 1236 3877 Quo
1250 3818 1363 3882 cognito,
1378 3813 1465 3864 indixit
1480 3827 1524 3878 per
1537 3811 1650 3873 nuntios,
1669 3810 1741 3861 ulad
1754 3825 1813 3860 con·

1034 3908 1116 3958 cilium
1132 3908 1288 3958 Ferentinum
1307 3907 1417 3957 venirent
1435 3917 1535 3962 omnes,
1552 3903 1652 3966 quipro
1670 3900 1814 3950 latinorum

1034 3995 1160 4060 republica
1172 4009 1203 4045 eo
1217 3996 1345 4045 convenire
1356 3995 1421 4045 soliti
1433 3997 1512 4052 erant,
1529 3996 1670 4054 certamque
1685 3988 1750 4038 dicrn
1760 3992 1814 4038 sta·

1033 4083 1090 4143 tuit,
1111 4084 1182 4148 quasi
1194 4083 1226 4133 de
1245 4083 1318 4133 rebus
1334 4082 1439 4148 publicis
1464 4085 1490 4132 el
1511 4080 1593 4145 magni
1624 4077 1743 4128 momenti
1772 4089 1816 4127 eos

1033 4171 1191 4221 consulturus
1202 4175 1275 4223 esset.
1292 4171 1327 4223 llli
1339 4171 1414 4236 igitur
1437 4172 1570 4226 uenerunt:
1591 4167 1634 4218 sed
1650 4166 1813 4232 Tarquinius.

1032 4259 1075 4324 qui
1090 4274 1134 4310 eos
1159 4265 1320 4319 convocarat,
1349 4260 1430 4310 serius
1455 4257 1530 4308 venit.
1566 4259 1678 4320 cumque
1699 4256 1747 4305 iarn
1761 4254 1816 4305 diu·

1033 4348 1083 4398 tius
1099 4352 1177 4399 aloto
1191 4351 1312 4399 conventu
1328 4350 1522 4411 exspectaretur,
1547 4348 1573 4394 et
1591 4345 1714 4409 plerisque
1729 4343 1754 4395 id
1769 4345 1815 4393 lac·

1033 4441 1086 4487 tum
1099 4438 1302 4488 contumeliosum
1318 4437 1451 4495 rideretur,
1467 4435 1506 4484 uir
1523 4433 1634 4498 quidam,
1652 4434 1696 4498 qui
1718 4431 1816 4483 babita-

1032 4526 1075 4575 bat
1091 4527 1207 4588 Coriolis,
1222 4531 1308 4591 potens
1324 4530 1351 4577 et
1366 4526 1454 4590 opibus
1470 4524 1602 4581 etamicis,
1612 4527 1641 4573 el
1657 4523 1680 4571 in
1691 4536 1718 4571 re
1729 4521 1815 4571 bellica

1033 4617 1148 4664 strenuus
1162 4630 1207 4666 nec
1218 4617 1297 4666 civilis
1310 4616 1429 4667 facundie
1444 4627 1548 4678 expers,
1563 4614 1662 4661 Turnus
1676 4609 1815 4660 Herdonius

1033 4702 1138 4762 nomine,
1148 4704 1191 4765 qui
1202 4716 1217 4752 a
1228 4703 1336 4752 llamillo
1344 4703 1377 4752 ob
1384 4701 1540 4753 ambitionem
1553 4700 1578 4749 in
1587 4698 1727 4763 reipublice
1738 4697 1816 4747 admi·

1033 4789 1176 4840 nistratione
1186 4791 1335 4851 dissidebat,
1350 4791 1418 4841 etob
1432 4789 1566 4840 Mamilium
1587 4786 1721 4850 Tarquinio
1733 4785 1811 4834 insen-

1033 4892 1077 4928 sus
1086 4880 1139 4929 crat
1147 4917 1152 4938 ,
1161 4881 1226 4944 quod
1240 4881 1308 4930 illum
1320 4893 1437 4944 generum
1448 4891 1523 4941 quarn
1536 4891 1563 4927 sc
1575 4872 1812 4932 haberemalnisset,

1034 4967 1123 5032 prolixa
1138 4969 1247 5018 oratione
1266 4968 1290 5017 in
1311 4968 1470 5032 Tarquinium
1491 4966 1606 5016 inuectus
1622 4968 1678 5025 est,
1695 4974 1753 5011 curn
1766 4961 1815 5010 alia

1033 5056 1088 5107 eius
1103 5056 1148 5106 uiri
1164 5058 1227 5106 tacta
1243 5070 1388 5113 recensens,
1406 5054 1498 5119 quibus
1511 5054 1604 5118 aliquid
1625 5050 1770 5116 arrogantie
1788 5054 1814 5101 et

1034 5144 1156 5209 superbie
1183 5147 1263 5195 inesse
1284 5144 1424 5203 ridebatur,
1447 5145 1500 5191 tum
1525 5143 1600 5192 eliam
1617 5141 1683 5206 qnod
1707 5142 1759 5206 ipse
1772 5140 1813 5203 qni

1035 5233 1164 5284 concilium
1178 5232 1299 5283 indixerat
1318 5231 1433 5287 abesset,
1451 5243 1508 5280 curn
1526 5232 1610 5280 tamen
1628 5227 1705 5281 ceteri
1728 5238 1813 5278 omnes
