<?xml version="1.0" encoding="UTF-8"?>
<!DOCTYPE html PUBLIC "-//W3C//DTD XHTML 1.0 Transitional//EN"
    "http://www.w3.org/TR/xhtml1/DTD/xhtml1-transitional.dtd">
<html xmlns="http://www.w3.org/1999/xhtml" xml:lang="en" lang="en">
 <head>
  <title>
</title>
<meta http-equiv="Content-Type" content="text/html;charset=utf-8" />
  <meta name='ocr-system' content='tesseract 3.04.00' />
  <meta name='ocr-capabilities' content='ocr_page ocr_carea ocr_par ocr_line ocrx_word'/>
</head>
<body>
  <div class='ocr_page' id='page_1' title='image "./dionysiihalicar00prougoog/dionysiihalicar00prougoog_0151.png"; bbox 0 0 3772 5828; ppageno 0'>
   <div class='ocr_carea' id='block_1_1' title="bbox 590 373 1225 448">
    <p class='ocr_par' dir='ltr' id='par_1_1' title="bbox 590 373 1225 448">
     <span class='ocr_line' id='line_1_1' title="bbox 590 373 1225 448; baseline -0.006 -13"><span class='ocrx_word' id='word_1_1' title='bbox 590 373 882 448; x_wconf 69' lang='lat' dir='ltr'>annuntiarunt</span> <span class='ocrx_word' id='word_1_2' title='bbox 906 374 1056 434; x_wconf 69' lang='lat' dir='ltr'>laetenti.</span> <span class='ocrx_word' id='word_1_3' title='bbox 1082 376 1154 434; x_wconf 75' lang='grc' dir='ltr'>ΗΒ.</span> <span class='ocrx_word' id='word_1_4' title='bbox 1176 375 1225 433; x_wconf 81' lang='grc' dir='ltr'><strong>ΙΙΙ.</strong></span> 
     </span>
    </p>
   </div>
   <div class='ocr_carea' id='block_1_2' title="bbox 38 505 874 4979">
    <p class='ocr_par' dir='ltr' id='par_1_2' title="bbox 38 505 874 4979">
     <span class='ocr_line' id='line_1_2' title="bbox 93 505 868 590; baseline -0.009 -21"><span class='ocrx_word' id='word_1_5' title='bbox 93 509 176 590; x_wconf 77' lang='grc' dir='ltr'>άργθς</span> <span class='ocrx_word' id='word_1_6' title='bbox 189 510 330 579; x_wconf 76' lang='grc' dir='ltr'>διαστῆσαι</span> <span class='ocrx_word' id='word_1_7' title='bbox 342 505 387 573; x_wconf 81' lang='grc' dir='ltr'>τάς</span> <span class='ocrx_word' id='word_1_8' title='bbox 399 505 505 583; x_wconf 68' lang='grc' dir='ltr'>πόλεις,</span> <span class='ocrx_word' id='word_1_9' title='bbox 520 506 566 564; x_wconf 78' lang='grc' dir='ltr'>καί</span> <span class='ocrx_word' id='word_1_10' title='bbox 579 505 621 565; x_wconf 81' lang='grc' dir='ltr'>δεδι</span> <span class='ocrx_word' id='word_1_11' title='bbox 635 511 710 564; x_wconf 80' lang='grc' dir='ltr'>τοῦτο</span> <span class='ocrx_word' id='word_1_12' title='bbox 723 509 770 576; x_wconf 74' lang='grc' dir='ltr'>τῆς</span> <span class='ocrx_word' id='word_1_13' title='bbox 785 507 868 583; x_wconf 66' lang='grc' dir='ltr'>ἀρχῆς</span> 
     </span>
     <span class='ocr_line' id='line_1_3' title="bbox 94 591 868 675; baseline -0.01 -17"><span class='ocrx_word' id='word_1_14' title='bbox 94 597 161 675; x_wconf 82' lang='grc' dir='ltr'>μετά</span> <span class='ocrx_word' id='word_1_15' title='bbox 171 597 215 657; x_wconf 87' lang='grc' dir='ltr'>τόν</span> <span class='ocrx_word' id='word_1_16' title='bbox 229 594 368 658; x_wconf 86' lang='grc' dir='ltr'>Ιίλουελίου</span> <span class='ocrx_word' id='word_1_17' title='bbox 381 594 490 654; x_wconf 86' lang='grc' dir='ltr'>θάνατον</span> <span class='ocrx_word' id='word_1_18' title='bbox 502 593 632 671; x_wconf 81' lang='grc' dir='ltr'>ἀξιωθεὶς,</span> <span class='ocrx_word' id='word_1_19' title='bbox 643 591 733 663; x_wconf 75' lang='grc' dir='ltr'>ἐπειδὴ</span> <span class='ocrx_word' id='word_1_20' title='bbox 743 596 789 664; x_wconf 77' lang='grc' dir='ltr'>τῆς</span> <span class='ocrx_word' id='word_1_21' title='bbox 806 597 868 670; x_wconf 81' lang='grc' dir='ltr'>ήγε·</span> 
     </span>
     <span class='ocr_line' id='line_1_4' title="bbox 94 673 868 763; baseline -0.009 -18"><span class='ocrx_word' id='word_1_22' title='bbox 94 686 185 761; x_wconf 85' lang='grc' dir='ltr'>μανίας</span> <span class='ocrx_word' id='word_1_23' title='bbox 198 684 290 763; x_wconf 83' lang='grc' dir='ltr'>ίτυχε,</span> <span class='ocrx_word' id='word_1_24' title='bbox 304 684 350 742; x_wconf 86' lang='grc' dir='ltr'>καί</span> <span class='ocrx_word' id='word_1_25' title='bbox 364 681 402 739; x_wconf 82' lang='grc' dir='ltr'>δυ’</span> <span class='ocrx_word' id='word_1_26' title='bbox 424 673 456 751; x_wconf 75' lang='grc' dir='ltr'>ήν</span> <span class='ocrx_word' id='word_1_27' title='bbox 472 683 499 740; x_wconf 79' lang='grc' dir='ltr'>έν</span> <span class='ocrx_word' id='word_1_28' title='bbox 522 690 574 748; x_wconf 89' lang='grc' dir='ltr'>τοῖς</span> <span class='ocrx_word' id='word_1_29' title='bbox 594 681 733 760; x_wconf 79' lang='grc' dir='ltr'>πράγμασι</span> <span class='ocrx_word' id='word_1_30' title='bbox 755 681 868 759; x_wconf 77' lang='grc' dir='ltr'>δυσχερῆ</span> 
     </span>
     <span class='ocr_line' id='line_1_5' title="bbox 94 767 870 852; baseline -0.012 -18"><span class='ocrx_word' id='word_1_31' title='bbox 94 775 138 834; x_wconf 83' lang='grc' dir='ltr'>καὶ</span> <span class='ocrx_word' id='word_1_32' title='bbox 153 773 243 852; x_wconf 84' lang='grc' dir='ltr'>άπυρα</span> <span class='ocrx_word' id='word_1_33' title='bbox 258 772 391 842; x_wconf 87' lang='grc' dir='ltr'>συνεῖδεν,</span> <span class='ocrx_word' id='word_1_34' title='bbox 405 767 491 830; x_wconf 85' lang='grc' dir='ltr'>οὐκέτι</span> <span class='ocrx_word' id='word_1_35' title='bbox 513 770 637 845; x_wconf 74' lang='grc' dir='ltr'>διέμεινεν</span> <span class='ocrx_word' id='word_1_36' title='bbox 652 768 696 828; x_wconf 74' lang='grc' dir='ltr'>ἐπὶ</span> <span class='ocrx_word' id='word_1_37' title='bbox 715 769 767 834; x_wconf 79' lang='grc' dir='ltr'>τοῖς</span> <span class='ocrx_word' id='word_1_38' title='bbox 783 769 870 832; x_wconf 80' lang='grc' dir='ltr'>αὐτοῖς</span> 
     </span>
     <span class='ocr_line' id='line_1_6' title="bbox 95 855 869 943; baseline -0.013 -21"><span class='ocrx_word' id='word_1_39' title='bbox 95 861 289 943; x_wconf 74' lang='grc' dir='ltr'>βουλεύμασιν,</span> <span class='ocrx_word' id='word_1_40' title='bbox 305 859 365 917; x_wconf 76' lang='grc' dir='ltr'>ἀλλ’</span> <span class='ocrx_word' id='word_1_41' title='bbox 381 862 416 926; x_wconf 87' lang='grc' dir='ltr'>είς</span> <span class='ocrx_word' id='word_1_42' title='bbox 431 855 562 924; x_wconf 83' lang='grc' dir='ltr'>άναόσλθις</span> <span class='ocrx_word' id='word_1_43' title='bbox 578 859 623 916; x_wconf 82' lang='grc' dir='ltr'>καὶ</span> <span class='ocrx_word' id='word_1_44' title='bbox 644 856 780 936; x_wconf 79' lang='grc' dir='ltr'>διατριόάς</span> <span class='ocrx_word' id='word_1_45' title='bbox 797 855 869 932; x_wconf 82' lang='grc' dir='ltr'>ἄγειν</span> 
     </span>
     <span class='ocr_line' id='line_1_7' title="bbox 92 943 867 1029; baseline -0.009 -21"><span class='ocrx_word' id='word_1_46' title='bbox 92 950 165 1021; x_wconf 81' lang='grc' dir='ltr'>ήξίυυ</span> <span class='ocrx_word' id='word_1_47' title='bbox 178 947 212 1008; x_wconf 78' lang='grc' dir='ltr'>τά</span> <span class='ocrx_word' id='word_1_48' title='bbox 225 949 385 1027; x_wconf 89' lang='grc' dir='ltr'>πράγματα,</span> <span class='ocrx_word' id='word_1_49' title='bbox 400 948 466 1025; x_wconf 76' lang='grc' dir='ltr'>όριῗιν</span> <span class='ocrx_word' id='word_1_50' title='bbox 480 944 538 1005; x_wconf 84' lang='grc' dir='ltr'>οὔτε</span> <span class='ocrx_word' id='word_1_51' title='bbox 552 947 610 1012; x_wconf 82' lang='grc' dir='ltr'>τοὺς</span> <span class='ocrx_word' id='word_1_52' title='bbox 627 944 765 1010; x_wconf 79' lang='grc' dir='ltr'>Ἀλόανσθς</span> <span class='ocrx_word' id='word_1_53' title='bbox 780 943 867 1029; x_wconf 80' lang='grc' dir='ltr'>ἅπαν-</span> 
     </span>
     <span class='ocr_line' id='line_1_8' title="bbox 92 1032 868 1115; baseline -0.009 -18"><span class='ocrx_word' id='word_1_54' title='bbox 92 1062 142 1105; x_wconf 90' lang='grc' dir='ltr'>τας</span> <span class='ocrx_word' id='word_1_55' title='bbox 169 1037 259 1115; x_wconf 84' lang='grc' dir='ltr'>θμοίαν</span> <span class='ocrx_word' id='word_1_56' title='bbox 285 1036 393 1114; x_wconf 73' lang='grc' dir='ltr'>ἔχοντας</span> <span class='ocrx_word' id='word_1_57' title='bbox 416 1034 454 1092; x_wconf 82' lang='grc' dir='ltr'>έτε</span> <span class='ocrx_word' id='word_1_58' title='bbox 476 1033 623 1112; x_wconf 74' lang='grc' dir='ltr'>προθυμίαν</span> <span class='ocrx_word' id='word_1_59' title='bbox 646 1033 710 1114; x_wconf 80' lang='grc' dir='ltr'>πρός</span> <span class='ocrx_word' id='word_1_60' title='bbox 734 1032 868 1109; x_wconf 86' lang='grc' dir='ltr'>πόλεμον,</span> 
     </span>
     <span class='ocr_line' id='line_1_9' title="bbox 95 1120 868 1203; baseline -0.006 -18"><span class='ocrx_word' id='word_1_61' title='bbox 95 1128 154 1187; x_wconf 83' lang='grc' dir='ltr'>οὔτε</span> <span class='ocrx_word' id='word_1_62' title='bbox 167 1125 201 1184; x_wconf 81' lang='grc' dir='ltr'>τὰ</span> <span class='ocrx_word' id='word_1_63' title='bbox 221 1122 309 1203; x_wconf 80' lang='grc' dir='ltr'>σφάγι’</span> <span class='ocrx_word' id='word_1_64' title='bbox 323 1123 402 1181; x_wconf 82' lang='grc' dir='ltr'>όπότε</span> <span class='ocrx_word' id='word_1_65' title='bbox 417 1123 502 1181; x_wconf 78' lang='grc' dir='ltr'>θύοιτο</span> <span class='ocrx_word' id='word_1_66' title='bbox 520 1124 580 1200; x_wconf 84' lang='grc' dir='ltr'>περὶ</span> <span class='ocrx_word' id='word_1_67' title='bbox 601 1122 689 1200; x_wconf 77' lang='grc' dir='ltr'>μάχης</span> <span class='ocrx_word' id='word_1_68' title='bbox 709 1120 779 1179; x_wconf 80' lang='grc' dir='ltr'>καλά</span> <span class='ocrx_word' id='word_1_69' title='bbox 798 1121 868 1197; x_wconf 88' lang='grc' dir='ltr'>γινό-</span> 
     </span>
     <span class='ocr_line' id='line_1_10' title="bbox 95 1208 871 1289; baseline -0.005 -18"><span class='ocrx_word' id='word_1_70' title='bbox 95 1233 176 1284; x_wconf 87' lang='grc' dir='ltr'>μενα·</span> <span class='ocrx_word' id='word_1_71' title='bbox 196 1214 321 1270; x_wconf 85' lang='grc' dir='ltr'>τελευτῶν</span> <span class='ocrx_word' id='word_1_72' title='bbox 341 1210 428 1269; x_wconf 78' lang='grc' dir='ltr'>δὲκαὶ</span> <span class='ocrx_word' id='word_1_73' title='bbox 448 1214 483 1276; x_wconf 79' lang='grc' dir='ltr'>εἰς</span> <span class='ocrx_word' id='word_1_74' title='bbox 507 1208 675 1288; x_wconf 82' lang='grc' dir='ltr'>καταλλαγάς</span> <span class='ocrx_word' id='word_1_75' title='bbox 691 1209 758 1288; x_wconf 84' lang='grc' dir='ltr'>ίγνω</span> <span class='ocrx_word' id='word_1_76' title='bbox 772 1232 871 1289; x_wconf 88' lang='grc' dir='ltr'>προκα-</span> 
     </span>
     <span class='ocr_line' id='line_1_11' title="bbox 95 1297 870 1379; baseline -0.01 -18"><span class='ocrx_word' id='word_1_77' title='bbox 95 1303 196 1361; x_wconf 85' lang='grc' dir='ltr'>λεῖσθαι</span> <span class='ocrx_word' id='word_1_78' title='bbox 210 1301 269 1366; x_wconf 78' lang='grc' dir='ltr'>τοὺς</span> <span class='ocrx_word' id='word_1_79' title='bbox 285 1299 427 1376; x_wconf 87' lang='grc' dir='ltr'>πολεμίους</span> <span class='ocrx_word' id='word_1_80' title='bbox 439 1297 563 1379; x_wconf 89' lang='grc' dir='ltr'>πρότερος</span> <span class='ocrx_word' id='word_1_81' title='bbox 582 1298 870 1378; x_wconf 74' lang='grc' dir='ltr'>ἐπικηρυκευσάμενος,</span> 
     </span>
     <span class='ocr_line' id='line_1_12' title="bbox 96 1386 871 1465; baseline -0.005 -17"><span class='ocrx_word' id='word_1_82' title='bbox 96 1390 185 1464; x_wconf 73' lang='lat' dir='ltr'>pello</span> <span class='ocrx_word' id='word_1_83' title='bbox 206 1389 250 1446; x_wconf 81' lang='grc' dir='ltr'>τόν</span> <span class='ocrx_word' id='word_1_84' title='bbox 273 1386 484 1465; x_wconf 75' lang='grc' dir='ltr'>ἐπικρεμάμενον</span> <span class='ocrx_word' id='word_1_85' title='bbox 510 1387 601 1454; x_wconf 71' lang='grc' dir='ltr'>ἔξωθεν</span> <span class='ocrx_word' id='word_1_86' title='bbox 624 1386 759 1453; x_wconf 81' lang='grc' dir='ltr'>Ἀλόανοῖς</span> <span class='ocrx_word' id='word_1_87' title='bbox 779 1386 871 1444; x_wconf 77' lang='grc' dir='ltr'>τεκαὶ</span> 
     </span>
     <span class='ocr_line' id='line_1_13' title="bbox 95 1474 870 1554; baseline -0.012 -14"><span class='ocrx_word' id='word_1_88' title='bbox 95 1477 240 1553; x_wconf 87' lang='grc' dir='ltr'>Ῥωμαίοις</span> <span class='ocrx_word' id='word_1_89' title='bbox 256 1476 390 1550; x_wconf 89' lang='grc' dir='ltr'>κίνδυνον,</span> <span class='ocrx_word' id='word_1_90' title='bbox 411 1480 434 1535; x_wconf 84' lang='grc' dir='ltr'>εί</span> <span class='ocrx_word' id='word_1_91' title='bbox 456 1474 494 1554; x_wconf 74' lang='grc' dir='ltr'>μή</span> <span class='ocrx_word' id='word_1_92' title='bbox 509 1477 661 1535; x_wconf 81' lang='grc' dir='ltr'>σπείσονται</span> <span class='ocrx_word' id='word_1_93' title='bbox 680 1476 725 1534; x_wconf 83' lang='grc' dir='ltr'>τόν</span> <span class='ocrx_word' id='word_1_94' title='bbox 742 1474 806 1554; x_wconf 86' lang='grc' dir='ltr'>πρός</span> <span class='ocrx_word' id='word_1_95' title='bbox 822 1475 870 1532; x_wconf 90' lang='grc' dir='ltr'>άλ-</span> 
     </span>
     <span class='ocr_line' id='line_1_14' title="bbox 94 1561 870 1645; baseline -0.004 -21"><span class='ocrx_word' id='word_1_96' title='bbox 94 1566 190 1638; x_wconf 87' lang='grc' dir='ltr'>λήλους</span> <span class='ocrx_word' id='word_1_97' title='bbox 207 1565 340 1642; x_wconf 88' lang='grc' dir='ltr'>πόλεμον,</span> <span class='ocrx_word' id='word_1_98' title='bbox 357 1565 470 1645; x_wconf 76' lang='grc' dir='ltr'>ἄφυκτον</span> <span class='ocrx_word' id='word_1_99' title='bbox 485 1563 565 1643; x_wconf 86' lang='grc' dir='ltr'>όντα,</span> <span class='ocrx_word' id='word_1_100' title='bbox 583 1563 609 1629; x_wconf 83' lang='grc' dir='ltr'>ὃς</span> <span class='ocrx_word' id='word_1_101' title='bbox 627 1563 737 1641; x_wconf 76' lang='grc' dir='ltr'>ἔμελλεν</span> <span class='ocrx_word' id='word_1_102' title='bbox 753 1561 870 1644; x_wconf 86' lang='grc' dir='ltr'>άμροτέ-</span> 
     </span>
     <span class='ocr_line' id='line_1_15' title="bbox 96 1643 829 1735; baseline -0.004 -22"><span class='ocrx_word' id='word_1_103' title='bbox 96 1679 142 1733; x_wconf 89' lang='grc' dir='ltr'>ρας</span> <span class='ocrx_word' id='word_1_104' title='bbox 157 1654 360 1735; x_wconf 80' lang='grc' dir='ltr'>ἀναρπάσασθαι</span> <span class='ocrx_word' id='word_1_105' title='bbox 372 1651 418 1720; x_wconf 78' lang='grc' dir='ltr'>τάς</span> <span class='ocrx_word' id='word_1_106' title='bbox 433 1652 562 1728; x_wconf 86' lang='grc' dir='ltr'>δυνάμεις.</span> <span class='ocrx_word' id='word_1_107' title='bbox 604 1643 660 1712; x_wconf 75' lang='grc' dir='ltr'>Ἦν</span> <span class='ocrx_word' id='word_1_108' title='bbox 673 1653 700 1710; x_wconf 80' lang='grc' dir='ltr'>δέ</span> <span class='ocrx_word' id='word_1_109' title='bbox 716 1651 829 1711; x_wconf 84' lang='grc' dir='ltr'>τοιόσδε.</span> 
     </span>
     <span class='ocr_line' id='line_1_16' title="bbox 134 1740 868 1820; baseline -0.007 -19"><span class='ocrx_word' id='word_1_110' title='bbox 134 1744 187 1806; x_wconf 85' lang='lat' dir='ltr'>Vl.</span> <span class='ocrx_word' id='word_1_111' title='bbox 200 1740 355 1802; x_wconf 84' lang='grc' dir='ltr'>Ούῖεντανσί</span> <span class='ocrx_word' id='word_1_112' title='bbox 365 1740 410 1800; x_wconf 78' lang='grc' dir='ltr'>καί</span> <span class='ocrx_word' id='word_1_113' title='bbox 422 1743 562 1812; x_wconf 82' lang='grc' dir='ltr'>Φιδηναῖοι</span> <span class='ocrx_word' id='word_1_114' title='bbox 573 1741 690 1820; x_wconf 83' lang='grc' dir='ltr'>μεγάλας</span> <span class='ocrx_word' id='word_1_115' title='bbox 701 1740 746 1797; x_wconf 81' lang='grc' dir='ltr'>καί</span> <span class='ocrx_word' id='word_1_116' title='bbox 755 1740 868 1797; x_wconf 82' lang='grc' dir='ltr'>πολυαν·</span> 
     </span>
     <span class='ocr_line' id='line_1_17' title="bbox 96 1827 872 1910; baseline -0.006 -21"><span class='ocrx_word' id='word_1_117' title='bbox 96 1829 214 1910; x_wconf 83' lang='grc' dir='ltr'>θρόνπσυς</span> <span class='ocrx_word' id='word_1_118' title='bbox 229 1829 333 1909; x_wconf 74' lang='grc' dir='ltr'>ἔχοντες</span> <span class='ocrx_word' id='word_1_119' title='bbox 343 1828 444 1900; x_wconf 81' lang='grc' dir='ltr'>πολεις,</span> <span class='ocrx_word' id='word_1_120' title='bbox 459 1830 503 1887; x_wconf 71' lang='lat' dir='ltr'>tet</span> <span class='ocrx_word' id='word_1_121' title='bbox 519 1829 565 1902; x_wconf 80' lang='grc' dir='ltr'>μέν</span> <span class='ocrx_word' id='word_1_122' title='bbox 581 1833 626 1900; x_wconf 76' lang='grc' dir='ltr'>τῆς</span> <span class='ocrx_word' id='word_1_123' title='bbox 637 1827 776 1902; x_wconf 83' lang='grc' dir='ltr'>Ῥωμύλου</span> <span class='ocrx_word' id='word_1_124' title='bbox 792 1830 872 1906; x_wconf 85' lang='grc' dir='ltr'>βασι-</span> 
     </span>
     <span class='ocr_line' id='line_1_18' title="bbox 98 1913 871 1997; baseline -0.005 -21"><span class='ocrx_word' id='word_1_125' title='bbox 98 1917 168 1983; x_wconf 85' lang='grc' dir='ltr'>Λείας</span> <span class='ocrx_word' id='word_1_126' title='bbox 176 1919 212 1984; x_wconf 85' lang='grc' dir='ltr'>είς</span> <span class='ocrx_word' id='word_1_127' title='bbox 222 1919 336 1992; x_wconf 87' lang='grc' dir='ltr'>πόλεμον</span> <span class='ocrx_word' id='word_1_128' title='bbox 347 1915 412 1995; x_wconf 71' lang='grc' dir='ltr'>ὑπὲρ</span> <span class='ocrx_word' id='word_1_129' title='bbox 421 1918 504 1997; x_wconf 69' lang='grc' dir='ltr'>ἀρχῆς</span> <span class='ocrx_word' id='word_1_130' title='bbox 512 1915 557 1974; x_wconf 83' lang='grc' dir='ltr'>καλ</span> <span class='ocrx_word' id='word_1_131' title='bbox 568 1913 720 1982; x_wconf 89' lang='grc' dir='ltr'>δυναστείας</span> <span class='ocrx_word' id='word_1_132' title='bbox 725 1913 871 1992; x_wconf 84' lang='grc' dir='ltr'>Ῥωμαίοις</span> 
     </span>
     <span class='ocr_line' id='line_1_19' title="bbox 97 1993 872 2085; baseline -0.001 -24"><span class='ocrx_word' id='word_1_133' title='bbox 97 2003 283 2077; x_wconf 87' lang='grc' dir='ltr'>κατέστησαν,</span> <span class='ocrx_word' id='word_1_134' title='bbox 299 2006 326 2062; x_wconf 77' lang='grc' dir='ltr'>ἐν</span> <span class='ocrx_word' id='word_1_135' title='bbox 342 1993 364 2085; x_wconf 75' lang='grc' dir='ltr'>ᾧ</span> <span class='ocrx_word' id='word_1_136' title='bbox 379 2004 478 2070; x_wconf 77' lang='grc' dir='ltr'>πολλάς</span> <span class='ocrx_word' id='word_1_137' title='bbox 493 2003 668 2069; x_wconf 77' lang='grc' dir='ltr'>ἀπολέσαντες</span> <span class='ocrx_word' id='word_1_138' title='bbox 683 2002 804 2080; x_wconf 88' lang='grc' dir='ltr'>δυνάμεις</span> <span class='ocrx_word' id='word_1_139' title='bbox 819 2004 872 2078; x_wconf 87' lang='grc' dir='ltr'>άμ·</span> 
     </span>
     <span class='ocr_line' id='line_1_20' title="bbox 98 2090 872 2173; baseline -0.005 -22"><span class='ocrx_word' id='word_1_140' title='bbox 98 2092 215 2172; x_wconf 74' lang='grc' dir='ltr'>ρότερσι,</span> <span class='ocrx_word' id='word_1_141' title='bbox 233 2093 277 2150; x_wconf 86' lang='grc' dir='ltr'>καὶ</span> <span class='ocrx_word' id='word_1_142' title='bbox 292 2092 380 2173; x_wconf 78' lang='grc' dir='ltr'>χώρας</span> <span class='ocrx_word' id='word_1_143' title='bbox 392 2092 540 2171; x_wconf 81' lang='grc' dir='ltr'>ἀποδασμῷ</span> <span class='ocrx_word' id='word_1_144' title='bbox 554 2091 742 2169; x_wconf 80' lang='grc' dir='ltr'>ζημιωθέντες,</span> <span class='ocrx_word' id='word_1_145' title='bbox 759 2090 872 2161; x_wconf 80' lang='grc' dir='ltr'>ὑπήκοοι</span> 
     </span>
     <span class='ocr_line' id='line_1_21' title="bbox 41 2169 872 2260; baseline -0.005 -23"><span class='ocrx_word' id='word_1_146' title='bbox 41 2197 54 2231; x_wconf 79' lang='lat'>2</span> <span class='ocrx_word' id='word_1_147' title='bbox 98 2183 152 2247; x_wconf 82' lang='grc' dir='ltr'>τοῖς</span> <span class='ocrx_word' id='word_1_148' title='bbox 164 2180 352 2260; x_wconf 78' lang='grc' dir='ltr'>κεκρατηκόσιν</span> <span class='ocrx_word' id='word_1_149' title='bbox 363 2181 568 2255; x_wconf 74' lang='grc' dir='ltr'>ἠναγκάσθησαν</span> <span class='ocrx_word' id='word_1_150' title='bbox 576 2178 711 2258; x_wconf 87' lang='grc' dir='ltr'>γενέσθαι·</span> <span class='ocrx_word' id='word_1_151' title='bbox 723 2178 783 2258; x_wconf 82' lang='grc' dir='ltr'>περί</span> <span class='ocrx_word' id='word_1_152' title='bbox 796 2169 833 2237; x_wconf 75' lang='grc' dir='ltr'>ὧν</span> <span class='ocrx_word' id='word_1_153' title='bbox 846 2179 872 2237; x_wconf 82' lang='grc' dir='ltr'>έν</span> 
     </span>
     <span class='ocr_line' id='line_1_22' title="bbox 98 2265 873 2349; baseline -0.008 -21"><span class='ocrx_word' id='word_1_154' title='bbox 98 2273 131 2348; x_wconf 81' lang='grc' dir='ltr'>τῇ</span> <span class='ocrx_word' id='word_1_155' title='bbox 153 2267 205 2348; x_wconf 85' lang='grc' dir='ltr'>πρό</span> <span class='ocrx_word' id='word_1_156' title='bbox 225 2267 323 2342; x_wconf 79' lang='grc' dir='ltr'>ταύτης</span> <span class='ocrx_word' id='word_1_157' title='bbox 337 2269 473 2340; x_wconf 87' lang='grc' dir='ltr'>δεδήλωκα</span> <span class='ocrx_word' id='word_1_158' title='bbox 488 2272 577 2349; x_wconf 79' lang='grc' dir='ltr'>γραρῇ</span> <span class='ocrx_word' id='word_1_159' title='bbox 596 2267 626 2325; x_wconf 83' lang='grc' dir='ltr'>τό</span> <span class='ocrx_word' id='word_1_160' title='bbox 649 2265 764 2345; x_wconf 81' lang='grc' dir='ltr'>εἰκριθίς.</span> <span class='ocrx_word' id='word_1_161' title='bbox 808 2265 873 2326; x_wconf 82' lang='grc' dir='ltr'>Ἐπί</span> 
     </span>
     <span class='ocr_line' id='line_1_23' title="bbox 98 2353 873 2432; baseline 0 -20"><span class='ocrx_word' id='word_1_162' title='bbox 98 2358 125 2415; x_wconf 80' lang='grc' dir='ltr'>δὲ</span> <span class='ocrx_word' id='word_1_163' title='bbox 139 2360 186 2427; x_wconf 71' lang='grc' dir='ltr'>τῆς</span> <span class='ocrx_word' id='word_1_164' title='bbox 200 2357 281 2431; x_wconf 85' lang='grc' dir='ltr'>Νόμα</span> <span class='ocrx_word' id='word_1_165' title='bbox 297 2357 450 2432; x_wconf 76' lang='grc' dir='ltr'>Πομπιλίου</span> <span class='ocrx_word' id='word_1_166' title='bbox 464 2354 617 2420; x_wconf 81' lang='grc' dir='ltr'>δυναστείας</span> <span class='ocrx_word' id='word_1_167' title='bbox 631 2353 735 2432; x_wconf 75' lang='grc' dir='ltr'>εἰρήνης</span> <span class='ocrx_word' id='word_1_168' title='bbox 753 2353 873 2412; x_wconf 83' lang='grc' dir='ltr'>άπολαύ-</span> 
     </span>
     <span class='ocr_line' id='line_1_24' title="bbox 97 2439 873 2522; baseline -0.005 -22"><span class='ocrx_word' id='word_1_169' title='bbox 97 2465 188 2510; x_wconf 87' lang='grc' dir='ltr'>σαντες</span> <span class='ocrx_word' id='word_1_170' title='bbox 210 2442 323 2522; x_wconf 84' lang='grc' dir='ltr'>βεόαίυυ</span> <span class='ocrx_word' id='word_1_171' title='bbox 339 2440 440 2510; x_wconf 78' lang='grc' dir='ltr'>πολλήν</span> <span class='ocrx_word' id='word_1_172' title='bbox 457 2442 535 2518; x_wconf 71' lang='grc' dir='ltr'>ἔσχον</span> <span class='ocrx_word' id='word_1_173' title='bbox 555 2441 671 2498; x_wconf 71' lang='grc' dir='ltr'>ἐπίδοσιν</span> <span class='ocrx_word' id='word_1_174' title='bbox 686 2441 721 2504; x_wconf 82' lang='grc' dir='ltr'>είς</span> <span class='ocrx_word' id='word_1_175' title='bbox 736 2439 873 2518; x_wconf 81' lang='grc' dir='ltr'>εὐανδρίαν</span> 
     </span>
     <span class='ocr_line' id='line_1_25' title="bbox 98 2524 874 2602; baseline -0.001 -17"><span class='ocrx_word' id='word_1_176' title='bbox 98 2552 127 2586; x_wconf 87' lang='grc' dir='ltr'>τε</span> <span class='ocrx_word' id='word_1_177' title='bbox 142 2530 186 2587; x_wconf 82' lang='grc' dir='ltr'>καί</span> <span class='ocrx_word' id='word_1_178' title='bbox 200 2532 313 2587; x_wconf 78' lang='grc' dir='ltr'>πλοῦτον</span> <span class='ocrx_word' id='word_1_179' title='bbox 328 2531 373 2586; x_wconf 79' lang='grc' dir='ltr'>καί</span> <span class='ocrx_word' id='word_1_180' title='bbox 384 2528 432 2596; x_wconf 79' lang='grc' dir='ltr'>τήν</span> <span class='ocrx_word' id='word_1_181' title='bbox 446 2527 528 2599; x_wconf 87' lang='grc' dir='ltr'>άλλην</span> <span class='ocrx_word' id='word_1_182' title='bbox 543 2524 721 2602; x_wconf 81' lang='grc' dir='ltr'>εὐδαιμονίαν.</span> <span class='ocrx_word' id='word_1_183' title='bbox 766 2524 874 2592; x_wconf 85' lang='grc' dir='ltr'>Τούτοις</span> 
     </span>
     <span class='ocr_line' id='line_1_26' title="bbox 101 2605 874 2694; baseline 0 -22"><span class='ocrx_word' id='word_1_184' title='bbox 101 2616 133 2686; x_wconf 80' lang='grc' dir='ltr'>δή</span> <span class='ocrx_word' id='word_1_185' title='bbox 149 2620 202 2683; x_wconf 84' lang='grc' dir='ltr'>τοῖς</span> <span class='ocrx_word' id='word_1_186' title='bbox 217 2619 321 2692; x_wconf 80' lang='grc' dir='ltr'>ἀγαθοῖς</span> <span class='ocrx_word' id='word_1_187' title='bbox 337 2616 510 2694; x_wconf 78' lang='grc' dir='ltr'>ἐπαρθέντες,</span> <span class='ocrx_word' id='word_1_188' title='bbox 526 2615 672 2694; x_wconf 73' lang='grc' dir='ltr'>ἐλευθερίας</span> <span class='ocrx_word' id='word_1_189' title='bbox 685 2614 708 2671; x_wconf 82' lang='grc' dir='ltr'>τ’</span> <span class='ocrx_word' id='word_1_190' title='bbox 723 2605 795 2679; x_wconf 69' lang='grc' dir='ltr'>αὖθις</span> <span class='ocrx_word' id='word_1_191' title='bbox 807 2614 874 2692; x_wconf 69' lang='lat' dir='ltr'>‹iupi-</span> 
     </span>
     <span class='ocr_line' id='line_1_27' title="bbox 99 2701 874 2783; baseline -0.004 -20"><span class='ocrx_word' id='word_1_192' title='bbox 99 2726 175 2778; x_wconf 88' lang='grc' dir='ltr'>γοντα</span> <span class='ocrx_word' id='word_1_193' title='bbox 199 2704 244 2763; x_wconf 78' lang='grc' dir='ltr'>καί</span> <span class='ocrx_word' id='word_1_194' title='bbox 275 2703 386 2783; x_wconf 64' lang='grc' dir='ltr'>φρόνημ’</span> <span class='ocrx_word' id='word_1_195' title='bbox 412 2702 560 2779; x_wconf 78' lang='grc' dir='ltr'>έλάμόανον</span> <span class='ocrx_word' id='word_1_196' title='bbox 591 2701 764 2782; x_wconf 69' lang='grc' dir='ltr'>ὑψηλότερον,</span> <span class='ocrx_word' id='word_1_197' title='bbox 788 2723 874 2779; x_wconf 86' lang='grc' dir='ltr'>παρε-</span> 
     </span>
     <span class='ocr_line' id='line_1_28' title="bbox 98 2789 874 2869; baseline -0.001 -20"><span class='ocrx_word' id='word_1_198' title='bbox 98 2790 256 2859; x_wconf 79' lang='grc' dir='ltr'>σκευάζοντό</span> <span class='ocrx_word' id='word_1_199' title='bbox 271 2794 293 2847; x_wconf 90' lang='grc' dir='ltr'>θ’</span> <span class='ocrx_word' id='word_1_200' title='bbox 306 2796 340 2858; x_wconf 84' lang='grc' dir='ltr'>ὡς</span> <span class='ocrx_word' id='word_1_201' title='bbox 354 2791 440 2850; x_wconf 80' lang='grc' dir='ltr'>οὐκέτι</span> <span class='ocrx_word' id='word_1_202' title='bbox 451 2791 594 2869; x_wconf 79' lang='grc' dir='ltr'>Ῥωμαίων</span> <span class='ocrx_word' id='word_1_203' title='bbox 604 2789 776 2869; x_wconf 72' lang='grc' dir='ltr'>ἀκροώμενοι.</span> <span class='ocrx_word' id='word_1_204' title='bbox 799 2789 874 2857; x_wconf 86' lang='grc' dir='ltr'>Τέως</span> 
     </span>
     <span class='ocr_line' id='line_1_29' title="bbox 98 2870 869 2954; baseline -0.001 -17"><span class='ocrx_word' id='word_1_205' title='bbox 98 2878 148 2954; x_wconf 79' lang='grc' dir='ltr'>μέν</span> <span class='ocrx_word' id='word_1_206' title='bbox 165 2870 210 2938; x_wconf 78' lang='grc' dir='ltr'>σόν</span> <span class='ocrx_word' id='word_1_207' title='bbox 226 2878 321 2950; x_wconf 80' lang='grc' dir='ltr'>ἄδηλος</span> <span class='ocrx_word' id='word_1_208' title='bbox 333 2880 420 2938; x_wconf 81' lang='grc' dir='ltr'>αὐτῶν</span> <span class='ocrx_word' id='word_1_209' title='bbox 435 2883 452 2949; x_wconf 83' lang='grc' dir='ltr'>ή</span> <span class='ocrx_word' id='word_1_210' title='bbox 469 2878 569 2939; x_wconf 88' lang='grc' dir='ltr'>διάνοια</span> <span class='ocrx_word' id='word_1_211' title='bbox 581 2881 627 2948; x_wconf 72' lang='grc' dir='ltr'>τῆς</span> <span class='ocrx_word' id='word_1_212' title='bbox 642 2878 812 2946; x_wconf 78' lang='grc' dir='ltr'>ἀποστάσεως</span> <span class='ocrx_word' id='word_1_213' title='bbox 826 2871 869 2952; x_wconf 81' lang='grc' dir='ltr'>ήν,</span> 
     </span>
     <span class='ocr_line' id='line_1_30' title="bbox 95 2965 873 3048; baseline 0.003 -23"><span class='ocrx_word' id='word_1_214' title='bbox 95 2970 122 3025; x_wconf 83' lang='grc' dir='ltr'>έν</span> <span class='ocrx_word' id='word_1_215' title='bbox 138 2965 165 3027; x_wconf 75' lang='grc' dir='ltr'>δὲ</span> <span class='ocrx_word' id='word_1_216' title='bbox 184 2969 222 3048; x_wconf 78' lang='grc' dir='ltr'>τῷ</span> <span class='ocrx_word' id='word_1_217' title='bbox 244 2967 309 3045; x_wconf 88' lang='grc' dir='ltr'>πρός</span> <span class='ocrx_word' id='word_1_218' title='bbox 332 2965 472 3034; x_wconf 78' lang='grc' dir='ltr'>Ἀλόανοθς</span> <span class='ocrx_word' id='word_1_219' title='bbox 493 2966 641 3048; x_wconf 75' lang='grc' dir='ltr'>άρανερώθη</span> <span class='ocrx_word' id='word_1_220' title='bbox 663 2966 783 3048; x_wconf 82' lang='grc' dir='ltr'>πολέμῳ.</span> <span class='ocrx_word' id='word_1_221' title='bbox 826 2965 873 3034; x_wconf 82' lang='grc' dir='ltr'>Ὦς</span> 
     </span>
     <span class='ocr_line' id='line_1_31' title="bbox 95 3053 872 3139; baseline 0.001 -26"><span class='ocrx_word' id='word_1_222' title='bbox 95 3057 145 3136; x_wconf 73' lang='grc' dir='ltr'>γάρ</span> <span class='ocrx_word' id='word_1_223' title='bbox 168 3054 293 3114; x_wconf 83' lang='grc' dir='ltr'>ίπύθσντο</span> <span class='ocrx_word' id='word_1_224' title='bbox 318 3065 485 3139; x_wconf 69' lang='grc' dir='ltr'>πανστρατιᾷ</span> <span class='ocrx_word' id='word_1_225' title='bbox 506 3053 657 3134; x_wconf 87' lang='grc' dir='ltr'>Ῥωμαίους</span> <span class='ocrx_word' id='word_1_226' title='bbox 687 3055 872 3127; x_wconf 72' lang='grc' dir='ltr'>ἐξεληλυθότας</span> 
     </span>
     <span class='ocr_line' id='line_1_32' title="bbox 96 3141 872 3225; baseline 0.001 -23"><span class='ocrx_word' id='word_1_227' title='bbox 96 3144 140 3202; x_wconf 82' lang='grc' dir='ltr'>ἐπί</span> <span class='ocrx_word' id='word_1_228' title='bbox 154 3142 197 3203; x_wconf 84' lang='grc' dir='ltr'>τόν</span> <span class='ocrx_word' id='word_1_229' title='bbox 212 3143 276 3220; x_wconf 84' lang='grc' dir='ltr'>πρὸς</span> <span class='ocrx_word' id='word_1_230' title='bbox 293 3141 431 3211; x_wconf 63' lang='lat' dir='ltr'>’allevate</span> <span class='ocrx_word' id='word_1_231' title='bbox 447 3145 552 3222; x_wconf 73' lang='grc' dir='ltr'>ἀγῶνα,</span> <span class='ocrx_word' id='word_1_232' title='bbox 569 3143 707 3225; x_wconf 88' lang='grc' dir='ltr'>κράτιστον</span> <span class='ocrx_word' id='word_1_233' title='bbox 724 3142 872 3203; x_wconf 82' lang='grc' dir='ltr'>θπσλαόόν·</span> 
     </span>
     <span class='ocr_line' id='line_1_33' title="bbox 97 3229 872 3310; baseline 0 -22"><span class='ocrx_word' id='word_1_234' title='bbox 97 3254 140 3298; x_wconf 86' lang='grc' dir='ltr'>τες</span> <span class='ocrx_word' id='word_1_235' title='bbox 155 3229 290 3310; x_wconf 81' lang='grc' dir='ltr'>είληρέναι</span> <span class='ocrx_word' id='word_1_236' title='bbox 311 3231 401 3309; x_wconf 82' lang='grc' dir='ltr'>καιρόν</span> <span class='ocrx_word' id='word_1_237' title='bbox 416 3230 570 3305; x_wconf 76' lang='grc' dir='ltr'>ἐπιθέσεως,</span> <span class='ocrx_word' id='word_1_238' title='bbox 595 3231 758 3310; x_wconf 83' lang='grc' dir='ltr'>ἀπορρήτους</span> <span class='ocrx_word' id='word_1_239' title='bbox 777 3232 872 3303; x_wconf 79' lang='grc' dir='ltr'>ἐποιή-</span> 
     </span>
     <span class='ocr_line' id='line_1_34' title="bbox 99 3318 871 3397; baseline 0 -20"><span class='ocrx_word' id='word_1_240' title='bbox 99 3340 178 3377; x_wconf 82' lang='grc' dir='ltr'>σαντο</span> <span class='ocrx_word' id='word_1_241' title='bbox 198 3318 241 3376; x_wconf 82' lang='grc' dir='ltr'>διά</span> <span class='ocrx_word' id='word_1_242' title='bbox 268 3321 320 3377; x_wconf 83' lang='grc' dir='ltr'>τῶν</span> <span class='ocrx_word' id='word_1_243' title='bbox 347 3318 538 3379; x_wconf 87' lang='grc' dir='ltr'>δυνατωτάτων</span> <span class='ocrx_word' id='word_1_244' title='bbox 566 3320 665 3397; x_wconf 78' lang='grc' dir='ltr'>ἀνδρῶν</span> <span class='ocrx_word' id='word_1_245' title='bbox 692 3320 871 3393; x_wconf 87' lang='grc' dir='ltr'>συνωμοσίας,</span> 
     </span>
     <span class='ocr_line' id='line_1_35' title="bbox 96 3404 872 3488; baseline 0.003 -26"><span class='ocrx_word' id='word_1_246' title='bbox 96 3405 215 3471; x_wconf 81' lang='grc' dir='ltr'>ἅπαντας</span> <span class='ocrx_word' id='word_1_247' title='bbox 242 3404 302 3471; x_wconf 83' lang='grc' dir='ltr'>τοὺς</span> <span class='ocrx_word' id='word_1_248' title='bbox 331 3407 485 3488; x_wconf 82' lang='grc' dir='ltr'>θπλορσρεῑν</span> <span class='ocrx_word' id='word_1_249' title='bbox 513 3405 670 3482; x_wconf 87' lang='grc' dir='ltr'>δυναμένους</span> <span class='ocrx_word' id='word_1_250' title='bbox 691 3408 727 3471; x_wconf 84' lang='grc' dir='ltr'>είς</span> <span class='ocrx_word' id='word_1_251' title='bbox 752 3404 872 3478; x_wconf 80' lang='grc' dir='ltr'>Φιδήνην</span> 
     </span>
     <span class='ocr_line' id='line_1_36' title="bbox 52 3491 870 3573; baseline -0.002 -21"><span class='ocrx_word' id='word_1_252' title='bbox 52 3516 58 3532; x_wconf 77' lang='grc'>’</span> <span class='ocrx_word' id='word_1_253' title='bbox 95 3495 226 3552; x_wconf 81' lang='grc' dir='ltr'>συνελθεῖν</span> <span class='ocrx_word' id='word_1_254' title='bbox 241 3492 327 3573; x_wconf 79' lang='grc' dir='ltr'>κρύρα</span> <span class='ocrx_word' id='word_1_255' title='bbox 343 3493 388 3552; x_wconf 84' lang='grc' dir='ltr'>καλ</span> <span class='ocrx_word' id='word_1_256' title='bbox 403 3496 462 3552; x_wconf 87' lang='grc' dir='ltr'>κατ’</span> <span class='ocrx_word' id='word_1_257' title='bbox 478 3492 581 3571; x_wconf 86' lang='grc' dir='ltr'>ὀλίγους</span> <span class='ocrx_word' id='word_1_258' title='bbox 597 3492 700 3565; x_wconf 82' lang='grc' dir='ltr'>ἰόντας,</span> <span class='ocrx_word' id='word_1_259' title='bbox 712 3495 747 3558; x_wconf 84' lang='grc' dir='ltr'>ὡς</span> <span class='ocrx_word' id='word_1_260' title='bbox 762 3492 794 3550; x_wconf 81' lang='grc' dir='ltr'>θν</span> <span class='ocrx_word' id='word_1_261' title='bbox 807 3491 870 3563; x_wconf 81' lang='grc' dir='ltr'>ἥκε-</span> 
     </span>
     <span class='ocr_line' id='line_1_37' title="bbox 95 3579 872 3658; baseline 0.006 -25"><span class='ocrx_word' id='word_1_262' title='bbox 95 3600 149 3634; x_wconf 78' lang='grc' dir='ltr'>στα</span> <span class='ocrx_word' id='word_1_263' title='bbox 172 3579 283 3656; x_wconf 83' lang='grc' dir='ltr'>γένοιντο</span> <span class='ocrx_word' id='word_1_264' title='bbox 301 3591 354 3647; x_wconf 88' lang='grc' dir='ltr'>τοῖς</span> <span class='ocrx_word' id='word_1_265' title='bbox 370 3580 613 3652; x_wconf 80' lang='grc' dir='ltr'>ἐπιόουλευσμένσις</span> <span class='ocrx_word' id='word_1_266' title='bbox 627 3588 803 3658; x_wconf 81' lang='grc' dir='ltr'>καταρανεῑς,</span> <span class='ocrx_word' id='word_1_267' title='bbox 819 3582 872 3638; x_wconf 78' lang='grc' dir='ltr'>ἐκεῖ</span> 
     </span>
     <span class='ocr_line' id='line_1_38' title="bbox 98 3665 870 3746; baseline 0.003 -25"><span class='ocrx_word' id='word_1_268' title='bbox 98 3667 123 3721; x_wconf 83' lang='grc' dir='ltr'>δ’</span> <span class='ocrx_word' id='word_1_269' title='bbox 146 3669 317 3742; x_wconf 81' lang='grc' dir='ltr'>ὑπομένοντας</span> <span class='ocrx_word' id='word_1_270' title='bbox 337 3667 491 3746; x_wconf 72' lang='grc' dir='ltr'>ἐκδέχεσθαι</span> <span class='ocrx_word' id='word_1_271' title='bbox 512 3668 555 3725; x_wconf 84' lang='grc' dir='ltr'>τόν</span> <span class='ocrx_word' id='word_1_272' title='bbox 574 3667 683 3746; x_wconf 85' lang='grc' dir='ltr'>καιρὸν,</span> <span class='ocrx_word' id='word_1_273' title='bbox 705 3665 741 3723; x_wconf 80' lang='grc' dir='ltr'>ὅθ’</span> <span class='ocrx_word' id='word_1_274' title='bbox 757 3669 784 3723; x_wconf 80' lang='lat' dir='ltr'>ui</span> <span class='ocrx_word' id='word_1_275' title='bbox 801 3665 870 3725; x_wconf 85' lang='grc' dir='ltr'>Ῥω-</span> 
     </span>
     <span class='ocr_line' id='line_1_39' title="bbox 96 3751 871 3830; baseline 0.001 -21"><span class='ocrx_word' id='word_1_276' title='bbox 96 3751 187 3828; x_wconf 88' lang='grc' dir='ltr'>μαίων</span> <span class='ocrx_word' id='word_1_277' title='bbox 210 3777 237 3813; x_wconf 87' lang='grc' dir='ltr'>τε</span> <span class='ocrx_word' id='word_1_278' title='bbox 259 3754 304 3813; x_wconf 82' lang='grc' dir='ltr'>καὶ</span> <span class='ocrx_word' id='word_1_279' title='bbox 328 3754 462 3815; x_wconf 78' lang='grc' dir='ltr'>Ἀλόανῶν</span> <span class='ocrx_word' id='word_1_280' title='bbox 486 3755 608 3830; x_wconf 88' lang='grc' dir='ltr'>δυνάμεις</span> <span class='ocrx_word' id='word_1_281' title='bbox 635 3756 789 3812; x_wconf 73' lang='grc' dir='ltr'>ἐκλιποῦσαι</span> <span class='ocrx_word' id='word_1_282' title='bbox 813 3753 871 3821; x_wconf 83' lang='grc' dir='ltr'>τοὺς</span> 
     </span>
     <span class='ocr_line' id='line_1_40' title="bbox 93 3841 871 3923; baseline 0 -25"><span class='ocrx_word' id='word_1_283' title='bbox 93 3842 218 3921; x_wconf 77' lang='grc' dir='ltr'>χάρακας</span> <span class='ocrx_word' id='word_1_284' title='bbox 232 3844 274 3902; x_wconf 75' lang='grc' dir='ltr'>ἐπὶ</span> <span class='ocrx_word' id='word_1_285' title='bbox 288 3843 332 3901; x_wconf 85' lang='grc' dir='ltr'>τὸν</span> <span class='ocrx_word' id='word_1_286' title='bbox 345 3845 435 3921; x_wconf 78' lang='grc' dir='ltr'>ἀγῶνα</span> <span class='ocrx_word' id='word_1_287' title='bbox 447 3842 657 3923; x_wconf 88' lang='grc' dir='ltr'>προελεύσονται.</span> <span class='ocrx_word' id='word_1_288' title='bbox 673 3845 773 3901; x_wconf 82' lang='grc' dir='ltr'>Τοῦτον</span> <span class='ocrx_word' id='word_1_289' title='bbox 787 3841 814 3898; x_wconf 79' lang='grc' dir='ltr'>δέ</span> <span class='ocrx_word' id='word_1_290' title='bbox 825 3865 871 3922; x_wconf 77' lang='lat' dir='ltr'>pu·</span> 
     </span>
     <span class='ocr_line' id='line_1_41' title="bbox 93 3927 871 4007; baseline 0.004 -23"><span class='ocrx_word' id='word_1_291' title='bbox 93 3929 169 4007; x_wconf 85' lang='grc' dir='ltr'>νερόν</span> <span class='ocrx_word' id='word_1_292' title='bbox 180 3938 263 3988; x_wconf 85' lang='grc' dir='ltr'>ποιεῖν</span> <span class='ocrx_word' id='word_1_293' title='bbox 273 3931 358 3995; x_wconf 80' lang='grc' dir='ltr'>αὐτοῖς</span> <span class='ocrx_word' id='word_1_294' title='bbox 369 3929 480 4007; x_wconf 87' lang='grc' dir='ltr'>έμελλον</span> <span class='ocrx_word' id='word_1_295' title='bbox 491 3929 533 3988; x_wconf 80' lang='grc' dir='ltr'>διά</span> <span class='ocrx_word' id='word_1_296' title='bbox 546 3928 686 4004; x_wconf 85' lang='grc' dir='ltr'>συμόολων</span> <span class='ocrx_word' id='word_1_297' title='bbox 700 3927 794 3989; x_wconf 86' lang='grc' dir='ltr'>σκοποί</span> <span class='ocrx_word' id='word_1_298' title='bbox 806 3951 871 3995; x_wconf 91' lang='grc' dir='ltr'>τινες</span> 
     </span>
     <span class='ocr_line' id='line_1_42' title="bbox 94 4016 872 4098; baseline 0 -24"><span class='ocrx_word' id='word_1_299' title='bbox 94 4018 122 4074; x_wconf 83' lang='grc' dir='ltr'>έν</span> <span class='ocrx_word' id='word_1_300' title='bbox 137 4025 190 4082; x_wconf 87' lang='grc' dir='ltr'>τοῖς</span> <span class='ocrx_word' id='word_1_301' title='bbox 204 4017 274 4096; x_wconf 86' lang='grc' dir='ltr'>όρεσε</span> <span class='ocrx_word' id='word_1_302' title='bbox 286 4019 429 4098; x_wconf 80' lang='grc' dir='ltr'>λοχῶντες·</span> <span class='ocrx_word' id='word_1_303' title='bbox 444 4016 507 4077; x_wconf 85' lang='grc' dir='ltr'>όταν</span> <span class='ocrx_word' id='word_1_304' title='bbox 521 4021 544 4077; x_wconf 87' lang='grc' dir='ltr'>δ’</span> <span class='ocrx_word' id='word_1_305' title='bbox 563 4022 628 4098; x_wconf 66' lang='grc' dir='ltr'>θρθίᾔΙ</span> <span class='ocrx_word' id='word_1_306' title='bbox 643 4017 677 4075; x_wconf 82' lang='grc' dir='ltr'>τά</span> <span class='ocrx_word' id='word_1_307' title='bbox 692 4025 806 4096; x_wconf 86' lang='grc' dir='ltr'>σημεῖα,</span> <span class='ocrx_word' id='word_1_308' title='bbox 821 4017 872 4075; x_wconf 91' lang='grc' dir='ltr'>λα-</span> 
     </span>
     <span class='ocr_line' id='line_1_43' title="bbox 93 4103 870 4186; baseline -0.001 -23"><span class='ocrx_word' id='word_1_309' title='bbox 93 4103 190 4170; x_wconf 74' lang='grc' dir='ltr'>όόντας</span> <span class='ocrx_word' id='word_1_310' title='bbox 208 4105 241 4164; x_wconf 85' lang='grc' dir='ltr'>τόι</span> <span class='ocrx_word' id='word_1_311' title='bbox 259 4106 329 4164; x_wconf 86' lang='grc' dir='ltr'>όπλα</span> <span class='ocrx_word' id='word_1_312' title='bbox 343 4110 438 4186; x_wconf 83' lang='grc' dir='ltr'>χωρεῖν</span> <span class='ocrx_word' id='word_1_313' title='bbox 454 4108 495 4165; x_wconf 82' lang='grc' dir='ltr'>ίπ’</span> <span class='ocrx_word' id='word_1_314' title='bbox 510 4105 604 4172; x_wconf 77' lang='grc' dir='ltr'>αὐτοὺς</span> <span class='ocrx_word' id='word_1_315' title='bbox 619 4108 670 4164; x_wconf 74' lang='grc' dir='ltr'>ἔδει</span> <span class='ocrx_word' id='word_1_316' title='bbox 685 4106 783 4171; x_wconf 87' lang='grc' dir='ltr'>πάντας</span> <span class='ocrx_word' id='word_1_317' title='bbox 802 4105 870 4165; x_wconf 83' lang='grc' dir='ltr'>κατά</span> 
     </span>
     <span class='ocr_line' id='line_1_44' title="bbox 92 4185 871 4273; baseline 0.001 -22"><span class='ocrx_word' id='word_1_318' title='bbox 92 4192 192 4273; x_wconf 71' lang='grc' dir='ltr'>τάχος·</span> <span class='ocrx_word' id='word_1_319' title='bbox 205 4185 237 4265; x_wconf 80' lang='grc' dir='ltr'>ήν</span> <span class='ocrx_word' id='word_1_320' title='bbox 247 4195 271 4252; x_wconf 78' lang='grc' dir='ltr'>δ’</span> <span class='ocrx_word' id='word_1_321' title='bbox 284 4196 313 4252; x_wconf 82' lang='grc' dir='ltr'>οὗ</span> <span class='ocrx_word' id='word_1_322' title='bbox 327 4193 411 4267; x_wconf 77' lang='grc' dir='ltr'>πολλή</span> <span class='ocrx_word' id='word_1_323' title='bbox 424 4200 441 4265; x_wconf 76' lang='lat' dir='ltr'>l,</span> <span class='ocrx_word' id='word_1_324' title='bbox 454 4196 498 4254; x_wconf 75' lang='grc' dir='ltr'>ἐπὶ</span> <span class='ocrx_word' id='word_1_325' title='bbox 509 4194 567 4261; x_wconf 79' lang='grc' dir='ltr'>τοὺς</span> <span class='ocrx_word' id='word_1_326' title='bbox 580 4195 701 4273; x_wconf 86' lang='grc' dir='ltr'>χάρακας</span> <span class='ocrx_word' id='word_1_327' title='bbox 717 4193 770 4252; x_wconf 75' lang='grc' dir='ltr'>ἀπὸ</span> <span class='ocrx_word' id='word_1_328' title='bbox 782 4195 871 4266; x_wconf 82' lang='grc' dir='ltr'>Φιδή-</span> 
     </span>
     <span class='ocr_line' id='line_1_45' title="bbox 93 4280 870 4362; baseline 0 -22"><span class='ocrx_word' id='word_1_329' title='bbox 93 4303 141 4353; x_wconf 84' lang='grc' dir='ltr'>νης</span> <span class='ocrx_word' id='word_1_330' title='bbox 151 4281 256 4362; x_wconf 70' lang='grc' dir='ltr'>φέρσυά</span> <span class='ocrx_word' id='word_1_331' title='bbox 266 4282 333 4355; x_wconf 84' lang='grc' dir='ltr'>δδός,</span> <span class='ocrx_word' id='word_1_332' title='bbox 343 4284 401 4342; x_wconf 76' lang='grc' dir='ltr'>ἀλλ’</span> <span class='ocrx_word' id='word_1_333' title='bbox 413 4280 501 4353; x_wconf 81' lang='grc' dir='ltr'>όσονή</span> <span class='ocrx_word' id='word_1_334' title='bbox 513 4284 584 4342; x_wconf 82' lang='grc' dir='ltr'>δυσὶν</span> <span class='ocrx_word' id='word_1_335' title='bbox 595 4281 674 4361; x_wconf 79' lang='grc' dir='ltr'>ὥραις</span> <span class='ocrx_word' id='word_1_336' title='bbox 685 4281 702 4352; x_wconf 77' lang='grc' dir='ltr'>ἢ</span> <span class='ocrx_word' id='word_1_337' title='bbox 712 4281 795 4359; x_wconf 79' lang='grc' dir='ltr'>τρισίν</span> <span class='ocrx_word' id='word_1_338' title='bbox 807 4283 870 4340; x_wconf 74' lang='lat' dir='ltr'>aiau·</span> 
     </span>
     <span class='ocr_line' id='line_1_46' title="bbox 94 4371 869 4452; baseline 0.006 -26"><span class='ocrx_word' id='word_1_339' title='bbox 94 4375 191 4442; x_wconf 66' lang='grc' dir='ltr'>οθῇναι</span> <span class='ocrx_word' id='word_1_340' title='bbox 206 4372 235 4430; x_wconf 84' lang='grc' dir='ltr'>τό</span> <span class='ocrx_word' id='word_1_341' title='bbox 251 4373 431 4452; x_wconf 86' lang='grc' dir='ltr'>μακρότατον·</span> <span class='ocrx_word' id='word_1_342' title='bbox 448 4371 618 4451; x_wconf 82' lang='grc' dir='ltr'>έπιρανέντας</span> <span class='ocrx_word' id='word_1_343' title='bbox 633 4371 659 4430; x_wconf 77' lang='grc' dir='ltr'>δέ</span> <span class='ocrx_word' id='word_1_344' title='bbox 673 4375 711 4450; x_wconf 80' lang='grc' dir='ltr'>τῷ</span> <span class='ocrx_word' id='word_1_345' title='bbox 726 4373 807 4447; x_wconf 81' lang='grc' dir='ltr'>ἀγῶνι</span> <span class='ocrx_word' id='word_1_346' title='bbox 822 4371 869 4431; x_wconf 89' lang='grc' dir='ltr'>τέ·</span> 
     </span>
     <span class='ocr_line' id='line_1_47' title="bbox 95 4458 869 4540; baseline 0.001 -25"><span class='ocrx_word' id='word_1_347' title='bbox 95 4460 140 4527; x_wconf 88' lang='grc' dir='ltr'>λος</span> <span class='ocrx_word' id='word_1_348' title='bbox 154 4459 206 4532; x_wconf 77' lang='grc' dir='ltr'>ἤδη</span> <span class='ocrx_word' id='word_1_349' title='bbox 219 4460 326 4539; x_wconf 76' lang='grc' dir='ltr'>ἔχοντε,</span> <span class='ocrx_word' id='word_1_350' title='bbox 341 4458 431 4540; x_wconf 82' lang='grc' dir='ltr'>ὥσπερ</span> <span class='ocrx_word' id='word_1_351' title='bbox 448 4460 533 4533; x_wconf 80' lang='grc' dir='ltr'>εἰκὸς,</span> <span class='ocrx_word' id='word_1_352' title='bbox 548 4458 629 4537; x_wconf 86' lang='grc' dir='ltr'>μηθὲν</span> <span class='ocrx_word' id='word_1_353' title='bbox 640 4464 759 4535; x_wconf 81' lang='grc' dir='ltr'>ἡγεῖσθαι</span> <span class='ocrx_word' id='word_1_354' title='bbox 773 4459 869 4539; x_wconf 78' lang='grc' dir='ltr'>φίλων,</span> 
     </span>
     <span class='ocr_line' id='line_1_48' title="bbox 94 4546 869 4623; baseline 0.001 -19"><span class='ocrx_word' id='word_1_355' title='bbox 94 4546 156 4606; x_wconf 78' lang='grc' dir='ltr'>ἀλλ’</span> <span class='ocrx_word' id='word_1_356' title='bbox 173 4548 217 4604; x_wconf 81' lang='grc' dir='ltr'>ἐάν</span> <span class='ocrx_word' id='word_1_357' title='bbox 230 4547 252 4605; x_wconf 86' lang='grc' dir='ltr'>τ’</span> <span class='ocrx_word' id='word_1_358' title='bbox 264 4546 385 4608; x_wconf 68' lang='lat' dir='ltr'>’ditent</span> <span class='ocrx_word' id='word_1_359' title='bbox 398 4550 522 4619; x_wconf 79' lang='grc' dir='ltr'>νικῶσιν,</span> <span class='ocrx_word' id='word_1_360' title='bbox 537 4548 582 4607; x_wconf 78' lang='grc' dir='ltr'>ἐάν</span> <span class='ocrx_word' id='word_1_361' title='bbox 599 4570 627 4606; x_wconf 91' lang='grc' dir='ltr'>τε</span> <span class='ocrx_word' id='word_1_362' title='bbox 640 4546 772 4623; x_wconf 86' lang='grc' dir='ltr'>Ῥωμαῖοι</span> <span class='ocrx_word' id='word_1_363' title='bbox 781 4593 788 4618; x_wconf 90' lang='grc'>,</span> <span class='ocrx_word' id='word_1_364' title='bbox 798 4547 869 4605; x_wconf 88' lang='grc' dir='ltr'>κτεί-</span> 
     </span>
     <span class='ocr_line' id='line_1_49' title="bbox 94 4627 870 4715; baseline 0 -24"><span class='ocrx_word' id='word_1_365' title='bbox 94 4655 147 4692; x_wconf 89' lang='grc' dir='ltr'>νειν</span> <span class='ocrx_word' id='word_1_366' title='bbox 164 4635 222 4700; x_wconf 82' lang='grc' dir='ltr'>τούς</span> <span class='ocrx_word' id='word_1_367' title='bbox 236 4636 430 4715; x_wconf 83' lang='grc' dir='ltr'>κεκρατηκότας</span> <span class='ocrx_word' id='word_1_368' title='bbox 445 4638 539 4697; x_wconf 83' lang='grc' dir='ltr'>αὐτῶν.</span> <span class='ocrx_word' id='word_1_369' title='bbox 582 4639 607 4695; x_wconf 86' lang='grc' dir='ltr'><strong>Τ</strong></span> <span class='ocrx_word' id='word_1_370' title='bbox 608 4638 666 4694; x_wconf 76' lang='grc' dir='ltr'>αὖτ’</span> <span class='ocrx_word' id='word_1_371' title='bbox 682 4627 713 4706; x_wconf 75' lang='grc' dir='ltr'>ήν</span> <span class='ocrx_word' id='word_1_372' title='bbox 730 4635 746 4693; x_wconf 82' lang='grc' dir='ltr'>δ</span> <span class='ocrx_word' id='word_1_373' title='bbox 762 4635 870 4712; x_wconf 88' lang='grc' dir='ltr'>διέγνω-</span> 
     </span>
     <span class='ocr_line' id='line_1_50' title="bbox 95 4720 868 4801; baseline 0 -20"><span class='ocrx_word' id='word_1_374' title='bbox 95 4743 144 4781; x_wconf 88' lang='grc' dir='ltr'>στο</span> <span class='ocrx_word' id='word_1_375' title='bbox 160 4722 287 4800; x_wconf 85' lang='grc' dir='ltr'>πράττειν</span> <span class='ocrx_word' id='word_1_376' title='bbox 300 4729 356 4789; x_wconf 85' lang='grc' dir='ltr'>τοῖς</span> <span class='ocrx_word' id='word_1_377' title='bbox 369 4720 544 4801; x_wconf 87' lang='grc' dir='ltr'>προεστηκόσι</span> <span class='ocrx_word' id='word_1_378' title='bbox 556 4725 608 4781; x_wconf 82' lang='grc' dir='ltr'>τῶν</span> <span class='ocrx_word' id='word_1_379' title='bbox 620 4724 729 4783; x_wconf 87' lang='grc' dir='ltr'>πολεων.</span> <span class='ocrx_word' id='word_1_380' title='bbox 773 4725 804 4784; x_wconf 82' lang='grc' dir='ltr'>Εἰ</span> <span class='ocrx_word' id='word_1_381' title='bbox 821 4724 868 4800; x_wconf 78' lang='grc' dir='ltr'>μέν</span> 
     </span>
     <span class='ocr_line' id='line_1_51' title="bbox 38 4800 869 4893; baseline -0.001 -23"><span class='ocrx_word' id='word_1_382' title='bbox 38 4820 63 4859; x_wconf 75' lang='lat'>⁸⁰</span> <span class='ocrx_word' id='word_1_383' title='bbox 94 4800 140 4870; x_wconf 79' lang='grc' dir='ltr'>σύν</span> <span class='ocrx_word' id='word_1_384' title='bbox 162 4810 320 4890; x_wconf 77' lang='grc' dir='ltr'>θρασύτερον</span> <span class='ocrx_word' id='word_1_385' title='bbox 344 4809 387 4868; x_wconf 77' lang='grc' dir='ltr'>ἐπί</span> <span class='ocrx_word' id='word_1_386' title='bbox 413 4811 457 4870; x_wconf 73' lang='grc' dir='ltr'>τὀν</span> <span class='ocrx_word' id='word_1_387' title='bbox 485 4810 564 4889; x_wconf 76' lang='grc' dir='ltr'>ἀγῶν’</span> <span class='ocrx_word' id='word_1_388' title='bbox 590 4811 717 4889; x_wconf 83' lang='grc' dir='ltr'>ὥρμησαν</span> <span class='ocrx_word' id='word_1_389' title='bbox 748 4810 869 4893; x_wconf 80' lang='grc' dir='ltr'>Ἀλόανοὶ</span> 
     </span>
     <span class='ocr_line' id='line_1_52' title="bbox 95 4894 868 4979; baseline 0.001 -21"><span class='ocrx_word' id='word_1_390' title='bbox 95 4894 240 4975; x_wconf 81' lang='grc' dir='ltr'>Ῥωμαίων</span> <span class='ocrx_word' id='word_1_391' title='bbox 255 4897 514 4977; x_wconf 83' lang='grc' dir='ltr'>καταρρσνήσαντες,</span> <span class='ocrx_word' id='word_1_392' title='bbox 524 4899 567 4956; x_wconf 91' lang='grc' dir='ltr'>καί</span> <span class='ocrx_word' id='word_1_393' title='bbox 585 4907 633 4978; x_wconf 72' lang='grc' dir='ltr'>μιᾷ</span> <span class='ocrx_word' id='word_1_394' title='bbox 646 4908 733 4978; x_wconf 84' lang='grc' dir='ltr'>κρῖναι</span> <span class='ocrx_word' id='word_1_395' title='bbox 745 4900 819 4979; x_wconf 79' lang='grc' dir='ltr'>μάχῃ</span> <span class='ocrx_word' id='word_1_396' title='bbox 835 4897 868 4959; x_wconf 85' lang='grc' dir='ltr'>τά</span> 
     </span>
    </p>
   </div>
   <div class='ocr_carea' id='block_1_3' title="bbox 91 4977 868 5319">
    <p class='ocr_par' dir='ltr' id='par_1_3' title="bbox 94 4977 868 5064">
     <span class='ocr_line' id='line_1_53' title="bbox 94 4977 868 5064; baseline 0 -19"><span class='ocrx_word' id='word_1_397' title='bbox 94 4982 145 5045; x_wconf 74' lang='lat' dir='ltr'>lla</span> <span class='ocrx_word' id='word_1_398' title='bbox 160 4985 321 5064; x_wconf 80' lang='grc' dir='ltr'>διέγνωσαν,</span> <span class='ocrx_word' id='word_1_399' title='bbox 334 4985 406 5046; x_wconf 76' lang='grc' dir='ltr'>οὐθὲν</span> <span class='ocrx_word' id='word_1_400' title='bbox 426 4984 458 5043; x_wconf 73' lang='grc' dir='ltr'>ἂν</span> <span class='ocrx_word' id='word_1_401' title='bbox 473 4985 503 5044; x_wconf 86' lang='grc' dir='ltr'>εδ</span> <span class='ocrx_word' id='word_1_402' title='bbox 515 4987 615 5045; x_wconf 79' lang='grc' dir='ltr'>κωλῦον</span> <span class='ocrx_word' id='word_1_403' title='bbox 629 4977 661 5058; x_wconf 78' lang='grc' dir='ltr'>ήν</span> <span class='ocrx_word' id='word_1_404' title='bbox 682 4988 726 5046; x_wconf 89' lang='grc' dir='ltr'>τόν</span> <span class='ocrx_word' id='word_1_405' title='bbox 739 5010 767 5046; x_wconf 90' lang='grc' dir='ltr'>τε</span> <span class='ocrx_word' id='word_1_406' title='bbox 782 5010 868 5047; x_wconf 88' lang='grc' dir='ltr'>κατα-</span> 
     </span>
    </p>

    <p class='ocr_par' dir='ltr' id='par_1_4' title="bbox 92 5072 868 5157">
     <span class='ocr_line' id='line_1_54' title="bbox 92 5072 868 5157; baseline 0.001 -24"><span class='ocrx_word' id='word_1_407' title='bbox 92 5072 273 5133; x_wconf 84' lang='grc' dir='ltr'>σκευασθέντα</span> <span class='ocrx_word' id='word_1_408' title='bbox 288 5074 363 5132; x_wconf 88' lang='grc' dir='ltr'>δόλον</span> <span class='ocrx_word' id='word_1_409' title='bbox 377 5072 418 5132; x_wconf 81' lang='grc' dir='ltr'>ίπ’</span> <span class='ocrx_word' id='word_1_410' title='bbox 430 5074 516 5139; x_wconf 84' lang='grc' dir='ltr'>αὐτοῖς</span> <span class='ocrx_word' id='word_1_411' title='bbox 529 5075 681 5153; x_wconf 84' lang='grc' dir='ltr'>λεληθέναι,</span> <span class='ocrx_word' id='word_1_412' title='bbox 693 5075 738 5133; x_wconf 79' lang='grc' dir='ltr'>καί</span> <span class='ocrx_word' id='word_1_413' title='bbox 750 5076 868 5157; x_wconf 76' lang='grc' dir='ltr'>διερθάρ·</span> 
     </span>
    </p>

    <p class='ocr_par' dir='ltr' id='par_1_5' title="bbox 91 5158 866 5319">
     <span class='ocr_line' id='line_1_55' title="bbox 91 5158 866 5243; baseline 0.004 -24"><span class='ocrx_word' id='word_1_414' title='bbox 91 5165 137 5222; x_wconf 87' lang='grc' dir='ltr'>θαι</span> <span class='ocrx_word' id='word_1_415' title='bbox 153 5158 187 5222; x_wconf 72' lang='grc' dir='ltr'>τά</span> <span class='ocrx_word' id='word_1_416' title='bbox 202 5160 378 5241; x_wconf 87' lang='grc' dir='ltr'>στρατεύματ’</span> <span class='ocrx_word' id='word_1_417' title='bbox 394 5164 478 5220; x_wconf 75' lang='grc' dir='ltr'>αὐτῶν</span> <span class='ocrx_word' id='word_1_418' title='bbox 493 5163 645 5243; x_wconf 75' lang='grc' dir='ltr'>άμρότερα·</span> <span class='ocrx_word' id='word_1_419' title='bbox 666 5168 709 5220; x_wconf 81' lang='grc' dir='ltr'>νῦν</span> <span class='ocrx_word' id='word_1_420' title='bbox 726 5164 748 5221; x_wconf 84' lang='grc' dir='ltr'>δ’</span> <span class='ocrx_word' id='word_1_421' title='bbox 771 5168 787 5234; x_wconf 86' lang='grc' dir='ltr'>ή</span> <span class='ocrx_word' id='word_1_422' title='bbox 804 5166 866 5222; x_wconf 84' lang='grc' dir='ltr'>δια-</span> 
     </span>
     <span class='ocr_line' id='line_1_56' title="bbox 185 5279 300 5319; baseline 0 -1"><span class='ocrx_word' id='word_1_423' title='bbox 185 5279 300 5319; x_wconf 82' lang='grc' dir='ltr'>υεοειεειι.</span> 
     </span>
    </p>
   </div>
   <div class='ocr_carea' id='block_1_4' title="bbox 924 380 1702 673">
    <p class='ocr_par' dir='ltr' id='par_1_6' title="bbox 924 380 1702 673">
     <span class='ocr_line' id='line_1_57' title="bbox 1639 380 1696 440; baseline 0.035 -2"><span class='ocrx_word' id='word_1_424' title='bbox 1639 383 1649 438; x_wconf 92' lang='lat' dir='ltr'>l</span> <span class='ocrx_word' id='word_1_425' title='bbox 1659 380 1696 440; x_wconf 74' lang='grc' dir='ltr'>θθ</span> 
     </span>
     <span class='ocr_line' id='line_1_58' title="bbox 924 512 1702 580; baseline -0.003 -15"><span class='ocrx_word' id='word_1_426' title='bbox 924 512 1006 565; x_wconf 83' lang='lat' dir='ltr'>Cluitii</span> <span class='ocrx_word' id='word_1_427' title='bbox 1025 514 1119 564; x_wconf 88' lang='lat' dir='ltr'>obitum</span> <span class='ocrx_word' id='word_1_428' title='bbox 1139 513 1249 577; x_wconf 88' lang='lat' dir='ltr'>irnperio</span> <span class='ocrx_word' id='word_1_429' title='bbox 1265 513 1356 577; x_wconf 79' lang='lat' dir='ltr'>dignus</span> <span class='ocrx_word' id='word_1_430' title='bbox 1378 512 1511 574; x_wconf 87' lang='lat' dir='ltr'>iudicatus,</span> <span class='ocrx_word' id='word_1_431' title='bbox 1531 517 1613 564; x_wconf 88' lang='lat' dir='ltr'>tamen</span> <span class='ocrx_word' id='word_1_432' title='bbox 1635 521 1702 580; x_wconf 85' lang='lat' dir='ltr'>post·</span> 
     </span>
     <span class='ocr_line' id='line_1_59' title="bbox 924 610 1701 673; baseline 0.006 -15"><span class='ocrx_word' id='word_1_433' title='bbox 924 622 996 671; x_wconf 86' lang='lat' dir='ltr'>quarn</span> <span class='ocrx_word' id='word_1_434' title='bbox 1022 610 1152 673; x_wconf 82' lang='lat' dir='ltr'>imperium</span> <span class='ocrx_word' id='word_1_435' title='bbox 1176 612 1281 673; x_wconf 79' lang='lat' dir='ltr'>arleptus</span> <span class='ocrx_word' id='word_1_436' title='bbox 1301 616 1341 659; x_wconf 87' lang='lat' dir='ltr'>cst</span> <span class='ocrx_word' id='word_1_437' title='bbox 1365 613 1390 660; x_wconf 87' lang='lat' dir='ltr'>et</span> <span class='ocrx_word' id='word_1_438' title='bbox 1415 610 1529 673; x_wconf 71' lang='lat' dir='ltr'>cognorit</span> <span class='ocrx_word' id='word_1_439' title='bbox 1548 611 1701 664; x_wconf 83' lang='lat' dir='ltr'>incornmoda</span> 
     </span>
    </p>
   </div>
   <div class='ocr_carea' id='block_1_5' title="bbox 923 711 1705 1359">
    <p class='ocr_par' dir='ltr' id='par_1_7' title="bbox 923 711 1705 1359">
     <span class='ocr_line' id='line_1_60' title="bbox 924 711 1703 778; baseline 0.004 -15"><span class='ocrx_word' id='word_1_440' title='bbox 924 715 950 763; x_wconf 88' lang='lat' dir='ltr'>et</span> <span class='ocrx_word' id='word_1_441' title='bbox 970 711 1131 764; x_wconf 84' lang='lat' dir='ltr'>ditlicultatcs</span> <span class='ocrx_word' id='word_1_442' title='bbox 1147 714 1277 777; x_wconf 74' lang='lat' dir='ltr'>praesentis</span> <span class='ocrx_word' id='word_1_443' title='bbox 1298 727 1379 764; x_wconf 85' lang='lat' dir='ltr'>rerum</span> <span class='ocrx_word' id='word_1_444' title='bbox 1406 718 1501 775; x_wconf 84' lang='lat' dir='ltr'>slatus,</span> <span class='ocrx_word' id='word_1_445' title='bbox 1527 729 1575 763; x_wconf 94' lang='lat' dir='ltr'>non</span> <span class='ocrx_word' id='word_1_446' title='bbox 1595 715 1703 778; x_wconf 73' lang='lat' dir='ltr'>perstitit</span> 
     </span>
     <span class='ocr_line' id='line_1_61' title="bbox 924 811 1702 874; baseline 0.004 -14"><span class='ocrx_word' id='word_1_447' title='bbox 924 811 1029 874; x_wconf 87' lang='lat' dir='ltr'>arnplius</span> <span class='ocrx_word' id='word_1_448' title='bbox 1039 811 1064 860; x_wconf 93' lang='lat' dir='ltr'>in</span> <span class='ocrx_word' id='word_1_449' title='bbox 1082 811 1168 862; x_wconf 86' lang='lat' dir='ltr'>eadem</span> <span class='ocrx_word' id='word_1_450' title='bbox 1179 811 1369 872; x_wconf 87' lang='lat' dir='ltr'>sententis,sed</span> <span class='ocrx_word' id='word_1_451' title='bbox 1386 812 1484 861; x_wconf 89' lang='lat' dir='ltr'>censuit</span> <span class='ocrx_word' id='word_1_452' title='bbox 1495 811 1664 862; x_wconf 82' lang='lat' dir='ltr'>cunctandum</span> <span class='ocrx_word' id='word_1_453' title='bbox 1676 816 1702 863; x_wconf 92' lang='lat' dir='ltr'>et</span> 
     </span>
     <span class='ocr_line' id='line_1_62' title="bbox 923 908 1704 973; baseline 0.003 -15"><span class='ocrx_word' id='word_1_454' title='bbox 923 910 1023 972; x_wconf 89' lang='lat' dir='ltr'>ternpus</span> <span class='ocrx_word' id='word_1_455' title='bbox 1040 909 1186 967; x_wconf 81' lang='lat' dir='ltr'>terendum,</span> <span class='ocrx_word' id='word_1_456' title='bbox 1205 908 1272 971; x_wconf 85' lang='lat' dir='ltr'>qaod</span> <span class='ocrx_word' id='word_1_457' title='bbox 1293 908 1389 959; x_wconf 85' lang='lat' dir='ltr'>rideret</span> <span class='ocrx_word' id='word_1_458' title='bbox 1400 923 1480 973; x_wconf 83' lang='lat' dir='ltr'>neque</span> <span class='ocrx_word' id='word_1_459' title='bbox 1494 923 1580 959; x_wconf 89' lang='lat' dir='ltr'>ornnes</span> <span class='ocrx_word' id='word_1_460' title='bbox 1596 909 1704 960; x_wconf 77' lang='lat' dir='ltr'>Albanos</span> 
     </span>
     <span class='ocr_line' id='line_1_63' title="bbox 924 1004 1705 1068; baseline 0.001 -15"><span class='ocrx_word' id='word_1_461' title='bbox 924 1004 1029 1068; x_wconf 82' lang='lat' dir='ltr'>amptius</span> <span class='ocrx_word' id='word_1_462' title='bbox 1049 1004 1081 1054; x_wconf 83' lang='lat' dir='ltr'>ed</span> <span class='ocrx_word' id='word_1_463' title='bbox 1104 1005 1195 1055; x_wconf 88' lang='lat' dir='ltr'>bellurn</span> <span class='ocrx_word' id='word_1_464' title='bbox 1220 1006 1305 1055; x_wconf 86' lang='lat' dir='ltr'>eadern</span> <span class='ocrx_word' id='word_1_465' title='bbox 1327 1005 1403 1054; x_wconf 87' lang='lat' dir='ltr'>aninri</span> <span class='ocrx_word' id='word_1_466' title='bbox 1424 1005 1550 1054; x_wconf 87' lang='lat' dir='ltr'>alacritate</span> <span class='ocrx_word' id='word_1_467' title='bbox 1568 1017 1705 1068; x_wconf 87' lang='lat' dir='ltr'>propensos</span> 
     </span>
     <span class='ocr_line' id='line_1_64' title="bbox 924 1101 1694 1167; baseline -0.001 -16"><span class='ocrx_word' id='word_1_468' title='bbox 924 1115 989 1163; x_wconf 84' lang='lat' dir='ltr'>esse,</span> <span class='ocrx_word' id='word_1_469' title='bbox 1002 1116 1082 1167; x_wconf 84' lang='lat' dir='ltr'>neque</span> <span class='ocrx_word' id='word_1_470' title='bbox 1102 1102 1149 1153; x_wconf 90' lang='lat' dir='ltr'>sibi</span> <span class='ocrx_word' id='word_1_471' title='bbox 1166 1102 1315 1153; x_wconf 75' lang='lat' dir='ltr'>sacrificanti</span> <span class='ocrx_word' id='word_1_472' title='bbox 1330 1102 1486 1152; x_wconf 82' lang='lat' dir='ltr'>victimarum</span> <span class='ocrx_word' id='word_1_473' title='bbox 1505 1105 1562 1152; x_wconf 76' lang='lat' dir='ltr'>enta</span> <span class='ocrx_word' id='word_1_474' title='bbox 1579 1102 1639 1152; x_wconf 87' lang='lat' dir='ltr'>satis</span> <span class='ocrx_word' id='word_1_475' title='bbox 1652 1101 1694 1151; x_wconf 92' lang='lat' dir='ltr'>teli</span> 
     </span>
     <span class='ocr_line' id='line_1_65' title="bbox 925 1191 1703 1264; baseline 0 -15"><span class='ocrx_word' id='word_1_476' title='bbox 925 1213 978 1249; x_wconf 85' lang='lat' dir='ltr'>cern</span> <span class='ocrx_word' id='word_1_477' title='bbox 997 1200 1077 1260; x_wconf 83' lang='lat' dir='ltr'>proelti</span> <span class='ocrx_word' id='word_1_478' title='bbox 1099 1201 1194 1251; x_wconf 79' lang='lat' dir='ltr'>exitum</span> <span class='ocrx_word' id='word_1_479' title='bbox 1211 1191 1365 1264; x_wconf 69' lang='lat' dir='ltr'><strong>portendere.</strong></span> <span class='ocrx_word' id='word_1_480' title='bbox 1397 1199 1506 1250; x_wconf 86' lang='lat' dir='ltr'>Tendern</span> <span class='ocrx_word' id='word_1_481' title='bbox 1539 1214 1596 1250; x_wconf 80' lang='lat' dir='ltr'>reno</span> <span class='ocrx_word' id='word_1_482' title='bbox 1615 1198 1703 1250; x_wconf 82' lang='lat' dir='ltr'>statuit</span> 
     </span>
     <span class='ocr_line' id='line_1_66' title="bbox 925 1293 1703 1359; baseline 0 -15"><span class='ocrx_word' id='word_1_483' title='bbox 925 1293 1010 1345; x_wconf 89' lang='lat' dir='ltr'>hostes</span> <span class='ocrx_word' id='word_1_484' title='bbox 1023 1296 1054 1344; x_wconf 89' lang='lat' dir='ltr'>ad</span> <span class='ocrx_word' id='word_1_485' title='bbox 1069 1308 1153 1359; x_wconf 84' lang='lat' dir='ltr'>pacem</span> <span class='ocrx_word' id='word_1_486' title='bbox 1175 1295 1295 1356; x_wconf 84' lang='lat' dir='ltr'>inritare,</span> <span class='ocrx_word' id='word_1_487' title='bbox 1315 1294 1397 1345; x_wconf 87' lang='lat' dir='ltr'>missis</span> <span class='ocrx_word' id='word_1_488' title='bbox 1413 1297 1470 1345; x_wconf 90' lang='lat' dir='ltr'>aute</span> <span class='ocrx_word' id='word_1_489' title='bbox 1484 1295 1703 1355; x_wconf 78' lang='lat' dir='ltr'>cadrroeatoribns,</span> 
     </span>
    </p>
   </div>
   <div class='ocr_carea' id='block_1_6' title="bbox 925 1394 1704 1723">
    <p class='ocr_par' dir='ltr' id='par_1_8' title="bbox 925 1394 1704 1723">
     <span class='ocr_line' id='line_1_67' title="bbox 925 1394 1704 1460; baseline 0 -16"><span class='ocrx_word' id='word_1_490' title='bbox 925 1394 983 1460; x_wconf 84' lang='lat' dir='ltr'>qrria</span> <span class='ocrx_word' id='word_1_491' title='bbox 995 1396 1108 1457; x_wconf 77' lang='lat' dir='ltr'>cognouit</span> <span class='ocrx_word' id='word_1_492' title='bbox 1126 1395 1264 1458; x_wconf 84' lang='lat' dir='ltr'>periculum</span> <span class='ocrx_word' id='word_1_493' title='bbox 1283 1395 1383 1459; x_wconf 82' lang='lat' dir='ltr'><strong>aliquod</strong></span> <span class='ocrx_word' id='word_1_494' title='bbox 1401 1399 1532 1445; x_wconf 80' lang='lat' dir='ltr'>externum</span> <span class='ocrx_word' id='word_1_495' title='bbox 1544 1395 1609 1458; x_wconf 90' lang='lat' dir='ltr'>quod</span> <span class='ocrx_word' id='word_1_496' title='bbox 1632 1395 1704 1445; x_wconf 76' lang='lat' dir='ltr'>Alba·</span> 
     </span>
     <span class='ocr_line' id='line_1_68' title="bbox 925 1486 1702 1551; baseline -0.005 -13"><span class='ocrx_word' id='word_1_497' title='bbox 925 1489 963 1538; x_wconf 90' lang='lat' dir='ltr'>nis</span> <span class='ocrx_word' id='word_1_498' title='bbox 973 1490 998 1538; x_wconf 90' lang='lat' dir='ltr'>et</span> <span class='ocrx_word' id='word_1_499' title='bbox 1009 1489 1124 1538; x_wconf 79' lang='lat' dir='ltr'>Rorrrenis</span> <span class='ocrx_word' id='word_1_500' title='bbox 1136 1486 1301 1551; x_wconf 81' lang='lat' dir='ltr'><strong>impendebat,</strong></span> <span class='ocrx_word' id='word_1_501' title='bbox 1312 1488 1358 1536; x_wconf 88' lang='lat' dir='ltr'>nisi</span> <span class='ocrx_word' id='word_1_502' title='bbox 1376 1488 1438 1537; x_wconf 88' lang='lat' dir='ltr'>inter</span> <span class='ocrx_word' id='word_1_503' title='bbox 1450 1500 1477 1537; x_wconf 89' lang='lat' dir='ltr'>se</span> <span class='ocrx_word' id='word_1_504' title='bbox 1490 1487 1570 1535; x_wconf 79' lang='lat' dir='ltr'>taedas</span> <span class='ocrx_word' id='word_1_505' title='bbox 1580 1487 1702 1545; x_wconf 85' lang='lat' dir='ltr'>tacerent,</span> 
     </span>
     <span class='ocr_line' id='line_1_69' title="bbox 925 1578 1704 1644; baseline -0.004 -15"><span class='ocrx_word' id='word_1_506' title='bbox 925 1584 994 1629; x_wconf 83' lang='lat' dir='ltr'>certa</span> <span class='ocrx_word' id='word_1_507' title='bbox 1006 1580 1113 1644; x_wconf 80' lang='lat' dir='ltr'>pernicie</span> <span class='ocrx_word' id='word_1_508' title='bbox 1127 1584 1288 1642; x_wconf 84' lang='lat' dir='ltr'>utrorumque</span> <span class='ocrx_word' id='word_1_509' title='bbox 1305 1580 1388 1643; x_wconf 75' lang='lat' dir='ltr'>ulpius</span> <span class='ocrx_word' id='word_1_510' title='bbox 1397 1579 1543 1631; x_wconf 86' lang='lat' dir='ltr'>deleturum.</span> <span class='ocrx_word' id='word_1_511' title='bbox 1580 1578 1608 1628; x_wconf 92' lang='lat' dir='ltr'>1d</span> <span class='ocrx_word' id='word_1_512' title='bbox 1619 1581 1704 1628; x_wconf 80' lang='lat' dir='ltr'>ardena</span> 
     </span>
     <span class='ocr_line' id='line_1_70' title="bbox 926 1672 1140 1723; baseline 0.005 -2"><span class='ocrx_word' id='word_1_513' title='bbox 926 1674 979 1723; x_wconf 87' lang='lat' dir='ltr'>erat</span> <span class='ocrx_word' id='word_1_514' title='bbox 990 1672 1140 1722; x_wconf 84' lang='lat' dir='ltr'>huiusmodi.</span> 
     </span>
    </p>
   </div>
   <div class='ocr_carea' id='block_1_7' title="bbox 924 1775 1707 4935">
    <p class='ocr_par' dir='ltr' id='par_1_9' title="bbox 924 1775 1707 4935">
     <span class='ocr_line' id='line_1_71' title="bbox 958 1775 1702 1841; baseline 0 -15"><span class='ocrx_word' id='word_1_515' title='bbox 958 1780 1001 1828; x_wconf 89' lang='lat' dir='ltr'>v1.</span> <span class='ocrx_word' id='word_1_516' title='bbox 1010 1776 1125 1828; x_wconf 88' lang='lat' dir='ltr'>Veientes</span> <span class='ocrx_word' id='word_1_517' title='bbox 1133 1781 1158 1827; x_wconf 90' lang='lat' dir='ltr'>et</span> <span class='ocrx_word' id='word_1_518' title='bbox 1168 1776 1364 1841; x_wconf 85' lang='lat' dir='ltr'>Fidenates,qui</span> <span class='ocrx_word' id='word_1_519' title='bbox 1373 1775 1702 1839; x_wconf 74' lang='lat' dir='ltr'>urbesmagnastrabebant,</span> 
     </span>
     <span class='ocr_line' id='line_1_72' title="bbox 927 1878 1704 1944; baseline 0 -15"><span class='ocrx_word' id='word_1_520' title='bbox 927 1882 1042 1944; x_wconf 79' lang='lat' dir='ltr'>regnante</span> <span class='ocrx_word' id='word_1_521' title='bbox 1058 1879 1163 1929; x_wconf 82' lang='lat' dir='ltr'>Roruuto</span> <span class='ocrx_word' id='word_1_522' title='bbox 1175 1893 1233 1930; x_wconf 89' lang='lat' dir='ltr'>cum</span> <span class='ocrx_word' id='word_1_523' title='bbox 1246 1880 1360 1930; x_wconf 78' lang='lat' dir='ltr'>Romanis</span> <span class='ocrx_word' id='word_1_524' title='bbox 1379 1878 1411 1929; x_wconf 86' lang='lat' dir='ltr'>de</span> <span class='ocrx_word' id='word_1_525' title='bbox 1429 1879 1567 1943; x_wconf 81' lang='lat' dir='ltr'>principatu</span> <span class='ocrx_word' id='word_1_526' title='bbox 1579 1885 1604 1929; x_wconf 89' lang='lat' dir='ltr'>et</span> <span class='ocrx_word' id='word_1_527' title='bbox 1623 1879 1704 1929; x_wconf 81' lang='lat' dir='ltr'>durni·</span> 
     </span>
     <span class='ocr_line' id='line_1_73' title="bbox 927 1984 1704 2049; baseline -0.003 -13"><span class='ocrx_word' id='word_1_528' title='bbox 927 1991 986 2037; x_wconf 84' lang='lat' dir='ltr'>natu</span> <span class='ocrx_word' id='word_1_529' title='bbox 1002 1987 1076 2036; x_wconf 82' lang='lat' dir='ltr'>armis</span> <span class='ocrx_word' id='word_1_530' title='bbox 1089 1985 1279 2047; x_wconf 82' lang='lat' dir='ltr'>contenderant;</span> <span class='ocrx_word' id='word_1_531' title='bbox 1292 1989 1319 2036; x_wconf 89' lang='lat' dir='ltr'>et</span> <span class='ocrx_word' id='word_1_532' title='bbox 1331 1985 1356 2035; x_wconf 90' lang='lat' dir='ltr'>in</span> <span class='ocrx_word' id='word_1_533' title='bbox 1371 1999 1401 2036; x_wconf 89' lang='lat' dir='ltr'>eu</span> <span class='ocrx_word' id='word_1_534' title='bbox 1416 1984 1481 2036; x_wconf 92' lang='lat' dir='ltr'>bello</span> <span class='ocrx_word' id='word_1_535' title='bbox 1495 1986 1592 2049; x_wconf 82' lang='lat' dir='ltr'>utrique</span> <span class='ocrx_word' id='word_1_536' title='bbox 1602 2023 1608 2047; x_wconf 94' lang='lat'>,</span> <span class='ocrx_word' id='word_1_537' title='bbox 1619 1986 1704 2036; x_wconf 86' lang='lat' dir='ltr'>mullis</span> 
     </span>
     <span class='ocr_line' id='line_1_74' title="bbox 927 2089 1704 2163; baseline 0.001 -24"><span class='ocrx_word' id='word_1_538' title='bbox 927 2089 1003 2154; x_wconf 87' lang='lat' dir='ltr'>copiis</span> <span class='ocrx_word' id='word_1_539' title='bbox 1020 2090 1131 2163; x_wconf 78' lang='lat' dir='ltr'>arnissis,</span> <span class='ocrx_word' id='word_1_540' title='bbox 1150 2089 1202 2154; x_wconf 80' lang='lat' dir='ltr'>agri</span> <span class='ocrx_word' id='word_1_541' title='bbox 1218 2091 1286 2154; x_wconf 84' lang='lat' dir='ltr'>parte</span> <span class='ocrx_word' id='word_1_542' title='bbox 1304 2089 1429 2151; x_wconf 87' lang='lat' dir='ltr'>mulctati,</span> <span class='ocrx_word' id='word_1_543' title='bbox 1446 2089 1568 2140; x_wconf 88' lang='lat' dir='ltr'>rictoruro</span> <span class='ocrx_word' id='word_1_544' title='bbox 1584 2089 1704 2153; x_wconf 84' lang='lat' dir='ltr'>irnpcratu</span> 
     </span>
     <span class='ocr_line' id='line_1_75' title="bbox 927 2190 1706 2258; baseline 0.001 -18"><span class='ocrx_word' id='word_1_545' title='bbox 927 2190 1006 2242; x_wconf 84' lang='lat' dir='ltr'>tacere</span> <span class='ocrx_word' id='word_1_546' title='bbox 1017 2192 1097 2241; x_wconf 82' lang='lat' dir='ltr'>eoacti</span> <span class='ocrx_word' id='word_1_547' title='bbox 1105 2195 1164 2242; x_wconf 85' lang='lat' dir='ltr'>sunt</span> <span class='ocrx_word' id='word_1_548' title='bbox 1175 2210 1181 2241; x_wconf 77' lang='grc' dir='ltr'>ε</span> <span class='ocrx_word' id='word_1_549' title='bbox 1192 2191 1224 2242; x_wconf 89' lang='lat' dir='ltr'>de</span> <span class='ocrx_word' id='word_1_550' title='bbox 1238 2191 1330 2254; x_wconf 83' lang='lat' dir='ltr'>quibus</span> <span class='ocrx_word' id='word_1_551' title='bbox 1340 2192 1365 2241; x_wconf 93' lang='lat' dir='ltr'>in</span> <span class='ocrx_word' id='word_1_552' title='bbox 1378 2192 1504 2258; x_wconf 72' lang='lat' dir='ltr'>superiore</span> <span class='ocrx_word' id='word_1_553' title='bbox 1512 2192 1578 2244; x_wconf 85' lang='lat' dir='ltr'>lilnu</span> <span class='ocrx_word' id='word_1_554' title='bbox 1589 2196 1706 2244; x_wconf 85' lang='lat' dir='ltr'>accurato</span> 
     </span>
     <span class='ocr_line' id='line_1_76' title="bbox 926 2297 1698 2363; baseline 0.001 -16"><span class='ocrx_word' id='word_1_555' title='bbox 926 2298 976 2362; x_wconf 79' lang='lat' dir='ltr'>egi.</span> <span class='ocrx_word' id='word_1_556' title='bbox 1010 2299 1058 2349; x_wconf 84' lang='lat' dir='ltr'>Sed</span> <span class='ocrx_word' id='word_1_557' title='bbox 1085 2301 1164 2349; x_wconf 83' lang='lat' dir='ltr'>Nurrra</span> <span class='ocrx_word' id='word_1_558' title='bbox 1188 2297 1310 2362; x_wconf 84' lang='lat' dir='ltr'>Pompilio</span> <span class='ocrx_word' id='word_1_559' title='bbox 1342 2302 1458 2363; x_wconf 77' lang='lat' dir='ltr'>regnante</span> <span class='ocrx_word' id='word_1_560' title='bbox 1489 2311 1549 2362; x_wconf 90' lang='lat' dir='ltr'>pace</span> <span class='ocrx_word' id='word_1_561' title='bbox 1579 2302 1698 2362; x_wconf 87' lang='lat' dir='ltr'>perpetua</span> 
     </span>
     <span class='ocr_line' id='line_1_77' title="bbox 929 2398 1707 2464; baseline 0.004 -16"><span class='ocrx_word' id='word_1_562' title='bbox 929 2400 1052 2458; x_wconf 75' lang='lat' dir='ltr'>fruentes,</span> <span class='ocrx_word' id='word_1_563' title='bbox 1064 2401 1137 2451; x_wconf 86' lang='lat' dir='ltr'>ratde</span> <span class='ocrx_word' id='word_1_564' title='bbox 1149 2405 1176 2451; x_wconf 92' lang='lat' dir='ltr'>et</span> <span class='ocrx_word' id='word_1_565' title='bbox 1185 2401 1294 2450; x_wconf 79' lang='lat' dir='ltr'>virorum</span> <span class='ocrx_word' id='word_1_566' title='bbox 1305 2413 1408 2451; x_wconf 84' lang='lat' dir='ltr'>numero</span> <span class='ocrx_word' id='word_1_567' title='bbox 1417 2404 1443 2450; x_wconf 91' lang='lat' dir='ltr'>et</span> <span class='ocrx_word' id='word_1_568' title='bbox 1456 2398 1549 2451; x_wconf 77' lang='grc' dir='ltr'>ιίἰνὶίὶίε</span> <span class='ocrx_word' id='word_1_569' title='bbox 1563 2403 1590 2450; x_wconf 92' lang='lat' dir='ltr'>et</span> <span class='ocrx_word' id='word_1_570' title='bbox 1603 2399 1707 2464; x_wconf 84' lang='lat' dir='ltr'>reliquis</span> 
     </span>
     <span class='ocr_line' id='line_1_78' title="bbox 930 2503 1705 2568; baseline 0.004 -16"><span class='ocrx_word' id='word_1_571' title='bbox 930 2504 1053 2554; x_wconf 70' lang='lat' dir='ltr'>felicitatis</span> <span class='ocrx_word' id='word_1_572' title='bbox 1065 2505 1174 2568; x_wconf 87' lang='lat' dir='ltr'>partibus</span> <span class='ocrx_word' id='word_1_573' title='bbox 1186 2506 1251 2555; x_wconf 87' lang='lat' dir='ltr'>aucti</span> <span class='ocrx_word' id='word_1_574' title='bbox 1262 2509 1331 2555; x_wconf 76' lang='lat' dir='ltr'>sunt,</span> <span class='ocrx_word' id='word_1_575' title='bbox 1369 2504 1506 2568; x_wconf 80' lang='lat' dir='ltr'>liaeigitur</span> <span class='ocrx_word' id='word_1_576' title='bbox 1520 2503 1636 2555; x_wconf 75' lang='lat' dir='ltr'>felicitate</span> <span class='ocrx_word' id='word_1_577' title='bbox 1647 2505 1705 2555; x_wconf 86' lang='lat' dir='ltr'>eloti</span> 
     </span>
     <span class='ocr_line' id='line_1_79' title="bbox 928 2608 1704 2676; baseline 0.008 -20"><span class='ocrx_word' id='word_1_578' title='bbox 928 2608 960 2657; x_wconf 87' lang='lat' dir='ltr'>ad</span> <span class='ocrx_word' id='word_1_579' title='bbox 978 2609 1116 2661; x_wconf 89' lang='lat' dir='ltr'>libertatern</span> <span class='ocrx_word' id='word_1_580' title='bbox 1136 2612 1226 2662; x_wconf 87' lang='lat' dir='ltr'>iterum</span> <span class='ocrx_word' id='word_1_581' title='bbox 1245 2611 1417 2676; x_wconf 70' lang='lat' dir='ltr'>respirabant,</span> <span class='ocrx_word' id='word_1_582' title='bbox 1436 2614 1462 2662; x_wconf 90' lang='lat' dir='ltr'>et</span> <span class='ocrx_word' id='word_1_583' title='bbox 1474 2611 1588 2662; x_wconf 85' lang='lat' dir='ltr'>elatiores</span> <span class='ocrx_word' id='word_1_584' title='bbox 1602 2611 1704 2676; x_wconf 85' lang='lat' dir='ltr'>spiritus</span> 
     </span>
     <span class='ocr_line' id='line_1_80' title="bbox 927 2716 1703 2782; baseline 0 -16"><span class='ocrx_word' id='word_1_585' title='bbox 927 2717 1099 2778; x_wconf 75' lang='lat' dir='ltr'>assumebant,</span> <span class='ocrx_word' id='word_1_586' title='bbox 1113 2731 1187 2781; x_wconf 86' lang='lat' dir='ltr'>seque</span> <span class='ocrx_word' id='word_1_587' title='bbox 1206 2720 1325 2782; x_wconf 83' lang='lat' dir='ltr'>parabant</span> <span class='ocrx_word' id='word_1_588' title='bbox 1342 2718 1374 2768; x_wconf 92' lang='lat' dir='ltr'>ad</span> <span class='ocrx_word' id='word_1_589' title='bbox 1392 2720 1556 2769; x_wconf 76' lang='lat' dir='ltr'>Rornanorum</span> <span class='ocrx_word' id='word_1_590' title='bbox 1573 2716 1703 2780; x_wconf 84' lang='lat' dir='ltr'>imperinm</span> 
     </span>
     <span class='ocr_line' id='line_1_81' title="bbox 926 2823 1702 2890; baseline -0.003 -17"><span class='ocrx_word' id='word_1_591' title='bbox 926 2824 951 2873; x_wconf 89' lang='lat' dir='ltr'>in</span> <span class='ocrx_word' id='word_1_592' title='bbox 968 2826 1091 2887; x_wconf 91' lang='lat' dir='ltr'>posterum</span> <span class='ocrx_word' id='word_1_593' title='bbox 1106 2823 1299 2875; x_wconf 85' lang='lat' dir='ltr'>detrectandam.</span> <span class='ocrx_word' id='word_1_594' title='bbox 1338 2824 1496 2890; x_wconf 68' lang='lat' dir='ltr'>aliquamdiu</span> <span class='ocrx_word' id='word_1_595' title='bbox 1509 2824 1619 2888; x_wconf 85' lang='lat' dir='ltr'>ipsorum</span> <span class='ocrx_word' id='word_1_596' title='bbox 1641 2835 1702 2872; x_wconf 90' lang='grc' dir='ltr'>συει-</span> 
     </span>
     <span class='ocr_line' id='line_1_82' title="bbox 927 2925 1705 2990; baseline -0.001 -15"><span class='ocrx_word' id='word_1_597' title='bbox 927 2925 1009 2976; x_wconf 87' lang='lat' dir='ltr'>silium</span> <span class='ocrx_word' id='word_1_598' title='bbox 1029 2925 1172 2977; x_wconf 85' lang='lat' dir='ltr'>delectionis</span> <span class='ocrx_word' id='word_1_599' title='bbox 1190 2927 1275 2988; x_wconf 87' lang='lat' dir='ltr'>latuit,</span> <span class='ocrx_word' id='word_1_600' title='bbox 1295 2926 1339 2976; x_wconf 91' lang='lat' dir='ltr'>sed</span> <span class='ocrx_word' id='word_1_601' title='bbox 1359 2927 1452 2977; x_wconf 77' lang='lat' dir='ltr'>Albano</span> <span class='ocrx_word' id='word_1_602' title='bbox 1468 2925 1533 2977; x_wconf 93' lang='lat' dir='ltr'>bellu</span> <span class='ocrx_word' id='word_1_603' title='bbox 1552 2925 1705 2990; x_wconf 80' lang='lat' dir='ltr'>patefactum</span> 
     </span>
     <span class='ocr_line' id='line_1_83' title="bbox 926 3030 1703 3084; baseline -0.001 -3"><span class='ocrx_word' id='word_1_604' title='bbox 926 3035 972 3081; x_wconf 87' lang='lat' dir='ltr'>est.</span> <span class='ocrx_word' id='word_1_605' title='bbox 1006 3032 1068 3083; x_wconf 80' lang='lat' dir='ltr'>(luto</span> <span class='ocrx_word' id='word_1_606' title='bbox 1097 3032 1161 3083; x_wconf 85' lang='lat' dir='ltr'>enirn</span> <span class='ocrx_word' id='word_1_607' title='bbox 1185 3032 1311 3082; x_wconf 63' lang='lat' dir='ltr'>audissent</span> <span class='ocrx_word' id='word_1_608' title='bbox 1336 3037 1457 3084; x_wconf 76' lang='lat' dir='ltr'>{ternanos</span> <span class='ocrx_word' id='word_1_609' title='bbox 1477 3048 1507 3084; x_wconf 85' lang='lat' dir='ltr'>er</span> <span class='ocrx_word' id='word_1_610' title='bbox 1530 3033 1582 3082; x_wconf 89' lang='lat' dir='ltr'>suis</span> <span class='ocrx_word' id='word_1_611' title='bbox 1610 3030 1703 3081; x_wconf 80' lang='lat' dir='ltr'>tinibus</span> 
     </span>
     <span class='ocr_line' id='line_1_84' title="bbox 927 3136 1702 3203; baseline 0 -17"><span class='ocrx_word' id='word_1_612' title='bbox 927 3136 1041 3188; x_wconf 84' lang='lat' dir='ltr'>erunibus</span> <span class='ocrx_word' id='word_1_613' title='bbox 1061 3138 1138 3202; x_wconf 88' lang='lat' dir='ltr'>copiis</span> <span class='ocrx_word' id='word_1_614' title='bbox 1157 3151 1278 3201; x_wconf 73' lang='lat' dir='ltr'>egressos,</span> <span class='ocrx_word' id='word_1_615' title='bbox 1299 3143 1325 3188; x_wconf 90' lang='lat' dir='ltr'>ut</span> <span class='ocrx_word' id='word_1_616' title='bbox 1347 3139 1508 3203; x_wconf 75' lang='lat' dir='ltr'>proliacum</span> <span class='ocrx_word' id='word_1_617' title='bbox 1531 3137 1631 3188; x_wconf 81' lang='lat' dir='ltr'>Albanis</span> <span class='ocrx_word' id='word_1_618' title='bbox 1656 3137 1702 3186; x_wconf 89' lang='lat' dir='ltr'>dc-</span> 
     </span>
     <span class='ocr_line' id='line_1_85' title="bbox 926 3242 1703 3308; baseline -0.001 -17"><span class='ocrx_word' id='word_1_619' title='bbox 926 3245 1064 3306; x_wconf 88' lang='lat' dir='ltr'>ccruerent,</span> <span class='ocrx_word' id='word_1_620' title='bbox 1086 3244 1133 3294; x_wconf 88' lang='lat' dir='ltr'>rati</span> <span class='ocrx_word' id='word_1_621' title='bbox 1151 3257 1178 3294; x_wconf 88' lang='lat' dir='ltr'>se</span> <span class='ocrx_word' id='word_1_622' title='bbox 1194 3245 1311 3308; x_wconf 87' lang='lat' dir='ltr'>optirnurn</span> <span class='ocrx_word' id='word_1_623' title='bbox 1330 3258 1373 3293; x_wconf 88' lang='lat' dir='ltr'>eos</span> <span class='ocrx_word' id='word_1_624' title='bbox 1399 3242 1532 3295; x_wconf 80' lang='lat' dir='ltr'>inuadendi</span> <span class='ocrx_word' id='word_1_625' title='bbox 1550 3243 1703 3293; x_wconf 79' lang='lat' dir='ltr'>ucaasionero</span> 
     </span>
     <span class='ocr_line' id='line_1_86' title="bbox 926 3345 1702 3410; baseline 0.001 -18"><span class='ocrx_word' id='word_1_626' title='bbox 926 3348 1024 3406; x_wconf 87' lang='lat' dir='ltr'>nactos,</span> <span class='ocrx_word' id='word_1_627' title='bbox 1035 3345 1098 3395; x_wconf 85' lang='lat' dir='ltr'>claro</span> <span class='ocrx_word' id='word_1_628' title='bbox 1115 3347 1276 3409; x_wconf 83' lang='lat' dir='ltr'>potentissind</span> <span class='ocrx_word' id='word_1_629' title='bbox 1288 3348 1380 3410; x_wconf 89' lang='lat' dir='ltr'>quique</span> <span class='ocrx_word' id='word_1_630' title='bbox 1398 3347 1565 3406; x_wconf 84' lang='lat' dir='ltr'>curduraraot,</span> <span class='ocrx_word' id='word_1_631' title='bbox 1575 3349 1604 3394; x_wconf 90' lang='lat' dir='ltr'>ut</span> <span class='ocrx_word' id='word_1_632' title='bbox 1616 3356 1702 3394; x_wconf 84' lang='lat' dir='ltr'>eronus</span> 
     </span>
     <span class='ocr_line' id='line_1_87' title="bbox 926 3446 1701 3512; baseline 0.004 -20"><span class='ocrx_word' id='word_1_633' title='bbox 926 3446 968 3508; x_wconf 88' lang='lat' dir='ltr'>qul</span> <span class='ocrx_word' id='word_1_634' title='bbox 981 3459 1024 3510; x_wconf 92' lang='lat' dir='ltr'>per</span> <span class='ocrx_word' id='word_1_635' title='bbox 1036 3449 1134 3496; x_wconf 71' lang='lat' dir='ltr'>etatem</span> <span class='ocrx_word' id='word_1_636' title='bbox 1147 3459 1216 3496; x_wconf 76' lang='lat' dir='ltr'>arura</span> <span class='ocrx_word' id='word_1_637' title='bbox 1228 3448 1290 3499; x_wconf 88' lang='lat' dir='ltr'>terre</span> <span class='ocrx_word' id='word_1_638' title='bbox 1301 3452 1402 3512; x_wconf 84' lang='lat' dir='ltr'>possent</span> <span class='ocrx_word' id='word_1_639' title='bbox 1418 3449 1521 3498; x_wconf 80' lang='lat' dir='ltr'>Fidenas</span> <span class='ocrx_word' id='word_1_640' title='bbox 1536 3448 1701 3506; x_wconf 78' lang='lat' dir='ltr'>convenirent,</span> 
     </span>
     <span class='ocr_line' id='line_1_88' title="bbox 926 3549 1701 3615; baseline -0.001 -14"><span class='ocrx_word' id='word_1_641' title='bbox 926 3552 987 3601; x_wconf 87' lang='lat' dir='ltr'>etam</span> <span class='ocrx_word' id='word_1_642' title='bbox 1005 3552 1030 3601; x_wconf 82' lang='lat' dir='ltr'>et</span> <span class='ocrx_word' id='word_1_643' title='bbox 1047 3550 1096 3600; x_wconf 84' lang='lat' dir='ltr'>rari</span> <span class='ocrx_word' id='word_1_644' title='bbox 1115 3549 1254 3613; x_wconf 82' lang='lat' dir='ltr'>vanientes,</span> <span class='ocrx_word' id='word_1_645' title='bbox 1268 3555 1296 3602; x_wconf 94' lang='lat' dir='ltr'>ut</span> <span class='ocrx_word' id='word_1_646' title='bbox 1306 3552 1343 3603; x_wconf 87' lang='lat' dir='ltr'>eis</span> <span class='ocrx_word' id='word_1_647' title='bbox 1358 3552 1449 3615; x_wconf 86' lang='lat' dir='ltr'>quibus</span> <span class='ocrx_word' id='word_1_648' title='bbox 1466 3551 1642 3602; x_wconf 83' lang='lat' dir='ltr'>insidiabantur</span> <span class='ocrx_word' id='word_1_649' title='bbox 1653 3551 1701 3600; x_wconf 89' lang='lat' dir='ltr'>roi·</span> 
     </span>
     <span class='ocr_line' id='line_1_89' title="bbox 926 3653 1701 3719; baseline 0.006 -16"><span class='ocrx_word' id='word_1_650' title='bbox 926 3654 990 3704; x_wconf 88' lang='lat' dir='ltr'>olore</span> <span class='ocrx_word' id='word_1_651' title='bbox 1006 3653 1198 3716; x_wconf 85' lang='lat' dir='ltr'>innotescereut;</span> <span class='ocrx_word' id='word_1_652' title='bbox 1223 3660 1297 3719; x_wconf 86' lang='lat' dir='ltr'>atque</span> <span class='ocrx_word' id='word_1_653' title='bbox 1314 3656 1349 3708; x_wconf 88' lang='lat' dir='ltr'>ibi</span> <span class='ocrx_word' id='word_1_654' title='bbox 1371 3658 1534 3709; x_wconf 81' lang='lat' dir='ltr'>subsistentes</span> <span class='ocrx_word' id='word_1_655' title='bbox 1549 3659 1701 3709; x_wconf 83' lang='lat' dir='ltr'>occasionem</span> 
     </span>
     <span class='ocr_line' id='line_1_90' title="bbox 926 3746 1700 3828; baseline 0.008 -21"><span class='ocrx_word' id='word_1_656' title='bbox 926 3759 1108 3822; x_wconf 80' lang='lat' dir='ltr'>exspectarent,</span> <span class='ocrx_word' id='word_1_657' title='bbox 1119 3757 1215 3821; x_wconf 82' lang='lat' dir='ltr'>quondo</span> <span class='ocrx_word' id='word_1_658' title='bbox 1234 3762 1398 3812; x_wconf 77' lang='lat' dir='ltr'>Rornanorum</span> <span class='ocrx_word' id='word_1_659' title='bbox 1416 3767 1440 3812; x_wconf 91' lang='lat' dir='ltr'>et</span> <span class='ocrx_word' id='word_1_660' title='bbox 1457 3746 1608 3812; x_wconf 78' lang='lat' dir='ltr'>Albanorum</span> <span class='ocrx_word' id='word_1_661' title='bbox 1623 3762 1700 3828; x_wconf 75' lang='grc' dir='ltr'>μορίω</span> 
     </span>
     <span class='ocr_line' id='line_1_91' title="bbox 927 3857 1699 3924; baseline 0.005 -15"><span class='ocrx_word' id='word_1_662' title='bbox 927 3873 957 3910; x_wconf 81' lang='grc' dir='ltr'>εκ</span> <span class='ocrx_word' id='word_1_663' title='bbox 970 3857 1057 3908; x_wconf 87' lang='lat' dir='ltr'>castris</span> <span class='ocrx_word' id='word_1_664' title='bbox 1076 3870 1180 3922; x_wconf 71' lang='lat' dir='ltr'>egressae</span> <span class='ocrx_word' id='word_1_665' title='bbox 1198 3858 1229 3908; x_wconf 89' lang='lat' dir='ltr'>ad</span> <span class='ocrx_word' id='word_1_666' title='bbox 1247 3863 1371 3910; x_wconf 82' lang='lat' dir='ltr'>certarnen</span> <span class='ocrx_word' id='word_1_667' title='bbox 1387 3860 1512 3924; x_wconf 79' lang='lat' dir='ltr'>prodirent</span> <span class='ocrx_word' id='word_1_668' title='bbox 1528 3879 1534 3911; x_wconf 78' lang='grc' dir='ltr'>τ</span> <span class='ocrx_word' id='word_1_669' title='bbox 1552 3861 1598 3912; x_wconf 87' lang='lat' dir='ltr'>truc</span> <span class='ocrx_word' id='word_1_670' title='bbox 1616 3867 1699 3914; x_wconf 88' lang='lat' dir='ltr'>autern</span> 
     </span>
     <span class='ocr_line' id='line_1_92' title="bbox 925 3960 1698 4026; baseline -0.006 -8"><span class='ocrx_word' id='word_1_671' title='bbox 925 3967 1054 4018; x_wconf 79' lang='lat' dir='ltr'>illiserunt</span> <span class='ocrx_word' id='word_1_672' title='bbox 1073 3961 1232 4026; x_wconf 78' lang='lat' dir='ltr'>signidenturl</span> <span class='ocrx_word' id='word_1_673' title='bbox 1248 3960 1317 4023; x_wconf 70' lang='lat' dir='ltr'>signo</span> <span class='ocrx_word' id='word_1_674' title='bbox 1332 3960 1392 4009; x_wconf 91' lang='lat' dir='ltr'>dato</span> <span class='ocrx_word' id='word_1_675' title='bbox 1410 3961 1577 4024; x_wconf 85' lang='lat' dir='ltr'>speculatores</span> <span class='ocrx_word' id='word_1_676' title='bbox 1597 3961 1698 4024; x_wconf 85' lang='lat' dir='ltr'>quidam</span> 
     </span>
     <span class='ocr_line' id='line_1_93' title="bbox 925 4060 1700 4125; baseline -0.01 -6"><span class='ocrx_word' id='word_1_677' title='bbox 925 4069 950 4119; x_wconf 85' lang='lat' dir='ltr'>tn</span> <span class='ocrx_word' id='word_1_678' title='bbox 962 4064 1085 4117; x_wconf 85' lang='lat' dir='ltr'>montibus</span> <span class='ocrx_word' id='word_1_679' title='bbox 1102 4062 1291 4113; x_wconf 85' lang='lat' dir='ltr'>delitescentes:</span> <span class='ocrx_word' id='word_1_680' title='bbox 1304 4060 1361 4110; x_wconf 87' lang='lat' dir='ltr'>dato</span> <span class='ocrx_word' id='word_1_681' title='bbox 1374 4065 1455 4111; x_wconf 78' lang='lat' dir='ltr'>autern</span> <span class='ocrx_word' id='word_1_682' title='bbox 1470 4061 1539 4125; x_wconf 80' lang='lat' dir='ltr'>siguo</span> <span class='ocrx_word' id='word_1_683' title='bbox 1555 4075 1639 4111; x_wconf 85' lang='grc' dir='ltr'>υιιιιισε</span> <span class='ocrx_word' id='word_1_684' title='bbox 1657 4075 1700 4111; x_wconf 87' lang='lat' dir='ltr'>ar·</span> 
     </span>
     <span class='ocr_line' id='line_1_94' title="bbox 925 4160 1701 4229; baseline -0.001 -15"><span class='ocrx_word' id='word_1_685' title='bbox 925 4169 973 4220; x_wconf 83' lang='lat' dir='ltr'>mis</span> <span class='ocrx_word' id='word_1_686' title='bbox 989 4164 1107 4229; x_wconf 84' lang='lat' dir='ltr'>correptis</span> <span class='ocrx_word' id='word_1_687' title='bbox 1124 4162 1150 4212; x_wconf 92' lang='lat' dir='ltr'>in</span> <span class='ocrx_word' id='word_1_688' title='bbox 1165 4174 1208 4210; x_wconf 86' lang='lat' dir='ltr'>eos</span> <span class='ocrx_word' id='word_1_689' title='bbox 1226 4160 1337 4210; x_wconf 83' lang='lat' dir='ltr'>celeriter</span> <span class='ocrx_word' id='word_1_690' title='bbox 1349 4161 1465 4225; x_wconf 86' lang='lat' dir='ltr'>irnpetum</span> <span class='ocrx_word' id='word_1_691' title='bbox 1484 4162 1701 4226; x_wconf 84' lang='lat' dir='ltr'>tacereoportcbat</span> 
     </span>
     <span class='ocr_line' id='line_1_95' title="bbox 925 4262 1701 4333; baseline -0.009 -14"><span class='ocrx_word' id='word_1_692' title='bbox 925 4268 1048 4333; x_wconf 87' lang='lat' dir='ltr'>(spatiurn</span> <span class='ocrx_word' id='word_1_693' title='bbox 1064 4266 1130 4315; x_wconf 87' lang='lat' dir='ltr'>enirn</span> <span class='ocrx_word' id='word_1_694' title='bbox 1154 4264 1216 4314; x_wconf 89' lang='lat' dir='ltr'>inter</span> <span class='ocrx_word' id='word_1_695' title='bbox 1245 4262 1347 4312; x_wconf 79' lang='lat' dir='ltr'>Fidenas</span> <span class='ocrx_word' id='word_1_696' title='bbox 1369 4265 1394 4313; x_wconf 91' lang='lat' dir='ltr'>et</span> <span class='ocrx_word' id='word_1_697' title='bbox 1411 4267 1490 4312; x_wconf 78' lang='lat' dir='ltr'>castro</span> <span class='ocrx_word' id='word_1_698' title='bbox 1517 4276 1565 4312; x_wconf 91' lang='lat' dir='ltr'>non</span> <span class='ocrx_word' id='word_1_699' title='bbox 1585 4276 1701 4325; x_wconf 74' lang='lat' dir='ltr'>magnum</span> 
     </span>
     <span class='ocr_line' id='line_1_96' title="bbox 925 4361 1698 4430; baseline -0.014 -11"><span class='ocrx_word' id='word_1_700' title='bbox 925 4372 991 4430; x_wconf 85' lang='lat' dir='ltr'>erat,</span> <span class='ocrx_word' id='word_1_701' title='bbox 1007 4367 1050 4418; x_wconf 89' lang='lat' dir='ltr'>sed</span> <span class='ocrx_word' id='word_1_702' title='bbox 1067 4368 1098 4416; x_wconf 88' lang='lat' dir='ltr'>ad</span> <span class='ocrx_word' id='word_1_703' title='bbox 1112 4377 1235 4415; x_wconf 80' lang='lat' dir='ltr'>saturnum</span> <span class='ocrx_word' id='word_1_704' title='bbox 1250 4366 1370 4426; x_wconf 88' lang='lat' dir='ltr'>quantum</span> <span class='ocrx_word' id='word_1_705' title='bbox 1388 4362 1487 4412; x_wconf 76' lang='lat' dir='ltr'>duellas</span> <span class='ocrx_word' id='word_1_706' title='bbox 1507 4362 1617 4413; x_wconf 79' lang='lat' dir='ltr'>tribusve</span> <span class='ocrx_word' id='word_1_707' title='bbox 1631 4361 1698 4411; x_wconf 90' lang='lat' dir='ltr'>boris</span> 
     </span>
     <span class='ocr_line' id='line_1_97' title="bbox 924 4460 1699 4533; baseline -0.012 -14"><span class='ocrx_word' id='word_1_708' title='bbox 924 4469 1009 4519; x_wconf 74' lang='lat' dir='ltr'>mullei</span> <span class='ocrx_word' id='word_1_709' title='bbox 1027 4471 1126 4533; x_wconf 89' lang='lat' dir='ltr'>potest)</span> <span class='ocrx_word' id='word_1_710' title='bbox 1141 4472 1166 4519; x_wconf 89' lang='lat' dir='ltr'>et</span> <span class='ocrx_word' id='word_1_711' title='bbox 1176 4467 1260 4531; x_wconf 76' lang='lat' dir='ltr'>paculio</span> <span class='ocrx_word' id='word_1_712' title='bbox 1270 4463 1320 4514; x_wconf 81' lang='lat' dir='ltr'>ianr</span> <span class='ocrx_word' id='word_1_713' title='bbox 1329 4463 1442 4514; x_wconf 89' lang='lat' dir='ltr'>contecto</span> <span class='ocrx_word' id='word_1_714' title='bbox 1456 4467 1484 4512; x_wconf 91' lang='lat' dir='ltr'>ut</span> <span class='ocrx_word' id='word_1_715' title='bbox 1495 4465 1547 4513; x_wconf 84' lang='lat' dir='ltr'>crat</span> <span class='ocrx_word' id='word_1_716' title='bbox 1567 4460 1699 4512; x_wconf 82' lang='lat' dir='ltr'>verisimile</span> 
     </span>
     <span class='ocr_line' id='line_1_98' title="bbox 924 4562 1698 4633; baseline -0.014 -13"><span class='ocrx_word' id='word_1_717' title='bbox 924 4571 949 4620; x_wconf 91' lang='lat' dir='ltr'>in</span> <span class='ocrx_word' id='word_1_718' title='bbox 967 4572 1125 4633; x_wconf 81' lang='lat' dir='ltr'>conspectura</span> <span class='ocrx_word' id='word_1_719' title='bbox 1145 4568 1260 4617; x_wconf 72' lang='lat' dir='ltr'>lunellum</span> <span class='ocrx_word' id='word_1_720' title='bbox 1273 4564 1412 4625; x_wconf 80' lang='lat' dir='ltr'>redientes,</span> <span class='ocrx_word' id='word_1_721' title='bbox 1423 4577 1509 4614; x_wconf 82' lang='lat' dir='ltr'>ornnes</span> <span class='ocrx_word' id='word_1_722' title='bbox 1526 4562 1698 4627; x_wconf 77' lang='lat' dir='ltr'>prebentibus</span> 
     </span>
     <span class='ocr_line' id='line_1_99' title="bbox 924 4660 1699 4733; baseline -0.021 -10"><span class='ocrx_word' id='word_1_723' title='bbox 924 4675 1027 4733; x_wconf 82' lang='lat' dir='ltr'>habere,</span> <span class='ocrx_word' id='word_1_724' title='bbox 1043 4675 1066 4722; x_wconf 91' lang='lat' dir='ltr'>ct</span> <span class='ocrx_word' id='word_1_725' title='bbox 1085 4671 1137 4720; x_wconf 79' lang='lat' dir='ltr'>sire</span> <span class='ocrx_word' id='word_1_726' title='bbox 1159 4668 1244 4718; x_wconf 74' lang='lat' dir='ltr'>Albani</span> <span class='ocrx_word' id='word_1_727' title='bbox 1265 4667 1318 4717; x_wconf 82' lang='lat' dir='ltr'>sire</span> <span class='ocrx_word' id='word_1_728' title='bbox 1334 4664 1436 4717; x_wconf 79' lang='lat' dir='ltr'>Rotnani</span> <span class='ocrx_word' id='word_1_729' title='bbox 1455 4663 1570 4714; x_wconf 82' lang='lat' dir='ltr'>vicissent</span> <span class='ocrx_word' id='word_1_730' title='bbox 1593 4660 1699 4710; x_wconf 79' lang='lat' dir='ltr'>victores</span> 
     </span>
     <span class='ocr_line' id='line_1_100' title="bbox 924 4758 1698 4833; baseline -0.026 -7"><span class='ocrx_word' id='word_1_731' title='bbox 924 4774 1066 4826; x_wconf 82' lang='lat' dir='ltr'>interlicere.</span> <span class='ocrx_word' id='word_1_732' title='bbox 1100 4773 1160 4821; x_wconf 76' lang='lat' dir='ltr'>Huc</span> <span class='ocrx_word' id='word_1_733' title='bbox 1173 4769 1295 4833; x_wconf 85' lang='lat' dir='ltr'>principes</span> <span class='ocrx_word' id='word_1_734' title='bbox 1310 4767 1407 4818; x_wconf 88' lang='lat' dir='ltr'>illanrnr</span> <span class='ocrx_word' id='word_1_735' title='bbox 1419 4766 1546 4816; x_wconf 81' lang='lat' dir='ltr'>civitatum</span> <span class='ocrx_word' id='word_1_736' title='bbox 1557 4761 1638 4809; x_wconf 65' lang='lat' dir='ltr'>inicere</span> <span class='ocrx_word' id='word_1_737' title='bbox 1655 4758 1698 4807; x_wconf 87' lang='lat' dir='ltr'>de·</span> 
     </span>
     <span class='ocr_line' id='line_1_101' title="bbox 924 4860 1697 4935; baseline -0.023 -10"><span class='ocrx_word' id='word_1_738' title='bbox 924 4875 1060 4925; x_wconf 75' lang='lat' dir='ltr'>creverant.</span> <span class='ocrx_word' id='word_1_739' title='bbox 1094 4870 1118 4920; x_wconf 90' lang='lat' dir='ltr'>si</span> <span class='ocrx_word' id='word_1_740' title='bbox 1135 4870 1207 4935; x_wconf 78' lang='lat' dir='ltr'>igitur</span> <span class='ocrx_word' id='word_1_741' title='bbox 1217 4866 1432 4918; x_wconf 79' lang='lat' dir='ltr'>audaciusatbanl</span> <span class='ocrx_word' id='word_1_742' title='bbox 1443 4860 1588 4925; x_wconf 82' lang='lat' dir='ltr'>contemptis</span> <span class='ocrx_word' id='word_1_743' title='bbox 1605 4861 1697 4908; x_wconf 82' lang='lat' dir='ltr'>Rorna-</span> 
     </span>
    </p>
   </div>
   <div class='ocr_carea' id='block_1_8' title="bbox 923 4962 1713 5227">
    <p class='ocr_par' dir='ltr' id='par_1_10' title="bbox 923 4962 1713 5227">
     <span class='ocr_line' id='line_1_102' title="bbox 924 4962 1697 5029; baseline -0.017 -5"><span class='ocrx_word' id='word_1_744' title='bbox 924 4973 995 5024; x_wconf 90' lang='lat' dir='ltr'>nisio</span> <span class='ocrx_word' id='word_1_745' title='bbox 1008 4973 1130 5022; x_wconf 74' lang='lat' dir='ltr'>cenoman</span> <span class='ocrx_word' id='word_1_746' title='bbox 1143 4970 1243 5020; x_wconf 79' lang='lat' dir='ltr'>ivissem</span> <span class='ocrx_word' id='word_1_747' title='bbox 1252 4972 1276 5018; x_wconf 84' lang='lat' dir='ltr'>et</span> <span class='ocrx_word' id='word_1_748' title='bbox 1286 4969 1358 5017; x_wconf 86' lang='lat' dir='ltr'>unico</span> <span class='ocrx_word' id='word_1_749' title='bbox 1368 4965 1454 5029; x_wconf 76' lang='lat' dir='ltr'>prolia</span> <span class='ocrx_word' id='word_1_750' title='bbox 1462 4962 1494 5012; x_wconf 92' lang='lat' dir='ltr'>de</span> <span class='ocrx_word' id='word_1_751' title='bbox 1504 4973 1585 5011; x_wconf 87' lang='lat' dir='ltr'>rernm</span> <span class='ocrx_word' id='word_1_752' title='bbox 1599 4972 1697 5011; x_wconf 87' lang='grc' dir='ltr'>ειιιιιιιιε</span> 
     </span>
     <span class='ocr_line' id='line_1_103' title="bbox 923 5055 1697 5135; baseline -0.019 -15"><span class='ocrx_word' id='word_1_753' title='bbox 923 5071 1056 5122; x_wconf 77' lang='lat' dir='ltr'>decernere</span> <span class='ocrx_word' id='word_1_754' title='bbox 1076 5067 1232 5122; x_wconf 76' lang='lat' dir='ltr'>statuissent,</span> <span class='ocrx_word' id='word_1_755' title='bbox 1255 5064 1314 5114; x_wconf 79' lang='lat' dir='ltr'>nillil</span> <span class='ocrx_word' id='word_1_756' title='bbox 1343 5059 1472 5126; x_wconf 85' lang='lat' dir='ltr'>probibere</span> <span class='ocrx_word' id='word_1_757' title='bbox 1490 5055 1633 5135; x_wconf 62' lang='lat' dir='ltr'>potuisset,⁴</span> <span class='ocrx_word' id='word_1_758' title='bbox 1645 5070 1697 5122; x_wconf 85' lang='lat' dir='ltr'>quo</span> 
     </span>
     <span class='ocr_line' id='line_1_104' title="bbox 923 5152 1713 5227; baseline -0.015 -10"><span class='ocrx_word' id='word_1_759' title='bbox 923 5167 1006 5216; x_wconf 86' lang='lat' dir='ltr'>miuus</span> <span class='ocrx_word' id='word_1_760' title='bbox 1016 5165 1111 5215; x_wconf 76' lang='lat' dir='ltr'>insidiae</span> <span class='ocrx_word' id='word_1_761' title='bbox 1121 5163 1180 5227; x_wconf 83' lang='lat' dir='ltr'>ipsis</span> <span class='ocrx_word' id='word_1_762' title='bbox 1194 5164 1286 5224; x_wconf 79' lang='lat' dir='ltr'>paratu</span> <span class='ocrx_word' id='word_1_763' title='bbox 1297 5160 1398 5210; x_wconf 86' lang='lat' dir='ltr'>laterent</span> <span class='ocrx_word' id='word_1_764' title='bbox 1415 5159 1441 5208; x_wconf 87' lang='lat' dir='ltr'>et</span> <span class='ocrx_word' id='word_1_765' title='bbox 1451 5160 1556 5221; x_wconf 84' lang='lat' dir='ltr'>uterque</span> <span class='ocrx_word' id='word_1_766' title='bbox 1572 5152 1713 5207; x_wconf 80' lang='lat' dir='ltr'>exercitus·</span> 
     </span>
    </p>
   </div>
   <div class='ocr_carea' id='block_1_9' title="bbox 1578 5256 1804 5455">
    <p class='ocr_par' dir='ltr' id='par_1_11' title="bbox 1578 5252 1804 5455">
     <span class='ocr_line' id='line_1_105' title="bbox 1578 5256 1804 5455; baseline -0.004 -14"><span class='ocrx_word' id='word_1_767' title='bbox 1578 5256 1599 5455; x_wconf 68' lang='grc' dir='ltr'><strong>ὲ</strong></span> <span class='ocrx_word' id='word_1_768' title='bbox 1648 5280 1804 5440; x_wconf 67' lang='lat' dir='ltr'>,a</span> 
     </span>
    </p>
   </div>
   <div class='ocr_carea' id='block_1_10' title="bbox 0 0 1890 5828">
    <p class='ocr_par' dir='ltr' id='par_1_12' title="bbox 0 0 1890 5828">
     <span class='ocr_line' id='line_1_106' title="bbox 0 0 1890 5828; baseline 0 0"><span class='ocrx_word' id='word_1_769' title='bbox 0 0 1890 5828; x_wconf 95' lang='lat' dir='ltr'> </span> 
     </span>
    </p>
   </div>
  </div>
 </body>
</html>
