3772 5828
163 312 221 375 382

164 441 292 514 τίσοντας
304 447 357 506 τοῖς
372 436 531 517 δημάρχοις,
540 434 609 496 ὅσων
622 433 654 494 διν
668 432 788 505 δέωνται,
804 432 851 494 καὶ
865 433 939 501 δίκας

165 529 196 597 ἃς
216 527 249 588 θν
265 526 442 608 ἐπιτρέψωσιν
458 527 551 585 ἐκεῖνοι
574 527 748 604 κρινοῦντας,
763 524 840 602 ἱερῶν
853 544 881 580 τε
896 518 942 582 καί

165 618 300 695 δημοσίων
315 616 404 676 τόπων
420 613 465 673 καί
488 617 535 684 τῆς
548 619 674 684 κατατὴν
690 613 788 690 ἀγορδιν
808 611 944 690 εὐετηρίας

166 703 416 787 ἐπιμελησομένους.
460 701 591 767 Λαύόντες
606 698 633 759 δέ
648 699 781 760 καὶτοῦτο
794 697 944 780 τδσυγχώ·

126 813 139 850 s
168 820 241 877 ρημα
263 793 339 876 παρδι
361 797 408 865 τῆς
424 792 519 871 βουλῆς
540 789 755 850 ἀποδεικνύουσιν
772 789 878 868 ἄνδρας,
900 787 944 857 οὐς

167 886 300 964 θειηρίτας
323 883 375 941 τῶν
397 879 543 960 δημάρχων
570 880 615 939 καὶ
635 877 815 959 συνάρχοντας
836 878 882 938 καλ
906 880 942 936 δι-

167 973 267 1042 καστὰς
294 975 418 1035 ἐκάλουν·
448 973 493 1028 ν’ὖν
517 967 608 1046 μέντοι
631 966 701 1026 κατὰ
723 966 769 1040 τὴν
803 966 944 1048 ἐπιχώριον

167 1066 287 1142 γλῶτταν
302 1064 348 1142 ἄρ’
370 1057 425 1127 ἐνὸς
439 1048 474 1116 ῶν
491 1056 651 1138 πράττουσιν
667 1055 751 1136 ἐργων
769 1057 846 1135 ίερῶν
857 1054 945 1113 τόπων

168 1150 327 1228 ἐπιμεληταί
340 1150 493 1224 καλοῦνται,
510 1145 557 1206 καί
572 1145 621 1218 τὴν
637 1144 755 1214 ἐξουσίαν
776 1143 864 1204 οὐκέτι
877 1147 945 1218 ὐπη-

115 1267 142 1304 εο
169 1239 274 1319 ρετικὴν
287 1236 381 1318 ἐτέρων
394 1237 508 1317 ίχουσιν,
520 1238 555 1304 ὡς
569 1234 707 1316 πρότερον,
718 1233 907 1314 ἐπιτέτραπται
918 1232 945 1292 il

169 1328 256 1394 αὐτοῖς
280 1325 430 1386 παλλακαὶ
458 1324 573 1404 μεγάλα,
590 1323 636 1383 καὶ
659 1321 752 1403 αχεδδν
771 1320 872 1383 ἐοίκασί
889 1345 946 1391 πως

168 1415 236 1476 κατὰ
250 1414 285 1475 τδι
305 1418 417 1474 πλεῖστα
431 1415 484 1481 τοῖς
497 1413 561 1494 παρ’
575 1411 706 1483 Ἕλλησιν
721 1410 904 1490 ἀγορανόμοις.

208 1505 280 1565 XCI.
296 1503 377 1564 Ἐπεὶ
391 1501 418 1561 δέ
432 1501 546 1574 κατέοτη
562 1500 595 1561 sd
607 1500 766 1581 πράγματα,
781 1499 826 1559 καί
840 1497 884 1557 τδν
897 1501 945 1558 ἐπ’

169 1594 254 1673 ἀρχῆς
264 1591 364 1669 κόσμον
379 1592 521 1668 ἐκομίσατο
539 1590 651 1662 ἡπόλις,
665 1588 710 1648 ἐπὶ
726 1592 785 1656 τούς
803 1586 853 1658 ἐξω
866 1591 946 1649 πολε-

11 1700 14 1705 ·
118 1703 143 1740 rs
171 1681 244 1754 μίους
260 1679 310 1738 ὐπὸ
323 1683 375 1739 τῶν
387 1678 524 1758 ἡγεμόνων
543 1675 654 1758 στρατιὰ
668 1676 834 1754 κατελέγετο,
845 1677 946 1750 πολλὴν

169 1768 385 1848 εἰσενεγκαμένου
404 1764 551 1847 προθυμίαν
565 1771 611 1825 τοῦ
625 1764 724 1842 δήμου,
740 1766 785 1824 καί
809 1765 842 1826 δι’
860 1766 948 1846 θλίγου

169 1855 264 1936 χρόνον
285 1861 373 1917 πάντα
388 1854 421 1913 τὰ
436 1858 472 1923 είς
485 1855 529 1915 τύν
546 1855 662 1932 πόλεμον
684 1856 819 1925 ἐπιτήδεια
833 1858 946 1937 εὐτρεπῆ

169 1944 337 2015 ποιήσαντος.
379 1947 440 2006 Τῶν
452 1944 480 2004 δέ
495 1944 602 2004 ύποίτων
617 1943 873 2022 διακληρωσαμένων
885 1945 947 2026 περί

170 2036 215 2105 τῆς
225 2032 355 2107 ἐξουσίας,
374 2037 408 2103 ώς
418 2034 489 2092 ἐστιν
506 2033 593 2100 αὐτοῖς
605 2031 673 2105 ἔθος,
686 2031 798 2112 Σπόριος
812 2031 861 2109 μέν
872 2033 946 2094 Κείσ-

117 2147 143 2187 εο
171 2146 234 2195 σιος,
256 2123 283 2191 θς
299 2123 379 2202 ἔλαχε
394 2121 442 2193 τὴν
459 2122 512 2179 τῶν
525 2119 595 2180 κατὰ
619 2116 666 2190 τὴν
684 2120 760 2178 πολιν
779 2119 944 2196 ἐπιμέλειαν,

170 2212 301 2288 ὑπέμεινε,
316 2217 394 2291 μέρος
408 2213 456 2280 τῆς
470 2207 673 2285 κατειλεγμένης
692 2206 827 2283 δυνάμεως
850 2209 881 2270 cd
901 2211 947 2289 αἰρ·

169 2303 230 2357 κούν
240 2298 330 2357 λαύών
343 2322 350 2335 ·
364 2298 519 2375 Πόστουμος
532 2296 560 2355 δέ
572 2294 696 2373 Κομίνιος
704 2294 779 2374 ἐξῆγε
792 2294 840 2367 τὴν
852 2297 946 2370 λοιπὴν

170 2386 306 2468 στρατιδιν,
317 2385 460 2464 Ῥωμαίων
477 2408 506 2444 τε
520 2387 605 2444 αὐτῶν
618 2383 758 2465 ἀξιόχρεων
769 2383 841 2464 ἄγων
852 2395 946 2467 μοῖραν

169 2476 215 2533 καί
230 2476 350 2536 Λατίνων
365 2499 391 2535 τι
404 2472 574 2553 συμμαχικὸν
589 2473 637 2533 οὐκ
656 2475 754 2551 ὀλίγον.
803 2474 902 2556 Κρίνας
918 2475 945 2534 δέ

116 2592 143 2631 ετ
170 2565 344 2634 Οὐολούσκοις
354 2567 496 2646 ἐπιχειρεῖν
509 2564 635 2643 πρώτοις,
657 2564 732 2624 πολιν
747 2567 832 2624 αὐτῶν
844 2566 946 2643 Λογγό-

170 2655 217 2713 λαν
234 2654 260 2724 ἐξ
275 2656 367 2737 ἐρόδου
383 2653 638 2730 καταλαμθαίνεται,
664 2653 878 2732 ἐπιύαλλομένων
897 2653 946 2731 μέν

168 2745 220 2800 τῶν
245 2746 272 2801 ἐν
303 2745 369 2822 αὐτῇ
393 2744 590 2817 μεταποιεῖσθαί
608 2764 678 2807 τινος
699 2743 793 2819 ἀρετῆς
818 2740 864 2800 καί
888 2764 947 2801 τινα

49 2860 54 2867 ·
83 2906 86 2911 ⁴
170 2829 295 2908 στρατιδιν
317 2830 451 2910 ὑπαίθριον
479 2829 703 2907 ἀποστειλάντων,
720 2821 739 2907 ᾖ
752 2828 812 2898 τούς
827 2830 947 2898 ἐπιόντας

171 2917 294 2999 ἀνείρξειν
305 2918 451 2991 ἐπίστευον,
463 2919 579 2998 αἰσχρῶς
587 2918 613 2975 δὲ
624 2915 841 2995 ἀναγκασθέντων
849 2922 952 2998 φυγεῖν,-

116 3042 143 3084 30
172 3006 267 3086 πρίνῆ
288 3009 411 3088 λαμπρόν
425 3031 451 3065 τι
467 3007 542 3086 ἔργον
563 3005 759 3077 ἀποδείξασθαι,
777 3004 822 3064 καί
843 3006 901 3065 οὐδὲ
920 3010 947 3064 ἐν

172 3099 205 3174 τῇ
221 3096 382 3176 τειχομαχία
403 3103 519 3175 γενναῖον
535 3092 608 3153 οὐδέν
623 3092 844 3170 ἀποδειξαμένων.
889 3098 948 3178 Mod

170 3188 232 3263 γοῦν
247 3185 335 3267 ἡμέρᾳ
358 3189 403 3254 τῆς
426 3207 455 3240 τε
472 3186 519 3261 γῆς
543 3183 629 3239 αὐτῶν
647 3178 776 3257 Ῥωμαῖοι
801 3179 948 3259 ἐκρότησαν

170 3274 280 3346 ἀκονιτί,
306 3273 349 3332 καί
370 3271 417 3343 τὴν
440 3270 516 3329 πολιν
537 3271 566 3329 ού
595 3267 682 3328 πολλύ
706 3271 949 3348 πραγματευθέντες

169 3362 238 3423 κατδι
259 3363 352 3442 κράτος
374 3359 480 3419 ἐλαύον.
525 3356 560 3419 Ὁ
583 3358 610 3417 δὲ
627 3360 680 3416 τῶν
693 3355 836 3433 Ῥωμαίων
863 3381 947 3439 στρα-

116 3473 142 3512 as
169 3451 289 3529 τηγύςτοί
302 3452 325 3508 τ’
340 3444 570 3527 ἐγκαταληφθέντα
589 3444 717 3526 χρήματα
732 3445 875 3526 διαρποίσαι
893 3451 948 3517 τοῖς

171 3537 346 3619 στρατιώταις
362 3536 440 3618 ἐφείς,
465 3536 510 3594 καί
524 3535 639 3617 φρουρδν
653 3536 680 3594 ἐν
692 3539 726 3616 τῇ
739 3536 816 3594 πόλει
835 3538 949 3597 καταλι-

169 3627 241 3700 πὼν,
264 3626 339 3702 ἐξῆγε
355 3625 404 3697 τὴν
420 3623 530 3702 δύναμιν
543 3626 583 3704 ἐρ’
602 3623 691 3704 ἐτέραν
715 3624 791 3684 πόλιν
806 3628 859 3684 τῶν
878 3629 949 3687 Odo-

170 3715 298 3788 λούακων,
316 3715 334 3786 ἢ
354 3715 474 3774 καλεῖται
490 3716 537 3791 μὲν
554 3712 705 3784 Πόλουσκα,
732 3714 865 3789 διάστημα
878 3714 906 3774 δέ
919 3719 949 3776 οὐ

169 3803 235 3862 πολύ
249 3808 295 3875 τῆς
309 3803 443 3881 Λογγολας
458 3802 561 3881 ἀπέχει.
603 3801 713 3868 Οὐδενὸς
728 3801 755 3860 δὲ
767 3804 838 3882 αὐτῷ
847 3804 951 3880 τολμή-

118 3922 144 3961 40
172 3912 263 3957 σαντος
278 3895 437 3964 ὑπαντῆσαι,
459 3893 583 3959 διανύσας
597 3893 644 3959 τλν
657 3892 746 3974 χώραν
762 3894 831 3953 κατὰ
849 3893 950 3965 πολλὴν

172 3977 306 4036 εὐπέτειαν
318 3980 467 4060 προσέύαλε
478 3990 531 4047 τοῖς
541 3981 641 4061 τείχεσι
653 4005 659 4018 ·
676 3985 727 4040 τῶν
739 3981 766 4040 δέ
782 3985 950 4061 στρατιωτῶν

172 4068 195 4123 σί
211 4065 259 4141 μὲν
274 4067 320 4132 τὰς
333 4070 418 4134 πύλας
431 4070 612 4150 διακόψαντες,
626 4073 650 4129 οί
664 4070 691 4129 δὲ
707 4070 749 4129 tal
760 4068 898 4146 κλιμοίκων
908 4069 953 4128 ἐπί

171 4152 201 4212 εὐ
219 4157 305 4231 τεῖχος
320 4156 466 4224 αἰναόοίντες
487 4159 634 4239 αὐθημερὸν
652 4159 768 4237 γίνονται
791 4158 834 4216 καί
857 4157 953 4231 ταύτης

170 4244 217 4313 τῆς
235 4240 336 4309 πόλεως
356 4244 451 4322 κύριοι.
495 4244 542 4313 Ὡς
564 4249 591 4305 δὲ
615 4248 751 4327 παρέλαόε
786 4245 835 4317 τὴν
863 4246 952 4326 πολιν,

118 4367 143 4403 43
170 4329 272 4410 ὀλίγους
290 4330 337 4404 μέν
351 4354 422 4398 τινας
445 4335 563 4402 ἐπιλέξας
576 4335 635 4404 τούς
654 4336 750 4401 αίτίους
764 4339 811 4405 τῆς
832 4333 952 4393 ἀποστό-

171 4441 237 4486 σεως
253 4419 399 4492 ἀπέκτεινε,
414 4420 474 4489 τούς
487 4422 514 4480 δέ
530 4422 636 4490 λοιπούς
658 4423 803 4503 χρημάτων
816 4425 830 4480 α’
853 4423 952 4503 αιρέσει

170 4507 307 4584 ζημιώσας
323 4508 368 4566 καὶ
399 4507 468 4567 ὅπλα
487 4511 645 4590 ἀφελόμενος
661 4509 805 4589 Ῥωμαίων
831 4446 897 4569 έίναι
924 4512 954 4570 τὸ

170 4596 260 4657 λοιπὸν
280 4597 429 4674 ἠνάγκασεν
442 4600 580 4671 ὑπηκόους.

211 4687 299 4749 XCH.
326 4684 489 4747 Καταλιπών
509 4689 536 4746 δὲ
561 4688 610 4747 κᾶν
641 4690 723 4770 ταύτῃ
752 4695 879 4772 βραχεῖαν
907 4692 954 4762 τῆς

118 4814 144 4852 50
172 4785 296 4858 στρατιᾶς
320 4785 413 4856 μοῖραν
429 4776 506 4834 ἕνεκα
529 4780 712 4857 ρυλακῆς,τῇ
738 4783 847 4842 κατόπιν
865 4779 953 4860 ἡμέρᾳ

173 4866 219 4935 τὴν
236 4867 346 4944 δύναμιν
361 4865 503 4924 saaladin
520 4872 636 4947 προῆγεν
653 4869 697 4930 ἐπί
711 4871 853 4950 Κοριόλαν,
877 4871 953 4929 πολιν

173 4956 285 5032 ἐπερανῆ
301 4958 402 5037 σφόδρα
415 4958 459 5015 καὶ
480 4955 569 5039 ὥσπερ
586 4959 616 5017 ἂν
633 4959 795 5039 μητρόπολιν
814 4961 867 5016 τῶν
882 4960 953 5018 Οὐο-

172 5040 309 5101 λούσκων·
327 5046 388 5104 ἔνθα
403 5046 449 5104 καί
464 5047 573 5123 δύναμις
588 5039 619 5118 ἦν
637 5046 823 5127 συνειλεγμένη
837 5046 954 5127 καρτερδι

173 5128 219 5192 καί
232 5128 263 5187 τὸ
276 5133 360 5209 τεῖχος
375 5136 404 5192 οὐ
421 5134 507 5215 ῥᾴδιον
520 5138 620 5194 ἁλῶναι
638 5135 672 5194 τοί
690 5158 718 5194 τε
733 5133 797 5215 πρὸς
809 5134 853 5193 τδν
868 5135 952 5194 πόλε-

683 298 853 391 stauisti
875 298 1257 365 HALICARNASSENSIS

997 444 1092 493 barem
1103 455 1132 493 ea
1145 443 1235 503 omnia,
1248 441 1340 506 quibus
1359 442 1502 508 indigerent,
1516 449 1542 496 et
1552 444 1585 497 de
1599 446 1712 508 moesis,
1723 459 1783 510 qua

997 542 1085 580 eorum
1096 528 1200 579 arbitrio
1210 529 1336 593 permisso
1354 529 1476 594 luissent,
1489 536 1680 596 cognoscerent,
1694 538 1721 584 et
1739 547 1783 583 sa·

997 631 1095 669 omnum
1112 617 1204 667 aedium
1219 621 1246 668 et
1260 618 1416 682 publicorum
1424 619 1537 671 loommm
1545 623 1571 672 et
1582 634 1684 672 sunone
1693 634 1783 673 curam

998 709 1117 768 gererent.
1151 707 1204 754 ilac
1213 718 1312 768 quoquo
1324 719 1380 758 rea
1397 711 1484 760 senatu
1497 709 1643 774 impetrata,
1663 711 1784 761 crearunt

998 800 1117 865 quosdam
1131 814 1195 864 quos
1212 800 1338 852 ministros
1349 802 1504 855 tribunorum
1512 803 1591 870 plebis
1603 809 1629 856 et
1640 803 1746 870 collegas
1756 807 1784 857 et

998 889 1093 940 iudices
1113 889 1277 954 appellabant.
1309 892 1381 941 Nunc
1405 895 1489 944 tameo
1513 893 1593 957 patrio
1618 896 1784 944 Romanorum

999 976 1150 1028 sermoneab
1161 976 1305 1040 unoollioio,
1312 991 1362 1042 quo
1372 978 1517 1043 iunguntur,
1528 983 1651 1032 vocantur
1659 994 1785 1032 sacrarum

1000 1064 1092 1116 aedium
1100 1064 1242 1128 curatores,
1255 1078 1335 1131 neque
1342 1070 1492 1131 potestatem
1501 1067 1605 1121 alterim
1618 1071 1783 1134 magistratus

1004 1153 1149 1216 ministram,
1166 1156 1194 1204 ut
1216 1155 1297 1215 antea,
1322 1153 1423 1207 babent.
1457 1155 1544 1208 diuites
1558 1160 1642 1208 antem
1657 1160 1682 1209 et
1705 1158 1786 1222 magni

1002 1244 1123 1294 momenti
1135 1256 1176 1295 res
1192 1242 1241 1294 illis
1258 1245 1456 1307 committuntur,
1483 1250 1510 1297 et
1530 1246 1715 1311 quodammodo
1736 1246 1786 1297 lere

1003 1331 1115 1398 piurimis
1135 1331 1161 1383 in
1179 1331 1254 1383 rebus
1271 1331 1363 1385 similes
1383 1338 1443 1385 sunt
1456 1334 1497 1397 iis,
1519 1334 1564 1398 qui
1591 1335 1659 1399 apud
1688 1335 1786 1385 Grecos

1003 1418 1148 1483 ἀγορανόμοι
1158 1419 1286 1471 vocantur.

1033 1507 1096 1558 xci.
1113 1506 1175 1556 Pace
1185 1508 1270 1556 aulem
1281 1504 1348 1556 domi
1359 1508 1439 1571 parta,
1452 1508 1479 1558 et
1487 1506 1613 1572 republica
1619 1506 1643 1556 in
1656 1507 1787 1572 pristinum

1003 1607 1097 1658 statum
1113 1604 1236 1668 restituta,
1253 1604 1286 1655 ad
1302 1603 1365 1655 bella
1392 1607 1490 1657 autema
1508 1619 1523 1656 a
1547 1605 1653 1657 ducibus
1676 1607 1786 1657 delectus

1003 1703 1155 1756 habebantur
1166 1715 1255 1765 magua
1266 1701 1345 1768 plebis
1358 1701 1494 1766 alacritate,
1510 1704 1543 1754 ila
1553 1708 1581 1755 ut
1591 1704 1660 1757 broni
1669 1706 1786 1770 temporis

1004 1807 1083 1872 spatio
1095 1819 1133 1855 res
1149 1816 1235 1854 omnes
1247 1803 1277 1853 ud
1296 1803 1388 1854 bellum
1408 1804 1552 1855 necessario
1568 1809 1663 1871 paratae
1684 1807 1783 1857 luerint.

1006 1908 1068 1960 cnm
1080 1909 1165 1956 aulem
1174 1904 1288 1954 consules
1304 1902 1335 1954 de
1353 1918 1432 1967 more,
1453 1906 1591 1970 provincias
1602 1908 1684 1960 sortiti
1697 1911 1787 1970 essent,

1003 2012 1046 2074 Sp.
1065 2007 1174 2068 Cassius,
1189 2009 1230 2057 cui
1245 2020 1328 2058 rerum
1348 2006 1500 2059 urbanarum
1512 2022 1573 2060 cura
1584 2009 1718 2075 obtigerat,
1731 2025 1789 2062 cum

1005 2112 1095 2165 delecti
1115 2110 1239 2161 exercitus
1257 2115 1336 2174 parte,
1348 2111 1481 2175 quantaad
1493 2111 1561 2163 urbis
1581 2113 1719 2164 custodiam
1733 2115 1788 2165 sul-

1005 2211 1088 2262 dceret
1113 2208 1138 2259 in
1161 2209 1221 2259 urbo
1258 2209 1383 2261 remansit.
1417 2212 1549 2261 Postumus
1576 2223 1636 2262 raro
1662 2213 1787 2264 cominius

1003 2309 1090 2360 eduxit
1097 2309 1218 2373 reliquum
1232 2310 1376 2375 exercitum,
1391 2311 1436 2378 qui
1449 2309 1612 2363 manniatur
1621 2314 1785 2362 liomanomm

1004 2413 1114 2476 ipsorum
1126 2426 1175 2462 oon
1188 2413 1374 2465 contemnendis
1388 2413 1475 2477 copiis,
1487 2416 1514 2464 et
1531 2413 1674 2465 latinorum
1687 2414 1785 2464 aumliis

1004 2522 1052 2560 non
1080 2509 1171 2574 parvis.
1206 2511 1270 2561 cnm
1297 2514 1382 2562 autem
1404 2513 1533 2565 statuisset
1556 2512 1665 2577 primum
1685 2514 1789 2566 volscos

1005 2605 1113 2668 aggredi,
1136 2605 1270 2669 Longulam
1285 2618 1373 2656 eorum
1391 2606 1479 2658 urbem
1495 2607 1576 2673 primo
1596 2608 1692 2673 impetu
1706 2610 1788 2672 oepit,

1005 2706 1031 2754 et
1053 2702 1109 2754 licet
1123 2704 1239 2769 oppidani
1265 2704 1432 2756 tortitudinem
1453 2706 1563 2771 aliquam
1587 2712 1706 2773 praestare
1719 2724 1790 2760 cona·

1006 2810 1092 2857 rentur
1106 2811 1131 2857 et
1144 2808 1169 2857 in
1187 2819 1288 2872 campos
1306 2810 1404 2871 apertos
1415 2808 1499 2873 copias
1516 2809 1638 2873 quosdam
1655 2812 1787 2872 misissent,

1006 2909 1097 2971 quibus
1111 2910 1246 2957 liomanum
1259 2906 1395 2958 exercitum
1411 2909 1551 2960 venientem
1566 2922 1616 2960 ase
1630 2909 1707 2960 areeri
1716 2923 1788 2974 posse

1007 3005 1171 3064 conlidebaut,
1184 3005 1292 3069 turpiter
1304 3007 1387 3056 tarum
1401 3007 1470 3072 terga
1482 3007 1545 3072 luga
1557 3005 1616 3058 dano
1627 3007 1705 3057 eoacti
1717 3010 1786 3067 sunt,

1006 3110 1137 3169 antequam
1161 3104 1309 3170 praeclarum
1331 3104 1410 3156 ullum
1420 3105 1514 3157 lacinus
1527 3105 1637 3169 edment,
1649 3119 1681 3156 ne
1692 3104 1720 3157 lo
1734 3104 1789 3170 ipsa

1005 3203 1105 3268 quidem
1118 3216 1247 3254 murorum
1260 3203 1443 3269 oppugnatione
1459 3205 1509 3256 ullo
1521 3205 1576 3256 lorti
1591 3206 1700 3257 laciuore
1712 3205 1788 3256 edito.

1004 3306 1059 3353 Uno
1076 3302 1152 3366 igitur
1168 3303 1206 3353 die
1227 3305 1329 3353 Romani
1343 3309 1369 3354 et
1388 3318 1542 3368 oorumagro
1564 3304 1616 3356 sine
1634 3306 1685 3356 ullo
1707 3304 1790 3355 labore

1005 3398 1076 3463 potiti
1089 3401 1156 3458 sunt,
1168 3402 1194 3447 et
1206 3399 1292 3450 urbem
1301 3401 1395 3464 absque
1404 3412 1492 3463 magno
1508 3401 1605 3465 negotio
1619 3402 1645 3451 vi
1661 3405 1787 3464 oeperunt.

1006 3504 1142 3568 Imperator
1165 3507 1250 3553 aulem
1264 3506 1403 3565 Romanus,
1424 3518 1483 3556 cum
1508 3519 1549 3556 ros
1579 3504 1605 3552 in
1625 3503 1686 3552 urbo
1703 3506 1788 3565 captas

1005 3602 1123 3653 militibus
1135 3602 1160 3653 in
1185 3603 1294 3666 praedam
1313 3605 1484 3666 concessisset,
1513 3606 1539 3653 et
1553 3602 1697 3667 praesidium
1717 3601 1742 3650 in
1759 3613 1789 3650 eu

1005 3697 1152 3760 reliquisset,
1170 3698 1257 3750 eduxit
1269 3698 1352 3762 copias
1377 3699 1402 3749 in
1417 3700 1489 3750 aliam
1512 3700 1600 3751 urbem
1627 3698 1788 3758 Volscorum,

1006 3819 1063 3871 queo
1076 3803 1181 3856 Polusca
1195 3803 1307 3861 vocatur,
1324 3805 1350 3851 ot
1367 3814 1382 3851 a
1404 3802 1513 3866 Longula
1529 3815 1578 3852 non
1592 3801 1697 3851 multum
1708 3799 1786 3850 abest.

1008 3914 1070 3965 Gum
1089 3919 1173 3966 antem
1183 3912 1266 3963 nullus
1276 3910 1375 3960 obviam
1388 3888 1411 3959 ei
1424 3904 1508 3957 venire
1525 3914 1601 3952 ausus
1616 3902 1690 3956 esset,
1701 3895 1789 3946 itinere

1007 4025 1153 4077 peregrum
1173 4011 1243 4061 illum
1257 4009 1373 4060 facillime
1388 4005 1518 4062 conlecto,
1540 3998 1629 4050 moenia
1648 4005 1789 4059 oppugnare

1008 4119 1083 4181 coepit
1099 4132 1224 4182 :cumque
1241 4117 1346 4166 militum
1360 4113 1400 4164 alii
1421 4113 1505 4175 portas
1517 4105 1653 4170 fregissent,
1666 4100 1707 4150 olii
1717 4098 1788 4149 scalis

1009 4225 1095 4264 muros
1114 4215 1322 4272 conscendissent,
1342 4224 1372 4262 eo
1384 4209 1438 4274 ipso
1458 4207 1498 4257 die
1512 4205 1687 4266 huncquoque
1701 4196 1787 4247 urbem

1009 4312 1034 4362 in
1047 4317 1194 4377 potestatem
1216 4311 1370 4374 redegerunt.
1404 4308 1456 4356 ilnc
1473 4302 1534 4353 urbe
1561 4301 1668 4361 recepta,
1698 4305 1789 4358 paucos
1844 4353 1850 4364 Ι

1008 4410 1128 4474 qalosdam
1143 4409 1286 4460 delectionis
1303 4409 1417 4457 auctores
1431 4402 1539 4452 delectos
1551 4396 1631 4447 securi
1644 4393 1766 4458 percussit
1782 4409 1789 4443 ι

1008 4507 1117 4574 reliquos
1130 4521 1188 4559 vero
1205 4505 1314 4571 pecuniis
1329 4502 1463 4553 mulctatos
1487 4499 1513 4547 et
1533 4496 1607 4545 armis
1631 4493 1749 4557 spoliatos
1764 4491 1789 4542 in

1009 4614 1135 4672 posterum
1147 4607 1230 4671 populi
1244 4606 1346 4656 Romani
1362 4605 1463 4668 imperio
1479 4613 1563 4665 parere
1578 4595 1665 4660 coegit,

1040 4705 1113 4755 xcii.
1122 4694 1791 4762 Relictaaulonubisetiumexiguamililummanuprae-

1008 4793 1063 4845 sidil
1078 4806 1173 4851 caussa,
1183 4796 1280 4855 postero
1292 4788 1332 4839 die
1344 4802 1400 4839 cum
1409 4786 1519 4838 exercitu
1531 4783 1643 4834 Coriolos
1654 4780 1734 4844 petiit,
1744 4792 1787 4828 ur·

1007 4880 1143 4935 bemvaldc
1154 4881 1281 4945 insignem,
1293 4883 1317 4930 et
1330 4877 1401 4941 quasi
1414 4877 1561 4927 Volscorum
1575 4876 1701 4937 parentem
1715 4869 1738 4917 et
1749 4879 1788 4914 oa-

1009 4974 1055 5037 put
1069 4990 1076 5021 ε
1088 4971 1131 5021 ubi
1143 4973 1167 5021 ot
1183 4968 1279 5019 validus
1290 4967 1414 5018 exercitus
1426 4966 1474 5016 iam
1487 4967 1590 5014 coactus
1609 4962 1670 5020 erat,
1684 4958 1709 5006 et
1722 4954 1788 5003 muri

1011 5056 1135 5108 nontaclle
1145 5055 1409 5120 expugnaripotarant,
1422 5055 1447 5102 et
1455 5064 1493 5102 res
1501 5050 1532 5100 ed
1540 5049 1633 5100 bullum
1643 5040 1788 5094 necessario

1012 5147 1062 5196 iam
1074 5145 1153 5196 multo
1167 5146 1223 5195 unte
1234 5144 1265 5194 ab
1275 5142 1403 5206 oppidanis
1418 5141 1514 5189 inerant
1529 5139 1629 5202 prorutae.
1662 5133 1726 5180 Cum
1742 5143 1788 5179 au·
