3772 5828
593 354 887 430 ANTIQUITATUM
911 351 1153 418 ROMAN.L1B.
1180 352 1232 418 Vl.
1665 363 1723 424 att

113 493 203 554 δίκαια
217 489 315 570 πάσχοι
327 486 534 567 διαθεύλημένος
548 487 592 549 ὑπ’
607 490 693 547 αὐτῶν
706 486 772 567 πρὸς
784 486 829 546 τδν
846 488 893 558 δῆ-
943 497 1045 559 gnatus,
1057 496 1083 544 et
1100 493 1131 545 de
1146 494 1245 545 iniustis
1265 509 1351 546 eorum
1371 496 1500 549 calumniis
1521 499 1586 564 apud
1608 502 1724 573 populum

118 604 166 659 μον
185 579 325 655 ὀνειδίσας,
339 577 387 648 τήν
401 601 429 635 τε
445 575 591 654 μέλλουσαν
607 575 807 657 καταλήψεσθαι
827 584 894 655 cpite
947 587 1107 648 conquestus,
1116 584 1275 648 etdeplorato
1286 585 1467 638 infelicitalium
1474 588 1631 638 consiliorum
1643 580 1725 640 lutum

115 670 199 751 τύχην
209 671 320 727 τοιαῦτα
340 665 564 745 βουλευσαμένους
578 664 825 740 ἀνακλαυσάμενος,
848 665 894 724 καλ
947 673 1031 733 exitu,
1044 674 1070 722 et
1084 671 1127 736 (ut
1146 671 1209 722 solet
1225 672 1337 725 accidere
1350 675 1376 724 in
1387 673 1432 724 tali
1449 674 1546 737 malo),
1563 675 1652 740 purtim
1674 689 1725 741 prce

115 749 157 818 οἷα
171 755 238 824 elsi<
259 759 285 815 έν
300 754 409 834 τοιούτῳ
422 758 509 834 κακῷ,
524 752 558 812 τθι
573 753 621 831 μὲν
644 755 674 813 ἐκ
691 753 804 830 πάθους,
818 752 852 813 τθι
866 752 894 813 δέ
947 761 1048 822 dolore,
1063 759 1153 825 purtim
1170 761 1243 811 etiam
1266 762 1334 827 quod
1349 765 1414 813 osset
1429 763 1581 828 precellenti
1597 764 1726 828 prudentia

72 873 85 910 c
114 847 165 906 ὑπὸ
179 850 224 905 τού
246 844 336 905 πλείάν
348 867 374 902 τι
392 845 446 902 τῶν
461 845 566 903 πολλῶν
592 843 674 915 νοεῖν,
697 841 892 916 ἀποθεσπίσας,

104 935 201 1018 Ιᾤχετο
216 933 301 992 ἀπιὼν
320 936 349 993 ἐκ
373 938 417 991 τοῦ
442 931 644 1012 βουλευτηρίου,
668 932 714 991 καί
729 931 894 1008 συγκαλέσας

114 1027 159 1086 τὀν
176 1025 259 1097 δῆμον
278 1023 312 1090 εἷς
332 1021 488 1097 ἐκκλησίαν,
507 1019 603 1089 ἔλεξεν.
649 1047 661 1071 ιι
691 1020 797 1091 Πολλὴν
811 1019 890 1099 χάριν

116 1142 129 1168 ι
145 1117 206 1189 ύμῖν
221 1109 312 1187 εἰδὼς,
333 1098 355 1169 ὦ
370 1111 492 1183 πολῖται,
508 1113 556 1181 τῆς
571 1132 600 1168 τε
619 1107 779 1189 προθυμίας,
793 1107 826 1180 ἣν
838 1131 893 1168 πα-

949 851 1085 916 μεωιίἰίιιε,
1099 852 1232 903 intortunla
1250 854 1333 903 lutura
1346 854 1497 906 vaticinatus
1515 857 1608 907 eeuria
1621 870 1650 908 se
1664 870 1725 920 pro·

948 941 1037 1005 ripuit,
1049 943 1074 992 et
1088 946 1225 992 convocato
1236 941 1267 991 ud
1283 943 1423 994 concionem
1437 945 1544 1009 populo,
1556 945 1592 995 sie
1609 960 1666 997 euru
1687 948 1727 996 est

949 1032 1096 1082 allocutus:
1118 1051 1130 1076 ι
1155 1032 1219 1080 cum
1238 1044 1351 1095 magnam
1374 1032 1478 1094 gratiam
1496 1034 1580 1095 vobis,
1600 1034 1725 1099 Quirites,

950 1140 963 1166 ι
977 1119 1092 1172 buberem
1121 1118 1154 1168 ob
1185 1118 1339 1169 alacritatem
1368 1134 1443 1184 quam
1471 1121 1532 1173 mibi
1565 1124 1725 1190 exhibuistis,

120 1201 276 1280 ιρέσχεσθέ
292 1222 337 1275 μοι
353 1199 467 1259 ἑκούσιοι
488 1198 662 1276 συναράμενοι
688 1202 734 1255 τοῦ
758 1194 893 1272 πολέμου,

61 1311 87 1350 ro
120 1290 193 1347 ικαὶ
218 1289 257 1347 ἔτι
281 1291 381 1366 μᾶλλον
401 1291 447 1358 τ’ής
468 1289 578 1367 ἀρετῆς,
609 1286 642 1358 ἣν
669 1287 696 1345 έν
716 1293 769 1353 τοῖς
795 1286 893 1363 σἰγῶσιν

119 1404 131 1428 ι
148 1379 328 1451 ίπεδείξασθε,
357 1376 476 1455 μεγάλην
506 1376 554 1454 μέν
599 1374 743 1452 ἐποιούμην
778 1372 894 1446 σπουδὴν

119 1492 131 1519 ιι
148 1468 312 1547 ἀμείψασθαι
333 1470 400 1544 ὑμᾶς
414 1467 468 1533 τοῖς
482 1489 511 1524 τε
524 1465 613 1532 ἄλλοις
633 1464 728 1546 καὶτῷ
743 1468 781 1540 μὴ
797 1462 896 1545 ψεύσα-

119 1581 132 1608 ι
148 1560 208 1614 σθαι
222 1556 273 1636 Ιτθις
285 1555 455 1635 ὑποσχέσεις,
472 1554 501 1621 te
515 1554 581 1635 ὑπὲρ
596 1559 643 1626 τῆς
664 1557 758 1634 βουλῆς
783 1551 894 1613 ἐποιού-

119 1668 201 1722 «μην
219 1645 282 1725 πρὸς
305 1647 388 1720 ὑμᾶς,
415 1643 460 1703 καλ
486 1647 521 1712 είς
534 1642 656 1720 ὁμόνοιαν
679 1643 732 1715 ήδη
758 1642 821 1702 ποτὶ
846 1665 895 1702 κα·

65 1752 89 1790 tt
117 1764 129 1787 ιι
144 1742 277 1810 ταστῆσαι
300 1738 347 1810 τήν
372 1737 463 1797 στάσιν
490 1740 564 1814 ὑμῶν
589 1735 736 1814 σύμύουλος
757 1735 801 1795 καί
827 1737 895 1795 διαι-

119 1852 132 1878 ιι
149 1825 230 1899 τηιὴς
254 1829 350 1907 σἰμροῑν
378 1827 527 1905 γενόμενος·
552 1826 691 1903 κωλύομαι
717 1825 744 1884 δέ
768 1824 893 1905 πράττειν

119 1940 133 1965 ιι
149 1919 234 1973 ταῦτα
248 1912 292 1974 διά
315 1913 375 1983 τούς
397 1916 427 1974 ού
441 1913 475 1974 τά
500 1914 625 1994 βελτιστσ
649 1918 686 1995 τῷ
702 1918 797 1996 κοινῷ,
813 1913 847 1972 τά
866 1911 894 1971 δέ

121 2029 133 2054 ιι
154 2026 242 2084 σρισιν
260 2004 347 2071 αὐτοῖς
366 2006 392 2064 έν
413 2007 451 2086 τῷ
470 2004 581 2085 παρόντι
602 2003 780 2085 κεχαρισμένα
801 2025 894 2085 προαι-

121 2118 133 2143 ι
153 2091 311 2171 ρουμένους,
327 2091 352 2150 ei
365 2092 459 2164 πλήθει
473 2096 497 2150 τ’
508 2095 709 2172 ἐπικρατοῦντες
719 2096 771 2151 τῶν
785 2091 894 2171 έτίρων,

120 2207 132 2232 ιι
150 2180 194 2239 καὶ
211 2183 333 2260 δυνάμει,
346 2183 378 2256 ἣν
394 2182 424 2241 τὸ
446 2181 502 2242 νίον
527 2183 614 2249 αὐτοῖς
635 2180 780 2260 παρέχεται
795 2182 895 2258 μᾶλλον

119 2268 166 2340 ri,
190 2270 222 2327 τὰ
242 2272 404 2350 πράγματα,
428 2269 567 2352 ἔρρωνται.
614 2265 684 2348 Ἐγὼ
714 2270 740 2328 δὲ
765 2268 849 2350 γέρων
867 2293 895 2327 τε

119 2383 131 2408 ι
150 2356 199 2429 δή,
212 2361 247 2428 ὡς
258 2363 350 2438 ὁρᾶτε,
363 2359 410 2418 καὶ
421 2358 523 2436 ἑτέρους
534 2359 666 2425 τοιούτους
677 2357 731 2437 ἔχω
741 2357 896 2436 συμμάχους

119 2473 132 2497 ιι
149 2437 185 2504 ὧν
201 2453 215 2517 ἡ
229 2450 255 2507 ἐν
270 2452 303 2526 τῇ
316 2448 409 2529 γνώμη
425 2437 490 2506 cicc
508 2446 583 2528 ἰσχύς
600 2447 724 2512 ἀδύνατός
740 2449 811 2504 ἐστιν
829 2446 897 2528 ἔργῳ

119 2562 133 2585 ιι
152 2534 318 2612 ἐπεξελθεῖν,
335 2536 380 2594 καὶ
400 2534 572 2614 περιέστηκεν
594 2537 739 2607 ήδοκοῦσα
752 2535 828 2611 ήμῶν
850 2542 896 2594 τοῦ

62 2650 68 2661 ·
120 2650 133 2675 ιι
151 2631 237 2684 κοινοῦ
258 2623 366 2705 πρύνοια
380 2625 433 2684 ἰδία
452 2625 516 2705 πρὸς
538 2627 659 2707 ἑκάτερον
673 2624 749 2704 μέρος
769 2624 896 2703 α’πέχθεια

120 2745 132 2771 ιι
150 2714 305 2797 φαινομένη.
316 2717 358 2794 Τῇ
369 2739 398 2774 τε
413 2715 463 2793 γάρ
479 2717 561 2794 βουλῇ
577 2713 610 2773 δι’
633 2713 718 2782 αἰτίας
738 2711 793 2790 εἰμὶ
815 2716 851 2780 ὡς
866 2714 896 2772 τὸ

118 2835 131 2861 ιι
150 2806 274 2883 ὑμέτερον
293 2806 392 2875 πλῆθος
413 2803 580 2884 θεραπεύων,
597 2802 641 2862 καὶ
661 2803 725 2883 πρὸς
751 2805 821 2877 ὑμᾶς
839 2802 897 2860 θια-

118 2924 131 2951 ιι
149 2893 286 2970 ύέύλημαι
299 2896 336 2961 ὡς
347 2893 433 2973 ίκείνη
448 2895 548 2972 μᾶλλον
563 2892 611 2963 τήν
627 2890 727 2950 εύνοιαν
741 2890 893 2950 άπαδεικνύ·

118 3016 130 3040 α
149 3007 234 3062 μενος.

62 3096 90 3136 ευ
156 3073 256 3135 xLlV.
279 3098 290 3124 ι
307 3073 339 3131 Εἰ
355 3070 403 3148 μέν
418 3059 462 3129 ούν
477 3073 491 3128 θ
507 3071 589 3146 δῆμος
607 3060 637 3129 ci
656 3065 799 3148 προπαθὼν
815 3067 895 3137 ἐξέλι-

122 3189 135 3215 ιι
152 3185 185 3222 πε
208 3158 255 3226 τθις
284 3158 316 3216 δι’
341 3160 407 3238 έμοῦ
435 3161 468 3237 τῇ
501 3162 583 3238 βουλῇ
612 3155 753 3235 γενομένας
779 3156 896 3237 ύποσχέ·

119 3274 215 3324 ισεις,
240 3247 326 3330 ίκείνη
357 3272 402 3329 μοι
434 3248 601 3326 ἀπολογητέα
626 3239 657 3320 ήν
679 3245 719 3305 δτι
750 3245 896 3329 ἐψεύσασθε

120 3365 131 3391 ι
152 3341 240 3416 ὑμεῖς,
264 3339 290 3395 έν
306 3338 365 3413 ἐμοὶ
380 3336 407 3396 δὲ
431 3336 504 3397 οὐδὲν
528 3336 704 3416 κακούργημα
728 3326 771 3408 ήν.
816 3334 896 3396 Ἐπεὶ

119 3453 131 3479 ι
149 3425 176 3485 δέ
200 3423 234 3485 τά
259 3424 332 3505 παρά
347 3428 395 3497 τῆς
412 3426 507 3503 βουλῆς
535 3423 730 3502 ὁμολογηθέντα
745 3425 774 3482 ού
789 3421 894 3502 γέγονεν

120 3542 132 3567 ι
151 3517 211 3590 ύμῖν
231 3514 357 3586 ἐπιτελῆ,
373 3511 436 3592 πρθς
449 3512 494 3572 τθν
508 3514 592 3590 δῆμον
614 3515 720 3592 ὁλόγος
739 3511 791 3583 ήδη
815 3513 896 3588 εἰναγ·

120 3629 133 3654 ιι
150 3610 223 3667 καῑος
237 3601 353 3678 γίγνεταί
368 3622 426 3678 μοι,
445 3600 485 3661 ὅτι
507 3603 556 3660 ούκ
576 3601 636 3676 ἐμοὶ
655 3601 794 3658 συνδοκοῦν
810 3603 895 3656 ταῦτα

120 3717 132 3741 ι
150 3689 314 3759 πεπόνθατε,
334 3689 392 3746 ἀλλ’
409 3688 504 3767 ὁμοίως
522 3688 735 3769 πεφενακίσμεθα
750 3687 796 3746 καλ
809 3709 895 3767 παρα-

10 3796 13 3800 ’
119 3806 132 3833 ι
149 3778 322 3858 λελογίσμεθα
344 3778 505 3860 ἀμφότεροι,
524 3779 569 3838 καλ
585 3781 686 3858 μᾶλλον
698 3781 770 3851 ὑμῶν
786 3777 854 3855 ἐγὼ,
866 3774 894 3841 δς

119 3894 131 3919 ι
148 3867 174 3947 γ’
190 3871 239 3948 οὐχ
251 3866 268 3925 ά
281 3871 354 3946 κοινιῖΙ
365 3867 507 3946 ἠπάτημαι
527 3869 594 3946 μετά
607 3868 728 3940 πάντων,
743 3864 820 3944 μόνον
840 3867 896 3925 ttr-

60 3984 88 4024 ιο
118 3986 131 4013 ιι
147 3963 262 4036 κοῦμαι,
277 3956 346 4018 itti
366 3956 411 4018 καλ
425 3957 474 4018 ὅσα
495 3959 550 4039 ἰδίαΙ
569 3961 658 4023 κακῶς
677 3954 779 4027 ἀκήκοα
792 4000 800 4027 ,
813 3958 848 4021 ὡς
862 3955 894 4022 δή

117 4075 129 4099 ι
149 4047 183 4105 τά
197 4071 225 4105 τε
244 4044 318 4127 παρδι
332 4049 385 4106 τῶν
404 4048 538 4124 πολεμίων
555 4048 652 4108 ἁλόντα
671 4047 700 4104 ού
720 4044 788 4120 μετά
809 4046 896 4114 κοινῆς

118 4163 130 4190 ι
147 4136 254 4216 γνώμης
268 4143 315 4196 τοῦ
330 4137 464 4217 συνεδρίου
486 4147 540 4206 τοῖς
555 4137 663 4216 ἀπύροις
677 4140 749 4215 ὑμῶν
766 4133 896 4212 βουλόμε-

119 4250 131 4276 ι
148 4247 189 4289 νος
203 4225 271 4282 ἰδίαν
292 4225 422 4303 ὠρέλειαν
432 4225 653 4303 περιποιήσασθαι
664 4223 831 4304 παρασχὼν,
850 4221 895 4281 καὶ

119 4339 132 4365 ιι
147 4312 196 4381 τδις
216 4317 269 4371 τῶν
283 4317 398 4374 πολιτῶν
413 4316 502 4382 ούσίας
516 4316 639 4391 δημεύειν
656 4315 753 4392 ἀξιῶν,
769 4316 815 4385 τῆς
833 4316 894 4390 βου·

61 4435 87 4472 ,5
116 4403 191 4472 «λῆς
209 4425 238 4478 γε
263 4403 417 4472 κωλυούσης
442 4400 483 4484 [i]
512 4405 549 4477 μὴ
574 4404 755 4483 παρανομεῖν,
771 4399 895 4481 στρατιάς

118 4494 170 4548 «τ’
196 4491 399 4569 ἐναντιουμένων
424 4494 476 4549 τῶν
506 4494 652 4571 βουλευτῶν
677 4489 808 4571 ἀφεικὼς,
836 4489 894 4547 δέον

119 4607 129 4630 ιι
148 4579 198 4637 ὑπὸ
215 4581 272 4646 ταῖς
294 4579 448 4661 ἀγραυλίαις
470 4581 515 4638 καὶ
539 4580 650 4648 πλάναις
674 4582 700 4638 έν
722 4584 755 4657 τῇ
780 4577 896 4659 πολεμία

119 4668 267 4747 «κατέχειν
292 4671 371 4745 θμᾶς.
417 4669 578 4729 ’Ὡνείδισται
605 4669 633 4729 δέ
658 4692 703 4745 μοι
728 4667 775 4727 καλ
799 4672 816 4739 ή
843 4670 896 4726 τῶν

119 4784 130 4806 ιι
148 4755 305 4835 κληρούχων
337 4762 376 4833 εἷς
403 4757 586 4827 Οὐολούσκους
611 4756 754 4833 ἐκπομπή,
783 4756 823 4815 δτι
846 4760 896 4834 γῆν

61 4886 88 4927 ,ο
118 4874 131 4899 ιι
148 4843 248 4914 πολλήν
270 4845 316 4904 καί
342 4847 442 4925 ἀγαθήν
468 4848 497 4906 οὖ
524 4857 577 4915 τοῖς
596 4846 743 4925 πατρικίοις
764 4845 821 4904 obli
843 4844 897 4909 τοῖς

119 4934 273 4991 «ἱππεῦσιν
299 4933 483 5012 ἐχαρισάμην,
508 4934 576 4993 ἀλλὰ
603 4941 657 5001 τοῖς
682 4934 790 5012 άπάροις
823 4935 896 5010 ὑμῶν

120 5051 132 5075 ι
151 5021 283 5100 διένειμα·
299 5020 346 5081 καλ
359 5021 374 5082 δ
385 5023 503 5100 μάλιστά
517 5047 563 5101 μοι
577 5022 624 5095 τήν
636 5022 763 5094 πλείστην
780 5019 897 5101 ἀγανάκ-

120 5139 133 5165 ι
151 5136 226 5186 τησιν
241 5108 392 5191 παρέσχεν,
414 5113 454 5172 δτι
469 5112 574 5180 πλείους
589 5110 607 5184 ἢ
622 5110 786 5192 τετρακόσιοι
807 5110 898 5188 ἄνδρες

951 1232 963 1257 ιι
980 1212 1046 1262 ultro
1058 1207 1150 1260 bellum
1164 1207 1211 1257 boc
1230 1208 1404 1272 suscipientes,
1420 1213 1446 1262 et
1458 1212 1483 1262 in
1497 1226 1527 1262 eo
1537 1226 1576 1263 me
1597 1216 1724 1274 iurantes,

951 1321 963 1345 ιι
980 1303 1006 1351 et
1026 1297 1105 1348 multo
1118 1296 1236 1347 maiorem
1248 1297 1281 1347 ob
1295 1300 1431 1360 spectatam
1451 1303 1558 1351 vestrum
1571 1303 1689 1353 virtutem
1700 1304 1727 1354 in

951 1389 1071 1441 «bellicis
1091 1386 1279 1446 certaminibus,
1301 1388 1414 1453 equidem
1432 1389 1538 1442 multum
1552 1408 1607 1444 sum
1623 1397 1728 1446 conatus

951 1504 964 1529 ιι
982 1481 1085 1547 gratiam
1097 1479 1169 1530 vobis
1186 1480 1293 1541 reterre,
1314 1485 1369 1530 tum
1386 1480 1441 1533 aliis
1456 1483 1545 1544 rebus,
1559 1489 1612 1535 tum
1625 1486 1684 1546 bac,
1698 1490 1728 1538 ut

952 1590 964 1614 ιι
979 1568 1118 1633 perficerem
1128 1581 1157 1616 es
1166 1581 1223 1631 quae
1236 1569 1336 1615 sanutus
1347 1566 1445 1618 nomino
1457 1568 1527 1618 robis
1542 1569 1666 1634 pollicitus
1676 1572 1729 1624 tue·

952 1678 965 1702 ιι
980 1671 1047 1718 ram,
1067 1661 1144 1721 utque
1164 1656 1318 1707 consiliarius
1342 1671 1372 1706 ac
1391 1657 1484 1708 arbiter
1502 1658 1629 1723 utriusque
1650 1663 1729 1725 partis

952 1770 964 1794 ιι
979 1749 1129 1800 constitutus
1139 1747 1237 1799 tundent
1251 1753 1359 1799 vestram
1374 1749 1518 1800 seditionem
1533 1750 1564 1800 ad
1572 1753 1729 1805 concordiam

952 1858 964 1882 ιι
979 1837 1132 1889 restituerem
1148 1856 1154 1886 ι
1173 1837 1215 1887 sed
1229 1838 1287 1887 huic
1298 1851 1354 1888 meo
1367 1839 1450 1888 studio
1459 1838 1558 1889 obstant
1577 1841 1608 1903 ii,
1625 1842 1730 1904 quinon

951 1947 964 1971 ιι
979 1927 1073 1992 optime
1093 1925 1234 1991 reipublice
1256 1926 1403 1987 consulunt,
1423 1927 1466 1976 sed
1488 1927 1540 1976 suis
1558 1931 1693 1981 commodis
1704 1932 1730 1982 in

952 2035 965 2059 ιι
980 2013 1110 2080 presentie
1134 2013 1232 2064 studere
1258 2013 1365 2074 malunt,
1388 2015 1531 2077 ceterosque
1552 2020 1578 2064 et
1600 2016 1729 2069 hominum

955 2123 968 2150 ιι
985 2103 1144 2155 multitudine
1155 2106 1180 2154 et
1193 2102 1288 2154 viribus
1301 2107 1427 2166 superant,
1442 2116 1505 2167 quas
1522 2103 1570 2153 illis
1588 2109 1648 2154 etus
1658 2105 1728 2158 iuve-

951 2212 967 2260 ιι
981 2192 1038 2244 nilis
1048 2192 1131 2257 potius
1141 2204 1208 2258 quum
1217 2207 1257 2243 res
1266 2196 1340 2256 atque
1349 2206 1408 2257 opes
1420 2196 1547 2257 praestant.
1581 2198 1667 2259 Atego
1680 2195 1730 2246 iam

953 2300 966 2325 ιι
983 2294 1039 2331 snm
1051 2294 1140 2342 senex,
1156 2283 1185 2331 ut
1199 2281 1289 2332 videtis
1299 2320 1304 2343 ,
1316 2284 1342 2331 et
1360 2282 1422 2332 ulios
1441 2281 1535 2333 similes
1546 2282 1625 2332 habeo
1638 2284 1729 2349 socios,

953 2387 966 2413 ι
983 2381 1091 2433 quorum
1110 2369 1175 2419 vires
1188 2369 1215 2419 in
1231 2369 1283 2420 soto
1298 2370 1399 2421 consilio
1419 2371 1505 2434 positus
1520 2376 1645 2435 nequeunt
1657 2387 1730 2425 exse·

952 2476 966 2502 ιι
980 2457 1024 2522 qui
1039 2457 1106 2522 quod
1117 2460 1243 2519 sentiunt3
1257 2461 1283 2509 et
1298 2458 1364 2523 quod
1389 2460 1512 2523 reliquum
1531 2461 1603 2511 nobis
1620 2465 1658 2512 est
1674 2462 1730 2514 haec

952 2565 964 2591 ι
981 2552 1067 2599 nostra
1081 2548 1249 2614 pror-tuentia,
1266 2563 1316 2613 qua
1324 2549 1468 2612 reipublice
1477 2551 1603 2602 consulere
1618 2552 1731 2604 ridemur

951 2660 963 2683 ι
978 2639 1095 2704 privatim
1113 2639 1184 2697 uobis
1197 2638 1264 2702 upud
1283 2641 1413 2704 utramque
1429 2642 1527 2704 partem
1541 2642 1625 2693 odium
1644 2644 1730 2694 eonci-

952 2747 963 2772 ιι
980 2727 1033 2780 liat.
1066 2731 1129 2779 llam
1147 2731 1173 2778 et
1185 2732 1286 2778 senatus
1304 2742 1343 2777 me
1355 2731 1467 2791 accusat,
1480 2730 1545 2793 quod
1560 2736 1650 2780 vestrm
1664 2731 1729 2782 rnul-

951 2836 963 2859 «
978 2816 1092 2868 titudinis
1107 2817 1154 2867 sim
1167 2817 1295 2868 studiosus
1304 2838 1310 2878 ς
1319 2820 1345 2868 et
1356 2817 1421 2882 apud
1433 2831 1478 2869 ros
1489 2819 1553 2869 male
1564 2819 1646 2883 sudio,
1659 2821 1731 2885 quasi

951 2907 1099 2959 «rumorem
1111 2905 1307 2959 benevolentiam
1321 2908 1345 2957 in
1359 2908 1430 2958 illum
1449 2908 1624 2960 demonstrem.
1818 2890 1822 2897 ¹

981 3070 1069 3120 ltLlV.
1087 3086 1100 3111 ι
1116 3067 1140 3117 si
1153 3065 1228 3131 igitur
1240 3064 1311 3131 plebs
1324 3065 1442 3116 beneficio
1453 3070 1510 3118 ante
1523 3069 1616 3121 allecta
1627 3072 1731 3135 prornis-

951 3183 963 3206 «
979 3164 1013 3213 sis
1028 3160 1151 3214 senatuis
1167 3173 1207 3211 me
1218 3158 1291 3211 lactis
1301 3174 1349 3210 non
1363 3161 1485 3222 stetisset,
1499 3162 1558 3213 buic
1570 3163 1656 3217 inisset
1671 3164 1733 3216 milri

952 3276 963 3300 ι
981 3256 1197 3321 respondendum,
1209 3268 1255 3303 vos
1270 3252 1344 3304 trdem
1357 3258 1464 3305 vestram
1475 3255 1607 3317 selellisse;
1620 3262 1646 3307 at
1659 3259 1683 3309 in
1692 3273 1733 3312 mo

951 3371 962 3393 ιι
981 3349 1049 3400 nulla
1077 3349 1146 3398 trans
1168 3347 1264 3396 [ruisset.
1298 3347 1350 3394 lam
1372 3359 1431 3396 vero
1452 3346 1510 3411 quia
1540 3353 1643 3399 senatus
1663 3351 1734 3403 robis

951 3462 963 3485 ιι
979 3455 1028 3491 non
1048 3434 1165 3504 prestitit
1193 3452 1251 3502 quus
1274 3438 1403 3501 promisit,
1431 3453 1531 3491 neeesse
1557 3446 1644 3493 estut
1667 3444 1733 3508 apud

951 3556 963 3579 ιι
979 3533 1097 3599 populum
1110 3532 1185 3583 rerba
1196 3531 1293 3591 taciem,
1306 3531 1399 3594 quibus
1408 3532 1509 3597 probem
1523 3533 1577 3584 lraeo
1592 3536 1664 3586 robis
1676 3548 1733 3588 meo

952 3648 965 3671 ιι
982 3640 1101 3677 consensu
1123 3639 1170 3675 non
1189 3622 1324 3687 accidisse,
1337 3625 1383 3675 sed
1406 3640 1479 3689 oeque
1491 3642 1535 3677 nos
1552 3633 1672 3693 utrosque
1685 3630 1732 3681 de-

950 3739 962 3761 ιι
978 3720 1063 3780 ceptos
1083 3694 1118 3767 'ac
1142 3715 1325 3766 circumventos
1350 3729 1419 3778 esse,
1440 3722 1465 3768 et
1487 3732 1528 3770 me
1555 3721 1733 3787 multomagis

952 3829 964 3852 ιι
978 3824 1053 3874 quarn
1066 3822 1125 3870 ros,
1139 3808 1244 3873 quinon
1258 3811 1339 3860 solum
1354 3811 1469 3863 iniuriam
1481 3812 1576 3878 patior,
1592 3815 1656 3879 quod
1674 3828 1732 3866 cum

951 3923 963 3946 «
977 3904 1068 3956 ceteris
1083 3902 1198 3953 omnibus
1213 3902 1300 3954 luerim
1317 3905 1451 3971 deceptus,
1463 3907 1508 3958 sed
1529 3909 1602 3960 etiem
1617 3911 1733 3974 privatim

951 4018 963 4041 ι
981 3998 1045 4048 mate
1062 3997 1153 4060 audio,
1178 3997 1251 4063 quasi
1268 3998 1376 4063 predam
1388 4014 1420 4051 ex
1440 4000 1513 4053 hoste
1529 4007 1627 4068 captam
1642 4018 1690 4056 non
1703 4019 1734 4059 ex

952 4115 964 4138 ιι
979 4091 1103 4144 communi
1125 4096 1226 4143 senatus
1244 4093 1366 4144 sententia
1383 4098 1532 4161 pauperibus
1555 4103 1668 4150 vestrum
1688 4101 1734 4153 de·

952 4209 965 4233 ιι
980 4188 1077 4250 derim,
1104 4185 1207 4238 studens
1229 4188 1332 4251 privatis
1352 4191 1414 4240 meis
1433 4193 1581 4254 commodis,
1616 4198 1642 4246 et
1662 4198 1733 4262 quasi

952 4303 965 4327 ιι
980 4282 1073 4333 civium
1094 4280 1159 4330 bona
1182 4285 1270 4331 senatu
1288 4281 1352 4332 hanc
1375 4281 1457 4346 legum
1477 4285 1635 4337 violationem
1648 4289 1731 4351 prohi-

952 4404 964 4428 ιι
984 4384 1074 4445 bentc,
1095 4383 1179 4432 tamen
1193 4377 1319 4442 publicare
1330 4375 1442 4438 cupiam,
1459 4380 1485 4427 et
1497 4380 1564 4442 quod
1583 4383 1733 4445 repugnante

952 4494 965 4519 ι
982 4479 1071 4527 senatu
1090 4476 1216 4527 exercitus
1230 4476 1381 4539 dimiserim,
1394 4492 1458 4541 quos
1471 4478 1497 4528 in
1514 4479 1609 4530 hostico
1622 4479 1732 4527 castren·

952 4591 965 4614 ι
979 4571 1048 4622 sibus
1080 4569 1204 4620 laboribus
1231 4575 1256 4620 et
1289 4574 1425 4624 terroribus
1451 4574 1553 4639 fatigare
1581 4573 1730 4638 oportuerat.

952 4691 964 4714 ι
980 4672 1120 4730 Quinetiam
1139 4672 1289 4735 exprobrata
1307 4672 1368 4722 mibi
1387 4674 1425 4723 est
1447 4671 1567 4721 colonias
1580 4683 1619 4720 me
1633 4669 1657 4718 in
1670 4665 1730 4716 Vol·

952 4781 965 4805 ι
980 4777 1036 4814 εσσε
1049 4763 1140 4824 missa,
1153 4761 1220 4825 quod
1235 4775 1322 4823 ugrum
1337 4760 1446 4824 emplum
1460 4773 1489 4811 ac
1504 4760 1608 4808 feracem
1623 4767 1671 4803 non
1686 4765 1730 4815 ps·

953 4869 964 4893 ιι
979 4851 1059 4905 triclis
1071 4855 1115 4903 aut
1130 4851 1254 4916 equitibus
1268 4849 1370 4914 largitus
1380 4849 1440 4908 dm,
1455 4848 1498 4897 scd
1513 4846 1594 4907 egents
1608 4841 1639 4890 de
1649 4841 1732 4890 restro

953 4959 965 4983 ιι
981 4954 1085 4992 numeru
1106 4939 1232 4992 diviserim
1247 4957 1253 4986 ι
1268 4937 1390 5003 praeeipue
1412 4949 1470 4986 vero
1490 4931 1557 4996 quod
1576 4929 1637 4980 mibi
1651 4929 1731 4980 maxi·

953 5048 965 5071 ιι
978 5042 1047 5080 mum
1061 5030 1217 5081 stomachum
1229 5031 1326 5088 movet,
1342 5023 1403 5074 illud
1415 5026 1468 5081 est,
1482 5019 1549 5085 quod
1560 5021 1645 5086 plures
1657 5034 1733 5084 quum

954 5118 1173 5182 «quadringentos
1183 5117 1292 5181 plebeios
1309 5113 1394 5165 ordine
1412 5111 1523 5175 equestri
1535 5111 1560 5161 in
1572 5110 1671 5163 delectu
1689 5110 1734 5162 ad·

119 5226 133 5256 ι
150 5204 180 5261 ἐκ
200 5205 246 5262 τοῦ
267 5198 352 5278 δήμου
377 5207 432 5272 τοῖς
454 5203 564 5263 ἱππεῦσι
585 5200 835 5283 προσκατελέγησαν
855 5199 899 5260 inl
920 5199 928 5238 ¹
953 5227 966 5251 ι
981 5205 1098 5270 diderim,
1116 5209 1160 5273 qui
1181 5207 1269 5272 opibus
1288 5209 1314 5258 et
1329 5218 1357 5257 re
1372 5202 1487 5256 tumtun
1508 5202 1636 5257 florebant.
1660 5204 1733 5259 certa
