3772 5828
169 286 230 349 528

168 417 299 496 νουμένων
317 414 350 473 δι’
365 415 475 493 ἀρετήν,
490 412 537 473 καὶ
558 412 593 471 τδι
617 411 734 490 πολέμια
754 414 883 489 ἄλκιμος,
902 412 948 472 καί

170 508 250 585 άμρω
274 508 358 562 ταῦτα
382 503 437 569 ἑνὸς
463 507 517 562 τῶν
544 502 688 581 ταγμάτων
717 506 750 581 τῇ
771 503 948 582 λαμπροτάτῃ

170 596 241 673 ἀρχῇ
256 582 506 669 κεκοσμημένος,ή
528 590 576 657 τδις
596 589 721 661 ἐξήκοντα
743 590 950 668 ἑκατονταρχίας

170 680 281 741 ἕπεσθαί
290 703 319 737 τε
329 679 374 737 καὶ
385 678 415 736 τό
425 678 597 755 κελευόμενον
613 682 753 755 ὑπηρετεῖν
770 677 871 735 κελεύει
882 681 896 735 θ
906 675 950 735 νό-

171 795 228 849 μος.
272 768 391 834 Τούτους
414 767 546 845 Ῥωμαῖοι
566 765 627 835 τοὺς
640 766 773 843 ήγεμόνας
787 770 821 845 τῇ
842 767 948 847 πατρίῳ

170 858 275 937 γλώττῃ
292 856 469 935 Πριμιπιλους
488 857 625 917 καλοῦσιν.
671 848 754 922 Οὑτος
777 857 792 911 ὃ
813 854 895 934 ἀνήρ·
916 846 948 927 ἧν

171 944 198 1005 δέ
220 948 285 1024 πρὸς
299 947 352 1011 τοῖς
366 943 455 1010 ἄλλοις
471 944 554 1023 μέγας
569 967 597 1003 τε
613 944 657 1002 καί
683 943 764 1009 καλός
788 943 871 1001 ἰδεῖν·
887 942 950 1008 στὰς

170 1034 226 1096 ὅθεν
242 1035 339 1093 άπασιν
356 1034 466 1112 ἔμελλεν
485 1033 591 1092 ἔσεσθαι
610 1034 734 1112 φανερός·
755 1060 768 1084 u
781 1030 859 1092 Ἐπεὶ
874 1036 962 1096 τοῦτο,

172 1152 184 1179 u
198 1113 338 1207 ἔγησεν,όι
351 1122 459 1193 ύπατοι,
474 1123 623 1193 δεδοίκατε,
637 1122 675 1198 μὴ
690 1123 724 1180 τὰ
736 1121 801 1199 ίργα
811 1124 887 1196 ἡμῶν
900 1123 951 1202 οὑχ

172 1214 277 1291 νόμαια
298 1215 406 1289 γένηται
427 1215 481 1277 τοῖς
502 1211 603 1288 λόγοις,
617 1210 670 1286 ἐγὼ
682 1214 788 1289 πρῶτος
804 1213 864 1285 ὑμῖν
883 1210 949 1289 ὑπὲρ

172 1328 184 1354 ν
199 1303 313 1380 ἐμαυτοὺ
323 1304 353 1358 τό
364 1298 471 1377 βέύαιον
486 1302 532 1366 τῆς
544 1298 712 1375 ὑποσχέσεως
725 1302 754 1356 ἐκ
767 1302 814 1366 τῆς
824 1296 951 1377 μεγίστης

172 1417 185 1441 ν
199 1390 312 1453 πίστεως
326 1384 485 1465 παρέξομαι·
501 1386 545 1441 καὶ
563 1388 636 1461 ὑμεῖς
646 1384 685 1453 δὲ,
698 1374 721 1443 ὦ
738 1385 849 1444 πολῖταί
861 1408 889 1444 τε
905 1388 951 1446 καί

173 1506 185 1529 ι
200 1482 246 1547 τῆς
261 1478 341 1546 αὐτῆς
356 1472 474 1532 κοινωνοὶ
489 1472 586 1551 τύχης,
603 1472 660 1531 όσοι
671 1472 830 1551 διεγνώκατε
845 1477 880 1549 εἰς
890 1464 950 1533 ἶσον

172 1567 368 1634 «καταστῆσαι
388 1562 422 1620 τδι
439 1567 501 1641 ἔργα
514 1562 568 1628 τοῖς
585 1560 680 1639 λόγοις,
694 1563 741 1620 οὑκ
756 1561 788 1621 ἂν
807 1562 950 1643 ἅμάρτοιτε

171 1680 184 1705 «ι
199 1653 230 1712 τὸ
243 1652 306 1710 αὑτό
321 1655 454 1716 ποιοῦντες
464 1648 533 1727 ἐμοί.
547 1676 559 1703 ν
572 1652 668 1709 Ταὺτα
683 1650 764 1710 εἰπὼν
779 1654 824 1711 καὶ
838 1654 868 1711 τδ
881 1652 951 1733 ξίφος

171 1739 323 1813 ἀνατείνας,
352 1736 441 1812 ὤμοσε
455 1737 500 1795 τόν
526 1736 668 1818 δπιχώριόν
690 1762 719 1797 τε
743 1737 888 1816 Ῥωμαίοις
904 1740 950 1799 καί

171 1826 312 1904 κράτιστον
327 1824 421 1901 όρκον,
435 1826 483 1898 τὴν
499 1827 600 1904 ἀγαθήν
613 1830 707 1886 ἑαυτοῦ
720 1826 828 1903 πίστιν,
841 1829 950 1900 νικήσας

170 1914 228 1982 τοὺς
252 1915 393 1991 πολεμίους
416 1914 487 1987 ἥξειν
508 1921 545 1983 εἰς
568 1916 616 1988 τὴν
639 1919 730 1991 πολιν,
756 1918 842 1984 ἄλλοις
856 1918 883 1975 δέ
907 1917 947 1979 ού.

170 2006 271 2063 Τοῦτον
285 2004 429 2081 ὀμόσαντος
448 2011 494 2064 τοῦ
510 2002 685 2078 (θλαόσληίου
701 2006 745 2064 τὸν
761 2004 853 2080 ὅρκον,
868 2006 949 2075 πολὺς

116 2118 121 2131 ·
171 2092 197 2162 ἐξ
213 2094 338 2154 ἁπάντων
353 2092 591 2172 ἔπαινοςιέγένετο·
605 2100 650 2154 καὶ
668 2096 763 2154 αὐτίκα
779 2096 806 2153 οἴ
816 2117 844 2152 τε
856 2094 950 2159 ὕπατοι

172 2184 315 2263 άμρότεροι
329 2185 359 2242 τὸ
376 2184 439 2241 αὑτό
454 2182 554 2262 ἔδρων,
575 2183 621 2243 καλ
636 2188 659 2243 ol
674 2184 724 2250 τδις
740 2184 864 2251 ἐλάττους
878 2184 952 2265 έχον-

170 2294 212 2337 τες
227 2270 405 2352 στρατηγίας,
415 2270 551 2351 χιλίαρχοί
564 2272 649 2332 τεκαὶ
664 2276 790 2353 λοχαγοὶ,
801 2275 950 2335 τελευτῶσα

171 2361 194 2416 δ’
211 2364 228 2429 ί,
245 2361 357 2431 πληθύς.
409 2358 488 2420 Ἐπεὶ
503 2358 530 2419 δέ
552 2366 630 2421 τοῦτο
655 2362 773 2439 ἐγένετο,
799 2362 886 2433 πολλὴ
902 2362 950 2439 μὲν

170 2448 280 2525 εὑθυμία
302 2458 383 2508 πᾶσιν
397 2449 521 2521 ἐνέπεσε,
540 2449 626 2521 πολλὴ
640 2447 668 2507 δέ
684 2448 791 2531 φιλότης
810 2449 947 2526 ἀλλήλων,

129 2552 138 2571 ‘
169 2537 262 2616 θράσος
276 2562 304 2597 τε
322 2528 356 2596 αὑ
371 2537 418 2596 καὶ
437 2537 525 2614 με’νος·
545 2539 591 2596 καὶ
610 2537 768 2606 ἀπελθόντες
784 2540 813 2597 ἐκ
832 2543 878 2610 τῆς
901 2543 946 2599 ἐκ·

167 2626 279 2697 κλησίας
293 2626 376 2702 οἱμὲν
390 2625 481 2693 ίπποις
501 2624 624 2705 χαλινούς
640 2627 795 2701 ἐνέύαλλον,
811 2630 835 2687 οἱ
849 2628 876 2687 δὲ
890 2628 950 2709 ξίρη

167 2716 212 2773 καὶ
227 2717 325 2795 λόγχας
337 2717 445 2796 ἔθηγον,
460 2719 483 2774 σί
498 2716 525 2774 δέ
540 2716 574 2774 τά
589 2717 774 2796 σκεπαστήρια
789 2720 841 2775 τῶν
859 2720 948 2777 ὅπλων

167 2801 325 2878 ἐξέματτον,
340 2805 386 2863 καί
401 2804 490 2880 ὀλίγου
505 2814 579 2864 πᾶσα
592 2797 624 2875 ἦν
641 2804 743 2879 ἕτοιμος
757 2807 793 2873 εἶς
804 2807 846 2865 τὸν
861 2809 950 2885 αἰγίύνα

167 2896 183 2963 ή
199 2894 320 2971 στρατιά.
363 2896 398 2953 Ol
420 2894 447 2950 δέ
464 2895 559 2952 ὑπατοι
574 2891 635 2959 τσὺς
651 2892 724 2961 θεοὺς
747 2895 835 2972 εὐχαῖς
853 2919 881 2954 τε
903 2895 949 2954 καί

167 2982 267 3049 θυσίαις
288 2984 334 3042 καὶ
356 2985 441 3047 λιταῖς
464 2982 684 3057 ἐπικαλεσάμενοι
703 2988 750 3053 τῆς
773 2982 858 3049 ἐξόδου
874 2984 946 3063 σρίσι

167 3072 286 3147 γενέσθαι
309 3071 454 3150 ἡγεμόνας,
469 3068 560 3145 ἐξῆγον
580 3072 610 3126 ἐκ
630 3075 676 3127 τοῦ
698 3070 815 3148 χάρακος
830 3072 856 3127 εἶν
877 3072 947 3139 τάξει

166 3161 211 3220 καὶ
225 3168 319 3240 κόσμῳ
333 3162 377 3217 τὀν
392 3157 513 3236 στρατόν.
558 3158 610 3217 Καὶ
623 3161 645 3216 οί
661 3158 794 3238 Τυρρηνοὶ
809 3159 947 3228 κατιόντας

166 3250 260 3316 αὑτοὺς
274 3252 304 3307 ἐκ
318 3253 370 3307 τῶν
392 3248 530 3326 ἐρυμάτων
550 3246 666 3324 ἰδόντες,
681 3246 832 3324 ἐθαύμασάν
856 3272 884 3307 τε
900 3250 946 3309 καί

167 3339 359 3411 ἀντεπεξήεοαν
374 3337 468 3416 ἁπάσῃ
483 3340 516 3417 τῇ
530 3335 650 3413 δυνάμει.

113 3445 135 3464 ”
206 3430 253 3487 xl.
277 3427 326 3493 Ὡς
346 3427 368 3484 δ’
384 3427 419 3492 εἷς
434 3425 464 3483 τὸ
485 3423 574 3483 πεδίον
596 3422 738 3505 άμρότεροι
761 3426 945 3503 κατέστησαν,

165 3516 210 3574 καὶ
225 3518 255 3574 τό
271 3515 413 3592 πολεμικόν
427 3514 564 3592 ἐσήμηναν
576 3515 603 3573 αἱ
616 3515 761 3592 σάλπιγγες
774 3559 781 3586 ,
796 3516 865 3572 ἔθεον
880 3518 945 3573 αἰλα-

165 3605 288 3673 λάξαντες
302 3604 395 3681 ὁμόσε·
413 3603 458 3659 καὶ
474 3602 650 3677 συμπεσόντες
668 3602 801 3673 ἀλλήλοις,
814 3607 902 3671 ίππεῖς
916 3628 944 3663 τε

164 3696 275 3753 ἱππεῦσι
300 3693 345 3750 καὶ
362 3692 436 3761 πεζοὶ
465 3694 551 3760 πεζοῖς
577 3692 726 3769 ἐμάχοντο,
744 3691 790 3749 καί
815 3692 896 3758 πολὺς
917 3694 945 3762 ἐξ

165 3782 320 3863 ἀμφοτέρων
349 3781 448 3858 ἐγίνετο
472 3780 557 3860 μόνος.
602 3782 637 3839 Οἱ
667 3780 714 3855 μὲν
739 3773 783 3837 σύν
809 3784 839 3838 τὸ
865 3782 945 3850 δεξιόν

164 3871 268 3949 ἔχοντες
282 3875 333 3927 τῶν
353 3869 496 3942 Ῥωμαίων
514 3868 612 3945 κέρας,
628 3860 658 3925 οὑ
674 3868 721 3937 τὴν
744 3868 888 3944 ἡγεμονίαν
907 3862 944 3928 εί-

165 3978 212 4034 χεν
232 3957 323 4036 ἅτερος
337 3960 388 4014 τῶν
412 3955 520 4016 ὑπάτων
535 3957 673 4026 Μάλλιος,
699 3955 811 4023 ἐξέτισαν
832 3958 862 4016 τό
885 3962 942 4018 καθ’

165 4045 272 4111 ἑαυτούς
288 4047 423 4125 μέρος,καὶ
445 4043 612 4110 καταόάντες
632 4045 685 4101 άπὸ
704 4047 756 4102 τῶν
771 4043 860 4101 ίππων
877 4048 942 4121 ἐμά·

165 4154 243 4210 χοντο
258 4138 340 4200 πεζοί.
374 4136 408 4194 (il
425 4135 448 4189 δ’
462 4136 488 4192 ἐν
502 4138 540 4214 τῷ
557 4133 684 4212 εὐωνύμῳ
698 4131 791 4211 κέρατι
804 4138 944 4212 ταχθέντες

166 4220 217 4278 ὑπὸ
229 4227 273 4277 τοῦ
291 4221 374 4288 δεξιοῦ
395 4227 446 4280 τῶν
469 4222 602 4298 πολεμίων
617 4223 780 4281 ἐκυκλοῦντο.
824 4210 877 4282 Ἦν
893 4223 944 4303 γάρ

165 4309 343 4388 ήἸύρρηνῶν
360 4309 464 4389 ιγάλοιγξ
486 4310 556 4369 κατὰ
579 4318 655 4370 τοῦτο
669 4310 699 4369 τδ
717 4309 814 4391 χοιρίον
832 4314 945 4392 ὑπερπε·

165 4398 211 4467 τής
224 4398 307 4456 τεκαὶ
320 4402 365 4455 οὑκ
380 4398 461 4478 ὀλίγῳ
477 4400 573 4475 μείζων
586 4403 631 4470 τῆς
647 4399 745 4480 ἑτέρας.
789 4402 945 4481 Παρερρήγ-

164 4510 225 4544 νυτο
241 4486 272 4556 δή
287 4487 371 4562 ταύτῃ
388 4488 415 4543 τὸ
432 4485 586 4561 Ῥωμαϊκόν
611 4486 762 4565 στράτευμα
783 4489 828 4547 καὶ
845 4490 943 4557 πολλάς

164 4575 268 4654 πληγὰς
294 4573 451 4648 ἐλάμὺανεν.
495 4574 602 4653 ἹΙγεῒτο
624 4576 652 4634 δὲ
680 4581 771 4636 τούτου
792 4583 838 4636 τοῦ
862 4576 943 4658 κέρως

166 4667 273 4732 Κόϊντος
286 4664 390 4729 (lidiae
405 4663 570 4742 πρεσόευτὴς
585 4667 630 4723 καὶ
644 4666 849 4745 ἀντιστράτηγος
867 4663 942 4740 ὢν,ό

110 4786 132 4825 ι,
164 4758 202 4822 δὶς
217 4754 377 4819 ὑπατεύσας·
394 4757 439 4810 καὶ
464 4752 544 4832 μέχρι
564 4757 663 4814 πολλοῦ
681 4759 785 4834 ἀντεῖχε
800 4753 941 4832 τραύματα

165 4847 308 4919 λαμὺάνων
331 4845 500 4903 παντοδαποί.
542 4841 658 4903 Ἰἰπειτα
678 4845 763 4922 λόγχη
790 4843 892 4921 βληθεὶς
906 4845 942 4908 είς

164 4934 195 4986 τά
218 4936 315 5011 στέρνα
331 4933 411 5014 μέχρι
426 4935 478 4990 τῶν
501 4934 662 5012 σπλάγχνων
678 4934 802 5002 ἐλθούσης
817 4936 864 5000 τῆς
881 4934 942 5008 αἰχ-

164 5023 232 5093 μῆς,
246 5024 349 5098 ἔξαιμος
362 5023 499 5102 γενόμενος
513 5023 615 5081 πίπτει.
640 5021 687 5086 Ὡς
699 5022 726 5078 δὲ
741 5026 817 5078 τοῦτο
830 5020 941 5091 ήκουσεν

163 5108 253 5186 ἅτερος
275 5116 326 5168 τῶν
351 5115 475 5185 ὑπάτων,
500 5113 608 5194 Μάρκος
633 5110 756 5175 (lucror
774 5100 805 5180 ήν
823 5109 849 5169 δὲ
872 5109 940 5168 κατὰ

687 280 861 343 utoxl’stl
882 280 1266 343 Huttcllta'ussunsts

1003 421 1039 471 cis
1050 425 1179 479 strenuus,
1191 426 1216 473 et
1227 422 1260 473 ob
1271 421 1346 475 ambo
1364 421 1419 474 buc
1436 420 1463 473 in
1481 436 1533 475 uua
1547 422 1681 490 legionum
1699 428 1790 483 illustri

1003 519 1106 563 orantus
1117 514 1237 578 irnperio,
1252 515 1325 566 cuius
1342 515 1448 566 ductum
1461 518 1489 567 ct
1502 516 1572 568 iussa
1586 530 1622 569 cx
1631 522 1792 575 wuluriones

1003 617 1064 656 cnut
1076 609 1130 655 ειιιι
1142 607 1291 671 rrrontpulis
1307 606 1383 671 sequi,
1396 606 1436 659 lex
1449 608 1539 659 lubet:
1560 622 1629 674 quos
1645 610 1726 663 duces
1741 617 1792 666 llo·

1004 698 1070 747 mani
1093 699 1174 761 patrio
1192 712 1305 748 sermone
1323 698 1466 764 Primipilos
1487 702 1589 751 rocsni.
1636 704 1686 755 isle
1709 705 1792 769 igilur

1008 794 1075 853 (erat
1097 795 1182 841 urrisun
1205 804 1256 855 quse
1278 791 1375 842 coeteris
1391 805 1498 855 maguus
1522 796 1549 842 et
1569 796 1672 859 egregia
1693 794 1789 869 lorrnaj:

1005 883 1109 935 slensin
1123 882 1188 940 locu.
1205 883 1270 934 unde
1280 884 1395 935 omnibus
1413 884 1565 948 conspicuus
1584 892 1655 938 esset
1666 887 1788 953 iuturus,

1004 972 1069 1023 dixit
1085 990 1091 1021 ε
1106 993 1119 1016 ι
1129 973 1250 1032 Quoniam
1264 972 1305 1033 id,
1323 974 1453 1031 consules.
1476 975 1588 1035 timetis,
1601 992 1636 1028 ne
1648 978 1717 1032 laeta
1733 998 1791 1033 nos-

1006 1088 1019 1110 «
1035 1070 1074 1116 tra
1087 1065 1161 1115 dictis
1175 1079 1223 1115 non
1238 1065 1414 1129 resquudeeut,
1437 1080 1483 1131 ego
1497 1069 1596 1133 primus
1614 1086 1663 1138 pro
1678 1090 1721 1128 me
1738 1081 1789 1143 ipso

1006 1176 1019 1201 ι
1033 1155 1103 1205 vobis
1123 1156 1272 1219 promissum
1293 1154 1458 1217 continuabo,
1472 1156 1600 1225 idemque
1621 1165 1789 1219 certissimam

1008 1268 1020 1292 a
1035 1247 1219 1312 maximumque
1241 1246 1320 1307 dab03
1345 1252 1372 1298 et
1395 1262 1458 1313 vos,
1482 1264 1498 1300 o
1526 1251 1596 1303 eires
1626 1257 1790 1327 eiusdemque

1006 1358 1018 1380 ι
1034 1338 1139 1389 lortunrs
1156 1339 1228 1397 socii,
1248 1343 1374 1404 quotquot
1392 1339 1540 1394 decrevistis
1556 1342 1628 1397 iacta
1651 1352 1735 1403 verbis
1753 1370 1787 1405 uu.

1006 1451 1019 1475 ι
1033 1445 1125 1495 quare,
1141 1432 1209 1482 baud
1226 1432 1404 1497 peccaveritis,
1424 1433 1447 1484 si
1469 1434 1536 1487 idem
1563 1441 1636 1504 quod
1657 1458 1704 1509 ego
1724 1447 1788 1498 foce.

1007 1545 1019 1569 «
1033 1524 1096 1574 ritis.
1110 1543 1123 1567 ν
1155 1524 1220 1573 ileo
1237 1523 1336 1575 locutus
1356 1524 1489 1591 gladioque
1508 1529 1611 1583 sublato
1630 1534 1723 1587 iurarit
1734 1538 1787 1588 ius-

1006 1616 1152 1673 iurandum,
1185 1617 1253 1680 quod
1282 1616 1348 1681 apud
1369 1620 1493 1671 Rornauos
1508 1626 1549 1675 est
1571 1627 1725 1693 muman,
1742 1644 1785 1695 quer

1006 1711 1096 1761 binum
1112 1722 1183 1760 sueni
1198 1709 1289 1770 tidem,
1310 1724 1338 1761 so
1348 1725 1398 1762 uon
1411 1712 1460 1764 uisi
1475 1714 1550 1767 rictis
1567 1718 1686 1775 hostibus
1698 1725 1724 1775 iu
1741 1740 1784 1775 ur-

1006 1800 1062 1851 bern
1086 1812 1255 1849 reversurum.
1289 1804 1372 1860 Quum
1387 1802 1530 1856 Flauoleius
1553 1807 1581 1859 in
1595 1810 1666 1864 lruue
1686 1815 1785 1866 modurn

1010 1893 1131 1952 iurasset,
1146 1892 1234 1941 inultis
1248 1892 1364 1945 laudibus
1379 1900 1500 1961 exceptus
1513 1903 1554 1951 est
1571 1903 1605 1955 ab
1616 1909 1747 1970 omuibus;
1763 1914 1786 1961 et

1009 2005 1065 2040 mox
1077 1990 1151 2040 umbo
1168 1992 1282 2043 cortsules
1295 1994 1361 2046 idern
1375 1995 1504 2059 iecerunt,
1528 2005 1556 2053 et
1570 2004 1616 2067 qui
1630 2006 1728 2055 minore
1745 2008 1790 2057 iur-

1006 2083 1073 2149 peria
1085 2082 1225 2145 habebant,
1236 2084 1329 2135 tribuni
1341 2090 1368 2136 el
1378 2090 1550 2154 centuriones,
1561 2097 1588 2144 et
1602 2100 1731 2159 postremo
1746 2112 1788 2147 re-

1006 2172 1074 2236 liqua
1087 2170 1194 2220 rnililutu
1213 2172 1358 2224 multitudo.
1392 2178 1446 2227 llos·
1459 2178 1525 2231 lucto
1537 2181 1622 2245 iugens
1631 2184 1708 2234 cubui
1725 2187 1785 2235 ulu-

1006 2265 1095 2323 crilas,
1115 2264 1239 2328 elingens
1257 2279 1287 2316 οο
1303 2271 1390 2318 mutua
1407 2269 1576 2323 benevolentia
1587 2278 1614 2324 et
1631 2276 1735 2326 audacia
1751 2291 1784 2327 uc

1005 2354 1082 2405 robur
1094 2367 1180 2405 omues
1193 2355 1285 2415 subiit,
1302 2356 1458 2425 digressique
1473 2377 1489 2415 e
1502 2365 1617 2417 mucione
1639 2366 1682 2417 alii
1703 2382 1785 2433 equos

1005 2447 1149 2507 frenabant,
1168 2448 1211 2497 alii
1226 2448 1324 2511 gladios
1334 2456 1487 2518 lanceasque
1502 2458 1639 2519 acuebant,
1651 2461 1694 2512 alii
1712 2466 1787 2514 scuta

1006 2540 1178 2605 abstergebant
1193 2554 1199 2585 ε
1215 2540 1335 2607 brevique
1346 2548 1465 2610 temporis
1480 2552 1564 2614 spatio
1580 2556 1648 2605 totns
1661 2558 1789 2608 exercitus

1005 2636 1036 2687 ud
1047 2648 1153 2699 puguoru
1172 2638 1275 2698 paratus
1284 2634 1341 2686 fuit.
1375 2639 1596 2695 Consulesauteru
1610 2647 1691 2703 rotis.
1710 2650 1788 2699 sacri·

1007 2729 1069 2779 liciis
1083 2731 1107 2779 ot
1120 2727 1235 2792 precibus
1248 2728 1308 2779 deos
1327 2733 1434 2795 precati,
1453 2739 1482 2785 ut
1494 2736 1543 2787 sibi
1554 2737 1581 2789 iu
1591 2740 1727 2793 ducendis
1742 2758 1785 2793 ου-

1005 2828 1140 2892 piisducos
1157 2843 1211 2880 csso
1227 2829 1332 2889 vellent,
1348 2830 1384 2880 ita
1397 2830 1499 2881 domurn
1522 2834 1608 2898 copias
1621 2837 1719 2901 egregie
1736 2837 1787 2887 ins·

1006 2922 1102 2968 tructus
1128 2924 1155 2969 et
1182 2919 1293 2970 ordinem
1317 2926 1445 2973 seruantes
1465 2938 1497 2973 rx
1520 2927 1613 2976 eastris
1637 2928 1785 2979 εθιικετιιιιῑ.

1005 3012 1088 3067 Quum
1110 3025 1169 3059 roro
1192 3013 1291 3062 Etrusci
1311 3027 1354 3064 eos
1378 3030 1408 3066 cx
1433 3017 1618 3071 munitionibus
1638 3020 1787 3071 descendero

1005 3100 1140 3157 uidissent,
1162 3103 1328 3164 rnirutisuul‚
1357 3109 1382 3156 ot
1407 3106 1453 3171 ipsi
1478 3122 1580 3174 quoque
1608 3112 1670 3162 totis
1692 3114 1787 3163 ririlnrs

1004 3197 1089 3242 contra
1104 3208 1147 3243 eos
1159 3193 1311 3257 prodierunt.

1035 3446 1078 3493 xl.
1097 3442 1142 3492 Ubi
1154 3456 1213 3491 vero
1226 3442 1327 3505 utrique
1339 3442 1364 3491 in
1378 3455 1452 3507 aequo
1469 3443 1522 3494 loco
1531 3446 1709 3505 constiterunt,
1722 3464 1785 3513 μοις-

1003 3560 1091 3610 naque
1105 3546 1201 3609 signatu
1214 3544 1281 3593 lubus
1294 3542 1430 3604 dederuut,
1441 3544 1541 3594 subluto
1556 3545 1666 3600 clamore
1680 3563 1785 3601 concur·

1002 3650 1104 3708 αττηις
1115 3645 1230 3708 luctuque
1245 3645 1337 3708 inpetu
1351 3645 1392 3695 olii
1402 3646 1428 3695 in
1438 3644 1508 3705 ulios,
1526 3649 1626 3712 equites
1638 3664 1698 3701 cum
1713 3657 1782 3719 equi·

1003 3759 1081 3814 tibus,
1106 3755 1200 3818 inditos
1221 3769 1279 3803 curn
1305 3755 1431 3819 pudilibus
1457 3757 1613 3820 pugnabant,
1645 3766 1671 3810 et
1695 3779 1783 3829 magna

1002 3859 1212 3925 utrinquotsudos
1234 3858 1322 3908 bocla:
1342 3861 1443 3910 Rotnani
1467 3864 1564 3919 utilem.
1582 3865 1627 3927 qui
1646 3866 1671 3915 in
1693 3869 1782 3921 doum

1001 3988 1076 4022 corun
1092 3977 1174 4027 crunt.
1190 3972 1229 4021 rui
1245 3972 1308 4020 ulter
1320 3970 1407 4019 consul
1423 3968 1531 4018 Manlius
1552 3976 1675 4033 praeerat,
1697 3975 1782 4028 hoste,¹

1002 4074 1048 4123 sibi
1059 4075 1185 4138 oppositos
1201 4073 1361 4137 repulerunt,
1373 4075 1399 4120 ot
1414 4070 1594 4121 descendentes
1609 4088 1640 4123 er
1653 4078 1727 4140 cquis
1739 4093 1783 4143 po-

1000 4180 1109 4231 ‹luslreru
1133 4194 1238 4245 pugnaui
1256 4179 1452 4228 columittcbunt.
1488 4180 1536 4237 Qui
1556 4181 1658 4230 veroin
1680 4184 1783 4235 sinistro

1000 4300 1075 4336 cornu
1091 4288 1202 4337 collocati
1226 4293 1295 4337 urunt
1311 4303 1325 4336 a
1343 4287 1433 4337 doxlro
1457 4285 1565 4336 ltostiurn
1589 4287 1784 4343 circumdaban--

1000 4399 1040 4443 tur
1054 4413 1058 4443 :
1076 4411 1131 4445 niun
1145 4399 1248 4445 Etrusca
1262 4395 1327 4445 acics
1340 4394 1371 4444 ab
1392 4409 1421 4444 oa
1445 4398 1515 4458 quarto
1529 4394 1623 4457 lougius
1641 4399 1782 4457 protendo.

998 4496 1078 4553 luitur,
1100 4498 1225 4558 alteraque
1243 4511 1290 4543 uon
1310 4497 1391 4559 patilla
1415 4499 1493 4549 nnuior
1514 4504 1573 4549 erut.
1606 4500 1641 4547 Ab
1661 4500 1708 4549 isac.
1729 4503 1779 4566 igi·

998 4590 1038 4635 tur
1051 4592 1119 4648 partu
1136 4588 1259 4636 exercilus
1274 4591 1399 4639 llornuuus
1416 4593 1630 4656 pcrrurnpubutur,
1646 4594 1780 4659 multaque

998 4699 1100 4748 uulnera
1114 4698 1255 4761 atuipicbul.
1292 4699 1344 4745 Hoc
1359 4699 1443 4746 ntrlctn
1465 4711 1541 4746 cornu
1559 4694 1665 4745 ducebat
1679 4698 1710 4753 Q.
1732 4700 1781 4746 Fa-

998 4800 1066 4859 bius,
1088 4800 1193 4848 consitiis
1217 4799 1314 4859 Ινμοῑιιε
1334 4801 1359 4845 et
1379 4797 1510 4861 proconsul
1524 4837 1529 4855 ,
1543 4798 1586 4860 qui
1603 4797 1641 4846 lus
1660 4798 1777 4847 corisulu-

997 4904 1186 4964 luingessoru13
1204 4900 1297 4963 diuque
1314 4899 1405 4948 restitit
1426 4900 1494 4948 vario
1515 4901 1619 4949 rulrreru
1633 4899 1778 4964 accipiens:

996 5012 1119 5072 γνοείιυιιιιι
1131 5012 1228 5073 qualoru-
1240 5009 1324 5059 luuceu
1338 5023 1466 5073 percusso,
1483 5012 1507 5058 ol
1519 5010 1623 5073 cuspide
1637 5009 1669 5059 ad
1683 5009 1781 5059 viscora

996 5131 1075 5181 usque
1093 5119 1248 5180 putretudine,
1269 5114 1508 5179 exsanguisoocitit.
1543 5117 1576 5164 lt.
1596 5115 1705 5177 Folius,
1718 5115 1782 5165 ultor
