3772 5828
184 322 242 381 226

184 452 300 513 ἐνιαυτὸν
329 454 377 521 τῆς
410 448 554 522 ἑξηκοστῆς
571 446 624 506 ’καλ
650 444 760 524 πρώτης
789 443 963 520 ὀλυμπιάδος,

183 539 217 614 ἣν
241 542 314 600 ἐνίκα
336 538 441 598 στάδιον
461 537 623 617 Ἀγάθαρχος
645 536 817 612 Κερκυραῖος,
840 533 966 613 άρχοντος

184 629 321 700 Ἀθήνησιν
349 626 524 704 Θηρικλέους,
577 615 672 695 Οὗτος,
686 620 815 689 ὑπεριδὼν
839 622 888 699 μέν
920 625 965 680 τοῦ

187 698 328 792 δημοτικοῦ
344 716 468 787 πλήθους,
482 712 613 794 ὑπεριδὼν
631 710 657 770 δέ
671 715 723 770 τῶν
740 710 902 791 πατρικίων,
922 710 965 790 ἀφ’
1018 685 1050 736 ad
1067 698 1168 749 regnum
1182 687 1312 749 pm'oems
1327 686 1393 743 Μ’
1407 686 1434 733 ⁰²
1444 696 1526 733 [ηοω
1541 686 1567 734 ⁸¹
1583 682 1648 748 ΙΨ
1664 689 1690 734 θῑ
1700 697 1801 736 ⁰m¹¹⁰¹¹¹

146 823 158 860 e
186 796 224 879 ῶν
242 807 285 862 ἐπί
307 803 355 874 τήν
382 804 535 860 δυναστείαν
549 798 680 880 προήχθη,
700 799 745 868 ἔθη
762 823 791 858 τε
808 797 853 858 καῖ
873 798 966 873 νόμους

186 894 230 953 καί
246 893 332 951 πάντα
346 891 390 950 τόν
407 891 548 969 ἐπιχώριον
578 889 690 964 κόσμον,
710 878 795 969 ᾧτήν
814 887 890 944 πόλιν
909 886 967 945 ἐκό-

187 1005 294 1059 σμησαν
305 985 329 1040 oi
343 979 463 1059 πρότεροι
475 981 603 1057 βασιλεῖς,
617 978 731 1057 συγχέας
742 976 789 1035 καὶ
803 973 965 1056 διαφθείρας,

187 1075 223 1138 είς
242 1066 452 1145 ὁμολογουμένην
476 1067 618 1148 τυραννίδα
640 1065 787 1142 μετίστησε
803 1064 852 1137 τήν
866 1064 963 1143 ἀρχήν.

189 1162 243 1220 ilat
257 1161 360 1239 πρῶτον
382 1157 430 1234 μίν
454 1155 575 1237 φυλακήν
597 1154 782 1224 κατεστήσατο
794 1162 856 1229 περί
874 1153 965 1211 ἑαυτὸν

134 1271 161 1308 ro
187 1251 332 1331 ἀνθρώπων
359 1247 542 1328 θρασυτάτων,
556 1244 616 1325 ξίφη
636 1245 682 1304 καὶ
707 1244 807 1322 λόγχας
824 1243 966 1322 φερόντων,

188 1337 336 1419 ίπιχωρίων
350 1360 380 1396 τε
401 1337 447 1395 καὶ
466 1337 635 1405 ἀλλοδαπῶν,
650 1333 676 1393 οῖ
695 1334 786 1400 νυκτός
806 1355 835 1391 τε
859 1334 920 1414 περὶ
936 1334 966 1392 τό

179 1428 320 1506 ’βασιλειαν
367 1424 531 1501 αὐλιζόμενοι
579 1422 671 1495 αὐλήν,
698 1421 745 1481 καί
776 1423 833 1499 μεθ’
863 1423 966 1502 illitae

187 1516 279 1585 ἐξιόντι
294 1517 549 1595 παρακολουθοῦντες
568 1513 621 1586 ὅπη
637 1513 787 1592 πορεύοιτο,
802 1513 903 1584 πολλὴν
917 1510 965 1585 τήν

188 1604 241 1665 ἀπδ
270 1609 324 1663 τῶν
358 1601 595 1663 ἐπιόουλευσάντων
623 1601 769 1682 ἀσφάλειαν
798 1601 964 1681 παρείχοντο.

40 1724 43 1735 ·
135 1715 160 1755 rs
186 1692 300 1753 Ἔπειτα
319 1690 367 1758 ri<
383 1691 484 1760 ἐξόδους
504 1691 564 1750 οὔτε
583 1694 699 1771 συνεχεῖς
720 1689 780 1750 οὗτε
794 1693 965 1768 τεταγμένας,

188 1781 257 1841 ἀλλά
271 1781 395 1850 σπανίους
408 1782 453 1840 καὶ
471 1781 682 1861 ἀπροσδοκήτως
696 1783 818 1841 ἐποιεῖτο.
863 1780 966 1859 Ἐχρη·

188 1871 281 1949 μάτιζί
295 1893 322 1929 τε
337 1871 397 1949 περὶ
413 1872 465 1928 τῶν
483 1872 576 1928 κοινῶν
591 1873 651 1929 κατ’
667 1866 736 1929 οέκον
753 1869 800 1947 μὲν
822 1868 856 1927 ad
870 1871 966 1942 πολλά,

188 1960 234 2020 καί
254 1961 340 2018 αὐτῶν
356 1961 407 2016 τῶν
432 1961 644 2038 ἀναγκαιοτάτων
661 1959 871 2038 συμπαρόντων,
888 1957 964 2036 ὀλίγα

189 2050 253 2108 δ’ίν
273 2050 366 2128 ἀγορᾷ.
410 2049 568 2128 Προσελθεῖν
585 2051 608 2107 δ’
624 2048 706 2107 οὐδενὶ
725 2051 777 2105 τῶν
800 2047 965 2127 βουλομένων

134 2153 162 2197 20
188 2137 340 2217 ἐπέτρεπεν,
350 2139 374 2195 εἰ
384 2136 422 2212 μή
431 2159 488 2195 τινα
500 2138 634 2197 καλέσειεν
648 2135 737 2202 αὖτίς·
747 2137 806 2193 οὔτε
820 2135 873 2204 τοῖς
885 2159 965 2216 προα-

189 2233 270 2287 nico
290 2225 401 2303 εὐμενής
417 2224 477 2284 οὔτε
500 2237 582 2306 πρᾷος
597 2217 644 2298 ήν,
660 2226 718 2285 ἀλλ’
736 2215 779 2283 οἶα
794 2222 825 2295 δή
843 2223 966 2306 τύραννος

191 2316 271 2394 βαρύς
285 2336 314 2372 τε
334 2316 380 2372 καὶ
397 2315 515 2393 χαλεπὸς
536 2315 616 2394 ὀργήν
635 2313 681 2372 καί
698 2311 807 2392 φοόερὸς
828 2315 928 2387 μάλλον
949 2313 967 2385 ἢ

189 2401 296 2482 φαιδρός
309 2403 434 2480 ὀφθῆναι·
450 2404 495 2460 καὶ
510 2401 556 2468 τάς
571 2400 632 2480 περὶ
648 2403 702 2460 τῶν
717 2398 967 2477 ἀμφισόητημάτων

188 2489 316 2569 περὶτῶν
332 2487 500 2564 συμθολαίων
516 2488 631 2570 κρίσεις,
651 2491 699 2549 οὒκ
712 2488 757 2548 ἐπί
770 2488 805 2548 τά
821 2488 909 2548 δίκαια
921 2490 967 2550 καί

135 2605 162 2645 es
188 2577 248 2646 τοθς
262 2578 372 2657 νόμους,
391 2580 449 2639 ἀλλ’
463 2580 507 2639 ἐπὶ
524 2577 582 2645 τοὺς
596 2582 689 2639 ἑαυτοῦ
706 2579 817 2658 τρόπους
832 2579 967 2660 ἀναφέρων

189 2671 314 2730 ἐποιεῖτο.
358 2667 410 2729 Διά
419 2672 503 2727 ταῦτα
519 2669 670 2744 ἐπωνυμίαν
684 2666 796 2727 τίθενται
812 2668 884 2748 αὐτῷ
895 2666 968 2728 Ῥω·

130 2786 133 2791 ·
191 2762 265 2832 μαῖαι
277 2756 323 2816 τδν
336 2756 501 2838 Σοίπερόον,
518 2763 595 2816 τοῦτο
609 2756 637 2816 δὲ
651 2757 746 2830 δηλοῦν
765 2755 887 2836 βούλεται
899 2757 969 2815 κατά

189 2843 238 2917 τὴν
268 2844 400 2925 ἡμετέραν
425 2848 546 2923 γλῶτταν
577 2845 622 2905 τθν
648 2845 826 2928 ὑπερήφανον·
868 2846 913 2905 τὸν
941 2845 969 2905 δέ

189 2933 298 2993 πάππον
315 2937 395 2995 αὐτοῦ
406 2935 523 3013 Πρίσκον
536 2935 657 3009 ἐκάλουν,
666 2937 702 3000 ὡς
717 2935 740 2992 δ’
749 2941 827 3012 ἡμεῖς
842 2935 872 2993 ἀν
888 2936 968 2994 εἴποι-

137 3053 165 3094 30
191 3045 249 3100 μεν,
271 3023 487 3103 προγενέστερον·
509 3024 647 3101 ὁμώνυμος
671 3023 722 3104 γάρ
742 3015 775 3096 ήν
792 3028 831 3103 τῷ
850 3024 969 3106 νεωτέρῳ

190 3113 250 3170 κατ’
265 3112 346 3193 ἀμφω
361 3112 394 3170 τά
410 3111 540 3188 ὀνόματα.

232 3202 321 3263 XLll.
346 3200 423 3259 Ἐπεί
447 3201 470 3258 δ’
486 3201 619 3281 ἐγκρατῶς
642 3200 693 3273 ήδη
710 3200 833 3281 κατέχειν
850 3200 971 3278 ὑπελάμ-

192 3288 255 3351 θανε
284 3291 333 3361 τήν
365 3290 462 3370 ἀρχὴν,
489 3291 694 3369 παρασκευάσας
722 3293 752 3349 ἐκ
776 3293 827 3348 τῶν
860 3289 970 3368 ἑταίρων

190 3380 249 3448 τοῖς
259 3378 462 3460 πονηροτάτους,
476 3378 508 3437 δι’
521 3377 626 3436 ἐκείνων
635 3368 697 3455 ήγεν
708 3379 744 3445 είς
758 3378 914 3457 ἐγκλήματα
925 3379 971 3437 καὶ

139 3496 165 3534 as
192 3470 303 3529 θανάτου
325 3469 399 3535 δίκας
412 3467 524 3533 πολλοὺς
546 3470 598 3525 τῶν
620 3469 765 3550 ἐπιφανῶν*
783 3468 902 3548 πρώτους
922 3465 970 3545 μὲν

192 3558 250 3626 τοὺς
277 3561 375 3638 ἐχθρῶς
402 3558 582 3634 διακειμένους
605 3557 669 3638 πρὸς
695 3557 784 3632 αὐτὸν,
811 3549 848 3625 οἷς
869 3560 918 3617 οὒκ
938 3549 971 3630 ήν

195 3647 360 3726 βουλομένοις
374 3648 488 3706 Τύλλιον
511 3649 541 3705 ἐκ
554 3650 602 3717 τῆς
623 3649 707 3726 ἀρχῆς
722 3649 855 3707 ἐκπεσεῖν·
879 3648 972 3706 ἔπειτα

193 3739 238 3796 καὶ
253 3740 304 3795 τῶν
320 3736 417 3810 ἄλλοιν,
430 3736 473 3803 οὓς
487 3734 658 3809 ὑπελάμόανε
672 3740 779 3816 βαρεῖαν
791 3742 912 3816 ἡγεῖσθαι
924 3734 972 3807 τήν

196 3826 355 3902 μειαὸολήν,
369 3826 413 3884 καὶ
425 3816 462 3891 οῖς
478 3825 559 3893 πολὺς
571 3827 680 3891 πλοῦτος
692 3816 735 3896 ήν.
780 3828 815 3886 Οἱ
826 3829 848 3886 δ’
860 3825 973 3903 ὑπάγον-

143 3936 168 3973 au
196 3938 237 3980 τες
251 3916 344 3982 αὐτοὺς
358 3916 409 3974 ὑπὸ
425 3915 471 3982 τάς
481 3916 564 3983 δίκας,
585 3914 678 3980 ἀλλους
689 3913 731 3972 ἐπ’
746 3914 839 3982 ἄλλοις
852 3914 974 3994 ψευδέσιν

197 4001 301 4071 αἰτίαις,
319 4004 436 4079 μάλιστα
459 4003 483 4063 δ’
504 4001 681 4061 ἐπιόουλεάειν
697 4001 848 4079 αἰτιώμενοι
868 4005 905 4081 τῷ
921 4005 973 4079 βα-

197 4088 275 4156 σιλεῖ,
297 4090 457 4170 κατηγόρουν
483 4092 526 4148 ἐπ”
546 4091 617 4168 αὐτῷ
645 4089 767 4169 δικαστῇ.
811 4088 846 4149 Ὁ
870 4090 897 4148 δέ
921 4091 973 4147 τῶν

200 4171 246 4247 μὲν
263 4172 370 4233 θάνατον
386 4178 550 4249 κατεδίκαζε,
567 4180 620 4236 τῶν
636 4177 663 4237 δέ
679 4178 773 4258 φυγήν,
790 4176 837 4237 καὶ
851 4176 885 4239 τά
897 4175 972 4256 χρή-

199 4284 271 4339 ματα
286 4260 344 4328 τούς
360 4287 388 4321 τε
403 4267 605 4344 ἀναιρουμένους
622 4266 667 4325 καῖ
682 4265 739 4333 τοὺς
757 4266 974 4344 ἐξελαυνομένους

144 4378 169 4418 lu
200 4350 403 4430 ἀφαιρούμενος,
438 4362 491 4419 τοῖς
518 4355 565 4429 μὲν
594 4355 752 4438 κατηγόροις
791 4355 887 4434 μικράν
917 4379 974 4413 τινα

200 4441 293 4520 μοῖραν
307 4439 534 4514 ἀπένεμεν,αὐτδς
549 4441 576 4500 δὲ
589 4443 622 4500 τά
632 4447 715 4504 πλείω
725 4454 857 4525 κατεῖχεν.
873 4444 974 4522 Ἔμελ-

199 4532 244 4589 λον
267 4534 292 4589 δὲ
320 4533 372 4609 ἀρα
392 4534 484 4591 πολλοί
505 4537 557 4592 τῶν
579 4536 714 4607 δυνατῶν,
732 4537 793 4615 πρίν
811 4537 911 4595 ἁλῶναι
929 4534 976 4601 τάς

200 4618 364 4695 ἐπαγομένας
389 4621 463 4698 σφίσι
480 4622 571 4693 δίκας,
592 4624 686 4689 εἰδότες
701 4616 737 4683 ῶν
752 4627 837 4684 ἕνεκεν
861 4623 974 4684 ἐπεόου-

199 4711 322 4778 λεόοντο,
339 4709 507 4788 καταλείψειν
526 4713 564 4788 τῷ
580 4714 698 4789 τυράννῳ
710 4714 757 4785 τὴν
772 4714 848 4772 πόλιν
865 4714 975 4784 ἑκόντες,

146 4816 172 4853 uu
200 4802 245 4856 καὶ
269 4799 360 4879 πολλῷ
383 4799 500 4866 πλείονες
526 4799 645 4877 ἐγένοντο
665 4806 715 4860 τῶν
738 4800 845 4880 ἑτέρων.
888 4793 976 4859 Ἦσαν

203 4887 230 4945 δέ
245 4912 311 4956 τινες
329 4890 353 4947 οἳ
378 4890 422 4949 καὶ
448 4892 533 4968 κρύφα
559 4892 735 4969 διεφθάρησαν
752 4891 796 4950 ὑπ’
814 4895 891 4951 αὐτοῦ
918 4890 976 4950 κατ’

202 4972 283 5041 οίκίας
297 5001 328 5034 τε
342 4977 388 5036 καὶ
402 4981 444 5037 ἐπ’
464 4979 798 5056 ἀγρῶν·ἀναρπαζόμενοι,
819 4979 896 5056 λόγου
912 4977 977 5048 ἄξιοι

203 5056 306 5135 ἄνδρες.
323 5056 359 5120 ῶν
379 5065 436 5124 aiil
459 5066 492 5124 τά
512 5064 626 5141 σώματα
640 5067 735 5147 ἐφάνη.
779 5066 856 5127 Ἐπεὶ
871 5067 898 5125 δέ
920 5067 975 5124 διέ-

203 5148 290 5226 φθειρε
311 5147 340 5203 τὸ
363 5151 501 5228 κράτιστον
517 5157 565 5225 τῆς
588 5154 684 5230 βουλῆς
708 5156 798 5234 μέρος,
813 5154 930 5220 θανάτοις
949 5178 978 5214 τε

708 311 877 373 DlONYSll
899 304 1273 370 Hatluauulssausis

1017 466 1136 518 tlrarcbus
1157 467 1309 530 Corcyraeos,
1325 462 1444 513 archonte
1464 462 1568 514 Athenis
1590 463 1712 515 Theriele.
1755 467 1801 517 liic
1880 467 1883 472 '

1019 577 1158 638 contempta
1164 575 1249 640 plebe,
1260 571 1456 636 contemptisque
1469 571 1593 635 patriciis,
1605 587 1712 638 quorum
1725 587 1801 638 opera

1019 798 1124 862 patriam
1145 796 1366 860 disciplinamque
1380 795 1519 859 superiores
1538 808 1608 859 reges
1622 795 1709 848 urbem
1728 811 1802 850 orna·

1020 913 1084 968 rant,
1098 907 1250 958 contundens
1262 909 1288 956 el
1304 920 1471 972 corrumpens,
1484 920 1588 972 regnum
1601 908 1627 958 in
1645 910 1800 962 manilestam

1019 1017 1174 1081 tyrannidem
1194 1017 1277 1067 rertit.
1314 1021 1348 1067 Ac
1366 1019 1472 1082 primum
1492 1019 1593 1082 quidem
1608 1021 1747 1085 stipavitse
1763 1035 1803 1073 oo·

1019 1129 1107 1179 mitaln
1123 1128 1250 1178 bominum
1263 1128 1492 1190 audacissimorum,
1505 1129 1599 1193 gladios
1606 1135 1632 1181 et
1650 1132 1748 1184 lanceas
1760 1146 1803 1198 ge·

1019 1239 1147 1298 stantium,
1160 1243 1212 1289 tum
1225 1239 1392 1302 indigenarum
1405 1244 1458 1290 turn
1469 1243 1715 1306 peregrinorumqul
1726 1249 1802 1295 noctu

1018 1350 1085 1401 circa
1102 1348 1194 1414 regiam
1215 1349 1364 1400 excubantes
1384 1355 1410 1400 et
1423 1350 1529 1400 interdiu
1549 1364 1615 1414 auro,
1635 1354 1660 1401 iu
1675 1353 1803 1416 publicum

1018 1461 1189 1529 prodeuntem,
1205 1473 1354 1524 quocunque
1374 1461 1586 1524 proficiscebatur,
1608 1464 1756 1514 comitantes
1771 1465 1803 1516 ab

1020 1570 1115 1624 insidiis
1146 1570 1219 1621 valde
1242 1571 1394 1622 tutabantur.
1430 1570 1524 1622 Deinde
1545 1586 1625 1636 neque
1642 1586 1707 1637 saepe
1724 1588 1804 1639 neque

1022 1684 1097 1736 certis
1105 1682 1266 1748 temporibus,
1280 1681 1325 1734 sed
1338 1697 1394 1733 raro
1405 1686 1431 1735 et
1444 1696 1474 1734 ex
1484 1687 1618 1750 improviso
1627 1685 1701 1736 domo
1710 1687 1802 1737 exibat.

1021 1795 1052 1844 nt
1064 1792 1133 1843 domi
1142 1791 1286 1859 plerumque
1300 1792 1332 1843 de
1340 1790 1466 1858 republica
1479 1793 1636 1844 consultabat
1646 1808 1701 1845 cum
1713 1795 1802 1860 tisoni

1022 1904 1070 1955 sibi
1088 1903 1196 1954 maxima
1218 1902 1399 1955 necessitudine
1415 1908 1486 1955 erant
1508 1904 1656 1957 coniuncti:
1673 1906 1804 1954 attulero

1023 2030 1087 2068 raro.
1128 2015 1255 2066 Neminem
1267 2030 1327 2067 varo
1347 2016 1380 2068 nd
1392 2030 1450 2068 eum
1461 2017 1583 2068 accedere
1595 2017 1744 2082 patiebatur,
1758 2016 1805 2068 nist

1023 2140 1098 2192 quem
1117 2125 1171 2190 ipse
1182 2129 1310 2188 vocasset,
1327 2140 1408 2192 neque
1426 2141 1477 2188 eos,
1496 2127 1540 2192 qui
1558 2127 1590 2178 ad
1608 2129 1691 2192 ipsum
1704 2130 1804 2179 accede·

1024 2241 1091 2299 bant,
1103 2239 1204 2304 benigne
1216 2242 1242 2288 et
1258 2239 1362 2289 comiter
1373 2237 1520 2303 excipiebat3
1539 2237 1593 2297 sed,
1610 2241 1699 2302 utpote
1715 2241 1803 2302 tyran·

1024 2361 1080 2409 nus,
1098 2361 1198 2411 gravem
1213 2360 1240 2397 se
1253 2351 1280 2397 et
1297 2347 1441 2398 iracundum
1456 2345 1589 2411 prebebat.
1609 2351 1634 2398 et
1650 2347 1747 2397 vultum
1762 2361 1806 2412 po·

1023 2460 1075 2508 tius
1095 2456 1127 2506 ad
1139 2461 1259 2506 terrorem
1271 2469 1347 2519 quam
1365 2455 1397 2505 ad
1415 2453 1565 2506 bilaritatem
1581 2455 1759 2520 componebat3
1779 2464 1807 2507 el.

1025 2568 1105 2618 litium
1120 2567 1313 2625 controversias,
1325 2579 1373 2615 non
1386 2579 1415 2616 ex
1427 2565 1481 2616 iure
1498 2567 1526 2616 et
1538 2565 1642 2630 legibus,
1656 2566 1700 2617 sed
1712 2580 1743 2617 ex
1755 2565 1807 2618 suis

1025 2677 1136 2730 moribus
1156 2677 1296 2728 dirimebat.
1330 2680 1464 2742 Propterea
1486 2679 1561 2729 etiarn
1578 2680 1682 2729 Romani
1704 2678 1739 2730 illi
1758 2680 1805 2730 Su·

1025 2788 1096 2856 perbi
1107 2801 1242 2854 cognomen
1256 2787 1398 2839 indiderunt
1414 2798 1423 2841 τ
1443 2786 1491 2838 boc
1502 2791 1584 2838 autem
1596 2793 1681 2839 nostro
1695 2802 1807 2840 sermone

1025 2901 1173 2966 ὑπερήφανον
1192 2897 1319 2963 significat.
1363 2897 1422 2947 Eius
1434 2911 1493 2949 vem
1512 2912 1587 2949 arum
1608 2900 1719 2949 Priscum
1732 2913 1807 2950 voca·

1026 3016 1094 3072 runt,
1104 3025 1177 3076 quem
1190 3024 1235 3059 nos
1248 3009 1387 3060 diceremus
1395 3010 1577 3075 προγενέστερον
1587 3027 1595 3058 ι
1606 3015 1808 3076 namutrurnque

1027 3133 1116 3172 nornen
1125 3133 1183 3170 cum
1194 3119 1287 3169 iuniore
1301 3131 1431 3169 commune
1441 3118 1556 3171 babebat.

1061 3233 1132 3282 xnll.
1152 3230 1199 3280 Ubi
1219 3243 1279 3280 vero
1298 3229 1448 3281 existimavit
1467 3243 1494 3280 se
1511 3230 1561 3282 mm
1574 3245 1676 3296 regnum
1687 3232 1748 3283 salis
1768 3232 1807 3282 srr·

1029 3338 1096 3375 mum
1119 3323 1219 3382 babere,
1246 3321 1396 3387 nequissimo
1411 3335 1510 3386 quoque
1526 3321 1648 3372 sodalium
1667 3323 1809 3384 subornato,

1028 3417 1128 3470 illorum
1143 3429 1218 3481 opera
1232 3414 1323 3464 multos
1337 3413 1403 3464 viros
1415 3413 1522 3464 illustres
1534 3413 1679 3465 criminibus
1690 3413 1810 3467 obnoxios

1029 3516 1055 3565 in
1069 3511 1158 3576 capitis
1168 3508 1286 3562 iudicium
1300 3507 1435 3558 arcessivit.
1469 3507 1578 3557 Primum
1592 3507 1691 3574 quidem
1702 3521 1755 3570 eos,
1766 3510 1811 3573 qui

1026 3606 1105 3658 alieno
1118 3605 1198 3655 auimo
1212 3617 1227 3652 a
1240 3615 1266 3652 se
1283 3602 1361 3659 eraut,
1373 3600 1466 3665 quique
1477 3600 1584 3651 Tullium
1594 3614 1669 3665 regino
1680 3602 1811 3670 expulsum

1027 3713 1093 3765 aegre
1107 3698 1217 3750 terebant
1237 3716 1243 3746 ι
1257 3695 1344 3745 deinde
1359 3695 1429 3754 alios,
1442 3694 1534 3758 quibus
1546 3694 1714 3746 arbitrabatur
1728 3709 1810 3748 reram

1026 3792 1187 3843 mutationem
1204 3790 1332 3840 molestam
1350 3802 1412 3849 esse,
1432 3789 1524 3851 quique
1546 3787 1640 3839 divitiis
1662 3788 1806 3840 affluebant.

1027 3888 1075 3946 Qui
1089 3901 1150 3937 vero
1170 3887 1225 3936 illos
1239 3885 1264 3934 in
1276 3885 1317 3934 ius
1337 3883 1475 3943 vocabant,
1497 3884 1558 3935 alios
1572 3883 1677 3934 aliorum
1692 3882 1809 3933 salsorum

1029 3981 1160 4031 criminum
1187 3977 1367 4031 insimulantes.
1393 3977 1514 4040 praecipuo
1541 3991 1600 4027 vero
1618 3974 1764 4026 insidiarum
1787 3977 1812 4027 iu

1028 4087 1111 4137 regem
1127 4076 1287 4130 structarum,
1303 4070 1368 4134 apud
1379 4069 1460 4134 ipsura
1474 4083 1557 4134 regem
1582 4068 1688 4120 iudicem
1702 4083 1745 4121 eos
1766 4083 1808 4122 ac·

1027 4166 1155 4223 cusabant.
1193 4168 1217 4216 ls
1234 4180 1293 4217 vero
1315 4166 1376 4217 alios
1400 4166 1493 4223 rnorte,
1519 4163 1581 4213 alios
1603 4163 1690 4214 exsilio
1713 4164 1814 4215 damna·

1027 4260 1070 4311 bat
1082 4281 1088 4311 ε
1108 4265 1133 4311 et
1144 4260 1281 4311 occisorum
1292 4262 1367 4323 atque
1380 4256 1537 4323 expulsorum
1551 4257 1613 4307 bona
1624 4271 1758 4322 occupans,
1769 4257 1813 4308 de·

1028 4354 1147 4408 latoribus
1157 4353 1271 4416 exiguam
1290 4352 1413 4416 quandam
1438 4351 1576 4415 portionem
1589 4352 1680 4412 dabat,
1694 4353 1813 4402 malorem

1029 4463 1088 4499 uero
1100 4449 1147 4499 eibi
1159 4449 1212 4513 ipsc
1222 4449 1350 4499 retinebat.
1386 4448 1538 4511 Quapropter
1548 4445 1621 4495 multi
1631 4445 1679 4493 viri
1691 4447 1813 4508 potentes,

1031 4541 1164 4600 antequam
1181 4538 1270 4600 iuriquis
1289 4538 1386 4589 iudiciis
1399 4538 1508 4603 oppressi
1520 4539 1555 4588 rei
1574 4541 1760 4602 peragerentur,
1775 4549 1814 4585 oo·

1029 4632 1096 4692 gnita
1108 4631 1251 4682 insidiarum
1265 4647 1361 4694 caussa,
1377 4636 1464 4696 sponte
1479 4631 1564 4682 urbcm
1577 4633 1680 4694 tyranno
1694 4629 1814 4694 relinque·

1031 4719 1097 4782 bant,
1115 4734 1221 4783 quorum
1237 4722 1306 4786 longe
1323 4722 1483 4784 maiorquam
1499 4722 1650 4785 reliquorum
1669 4719 1715 4769 luit
1729 4731 1815 4770 nume·

1032 4821 1094 4857 rus:
1113 4810 1219 4859 nonnulli
1242 4811 1315 4859 etiam
1329 4810 1392 4859 clam
1413 4809 1445 4859 ab
1464 4824 1495 4859 co
1519 4809 1608 4860 sublati
1632 4813 1703 4869 sunl,
1719 4807 1743 4857 in
1763 4806 1814 4855 suis

1032 4901 1142 4963 ipsorum
1159 4897 1255 4947 cudibus
1279 4899 1383 4961 correpti
1404 4900 1429 4947 et
1443 4912 1474 4947 en·
1497 4900 1562 4963 agris
1584 4897 1687 4963 abrepti,
1701 4895 1747 4946 riri
1766 4909 1814 4944 non

1032 4984 1212 5043 contemnendi,
1223 4997 1329 5046 quorum
1343 4998 1373 5033 ne
1387 4983 1505 5034 cadavera
1520 4986 1620 5047 quidem
1637 4983 1813 5048 apparuerunt.

1033 5079 1120 5137 ltaque
1146 5088 1202 5123 cerm
1230 5077 1329 5122 senatus
1353 5073 1579 5135 praestantissimam
1609 5076 1701 5138 partem
1735 5074 1815 5120 morte

1032 5169 1058 5215 et
1083 5161 1168 5214 exsilio
1191 5164 1309 5226 perpetuo
1332 5162 1486 5223 sustulisset,
1511 5175 1602 5239 novum
1624 5165 1736 5213 senatum
1762 5160 1814 5225 ipse
