3772 5828
678 453 970 527 abironitarum
993 458 1139 521 boman.
1162 459 1231 521 Lm.
1254 461 1293 522 X.

178 587 312 668 δήμαρχοι
332 585 457 665 στρατιάν
471 586 520 645 οὐκ
531 587 623 652 έῶντες
640 587 840 668 καταγράφων,
856 590 906 658 έως
920 590 952 651 δν

178 681 196 748 ἡ
211 677 271 753 περὶ
286 681 331 734 τοῦ
347 676 429 752 νόμου
441 678 561 754 διενεχθῇ
575 678 671 756 ψῆφος.
700 672 911 753 ’ἀγανακτούσης
926 678 954 738 δί

179 768 225 834 τῆς
239 765 334 843 βουλῆς
345 761 392 820 καί
404 760 539 840 διατριόὴν
550 759 738 838 λαμύανούσης
746 767 794 834 τῆς
804 765 953 844 στρατείας,

179 850 265 933 ἕτεροι
277 854 405 930 παρῆσαν
420 850 472 908 ἀπὸ
487 855 532 908 τοῦ
547 849 668 908 Λατίνων
691 849 778 918 έθνους
792 852 955 912 ἀποσταλέν-

139 980 152 1016 ,
179 963 230 1014 τες,
242 939 267 1000 οἰ
278 940 325 1011 τὴν
340 940 479 998 Ἀντιατῶν
495 937 571 995 πολιν
593 935 724 1016 ἤγγελλον
739 939 769 996 ίκ
779 942 825 997 τοῦ
842 944 955 1019 φανεροῦ

181 1028 372 1110 ἀφεστηκέναι,
385 1035 434 1106 μιᾷ
444 1026 621 1105 χρησαμένων
634 1025 728 1105 γνώμη
741 1027 915 1087 Οὐολούσκων
926 1051 955 1087 τε

180 1124 233 1177 τῶν
244 1118 360 1199 ἀρχαίων
373 1116 516 1194 οἰκητόρων
526 1119 575 1185 τῆς
585 1115 686 1181 πολέως
693 1115 739 1173 καί
749 1113 893 1193 Ῥωμαίων
901 1120 954 1175 τῶν

181 1210 344 1287 ἀφικομένων
355 1209 390 1271 ῶς
409 1203 502 1270 αὐτοὺς
515 1203 628 1263 ἀποίκων
644 1205 689 1263 καί
708 1206 891 1284 μερισαμένων
906 1207 955 1279 τὴν

179 1300 237 1371 γῆν.
252 1295 381 1375 Ἑρνίκων
400 1315 429 1353 τε
444 1292 552 1372 ἄγγελοι
567 1292 636 1352 κατὰ
651 1292 710 1359 τούς
727 1292 819 1360 αὐτοὺς
832 1299 955 1374 παρῆσαν

129 1415 153 1455 lb
180 1385 303 1463 χρόνους,
318 1385 455 1452 δηλοῦντες
469 1381 511 1442 ὅτι
531 1381 707 1442 Οὐολούσκων
729 1381 815 1442 τεκαὶ
831 1386 955 1443 Αἰκανῶν

180 1472 288 1549 δύναμις
300 1469 386 1543 πολλὴ
408 1469 544 1542 ἐξελήλυθε
565 1470 610 1528 καί
622 1472 691 1529 ἐστιν
706 1473 732 1530 ἐν
747 1475 780 1552 τῇ
796 1474 881 1531 αὐτῶν
901 1472 954 1547 ἤδη

116 1574 119 1579 “
178 1567 223 1640 γῇ.
253 1561 361 1620 Τούτων
374 1560 431 1636 ἅμα
447 1558 718 1639 προσαγγελλομένων
734 1561 858 1635 οὐδεμίαν
887 1564 953 1620 ἀνοι-

179 1651 291 1732 στροφὴν
307 1649 345 1708 ἔτι
358 1651 490 1707 ποιεῖσθαι
509 1652 562 1713 τοῖς
584 1651 613 1708 έκ
634 1653 680 1706 τοῦ
698 1647 831 1727 συνεδρίου
853 1648 954 1724 έδόκει,

179 1738 247 1799 ἀλλδι
271 1745 437 1819 πανστρατιᾷ
453 1742 556 1816 βοηθεῖν
577 1735 623 1796 καί
638 1734 705 1803 ,τούς
730 1738 843 1805 ὑπάτους
868 1741 954 1819 ἀμφο-

125 1855 151 1895 ts
178 1831 266 1909 τέρους
284 1826 388 1897 ἐξιέναι·
408 1827 452 1885 tls
473 1826 500 1884 δι’
521 1848 588 1893 τινες
610 1825 786 1903 ἀπολειφθῶσι
809 1830 856 1898 τῆς
872 1850 954 1908 στρα·

178 1920 248 1986 τείας
264 1918 406 1994 Ῥωμαίων
420 1916 438 1988 ἢ
453 1919 505 1974 τῶν
516 1915 681 1996 συμμάχων,
698 1917 732 1982 ὡς
753 1916 888 1994 πολεμίοις
902 1920 951 1978 αθ-

178 2011 232 2073 τοῖς
251 2010 375 2086 χρῆσθαι.
419 2005 548 2073 Εἰξάντων
563 2003 591 2063 δί
603 2004 648 2063 καί
662 2007 715 2062 τῶν
733 2004 887 2086 δημάρχων,
902 2031 952 2066 κα-

179 2098 360 2176 ταγράψαντες
382 2092 439 2160 τούς
453 2096 479 2152 έν
501 2092 591 2174 ἠλικίφ
612 2094 713 2161 πάντας
734 2095 758 2152 οἱ
782 2093 877 2153 ὕπατοι
884 2143 892 2168 ,
908 2097 953 2156 καί

178 2183 225 2252 τδις
238 2184 312 2263 παρδι
332 2187 385 2242 τῶν
402 2182 551 2262 συμμάχων
567 2182 690 2257 δυνάμεις
713 2184 954 2265 μεταπεμψάμενοι

122 2296 150 2335 au
178 2273 246 2332 κατὰ
260 2271 375 2343 σπουδὴν
388 2271 514 2352 ἐξῄεσαν,
528 2270 714 2347 ὑπολιπόμενοι
728 2271 848 2353 φυλακὴν
860 2297 892 2354 τη
907 2275 954 2333 πό·

176 2364 216 2421 λει
231 2364 321 2442 τρίτην
345 2361 438 2442 μοῖραν
454 2364 500 2432 τῆς
520 2358 662 2439 ἐπιχωρίου
686 2368 818 2440 στρατιᾶς.
850 2361 954 2430 dritta<

177 2451 225 2529 μὲν
246 2441 291 2510 οὐν
307 2449 350 2510 ἐπί
368 2450 428 2517 τοὺς
444 2451 470 2507 ἰν
493 2451 531 2526 τῷ
557 2445 707 2526 Τυσκλάνῳ
730 2447 806 2515 ὄντας
823 2449 953 2517 Αἰκανοὺς

176 2538 226 2608 τὴν
237 2538 363 2615 στρατιάν
377 2528 424 2612 ἦγε
438 2534 481 2594 διδ
495 2534 589 2613 τάχους
601 2532 769 2612 [ἰλαύνων].
813 2538 875 2595 Τῶν
890 2535 917 2596 δί
929 2540 953 2596 σί

178 2625 226 2700 μὲν
242 2625 344 2692 πλείους
358 2623 555 2693 ἀπεληλύθεσαν
574 2620 626 2693 ἤδη
641 2621 816 2700 διηρπακότες
836 2623 884 2696 τὴν
902 2626 953 2685 πό-

120 2737 149 2775 aa
177 2716 235 2790 λιν,
250 2714 333 2791 ὐλίγοι
347 2713 376 2771 δέ
386 2735 453 2778 τινες
468 2709 594 2786 ὑπέμενον
610 2710 784 2791 φυλάττοντες
798 2708 846 2783 τὴν
860 2713 954 2795 ἀκρον·

178 2803 275 2860 ἔστιδὲ
291 2801 390 2883 σφόδρα
412 2797 495 2912 ἐχυρθ
511 2797 557 2858 καὶ
571 2800 600 2857 οὐ
614 2800 714 2868 πολλῆς
736 2799 848 2876 δεομένη
865 2805 952 2882 φυλα-

176 2894 234 2960 κῆς.
279 2888 355 2956 Τινὲς
378 2887 425 2964 μὲν
438 2913 482 2949 ουν
503 2910 568 2969 φασι
581 2884 640 2953 τούς
659 2887 783 2966 φρουροὺς
804 2891 851 2960 τῆς
873 2890 954 2971 ἄκρας

177 2978 277 3046 ἰδόντας
294 2976 410 3047 ἐξιοῦσαν
426 2978 457 3037 ἐκ
467 2980 513 3048 τῆς
530 2974 639 3053 Ῥώμης
653 2975 701 3048 τὴν
714 2976 855 3057 στρατιάν·
873 2979 953 3040 εὐσύ-

177 3090 261 3127 νοπτα
276 3069 327 3146 γάρ
342 3068 411 3126 ἰστιν
426 3070 457 3127 έκ
469 3067 600 3145 μετεώρου
610 3065 643 3123 sd
656 3062 753 3141 μεταξὺ
765 3065 851 3145 χωρία
865 3068 952 3128 πάντα

122 3180 150 3221 30
178 3155 283 3222 ἑκόντας
300 3155 426 3224 έξελθεῖν·
447 3154 528 3236 έτεροι
543 3155 570 3213 δέ
583 3154 833 3235 έκπολιορκηθέντας
847 3157 898 3216 ὐπὸ
907 3163 952 3217 τοῦ

178 3243 285 3303 «laetos
300 3245 358 3302 καθ’
373 3245 514 3322 ὁμολογίαν
526 3244 692 3320 παραδοῦναι
704 3243 735 3303 τδ
750 3244 881 3326 φρούριον,
899 3255 953 3314 τοῖς

177 3330 297 3407 σώμασιν
315 3332 402 3398 αὐτοῖς
417 3330 505 3390 ἀδειαν
524 3330 717 3406 αἰτησαμένους
736 3331 781 3390 καί
798 3331 872 3410 ζυγὸν
886 3337 951 3395 ὑπο·

176 3422 299 3487 στάντας.

217 3508 294 3569 ΧΧΙ.
331 3506 453 3575 Ἀποδοῦς
476 3506 504 3566 δέ
526 3511 581 3574 τοῖς
605 3507 768 3574 Τυσκλάνοις
798 3509 846 3579 τήν
864 3510 949 3582 πόλιν,

122 3619 150 3654 aa
178 3596 283 3663 Φάῦιος
304 3594 365 3675 περί
384 3596 470 3668 δείλην
493 3595 570 3677 ὀψίαν
595 3596 716 3668 ἀνίστησι
737 3594 785 3667 τλν
814 3599 950 3676 στρατιάν.

179 3686 234 3746 Καί
261 3689 296 3752 ὡς
316 3676 372 3765 εἰχε
392 3685 489 3765 τάχους
508 3685 620 3755 ἤλαυνεν
649 3687 692 3744 έπὶ
713 3681 772 3749 τούς
800 3680 951 3761 πολεμίους’,

178 3773 280 3833 ἀκούων
294 3774 354 3853 περὶ
370 3770 444 3833 πόλιν
457 3770 576 3848 Ἄλγιδον
588 3772 682 3850 ἀθρόας
693 3762 759 3830 εἶναι
775 3770 821 3838 τάς
838 3793 866 3828 τε
881 3774 951 3832 oto-

177 3863 295 3923 λούσκων
316 3860 361 3920 καί
382 3858 428 3927 τθς
450 3863 572 3920 Αἰκανῶν
589 3859 721 3937 δυνάμεις.
767 3858 951 3938 Ποιησάμενος

177 3952 204 4011 ’δὲ
221 3950 254 4010 δι’
274 3951 335 4022 ὅλης
348 3949 441 4015 νυκτὸς
453 3946 572 4007 σύντονον
589 3948 666 4020 ὁδόν,
683 3946 728 4005 ὐπ’
750 3946 827 4007 αὐτὸν
843 3947 888 4007 τδν
905 3949 953 4030 ὄρ-

122 4056 149 4093 m
177 4047 235 4120 θρον
247 4037 411 4121 ἐπιφαίνεται
424 4045 479 4103 τοῖς
491 4037 627 4112 πολεμίοις
642 4037 906 4117 έστρατοπεδευκόσιν
923 4041 949 4098 ἰν

177 4129 270 4210 πεδίῳ,
282 4128 327 4186 καί
337 4124 398 4186 οὐτε
406 4124 503 4206 τάφρον
516 4123 748 4202 περιόεόλημένοις
757 4123 816 4185 οὐτε
832 4125 951 4206 χάρακα,

176 4223 211 4286 ώς
226 4220 252 4276 έν
268 4215 352 4297 οίκείφ
366 4219 442 4295 ταχῇ
458 4213 502 4273 καί
518 4212 711 4293 καταφρονήσει
731 4218 775 4271 τοῦ
795 4213 951 4276 ἀντιπάλου.

176 4303 446 4388 Παρακελευσάμενος
472 4303 499 4362 δέ
523 4305 575 4368 τοῖς
596 4302 664 4380 ἀμφ’
680 4300 758 4361 αὐτὸν
781 4303 887 4380 ἀγαθοῖς
902 4304 951 4360 ἀν-

175 4399 252 4477 δράσι
266 4399 400 4475 γίνεσθιιι,
415 4395 517 4472 πρῶτος
532 4390 678 4450 εἰσελαύνει
700 4390 767 4468 μετθι
783 4394 836 4448 τῶν
849 4388 951 4450 ίππέων

121 4495 147 4532 ⁴⁵
175 4491 210 4554 εἰς
223 4487 271 4557 τὴν
284 4488 336 4545 τῶν
350 4482 484 4559 πολεμίων
499 4478 689 4559 παρεμύολην,
705 4479 751 4539 καί
772 4482 796 4538 οἰ
814 4478 889 4548 πεζοί
903 4502 952 4539 συ·

173 4575 364 4644 ναλαλάξοιντες
376 4569 488 4631 εἵποντο.
533 4573 595 4632 Τῶν
606 4567 633 4628 δί
646 4572 670 4628 σί
679 4567 727 4646 μέν
740 4568 779 4628 έτι
791 4567 952 4646 κοιμώμενοι

174 4663 340 4740 ἐφονεύοντο,
356 4664 379 4721 οἱ
390 4662 413 4720 δ’
432 4659 528 4740 ἀρτίως
543 4658 716 4730 ἀνεστηκότες
727 4659 772 4716 καὶ
787 4658 853 4736 πρδς
866 4657 950 4730 ἀλκὴν

175 4751 365 4828 ἐπιχειροῦντες
391 4750 556 4830 τραπέσθαι,
591 4753 617 4809 οἱ
645 4749 673 4807 δέ
700 4746 806 4814 πλείους
829 4744 949 4827 έφευγον,

175 4835 291 4902 Ἁλόντος
303 4838 328 4895 δί
348 4843 394 4897 τοῦ
405 4838 585 4918 στρατοπέδου
599 4833 669 4896 κατδι
685 4835 786 4906 πολλὴν
801 4834 947 4909 εὐπέτειαν,

119 4933 147 4969 ⁵⁰
173 4921 313 5003 ἐπιτρέψας
334 4933 388 4991 τοῖς
408 4925 583 5004 στρατιώταις
598 4924 632 4984 rb
650 4922 778 5004 χρήματα
793 4924 950 5002 ὠφελεῖσθαι

173 5012 264 5074 καὶτὰ
280 5009 392 5086 σώματα
413 5012 483 5086 πλὴν
504 5011 554 5072 ὅσα
570 5012 596 5070 '1'
598 5011 734 5072 υσκλάνων
758 5002 800 5083 ἦν,
823 5011 852 5068 οὐ
866 5009 949 5069 πολθν

172 5105 285 5162 ἐνταῦθα
298 5099 435 5181 διατρίψας
444 5101 555 5181 χρόνον,
569 5100 613 5159 ἰπί
624 5099 673 5172 τὴν
688 5099 857 5179 Ἐχιτροίνων
872 5098 948 5156 πόλιν

171 5181 220 5267 ἦγε
231 5188 280 5260 τὴν
295 5186 424 5264 δύναμιν,
439 5188 458 5259 ἢ
475 5189 536 5248 τότε
551 5181 584 5262 ἦν
603 5196 650 5248 τοῦ
669 5186 845 5249 Οὐολούσκων
861 5184 948 5255 έθνους

171 5275 367 5357 ἰπιφανεστάτη
388 5297 417 5335 τι
432 5274 477 5336 καί
493 5276 520 5335 έν
533 5278 572 5355 τῷ
585 5275 720 5358 κρατίστῳ
739 5275 857 5352 μάλιστα
872 5273 946 5356 τόπῳ

1729 475 1786 535 tib-t

1010 600 1110 661 cedant,
1127 603 1152 650 et
1163 600 1275 652 delectus
1292 601 1378 652 lraberi
1395 616 1444 652 non
1463 606 1631 669 patiebantur,
1643 598 1789 675 priusquam

1009 690 1126 756 sutfragia
1146 692 1177 742 de
1201 693 1327 756 rogatione
1343 707 1390 743 sua
1424 693 1556 747 terrentur.
1589 702 1681 751 Senatu
1705 707 1789 754 autem

1009 783 1035 833 id
1048 784 1132 848 iniquo
1157 784 1239 834 animo
1261 785 1362 846 terente,
1387 789 1413 837 et
1429 788 1541 839 exercitu
1563 791 1696 854 retardato,
1711 795 1752 844 alii
1775 809 1791 846 a

1010 874 1103 926 latinis
1116 874 1186 926 missi
1204 880 1333 938 uenerunt,
1347 876 1390 940 qui
1410 880 1558 930 nunciarunt
1576 882 1688 933 Antiates
1706 888 1791 949 aperte

1010 966 1145 1027 deiecisse,
1167 966 1199 1018 de
1217 968 1344 1018 communi
1359 970 1480 1021 sententia
1508 973 1671 1033 Volscorum,
1695 978 1792 1040 prisco·

1010 1076 1067 1112 rum
1079 1062 1147 1113 urbis
1161 1062 1318 1125 colonorum,
1334 1070 1360 1115 ct
1377 1069 1542 1118 Romanomm
1557 1070 1589 1119 ad
1605 1084 1648 1121 eos
1662 1070 1792 1122 babitandi

1010 1167 1098 1205 caussa
1108 1154 1255 1216 missorum,
1269 1170 1405 1221 agrumque
1418 1158 1541 1211 divisisse.
1576 1165 1675 1215 liernici
1691 1179 1792 1229 (qnoque

1010 1257 1098 1309 eodem
1112 1262 1224 1322 tempore
1246 1273 1290 1323 per
1301 1262 1405 1311 nuncios
1414 1262 1593 1327 significabant,
1606 1267 1753 1318 Volscorum
1765 1273 1791 1319 et

1011 1354 1147 1415 AEquorum
1161 1351 1284 1414 ingentem
1294 1353 1430 1405 exercitum
1447 1369 1462 1406 e
1477 1355 1566 1407 finibus
1582 1359 1634 1409 suis
1648 1374 1789 1424 egressum,

1009 1450 1035 1497 et
1049 1447 1101 1510 jam
1117 1445 1142 1493 in
1157 1459 1201 1496 suo
1217 1459 1277 1509 agro
1298 1460 1361 1497 csse.
1396 1450 1519 1512 Senatus,
1538 1452 1576 1500 tot
1603 1443 1698 1502 nunciis
1717 1452 1789 1503 simul

1010 1539 1100 1600 allatis,
1123 1539 1204 1589 nullas
1220 1552 1301 1589 moras
1315 1541 1423 1605 amplius
1447 1543 1582 1593 nectendas
1599 1546 1715 1596 censuit:
1745 1544 1789 1597 sed

1010 1632 1070 1683 totis
1084 1631 1178 1682 uiribus
1197 1632 1263 1684 hosti
1280 1634 1462 1695 occurendum,
1486 1638 1511 1686 et
1526 1637 1640 1687 consules
1660 1639 1747 1690 ambos
1759 1641 1791 1691 ad

1010 1725 1101 1777 bellum
1111 1726 1262 1777 mittendos:
1277 1728 1299 1777 ei
1316 1729 1358 1793 qui
1376 1742 1449 1787 sero,
1471 1728 1513 1778 rel
1528 1730 1597 1781 cives
1620 1734 1737 1793 Romani,
1752 1735 1791 1784 rel

1010 1827 1079 1887 socii,
1096 1840 1184 1877 nomen
1206 1825 1239 1875 ad
1250 1838 1305 1874 eam
1329 1824 1443 1875 militiam
1459 1824 1518 1875 dare
1531 1825 1724 1887 detrectassent,
1748 1842 1792 1879 eos

1009 1930 1055 1981 pro
1065 1916 1180 1967 hostibus
1191 1914 1326 1965 habendos.
1361 1919 1446 1974 Quum
1464 1919 1549 1966 autem
1564 1916 1611 1980 ipsi
1629 1931 1729 1983 quoque
1744 1921 1791 1970 tri·

1010 2007 1069 2057 buni
1077 2006 1138 2071 ipsis
1151 2006 1297 2068 cessissent,
1312 2005 1433 2063 consules,
1446 2006 1594 2068 conscriptis
1607 2009 1734 2069 omnibus,
1747 2012 1792 2074 qui

1011 2114 1054 2165 per
1075 2103 1175 2150 etatem
1194 2110 1262 2148 arana
1278 2097 1342 2148 terre
1365 2101 1493 2162 poterant,
1513 2098 1647 2162 accitisque
1662 2102 1785 2152 sociorum

1011 2195 1121 2254 auxiliis,
1137 2193 1281 2245 festinanter
1299 2194 1382 2258 copias
1399 2192 1555 2254 eduxerunt,
1573 2193 1658 2245 relicta
1678 2195 1746 2246 donni
1759 2197 1791 2247 ad

1010 2289 1148 2339 custodiam
1170 2289 1242 2340 tertia
1276 2293 1346 2354 parte
1375 2287 1504 2339 domestici
1530 2288 1663 2339 exercitus.
1697 2291 1791 2342 Fabius

1010 2377 1086 2442 igitur
1101 2382 1187 2429 contra
1212 2381 1317 2441 AEquos,
1339 2378 1427 2441 quiin
1459 2392 1517 2442 agro
1542 2379 1685 2429 Tusculano
1706 2387 1789 2443 erant,

1010 2484 1068 2521 cum
1085 2471 1161 2535 copiis
1179 2472 1294 2523 celeriter
1315 2472 1449 2523 contendit.
1495 2472 1544 2523 Sed
1568 2487 1654 2523 eorum
1677 2476 1789 2543 plerique

1010 2563 1107 2628 direpta
1124 2565 1185 2615 urbe
1206 2564 1258 2626 jam
1278 2564 1458 2626 discesseraul;
1481 2571 1508 2615 at
1532 2567 1605 2630 pauci
1629 2568 1731 2630 quidam
1758 2571 1790 2621 ad

1010 2654 1074 2705 arcis
1088 2654 1230 2719 presidium
1248 2660 1426 2706 remanserant.
1463 2659 1607 2711 dstantem
1625 2659 1790 2710 munitissima

1010 2752 1037 2798 et
1047 2747 1136 2811 exiguo
1150 2746 1377 2812 prasidioindiget.
1411 2748 1518 2806 Quidam
1539 2749 1615 2813 igitur
1627 2749 1711 2810 aiunt,
1726 2751 1790 2801 areis

1011 2841 1174 2904 praesidiarios
1186 2839 1287 2901 milites,
1295 2854 1373 2903 quum
1381 2842 1518 2892 exercitum
1532 2844 1609 2892 Ronra
1625 2843 1789 2907 egredientem

1010 2933 1130 2985 vidissent
1142 2937 1164 2998 (e
1179 2935 1281 2986 sublimi
1293 2937 1360 2987 enim
1372 2937 1424 2987 loca
1439 2937 1522 2987 omnia
1535 2936 1707 3000 interjacentia
1718 2938 1791 2989 tac-ilc

1011 3018 1119 3083 conspici
1138 3021 1260 3085 poterant)
1276 3021 1342 3071 ultro
1358 3021 1502 3072 discessisse
1520 3041 1527 3070 ι
1551 3021 1593 3070 elii
1608 3034 1667 3070 rero
1693 3021 1788 3079 dicunt,

1010 3115 1192 3177 oppugnatosa
1215 3111 1292 3161 Fabio
1311 3125 1394 3162 arcem
1423 3112 1499 3163 certis
1520 3111 1702 3162 conditionibus
1717 3112 1788 3162 dedi·

1009 3199 1075 3251 disse
1103 3203 1186 3265 atque,
1206 3200 1307 3264 publica
1329 3199 1379 3250 lide
1400 3213 1446 3263 pro
1471 3199 1619 3264 impunitate
1633 3200 1725 3264 petita,
1741 3202 1789 3251 sub

1006 3287 1093 3350 iugum
1105 3289 1193 3338 missos
1205 3286 1290 3338 luisse.

1039 3539 1102 3588 lllll.
1116 3536 1206 3588 Fabius
1223 3539 1316 3594 antem.
1343 3536 1442 3587 reddito
1475 3538 1528 3588 suis
1547 3537 1643 3589 civibus
1667 3541 1791 3603 Tusculo,

1011 3642 1092 3690 castra
1104 3639 1154 3689 snb
1166 3638 1336 3702 vespertinum
1355 3637 1530 3701 crepusculum
1551 3639 1629 3689 morit
1648 3643 1682 3699 et,
1697 3644 1790 3704 quanta

1012 3739 1119 3792 maxima
1133 3740 1259 3791 celeritate
1276 3739 1370 3804 potuit,
1386 3739 1418 3790 ad
1435 3739 1519 3790 hostes
1536 3741 1674 3803 contendit,
1686 3742 1790 3794 audiens

1009 3853 1096 3890 omnes
1107 3838 1253 3890 Volscorum
1269 3842 1295 3890 et
1308 3841 1444 3905 AEquorum
1456 3839 1540 3904 copias
1552 3839 1584 3889 ad
1597 3840 1711 3904 Algidum
1723 3856 1786 3893 esse.

1013 3938 1104 3990 Itinere
1115 3941 1198 3990 autem
1213 3951 1258 4003 per
1268 3942 1348 3990 totam
1364 3940 1460 3989 noctem
1479 3937 1637 3999 continuato,
1653 3939 1791 4005 subipsum

1011 4038 1148 4090 diluculum
1162 4039 1274 4105 venitin
1293 4043 1454 4104 conspectum
1476 4038 1596 4101 bostium,
1618 4041 1661 4101 qui
1671 4041 1789 4092 castrain

1011 4131 1110 4197 planitie
1122 4131 1256 4192 habebant,
1280 4131 1348 4181 nulla
1370 4130 1437 4181 tossa
1462 4131 1579 4195 nulloque
1594 4131 1660 4182 vallo
1676 4134 1786 4196 munita,

1008 4232 1076 4296 quod
1089 4232 1114 4281 in
1128 4245 1175 4282 suo
1188 4245 1248 4297 agro
1257 4233 1347 4292 essent,
1365 4234 1390 4280 et
1405 4229 1502 4280 hostem
1518 4234 1712 4281 contemnerent.
1724 4236 1788 4299 Ergo

1008 4340 1066 4377 suos
1078 4328 1174 4378 adrem
1188 4326 1284 4378 sortiter
1299 4325 1429 4390 gerendam
1446 4322 1601 4385 cohortatus,
1616 4324 1710 4390 primus
1730 4340 1788 4378 cum

1008 4420 1135 4485 equitibus
1152 4422 1177 4471 in
1200 4421 1310 4471 hostium
1326 4422 1408 4472 castra
1421 4418 1542 4483 impetum
1559 4418 1631 4478 tacit,
1650 4421 1676 4469 et
1694 4418 1787 4479 pedites

1008 4524 1104 4576 sublato
1125 4523 1233 4575 elamore
1261 4537 1318 4574 eum
1341 4521 1517 4586 sequebantur.
1553 4523 1643 4570 Eorum
1672 4535 1732 4571 vero
1746 4522 1787 4572 alii

1007 4624 1088 4674 adhuc
1111 4623 1186 4688 sopiti
1202 4623 1386 4688 imputabantur,
1408 4622 1449 4672 alii
1473 4635 1559 4672 recens
1575 4622 1703 4684 surgentes
1714 4623 1741 4672 et
1759 4634 1786 4672 se

1007 4719 1037 4769 ad
1058 4718 1223 4770 resistendum
1250 4721 1383 4784 parantes;
1413 4718 1439 4766 at
1464 4715 1574 4781 plerique
1600 4717 1656 4777 luga
1680 4713 1787 4776 dispersi

1007 4817 1073 4863 suut.
1105 4813 1195 4866 (nstris
1226 4817 1310 4864 autem
1334 4811 1436 4862 minimo
1460 4809 1556 4873 negotio
1581 4808 1672 4871 captis,
1702 4805 1785 4868 praeda

1005 4903 1125 4956 militibus
1135 4918 1249 4955 concessa
1266 4901 1421 4966 etcaptiris‚
1436 4900 1547 4965 exceptis
1563 4893 1718 4951 Tusculanis,
1735 4908 1785 4945 non

1004 5003 1103 5070 longum
1127 5008 1223 5069 tempus
1240 5005 1273 5055 ibi
1287 5007 1407 5065 moratus,
1421 5003 1505 5068 copias
1516 5001 1588 5052 duxit
1602 4997 1635 5048 ad
1655 4998 1785 5060 Ecetram,

1004 5112 1060 5163 quae
1081 5100 1142 5151 tunc
1164 5101 1216 5150 erat
1241 5098 1302 5149 urbs
1329 5098 1409 5160 gentis
1430 5097 1577 5147 volscorum
1598 5089 1784 5155 illustrissima,
1872 5134 1875 5141 .

1004 5191 1080 5253 atque
1096 5188 1120 5238 in
1133 5188 1187 5239 loco
1201 5188 1454 5252 maximeoppcrtuno
1467 5185 1524 5237 sita.
1557 5184 1787 5251 Positisqueptupa
1839 5206 1857 5237 ι.

1005 5278 1093 5330 urbem
1116 5280 1218 5342 castris,
1243 5294 1287 5346 per
1314 5278 1407 5331 multos
1428 5277 1481 5329 dies
1495 5276 1532 5329 ibi
1557 5246 1859 5576 ”⁸¹²
