3772 5828
668 513 961 588 nNtthllTATbM
981 515 1129 578 botran.
1154 519 1226 579 LIB.
1250 522 1327 582 Vlli.

163 644 249 704 λοιποὶ
263 643 309 705 καὶ
323 643 510 713 σκεδασθέντες
524 644 631 729 ἐρευγον
646 648 696 707 ἀνθ
708 647 766 713 robe
780 649 938 713 στενωπούς.

164 732 199 793 ‘0
219 736 241 792 δ’
262 734 400 806 ἠκολούθει
422 733 532 795 κτείνων
556 735 617 802 τούς
637 735 940 812 καταλαμόανομένους,

164 821 218 883 όσοι
229 820 266 898 μὴ
280 823 313 881 τά
329 823 400 883 ὅπλα
416 823 537 905 ῥίψαντες
552 826 587 892 εές
606 823 707 891 ἱκεσίας
718 822 873 901 ἐτράποντο.
892 823 940 883 Ἐν

164 910 192 969 δὲ
206 911 290 992 τούτῳ
306 912 351 970 καί
366 915 390 971 οί
400 913 443 972 διὰ
454 916 505 970 τῶν
515 911 654 989 κλιμάκων
665 911 849 980 ἀναόαίνοντες
863 912 941 992 ἐκρύ-

163 1021 222 1059 τουν
237 1006 282 1060 τοῦ
293 1001 404 1082 τείχους.
446 1004 546 1062 Τοῦτον
562 1000 641 1061 δὲτὸν
655 1001 750 1082 τρόπον
766 1002 879 1076 ἁλούσης
893 1005 941 1073 τῆς

163 1090 278 1162 πόλεως,
295 1091 444 1168 ἐξελόμενος
466 1091 615 1172 δίὶίάρκιος
628 1095 658 1150 ἐκ
676 1095 728 1149 τῶν
748 1090 871 1172 λαρύρων
890 1091 940 1150 ὅσα

163 1178 228 1243 θεοῖς
242 1202 270 1237 τε
286 1180 441 1257 ἀναθήματα
456 1179 502 1239 καὶ
513 1180 610 1258 κόσμος
623 1180 680 1248 ταῖς
691 1179 867 1241 Οὐολούσκων
891 1179 939 1239 πό·

161 1268 233 1324 λεσιν
258 1269 365 1346 ἔμελλεν
391 1269 516 1346 ἔσεσθαι,
530 1268 565 1328 τὰ
589 1269 668 1327 λοιπὰ
691 1276 746 1335 τοῖς
767 1266 939 1348 στρατιώταις

162 1362 242 1440 ἐρῆκε
257 1363 410 1445 διαρπάσαι.
444 1354 499 1424 Ἦν
512 1360 539 1422 δὲ
549 1361 636 1421 πολλὰ
651 1361 699 1437 μέν
713 1360 803 1421 αὐτόθι
814 1361 936 1438 σώματα,

160 1452 246 1510 πολλοὶ
267 1452 292 1512 δί
314 1453 442 1533 χρήματα
448 1499 456 1527 ,
473 1451 554 1518 πολύς
568 1450 595 1509 δὲ
613 1458 700 1528 circe,
714 1447 782 1509 ὥστε
796 1449 834 1526 μὴ
851 1448 937 1529 ῥηίδιον

160 1529 226 1597 εἶναι
248 1552 297 1620 μιᾷ
311 1542 398 1601 πάντα
413 1541 553 1618 ἐκκομίσαι
569 1539 629 1607 τούς
641 1541 826 1620 κρατήσαντας
841 1538 936 1616 ἡμέρα·

160 1631 221 1686 ἀλλ’
235 1633 264 1689 ἐκ
279 1632 403 1710 διαδοχῆς
419 1630 526 1709 ἄγοντες
540 1627 587 1688 καὶ
601 1626 722 1709 τρέμοντες
735 1625 769 1684 τδι
785 1624 832 1700 μίν
844 1625 936 1701 αὐτοὶ,

158 1719 192 1772 τὰ
207 1716 234 1773 δὲ
249 1719 294 1775 ἐπὶ
310 1722 361 1776 τῶν
376 1716 539 1797 ὑποζυγίων,
555 1715 638 1775 πολύν
653 1715 859 1792 ἠναγκάσθησαν
878 1713 937 1770 δια-

157 1801 250 1882 τρίψαι
261 1809 365 1886 χρόνον.

200 1895 304 1955 xvlll.
329 1893 363 1955 Ὁ
381 1894 409 1953 δὲ
426 1895 586 1976 στρατηγός,
604 1892 694 1965 ἐπειδὴ
708 1891 743 1951 τδι
765 1894 878 1969 σώματα
890 1889 935 1951 καὶ

157 1979 191 2039 τά
206 1982 334 2061 χρήματα
353 1983 441 2042 πάντα
458 1984 656 2062 ἐξεκεκόμιστο,
672 1981 722 2054 τὴν
740 1982 817 2040 πόλιν
836 1977 934 2060 ἔρημον

160 2071 332 2146 καταλιπὼν,
346 2074 433 2149 ἀπῆγε
447 2071 494 2143 τὴν
510 2072 619 2149 δύναμιν
640 2070 684 2130 ἐπί
698 2072 792 2130 Βῶλαν
812 2068 933 2130 Λατίνων

158 2156 249 2238 ἑτέραν
265 2161 350 2220 πόλιν.
404 2157 521 2242 Ἔτυχον
537 2160 564 2220 δὲ
582 2161 627 2220 καὶ
649 2162 673 2220 οὶ
692 2157 813 2220 Βωλανοὶ
835 2178 932 2235 προεγ-

156 2248 268 2317 νωκότες
295 2253 376 2309 αὐτοῦ
409 2249 456 2322 τὴν
486 2245 576 2330 ἐροδον
608 2249 653 2308 καὶ
684 2243 932 2328 παρεσκευασμένοι

155 2333 241 2394 πάντα
254 2337 288 2395 τὰ
309 2339 374 2420 πρὸς
388 2337 431 2397 τὸν
454 2339 545 2416 ἀγῶνα
573 2336 721 2408 ἐπιτήδεια.
766 2334 798 2397 Ὁ
818 2336 865 2413 μίν
887 2324 931 2394 οῶν

155 2425 274 2505 Μάρκιος
289 2432 324 2498 ὡς
334 2429 361 2497 ἐξ
377 2426 469 2509 ἐφόδου
480 2426 528 2498 τῆν
543 2427 619 2487 πολιν
633 2425 749 2505 αἱρήσων
757 2423 827 2484 κατδι
844 2421 931 2483 πολλὰ

155 2514 222 2593 μέρη
247 2522 292 2575 τοῦ
314 2517 417 2598 τείχους
443 2518 557 2574 ἐποιεῖτο
575 2515 622 2581 τὰς
642 2511 800 2594 προσύολοίς.
845 2515 880 2570 Οί
904 2510 931 2570 δὲ

155 2605 275 2662 Βωλανοὶ
293 2605 489 2685 περιμείναντες
511 2604 601 2685 καιρὸν
618 2602 763 2674 ἐπιτήδειον
799 2602 931 2678 ἀνοίγουσι

154 2689 201 2755 τὰς
214 2691 315 2767 πύλας,
331 2691 376 2751 καὶ
390 2690 528 2770 φερόμενοι
542 2690 609 2749 κατὰ
635 2692 734 2761 πλῆθος
758 2690 785 2747 ἐν
803 2686 876 2756 τάξει
902 2711 929 2746 τε

103 2797 109 2832 ι
153 2778 199 2834 καὶ
214 2780 305 2860 κόσμῳ
321 2778 488 2860 συρράττουσι
497 2787 550 2846 τοῖς
564 2776 633 2836 κατὰ
649 2776 780 2854 μέτωπον·
798 2776 844 2834 καὶ
860 2779 929 2836 πολ-

152 2865 212 2933 λοὺς
228 2869 314 2927 αὐτῶν
330 2867 547 2939 ἀποκτείναντες,
562 2867 602 2924 ἔτι
620 2863 645 2923 δὲ
659 2863 764 2930 πλείους
779 2886 932 2942 κατατραυ-

154 2955 325 3031 ματίσαντες,
352 2956 411 3023 τούς
431 2980 461 3016 τε
476 2955 584 3022 λοιποὺς
598 2956 714 3034 αἰσχρῶς
734 2951 931 3029 ἀναγκάσαντες

155 3055 243 3124 φυγεῖν
259 3046 421 3126 ἀνέστρεψαν
437 3048 473 3112 εἰς
490 3045 539 3116 τὴν
554 3044 641 3104 πόλιν.
685 3041 734 3109 Ὡς
759 3043 781 3100 δ’
802 3039 868 3120 ἐγνω
882 3039 931 3113 τὴν

153 3135 252 3214 τροπὴν
274 3139 326 3194 τῶν
350 3133 526 3196 Οὐολούσκων
546 3135 561 3191 θ
585 3133 716 3211 Μάρκιος·
737 3128 767 3188 ού
786 3128 837 3212 γάρ
851 3129 928 3212 ἔτυχε

151 3223 260 3304 παρὼν,
277 3216 341 3305 ἐνῷ
366 3224 456 3305 χωρίῳ
480 3220 613 3289 τὸπάθος
638 3220 750 3298 ἐγένετο·
774 3221 862 3298 παρῆν
881 3220 928 3278 σὺν

150 3314 245 3392 ὀλίγοις
261 3313 329 3372 κατὰ
346 3312 462 3385 σπουδὴν
473 3310 519 3370 καὶ
532 3309 590 3377 τοὺς
602 3311 632 3369 ἐκ
644 3312 692 3380 τῆς
702 3311 802 3388 τροπῆς
813 3309 929 3367 σκεδασ-

151 3403 239 3470 θέντας
263 3401 404 3461 ἀναλαόὼν
429 3400 538 3460 συνίστα
554 3423 580 3459 τε
603 3397 648 3457 καὶ
668 3396 859 3476 παρεθάρρυνε·
881 3397 926 3456 καί

150 3491 239 3561 ἐπειδὴ
254 3493 414 3562 κατέστησεν
430 3493 466 3557 είς
484 3488 586 3562 τάξεις,
606 3485 742 3555 ὑποδείξας
757 3484 774 3544 ά
788 3487 829 3544 δεῖ
842 3485 927 3565 πράτ-

149 3601 202 3636 τειν
220 3579 340 3637 ἐκέλευσε
355 3578 531 3653 προσύοίλλειν
548 3582 581 3656 τῇ
597 3576 673 3636 πόλει
689 3574 758 3634 κατλι
780 3573 826 3639 τλις
842 3573 926 3640 αθτδις

150 3666 243 3731 πύλας.
259 3667 441 3746 Χρησαμὲνων
462 3666 489 3723 δὲ
507 3665 586 3725 πάλιν
600 3669 652 3724 τῶν
665 3667 797 3725 Βωλανῶν
812 3669 846 3743 τῇ
859 3667 926 3743 αὐτῇ

151 3755 229 3834 πείρα
251 3755 296 3813 καὶ
317 3754 385 3813 κατὰ
405 3756 503 3827 πλῆθος
527 3753 726 3834 ἐκδραμόντων,
749 3753 778 3811 ού
805 3751 925 3831 δέχονται

151 3842 243 3909 αὐτοὺς
258 3846 281 3902 οί
292 3844 472 3914 Οὐολοῦσκοι,
489 3844 548 3901 ἀλλ’
559 3843 722 3922 ἐγκλίναντες
734 3842 840 3923 ἔρευγον
857 3841 925 3899 κατὰ

149 3939 194 3990 τοῦ
209 3939 339 4012 πρανοῦς,
356 3937 392 4000 ὡς
407 3932 577 4012 δστρατηγδς
599 3933 685 3999 αὐτοῖς
709 3931 828 3991 ύπίθετο·
843 3931 890 3992 καὶ
900 3935 924 3993 cl

149 4024 269 4083 Βωλανοὶ
293 4024 341 4094 τὴν
359 4023 464 4096 ἀπάτην
480 4025 528 4081 οὐκ
544 4020 638 4090 εἰδότες
653 4022 760 4083 ἐδίωκον
776 4023 838 4103 ἄχρι
856 4024 924 4082 πολ-

149 4115 207 4173 λοῦ.
255 4113 333 4174 Ἐπεὶ
357 4111 383 4171 δέ
407 4112 498 4193 πρόσω
512 4116 558 4183 τῆς
578 4113 679 4178 πολιως
703 4111 835 4191 ἐγίνοντο,
855 4110 924 4192 ἔχων

147 4201 208 4270 τοὺς
223 4203 373 4269 ἐπιλέκτους
384 4205 435 4260 τῶν
449 4201 513 4261 νόων
540 4201 685 4281 θίὶίοίρκιος
696 4201 778 4280 ὁμόσε
793 4208 846 4268 τοῖς
861 4204 924 4261 Βοι-

146 4296 234 4361 λανοῖς
255 4291 360 4372 ἐχώρει.
408 4289 461 4350 Καὶ
482 4290 583 4369 γίνεται
603 4288 685 4357 πολὺς
709 4291 795 4348 αὐτῶν
811 4291 923 4348 ἐνταῦθα

146 4383 236 4457 φόνος,
252 4384 304 4439 τῶν
325 4378 373 4458 μίν
391 4379 577 4458 ἀμυνομένων,
593 4377 688 4438 τῶνδὲ
703 4377 860 4459 φευγόντων.
888 4377 922 4438 ‘0

146 4473 169 4530 δ’
184 4474 333 4530 ἀκολουθῶν
354 4477 407 4538 τοῖς
425 4468 470 4528 ἐπὶ
485 4467 533 4545 τῆν
554 4467 632 4526 πολιν
647 4466 805 4544 ὠθονμίνοις
829 4466 921 4544 φθάνει

103 4594 115 4630 5
144 4564 205 4642 πρὶν
227 4564 417 4641 ἐπιρραχθῆναι
440 4558 488 4625 τὰς
510 4555 595 4623 πύλας
618 4555 821 4635 εῖσόιασάμενος
841 4557 876 4622 εἰς
892 4555 922 4614 τὸ

145 4655 240 4729 τεῖχος.
258 4651 304 4713 Ὡς
319 4652 345 4709 δὲ
357 4655 371 4709 δ
382 4649 528 4731 στρατηγὸς
541 4647 611 4716 ἅπαξ
624 4643 752 4726 ίγκρατλς
764 4647 815 4704 τῶν
831 4645 920 4702 πυλῶν

146 4741 262 4816 ἐγένετο,
288 4740 423 4812 ἠκολούθει
447 4739 493 4798 καὶ
518 4737 548 4796 τὸ
571 4736 637 4796 ἄλλο
665 4740 717 4794 τῶν
745 4731 920 4796 Οὐολούσκων

144 4832 253 4898 πλῆθος.
277 4831 313 4888 Οί
326 4829 353 4887 δέ
368 4830 489 4889 Βωλανοὶ
503 4826 534 4886 τὸ
548 4833 634 4907 τεῖχος
649 4823 799 4892 ἐκλιπόντες
811 4821 919 4902 ἔρευγον

143 4919 186 4978 ἐπὶ
201 4916 248 4983 τὰς
263 4918 355 4984 οἰκίας.
397 4918 541 4994 Γενόμενος
556 4915 584 4976 δὲ
600 4915 646 4975 καὶ
656 4912 754 4986 ταύτης
769 4912 857 4992 κύριος
872 4917 919 4984 τῆς

142 5010 258 5081 πόλεως,
286 5005 412 5086 ἐπέτρεψε
426 5011 480 5074 τοῖς
502 5004 677 5084 στρατιώταις
696 5003 731 5062 τά
750 5026 780 5062 τε
804 5001 918 5077 σώματα

142 5092 413 5176 ἐξανδραποδίσασθαι
436 5095 481 5153 καί
497 5093 531 5152 τὰ
548 5093 676 5175 χρήματα
700 5089 856 5171 διαρπάσαι·
872 5091 917 5150 καὶ

141 5187 186 5245 τδν
201 5184 279 5243 αὐτὸν
292 5181 388 5260 τρόπον
401 5180 491 5260 ὥσπερ
507 5182 553 5241 καὶ
567 5181 694 5261 πρότερον
709 5178 816 5238 ἅπασαν
838 5180 916 5237 ἐκκο-

143 5275 224 5351 μίσος
246 5271 295 5345 τὴν
310 5272 385 5330 λείαν
407 5268 454 5329 σὺν
479 5272 568 5350 χρόνῳ
590 5294 619 5330 τε
647 5269 693 5328 καὶ
717 5272 787 5328 κατὰ
815 5266 916 5341 πολλὴν

141 5363 276 5438 ἐξουσίαν,
290 5362 357 5441 μετὰ
373 5365 450 5422 τοῦτο
463 5360 511 5433 τῆν
526 5358 602 5420 πόλιν
618 5359 771 5441 ἐνέπρησεν.

1712 538 1771 597 459

996 653 1069 704 scobs
1084 655 1266 707 adscendebant
1278 659 1370 709 mmnia
1388 665 1516 725 ceperunt.
1550 666 1603 715 llne
1617 667 1691 729 igitur
1701 672 1772 719 modo

995 772 1068 833 capta
1078 770 1152 832 urbe,
1168 772 1291 834 Marcius,
1302 774 1400 825 selectis
1413 790 1428 825 a
1445 776 1528 840 praeda
1542 779 1641 843 spoliis,
1656 795 1711 845 quoa
1725 783 1773 833 diis

994 885 1137 947 dicaturus,
1158 892 1182 939 et
1191 889 1281 952 quibus
1295 892 1442 943 volscorum
1454 895 1545 960 oppida
1556 901 1691 949 ornaturus
1703 903 1771 963 erat,

994 1002 1089 1066 reliqua
1101 1005 1218 1055 militibus
1232 1006 1257 1056 in
1270 1008 1380 1071 praedam
1390 1010 1521 1062 concessit.
1549 1012 1585 1062 lbi
1598 1018 1681 1065 autem
1694 1016 1772 1066 multa

994 1124 1063 1169 erunt
1076 1119 1204 1173 bominum
1220 1123 1315 1187 capita,
1331 1138 1419 1189 magna
1430 1126 1541 1190 pecunias
1554 1129 1628 1194 copia
1646 1134 1672 1181 et
1685 1145 1773 1196 magna

994 1233 1032 1284 ris
1042 1234 1167 1297 immenti,
1183 1239 1245 1288 adeo
1259 1243 1287 1288 ut
1301 1239 1406 1291 victores
1424 1256 1472 1292 non
1485 1243 1556 1295 facilc
1573 1259 1622 1296 uno
1634 1246 1674 1298 die
1688 1248 1772 1298 omnia

992 1355 1121 1414 exportare
1132 1353 1273 1416 potuerint;
1284 1353 1329 1404 sed
1341 1355 1389 1405 alia
1400 1356 1458 1421 ipsi,
1469 1359 1518 1408 alia
1528 1359 1644 1411 iumentis
1655 1361 1771 1427 imposita

992 1480 1035 1530 per
1048 1467 1116 1517 vices
1127 1474 1227 1532 agentes
1240 1469 1267 1520 ct
1278 1470 1399 1535 terentes,
1416 1474 1523 1526 multum
1540 1479 1660 1542 temporis
1679 1492 1769 1532 consu·

993 1595 1061 1633 mere
1071 1588 1151 1636 coacti
1164 1588 1230 1635 sunt.

1022 1907 1112 1956 xl'lll.
1132 1909 1271 1970 Imperator
1289 1913 1457 1972 autemeam
1478 1896 1604 1979 mancipia
1625 1915 1771 1968 abduxisset
1839 1958 1842 1963 .

990 2007 1015 2055 et
1026 2017 1068 2055 res
1077 2017 1163 2055 omnes
1173 2004 1350 2070 absportasset‚
1363 2010 1497 2074 urbemque
1509 2011 1645 2063 desolatam
1660 2015 1770 2078 reliquis-

990 2105 1036 2161 set,
1049 2100 1186 2151 exercitum
1200 2101 1258 2152 inde
1274 2103 1305 2152 ad
1321 2104 1415 2162 Boiam,
1431 2107 1574 2157 Latinorum
1587 2110 1662 2162 aliam
1674 2113 1768 2171 urbem,

986 2194 1066 2246 duxit.
1100 2196 1148 2246 scd
1169 2200 1195 2247 et
1204 2198 1288 2248 Bolani
1301 2199 1354 2249 eins
1371 2201 1505 2252 adventurn
1520 2203 1570 2253 iam
1582 2212 1769 2269 praesenserant,

987 2300 1012 2345 et
1027 2310 1066 2346 res
1081 2310 1168 2347 omnes
1185 2297 1217 2346 ad
1233 2297 1327 2348 bellum
1341 2302 1493 2352 necessarias
1507 2309 1685 2367 praepararant.
1701 2311 1768 2358 biar-

987 2393 1041 2443 cius
1050 2394 1134 2457 igitur,
1145 2410 1204 2446 eum
1219 2409 1245 2445 se
1259 2396 1340 2460 primo
1354 2397 1449 2463 impetn
1466 2401 1555 2452 urbem
1566 2405 1699 2468 capturum
1712 2420 1767 2472 spe·

987 2495 1061 2555 roret,
1074 2495 1161 2544 multis
1172 2508 1304 2544 murorum
1318 2496 1430 2558 partibus
1438 2500 1645 2562 oppugnationem
1653 2503 1767 2556 instituit.

985 2584 1034 2635 Sed
1058 2586 1158 2649 Bolani,
1189 2586 1322 2636 observata
1345 2592 1484 2651 opportuna
1507 2590 1649 2652 occasione,
1684 2599 1769 2658 portas

988 2680 1117 2744 aperiunt,
1140 2684 1166 2731 et
1187 2681 1271 2732 valida
1294 2682 1401 2732 militurn
1427 2698 1503 2734 menn
1529 2688 1626 2750 egregie
1649 2689 1769 2740 instructa

988 2781 1131 2842 erumpunt,
1145 2784 1171 2828 et
1186 2780 1210 2829 in
1222 2780 1306 2830 bostes
1317 2780 1364 2830 sibi
1384 2782 1492 2833 aironte
1503 2785 1630 2847 oppositos
1646 2787 1768 2852 impetum

989 2875 1099 2937 iaciunt3
1117 2876 1253 2939 rrrultisque
1268 2891 1353 2927 corum
1368 2879 1441 2928 eaesis
1454 2883 1480 2930 et
1490 2880 1563 2943 longe
1580 2883 1694 2947 pluribus
1712 2887 1767 2938 νιιΙ-

985 2972 1076 3022 neratis
1091 2976 1114 3023 et
1128 2974 1231 3037 reliquis
1253 2976 1359 3039 turpiter
1372 2978 1441 3041 terga
1462 2978 1527 3044 iugae
1544 2979 1604 3030 dare
1618 2984 1720 3047 coactis,
1743 2986 1768 3036 in

984 3067 1072 3118 urbem
1082 3069 1218 3121 redierunt.
1238 3075 1270 3121 m
1286 3073 1405 3135 Marcius,
1421 3074 1520 3139 cognita
1531 3077 1687 3130 volscorum
1700 3082 1766 3147 tuga,

984 3167 1053 3230 (nam
1066 3168 1170 3218 icrteeo
1190 3167 1247 3219 loeo
1267 3183 1318 3219 non
1329 3169 1431 3226 aderat.
1451 3184 1503 3234 quo
1514 3170 1599 3223 clades
1614 3187 1644 3223 ea
1664 3183 1767 3242 accepta

984 3264 1037 3329 est)
1052 3280 1109 3317 cum
1121 3267 1208 3331 paucis
1221 3280 1325 3332 propere
1338 3268 1466 3321 advolarit
1480 3271 1506 3320 et
1516 3284 1575 3329 eos,
1587 3271 1632 3334 qui
1641 3273 1699 3337 luga
1712 3274 1765 3322 tue·

984 3365 1039 3413 rant
1050 3364 1162 3429 dispcrsi,
1182 3365 1282 3431 collegit
1293 3367 1351 3417 etin
1362 3367 1475 3418 ordinem
1488 3368 1608 3429 restituit,
1622 3369 1765 3433 animosque

983 3473 1068 3511 eorum
1080 3464 1235 3514 contirmarit
1250 3478 1256 3507 :
1271 3469 1347 3527 atque
1356 3463 1390 3514 iis
1406 3465 1431 3514 in
1445 3465 1556 3515 ordinem
1571 3468 1693 3518 restitutis
1711 3482 1765 3520 nro·

981 3556 1096 3622 nitisque,
1112 3561 1175 3625 quid
1202 3561 1345 3612 laciendum
1367 3563 1446 3623 esset,
1456 3561 1529 3611 iussit
1543 3564 1574 3612 ab
1585 3563 1674 3616 iisdem
1686 3566 1764 3629 portis

982 3656 1068 3708 urbem
1092 3673 1244 3725 oppugnare.
1287 3662 1351 3709 Cum
1372 3661 1456 3710 autem
1474 3659 1560 3711 Bolani
1584 3661 1651 3712 idem
1674 3662 1764 3714 iterum

980 3754 1115 3819 tentarent,
1126 3761 1151 3807 et
1161 3771 1249 3821 magno
1259 3770 1364 3807 numero
1379 3757 1533 3823 eruptionem
1549 3758 1667 3821 iacerent,
1679 3761 1763 3812 Volsci

982 3864 1069 3903 eorum
1090 3853 1210 3917 impetum
1224 3868 1273 3904 non
1286 3856 1449 3918 exceperunt,
1465 3853 1509 3905 sed
1523 3855 1640 3907 cedentes
1654 3870 1697 3920 per
1709 3858 1763 3908 loca

979 3949 1085 4000 declivia
1108 3952 1195 4017 lugere
1214 3926 1363 4017 empnam,
1390 3951 1603 4017 quemadmodum
1627 3953 1762 4019 imperator

980 4053 1125 4113 monuerat;
1144 4054 1171 4101 et
1182 4051 1269 4101 Bolani
1285 4050 1381 4102 fraudis
1402 4049 1480 4114 ignari
1495 4049 1591 4116 longius
1611 4064 1655 4100 cos
1678 4065 1762 4117 perse·

978 4143 1125 4208 (tuebantur.
1159 4147 1223 4197 cum
1239 4147 1325 4196 autem
1342 4145 1392 4196 iam
1408 4145 1505 4209 longius
1523 4145 1673 4195 amrenibns
1686 4146 1759 4199 abes·

978 4249 1045 4307 sent,
1061 4247 1170 4297 Marcius
1191 4262 1249 4297 curn
1261 4248 1330 4299 lecta
1348 4249 1464 4297 tirenum
1487 4260 1563 4297 manu
1585 4260 1629 4298 eos
1650 4248 1750 4303 invasit.

977 4346 1045 4394 Tunc
1055 4359 1145 4409 magna
1158 4360 1243 4396 eorum
1258 4345 1349 4410 partim
1371 4344 1540 4395 resistentium
1555 4346 1645 4409 partim
1658 4345 1755 4409 tugien-

976 4445 1038 4496 lium
1050 4447 1179 4496 caedesest
1196 4446 1270 4496 tacta.
1287 4449 1341 4510 lpse
1359 4459 1418 4495 rero
1430 4450 1525 4511 atergo
1538 4445 1656 4495 bostibus
1671 4447 1696 4496 in
1713 4462 1757 4497 ur-

976 4543 1033 4593 bem
1042 4543 1236 4608 irrumpentibus
1248 4543 1351 4603 instans,
1370 4548 1504 4607 antequam
1522 4548 1600 4606 portm
1612 4543 1757 4593 clauderen-

975 4650 1026 4710 tur,
1045 4648 1109 4697 intra
1134 4646 1224 4696 muenia
1246 4647 1270 4695 vi
1288 4648 1327 4695 est
1345 4645 1479 4708 ingressus.
1514 4645 1560 4696 Ubi
1580 4650 1665 4695 autem
1686 4649 1757 4709 porta

974 4749 1051 4801 semei
1064 4749 1090 4799 in
1106 4747 1263 4815 imperatoris
1290 4749 1438 4811 potestatem
1459 4746 1562 4797 redacta
1584 4752 1639 4805 est,
1661 4748 1756 4808 reliqua

973 4856 1047 4906 etiam
1060 4854 1206 4905 volscorum
1222 4850 1359 4901 multitudo
1371 4852 1458 4900 secuta
1470 4854 1552 4907 esl‚‘ac
1569 4850 1660 4911 Bolani,
1675 4850 1756 4898 ‹leser-

974 4958 1006 5007 tis
1017 4957 1149 5017 monibus,
1165 4956 1189 5005 in
1207 4955 1294 5003 domos
1313 4953 1487 5017 confugerunt.
1513 4955 1567 5003 liae
1582 4964 1678 5015 ‹puoque
1694 4947 1755 4998 urbe

973 5056 1082 5120 potitus,
1095 5055 1214 5104 militibus
1229 5053 1364 5116 oppidanos
1384 5053 1409 5101 in
1427 5050 1573 5100 servitutem
1587 5045 1710 5093 abducere
1730 5048 1754 5094 et

972 5157 1089 5223 pecunias
1107 5156 1215 5219 diripere
1240 5154 1353 5218 permisit
1373 5173 1381 5204 ε
1404 5155 1430 5201 et
1444 5150 1531 5200 eodem
1551 5147 1642 5206 modo,
1663 5159 1713 5208 quo
1725 5151 1752 5197 et

971 5262 1028 5310 ante
1040 5257 1107 5308 omni
1127 5256 1223 5322 praeda·
1234 5270 1276 5320 per
1291 5257 1370 5305 otium
1383 5257 1407 5302 ct
1429 5252 1480 5301 sine
1497 5250 1548 5300 ullu
1568 5247 1752 5312 impedimento

968 5362 1110 5426 exportata,
1125 5360 1209 5424 postea
1221 5357 1343 5423 oppidum
1354 5353 1476 5409 incendit.
