3772 5828
155 335 217 411 ¹arc

644 347 647 351 ’
683 331 847 393 nloxlsn
871 328 1250 392 Hablcana'nssnn'srs

158 470 231 547 αὑτῷ
252 463 377 536 τελευτὴν
398 463 518 544 ἐρύσατο
533 469 578 523 τοῦ
600 464 656 523 θίου
679 464 857 543 γενέσθαικαὶ
882 472 936 531 τοῖς
989 489 1045 536 nus,
1062 475 1135 540 quale
1160 473 1257 526 mulieri
1276 472 1311 525 illi
1325 474 1475 540 contigerat,
1494 475 1542 527 sibi
1564 475 1697 543 liberisque
1719 479 1772 529 suis

158 563 238 618 αὑτοῦ
252 556 344 616 παισὶν
352 601 361 633 ,
376 553 432 622 οἵας
445 554 535 634 ἔτυχεν
549 558 565 624 ἡ
578 554 652 632 γυνή.

156 657 158 661 ’
198 647 297 711 LXXI.
319 649 406 707 Ταῦτ’
418 645 498 703 εἰπὼν
510 644 597 703 ἐκάλει
611 645 656 702 καὶ
669 645 728 710 τοὺς
743 645 838 710 ἄλλους
853 641 936 701 ἅπαν-

158 760 204 803 τας
219 737 263 794 ἐπὶ
275 736 320 794 τὸν
338 733 416 791 αὐτὸν
433 735 519 810 ὅρκον.
535 734 570 791 Οἱ
584 733 606 789 δ’
619 731 692 790 οὐδὲν
708 731 745 789 ἔτι
756 730 936 796 ἐνδοιάσαντες

118 847 130 884 ε
159 825 314 890 ἐνίσταντο,
329 820 417 881 καὶτὸ
432 818 501 897 ξίφος
519 820 656 899 δεχόμενοι
670 820 732 899 παρ’
744 819 865 890 ἀλλήλων
879 819 937 888 ῶμ·

158 935 225 972 νυον.
248 910 399 988 Γενομένων
414 907 441 966 δέ
456 911 506 965 τῶν
524 910 709 985 ὁρκωμοσιῶν,
725 906 793 981 μετὰ
808 909 879 967 τοῦτ’
895 907 935 965 εύ-

159 999 202 1068 θύς
227 1000 333 1070 ἐζήτουν
348 997 385 1064 τίς
413 998 522 1068 [αὐτοῖς]
548 998 562 1053 δ
588 1001 635 1066 τῆς
651 993 841 1076 ἐπιχειρήσεως
862 995 937 1054 ἐσται

159 1088 263 1167 τρόπος.
310 1086 391 1146 Καλδ
416 1088 529 1162 Βροῦτος
540 1084 626 1151 αὐτοῖς
641 1088 790 1144 ὑποτίθεται
814 1088 937 1143 τοιαῦτα·

160 1203 173 1228 ιι
193 1178 304 1253 Πρῶτον
321 1172 369 1250 μὲν
386 1173 429 1231 διὰ
447 1174 566 1254 φυλακῆς
587 1173 634 1240 τδς
658 1174 743 1241 πύλας
757 1174 876 1252 ἔχοιμεν,
894 1171 937 1231 ἵνα

106 1281 132 1323 lo
159 1292 171 1317 ι
193 1264 273 1341 μηδὲν
291 1268 342 1322 τῶν
355 1265 381 1322 ἐν
393 1267 426 1344 τῇ
437 1265 514 1322 πόλει
528 1262 674 1342 λεγομένων
688 1287 715 1320 τε
728 1264 773 1321 καί
787 1261 937 1343 πραττομέ·

160 1380 172 1404 ι
187 1376 237 1411 νων
254 1351 323 1413 κατδι
337 1355 383 1422 τῆς
400 1351 549 1430 τυραννίδος
562 1350 686 1424 αἴσθηται
699 1351 860 1430 Ταρκύνιος,
875 1349 937 1431 πρίν

160 1437 204 1511 ιδ
224 1439 258 1500 τὰ
270 1441 334 1520 παρ’
344 1442 418 1517 ὑμῶν
429 1440 540 1519 εὐτρεπῆ
554 1440 684 1518 γενέσθαι.
727 1435 844 1499 Ἔπειτα
861 1438 938 1515 κομί·

160 1556 173 1582 ι
188 1552 281 1598 σαντες
302 1529 332 1588 τὸ
353 1532 431 1606 σῶμα
459 1533 505 1601 τῆς
531 1529 668 1608 γυναικὸς,
696 1526 731 1596 ῶς
757 1531 827 1589 ἐστιν
843 1525 937 1605 αἵματι

160 1648 173 1672 ι
187 1617 370 1701 πεφυρμένον,
386 1621 422 1686 είς
433 1618 480 1690 τὴν
497 1620 594 1699 αἰγορδιν
606 1620 650 1679 καὶ
665 1617 803 1701 προθέντες
819 1620 845 1677 ἐν
862 1640 939 1698 pasa-

108 1731 133 1771 ιο
161 1737 173 1761 ι
188 1713 225 1788 pq]
248 1709 421 1787 συγκαλῶμεν
442 1709 485 1766 τὀν
508 1710 590 1785 δῆμον
618 1709 654 1776 είς
678 1707 832 1779 ἐκκλησίαν.
850 1704 937 1767 Ὅταν

160 1822 174 1848 ιι
193 1794 220 1854 δὲ
246 1795 357 1876 συνέλθῃ
386 1795 431 1854 καί
454 1796 605 1865 πλήθουσαν
632 1795 728 1871 ἴδοιμεν
752 1793 800 1867 τὴν
823 1795 937 1874 ύγορδιν,

160 1911 173 1937 ι
189 1882 323 1965 προελθὼν
338 1880 497 1961 Λουκρήτιός
511 1907 540 1942 τε
554 1883 600 1942 καὶ
612 1885 774 1950 Κολλατῖνος
788 1885 937 1965 ἀποδυράσ-

161 1999 174 2024 ι
191 1976 279 2030 θωσαν
293 1974 340 2040 τδς
352 1974 453 2032 ἐαυτῶν
464 1971 545 2051 τύχας
561 1971 666 2029 ἅπαντα
681 1970 715 2028 τὰ
729 1970 856 2048 γενόμενα
872 1971 938 2051 φρύ-

162 2088 174 2114 ι
192 2085 293 2131 σαντες.
336 2061 454 2123 Ἔπειτα
469 2065 521 2120 τῶν
537 2062 624 2120 ἄλλων
639 2060 747 2128 ἐκαστος
767 2060 872 2140 παριὼν
891 2085 940 2120 κα-

107 2176 136 2218 ao
162 2179 174 2205 ι
190 2152 335 2232 τηγοριίτω
346 2157 393 2224 τῆς
409 2150 559 2232 τυραννίδος
579 2157 624 2211 καί
640 2149 700 2220 τούς
709 2150 819 2218 πολίτας
834 2151 878 2210 inl
890 2152 938 2222 τὴν

162 2243 337 2320 «ἐλευθερίαν
361 2240 559 2323 παρακαλείτω.
612 2236 711 2300 Ἔσται
729 2239 756 2299 δέ
778 2248 844 2299 πᾶσι
870 2238 939 2301 Ῥω-

162 2359 175 2384 ι
193 2331 280 2407 μσίοις
292 2330 351 2389 κατ’
365 2331 456 2409 εὐχὴν,
471 2330 516 2387 tir
528 2329 618 2388 ἴδωσιν
629 2332 700 2406 ἡμᾶς
717 2328 777 2395 τοὺς
787 2328 939 2409 πατρικίους

162 2447 175 2473 ι
190 2419 319 2500 ἄρχοντας
332 2423 379 2490 τῆς
397 2419 556 2497 ἐλευθερίας·
570 2414 657 2477 πολλὰ
672 2419 722 2498 γὰρ
736 2417 782 2476 καί
798 2417 869 2476 δεινέι
891 2441 939 2477 πι-

162 2535 174 2561 ι
191 2506 315 2568 πύνθασιν
338 2505 389 2566 tri
408 2512 454 2568 τοῦ
472 2505 613 2586 τυροίννου,
638 2507 683 2567 καί
703 2514 799 2586 μικρᾶς
818 2508 939 2586 σἰρορμῆς

108 2626 136 2667 gg
162 2623 175 2651 ι
190 2597 302 2658 δέονται.
345 2597 431 2657 Ὅταν
446 2595 473 2654 δὲ
487 2594 612 2673 λόύωμεν
627 2596 657 2656 εδ
670 2599 769 2667 πλῆθος
782 2595 939 2675 ὡρμημένον

122 2738 126 2747 .
163 2712 175 2739 ι
192 2688 340 2745 καταλῦσαι
354 2685 403 2756 τὴν
418 2684 583 2764 μοναρχίαν,
599 2684 684 2766 ψῆφόν
700 2686 723 2743 τ’
737 2685 823 2751 αὐτοῖς
838 2683 940 2742 α’ναδῶ·

163 2801 176 2824 ιι
190 2796 238 2850 μεν
255 2773 320 2852 trip
335 2778 381 2833 τού
398 2772 493 2850 μηκέτι
508 2771 651 2848 Ῥωμαίων
670 2771 819 2853 Ταρκύνιον
834 2769 937 2853 ἄρξειν,

164 2862 235 2920 ικαὶ
256 2861 286 2920 τὸ
300 2864 360 2941 περὶ
380 2862 478 2921 τούτων
505 2861 589 2938 δόγμα
617 2859 681 2940 πρὸς
709 2860 769 2928 τοὺς
795 2860 839 2919 ἐπί
859 2881 939 2939 στρα-

163 2978 175 3001 ι
191 2949 300 3010 τοπέδου
314 2947 523 3030 διαπεμψώμεθα
543 2954 569 3008 ἐν
590 2951 676 3027 τάχει.
722 2948 775 3007 Καὶ
790 2945 841 3028 γδρ
864 2950 888 3006 οἱ
906 2948 939 3006 sd

163 3065 175 3090 ι
192 3039 262 3098 δπλα
278 3042 394 3117 ἔχοντες,
410 3042 432 3098 εί
447 3038 552 3117 μάθοιεν
567 3036 606 3097 ὅτι
622 3037 655 3095 ιδ
667 3039 693 3094 ἐν
709 3040 742 3114 τῇ
757 3035 833 3095 πολει
851 3035 938 3095 πάντα

163 3154 175 3179 ι
191 3127 244 3195 τοῖς
268 3129 400 3207 τυράννοις
421 3126 489 3187 ἐστὶν
507 3125 646 3204 ἀλλότρια,
669 3124 799 3203 πρόθυμοι
813 3123 874 3203 περὶ
890 3122 938 3195 τὴν

164 3244 176 3268 ιι
191 3219 239 3288 τῆς
259 3216 382 3296 πατρίδος
402 3215 549 3292 ἐλευθερίαν
562 3213 731 3292 γενήσονται,
753 3211 813 3270 οὗτε
828 3212 939 3292 δωρεαῖς

164 3334 176 3358 ι
193 3304 232 3364 ἐτι
245 3306 417 3386 κατεχόμενοι
432 3308 466 3372 ὡς
483 3304 623 3384 πρότερον,
642 3301 702 3362 ούτε
717 3301 762 3367 τδις
782 3299 869 3381 ύύρεις
885 3305 938 3361 τῶν

165 3422 176 3444 ι
191 3397 217 3454 Τ
219 3394 341 3473 αρκιινίου
364 3393 465 3451 παίδων
486 3415 514 3450 τε
535 3392 580 3450 καὶ
605 3389 725 3449 κολύκων
746 3388 833 3470 φέρειν
861 3389 939 3449 δυνό-

109 3509 137 3549 σς
166 3505 275 3557 ιμενοι.
292 3512 303 3534 ν
324 3484 419 3541 Ταῦτα
448 3480 569 3548 λέξαντος
589 3482 683 3549 αὐτοῦ,
710 3477 874 3558 παραλαύὼν
894 3478 939 3538 τὀν

165 3569 240 3648 λόγον
256 3571 415 3649 Οὐαλέριος·
430 3568 493 3630 ιΤὰ
512 3567 559 3644 μἐν
572 3567 652 3638 ἄλλα,
665 3566 774 3647 ἐρησεν,
789 3569 870 3647 ὀρθῶς
884 3569 940 3627 ἐπι·

164 3686 175 3710 ι
191 3657 337 3734 λογίζεσθαί
349 3681 393 3733 μοι
406 3657 498 3728 δοκεῖς,
513 3654 616 3715 Ἰούνιε·
630 3656 689 3735 περὶ
700 3656 727 3712 δέ
740 3658 786 3725 τῆς
800 3656 940 3726 ἐκκλησίας

164 3775 176 3797 ι
192 3745 230 3803 ἔτι
256 3749 384 3826 βούλομαι
407 3751 516 3820 μαθεῖν,
532 3744 569 3810 τίς
590 3743 737 3802 δκαλέσων
760 3739 835 3800 ἔσται
858 3742 940 3812 αὐτὴν

168 3855 181 3887 ι(
197 3835 266 3890 κατὰ
288 3836 382 3908 νόμους
403 3834 447 3891 καὶ
462 3833 510 3904 τὴν
532 3834 617 3911 ᾖρον
640 3830 782 3889 ἀναδώσων
802 3829 859 3896 ταῖς
875 3831 941 3910 ρρύ-

110 3956 138 3996 40
167 3949 178 3972 ι
193 3943 276 3999 τραις.
320 3919 442 4001 Ἀρχοντι
455 3921 506 3999 γδρ
524 3920 681 3978 ἀποδέδοται
705 3923 782 3978 τοῦτο
797 3917 938 3997 πράττειν,

165 4037 177 4061 ιι
193 4011 268 4084 ἡμῶν
283 4009 306 4065 τ’
318 4012 398 4076 ούδείς
410 4011 533 4084 οὐδεμίαν
549 4008 634 4088 ἀρχὴν
648 4007 714 4087 ἔχει.
733 4032 744 4059 ιι
789 4003 824 4064 Ὀ
839 4007 861 4065 δ’
878 4010 941 4066 ὕπο·

165 4093 265 4175 τυχών·
289 4123 301 4148 ι
324 4096 413 4174 ’lipom
445 4088 582 4179 ρησίν,ῶ
609 4099 747 4179 Οὐαλέριε.
803 4103 865 4160 Τῶν
889 4099 940 4178 γὰρ

167 4214 178 4236 ι
198 4183 327 4261 Κελερίων
348 4184 435 4263 ἄρχων
464 4186 531 4263 εἶμί·
553 4187 598 4245 καί
618 4187 772 4247 ἀποδέδοταί
802 4213 847 4265 μοι
871 4189 941 4248 κατὰ

167 4300 179 4324 ι
195 4274 289 4350 νόμους
325 4274 464 4343 ἐκκλησίαν
499 4279 577 4335 θπόιε
612 4277 753 4354 βουλοίμην
791 4281 939 4356 συγκαλεῖν.

110 4381 137 4421 ⁴⁵
166 4363 297 4423 «Ἔδωκε
313 4363 334 4419 3
352 4363 410 4437 ἐμοὶ
428 4365 475 4435 τλν
491 4368 576 4445 ἀρχὴν
589 4370 688 4442 ταύτην
705 4374 719 4428 δ
733 4368 872 4449 τύραννος,
891 4393 937 4447 με·

166 4480 176 4500 ιι
192 4455 283 4529 γίστην
305 4455 400 4518 οὖσαν,
414 4458 448 4520 ῶς
470 4457 576 4536 ἠλιθίῳ,
597 4456 642 4515 καί
669 4460 723 4516 οὔτ’
740 4458 866 4539 εἰσομένῳ
890 4458 939 4530 τὴν

165 4569 176 4590 ιι
192 4540 398 4613 δύναμιν-αὐτῆς
412 4540 476 4615 οὔτ’,
498 4547 521 4602 εἰ
540 4546 639 4624 γνοίην,
650 4546 816 4628 χρησομένῳ·
832 4548 877 4606 καὶ
895 4549 939 4604 τὸν

165 4657 176 4681 ιι
192 4629 261 4688 κατὰ
274 4634 320 4686 τοῦ
334 4629 461 4709 τυροίννου
477 4631 553 4709 λόγον
566 4639 668 4713 πρῶτος
681 4634 732 4711 ἐγὼ
746 4634 940 4710 διαθήσομαι.»
984 4678 986 4682 -

203 4719 320 4780 LXXH.
342 4719 389 4786 ‘lle
404 4721 431 4777 δὲ
456 4725 525 4780 τοῦτ’
547 4722 661 4793 ἤκουσαν
677 4723 790 4792 ἅπαντες
811 4724 941 4802 ἐπῄνεσέν

111 4834 137 4873 50
164 4828 191 4862 τε
203 4809 248 4865 καὶ
257 4813 290 4875 ιἰις
300 4807 441 4879 ἀπὸκαλῆς
454 4809 599 4876 ὑποθέσεως
609 4812 754 4894 ἀρξάμενον
765 4812 810 4871 καὶ
820 4813 940 4888 νομίμου,

164 4891 197 4949 τὰ
224 4896 305 4954 λοιπύι
335 4897 420 4975 λέγειν
453 4898 529 4957 αὐτὸν
557 4899 655 4970 ἠξίουν.
704 4903 827 4966 Κάκεῖνος
855 4891 940 4959 εἶπεν·

166 5007 176 5030 ι
192 4978 302 5051 Ἐπειδὴ
328 4990 400 5047 ταῦθ’
419 4987 486 5047 οὕτω
502 4988 625 5066 πράττειν
641 4990 702 5065 ύμῖν
726 4991 812 5064 δοκεῖ,
835 4989 940 5048 σκοπώ-

164 5093 176 5119 ι
195 5073 260 5142 μεθιι
274 5072 354 5129 πάλιν
365 5075 402 5140 τίς
423 5082 439 5145 ἡ
458 5075 506 5148 τὴν
523 5079 597 5137 πόλιν
620 5077 842 5156 ἐπιτροπεύσουσα
871 5078 940 5156 ιἰρχλ,

165 5186 177 5208 ι
192 5157 330 5234 γενήσεται
347 5161 415 5234 μετὰ
428 5164 477 5233 τὴν
498 5169 640 5227 κατάλυσιν
658 5171 708 5225 τῶν
725 5167 870 5244 βασιλέων,
894 5168 939 5225 καὶ

990 569 1029 615 est
1039 564 1197 629 imprecatus.

1021 651 1105 700 Llllll.
1124 647 1169 700 llis
1184 648 1273 709 dictis,
1294 652 1393 699 ceteros
1407 662 1492 700 ornnes
1514 650 1544 701 ad
1559 649 1627 700 idern
1642 650 1769 702 iusiuran-

992 759 1051 810 dum
1063 760 1170 811 rocarit.
1205 759 1243 810 llli
1252 773 1312 811 vero
1322 774 1370 811 non
1381 760 1487 825 amplius
1498 764 1644 812 cunctantes
1658 774 1770 812 surrexe·

993 876 1064 932 runt,
1081 877 1107 922 et
1122 871 1202 922 cultro
1211 871 1254 922 illo
1264 885 1308 938 per
1317 885 1405 924 manns
1421 873 1524 925 subinde
1535 875 1637 939 accepto
1648 874 1770 927 iurarunt.

992 984 1054 1033 cnm
1069 987 1153 1035 antem
1168 985 1305 1047 iurassent,
1316 989 1402 1050 postea
1412 988 1546 1048 rationem,
1561 1001 1613 1053 qua
1628 987 1772 1052 semipsum

992 1095 1192 1158 aggrederentur,
1207 1109 1320 1160 quaerere
1335 1101 1483 1162 cuperant:
1499 1102 1524 1148 et
1541 1100 1632 1148 Bnrtns
1647 1097 1696 1147 boc
1712 1111 1772 1148 oon-

992 1207 1075 1259 silium
1090 1207 1138 1258 illis
1151 1206 1240 1257 dedit:
1257 1227 1270 1251 ι
1294 1207 1403 1259 Primum
1415 1208 1485 1259 urbis
1503 1211 1587 1274 lanatas
1604 1209 1773 1260 custodiamus

992 1344 1005 1365 ι
1019 1322 1125 1388 nequid
1147 1334 1249 1383 eornm,
1271 1335 1327 1388 qnae
1349 1322 1375 1372 iu
1387 1321 1448 1373 urbe
1465 1325 1510 1372 aut
1524 1321 1643 1373 dicuntur
1654 1325 1698 1372 aut
1710 1321 1773 1374 liunt

993 1456 1006 1481 ι
1023 1439 1107 1487 contra
1122 1434 1276 1498 tyrannidem
1295 1433 1444 1499 Tarquinius
1463 1434 1568 1495 sentiat,
1583 1437 1717 1496 antequam
1732 1447 1773 1487 res

994 1567 1006 1590 ι
1023 1550 1114 1597 vestra
1125 1544 1174 1596 sint
1184 1546 1284 1609 parata.
1300 1544 1395 1595 Deinde
1407 1544 1482 1594 allato
1496 1542 1606 1593 mulieris
1615 1543 1736 1593 cadauere
1748 1543 1773 1592 in

995 1676 1007 1700 ιι
1023 1656 1120 1717 lorum,
1135 1660 1164 1706 ul
1176 1659 1216 1706 est
1230 1667 1318 1705 cruore
1329 1654 1463 1714 furiatum,
1487 1654 1616 1705 Lucretius
1629 1656 1653 1704 el
1671 1652 1771 1703 collali-

994 1789 1007 1811 «
1025 1780 1072 1818 nus
1083 1767 1108 1817 iu
1119 1765 1229 1818 medium
1240 1765 1373 1829 progressi,
1387 1779 1415 1816 re
1428 1764 1481 1823 tota
1492 1764 1580 1816 ordine
1595 1767 1701 1824 numu,
1714 1776 1772 1814 suas

995 1902 1008 1925 ι
1024 1880 1177 1933 calamitates
1190 1878 1326 1943 deplorent.
1372 1854 1467 1929 Deinde
1479 1876 1584 1928 aliorum
1603 1876 1774 1940 unnsquisque

995 2011 1007 2035 ι
1023 2003 1166 2057 progressus
1188 1990 1212 2040 in
1228 1989 1351 2048 medium,
1376 1989 1400 2040 in
1414 1987 1569 2053 tyrannidem
1586 1988 1735 2050 invehatur,
1749 1990 1774 2038 et

995 2125 1007 2146 ιι
1023 2103 1089 2154 cives
1099 2100 1130 2152 ad
1143 2100 1284 2153 libertatern
1301 2098 1492 2161 recuperandam
1504 2101 1601 2149 evocet.
1619 2100 1672 2147 lloc
1687 2102 1773 2148 autem

996 2236 1008 2259 ι
1028 2214 1142 2265 omnibus
1154 2212 1271 2264 Romanis
1293 2209 1473 2277 optatismum
1486 2208 1548 2270 crit,
1572 2208 1595 2260 si
1612 2221 1628 2258 a
1643 2207 1713 2257 nobis
1727 2221 1770 2271 pa·

995 2348 1008 2371 ι
1025 2325 1103 2378 triciia
1119 2325 1240 2377 libertatis
1253 2323 1349 2374 initium
1371 2321 1425 2373 lieri
1445 2319 1553 2371 viderint
1572 2337 1579 2369 ι
1597 2319 1690 2369 multas
1705 2317 1771 2368 enim

995 2458 1007 2481 ιι
1023 2440 1148 2502 etgraves
1161 2435 1263 2486 iniurias
1274 2448 1289 2483 a
1302 2436 1406 2497 tyranno
1416 2431 1572 2495 acceperunt,
1585 2440 1710 2493 paruoque
1722 2427 1769 2477 irn-

996 2570 1007 2592 «
1024 2547 1096 2613 pulsu
1104 2561 1134 2598 ac
1145 2546 1194 2597 leri
1207 2544 1334 2595 occasione
1348 2556 1412 2607 opus
1421 2543 1467 2592 est.
1478 2538 1526 2591 Ubi
1539 2551 1600 2591 vero
1611 2536 1774 2587 babuerimus

996 2682 1007 2704 ιι
1025 2659 1122 2725 piebem
1138 2657 1171 2708 ad
1185 2654 1340 2718 tyrannidem
1363 2649 1522 2704 ererlendam
1542 2661 1699 2714 propensam,
1721 2646 1774 2698 eius

996 2784 1008 2807 ιι
1025 2760 1147 2825 sullragiis
1165 2758 1296 2820 Tarquinio
1314 2769 1415 2820 regnum
1436 2753 1597 2816 abrogemus,
1612 2757 1638 2802 et
1654 2752 1702 2802 boc
1720 2751 1773 2815 ple-

996 2896 1008 2919 ι
1026 2873 1142 2924 bisciturn
1158 2871 1271 2921 celeriter
1292 2867 1324 2918 ad
1343 2881 1386 2919 eos
1404 2866 1449 2929 qui
1462 2866 1488 2916 iu
1501 2866 1590 2916 caenis
1608 2865 1666 2914 sunt
1686 2861 1770 2912 milta-

996 3007 1009 3031 ι
1025 3000 1093 3037 mus.
1129 2988 1189 3036 llam
1209 2982 1232 3033 si
1251 2982 1340 3031 milites
1362 2984 1440 3030 lotam
1457 2979 1545 3030 urbem
1565 2991 1580 3027 a
1603 2974 1711 3041 tyrannis
1726 2973 1770 3027 de·

995 3119 1007 3142 a
1022 3095 1109 3147 iecisse
1131 3093 1305 3157 cognoverint,
1326 3091 1411 3154 panta
1432 3089 1539 3140 libertati
1560 3087 1710 3147 studebunt;
1728 3100 1774 3138 nec

996 3234 1008 3258 ι
1024 3208 1192 3275 largitionibus
1210 3206 1315 3271 amplius
1334 3204 1545 3256 detinebuntur.»
1580 3205 1641 3253 llaec
1660 3215 1718 3252 euna
1734 3200 1775 3254 ille

994 3323 1109 3383 dixisset,
1123 3319 1235 3371 Valerius
1252 3318 1307 3369 eius
1319 3317 1395 3367 rerba
1412 3315 1536 3379 excipiens
1551 3335 1557 3364 ι
1576 3314 1704 3377 *Reliqua
1717 3311 1773 3375 qui·

996 3458 1008 3480 ιι
1023 3437 1088 3496 darn,
1100 3435 1189 3498 inquit,
1204 3432 1267 3494 luni,
1282 3435 1349 3481 recle
1361 3429 1421 3480 mibi
1431 3428 1520 3478 videris
1537 3426 1720 3477 ratiocinatione
1730 3426 1775 3473 tua

996 3570 1008 3593 ιι
1024 3549 1137 3612 colligere
1148 3567 1154 3598 :
1165 3545 1197 3597 de
1206 3545 1312 3596 comitiis
1326 3557 1384 3593 vero
1393 3540 1453 3592 illud
1463 3554 1494 3591 ex
1504 3544 1528 3590 te
1540 3540 1604 3590 scire
1614 3539 1695 3599 velina,
1705 3537 1773 3602 quis·
1859 3532 1865 3543 '

996 3682 1008 3705 «
1023 3673 1081 3709 nam
1098 3657 1205 3722 legitime
1230 3670 1259 3707 ea
1278 3656 1384 3705 indicere
1402 3657 1428 3703 ct
1448 3650 1567 3715 suffragia
1593 3649 1669 3700 curiis
1690 3649 1774 3700 distri·

996 3769 1099 3818 «baare
1117 3766 1203 3831 possit.
1239 3764 1397 3826 Magistratus
1421 3763 1486 3812 enim
1509 3762 1556 3811 lroc
1576 3764 1615 3812 est
1634 3759 1745 3810 ollrcium
1767 3781 1773 3808 :

996 3901 1007 3924 ιι
1026 3894 1098 3931 nemo
1112 3881 1295 3929 veronostram
1317 3876 1395 3925 ullum
1415 3873 1586 3937 magistratum
1601 3871 1672 3938 gerit.
1692 3892 1704 3915 ν
1736 3869 1775 3919 ad

995 3986 1049 4035 llaec
1066 3983 1125 4033 ille:
1148 4001 1161 4028 ι
1178 3986 1243 4046 Ego,
1266 3983 1360 4044 inquit,
1384 3980 1472 4030 Valeri.
1506 3984 1565 4031 Sum
1583 3980 1646 4031 enim
1660 3978 1774 4029 Celerum

996 4111 1008 4132 ιι
1025 4089 1152 4149 tribunus,
1179 4090 1205 4137 ct
1230 4085 1353 4136 concionis
1383 4082 1562 4145 convocandae,
1581 4084 1776 4149 quotiescunque

996 4221 1008 4244 «
1029 4198 1119 4261 veliin,
1145 4199 1255 4261 potestas
1275 4194 1334 4244 milri
1348 4206 1391 4258 per
1412 4193 1477 4255 leges
1491 4193 1549 4244 data
1569 4195 1614 4243 est.
1648 4195 1776 4257 Tyrannus

999 4326 1011 4347 ι
1027 4304 1092 4354 enim
1117 4302 1251 4352 marimum
1272 4300 1336 4350 lrnnc
1366 4297 1536 4361 magistratum
1560 4297 1628 4348 dedit
1650 4296 1711 4347 milri
1748 4300 1777 4348 ut

996 4432 1008 4454 ιι
1025 4410 1116 4470 slullo,
1131 4413 1156 4459 cl
1168 4411 1283 4471 tanquam
1297 4406 1347 4455 rim
1361 4407 1414 4455 eins
1428 4419 1457 4455 ac
1477 4407 1623 4468 potestatem
1633 4416 1683 4454 non
1692 4403 1775 4466 cogni-

996 4540 1008 4562 ιι
1026 4523 1091 4577 turo,
1108 4531 1186 4580 nequo
1203 4517 1222 4564 si
1239 4527 1409 4578 cognoscerem
1429 4525 1457 4562 ea
1472 4525 1565 4562 usuro:
1579 4511 1714 4576 quinetiam
1731 4525 1778 4575 ego

997 4647 1008 4671 ιι
1025 4629 1119 4692 primus
1136 4626 1160 4676 in
1172 4630 1303 4687 tyrannum
1322 4634 1437 4688 perorare
1448 4633 1504 4671 snm
1513 4623 1622 4685 paratus.
1636 4639 1648 4663 ν

1026 4734 1121 4782 Lxxll.
1140 4735 1231 4781 Omnes
1257 4731 1296 4781 liis
1315 4730 1407 4781 auditis
1433 4741 1491 4778 eum
1527 4727 1669 4785 laudarunt,
1701 4728 1727 4776 et
1747 4730 1775 4775 ut

996 4822 1090 4871 bonesti
1111 4835 1140 4870 ac
1160 4821 1258 4884 legitimi
1281 4821 1375 4870 consilii
1398 4822 1541 4880 auctorem,
1560 4817 1651 4881 reliqna
1674 4829 1774 4879 quoque

995 4911 1077 4961 dicere
1088 4911 1219 4961 iusserunt.
1239 4908 1282 4960 llle
1296 4915 1378 4960 autern
1397 4910 1520 4974 respondit
1541 4928 1571 4956 :a
1587 4906 1707 4967 Quoniam
1719 4904 1773 4952 hoec

998 5022 1009 5043 «
1024 5000 1093 5051 nobis
1102 5000 1136 5051 ila
1147 5000 1198 5051 lieri
1208 5001 1296 5064 placet,
1311 5000 1358 5049 boc
1370 4999 1504 5056 villermus,
1521 5000 1631 5063 quisnam
1643 4995 1773 5056 magistra·

998 5107 1009 5129 ι
1029 5093 1069 5138 tus
1081 5093 1136 5152 post
1150 5103 1219 5152 reges
1228 5093 1327 5139 exactos
1339 5087 1407 5138 urbis
1420 5087 1548 5150 imperinm
1563 5087 1692 5136 lralriturus
1703 5083 1735 5133 sit
1749 5087 1773 5132 et

999 5195 1010 5215 ιι
1027 5190 1041 5224 a
1058 5192 1108 5240 quo
1130 5177 1304 5238 creatus3imo
1320 5174 1483 5242 primatiam,
1501 5188 1615 5237 qualenam
1639 5175 1671 5226 sit
1692 5173 1774 5223 lulura
