3772 5828
618 370 914 445 Anrth'lr‘antl
938 371 1087 430 trutinet.
1117 372 1189 430 Ltss.
1216 371 1263 430 ll'.
1692 377 1750 437 tua

139 537 152 566 ι
173 507 297 589 όρρανούς
314 509 509 584 ἐγκαταλιπεῖν,
535 509 581 562 νῦν
604 502 652 581 μὲν
675 505 741 584 ὑπὲρ
762 508 809 576 τῆς
831 508 915 582 ἀρχῆς

139 628 152 654 ι
172 597 385 668 κινδυνεύοντας,
401 599 423 654 εί
442 594 468 653 δὲ
491 592 620 672 ήπρύτη
642 601 721 675 πεῖρα
742 595 794 660 τοῖς
814 597 916 675 ίχθροῖς

139 715 151 742 ι
172 688 259 744 αὐτῶν
282 685 400 765 χωρήσει
423 683 490 741 κατὰ
516 687 586 752 νοῦν,
609 682 654 741 καὶ
685 684 715 740 ἐκ
738 686 786 754 τῆς
815 683 916 752 πόλεως

137 805 150 831 ι
172 772 417 849 ἐξελαθησομένους.
470 770 545 831 Ἀλλ’
573 770 638 850 ύπίρ
673 767 722 847 μέν
753 770 851 831 τούτων
880 774 916 838 ὡς

97 903 109 938 5
138 893 150 919 ι
173 865 313 945 ἐγνωκόσιν
326 863 386 937 ὑμῖν
402 861 435 919 τόι
448 859 539 920 δέοντα
555 861 601 918 καὶ
617 860 771 933 ποιήσουσιν
786 859 836 919 όσα
852 884 917 941 πρε·

139 981 151 1009 ι
174 956 265 1027 σήκει,
280 952 353 1012 οὐδὲν
376 950 470 1027 δέομαι
482 947 567 1008 πλιίιιι
580 949 679 1027 λέγειν·
696 949 753 1008 ddi
767 951 915 1030 παρεσκεύ-

141 1067 156 1092 a
175 1065 259 1119 ασμαι
271 1041 354 1100 ποιεῖν
369 1042 438 1118 ipae
454 1037 530 1106 αὐτὸς
546 1039 641 1115 ipsit,
657 1039 703 1097 καί
716 1029 753 1097 ὧν
771 1041 851 1119 χάριν
869 1040 915 1112 τήν

139 1163 151 1186 ι
174 1131 314 1203 ἐκκλησίαν
330 1129 509 1200 συνεκάλεσα,
526 1126 656 1188 ἀκούσατέ
673 1152 735 1204 μου.
777 1127 856 1188 Ὅσοι
868 1133 916 1206 μέν

138 1248 151 1276 ι
173 1223 245 1296 ὑμῶν
257 1220 402 1300 όριίλοντες
414 1215 467 1288 ήδη
480 1215 598 1295 χρίαδιθι
609 1217 701 1275 πενίαν
714 1217 838 1277 ἀδύνατοί
851 1221 916 1277 εἰσιν

86 1343 109 1378 ,υ
139 1336 151 1362 ι
174 1310 327 1378 ἀποδοῦναι,
347 1304 448 1372 τούτοις
464 1309 567 1384 βοηθεῖν
583 1306 808 1383 προθυμούμενος,
823 1307 914 1380 ἐπειδὴ

136 1425 149 1452 ιι
171 1395 277 1455 πολῖταί
301 1397 332 1455 τί
355 1397 406 1455 είσι
428 1393 473 1453 καὶ
498 1392 610 1460 πολλοὺς
632 1394 699 1474 ῦπὲρ
724 1398 770 1465 τῆς
794 1395 917 1475 πατρίδος

138 1515 149 1540 ι
173 1484 354 1556 ἀνηντλήκασι
368 1483 472 1558 πόνους,
481 1478 524 1539 ἵνα
540 1482 577 1558 μή
592 1483 640 1550 τήν
656 1482 723 1540 ἰδίαν
741 1488 916 1565 ἀραιρεθῶσεν

136 1604 149 1628 ιι
171 1573 331 1652 ἐλευθερίαν,
347 1574 371 1632 οἱ
394 1570 441 1641 τήν
464 1569 553 1640 κοινήν
579 1568 783 1649 βεῦαιώσαντες,
807 1574 837 1630 ἐκ
862 1575 915 1631 τῶν

136 1688 148 1714 ι
172 1663 289 1736 ἐμαυτοῦ
303 1657 451 1738 χρημάτων
467 1656 562 1732 δίδωμι
584 1655 760 1716 διαλύσασθαι
781 1658 815 1717 adr
836 1659 912 1737 χρέα.

84 1789 107 1826 ,ὅ
137 1777 149 1803 ιι
170 1747 252 1810 ‘Oeae
274 1748 296 1806 δ’
312 1747 343 1805 ἃν
366 1745 433 1823 μετὰ
449 1749 534 1803 ταῦτα
549 1745 730 1818 δανείσωνται,
744 1745 850 1815 τούτους
870 1747 917 1806 οὐκ

136 1866 149 1893 ι
172 1841 244 1897 ἐάσω
266 1837 331 1914 πρὸς
353 1835 386 1895 τό
410 1833 476 1915 χρέα
492 1835 655 1912 ἀπάγεσθαι,
673 1834 718 1893 καί
733 1835 814 1909 νόμον
837 1835 916 1906 θήσο-

137 1956 150 1980 ι
172 1951 231 2003 μαι,
242 1927 342 2001 μηδένα
352 1925 473 1992 δανείζειν
482 1923 525 1983 ἐπὶ
535 1923 655 1999 σώμασιν
665 1925 817 2004 ἐλευθέροις,
827 1924 916 1985 ἱκανόν

140 2048 152 2074 ι
174 2022 316 2097 ἡγούμενος
346 2026 399 2086 τοῖς
422 2018 568 2085 δανεισταῖς
587 2021 635 2089 τῆς
662 2018 749 2084 οὐσίας
775 2022 827 2076 τῶν
848 2043 916 2095 συμ·

137 2135 150 2162 ιι
174 2109 305 2168 όαλόντων
327 2111 444 2188 κρατεῖν.
487 2105 546 2168 Ἵνα
572 2105 600 2165 δέ
620 2107 666 2164 καὶ
692 2107 739 2172 τὰς
762 2108 798 2174 είς
821 2107 851 2166 τό
867 2108 916 2179 δη-

81 2225 109 2263 au
136 2224 149 2250 ι
170 2198 260 2273 μόσισν
277 2197 417 2275 γινομένας
442 2195 574 2277 εἰσφορὰς,
590 2195 623 2253 δι’
638 2195 669 2262 te
689 2200 714 2255 oi
733 2195 844 2268 πένητας
859 2199 916 2256 ἐπι-

135 2313 148 2342 ι
170 2286 312 2367 όαροῦνταί
325 2310 355 2347 τε
369 2285 416 2343 καί
432 2286 624 2362 ἀναγκάζονται
643 2283 805 2359 δανείσματα
819 2294 914 2361 ποιεῖν,

135 2402 146 2427 ι
171 2378 329 2455 κουφοτέροις
349 2377 385 2440 είς
407 2377 438 2430 τὸ
461 2370 552 2429 λοιπόν
567 2370 674 2450 φέρητε,
690 2370 855 2445 τιμήσασθαι
870 2373 916 2440 τόις

135 2489 148 2515 ι
171 2464 258 2529 οὐσίας
279 2464 401 2527 ἅπαντας
418 2459 549 2530 κελεύσω,
574 2458 620 2517 καὶ
635 2460 746 2517 ἀπὸτοῦ
768 2459 917 2535 τιμήματος

136 2579 149 2604 ι
171 2552 280 2610 ἕκαστον
296 2549 423 2632 είσρέρειν
448 2547 479 2607 τὸ
501 2547 653 2618 ἐπιόάλλον,
674 2551 709 2614 ὡς
723 2551 750 2605 ἐν
767 2556 824 2615 ταῖς
840 2549 915 2627 μεγί-

137 2668 150 2692 ιι
173 2662 246 2707 σταις
268 2639 313 2696 καλ
334 2637 531 2715 εὐνομωτάταις
558 2638 650 2695 πόλεσι
668 2638 832 2713 πυνθάνομαι
850 2637 916 2715 γενό·

137 2754 149 2780 ιι
167 2751 260 2805 μενον,
290 2725 390 2786 δίκαιόν
415 2726 509 2785 τεκαὶ
531 2727 663 2805 συμρέρον
682 2728 719 2803 τῷ
742 2729 821 2806 κοινῷ
841 2730 917 2785 τοῦτο

135 2844 147 2868 ιι
170 2816 323 2894 ἡγούμενος,
350 2815 410 2882 τούς
439 2816 486 2891 μὲν
515 2813 602 2874 πολλὰ
627 2814 800 2890 κεκτημένους
831 2817 917 2876 πολλὰ

133 2933 146 2959 ιι
169 2905 310 2985 εἰσφέρειν,
324 2904 384 2972 τούς
405 2905 429 2963 δ’
445 2904 521 2984 όλίγα
536 2903 646 2983 ἔχοντας
665 2905 753 2981 ὀλίγα.
797 2910 875 2967 Δοκεῖ
888 2905 917 2964 δέ

132 3024 144 3049 ιι
170 3018 215 3071 μοι
229 2995 275 3053 καί
290 2999 337 3065 τῆς
352 2993 480 3069 δημοσίας
499 2995 554 3069 γῆς.
576 2991 609 3063 ἣν
624 2990 666 3051 διδ
676 2996 727 3051 τῶν
745 2990 833 3053 όπλων
848 3018 915 3065 κτη-

77 3117 105 3156 30
134 3111 146 3135 ι
170 3084 280 3160 σάμενοι
292 3082 427 3162 κατέχετε,
438 3088 476 3161 μή
489 3082 548 3151 τούς
559 3083 761 3148 ἀναιδεστάτους
771 3081 862 3164 ὥσπερ
872 3089 916 3141 νῦν

132 3202 145 3226 ιι
167 3182 291 3252 κρατεῖν,
312 3171 371 3232 ούτε
396 3172 487 3252 χάριτι
506 3172 637 3240 λαθόντας
657 3172 711 3233 οὐτ’
734 3174 790 3252 ὠνῇ
815 3197 916 3245 κτησα-

133 3289 145 3316 ι
167 3261 268 3337 μένους,
289 3261 356 3321 ιἰλλέι
372 3259 431 3327 τούς
447 3260 547 3340 μηδένα
573 3263 671 3341 κλῆρον
695 3259 810 3341 ἔχοντας·
826 3265 912 3339 ὑμῶν,

142 3349 209 3408 τίνα
227 3348 264 3428 μή
287 3347 412 3421 θητεύητε
427 3349 498 3413 όντες
518 3349 658 3427 ἐλεύθεροι,
679 3348 746 3426 μηδὲ
770 3349 817 3417 τδις
839 3350 917 3408 ἀλλο-

141 3457 155 3484 ιι
169 3438 243 3519 τρίας
266 3436 372 3508 κτήσεις
386 3433 454 3494 ἀλλὰ
475 3437 521 3503 τὰς
538 3437 606 3504 ἰδίας
619 3440 763 3517 γεωργῆτε.
806 3439 846 3496 Οὐ
865 3436 915 3519 γάρ

78 3559 106 3599 35
135 3554 148 3578 ιι
169 3526 202 3585 δν
213 3525 587 3608 γένοιτορρόνημαεύγενέςέν
599 3525 916 3604 ἀνδράσινάπορουμένοις

137 3642 149 3666 ιι
170 3617 222 3672 τῶν
247 3612 304 3672 καθ’
323 3614 426 3692 ἡμέραν
452 3615 612 3691 ἀναγκαίων.
656 3613 741 3693 Ὑπὲρ
763 3613 868 3673 ἅπαντα
888 3616 915 3675 δέ

138 3730 150 3755 ιι
173 3707 255 3760 ταῦτα
267 3701 377 3779 ἔγνωκα,
390 3702 436 3762 καί
453 3703 512 3775 ίοην
529 3703 573 3761 καί
585 3703 674 3774 κοινήν
685 3711 768 3761 ποιεῖν
779 3705 827 3774 τήν
839 3705 915 3762 πολι-

137 3818 149 3842 ι
172 3790 254 3864 τείαν,
275 3789 320 3849 καί
345 3789 380 3850 τά
402 3790 491 3851 δίκαια
514 3800 581 3850 πᾶσι
595 3791 659 3871 πρὸς
681 3788 801 3857 ἅπαντας
826 3789 914 3868 όμοεα.

137 3905 148 3930 ι
174 3880 220 3945 lii<
232 3882 307 3939 τοῦτο
318 3879 369 3958 γδρ
384 3879 480 3951 ήκσυσί
489 3902 556 3947 τινες
567 3878 717 3947 αὐθαδείας,
725 3876 788 3937 ὥσθ’
801 3877 914 3959 ὐόρίζειν

79 4004 106 4044 tu
135 3996 148 4022 ι
170 3970 206 4034 εἰς
218 3967 248 4025 τό
262 3968 404 4042 δημοτικόν
421 3969 531 4037 ἀξιοῦσι,
546 3967 590 4027 καθ
608 3969 671 4041 μηδ’
682 3967 828 4047 ἐλευθέρους
841 3970 915 4046 ήγεῖ·

135 4085 148 4109 ιι
169 4062 230 4115 σθαι
252 4053 313 4122 τούς
333 4057 449 4131 πένητας
477 4060 561 4133 ὑμῶν.
603 4055 663 4116 Ἵνα
691 4057 718 4116 δέ
742 4056 787 4114 καί
806 4055 913 4133 λαμόά·

135 4176 148 4201 ι
169 4169 234 4207 νωσι
253 4145 287 4206 el:
302 4146 391 4207 δίκαια
406 4149 452 4206 καλ
471 4147 602 4225 ὑπέχωσιν
614 4148 638 4206 ol
653 4145 754 4223 μείζους
769 4146 821 4213 τοῖς
834 4145 915 4206 ἐλάτ-

136 4263 148 4287 ι
169 4257 241 4294 τοσεν
257 4233 285 4304 ἐξ
306 4233 374 4308 ίσου,
401 4234 495 4313 νόμους
516 4234 642 4312 θήσομαι,
663 4233 782 4302 κωλυτθς
798 4233 845 4305 μέν
868 4240 915 4306 τῆς

136 4351 148 4379 ι
172 4323 244 4402 βίας,
262 4323 381 4406 φύλακας
402 4323 429 4383 δέ
454 4329 501 4397 τῆς
524 4321 699 4395 δικαιοσύνης,
720 4324 765 4383 καὶ
780 4324 857 4390 αὐτὸς
871 4325 915 4382 οὐ·

81 4446 107 4485 to
135 4438 148 4466 ι
171 4412 231 4471 δέκα
247 4410 341 4492 χρόνον
356 4411 447 4485 ἀνήσω
458 4416 504 4484 τῆς
517 4411 640 4472 ἁπάντων
653 4408 842 4490 προνοούμενος
855 4412 915 4482 ίση·

135 4526 148 4553 ι
170 4499 270 4578 γορίας.
288 4528 302 4554 ι

174 4592 212 4650 Χ.
236 4592 355 4651 Τοιαῦτα
375 4589 493 4668 λέγοντος
507 4591 586 4651 αὐτοῦ
599 4588 679 4656 πολύς
692 4589 798 4654 έπαινυς
815 4589 845 4647 te
864 4591 913 4659 τής

135 4679 277 4750 έκκλησίας
292 4679 394 4759 έγένετο
403 4682 471 4756 ,τῶν
488 4678 535 4755 μέν
547 4683 590 4739 ὅτι
606 4679 698 4745 πιστός
712 4669 744 4750 ήν
756 4677 801 4736 καί
816 4676 915 4746 δίκαιος

135 4768 196 4847 περὶ
204 4771 264 4833 τοὺς
274 4768 410 4848 εὐεργέτας
420 4767 610 4840 ἐπαινούντων,
619 4771 671 4827 τῶν
683 4765 710 4826 δέ
718 4764 758 4825 ότι
769 4767 913 4847 ριλοίνθρω-

82 4885 109 4926 ω
135 4878 183 4922 πος
203 4855 249 4915 καί
273 4857 457 4938 μεγαλόψυχος
480 4853 587 4923 είςτούς
610 4857 739 4937 ἀπόρους,
761 4859 813 4913 τῶν
836 4853 858 4913 δ’
876 4858 912 4923 ὣς

135 4944 239 5025 μέτριος
251 4944 295 5003 καί
307 4945 446 5022 δημοτικός
460 4944 524 5025 πρός
533 4943 593 5011 τούς
604 4943 816 5023 ταπεινοτέρους,
829 4942 914 5002 ἁπάν-

135 5055 188 5092 των
205 5035 228 5091 δ’
245 5033 286 5093 ὅτι
300 5032 408 5111 νόμιμος
425 5033 471 5092 καὶ
485 5033 583 5101 δίκαιος
600 5033 689 5112 ἄρχων
705 5032 869 5109 ἀγαπώντων
884 5053 912 5090 τε

136 5121 182 5179 καί
200 5120 418 5198 τεθαυμακότων.
460 5120 634 5191 Διαλυθείσης
655 5121 682 5179 δέ
698 5125 745 5191 τῆς
764 5120 913 5190 ἐκκλησίας,

137 5208 193 5276 ταῖς
213 5206 271 5281 ἑξῆς
296 5209 409 5291 ἡμέραις
424 5208 622 5290 ὐπογράρεσθαι
637 5207 761 5276 κελεύσας
776 5204 835 5273 τούς
849 5208 912 5266 θπο·

972 532 984 556 ι
1001 513 1070 573 ratis,
1083 515 1128 577 qui
1140 527 1203 562 rrunc
1215 514 1315 576 quidam
1326 513 1349 561 iu
1360 515 1426 576 regni
1436 513 1563 565 amittendi
1573 518 1683 579 periculo
1692 535 1749 572 rer·

972 627 983 650 ι
1001 612 1101 668 sautum
1110 610 1143 669 at,
1154 608 1175 656 si
1181 607 1273 671 primus
1281 610 1384 657 conatus
1391 607 1497 657 inimicis
1507 623 1538 659 ert
1547 610 1621 661 animi
1630 615 1750 667 sententia

973 719 986 746 ι
1003 700 1156 760 precesserit,
1174 715 1206 751 cx
1222 701 1282 751 urbe
1296 701 1370 751 etiam
1391 703 1553 765 expellentur.
1586 705 1635 756 Sed
1650 707 1682 757 de
1701 709 1749 773 bis,

972 814 984 838 ι
998 809 1056 844 cum
1075 794 1180 858 vosipsi
1198 795 1282 844 sciatis
1300 794 1361 859 quid
1383 795 1520 847 iaciendum
1534 797 1576 861 sii,
1587 804 1663 865 atque
1684 805 1750 867 quod

972 908 984 932 ιι
1001 889 1072 938 decet
1091 887 1180 938 tacturi
1203 888 1266 947 sitis,
1290 888 1401 951 pluribus
1427 903 1468 940 me
1488 905 1560 954 agere
1578 907 1626 943 non
1645 899 1749 959 oportet.

972 1002 984 1025 ι
1002 984 1064 1040 Quia
1077 984 1160 1031 autem
1171 979 1288 1031 beneficia
1297 982 1321 1032 in
1337 996 1380 1031 ros
1390 983 1500 1035 conterre
1512 989 1650 1049 statuerim,
1667 993 1692 1040 ei
1701 1005 1751 1055 qua

972 1096 983 1118 ιι
1001 1075 1033 1125 de
1052 1087 1140 1124 caussa
1153 1074 1293 1124 concionem
1311 1077 1474 1139 convenerim,
1489 1094 1554 1129 nunc
1564 1095 1593 1132 er
1609 1083 1750 1137 rneaudite.

971 1189 984 1212 ιι
1001 1172 1128 1231 Quotquot
1138 1167 1168 1218 de
1177 1167 1248 1218 robis
1259 1182 1309 1218 aare
1322 1169 1402 1220 alieno
1419 1177 1510 1235 gravati
1523 1178 1624 1238 propter
1643 1177 1751 1242 inopiam

972 1284 983 1308 ιι
1001 1263 1119 1313 solvendo
1131 1275 1179 1312 non
1199 1268 1264 1323 sunt,
1286 1263 1324 1314 bis
1338 1278 1383 1328 ego
1398 1281 1543 1319 succurrere
1562 1275 1670 1335 paratus,
1693 1273 1751 1337 quia

972 1378 983 1400 ιι
1002 1356 1068 1406 circs
1080 1357 1182 1406 llomani
1199 1362 1264 1417 suut,
1273 1363 1299 1408 et
1317 1359 1409 1410 multos
1422 1374 1465 1425 pro
1485 1363 1563 1426 patria
1576 1365 1673 1417 labores
1687 1367 1751 1419 iole·

972 1473 984 1494 «
1001 1454 1094 1512 ramni,
1114 1465 1143 1502 ne
1158 1465 1201 1501 sna
1218 1451 1329 1504 libertate
1349 1453 1477 1518 prirentur
1492 1457 1518 1517 ii,
1533 1457 1578 1522 qul
1595 1472 1750 1512 communem

972 1566 984 1587 «
1001 1544 1182 1606 stabiliverunt,
1198 1546 1230 1597 de
1250 1548 1311 1598 meis
1326 1547 1483 1600 facultatibus
1499 1551 1626 1614 pecuniam
1642 1552 1707 1604 dabo
1724 1557 1752 1604 ut
1848 1558 1852 1569 '

975 1662 985 1684 ι
1003 1654 1038 1690 res
1057 1641 1162 1690 alienum
1178 1641 1274 1691 solrant
1293 1664 1298 1692 :
1313 1645 1428 1706 quirem
1444 1648 1607 1710 inposterum
1623 1648 1752 1712 pecuniam

972 1755 984 1777 ιι
1001 1748 1016 1783 a
1033 1734 1208 1785 feneratoribus
1223 1736 1356 1800 accipient,
1374 1738 1419 1788 lios
1441 1754 1489 1789 non
1504 1742 1584 1805 patiar
1603 1746 1703 1807 propter
1716 1757 1752 1796 tes

972 1850 983 1872 ι
1001 1829 1108 1879 alienum
1124 1828 1148 1877 in
1167 1829 1264 1879 rincula
1280 1830 1378 1893 abduci,
1398 1833 1442 1883 sed
1461 1834 1538 1898 legem
1553 1837 1639 1899 ieram,
1652 1852 1682 1889 ne
1695 1840 1752 1903 quis

972 1917 983 1966 ιἰ
1002 1925 1123 1973 fenerator
1131 1925 1157 1973 in
1169 1936 1270 1987 corpora
1284 1924 1358 1976 libera
1371 1926 1409 1976 ius
1423 1927 1520 1986 lrabeat,
1531 1931 1591 1979 satis
1601 1945 1656 1982 esse
1668 1932 1750 1991 existi·

973 2038 984 2060 ι
1000 2031 1070 2066 rnans
1100 2015 1278 2067 terreretoribus
1303 2018 1323 2068 si
1351 2019 1414 2070 bona
1436 2019 1575 2073 debitorum
1601 2026 1750 2088 possideant.

970 2131 982 2154 ιι
1001 2113 1034 2161 t't
1049 2114 1132 2162 autem
1144 2114 1170 2162 et
1179 2112 1281 2175 trbuta,
1292 2126 1349 2177 quta
1360 2114 1385 2165 in
1397 2116 1511 2167 uranum
1520 2119 1686 2182 conteruntur,
1696 2123 1752 2186 qui·
1802 2126 1806 2133 ’

971 2223 983 2247 ι
1000 2202 1046 2252 bus
1062 2214 1183 2267 pauperes
1196 2206 1327 2265 gravantur
1347 2206 1372 2253 et
1390 2208 1512 2268 coguntur
1529 2209 1612 2257 tenore
1636 2210 1752 2272 pecunias

972 2318 984 2341 ιι
1001 2311 1107 2358 sumere,
1120 2297 1200 2347 levius
1212 2298 1235 2347 in
1247 2300 1374 2361 posterum
1385 2298 1480 2361 ieratis,
1496 2301 1552 2352 rolo
1565 2303 1674 2376 omniurn
1688 2304 1751 2354 bona
1822 2342 1825 2347 .

972 2415 983 2436 ιι
1001 2394 1104 2453 censeri,
1119 2395 1144 2443 et
1153 2405 1351 2455 unumquemque
1359 2406 1403 2457 pro
1412 2407 1489 2445 censu
1496 2395 1641 2447 facultatum
1648 2411 1751 2449 suarum

972 2509 983 2531 ιι
1002 2488 1138 2555 portionem
1145 2488 1752 2557 conterre,quemadmodnminmeximisoptlnre·

971 2602 983 2625 ιι
1000 2594 1049 2645 que
1063 2580 1181 2631 institutis
1199 2579 1340 2631 civitatibus
1355 2581 1407 2633 lieri
1422 2584 1505 2635 audio.
1540 2588 1634 2635 lustum
1650 2587 1752 2636 enimet

971 2698 983 2720 ιι
1000 2674 1139 2740 reipublicae
1162 2675 1221 2725 utile
1239 2676 1286 2725 linc
1316 2677 1395 2741 ipsum
1417 2657 1549 2740 existimo,
1565 2683 1593 2730 ut
1609 2680 1653 2743 qui
1672 2681 1752 2731 mulia

971 2792 983 2816 ι
1000 2769 1125 2836 possident
1136 2771 1213 2819 mulia
1227 2770 1362 2829 conferant,
1381 2771 1425 2834 qui
1438 2785 1495 2821 rero
1513 2772 1626 2822 tenuibus
1642 2777 1700 2823 sunt
1711 2774 1751 2822 ia-

972 2886 983 2910 «
1001 2865 1136 2916 cultatibns
1159 2878 1247 2930 pauca.
1286 2866 1417 2929 Placetque
1434 2866 1492 2915 mibi
1513 2880 1598 2930 agrurn
1615 2866 1749 2931 publicum,

971 2981 983 3003 ιι
1001 2975 1076 3024 quern
1090 2961 1165 3010 annis
1177 2965 1274 3023 partum
1287 2960 1427 3024 possidetis,
1435 2973 1483 3009 non
1497 2960 1528 3009 ab
1539 2959 1751 3023 impudentissimo

973 3075 985 3098 ιι
1001 3058 1142 3119 quoquere
1152 3068 1216 3104 nnnc
1224 3053 1261 3113 nt,
1276 3067 1355 3116 neque
1368 3043 1432 3103 dono
1444 3057 1572 3118 acceptum
1584 3068 1663 3120 neque
1674 3056 1752 3120 prelio

972 3171 984 3194 ιι
1001 3154 1169 3215 comparatum
1187 3149 1312 3214 occupari,
1328 3149 1372 3199 aed
1389 3149 1462 3199 abiis
1474 3153 1591 3209 restrum,
1603 3150 1646 3213 qui
1658 3149 1752 3200 nullam

972 3265 983 3288 ιι
999 3244 1081 3294 adbuc
1090 3244 1141 3309 agri
1147 3246 1283 3308 portionem
1294 3243 1388 3293 babent
1399 3264 1404 3293 ι
1416 3256 1454 3302 ne,
1471 3243 1584 3305 quamvis
1597 3243 1750 3306 liberissitis,
1826 3272 1829 3279 ·

972 3360 983 3382 ιι
1001 3340 1122 3399 serviatis,
1136 3353 1198 3389 nere
1208 3339 1298 3389 alienos
1310 3339 1398 3388 tundos
1411 3338 1454 3389 sed
1463 3341 1560 3389 reslros
1569 3337 1662 3387 colatis.
1688 3336 1752 3387 llilril

971 3456 982 3478 ι
1000 3434 1064 3484 enim
1083 3433 1193 3497 generosi
1213 3446 1299 3495 sapere
1318 3437 1430 3496 possunt,
1448 3433 1490 3496 qui
1509 3445 1591 3481 rerum
1608 3432 1640 3481 ad
1658 3431 1751 3481 rictum

971 3528 1169 3593 «quotidianum
1179 3527 1373 3581 necessariarum
1382 3528 1461 3592 inopia
1470 3527 1589 3577 laborant.
1624 3525 1750 3591 Praecipue

970 3645 982 3668 ιι
1001 3636 1060 3675 rero
1080 3622 1179 3674 decrevi
1200 3623 1239 3672 ius
1257 3622 1347 3696 cirinm
1366 3636 1475 3687 equare,
1491 3626 1521 3672 ut
1538 3634 1624 3672 omnes
1642 3621 1706 3671 inter
1724 3635 1751 3672 sc

972 3741 984 3767 ι
1002 3735 1075 3784 aequo
1093 3720 1146 3769 inre
1162 3718 1185 3767 in
1201 3717 1299 3768 iudiciis
1313 3720 1409 3768 certare
1421 3717 1523 3781 possint.
1557 3715 1667 3766 Euenim
1679 3729 1750 3766 erro·

970 3838 982 3862 ιι
1001 3815 1089 3880 gantiae
1110 3813 1210 3878 quidam
1230 3813 1353 3878 progressi
1374 3816 1444 3871 sunt,
1463 3817 1492 3862 ut
1506 3826 1553 3862 non
1567 3810 1680 3862 dubitent
1698 3810 1750 3876 ple·
1829 3808 1832 3814 ’

971 3936 981 3955 ιι
1000 3912 1069 3962 belus
1084 3907 1235 3961 contumeliis
1250 3907 1373 3969 insectari,
1391 3911 1416 3958 et
1430 3921 1460 3957 ne
1478 3907 1567 3957 liberos
1583 3904 1684 3970 quidem
1702 3906 1749 3955 du·

972 4031 983 4053 ιι
1000 4021 1055 4060 cere
1070 4020 1126 4066 eos,
1137 4004 1182 4068 qui
1196 4006 1307 4054 restrum
1327 4016 1447 4067 pauperes
1462 4005 1528 4053 sunt.
1561 4005 1596 4052 Ut
1614 4001 1690 4064 igitur
1705 4015 1749 4065 pro·

970 4125 982 4147 ι
1001 4102 1116 4153 lentiores
1132 4099 1185 4164 pari
1197 4099 1249 4149 iure
1270 4111 1328 4147 cunr
1347 4095 1505 4147 interioribus
1522 4096 1668 4161 disceptent,
1685 4096 1751 4161 leges

971 4220 983 4243 ιι
1001 4199 1087 4260 ieram,
1097 4208 1153 4262 qua
1164 4191 1255 4258 pariter
1261 4191 1311 4240 rim
1323 4204 1420 4240 omnem
1431 4190 1605 4255 prohibebunt,
1615 4195 1640 4242 et
1649 4191 1750 4241 iustitiae

970 4320 982 4344 ι
997 4296 1113 4349 custodes
1134 4296 1207 4345 erunt
1227 4289 1343 4354 :etipse
1365 4303 1489 4354 nunquam
1517 4291 1628 4341 omnium
1647 4290 1749 4341 liberam

970 4421 982 4445 ιι
999 4402 1025 4451 et
1049 4412 1146 4463 acquam
1167 4395 1265 4448 dicendi
1292 4395 1440 4460 potestatem
1469 4392 1597 4456 dilipenter
1618 4391 1680 4440 tueri
1701 4389 1747 4439 de·

969 4515 980 4537 ι
999 4494 1085 4544 sinum.
1103 4515 1116 4538 ι

1000 4600 1030 4648 x.
1047 4599 1107 4646 llaec
1120 4594 1180 4645 dnm
1194 4595 1270 4654 dicii,
1292 4607 1307 4642 a
1330 4595 1382 4642 tota
1402 4590 1517 4641 concione
1534 4585 1620 4636 mullis
1635 4584 1749 4635 laudibus

968 4700 1140 4760 extollebatur,
1153 4698 1206 4748 allis
1214 4696 1374 4748 laudantibus
1395 4694 1468 4744 sidem
1484 4696 1510 4742 et
1522 4689 1641 4740 iustitiam
1651 4688 1675 4737 in
1688 4686 1749 4738 bene

968 4807 999 4858 de
1013 4820 1041 4857 se
1058 4806 1174 4864 meritos,
1186 4802 1240 4853 aliis
1253 4800 1431 4851 humanitatem
1447 4800 1473 4846 et
1484 4790 1708 4858 magnanimitatem
1723 4789 1749 4840 in

968 4925 1096 4978 pauperes,
1108 4910 1163 4962 aliis
1173 4907 1365 4959 moderationem
1372 4907 1397 4954 et
1406 4901 1522 4967 populare
1537 4895 1648 4947 studium
1662 4894 1688 4944 in
1698 4895 1748 4946 bu·

967 5014 1085 5077 rniliores,
1095 5013 1210 5064 omnibus
1221 5026 1280 5062 vero
1297 5010 1438 5074 aequitatem
1456 5007 1481 5055 et
1492 5001 1613 5052 iustitiam
1626 4999 1673 5051 riri
1691 5012 1748 5050 am·

967 5116 1129 5184 plectentibus
1140 5119 1165 5165 et
1174 5113 1360 5164 admirantibus.
1393 5107 1501 5158 Dimissa
1515 5109 1598 5156 antem
1611 5106 1745 5162 concione,

967 5211 1126 5278 sequentibus
1139 5208 1227 5260 diebus
1248 5222 1305 5259 curn
1319 5202 1430 5255 iussisset
1449 5202 1474 5252 in
1488 5201 1589 5254 tabulas
1603 5199 1690 5254 reterri
1700 5208 1746 5249 no·

1808 5362 1816 5413 i

1761 5420 1816 5497 nib
