3772 5828
526 330 824 406 ANTIQUlTXTUM
847 327 996 389 ROMAN.
1019 326 1094 388 LlB.
1119 324 1199 389 vill.

63 468 100 535 ῶν
117 478 166 534 εἶσι
180 470 324 552 χρημάτων
344 466 474 548 ἀπαρχαί.
520 467 551 524 El
567 464 595 524 δέ
610 468 635 545 γ’
650 468 664 522 θ
680 464 768 543 πατὴρ
785 489 840 540 μη·
860 466 864 477 ”

63 565 142 634 νυτής
154 584 182 620 τε
194 559 238 619 καί
253 556 398 636 κατήγοροι
418 554 464 612 καὶ
483 553 614 635 κολαστὴς
628 554 709 613 αὐτοῦ
723 553 839 630 ἐγένετο,

63 651 122 711 οὔτε
137 651 167 708 ἂν
182 652 200 718 ἡ
216 646 287 705 οἰκία
309 646 389 703 αὐτοῦ
404 640 559 719 κατεσκάφη
574 639 634 701 οὔτε
651 641 759 713 ἡοθσία
776 641 839 711 lin·

65 739 157 817 μεόθη.
173 734 319 812 Ῥωμαίοις
330 732 381 812 γδιρ
400 729 472 792 oilli
485 728 550 790 ίδιόν
564 732 619 789 ίστι
631 732 721 805 κτῆμα
738 726 840 798 ζώντων

23 877 27 887 .
64 831 104 889 ἔτι
118 833 170 888 τῶν
187 823 324 904 πατέρων,
337 820 405 879 ἀλλά
422 819 467 879 καί
478 818 512 877 τά
525 817 654 901 χρήματα
673 817 719 877 καί
740 814 774 876 τά
791 816 841 878 σώ·

65 943 139 998 ματα
154 919 205 975 τῶν
221 913 322 974 παίδων
334 912 381 972 ότι
397 908 535 987 βούλονται
557 905 700 965 διατιθέναι
715 912 770 973 τοῖς
781 927 842 964 πα-

66 1007 159 1089 τράσιν
175 1003 340 1063 ἀποδέδοται·
366 997 434 1058 ὥστε
446 997 493 1055 οὐκ
508 994 540 1055 δν
556 994 642 1066 δήπου
656 994 703 1066 τὴν
724 999 770 1053 τοῦ
788 1017 841 1053 πα-

66 1099 127 1176 τρὸς
141 1094 232 1155 οὐσίαν
252 1096 296 1150 τοῦ
313 1089 475 1167 μηνύσαντος
496 1083 543 1156 τὴν
568 1085 709 1166 τυραννίδα
729 1082 774 1141 inl
789 1091 842 1149 τοῖς

66 1191 112 1244 τοῦ
128 1183 220 1248 παιδός
237 1180 397 1256 ἀδικήμασιν
422 1180 590 1257 ἀφαιρεῖσθαι
615 1174 661 1233 καί
681 1171 803 1249 δημεύειν
823 1175 840 1243 ἡ

66 1273 142 1341 πόλις
153 1269 237 1346 ἠξίου.
280 1268 332 1328 Διά
344 1266 391 1343 μὲν
411 1265 442 1337 δὴ
457 1265 593 1343 ταῦτατῷ
606 1265 725 1345 προτέρῳ
741 1282 841 1341 συγκα-

67 1361 207 1438 τατίθεμαι
227 1361 280 1417 τῶν
293 1356 379 1436 λόγων
396 1357 512 1431 μᾶλλον·
527 1353 610 1425 ίθηκα
625 1350 653 1410 δέ
668 1350 840 1431 ἀμφοτέρους,

66 1452 109 1509 ἵνα
125 1450 169 1529 ἐξῇ
181 1456 235 1516 τοῖς
253 1442 477 1523 ἀναγνωσομένοις
490 1441 612 1523 θποτίρορ
628 1440 767 1521 βούλονται
781 1440 842 1500 τού-

68 1563 120 1598 των
137 1539 290 1619 προσέχειν.
825 1543 830 1552 ’

107 1629 225 1690 LXXX.
248 1618 487 1698 Ἐπιύαλλομένων
504 1619 533 1681 δέ
546 1642 623 1679 τινων
639 1619 684 1679 καί
702 1617 761 1687 τοὺς
773 1623 843 1678 παῖ-

68 1721 113 1785 δας
138 1716 290 1775 ἀποκτεῖναι
313 1717 357 1770 τοῦ
376 1709 498 1771 Κασσίου
524 1709 606 1769 δεινδν
629 1708 659 1768 τὸ
680 1707 737 1776 ίθος
758 1708 843 1778 ἔδοξεν

68 1798 135 1867 εἶναι
158 1810 191 1885 τῇ
217 1805 298 1883 βουλῇ
322 1799 368 1860 καί
390 1798 553 1879 ἀσύμφορον.
602 1798 658 1858 Καὶ
685 1800 844 1858 συνελθοῦσα

69 1895 217 1978 ἐψηφίσατο
231 1895 351 1973 ἀρεῖσθαι
367 1890 401 1948 τά
417 1888 542 1967 μειράκια
564 1891 610 1961 τῆς
635 1886 843 1966 τιμωρίας,καί

70 1985 115 2046 ἐπὶ
135 1985 208 2063 πάσῃ
230 1981 305 2060 ἀδείορ
328 1983 373 2051 ζῆν
389 1976 456 2056 μήτε
481 1980 550 2058 ρυγῇ
573 1975 641 2054 μήτε
661 1975 754 2058 ἀτιμία
776 1975 844 2055 μήτε

71 2075 139 2152 άλλη
154 2080 275 2154 συμρορᾷ
293 2068 469 2148 ζημιωθέντα.
520 2066 574 2128 Καὶ
591 2064 616 2135 ἐξ
632 2065 730 2127 ἐκείνου
745 2064 775 2126 τδ
788 2066 844 2132 έθος

16 2229 28 2241 ⁶
70 2166 146 2221 τοῦτο
168 2160 310 2238 Ῥωμαίοις
337 2156 477 2237 ἐπιχώριον
500 2154 622 2234 γέγονεν,
647 2155 697 2223 ἕως
721 2160 767 2229 τῆς
785 2153 846 2215 καθ’

71 2255 142 2328 ἡμᾶς
177 2247 380 2331 διατηρούμενον
414 2243 533 2317 ἡλικίας,
561 2244 683 2324 ἀρεῖσθαι
718 2242 846 2326 τιμωρίας

72 2338 176 2410 διπάσης
199 2336 259 2405 τοῦς
274 2338 371 2401 παῖδας
389 2325 426 2393 ιῖιν
442 2333 474 2390 ἂν
495 2332 519 2390 οἱ
537 2331 649 2412 πατέρες
674 2333 846 2404 ἀδικήσωσιν,

72 2430 157 2485 ἐάντε
171 2427 326 2507 προδοτῶν,
341 2423 356 2481 θ
375 2419 498 2500 μέγιστόν
518 2421 574 2478 ίστι
589 2419 654 2501 παρ’
670 2421 776 2487 ἐκείνοις
790 2418 851 2479 ddi·

71 2538 156 2591 κημα.
199 2512 237 2574 Οί
249 2537 277 2572 τε
290 2512 438 2571 καταλῦσαι
452 2509 483 2566 τὸ
498 2507 552 2574 ἔθος
566 2511 644 2567 τοῦτο
659 2506 847 2583 ἐπιόαλόμενοι

72 2604 141 2662 κατὰ
156 2602 216 2669 τοὺς
234 2600 377 2681 ἡμετέρους
391 2598 513 2677 χρόνους,
536 2596 604 2673 μετὰ
626 2595 675 2669 τὴν
698 2598 848 2656 συντέλειαν

71 2698 117 2753 τοῦ
134 2695 276 2770 Μαρσικοῦ
298 2713 328 2748 τε
351 2687 396 2748 καλ
419 2684 545 2767 ἐμφυλίου
568 2685 701 2764 πολέμου,
728 2683 847 2752 καὶτοὺς

72 2783 169 2847 παῖδας
183 2783 235 2838 τῶν
250 2777 476 2857 ἐπικηρυχθέντων
488 2775 531 2834 ἐπὶ
546 2774 638 2834 Σύλλα
649 2773 770 2853 πατέρων
785 2775 849 2855 ἀρε-

71 2869 178 2948 λόμενοι
199 2852 228 2927 τό
243 2867 361 2945 μετιέναι
375 2864 422 2932 τάς
444 2864 569 2944 πατρίους
590 2861 674 2942 ἀρχάς
688 2863 734 2923 καί
753 2866 847 2942 βουλῆς

73 2960 212 3040 μετέχειν,
236 2958 295 3016 καθ’
312 2956 340 3014 θν
360 2954 529 3014 ἐδυνάστευον
550 2953 624 3011 αὐτοὶ
650 2952 758 3032 χρόνον,
783 2954 847 3011 ἀπί-

19 3090 46 3130 3„
72 3050 163 3131 ρθονόν
173 3072 202 3106 τε
213 3046 358 3127 ἀνθρώποις
368 3046 414 3103 καὶ
429 3041 571 3120 νεμεσητὸν
587 3046 653 3108 θεοῖς
667 3043 741 3120 ίργον
754 3039 844 3109 ἔδοξαν

73 3136 270 3207 ἀποδείξασθαι.
287 3134 430 3215 Τοιγάρτοι
448 3132 508 3203 δίκη
520 3129 568 3208 μίν
578 3130 684 3197 ἰκτίνοις
699 3128 747 3188 σῦν
758 3132 846 3212 χρόνῳ

72 3228 185 3305 τιμωρὸς
199 3230 228 3286 οὐ
239 3223 348 3302 μεμπτὴ
363 3221 593 3302 παρηκολούθησε,
606 3220 639 3277 δι’
652 3221 685 3290 ἢν
700 3219 730 3277 ίκ
746 3219 846 3298 μεγίσ-

72 3340 118 3375 του
132 3340 161 3375 τε
178 3313 332 3395 αὐχήματος
349 3313 384 3378 είς
397 3309 585 3371 ταπεινότατον
606 3311 704 3385 πτῶμα
717 3309 847 3388 κατηνέχ-

74 3409 167 3477 θησαν,
181 3404 227 3464 καλ
243 3404 301 3463 οὐδὲ
313 3405 386 3481 γένος
395 3403 424 3460 τὸ
438 3399 465 3470 ἐξ
479 3404 564 3460 αὐτῶν
575 3401 616 3460 δτι
627 3398 665 3476 μὴ
678 3401 844 3480 κατδγυναῖ-

19 3546 46 3584 35
75 3519 122 3560 κας
138 3495 176 3552 ἔτι
193 3495 326 3553 λείπεται·
344 3492 374 3550 τὸ
390 3491 411 3549 δ’
426 3488 482 3557 ίθος
497 3491 534 3559 είς
551 3489 595 3549 τδν
611 3490 638 3558 ἐξ
649 3493 734 3570 ἀρχῆς
748 3491 846 3566 κόσμον

75 3588 90 3642 ό
102 3585 209 3649 τούτους
220 3581 337 3640 καθελὼν
347 3581 413 3657 ἀνὴρ
427 3579 649 3649 ἀποκατέστησεν.
696 3580 765 3658 [Ιαρ’
778 3577 848 3639 Ἓλ-

76 3674 138 3742 λησι
153 3669 179 3730 δὲ
196 3671 246 3750 οθχ
260 3669 340 3736 οὕτως
355 3669 430 3733 ἐνίοις
443 3670 457 3724 δ
472 3667 550 3743 νόμος
570 3667 643 3747 ἔχει,
658 3666 727 3727 ἀλλά
743 3668 801 3736 τοὺς
819 3670 849 3729 ίκ

76 3759 208 3840 τυράννοιν
228 3757 380 3838 γενομένους
400 3758 425 3816 οί
449 3754 496 3831 μὲν
520 3757 772 3816 συναποκτίννυσθαι
798 3761 851 3826 τοῖς

75 3847 194 3928 πατράσι
209 3848 371 3920 δικαιοῦσιν,
385 3847 408 3904 οί
422 3843 450 3904 δέ
465 3845 588 3925 ἀειρυγίρ
609 3845 779 3917 κολάζουσιν,
796 3843 852 3906 ῶσ-

21 3985 49 4026 ⁴0
75 3961 125 4019 περ
137 3939 183 3997 ούκ
198 3933 371 4016 ἐνδεχομένης
385 3939 432 4007 τῆς
446 3933 551 4014 φύσεως
566 3932 697 4013 χρηστοὺς
710 3936 806 4003 παῖδας
821 3939 851 3995 ἐκ

75 4031 197 4108 πονηρῶν
205 4026 326 4108 πατέρων
338 4023 356 4095 ἢ
369 4022 464 4093 κακούς
475 4021 499 4092 ἐξ
513 4025 618 4099 ἀγαθῶν
627 4023 757 4102 γενέσθαι.
772 4024 852 4085 Ἀλλά

76 4114 143 4197 ὑπὲρ
157 4115 203 4194 μὲν
218 4113 333 4187 τούτων,
352 4111 431 4172 είτεό
451 4114 515 4192 παρ’
528 4109 660 4185 Ἕλλησιν
680 4113 794 4188 ἀμείνων
810 4113 853 4175 νύ·

76 4230 141 4281 μσς,
169 4206 220 4265 εἴτε
241 4205 271 4262 τδ
291 4202 433 4279 Ῥωμαίων
456 4202 512 4269 ίθος
536 4204 669 4281 κρεῖττον,
695 4202 790 4284 ἀρίημι
814 4207 851 4286 τῷ

77 4295 227 4374 βουλομένῳ
242 4301 366 4353 σκοπεῖν·
386 4290 508 4368 ἐπάνειμι
524 4290 547 4349 δ’
564 4290 608 4350 ἐπὶ
622 4289 655 4349 τά
670 4288 737 4362 ἑξῆς.

116 4386 249 4447 Lxxxl.
273 4383 351 4443 Μετὰ
362 4379 413 4461 γάρ
427 4381 472 4441 τόν
486 4385 533 4440 τοῦ
552 4378 671 4441 Κασσίου
690 4379 801 4441 θάνατον
827 4384 851 4443 οί

77 4475 123 4547 μέν
139 4473 291 4541 αὐξάνοντες
306 4470 354 4543 τὴν
369 4470 573 4552 ἀριστοκρατίαν
592 4468 746 4550 θρασύτεροί
763 4493 792 4530 τε
805 4472 851 4530 καὶ

78 4561 314 4640 ὑπεροπτικώτεροι
336 4563 388 4620 τῶν
415 4562 564 4637 δημοτικῶν
587 4557 756 4637 ἐγεγόνεσαν·
774 4562 798 4619 οί
824 4560 851 4619 δέ

78 4651 104 4706 ἐν
119 4650 211 4726 ἀφανεῖ
225 4674 252 4709 τε
266 4650 327 4730 δόξῃ
347 4649 486 4732 φερόμενοι
501 4650 546 4708 καὶ
564 4646 614 4726 βίῳ
628 4649 664 4714 είς
678 4646 790 4705 ταπεινά
807 4669 853 4708 συ·

77 4736 257 4803 νεστάλησαν.
277 4742 376 4806 καλῶς
398 4740 505 4820 άριστον
530 4734 726 4802 ἀπολωλεκότες
747 4735 853 4817 ερύλακα

28 4844 56 4880 ⁶⁰
78 4829 124 4897 τῆς
139 4825 281 4897 δημοτικῆς
300 4829 403 4907 μερίδος
417 4826 518 4898 πολλὴν
535 4825 624 4885 άνοιαν
640 4826 740 4883 ἑαυτῶν
760 4823 805 4884 ἐπί
819 4851 853 4907 τη

78 4910 209 4992 καταδίκῃ
220 4914 443 4991 κατεγίγνωσκον.
458 4916 563 4976 Τούτου
573 4913 600 4972 δέ
612 4911 694 4972 αίτιον
707 4906 750 4986 ἦν,
765 4912 805 4973 ότι
820 4915 854 4974 τδ

81 5002 191 5071 δόξαντα
204 5006 234 5081 τῇ
253 5004 334 5083 βουλῇ
350 5004 471 5083 περὶτῆς
488 5001 649 5083 κληρουχίας
661 5003 708 5059 ούκ
723 5001 854 5082 ἔπραττον

79 5094 103 5149 οί
117 5091 228 5170 ύπατοι,
241 5090 297 5150 δέον
312 5091 404 5157 αύτούς
420 5091 516 5171 ἀνδρας
531 5114 559 5149 τε
575 5089 708 5156 ἀποδεῖξαι
721 5088 785 5150 δέκα
797 5089 855 5158 τοὺς

79 5183 214 5261 ὁριοῦντας
230 5179 276 5253 τὴν
292 5183 342 5259 γῆν
364 5179 408 5238 καὶ
427 5180 620 5258 είσηγήσασθαι
642 5178 728 5253 πόσην
740 5201 768 5237 τι
780 5179 860 5250 αὐτῆς

1614 329 1675 391 509

895 469 917 518 sl
935 470 1004 532 pater
1015 466 1070 516 eius
1087 465 1161 516 index
1173 465 1247 516 simul
1260 469 1285 515 el
1304 468 1435 514 accusator
1456 469 1481 514 et
1496 467 1598 528 punitor
1612 468 1674 519 luis-

896 569 947 623 set,
966 578 1011 615 uec
1026 564 1080 615 eius
1092 563 1183 613 domus
1195 562 1282 613 luisset
1295 561 1394 624 diruta,
1408 575 1453 611 nec
1462 563 1526 612 bona
1540 564 1673 627 publicata.

896 665 968 729 Apud
991 667 1114 715 Romanos
1131 661 1198 713 euim
1224 661 1268 711 lilii
1296 660 1407 724 patribus
1434 658 1517 710 adhuc
1536 661 1677 712 virentibus

896 761 958 811 uilril
970 761 1096 827 proprium
1106 757 1245 825 possident,
1261 757 1305 808 sed
1319 761 1345 808 et
1357 757 1416 821 ipsis
1427 757 1537 821 pecuniis
1548 759 1573 807 ct
1585 771 1674 822 corpo-

898 856 966 907 ribus
983 856 1092 906 lrliorum
1104 853 1220 919 patribus
1230 853 1351 904 arbitratu
1364 866 1410 902 suo
1426 853 1463 904 uti
1479 854 1626 917 permissum
1639 858 1678 904 est

897 956 979 1013 Quare
999 953 1104 1018 populus
1131 956 1256 1003 Romanus
1277 950 1309 1000 ob
1338 951 1383 1000 lilii
1409 950 1501 1002 delicta
1530 952 1611 1016 patri,
1633 953 1677 1016 qui

897 1052 1034 1115 tyrannidis
1043 1051 1075 1101 ab
1086 1064 1116 1101 eo
1139 1051 1262 1100 allectatae
1281 1048 1371 1099 indicia
1383 1047 1529 1113 detulisset,
1547 1049 1612 1100 bona
1631 1062 1678 1099 au·

898 1146 963 1199 ferre
981 1161 1059 1213 eaque
1079 1147 1204 1212 publicare
1219 1146 1349 1197 noluisset.
1364 1148 1499 1210 Propterea
1519 1147 1596 1212 igitur
1607 1148 1677 1212 prio-

898 1259 950 1296 rem
970 1247 1108 1312 opinionem
1131 1245 1201 1311 sequl
1225 1245 1300 1295 malo.
1321 1248 1458 1311 Utramque
1483 1249 1565 1296 tamen
1585 1246 1678 1297 afferre

897 1343 980 1404 volui,
1003 1347 1034 1396 ut
1047 1343 1197 1405 lectoribus,
1218 1343 1270 1393 utri
1284 1355 1370 1392 carum
1389 1341 1477 1404 velint,
1493 1336 1567 1393 ladem
1585 1341 1678 1394 bahem

898 1437 979 1490 licoat.

930 1631 1023 1680 LXXX.
1034 1632 1117 1688 Quum
1126 1635 1211 1682 autem
1219 1632 1329 1683 nonnulli
1338 1631 1404 1698 lpsos
1415 1634 1492 1684 etiam
1500 1633 1580 1685 cassii
1589 1632 1680 1684 liberos
1730 1602 1735 1621 Ι

900 1716 1038 1768 interlicere
1055 1723 1212 1783 conarentur,
1226 1721 1355 1771 hocatrox
1372 1728 1399 1774 et
1414 1722 1579 1786 perniciosum
1596 1736 1680 1773 exem·
1774 1758 1786 1767 ,

899 1806 966 1870 plum
976 1806 1089 1871 patribus
1098 1811 1137 1857 est
1150 1809 1437 1873 risum.1taque,quum
1452 1811 1476 1859 io
1485 1812 1578 1861 curiam
1591 1824 1681 1860 courc-

901 1895 1005 1956 nisseul,
1018 1895 1110 1946 lactum
1121 1900 1160 1946 est
1171 1899 1681 1964 senatusconsultum,quoadolescentulis

901 1998 973 2049 poeoa
996 1985 1099 2035 remissa
1117 1989 1169 2046 est,
1186 1986 1299 2050 illisque,
1323 2001 1368 2037 nec
1387 1987 1475 2038 exsilio
1493 1988 1621 2038 mulctatis
1636 2002 1681 2039 nec

902 2073 1035 2139 ignominia
1047 2072 1145 2125 allectis
1160 2088 1205 2124 nec
1215 2075 1263 2124 alia
1277 2076 1419 2125 calamitate
1428 2080 1544 2139 accepta,
1558 2075 1681 2126 tutissime

902 2163 987 2215 virere
995 2176 1147 2214 conoessum.
1170 2167 1201 2213 Et
1209 2164 1241 2214 ab
1251 2178 1281 2213 eo
1290 2167 1401 2229 tempore
1412 2178 1493 2229 usque
1505 2163 1610 2215 adhunc
1623 2180 1680 2215 nos·

903 2255 968 2301 tram
979 2256 1079 2302 aetatem
1094 2252 1135 2302 liic
1156 2267 1211 2302 mos
1221 2254 1305 2302 Rornae
1316 2256 1438 2318 perpetuo
1450 2257 1565 2304 serratus
1584 2258 1637 2316 cst,
1653 2252 1682 2306 iat

902 2340 969 2391 nulla
980 2343 1109 2405 parentum
1118 2339 1210 2390 delicta
1217 2340 1287 2391 liberi
1296 2355 1341 2391 suo
1350 2341 1472 2406 supplicio
1481 2342 1561 2399 luant,
1571 2343 1623 2392 sire
1632 2341 1681 2392 sint

903 2434 1064 2496 tyrannorum
1078 2431 1135 2491 filit,
1154 2432 1207 2482 sive
1222 2432 1416 2497 parricidamm,
1429 2433 1482 2484 sire
1501 2435 1576 2484 ctiam
1594 2433 1680 2497 prodi·

903 2523 996 2574 torum.
1018 2519 1085 2583 quod
1096 2519 1161 2584 apud
1172 2520 1226 2570 illus
1237 2521 1330 2570 crimen
1344 2523 1383 2572 est
1394 2521 1576 2585 gravissimum.
1598 2525 1628 2571 Et
1639 2522 1682 2584 qui

904 2609 969 2659 lrunc
984 2621 1078 2658 morem
1092 2608 1181 2659 nostris
1193 2609 1347 2674 temporibus
1361 2610 1489 2674 antiquare
1503 2609 1612 2675 aggressi
1625 2613 1683 2658 sunt

903 2699 969 2750 circa
988 2699 1062 2748 finem
1078 2698 1174 2748 Marsici
1195 2702 1219 2748 et
1237 2699 1318 2749 civilis
1329 2700 1403 2761 belli,
1418 2701 1510 2765 quique
1531 2701 1621 2751 llberos
1639 2714 1683 2766 pa·

904 2790 969 2838 trum
982 2787 1055 2850 Syllae
1069 2791 1178 2850 tempore
1187 2789 1381 2852 proscriptorum
1396 2789 1531 2853 apaterrrls
1546 2790 1682 2842 honoribus

903 2880 977 2939 atque
986 2879 1071 2926 senatu
1087 2876 1205 2940 quamdiu
1219 2877 1265 2941 ipsi
1279 2891 1362 2928 rerum
1374 2878 1534 2943 potiebantur
1547 2881 1683 2944 prohibue-

903 2967 970 3025 runt,
984 2963 1079 3015 lacinus
1098 2969 1124 3015 et
1142 2965 1271 3015 hominum
1292 2965 1386 3017 invidia
1403 2970 1429 3016 et
1447 2967 1549 3017 deorum
1573 2968 1682 3033 indigua·

904 3054 970 3105 tione
982 3053 1084 3120 dignum
1098 3058 1196 3120 patrare
1214 3056 1261 3106 visi
1284 3061 1351 3106 suut.
1384 3059 1540 3122 Quapropter
1564 3060 1684 3123 temporis

903 3153 1031 3204 progresso
1043 3154 1116 3205 prena
1126 3140 1253 3192 scelerum
1268 3140 1360 3191 vindex
1382 3155 1432 3191 non
1447 3143 1625 3193 contemnenda
1641 3158 1684 3195 eos

882 3250 885 3256 ·
904 3231 1051 3290 ostsecuta,
1064 3243 1113 3291 qua
1133 3226 1225 3277 lactum
1244 3231 1291 3287 est,
1307 3231 1335 3278 ut
1353 3242 1384 3278 ex
1400 3228 1521 3278 altissimo
1536 3229 1619 3292 gloria
1632 3228 1684 3280 las·

904 3316 965 3380 ligio
976 3317 1000 3366 in
1010 3317 1120 3366 inlnnam
1133 3317 1238 3366 fortuna
1247 3316 1351 3367 abiectae
1360 3317 1525 3366 conditionem
1535 3317 1681 3379 deciderint,

904 3407 930 3456 et
942 3418 972 3454 ue
981 3418 1068 3454 eorum
1078 3405 1179 3466 quidem
1198 3418 1289 3468 genus,
1302 3405 1350 3454 uisi
1364 3419 1409 3468 per
1424 3405 1525 3456 seminas
1537 3406 1683 3469 deductum,

905 3493 1011 3557 amplius
1033 3493 1066 3542 sit
1085 3492 1215 3555 reliquum.
1252 3492 1296 3543 illc
1318 3495 1419 3554 autern,
1443 3493 1486 3557 qul
1507 3494 1551 3544 hos
1572 3496 1683 3555 sustulit,

906 3581 971 3632 hunc
987 3594 1078 3630 morem
1100 3580 1276 3645 adpristinum
1298 3595 1369 3631 usurn
1395 3582 1532 3632 revocavit.
1568 3583 1684 3635 Celerum

905 3669 969 3734 apud
992 3668 1122 3719 nonnullos
1135 3670 1235 3720 Graecos
1257 3669 1305 3720 hoc
1319 3669 1387 3719 haud
1400 3670 1436 3719 ita
1453 3671 1565 3721 moribus
1583 3677 1622 3723 est
1643 3688 1684 3725 re-

906 3762 1021 3824 ceptum;
1036 3756 1080 3807 scd
1092 3757 1133 3807 alii
1148 3755 1250 3820 quidem
1264 3761 1292 3808 ut
1305 3757 1372 3807 lineri
1384 3761 1546 3820 tyrannorum
1563 3775 1612 3810 una
1629 3775 1686 3813 curn

906 3847 967 3912 ipsis
990 3845 1104 3911 patribus
1127 3849 1246 3896 necentur
1258 3859 1358 3910 coquum
1376 3850 1495 3908 censent;
1512 3848 1554 3897 alii
1573 3862 1632 3901 vero
1645 3864 1688 3902 eos

906 3938 1027 4000 perpetuo
1047 3934 1136 3985 exsilio
1148 3932 1270 3984 mulctant
1286 3949 1292 3982 ι
1311 3934 1382 3997 quasi
1402 3938 1492 3985 natura
1503 3950 1552 3986 non
1570 3938 1645 4000 terat,
1660 3943 1689 3989 ut

908 4025 964 4076 boni
978 4024 1023 4075 srlil
1037 4038 1068 4075 ex
1089 4024 1162 4075 malis
1175 4022 1301 4088 patribus,
1314 4025 1358 4072 aut
1382 4023 1440 4072 mali
1453 4037 1484 4073 ex
1500 4024 1571 4076 bonis
1583 4040 1685 4077 nascau-

908 4119 957 4166 tur.
989 4113 1040 4166 Sed
1051 4117 1135 4164 utrum
1157 4114 1300 4163 Graecorum
1320 4124 1375 4161 mos
1395 4111 1429 4161 sil
1446 4112 1541 4174 melior,
1554 4127 1586 4164 aa
1597 4117 1688 4165 Roma-

906 4216 995 4254 norum
1013 4201 1168 4253 consuetudo
1181 4202 1215 4250 sit
1227 4200 1393 4265 prestantior,
1407 4199 1461 4250 haec
1479 4201 1559 4252 cuivis
1574 4203 1688 4269 relinquo

907 4304 1067 4370 dispicienda.
1101 4303 1184 4354 Redeo
1196 4306 1280 4354 autem
1294 4301 1326 4353 ad
1343 4301 1454 4353 historiae
1468 4303 1568 4355 seriem.

938 4395 1046 4444 LXXXI.
1066 4393 1124 4442 Post
1136 4391 1207 4442 cassi
1221 4395 1327 4441 mortem
1337 4390 1485 4455 optimatum
1497 4391 1613 4456 potentia
1626 4406 1687 4443 auc·

908 4486 975 4533 tores
994 4481 1140 4531 audaciores
1159 4480 1217 4531 lacti
1237 4482 1308 4541 sunt,
1325 4483 1350 4530 et
1363 4479 1472 4544 plebeios
1496 4480 1623 4543 despicere
1636 4495 1687 4531 ιω·

908 4574 996 4636 peruut
1016 4569 1142 4621 :obscuri
1166 4583 1224 4619 vero
1249 4569 1355 4618 nominis
1381 4572 1407 4618 el
1428 4568 1519 4619 inlrmae
1543 4569 1689 4621 conditionis

908 4660 1020 4712 hominos
1033 4661 1129 4711 animos
1141 4659 1295 4709 demiserunt
1310 4663 1351 4717 ct,
1363 4663 1390 4708 ut
1402 4660 1496 4724 optimo
1507 4659 1585 4724 plebis
1597 4673 1687 4724 propu-

908 4748 1009 4812 gnatore
1021 4747 1127 4809 emisso,
1138 4760 1233 4810 magnro
1245 4746 1376 4799 cernentia
1392 4749 1491 4812 signum
1506 4748 1687 4798 damnationem

909 4835 984 4885 luisse
1005 4835 1156 4885 iudicabant.
1192 4835 1269 4885 Cuius
1289 4837 1324 4886 rei
1347 4836 1403 4886 haec
1421 4841 1475 4888 erat
1497 4849 1598 4893 caussa,
1620 4834 1687 4896 quod

909 4921 1024 4974 consules
1038 4925 1282 4975 senatusconsultum
1297 4925 1329 4975 dc
1346 4937 1405 4989 agro
1416 4923 1548 4975 dividendo
1559 4937 1606 4971 non
1619 4936 1687 4973 erse·

909 5010 1058 5075 quatiantur,
1076 5025 1153 5074 quum
1168 5015 1248 5062 tamen
1263 5012 1382 5063 deberent
1403 5009 1556 5061 decemviros
1578 5010 1642 5072 agris
1660 5011 1687 5059 θ-

910 5098 1005 5150 niendis
1019 5113 1103 5151 creare
1113 5104 1139 5149 et
1155 5101 1186 5150 ad
1210 5105 1322 5151 senatum
1337 5099 1448 5158 reterre,
1464 5100 1583 5162 quantum
1596 5098 1647 5162 agri
1662 5103 1687 5148 et

910 5189 1000 5253 quinus
1012 5191 1078 5255 esset
1089 5188 1263 5242 dividendum.
1300 5190 1401 5254 lamque
1414 5186 1486 5237 multi
1501 5189 1580 5239 cretus
1595 5187 1686 5237 fiebant
