3772 5828
570 397 863 471 ANTIQUl'l'dTUM
884 396 1031 459 ROMAN.
1057 398 1132 458 LlB.
1156 398 1207 459 IX„

79 529 246 613 Φλαύοληίῳ
264 533 303 611 τῷ
318 531 428 607 ήγεμόνι
444 533 489 586 τοῦ
504 529 638 606 τάγματος
669 534 714 587 τοῦ
735 552 763 586 τε
779 527 857 607 όρκου

79 620 156 700 χάριν
171 620 217 677 καὶ
235 622 281 689 τῆς
292 618 367 696 παρδι
378 616 413 675 τά
430 615 502 674 διινδι
518 616 618 697 ῥώμης.
662 615 855 697 Διαπραξάμε-

79 732 116 767 ror
135 707 162 765 δέ
188 714 273 765 ταῦτα
294 706 340 764 καὶ
365 703 500 782 μείναντες
517 702 618 783 ἡμέρας
642 705 732 783 ὀλίγας
752 704 795 763 ἐπὶ
812 708 859 762 τοῦ

78 798 216 875 χάρακος,
232 799 267 862 ὡς
277 793 360 860 οὐδεὶς
375 791 531 872 ἀντεπεξῄει
547 795 599 849 τῶν
614 791 749 871 πολεμίων
765 815 856 872 μαχη-

42 910 55 945 ο
81 885 207 960 σόμενος,
224 884 344 962 ἀπήισαν
359 883 400 940 ἐπ’
414 879 497 941 οἴκου.
542 879 655 941 Πάντων
673 880 701 941 δέ
722 883 774 939 τῶν
788 882 859 941 κατά

80 973 128 1042 τήν
148 976 243 1047 πόλιν,
266 976 300 1038 ὡς
314 971 356 1029 ἀτί
378 969 497 1050 μεγίστῳ
519 971 600 1048 ἀγῶνι
623 968 766 1030 κάλλιστον
785 969 859 1036 τέλος

82 1061 213 1140 εἶληρότι,
233 1060 280 1130 τήν
300 1056 425 1116 ἐπινίκιον
440 1056 521 1133 τιμήν
540 1062 586 1115 τοῦ
601 1055 731 1137 θριάμάου
747 1060 785 1138 τῷ
807 1080 860 1117 πε-

83 1148 163 1226 ριόντι
180 1148 271 1227 ὑπάτῳ
289 1146 442 1226 προσθεῖναι
458 1145 645 1224 βουλομένων,
661 1144 800 1225 ἠρνήσατο
811 1149 859 1220 τήν

83 1236 162 1314 χάριν
178 1237 290 1293 αὐτῶνθ
304 1234 402 1300 θπατος
414 1280 423 1309 ,
437 1232 498 1293 ούτε
516 1232 586 1292 ὅσιον
602 1223 668 1292 εἶναι
682 1234 786 1314 λέγων,
802 1237 861 1297 οὔτε

34 1354 56 1390 ,η
82 1329 201 1399 θεμιτόν,
219 1325 260 1381 ἐπ’
276 1324 396 1401 abelque
410 1322 515 1401 θανάτῳ
530 1322 576 1380 καί
590 1323 764 1403 συνάρχοντος
790 1326 861 1384 ἀπο-

83 1412 147 1490 ύολῆ
172 1410 317 1489 πομπεύειν
346 1410 392 1471 καί
420 1411 636 1492 στεφανηφορεῖν.
692 1411 807 1481 Ἀποθεὶς
833 1412 860 1472 δέ

81 1501 128 1568 τάς
148 1503 264 1575 σημαίας
280 1498 326 1558 καὶ
342 1498 402 1565 τοὺς
416 1499 579 1579 στρατιώτας
601 1499 736 1569 ἀπολύσας
760 1502 805 1562 tat
828 1501 862 1560 τθ

64 1595 181 1665 ὀίκεῑα,
196 1591 245 1661 τήν
260 1589 388 1648 ὑπατείαν
410 1589 588 1666 ἀπωμόσατο,
614 1590 682 1650 δυεῖν
708 1587 749 1649 ἔτι
771 1593 861 1671 μηνῶν

83 1681 117 1747 εἷς
133 1681 175 1738 τὸν
192 1678 324 1738 ἐνιαύσιον
339 1677 432 1758 χρόνον
447 1678 624 1757 λειπομένων,
642 1679 862 1745 dictatoribus&

33 1789 56 1828 ιτ
82 1773 128 1839 τῆς
143 1772 229 1848 ἀρχῆς
243 1771 282 1826 ἔτι
295 1769 436 1845 πράττειν·
452 1767 627 1847 ἐταλαιπώρει
648 1767 700 1848 γάρ
716 1767 767 1827 θπδ
780 1768 861 1857 τραύ-

84 1880 166 1932 ματος
179 1857 292 1925 ἐξαισίου
307 1855 353 1915 καὶ
366 1846 398 1927 ῆν
414 1855 578 1928 κλινοπετής.

123 1946 203 2006 xlv.
227 1943 374 2021 Ἑλυμίνης
388 1942 416 2001 δὲ
429 1946 476 2015 τῆς
491 1946 587 2021 βουλῆς
606 1943 792 2018 μεσούασιλεῐς
806 1947 859 2005 τῶν

85 2031 259 2112 ἀρχαιρεσίων
274 2033 365 2104 ἕνεκα,
380 2036 426 2090 τοῦ
442 2033 562 2111 δευτέρου
579 2031 776 2109 μεσούασιλέως
792 2055 858 2113 συγ·

83 2124 242 2189 καλέσαντος
263 2124 299 2189 εἷς
312 2121 342 2180 τὸ
358 2119 447 2180 πεδίον
462 2119 521 2187 τοθς
541 2121 651 2200 λόχους,
675 2123 860 2187 ἀποδείκνυται

31 2229 58 2267 20
85 2211 191 2270 Καίσων
206 2209 309 2277 dedeo<
335 2211 499 2289 θτάριστεῒα
526 2209 617 2269 λαθὼν
641 2215 671 2271 ἐκ
689 2217 736 2284 τῆς
759 2213 860 2294 μάχης,

84 2300 195 2377 ἀδελφὸς
218 2297 245 2358 δὲ
272 2304 318 2358 τοῦ
344 2301 391 2370 τήν
414 2298 498 2379 ἀρχὴν
524 2298 704 2374 ἀποθεμένου,
722 2301 751 2361 τὸ
774 2303 861 2382 τρίτον

84 2387 201 2462 ὕπατος,
217 2386 262 2445 καλ
277 2385 324 2446 σθν
341 2387 413 2465 αὐτῷ
426 2386 506 2452 'litor
520 2385 680 2464 Οὐεργίνιος.
702 2378 784 2447 Οθτοι
799 2389 860 2445 δια-

83 2475 207 2553 λαχόντες
234 2473 281 2539 τδις
298 2473 423 2550 δυνάμεις
455 2471 563 2551 ἐξῄεσαν
587 2475 622 2540 εἰς
645 2472 693 2546 τήν
715 2472 859 2554 ὕπαιθρον,

85 2561 190 2628 Φάύιος
206 2560 252 2637 μὲν
270 2562 395 2627 Αἰκανοῖς
416 2560 576 2638 πολεμήσων
598 2562 789 2642 προνομεύουσι
803 2560 861 2631 τοὺς

30 2682 57 2718 25
85 2653 207 2710 Λατίνων
227 2652 336 2728 ἀγρούς,
351 2649 504 2728 Οὐεργίνιος
516 2650 543 2708 δὲ
559 2649 737 2716 Οὐιεντανοῖς.
752 2651 860 2711 Αἰκανοὶ

86 2742 134 2818 μὲν
155 2730 216 2814 σύν,
237 2738 328 2809 ἐπειδὴ
344 2737 455 2818 στρατὸν
477 2737 644 2815 ἐλευσόμενον
665 2739 706 2798 ἐπ’
723 2738 815 2806 αὐτούς
829 2739 859 2799 ἔ·

84 2853 199 2908 γνωσαν,
211 2827 371 2894 ἀναστάντες
381 2828 411 2885 ἐκ
417 2830 465 2899 τῆς
475 2827 604 2905 πολεμίας
617 2826 660 2885 tit
669 2827 766 2906 τάχους
776 2829 862 2898 ἀπῆλ-

84 2928 128 2978 θον
150 2921 186 2983 είς
200 2916 247 2983 τάς
264 2919 363 2976 έαυτῶν
382 2914 489 2982 πόλεις·
507 2916 552 2974 καὶ
573 2915 641 2992 μετὰ
659 2920 743 2974 ταῦτα
759 2917 859 2988 λεηλα-

84 3013 211 3091 τουμένης
225 3015 272 3082 τῆς
286 3010 414 3091 σφετέρας
434 3015 483 3089 γῆς
505 3011 657 3092 ἀνείχοντο,
671 3011 740 3069 ὥστε
757 3012 861 3070 πολλῶν

32 3130 59 3169 ao
85 3113 189 3183 κρατεῖν
205 3100 264 3168 τοὺς
281 3099 432 3177 Ῥωμαίους
446 3103 483 3167 εἰς
504 3099 619 3180 χωρίον,
642 3099 702 3158 ἔνθα
722 3099 794 3160 οὐδέν
809 3105 861 3160 τῶν

85 3192 239 3263 ἐπιτηδείων
254 3189 364 3267 ἔμελλον
377 3187 461 3262 ἴξειν,
477 3189 523 3248 καὶ
537 3189 801 3268 προσαναγκάσοντες
814 3194 861 3251 οὐκ

85 3285 121 3348 εἷς
136 3280 239 3358 μακράν
256 3279 420 3359 παραδοῦναί
443 3301 516 3359 σρισι
533 3278 568 3337 τδι
580 3276 661 3339 ίίπλα.
707 3279 811 3339 Γίνεταί
832 3302 861 3338 τε

86 3369 172 3426 αὐτῶν
192 3372 288 3446 συχνοῦ
301 3369 419 3433 ἐλθόντος
435 3365 516 3445 ὄχλου
536 3367 582 3425 δύο
595 3365 780 3449 στρατεύματα
800 3366 861 3447 περὶ

85 3460 131 3523 τδις
155 3458 302 3535 ἐπιμάχους
320 3454 434 3533 λαγόνας
456 3459 500 3512 τοῦ
518 3454 549 3514 ld
569 3477 613 3530 ου,
635 3455 721 3514 πολλὰ
744 3455 767 3512 δ’
793 3455 861 3514 ἀλλα

32 3577 59 3616 32,
87 3543 196 3627 φρούρια
214 3543 364 3622 βραχύτερα
380 3542 449 3600 κατά
469 3549 528 3610 τοὺς
550 3477 631 3616 ῆττον
653 3544 802 3622 ἐπικαίρους
817 3543 861 3604 τό·

87 3657 165 3697 πους·
181 3635 225 3689 καὶ
239 3631 325 3690 πάντα
339 3622 371 3703 ῆν
385 3627 470 3706 μεστά
483 3628 581 3689 ὅπλων.
624 3630 658 3692 Ὁ
671 3631 698 3690 δὲ
711 3631 796 3711 ἕτερος
810 3635 862 3689 τῶν

87 3720 193 3780 ύπάτων
213 3717 319 3786 Φάύιος
341 3718 508 3798 γραμμάτων
522 3719 596 3801 παρὰ
616 3727 660 3781 τοῦ
688 3723 862 3801 συνάρχοντος

87 3806 250 3890 ἀρικομένων
268 3806 405 3886 ἐπιγνούς,
419 3806 459 3866 δτι
480 3807 507 3866 έν
522 3807 643 3887 ἐσχάτοις
658 3809 723 3869 εἰσὶν
741 3813 764 3869 οἱ
779 3834 862 3869 κατα-

86 3897 249 3963 κλεισθέντες
267 3897 293 3953 έν
308 3899 347 3973 τῷ
369 3892 459 3982 λάρῳ,
482 3895 528 3953 καί
542 3899 771 3975 κινδυνεύσουσιν,
786 3903 808 3958 εἶ
824 3900 861 3977 μή

34 4013 62 4053 ιο
86 4012 126 4053 τις
150 3989 236 4052 αὐτοῖς
259 3984 404 4063 βοηθήσει,
427 3986 500 4064 λιμῷ
522 3983 630 4061 ἁλῶναι,
653 3989 803 4063 ἀναστήσας
816 3989 861 4048 τδν

85 4076 196 4155 στρατὸν
221 4067 283 4151 ήγεν
299 4074 342 4132 ἐπὶ
366 4072 426 4138 τοὺς
450 4068 622 4137 Οὐιεντανούς
646 4071 691 4125 σὺν
712 4067 802 4146 τάχει·
819 4065 863 4123 καί

84 4166 108 4222 εἷ
133 4172 182 4243 μιᾷ
207 4159 363 4242 βραδύτερον
387 4159 474 4239 ἡμέρα
498 4158 603 4228 διήνυσε
631 4160 677 4227 τὴν
698 4155 770 4227 ύδδν,
792 4153 866 4213 ούδὲν

86 4253 117 4313 δν
134 4253 250 4326 ὤνησεν,
275 4253 344 4311 ἀλλά
372 4252 564 4333 διεφθαρμένην
586 4253 635 4326 τὴν
661 4256 717 4312 ἐκεῖ
736 4252 862 4333 στρατιδιν

86 4342 228 4405 κατέλαύε.
260 4341 415 4418 Πιεζόμενοι
429 4341 481 4423 γάρ
495 4343 636 4422 τῆσπάνει
646 4346 698 4402 τῶν
713 4344 863 4421 ἀναγκαίων

33 4462 60 4500 ςς,
87 4435 110 4491 ol
120 4434 273 4512 κατέχοντες
286 4432 331 4490 τὸν
345 4430 424 4512 λάρον
436 4475 444 4502 ,
457 4431 564 4502 ἐξῆλθον
574 4435 610 4499 ὡς
621 4429 664 4490 τδν
679 4430 862 4510 εὐπρεπέστα-

86 4545 130 4579 τον
151 4524 319 4599 αἱρησόμενοι
333 4523 386 4580 τῶν
411 4520 544 4580 θανάτων·
558 4519 605 4579 καί
618 4517 797 4596 συμύαλύντες
810 4527 863 4587 τοῖς

86 4610 221 4682 πολεμίοις
232 4610 362 4688 ἐμάχοντο
374 4608 537 4687 κεκμηκότες
551 4611 575 4668 οἱ
587 4607 693 4675 πλείους
703 4605 737 4665 τά
749 4605 863 4683 σώματα

86 4699 157 4774 λιμῷ
169 4697 252 4754 τεκαὶ
264 4698 334 4778 δίψει
344 4699 391 4757 καί
406 4700 537 4778 ἀγρυπνία
548 4699 594 4758 καί
605 4722 636 4778 τη
652 4696 720 4777 άλλη
733 4696 859 4759 κακώσει.

86 4783 155 4849 Μετ’
169 4785 197 4840 ού
213 4783 278 4842 πολύ
292 4785 581 4854 blandablanda
594 4785 746 4866 στράτευμα
756 4787 863 4867 προσιδν

30 4899 60 4938 ςο
85 4869 160 4950 ὤρθη
173 4866 241 4927 πολύ
255 4893 284 4929 τε
299 4873 345 4932 καί
365 4876 593 4952 συντεταγμένον,
616 4875 710 4956 θάρσος
726 4875 773 4953 μέν
788 4874 863 4958 έρερε

85 4961 140 5028 τοῖς
151 4957 295 5039 σφετέροις,
307 4958 363 5026 δέος
372 4962 400 5021 δὲ
410 4972 465 5029 τοῖς
471 4963 617 5039 πολεμίοις.
631 4961 683 5023 Καὶ
691 4962 715 5019 ot
728 4960 863 5043 Τυρρηνοί

86 5047 173 5108 ούκέτι
189 5045 330 5126 ἀξιόμαχοι
354 5037 421 5107 εἶναι
443 5051 598 5126 νομίσαντες
622 5050 687 5130 πρδς
709 5049 812 5125 ἀγαθήν
833 5071 863 5107 τι

86 5138 132 5197 καί
143 5141 252 5212 ἀκμῆτα
266 5135 377 5213 δύναμιν
395 5141 431 5204 είς
445 5139 534 5216 ἀγῶνα
544 5147 657 5219 χωρεῖν,
674 5136 776 5220 ᾤχοντο
792 5138 864 5197 ἐκλι-

87 5225 180 5296 πόντες
192 5225 251 5295 τοθς
262 5225 395 5309 χάρακας.
439 5222 490 5295 Ὦς
503 5225 526 5285 δ’
540 5229 577 5295 εἰς
590 5225 671 5287 ταθτθ
684 5229 811 5298 συνῆλθον
833 5227 861 5285 cl

1625 407 1684 465 531
1698 450 1701 454 .

916 537 1063 595 iurandum,
1080 541 1134 587 tum
1146 538 1179 588 ob
1194 538 1248 588 eius
1260 537 1433 589 fortitudinem
1444 539 1469 589 in
1490 541 1613 604 periculis.
1647 545 1692 595 llis

913 644 1035 707 peractis,
1047 644 1143 708 aliquot
1155 643 1243 695 diesin
1259 644 1349 693 castris
1367 645 1472 706 morati,
1486 660 1542 695 cum
1561 648 1623 697 nulli
1638 664 1693 698 am-

914 753 980 817 plius
991 753 1076 803 hostes
1093 753 1126 802 ad
1146 767 1252 816 pugnam
1272 752 1413 818 prodirent,
1429 752 1532 804 domum
1553 755 1691 806 redierunt.

916 858 999 914 Quum
1021 860 1105 906 autem
1123 856 1232 920 populus
1252 855 1396 914 universus,
1424 861 1453 906 ut
1467 859 1533 908 bello
1555 846 1697 911 felicissime

915 959 1041 1022 confecto,
1055 961 1087 1010 ob
1103 965 1199 1025 partam
1218 960 1348 1011 victoriam
1369 962 1490 1027 triumphi
1502 965 1619 1015 bonorem
1635 979 1695 1016 con-

916 1066 964 1116 suli
988 1065 1115 1130 superstiti
1138 1064 1236 1116 deterre
1249 1066 1337 1125 vellet,
1355 1067 1408 1130 ipse
1431 1069 1517 1119 consul
1531 1070 1637 1133 gratiam
1654 1085 1695 1122 re·

916 1170 1027 1227 auserit,
1044 1169 1128 1220 diceus
1140 1183 1186 1219 nec
1196 1169 1264 1234 pium
1281 1183 1325 1220 nec
1339 1170 1376 1220 las
1390 1185 1457 1230 esse,
1470 1172 1496 1222 in
1512 1171 1598 1224 fratris
1608 1178 1634 1224 et
1645 1175 1695 1224 col·

916 1276 976 1340 lega
989 1274 1118 1326 funeribus
1130 1274 1285 1339 triumphare
1301 1279 1326 1327 et
1342 1290 1456 1328 eoronam
1469 1283 1573 1342 gestare.
1607 1282 1694 1345 ltaque

917 1381 1031 1448 repositis
1044 1381 1137 1446 signis,
1154 1382 1326 1448 militibusque
1340 1383 1441 1434 domum
1462 1383 1585 1443 diruissis,
1605 1400 1695 1437 cousu-

917 1487 969 1538 latu
981 1502 1009 1538 se
1020 1488 1160 1546 abdicarit,
1175 1502 1233 1538 cum
1245 1489 1296 1540 duo
1309 1504 1407 1541 menses
1419 1495 1451 1545 de
1459 1507 1541 1546 annuo
1548 1492 1695 1555 magistratu

917 1598 1086 1658 superessent,
1109 1596 1249 1646 consularia
1262 1596 1347 1646 rrrunia
1365 1596 1437 1647 obire
1456 1613 1504 1647 non
1517 1601 1631 1662 poterat:
1647 1599 1694 1649 im·

917 1702 984 1752 mani
1001 1702 1066 1752 eninr
1088 1702 1192 1752 vulnere
1204 1703 1313 1766 graviter
1329 1702 1475 1761 laborabat,
1494 1704 1572 1754 itaut
1591 1705 1616 1754 in
1631 1706 1701 1756 lecto·

917 1806 1016 1857 iaceret.

950 1975 1014 2025 xlv.
1044 1975 1128 2031 Quum
1149 1978 1233 2025 autem
1250 1978 1351 2024 seramus
1375 1973 1511 2037 interreges
1539 1975 1696 2024 comitiorum

918 2063 1006 2100 caussa
1018 2052 1141 2107 creasset,
1157 2053 1182 2099 et
1196 2050 1321 2099 secundus
1334 2049 1445 2099 interrex
1458 2049 1584 2099 centurias
1596 2050 1621 2099 iu
1632 2064 1697 2099 eam

920 2139 980 2189 pum
992 2128 1167 2184 convocasset,
1187 2126 1257 2175 Gaeso
1278 2124 1368 2173 Fabius
1385 2124 1442 2182 ille,
1462 2124 1506 2188 qui
1526 2123 1558 2175 ob
1572 2123 1698 2174 tortitudi-

919 2213 975 2249 nem
1000 2209 1070 2246 suanr
1088 2200 1190 2262 praemia
1209 2214 1240 2251 cx
1255 2198 1341 2263 proelio
1362 2201 1516 2262 reportarat,
1535 2198 1630 2264 quique
1641 2204 1697 2250 erat

919 2274 997 2325 irater
1009 2271 1079 2333 cias,
1093 2277 1137 2339 qui
1150 2275 1279 2325 consulatu
1299 2288 1325 2323 sc
1337 2273 1478 2332 abdicarat,
1497 2275 1599 2325 tertium
1612 2276 1697 2327 consul

919 2352 957 2399 est
972 2357 1086 2409 creatus,
1105 2353 1130 2399 et
1144 2363 1201 2399 cum
1213 2363 1243 2397 eo
1253 2350 1283 2398 T.
1300 2347 1437 2412 Virginius.
1475 2348 1520 2397 Isti
1534 2348 1617 2399 sortiti
1631 2349 1697 2399 inter

921 2426 1044 2490 accepias
1063 2425 1093 2474 ad
1115 2423 1207 2473 bellum
1228 2428 1286 2472 sunt
1306 2422 1420 2487 proiecti.
1456 2422 1601 2488 Obtigitque
1622 2426 1697 2476 Fabio

920 2500 1012 2551 bellum
1032 2504 1118 2550 eontra
1131 2500 1240 2562 AEquos,
1260 2497 1303 2562 qui
1325 2496 1484 2557 Latinorum,
1506 2510 1578 2560 agros
1599 2500 1699 2562 popula·

921 2574 1028 2625 bantur;
1043 2573 1154 2637 virginio
1174 2575 1261 2621 contra
1284 2571 1408 2621 Veientes.
1443 2571 1517 2635 AEqui
1539 2572 1624 2634 igitur,
1640 2587 1698 2623 eum

921 2648 1003 2711 copias
1013 2651 1100 2697 contra
1114 2660 1141 2695 sc
1153 2646 1236 2695 venire
1248 2645 1434 2709 cognovissent,
1448 2658 1552 2709 propere
1564 2648 1653 2697 castris
1667 2661 1698 2696 ex

920 2716 1017 2767 hostico
1032 2717 1122 2776 motis,
1145 2730 1171 2766 se
1193 2715 1218 2765 iu
1233 2730 1279 2765 sua
1301 2715 1391 2779 oppida
1413 2718 1565 2779 receperunt
1589 2715 1699 2766 :deinde

919 2788 983 2852 passi
994 2792 1052 2838 sunt
1068 2802 1141 2851 agros
1155 2800 1214 2836 suos
1228 2786 1316 2850 diripi,
1337 2786 1373 2835 itu
1386 2788 1415 2835 ut
1428 2786 1515 2835 consul
1534 2786 1622 2837 multis
1640 2801 1699 2852 cap-

919 2859 978 2909 tivis
1002 2860 1135 2924 praedaque
1162 2858 1210 2907 alia
1234 2871 1280 2907 suo
1308 2856 1437 2920 repentino
1466 2856 1576 2907 adventu
1606 2858 1699 2921 potitus

920 2930 1003 2984 fuerit.
1037 2930 1153 2981 Veientes
1172 2932 1269 2986 autem,
1287 2943 1344 2978 eum
1362 2943 1377 2978 a
1395 2928 1514 2992 principio
1533 2928 1656 2979 munibus
1673 2944 1700 2979 se
1792 2928 1796 2943 ¹

920 3000 1116 3058 continuissent,
1133 3000 1176 3049 ubi
1191 3002 1357 3064 opportunam
1378 2999 1533 3049 occasionem
1550 3001 1616 3049 nacti
1629 3000 1701 3050 vide-

919 3072 1019 3125 bantur.
1031 3071 1116 3121 hostes
1132 3084 1176 3135 per
1190 3084 1290 3133 campos
1300 3070 1426 3134 dispersos
1435 3072 1460 3120 et
1472 3070 1498 3119 in
1511 3070 1602 3134 prendre
1616 3069 1699 3134 direp-

920 3143 1013 3193 tionem
1030 3142 1139 3193 intenlos
1155 3142 1262 3208 aggressi
1279 3145 1346 3191 sunt.
1381 3141 1444 3192 dum
1460 3140 1601 3205 ingentibus
1614 3146 1699 3191 aulem

920 3219 945 3267 et
958 3215 1020 3265 bene
1032 3213 1160 3265 instructis
1175 3213 1252 3277 copiis
1266 3212 1388 3275 impetum
1401 3210 1427 3259 iu
1440 3224 1483 3261 cos
1498 3212 1621 3267 lecerunt,
1634 3223 1700 3274 pras-

920 3286 1032 3351 damque
1054 3287 1215 3350 eripuerunt;
1231 3288 1308 3346 atquc
1331 3296 1387 3340 eos,
1410 3281 1455 3345 qui
1478 3295 1562 3331 secum
1583 3280 1700 3344 congredi

920 3359 974 3409 ausi
993 3362 1078 3419 erant,
1092 3357 1182 3421 partim
1203 3354 1362 3414 occiderunt,
1381 3353 1516 3417 partimin
1540 3352 1624 3416 lugam
1643 3366 1701 3403 rer·

920 3433 1024 3479 terunt:
1040 3432 1065 3480 et
1076 3429 1123 3478 nisi
1136 3431 1165 3478 T.
1181 3426 1288 3485 Siccius,
1308 3424 1353 3489 qui
1370 3427 1429 3473 tunc
1444 3424 1540 3484 legatus
1553 3427 1622 3482 crat,
1640 3437 1696 3473 cum

920 3501 1041 3551 instructa
1057 3499 1219 3563 peditumque
1239 3509 1314 3545 manu
1330 3495 1382 3545 suis
1398 3494 1512 3544 celeriter
1532 3508 1698 3553 succurrens,

920 3586 962 3622 cos
974 3571 1149 3635 repressisset,
1165 3568 1267 3633 paulum
1289 3565 1385 3623 abluit,
1407 3565 1469 3629 quin
1489 3568 1558 3614 totus
1569 3566 1696 3615 exercitus

920 3644 1055 3708 pelerctur.
1089 3641 1136 3691 Sed
1156 3639 1223 3690 illius
1239 3639 1382 3688 interventu
1398 3637 1518 3700 reliquis,
1536 3636 1581 3701 qui
1593 3636 1701 3700 dispcrsi

920 3717 1004 3772 erant,
1020 3726 1048 3764 se
1058 3713 1084 3762 in
1097 3725 1174 3760 unum
1187 3709 1301 3760 celeriter
1313 3707 1562 3770 colligendilacultas
1573 3711 1612 3757 cst
1622 3708 1698 3758 data:

919 3790 1094 3850 atqucomnes
1113 3782 1138 3832 iu
1155 3794 1233 3830 nuum
1252 3778 1331 3829 coacti
1350 3779 1481 3843 ‚tumulum
1502 3778 1636 3843 quemdam
1653 3777 1700 3845 sub

919 3855 1094 3922 crepusculum
1104 3851 1273 3918 vespertinum
1285 3853 1452 3914 occuparunt,
1465 3853 1490 3899 et
1505 3850 1530 3899 in
1540 3863 1569 3900 co
1585 3864 1700 3901 securam

919 3931 1017 3978 noctem
1040 3927 1194 3976 manserunt.
1231 3925 1264 3972 At
1283 3921 1386 3972 Vcintes
1408 3921 1512 3971 victoria
1540 3922 1598 3972 elati
1622 3937 1698 3988 propo

919 3999 1045 4050 tumulum
1060 4001 1143 4048 castra
1164 3996 1313 4060 posuerunt,
1337 3992 1450 4057 aliosque
1470 4007 1503 4042 ex
1524 3995 1585 4045 urbe
1602 3995 1701 4047 accire·

919 4076 991 4132 runt,
1012 4071 1085 4137 quasi
1110 4072 1234 4119 Romanos
1254 4066 1280 4116 in
1305 4065 1359 4116 loco
1382 4065 1577 4124 conclusissent,
1602 4067 1628 4116 ln
1649 4082 1701 4132 quo

919 4143 1000 4193 nullos
1021 4144 1174 4193 commeatus
1193 4140 1276 4188 esseut
1294 4135 1421 4193 habituri,
1437 4140 1462 4186 et
1474 4136 1547 4201 quasi
1568 4151 1611 4186 eos
1629 4138 1699 4189 brevi

919 4229 988 4264 anna
1008 4212 1105 4263 tradere
1126 4209 1237 4261 coacturi
1256 4209 1347 4258 essent.
1389 4209 1489 4271 ltaque¹
1514 4222 1594 4272 quum
1615 4208 1700 4273 ingens

919 4287 994 4336 turba
1003 4298 1033 4335 co
1044 4282 1217 4341 conduxisset,
1233 4280 1291 4330 bina
1302 4283 1384 4330 castra
1398 4277 1512 4329 iecerunt
1528 4279 1560 4329 ad
1571 4293 1599 4330 ea
1609 4282 1700 4330 tumuli

918 4357 1011 4412 latera,
1024 4370 1074 4420 qua
1093 4353 1228 4418 expugnari
1245 4355 1360 4416 poterat,
1380 4354 1406 4400 ct
1424 4351 1450 4400 in
1472 4350 1533 4401 locis
1549 4352 1632 4401 minus
1653 4365 1700 4415 op·

919 4428 1032 4495 portunis
1043 4427 1123 4478 multa
1136 4426 1186 4476 alia
1200 4424 1295 4474 minora
1307 4423 1422 4486 praesidia
1434 4416 1594 4480 collocarunt,
1608 4423 1701 4473 omnia·

918 4513 969 4568 que
982 4498 1086 4550 armatis
1105 4496 1228 4548 militibus
1238 4495 1373 4560 replerunt.
1407 4494 1456 4544 Sed
1469 4495 1533 4543 alter
1548 4495 1636 4544 consul
1650 4498 1699 4545 Fa·

918 4571 975 4622 hius
986 4569 1092 4634 acceptis
1114 4583 1130 4618 a
1152 4568 1245 4630 collega
1261 4565 1341 4615 literis
1361 4563 1404 4614 ubi
1424 4565 1556 4628 cognorit,
1581 4579 1623 4615 eos
1635 4603 1641 4624 ,
1655 4565 1700 4627 qui

918 4645 945 4696 ln
958 4640 1056 4694 tumulo
1065 4639 1253 4697 obsidebantur,
1267 4637 1293 4687 iu
1303 4639 1416 4688 extremo
1431 4637 1541 4699 periculo
1555 4636 1657 4690 versari,
1672 4638 1698 4681 et

919 4718 1056 4771 verendum
1073 4729 1127 4767 csse
1155 4713 1220 4777 (uisi
1233 4712 1292 4777 quis
1305 4713 1376 4762 ocius
1392 4710 1453 4774 ipsis
1473 4710 1595 4761 auxilium
1607 4708 1699 4768 terret)

919 4807 950 4845 ue
963 4793 1029 4844 lame
1040 4791 1259 4855 expugnarentur,
1282 4786 1358 4836 motis
1378 4786 1467 4836 castris
1487 4788 1570 4834 contra
1585 4781 1700 4829 Veientes

919 4865 1032 4917 celeriter
1048 4862 1132 4927 copias
1150 4860 1224 4911 duxit
1242 4874 1248 4906 z
1264 4862 1306 4916 et,
1330 4858 1352 4906 si
1368 4871 1418 4906 uua
1436 4855 1477 4905 die
1500 4853 1594 4903 tardius
1611 4849 1700 4900 itinere

919 4936 1030 4987 coniecto
1048 4947 1078 4982 eo
1093 4933 1217 4987 venisset,
1242 4929 1303 4979 nibil
1324 4927 1376 4978 suis
1399 4924 1548 4990 profuisset,
1568 4919 1699 4969 sedilium

919 5005 1055 5059 exercitum
1072 5003 1182 5054 deletum
1197 5001 1336 5064 reperisset.
1371 5001 1454 5053 Quum
1472 4994 1538 5042 cuim
1554 4992 1584 5048 ii,
1608 4991 1652 5056 qui
1674 4989 1699 5041 in

919 5081 1017 5132 tumulo
1028 5081 1115 5137 erant,
1136 5077 1218 5140 inopia
1230 5089 1314 5124 rerum
1333 5071 1365 5122 ad
1384 5070 1479 5119 vietum
1505 5067 1699 5117 necessariarum

919 5155 1100 5221 premerentur,
1117 5149 1265 5215 prodierunt
1286 5145 1319 5195 ad
1333 5157 1456 5209 pugnam,
1472 5146 1501 5191 ut
1523 5141 1699 5192 honestissimo

919 5229 1007 5282 mortis
1020 5239 1109 5293 genere
1122 5225 1290 5283 morirentur,
1308 5223 1333 5270 et
1348 5217 1456 5269 maxima
1470 5229 1559 5336 οοιιιχιρΙ
1569 5230 1627 5281 pars
1641 5228 1699 5265 oum
