3772 5828
624 433 916 508 nNTtQUrlATunt
936 432 1085 492 'nullon
1109 433 1181 492 itti.
1205 434 1228 491 Ι.
1689 440 1729 498 25

127 572 314 646 στησαμίνους.
355 567 407 635 Ὣς
428 568 451 625 δ’
471 565 522 644 ἐγὼ
547 565 763 643 συμύαλλόμενος
784 565 896 644 εύρίσκω

24 657 27 661 ’
126 659 171 721 sat
183 658 243 738 πρίν
254 656 390 738 Ἡρακλέα
406 657 487 713 ἐλθεῖν
499 655 533 720 είς
546 653 664 712 Ἰταλίαν
674 654 740 732 ίερδς
751 645 783 725 ἦν
796 653 897 719 ότόπος

125 754 172 808 τοῦ
188 749 303 819 Κρόνου,
318 741 479 821 καλούμενος
490 742 542 800 ὑπὸ
552 746 603 800 τῶν
619 743 768 821 ἐπιχωρίων
779 743 895 821 Σατούρ·

124 861 188 906 νιος.
234 837 286 897 Καὶ
300 838 317 905 ἡ
332 834 402 903 άλλη
414 833 435 890 δ’
452 830 519 901 ἀκτὴ
534 831 678 906 σύμπασα,
694 834 711 901 ἡ
729 835 775 888 νῦν
794 831 896 890 Ἰταλία

82 947 96 986 ε
124 925 293 1002 καλουμένη,
310 926 349 1002 τῷ
361 923 411 999 θεῷ
426 917 511 997 τούτῳ
521 919 655 990 εἰνίκειτο,
671 918 819 998 Σατουρνία
832 918 897 997 πρὸς

124 1017 179 1072 τῶν
202 1011 365 1071 ἐνοικούντων
379 1006 575 1083 ὀνομαζομένη,
591 1010 626 1072 ὡς
640 1006 709 1064 ἔστιν
725 1008 807 1081 εὑρεῖν
828 1006 896 1065 ἐντι

118 1097 291 1166 ’Σιύυλλείοις
310 1096 408 1174 λογίοις
429 1095 474 1153 καὶ
491 1093 580 1160 ἄλλοις
596 1093 649 1152 τισί
664 1094 833 1172 χρηστηρίοις
847 1093 897 1152 ὑπὸ

125 1193 180 1246 τῶν
195 1189 259 1245 θεῶν
274 1183 419 1261 δεδομίνοις
432 1183 582 1261 εἰρημένον·
597 1181 654 1260 ἱερά
671 1205 698 1239 τε
713 1182 836 1260 πολλαχῇ
850 1186 897 1252 τῆς

123 1275 214 1355 χώρας
226 1275 296 1333 ἐστὶν
310 1272 433 1352 ἱδρυμένα
444 1275 482 1351 τῷ
497 1273 561 1350 θεῷ,
577 1271 621 1329 καλ
635 1270 721 1335 πόλεις
734 1269 800 1334 τινές
814 1267 897 1335 οὕτως

69 1388 96 1426 ιο
124 1363 216 1440 ὥσπερ
231 1366 248 1433 ἡ
265 1361 393 1438 σύμπασα
408 1360 462 1418 τότ’
478 1357 546 1429 ἀκτὴ
561 1358 765 1434 ὀνομαζόμεναι·
775 1359 858 1436 χῶροί
868 1381 896 1416 τε

124 1453 221 1510 πολλοὶ
244 1457 288 1509 τοῦ
304 1451 425 1526 δαίμονος
439 1448 590 1524 ἐπώνυμοι,
608 1445 653 1504 καὶ
673 1446 779 1522 μάλισθ’
794 1449 817 1505 el
837 1447 896 1505 σκό-

122 1542 200 1600 πελοι
212 1539 258 1598 καί
271 1538 304 1598 τὰ
319 1535 450 1616 μετέωρα.

162 1629 284 1689 XXXV.
305 1625 408 1686 Ἰταλία
421 1626 444 1682 δ’
459 1622 508 1681 ἀνθ
522 1622 615 1704 χρόνον
633 1622 773 1698 ὠνομάσθη
797 1622 838 1681 ἐπ’
854 1625 898 1681 άν-

124 1718 184 1797 δρδς
208 1716 350 1784 δυνάστου,
378 1711 449 1788 ὄνομ’
474 1711 586 1772 Ἰταλοῦ.
640 1712 740 1769 Τοῦτον
765 1711 794 1769 δέ
818 1734 897 1790 φησιν

67 1828 94 1866 ια
123 1806 257 1883 Ἀντίοχος
278 1807 292 1860 θ
313 1802 487 1881 Συρακούσιος
504 1800 600 1876 ἀγαθὸν
620 1797 665 1856 καὶ
685 1799 763 1878 σορόν
785 1821 897 1876 γεγενη-

125 1895 203 1971 μένον
220 1891 265 1950 καλ
287 1896 339 1950 τῶν
355 1887 546 1968 πλησιοχώρων
569 1885 627 1952 τοὺς
652 1885 699 1961 μέν
723 1885 809 1964 λόγοις
830 1891 896 1945 ἀνα-

126 1982 266 2048 πείθοντα,
285 1977 343 2044 τοίις
365 1977 391 2036 ὀί
417 1977 461 2056 βίη
488 1972 704 2055 προσαγόμενον,
726 1972 832 2032 άπασαν
855 1977 897 2054 tp·

127 2071 213 2146 ἐαυτῷ
224 2066 381 2136 ποιήσασθαι
394 2065 441 2134 τὴν
454 2067 517 2140 γῆν,
532 2061 581 2132 όση
596 2060 665 2128 ἐντὸς
679 2051 711 2133 ἦν
726 2064 777 2118 τῶν
790 2061 895 2119 κολπων

126 2162 172 2214 τοῦ
186 2178 214 2213 τε
231 2153 385 2227 Ναπητίνου
403 2152 509 2211 καὶτοῦ
525 2151 716 2218 Σκυλλητίνου·
731 2147 762 2219 ἣν
779 2148 810 2218 δελ
822 2150 896 2230 πρώ-

65 2275 96 2314 20
126 2266 175 2314 την
196 2245 326 2314 κληθῆναι
351 2239 468 2301 Ἰταλίαν
491 2238 535 2296 ἐπί
550 2242 594 2295 τοῦ
615 2235 728 2297 Ἰταλοῦ.
771 2235 848 2296 Ἐπεί
868 2238 896 2296 δέ

124 2331 221 2402 ταύτης
236 2316 363 2410 καρτερὸς
378 2328 496 2403 ἐγένετο,
512 2325 557 2382 καλ
570 2323 719 2402 ἀνθρώπους
732 2323 843 2390 πολλοὺς
857 2317 896 2383 ε’ί-

125 2440 173 2497 χεν
185 2417 329 2487 ὑπηκόους,
345 2417 441 2473 αὐτίκα
454 2417 507 2471 τῶν
523 2409 656 2488 ἐχομένων
670 2411 838 2485 ἐπορέγεσθαι
851 2413 896 2471 καί

127 2504 217 2568 πόλεις
229 2503 377 2578 ὑπάγεσθαι
393 2500 506 2562 πολλάς·
520 2487 586 2554 εἶναι
600 2499 622 2554 δ’
634 2496 711 2554 αύτδν
725 2500 857 2577 Οἴνωτρον
868 2500 898 2558 τό

126 2590 212 2668 γένος.
255 2588 413 2655 Ἑλλάνικος
434 2586 455 2643 δ’
485 2588 499 2642 θ
524 2583 633 2650 Λέσύιός
658 2606 736 2662 φησιν
762 2582 896 2662 Ἡρακλέα

62 2703 98 2742 2⁶
127 2678 186 2742 τούς
207 2674 338 2754 Γηρυόνου
358 2678 416 2754 βοῦς
435 2672 613 2733 ἀπελαύνοντα
629 2673 665 2738 είς
685 2669 791 2750 Ἄργος,
807 2676 896 2749 ἐπειδή

127 2789 166 2830 τις
182 2767 254 2842 αύτῷ
271 2764 384 2839 δάμαλις
399 2760 595 2840 ἀποσκιρτήσας
613 2766 658 2831 τῆς
674 2761 769 2839 ἀγέλης
783 2765 809 2820 ἐν
823 2763 896 2825 Ἰτα-

126 2853 172 2929 λίᾳ
188 2853 257 2911 ἐόντι
273 2851 325 2922 ἤδη
341 2849 441 2931 ρεύγων
464 2851 536 2927 διῆρε
551 2849 598 2917 τὴν
614 2847 710 2919 ἀκτὴν,
725 2848 770 2906 καὶ
784 2850 829 2910 τὸν
843 2876 894 2928 με-

122 2940 186 3007 ταξὺ
202 2939 388 3013 διανηξάμενος
405 2939 486 3017 πόρον
509 2941 555 3007 τῆς
570 2938 701 3007 θαλάσσης
720 2941 755 3004 είς
770 2940 894 2999 Σικελίαν

123 3029 250 3108 ἄρίκετο,
265 3028 385 3111 ἐρόμενον
398 3027 439 3084 αἐί
453 3024 511 3092 τοίις
521 3023 688 3103 ἐπιχωρίους,
705 3028 764 3082 καθ’
775 3025 818 3092 οθς
833 3028 892 3086 έκά·

64 3142 94 3180 so
122 3138 196 3175 στοτε
219 3116 319 3193 γίνοιτο
334 3112 433 3173 διώκων
453 3113 497 3170 τόν
519 3113 645 3181 δάμαλιν,
667 3111 691 3170 εί
712 3115 749 3184 πή
763 3136 802 3180 τις
816 3116 895 3173 αὐτὸν

124 3204 248 3281 ίωρακὼς
276 3201 334 3273 τίη,
359 3205 411 3259 τῶν
434 3202 497 3281 τῇδε
522 3200 664 3279 ἀνθρώπων
690 3199 818 3267 Ἑλλάδος
847 3203 894 3277 μὲν

123 3289 239 3364 γλώττης
258 3290 335 3368 ὀλίγα
350 3288 511 3364 συνιέντων,
526 3293 559 3368 τῇ
574 3288 600 3347 δὲ
617 3286 719 3368 πατρίῳ
733 3294 806 3369 ρωνῇ
826 3290 895 3347 κατὰ

123 3374 169 3443 τίες
185 3376 309 3452 μηνύσεις
320 3381 365 3434 τοῦ
378 3375 445 3445 ζώου
458 3378 606 3435 καλούντων
617 3375 659 3433 τὸν
670 3376 784 3449 δάμαλιν
795 3372 894 3435 οὐίτου-

122 3465 183 3537 λον,
199 3463 291 3544 ύεσπερ
305 3464 351 3521 καί
361 3470 405 3521 νῦν
417 3464 540 3541 λέγεται,
552 3466 594 3520 ἐπὶ
604 3469 648 3521 τοῦ
663 3463 728 3531 ζώου
742 3464 790 3535 τὴν
804 3465 893 3544 χώραν

64 3571 94 3610 τε
122 3553 251 3627 ὀνομάσαι
271 3561 377 3624 πᾶσαν,
393 3552 486 3622 ὀσηνό
509 3554 622 3625 δάμαλις
641 3553 758 3622 διῆλθεν,
779 3556 894 3611 ottrec-

121 3641 190 3701 λίαν·
205 3648 362 3718 μεταπεσεῖν
377 3641 399 3697 δ’
415 3639 465 3697 ἀνθ
479 3639 570 3717 χρόνον
585 3642 632 3709 την
655 3640 798 3714 ὀνομασίαν
814 3645 850 3706 είς
864 3642 894 3700 τὸ

121 3735 166 3789 ν’ύν
176 3737 268 3809 σμῆμα.
281 3729 433 3805 θαυμαστὸν
448 3729 532 3805 οὐδὲν,
541 3728 598 3785 ἐπεὶ
608 3726 653 3784 καί
663 3731 715 3785 τῶν
727 3727 892 3800 Ἑλληνικῶν

118 3818 204 3876 πολλὰ
218 3820 248 3877 τό
257 3817 442 3896 παραπλήσιον
458 3816 583 3873 πέπονθεν
593 3815 739 3891 ὀνομάτων.
757 3817 833 3889 Πλὴν
847 3818 892 3876 εἶθ’

118 3907 154 3971 ὧς
174 3905 307 3984 Ἀντίοχός
321 3927 400 3986 ρησιν
420 3906 462 3962 ἐπ’
482 3903 572 3981 ἀνδρὸς
590 3903 731 3979 ἡγεμόνος,
746 3904 810 3984 ὀπερ
827 3907 889 3972 ἴσοις

62 4019 91 4058 ab
117 3993 162 4052 καί
177 3993 352 4071 πιθανώτερόν
368 3996 451 4066 ἐστιν,
467 3991 513 4050 εἴθ’
528 3995 563 4056 ύις
575 3990 731 4058 Ἑλλάνικος
748 3994 829 4052 οἴεται
845 3998 891 4054 ἐπὶ

116 4087 162 4140 τοῦ
176 4081 274 4161 ταύρου
287 4080 336 4152 τὴν
353 4080 497 4157 ὀνομασίαν
511 4078 610 4151 ταύτην
630 4079 704 4159 ἔσχεν
714 4128 722 4152 ,
733 4082 815 4140 ἐκεῖνό
827 4084 852 4158 γ’
867 4083 892 4149 ἐξ

117 4170 216 4250 άμροίν
231 4171 319 4240 δῆλον,
332 4168 372 4226 δτι
386 4169 453 4226 κατὰ
466 4167 514 4236 τὴν
529 4166 690 4247 Ἡρακλέους
703 4168 806 4238 ἠλικίαν
819 4169 837 4240 ἢ
850 4194 893 4245 μι-

117 4261 173 4337 κρῷ
187 4257 299 4335 πρόσθεν
318 4255 399 4322 ούτως
418 4255 571 4330 ὠνομάσθη.
614 4255 655 4314 Τὰ
680 4253 706 4312 δὲ
721 4255 772 4334 πρὸ
792 4256 891 4316 τούτοιν

115 4342 247 4416 Ἕλληνες
260 4345 308 4419 μίν
318 4343 461 4424 Ἑσπερίαν
475 4343 520 4400 καί
531 4345 661 4402 Αὐσονίαν
672 4343 754 4412 αὐτὴν
768 4343 889 4419 ἐκάλουν,

76 4452 88 4485 τι
116 4436 141 4491 οἱ
155 4433 178 4490 δ’
191 4431 328 4512 ἐπιχώριοι
340 4431 501 4507 Σατουρνίαν
515 4475 523 4503 ,
535 4435 568 4496 ὡς
583 4428 685 4510 είρηταί
699 4452 744 4506 μοι
755 4430 890 4510 πρότερον.

156 4519 291 4580 xxxvl.
312 4517 390 4578 Ἐστι
415 4517 442 4574 δέ
461 4539 501 4581 τις
513 4517 559 4574 καὶ
579 4516 665 4595 ἕτερος
678 4516 753 4593 λόγος
774 4517 823 4574 ὑπὸ
838 4522 890 4576 τῶν

115 4606 266 4687 ἐπιχωρίων
288 4605 529 4682 μυθολογούμενος,
557 4606 592 4670 ίις
617 4605 668 4683 πρὸ
689 4607 734 4673 τῆς
760 4604 820 4672 Διὸς
841 4609 891 4682 ἀρ-

116 4697 201 4772 χῆςό
223 4694 321 4772 Κρόνος
341 4695 367 4751 ἐν
386 4698 420 4771 τῇ
439 4697 473 4771 γῇ
495 4693 577 4770 ταύτῃ
600 4693 792 4766 δυναστεύσειε,
813 4694 857 4751 καί
876 4698 890 4753 ό

114 4781 255 4859 λεγόμενος
275 4784 318 4840 ὀπ’
341 4783 440 4840 ἐκείνου
465 4783 518 4857 βίος
540 4780 625 4839 άπασι
652 4779 763 4860 δαψιλὴς
786 4781 889 4848 ὁπόσοις

68 4886 92 4922 le
116 4859 185 4949 ὅραι
199 4870 310 4949 ρύουσιν
328 4871 359 4928 ού
378 4872 441 4948 παρ’
469 4870 558 4934 άλλοες
575 4870 674 4944 μᾶλλον
690 4869 707 4937 ἢ
722 4869 795 4947 παρὰ
815 4869 888 4948 σρίσι

117 4956 229 5032 γίνοιτο.
271 4957 326 5018 Καὶ
346 4957 370 5015 εί
387 4980 426 5022 τις
439 4955 542 5036 ἀρελδιν
563 4958 593 5015 τὸ
614 4958 728 5033 μυθῶδες
751 4957 889 5034 τοῦλόγου

120 5043 208 5124 χώρας
230 5044 324 5126 ἀρετὴν
349 5044 474 5113 ἐξετάζειν
496 5044 656 5115 ἐθελήσειεν,
675 5043 700 5110 ἐξ
717 5034 748 5113 ἧς
765 5044 836 5120 γένος
859 5046 889 5102 τὸ

124 5131 264 5214 ὀνθρύιπων
278 5133 404 5200 πλείστας
420 5131 577 5212 εὐρροσύνας
591 5130 765 5210 ἐκαρπώσατο
778 5131 888 5207 γενόμε-

130 5240 170 5277 ιον
180 5221 250 5288 εύθθς
266 5223 314 5281 εἶτ’
326 5226 357 5281 ix
369 5224 431 5298 γῆς,
446 5222 482 5287 ὡς
495 5223 509 5278 ό
524 5218 636 5284 παλαιός
654 5216 711 5295 έχει
732 5213 819 5292 λόγος,
838 5215 886 5275 εἴτ’

952 575 1015 633 Sed,
1028 576 1146 636 quantum
1166 586 1211 634 ego
1231 572 1333 633 conicio,
1353 571 1392 622 vel
1411 575 1543 636 antequam
1564 577 1681 628 Hercules
1701 577 1728 628 iu

952 669 1045 719 ltaliam
1067 669 1176 730 veniret,
1202 668 1241 717 bie
1265 669 1334 717 locus
1354 670 1459 719 Saturno
1480 682 1549 719 sacer
1572 674 1637 733 erat,
1654 673 1728 724 eleb

951 769 1036 819 ineolis
1052 768 1181 818 Saturnius
1191 768 1368 831 appellabatur.
1402 769 1468 826 Quin
1482 769 1556 818 ctiam
1570 772 1621 819 lota
1632 771 1727 835 reliqua

950 880 1008 927 ora,
1023 880 1079 930 quus
1095 878 1160 915 nunc
1174 866 1243 915 ltalia
1259 867 1370 923 vocatur,
1387 864 1446 916 huic
1460 865 1551 915 numini
1571 880 1640 916 sacra
1658 871 1726 929 crat,

951 965 977 1014 ct
987 961 1018 1011 ab
1031 962 1117 1012 incolis
1133 961 1245 1010 Saturnia
1263 963 1406 1021 vocabatur,
1422 961 1488 1012 sicut
1501 963 1622 1026 reperitur
1633 968 1683 1014 tam
1702 965 1727 1015 in

951 1059 1100 1117 carminibus
1113 1057 1244 1120 Sibyllinis,
1260 1072 1333 1121 quam
1347 1058 1372 1108 in
1385 1059 1439 1120 aliis
1452 1059 1599 1121 quibusdam
1611 1061 1726 1120 oraculis,

951 1169 1008 1219 quae
1023 1155 1057 1204 etii
1081 1154 1255 1220 reddiderunt,
1278 1154 1437 1204 deciaratum.
1471 1158 1502 1209 et
1524 1156 1549 1206 in
1569 1156 1654 1206 multis
1673 1157 1728 1207 aliis

951 1250 1027 1300 huius
1046 1250 1151 1312 reponis
1165 1249 1225 1298 loeis
1243 1251 1334 1314 tempta
1352 1250 1411 1300 huie
1425 1250 1472 1301 den
1488 1252 1567 1302 dicata
1581 1256 1659 1303 sunt:
1682 1267 1726 1303 cx·

950 1351 1005 1398 tant
1016 1348 1089 1398 etiam
1101 1345 1176 1396 urbes
1188 1348 1317 1410 quasdam,
1338 1361 1395 1412 quae
1409 1350 1444 1399 ita
1457 1350 1612 1400 nominantur
1628 1356 1657 1402 ut
1674 1352 1729 1402 uni-

951 1460 1021 1498 vcrsa
1035 1447 1120 1497 ttattu
1129 1460 1171 1495 ora
1183 1451 1243 1497 tuuc
1253 1447 1394 1509 uocabatur,
1409 1452 1433 1500 ct
1445 1450 1521 1498 inulta
1537 1450 1588 1499 loca
1600 1449 1675 1501 huius
1686 1451 1728 1502 elei

951 1557 1039 1594 nomen
1049 1542 1153 1594 babent.
1167 1544 1290 1607 praecipue
1304 1545 1396 1608 scopuli
1405 1548 1430 1594 et
1439 1546 1512 1596 colles
1525 1546 1623 1597 excelsi.

983 1634 1082 1683 XXXV,
1103 1634 1190 1682 Postea
1209 1637 1289 1682 tamen
1307 1634 1375 1683 ltalia
1397 1637 1481 1683 uocata
1495 1638 1532 1684 est
1554 1648 1567 1682 a
1589 1635 1642 1684 viro
1658 1650 1728 1701 pree-

951 1732 1064 1794 poteute,
1081 1728 1121 1778 eui
1138 1742 1225 1777 nemen
1236 1732 1289 1778 erat
1304 1729 1387 1777 llalus.
1411 1730 1549 1785 ,antiochus
1562 1733 1644 1781 autem
1656 1734 1728 1796 Syra·

952 1839 1058 1878 cusanus
1066 1825 1174 1876 aitbunc
1188 1826 1263 1876 luisse
1276 1826 1356 1876 rtrum
1368 1828 1473 1889 probum
1485 1841 1514 1878 ac
1525 1830 1670 1893 sapientem,
1682 1833 1724 1896 qui

951 1922 1046 1988 populis
1059 1921 1146 1971 vicinis
1159 1922 1249 1988 partim
1270 1922 1364 1978 verbis,
1381 1925 1471 1986 partim
1490 1925 1573 1975 nisibi
1587 1927 1724 1990 aeliunctis,

951 2023 1027 2072 totam
1039 2018 1103 2068 iliam
1112 2018 1233 2080 regionem
1247 2019 1271 2068 in
1283 2032 1351 2068 suam
1360 2023 1506 2082 potestatem
1518 2023 1611 2087 redegit
1625 2039 1681 2088 quae
1690 2030 1728 2076 est

951 2117 1015 2167 inter
1029 2117 1098 2165 sinus
1115 2117 1259 2180 Napetinum
1277 2122 1301 2166 et
1314 2118 1474 2180 Scylletinnm
1490 2138 1496 2168 :
1510 2120 1573 2170 hanc
1589 2122 1664 2185 igilur
1678 2125 1727 2188 pri·

951 2228 1016 2264 mam
1025 2214 1056 2264 ab
1070 2215 1130 2265 italo
1142 2214 1183 2263 illo
1193 2216 1288 2264 ltaliam
1306 2216 1380 2266 inimo
1393 2218 1544 2280 appellatam.
1566 2221 1630 2270 Cum
1644 2224 1728 2280 autem

951 2311 999 2361 hac
1015 2311 1109 2374 potitus
1124 2316 1203 2371 esset,
1220 2317 1246 2360 ct
1260 2314 1351 2361 inultos
1364 2313 1475 2364 homines
1487 2315 1598 2375 subditos
1607 2316 1722 2379 baberet,

951 2408 1034 2458 statim
1049 2407 1207 2458 finitimarum
1220 2409 1330 2471 genitium
1348 2410 1538 2461 dorrrlnationem
1555 2414 1689 2471 aticcmssc,
1702 2420 1728 2467 ct

950 2505 1041 2555 multas
1052 2505 1165 2557 civitates
1175 2504 1221 2553 sibi
1236 2504 1388 2555 subiecisse:
1402 2520 1489 2570 genere
1499 2513 1581 2560 autem
1595 2513 1727 2565 OEuotmm

952 2602 1035 2651 luisse.
1089 2606 1120 2651 at
1135 2602 1273 2651 Hellanicus
1287 2602 1389 2652 Lesbius
1405 2603 1440 2652 ait
1459 2607 1588 2655 iterantem
1609 2607 1728 2669 Geryonis

950 2698 1027 2747 boues
1039 2701 1116 2761 Argos
1127 2698 1277 2760 abigentem,
1288 2700 1405 2763 quoniam
1418 2701 1510 2750 uitulus
1526 2702 1625 2764 quidam
1640 2703 1725 2765 ipsius,

950 2810 1007 2846 cum
1017 2796 1064 2846 iam
1076 2796 1101 2845 in
1114 2797 1183 2845 ltalia
1195 2800 1269 2858 esset,
1284 2797 1315 2846 ab
1328 2800 1438 2847 armento
1456 2798 1564 2848 resiliens
1578 2800 1686 2863 fugerat,
1701 2807 1727 2853 et

951 2894 1064 2944 universa
1078 2894 1117 2943 illa
1127 2908 1169 2943 ora
1182 2900 1306 2958 peragrata
1322 2897 1434 2959 tectoque
1443 2900 1569 2947 transnato
1582 2899 1604 2946 in
1619 2899 1726 2950 Siciliam

951 2998 1094 3057 pervenerat
1104 3030 1110 3054 ,
1122 2996 1272 3057 querentem
1286 3007 1381 3057 semper
1395 3008 1425 3044 cx
1438 2995 1501 3044 itlius
1511 2995 1615 3059 regionis
1632 2996 1726 3059 incolis,

950 3091 974 3139 in
987 3104 1145 3154 quoscunque
1165 3091 1270 3140 vitulum
1286 3104 1434 3155 persequens
1451 3092 1582 3154 inciderat,
1596 3108 1656 3144 num
1668 3096 1724 3159 quis

950 3202 1007 3238 eum
1024 3189 1142 3249 vidisset,
1155 3188 1202 3237 illis
1220 3188 1318 3250 quietem
1339 3202 1418 3252 pauca
1438 3191 1525 3254 linguae
1543 3193 1635 3242 uraca
1651 3204 1725 3243 voca·

949 3282 1006 3331 bula
1019 3281 1228 3344 intellegentibus,
1243 3286 1269 3332 et
1287 3285 1363 3346 patrio
1385 3298 1496 3334 sermone
1519 3298 1576 3334 cum
1592 3284 1616 3333 ld
1635 3286 1724 3337 animat

948 3380 1108 3444 significarent
1120 3382 1223 3431 uitulum
1235 3381 1426 3446 appellantibus,
1442 3386 1470 3431 ut
1479 3383 1552 3430 etlam
1563 3396 1627 3430 nunc
1637 3383 1722 3447 appet-

949 3479 1021 3540 latur,
1035 3479 1066 3528 ab
1076 3478 1117 3527 illo
1129 3479 1228 3528 animali
1244 3479 1383 3529 universam
1395 3493 1462 3528 oram
1474 3493 1547 3541 quam
1562 3480 1654 3529 uitulus
1667 3495 1723 3546 pen·

947 3579 1042 3637 agrarat
1063 3576 1181 3626 tituliam
1206 3578 1351 3626 nominasse.
1387 3579 1472 3625 l‘ostca
1495 3590 1552 3625 vcro
1575 3578 1724 3628 vocabulum

947 3673 1013 3723 istud
1028 3673 1052 3721 in
1067 3687 1120 3722 eam
1141 3673 1259 3730 turmam,
1272 3686 1345 3736 quam
1357 3687 1422 3721 nunc
1441 3672 1530 3735 babet,
1547 3674 1656 3724 ltaliam
1667 3689 1721 3727 mu·

947 3772 1024 3818 tatum
1047 3783 1114 3828 csse,
1136 3770 1225 3818 mirum
1247 3782 1294 3816 neu
1316 3773 1363 3827 est,
1384 3767 1504 3830 siquidem
1523 3771 1608 3820 mullis
1630 3772 1724 3822 Grtecis

947 3844 1073 3915 vocabulis
1095 3865 1160 3915 idem
1179 3865 1274 3916 accidit.
1310 3869 1484 3916 vcrurntamcn
1505 3867 1573 3929 sive,
1588 3873 1617 3917 ut
1635 3869 1723 3918 Antio-

947 3962 1008 4011 chus
1030 3963 1077 4022 ait,
1092 3977 1106 4010 a
1126 3962 1190 4012 (luce
1203 3965 1211 4024 (
1223 3963 1247 4012 id
1271 3963 1338 4025 ‹puod
1354 3963 1456 4012 tortasse
1471 3964 1544 4013 ctiam
1568 3965 1724 4017 verisimilius

947 4062 999 4117 cst)
1013 4060 1079 4120 siue,
1090 4063 1120 4108 ut
1131 4061 1200 4122 putat
1218 4059 1370 4118 Hellanicus,
1381 4075 1395 4107 a
1407 4061 1482 4108 vitulo
1495 4075 1584 4111 numen
1594 4062 1641 4112 huc
1651 4076 1720 4113 accc·

947 4158 995 4221 pit,
1028 4157 1087 4205 illuel
1121 4159 1188 4206 certe
1225 4169 1256 4205 cx
1285 4156 1413 4206 amborum
1442 4159 1586 4210 anctoritate
1612 4165 1720 4222 cunstat,

947 4249 1058 4299 Herculis
1071 4253 1144 4299 aetate
1160 4249 1203 4298 aut
1216 4250 1288 4313 panto
1304 4252 1374 4299 antea
1384 4250 1417 4298 ita
1431 4250 1579 4301 nominatam
1591 4266 1655 4306 csse.
1669 4255 1719 4302 An·

947 4350 985 4397 tea
1003 4349 1085 4397 autem
1106 4347 1184 4397 Greci
1203 4360 1257 4396 eam
1280 4347 1421 4410 Hesperiam
1440 4350 1466 4397 ct
1487 4350 1618 4398 ausoniam
1644 4363 1720 4399 voea-

946 4444 1013 4505 bant,
1021 4445 1065 4508 ipsi
1075 4457 1133 4494 uero
1140 4444 1258 4508 indigenae
1269 4444 1417 4501 Saturniam,
1427 4448 1455 4494 ut
1466 4458 1539 4508 supra
1550 4447 1609 4495 dlxi.

978 4543 1086 4595 xxxvi.
1108 4543 1197 4591 Fertur
1209 4541 1281 4591 etiam
1295 4540 1339 4589 alia
1360 4539 1438 4589 tabula
1451 4541 1514 4591 iuter
1535 4544 1598 4591 illins
1617 4544 1720 4604 regionis

945 4639 1035 4688 incolas
1047 4639 1179 4687 Saturnum
1193 4640 1249 4685 ante
1269 4637 1334 4686 lovis
1352 4651 1451 4700 reguum
1469 4639 1492 4686 in
1505 4638 1571 4689 hisce
1591 4640 1663 4689 terris
1680 4653 1717 4689 rc-

944 4750 1030 4799 gnassc
1040 4774 1045 4795 ,
1057 4741 1081 4786 el
1095 4708 1245 4785 celebratum
1258 4733 1317 4784 illud
1339 4735 1397 4784 uites
1414 4748 1490 4797 genus
1510 4736 1584 4783 rebus
1606 4735 1718 4784 omnibus

943 4847 1005 4897 quas
1019 4835 1074 4882 anni
1088 4838 1197 4896 tempora
1209 4833 1355 4898 progignunt
1368 4830 1494 4880 obtundens
1507 4869 1513 4889 ,
1528 4844 1575 4877 non
1585 4828 1648 4889 apud
1659 4829 1718 4880 alios

943 4931 1105 4995 potiusquam
1115 4930 1179 4993 apmt
1189 4931 1254 4993 ipsos
1268 4930 1387 4978 lturuissc.
1399 4936 1432 4976 nc
1439 4926 1523 4987 siquis,
1533 4925 1620 4974 tabulis
1632 4939 1662 4975 ex
1671 4927 1718 4977 bac

943 5028 1079 5077 narratione
1100 5027 1214 5087 sublatis,
1238 5028 1349 5075 naturam
1368 5025 1420 5073 cius
1439 5023 1542 5083 regionis
1562 5022 1718 5075 considerare

942 5130 1013 5190 sctit,
1028 5142 1056 5177 οι
1080 5141 1128 5190 qua
1147 5140 1222 5189 genus
1242 5127 1389 5182 Humanum,
1404 5121 1550 5183 simulatque
1571 5127 1656 5176 natum
1675 5129 1714 5176 est

942 5225 995 5276 sive
1014 5239 1044 5276 cx
1066 5229 1143 5284 terra,
1164 5224 1192 5272 ut
1207 5224 1286 5287 prisca
1306 5219 1352 5270 tert
1370 5217 1466 5282 opinio,
1491 5219 1543 5269 sive
1560 5223 1648 5283 quavis
1668 5225 1712 5272 alia
