3772 5828
29 2572 32 2585 ¹
127 2586 155 2624 2⁵
182 2577 213 2637 τὸ
230 2580 372 2639 κάλλιστον
395 2577 486 2637 λαθεῖν
501 2577 560 2644 τοὺς
585 2577 715 2653 πολέμους
735 2575 819 2644 τέλος.
862 2574 960 2638 Ἁπάν-

191 325 259 384 ’190

196 458 292 525 θαλεῖς·
309 461 332 517 οῖ
358 458 380 517 θ’
396 459 460 517 εἰσὶν
473 458 500 526 ἐξ
526 460 721 532 ὁποιασδήποτε
734 462 827 542 τύχης.
870 465 905 525 Τί
920 465 971 546 γίιρ

197 547 236 604 δεῖ
256 547 290 604 τίι
306 547 390 606 πλείω
404 547 463 659 περί
479 549 563 605 αὐτῶν
578 547 704 628 γράφειν;

236 634 353 696 LXXII.
372 633 437 696 ΗΗ
424 658 438 693 ο
440 633 562 712 ἑόδύμη
578 640 658 741 μοῖρα
675 640 722 707 τῆς
735 640 806 719 ίερθς
819 640 971 714 νομοθεσίας

194 725 233 780 τῶ
245 723 335 800 συστή
331 747 427 782 ιιατιπ
407 723 596 801 προσετέθη
561 748 613 782 των
625 725 794 802 καλουμένων
806 694 970 800 Φήτιαλίων

153 832 166 870 ε
195 782 303 869 ούτοιδ
280 812 354 869 δᾶν
374 810 466 882 εἴησαν
485 812 554 871 κατὰ
572 813 621 884 τὴν
637 811 671 873 Γ
673 815 798 887 λληνικτν
806 816 970 928 καλούμενρι

195 898 330 958 διάλεκτον
350 899 519 979 εἰρηνοδίκαι.
563 901 664 961 Εἰσίδ
680 904 768 960 ἐκ
732 926 784 961 των
799 905 912 983 ἀρίστοιν
931 905 968 964 οί·

193 1010 247 1044 κων
271 986 362 1065 ἄνδρες
388 988 536 1059 ἰπιλεκτοι,
563 988 607 1048 διὰ
640 1013 737 1056 παντος
762 991 898 1072 ίερωμένοι
924 1000 970 1054 τοῦ

193 1072 265 1151 βίου,
290 1074 368 1151 Νόμα
396 1078 442 1132 τοῦ
468 1074 597 1152 βασιλέως
612 1074 717 1157 πρώτου
731 1079 776 1136 καί
803 1085 879 1141 τοῦτο
901 1078 969 1140 Ῥω·

191 1162 279 1236 μαίοις
294 1162 325 1221 τὸ
333 1162 404 1244 ἱερὸν
419 1165 525 1243 ιίρχεῖον
537 1166 787 1241 καταστησαμένου.
832 1171 866 1229 Εἰ
880 1169 969 1244 μέντοι

138 1262 163 1299 ¹0
189 1247 263 1329 παρὰ
292 1245 360 1308 τῶν
376 1248 545 1327 καλουμένων
580 1254 719 1312 Αἰκικλῶν
751 1255 781 1313 πθ
808 1256 967 1361 παράδειγμ’

189 1337 298 1415 ἰλαθεν,
312 1339 402 1418 ὥσπερ
419 1339 517 1397 οἴονταί
538 1362 619 1413 τινες,
633 1339 651 1410 ἢ
665 1362 738 1420 παρα

188 1430 306 1503 πολεως,
327 1434 362 1499 ῶς
376 1430 471 1539 γράφει
488 1429 651 1538 Γέλλιος,
626 1454 673 1490 ουκ
689 1429 743 1510 ἔχω
757 1432 850 1509 λέγειν.
891 1431 968 1492 Ἀπό-

188 1545 241 1601 χρη
263 1521 291 1579 δέ
306 1544 351 1631 μρι
365 1525 475 1579 τοσοῦτο
499 1519 577 1595 μόνον
592 1521 689 1590 εἰπεῖν,
703 1520 742 1578 ὅτι
759 1526 809 1597 πρὸ
827 1523 873 1590 τῆς
887 1520 965 1597 Νόμα

188 1614 273 1689 ἀρχῆς
307 1609 380 1670 οὔπιι
406 1630 436 1666 το
464 1611 515 1665 τῶν
545 1609 711 1686 εἰρηνοδικῶν
744 1607 866 1683 σύστημα
893 1611 966 1689 παρδι

134 1714 159 1751 rs
188 1695 332 1773 Ρωμαίοις
357 1687 401 1767 ήν.
448 1695 685 1766 Κατεστήσατο’
662 1718 676 1755 σ
701 1696 764 1754 αθτο
790 1667 896 1771 Νόμας
923 1696 964 1756 θτε

109 1821 113 1829 -
187 1786 351 1856 Φιδηνάταις
360 1786 452 1861 ἰμελλε
462 1787 585 1860 πολεμεῖν
598 1784 721 1865 λῃστείας
735 1807 780 1843 και
771 1784 964 1866 καταδρομὰς

185 1878 232 1945 τῆς
256 1877 345 1952 χώρας
364 1875 443 1931 αὐτοῦ
468 1844 671 1949 ποιησαμένοις,
694 1873 717 1930 εἰ
742 1871 875 1951 βούλοιντο
894 1898 963 1950 συμ-

187 1965 265 2040 βηναι
287 1960 348 2040 δίχα
374 1959 493 2035 πολέμου
507 1982 572 2040 προς
593 1959 689 2031 αὐτὸν,
706 1958 815 2038 θπερ’
793 1983 829 2026 εις
847 1961 963 2038 ἀνάγκην

184 2048 361 2115 καταστάντες
382 2048 519 2121 ἐποίησαν.
562 2047 728 2126 Οίομαιδε,
752 2049 941 2128 ἰπειδήπερ’
915 2073 962 2108 ουκ

130 2138 255 2199 υθέστιν
277 2138 418 2216 ἰπιχόιριον
441 2135 558 2207 Ελλησι
582 2137 693 2216 τοπερί
720 2135 781 2204 τους
803 2137 963 2217 εἰρηνοδίκας

185 2229 309 2307 ἀρχεῖον,
337 2229 478 2304 ἀναγκαῖον
498 2216 567 2285 εἰναί
593 2248 637 2301 μοι
661 2223 749 2284 πόσων
774 2226 818 2283 καί
842 2225 961 2298 πηλίκων

184 2315 240 2372 ἰστί
254 2314 420 2393 πραγμάτων
443 2313 532 2392 κύριον
556 2314 681 2391 διελθεῖν,
697 2310 740 2372 ἵνα
761 2320 814 2380 τοῖς
841 2316 961 2391 οἰγνοοίίσι

184 2403 234 2472 τήν
253 2401 397 2479 Ῥωμαίων
416 2400 568 2474 εὖσέόειαν,
586 2400 618 2472 ἣν
637 2402 661 2457 οἱ
677 2399 731 2459 τότ’
754 2401 844 2479 ἄνδρες
863 2404 960 2474 ἐπετη-

184 2491 274 2566 δευον,
298 2491 335 2569 μὴ
356 2489 503 2571 παράδοξον
527 2480 592 2549 εἰναι
609 2491 678 2569 φανῇ
702 2487 732 2547 sb
758 2489 860 2556 πάντας
874 2493 961 2558 αὐτοις

181 2689 233 2723 των
259 2665 309 2746 γὰρ
335 2668 420 2726 αὐτῶν
436 2664 483 2731 ede
499 2665 583 2744 ἀρχὰς
607 2665 652 2723 καὶ
673 2663 718 2731 τὰς
738 2664 871 2732 ὑποθέσεις
885 2667 961 2726 εὐσε-

182 2752 313 2822 ὅεστάτας
335 2753 495 2833 φανήσονται
525 2753 715 2828 ποιησάμενοι,
744 2753 790 2811 καί
815 2754 858 2811 διὰ
884 2759 959 2812 τοῦτο

182 2842 298 2916 μάλιστα
312 2840 370 2907 τοὺς
388 2839 459 2907 θεοὺς
482 2838 625 2918 ἐσχηκότες
646 2840 672 2896 έν
695 2849 747 2905 τοῖς
771 2838 895 2906 κινδύνοις
914 2841 958 2897 εθ-

184 2940 280 3009 μενεῖς.
322 2918 618 3004 “incircumcisis
635 2926 770 2985 ἰνάκειται
790 2925 889 2993 τούτοις
906 2929 959 2995 τοῖς

127 3035 155 3076 σο
182 3020 355 3098 εἰρηνοδίκαις
378 3019 499 3076 ἐπελθεῖν
515 3014 557 3075 διὰ
572 3017 671 3084 πλῆθος
696 3016 725 3072 οὗ
750 3014 853 3094 ῥοίδιον,
875 3038 957 3094 κεφα-

180 3107 285 3166 λαιώδει
301 3108 323 3164 δ’
335 3107 474 3184 ὑπογραφῇ
490 3104 609 3173 δηλῶσαι
623 3101 707 3160 τοιάδ’
724 3100 797 3158 ἐστί·
817 3102 956 3180 φυλάττειν

180 3193 222 3253 ἰνα
260 3195 360 3271 μηδένα
391 3191 521 3266 Ῥωμαῖοι
553 3188 668 3265 πολεμον
705 3187 858 3265 ἐξενέγκωσι
887 3189 956 3249 κατὰ

180 3286 309 3359 μηδεμιᾶς
342 3281 482 3340 ἰνσπόνδου
504 3277 604 3343 πόλεως
633 3277 738 3336 άδικον
765 3275 952 3354 οἰρξάντων“
928 3300 955 3336 οε

177 3373 358 3454 παρασπονθε
350 3395 372 3429 ιν
397 3370 432 3436 εἰς
465 3365 556 3433 αὐτοὺς
589 3364 684 3446 ἑτέρων
713 3389 733 3422 π
736 3363 903 3441 ρεσθεύεσθ
860 3369 902 3422 θαι
927 3389 955 3423 τε

123 3475 150 3515 ³5
178 3463 223 3521 καί
241 3463 274 3519 τὰ
290 3462 377 3518 δίκαια
392 3461 495 3537 πρῶτον
518 3458 599 3514 αἰτεῖν
620 3453 738 3533 λόγῳ,
728 3387 772 3512 ἐρδιν
796 3451 823 3511 δὲ
838 3452 954 3529 μὴπεί-

178 3557 275 3609 θωνται
286 3551 338 3615 τοῖς
355 3544 575 3621 ἀξιουμένοις,
546 3568 592 3603 τοτ
591 3542 794 3624 ’ἐπικυροῦν
771 3565 814 3600 τον
827 3543 953 3620 πόλεμον.

177 3637 294 3712 Ὁμοίως
307 3637 334 3693 δὲ
350 3635 400 3694 xii
424 3634 569 3693 ἀδικεῖσθαί
589 3655 656 3698 τινες
680 3630 730 3689 θπδ
753 3629 895 3708 Ῥωμαίων
915 3629 953 3689 έν·

177 3725 285 3782 σπονδοι
307 3721 423 3798 λέγοντες
437 3721 471 3781 τίι
485 3721 566 3779 δίκαι’
586 3721 694 3792 αἰτῶσι,
708 3717 814 3786 τούτους
833 3718 953 3797 διαγινώ-

180 3835 250 3872 σκειν
264 3811 323 3878 τούς
336 3811 488 3925 ἄνδρας,”
465 3835 487 3870 ει
509 3833 536 3868 τι
554 3810 714 3868 πεπόνθασιν
729 3807 886 3866 ἔκσπονδον·
909 3807 953 3866 καί

178 3901 222 3958 εδιν
252 3898 294 3956 δό
283 3922 345 3967 ,ωσι
371 3899 405 3958 τδι
426 3896 582 3978 προσήκοντ’
608 3898 742 3972 έγκαλεῑν,
768 3893 826 3960 τοίνς
851 3894 953 3974 ἐνόχους

177 3992 235 4054 ταῖς
264 3989 359 4055 αἰτίαις
384 3986 563 4050 συλλαθόντας
588 3984 646 4042 ἒκθ
633 4004 705 4049 οτους
724 3991 777 4048 τοῖς
809 3983 952 4052 ἀδικηθεῖσι

176 4098 250 4155 παρα
234 4075 364 4133 αδιδόναι·
384 4074 416 4131 τά
436 4099 464 4133 τε
477 4071 588 4154 περί
549 4097 608 4140 τους
621 4071 783 4152 πρεσθευτὰς
800 4069 1012 4146 ἀδικήματα

176 4166 306 4235 δικάζειν,
325 4187 371 4221 και
361 4163 419 4220 τὰ
431 4187 492 4243 περι
482 4163 552 4229 τθς
566 4162 697 4232 συνθήκας
715 4161 774 4218 ὅσια
794 4158 950 4237 φυλάττειν,

176 4255 281 4366 εἰρήνην
298 4276 327 4311 τε
340 4189 486 4325 ποιεῖσθαιρ,
502 4275 546 4310 και
559 4248 748 4328 γεγενημένην,
765 4249 809 4306 ἐὰν
831 4246 867 4321 μή
883 4247 950 4304 κατὰ

174 4345 233 4410 τούς
253 4339 372 4424 ἱερούς
358 4339 418 4418 οόξη
439 4347 593 4419 πεπρᾶχθαι
615 4339 726 4413 νόμους,
752 4338 876 4444 ἀκυροῦν,
904 4335 950 4393 καὶ

174 4434 269 4497 τδις”
235 4456 286 4489 των
304 4432 459 4506 στρατηγῶν
476 4427 656 4508 παρανομίας,
672 4425 732 4482 ὅσοι
749 4446 799 4502 περ
801 4447 808 4480 ι
802 4422 847 4480 θ
861 4421 951 4502 θρκους

174 4521 219 4579 καὶ
235 4518 349 4582 σπονδὰς
370 4518 564 4589 ἐπιτελοῦνται,
587 4512 805 4592 διαγινώσκοντας
827 4513 949 4592 ἀφοσιού-

174 4616 251 4670 σθαι·
268 4604 329 4685 περὶ
343 4597 380 4664 ῶν
395 4605 463 4662 κατὰ
482 4605 540 4670 τοὺς
557 4603 665 4669 οἰκείους
685 4600 791 4680 καιροὺς
805 4600 949 4675 ποιήσομαι

173 4699 217 4757 τὸν
236 4697 322 4774 λόγον.
371 4691 409 4752 l'd
431 4692 460 4750 δὲ
479 4692 539 4771 περὶ
562 4692 608 4759 τὰς
625 4689 808 4770 ἐπικηρυκείας
830 4688 875 4746 ὑπ’
898 4690 948 4743 αὖ·

171 4791 224 4846 τῶν
237 4785 380 4868 γινόμενα,
401 4784 444 4839 ὅτε
458 4780 505 4851 τὴν
525 4780 637 4849 δόξασαν
652 4783 750 4841 άδικεῐν
765 4779 840 4838 πολιν
853 4776 948 4834 αἰτοῖεν

106 4898 110 4903 ’
173 4875 264 4942 δίκας·
281 4873 351 4941 ἄξιον
365 4869 417 4950 γδιρ
437 4869 503 4949 μηδὲ
529 4869 604 4930 ταῦτ’
630 4870 729 4948 ἀγνοεῖν
751 4864 820 4925 κατθ
847 4865 948 4934 πολλην

174 4963 299 5040 φροντίδα
320 4964 372 5018 τῶν
392 4959 469 5018 ὁσίων
492 4959 536 5017 καὶ
558 4959 664 5018 δικαίων
679 4955 816 5036 γινόμενα·
839 4956 947 5011 τοιαῦτα

172 5049 332 5127 παρίλαθον.
369 5040 416 5115 Εἰς
429 5048 475 5125 μέν
489 5053 578 5109 ἐκτῶν
589 5046 770 5127 εἰρηνοδικῶν,
784 5043 812 5100 δν
827 5043 850 5099 οἱ
862 5043 945 5099 λοιπσι

172 5138 398 5219 προχειρίσαιντο,
411 5138 607 5218 κεκοσμημένος
623 5138 713 5204 ἐσθῆτι
728 5133 773 5191 καὶ
797 5129 945 5211 φορήμασιν

934 2403 942 2425 ι
1015 2388 1085 2436 ment
1119 2384 1237 2445 studiosi,
1271 2385 1370 2435 minime
1400 2364 1543 2434 incredibile
1569 2385 1691 2447 videatur,
1720 2401 1786 2437 sem·

721 330 887 392 DIONYSH
911 333 1287 405 HALIGARNASSENSIS

1024 496 1083 542 suut
1097 495 1267 559 cuiuscunque
1278 494 1385 545 fortune
1396 495 1517 546 homiues.
1551 495 1600 546 Sed
1614 496 1676 560 quid
1687 497 1759 562 plnrn
1771 499 1804 550 de

1023 584 1063 637 bie
1075 584 1151 635 rebus
1167 584 1296 635 scribenda
1311 586 1388 635 suutl

1055 666 1150 715 Lxrffl.
1160 658 1269 731 septime
1282 683 1340 736 vero
1349 685 1405 735 pars
1418 687 1544 727 sacrarum
1553 677 1635 743 legum
1645 681 1755 748 collegio
1758 689 1802 738 Fe·

1024 759 1118 809 tialium
1130 761 1173 824 qui
1184 768 1302 815 vocentur
1309 768 1428 819 attributa
1437 775 1498 822 eret.
1513 773 1544 822 lli
1557 779 1640 826 antem
1654 777 1740 829 nram
1751 793 1801 831 ser·

1023 868 1095 908 mone
1111 860 1253 922 εἰρηνοδίκαι
1265 862 1380 925 appellari
1394 870 1504 928 possunt.
1544 871 1604 919 Sunt
1615 875 1698 923 nutem
1710 873 1757 924 viri
1768 890 1799 926 ex

1022 956 1176 1008 nobilissimis
1189 958 1286 1010 familiis
1298 960 1387 1011 delecti
1401 966 1427 1013 et
1437 978 1482 1028 per
1497 969 1574 1016 totam
1588 970 1665 1019 vitem
1683 972 1798 1022 sacerdo-

1023 1051 1085 1102 tium
1109 1056 1265 1114 exercentes;
1293 1056 1361 1117 quod
1388 1058 1516 1122 collegium
1538 1074 1580 1111 rex
1608 1065 1688 1112 Numa
1705 1065 1800 1127 primus

1022 1150 1106 1199 ltcmoe
1131 1149 1267 1199 constituit.
1302 1153 1391 1202 Utrum
1423 1157 1506 1203 summ
1536 1155 1566 1204 ab
1591 1156 1724 1220 AEquicolis
1755 1160 1797 1221 qni

1021 1247 1143 1296 vocentur
1158 1246 1299 1310 exemptum
1316 1249 1457 1311 sumpserit,
1472 1252 1501 1298 ut
1514 1251 1624 1301 nonnulli
1638 1252 1796 1316 arbitrantur,

1021 1355 1052 1392 nu
1064 1342 1097 1393 ab
1107 1342 1261 1402 Ardeatibus,
1274 1347 1303 1393 ut
1313 1344 1398 1395 scribit
1413 1346 1519 1408 Gellius,
1544 1347 1665 1400 etlimnare
1679 1365 1728 1402 non
1741 1366 1797 1416 pos-

1020 1454 1084 1490 sum.
1118 1441 1181 1490 lllud
1195 1444 1292 1492 tantum
1303 1444 1427 1494 monuisse
1439 1444 1498 1494 mibi
1513 1445 1574 1495 satis
1583 1448 1629 1505 est,
1640 1450 1697 1499 ante
1708 1452 1795 1500 ltumm

1019 1540 1121 1590 regnum
1145 1529 1274 1579 Fetialium
1299 1530 1428 1592 collegium
1456 1531 1566 1581 noudum
1596 1535 1680 1585 tlcmae
1709 1536 1792 1586 tuisse.

1018 1626 1100 1673 Numan
1114 1623 1179 1673 euim
1193 1623 1219 1673 id
1238 1624 1378 1685 coustituit,
1392 1629 1526 1676 comesset
1539 1626 1628 1677 beilum
1640 1629 1798 1680 Fidenatibus

1018 1720 1142 1781 illaturus,
1160 1719 1204 1784 qui
1221 1720 1357 1771 latrociniis
1374 1727 1399 1772 ot
1418 1722 1600 1775 incursionibus
1611 1738 1697 1788 ugrum
1711 1730 1794 1776 vasta-

1016 1821 1080 1877 runt,
1091 1818 1112 1868 si
1125 1830 1209 1869 secum
1223 1818 1275 1868 sine
1297 1818 1374 1869 ermis
1387 1820 1520 1885 transigere
1541 1822 1657 1885 mallent;
1680 1823 1705 1873 id
1725 1826 1791 1887 quod

1018 1913 1166 1964 necessitate
1187 1913 1268 1963 coacti
1292 1916 1412 1964 lecerunt.
1444 1914 1553 1966 Arbitror
1568 1921 1667 1975 autem,
1681 1917 1793 1981 quando·

1017 2011 1116 2073 quidem
1142 2009 1271 2074 mllegium
1294 2010 1422 2061 Fetialium
1443 2011 1554 2061 muribus
1583 2014 1726 2064 Graecurum
1744 2028 1792 2063 non

1016 2109 1142 2168 receptum
1164 2108 1219 2164 cst,
1245 2118 1345 2155 neccsse
1367 2105 1428 2154 mibi
1451 2105 1685 2157 essedemonstrere
1699 2112 1792 2169 quants

1015 2202 1042 2250 et
1062 2199 1142 2262 qualis
1167 2199 1222 2249 cius
1246 2201 1356 2263 potestas
1373 2199 1404 2248 sit
1424 2205 1431 2237 ··
1453 2200 1481 2248 ut
1499 2199 1534 2247 eis
1554 2199 1645 2262 quibus
1669 2202 1787 2251 tractemus

985 2298 990 2311 ⁴
1014 2297 1096 2359 iguctn
1126 2295 1172 2346 luit
1197 2298 1359 2346 Romanorum
1390 2294 1483 2359 pietas,
1512 2295 1581 2345 cuins
1609 2301 1663 2346 tuni
1685 2298 1785 2360 quidem

936 2491 950 2506 ·
1014 2490 1058 2540 per
1080 2476 1117 2527 eis
1150 2477 1231 2527 leiices
1266 2478 1395 2540 contigisse
1419 2474 1538 2525 bellorum
1567 2477 1656 2526 esitus.
1702 2480 1790 2530 omnin

1014 2571 1078 2621 enim
1104 2569 1159 2620 illos
1188 2570 1331 2620 iustissimis
1359 2569 1390 2619 de
1430 2569 1525 2618 caussis
1560 2569 1700 2631 auspicatos
1733 2583 1788 2621 esse

1013 2659 1155 2724 apparebit,
1181 2662 1207 2708 et
1228 2662 1355 2723 propiores
1383 2657 1458 2709 etiam
1490 2655 1644 2719 potissimum
1667 2657 1692 2708 iu
1719 2660 1785 2722 neri-

1013 2752 1076 2801 cutis
1091 2751 1151 2801 dens
1171 2749 1290 2813 propitios
1318 2748 1446 2799 habuisse.
1479 2748 1568 2798 Omnia
1599 2761 1658 2799 rero
1680 2762 1784 2799 munera

1012 2841 1141 2890 Fetialinm
1149 2841 1248 2902 propter
1260 2851 1345 2887 eorum
1357 2835 1537 2888 multitudiuem
1546 2851 1672 2889 recensere
1682 2851 1729 2888 nou
1741 2842 1780 2889 est

1012 2931 1096 2986 tacite:
1116 2928 1239 2993 precipua
1256 2941 1330 2988 vero,
1342 2931 1433 2976 utrem
1445 2928 1587 2977 summatim
1605 2927 1723 2991 aperiam,
1734 2927 1788 2977 lraec

1011 3025 1069 3072 sunt
1089 3040 1096 3070 ι
1121 3023 1150 3069 ut
1166 3023 1267 3070 caveant
1284 3032 1313 3068 ne
1330 3016 1437 3082 populus
1459 3020 1584 3068 Romanus
1606 3018 1650 3068 rilli
1661 3018 1787 3070 loederetee

1010 3112 1105 3163 civitati
1128 3111 1219 3160 bellum
1236 3109 1353 3158 iniustum
1378 3106 1477 3158 inierat.
1513 3108 1584 3165 Quod
1602 3108 1624 3158 si
1641 3107 1684 3159 elii
1702 3112 1788 3160 contro

1009 3204 1093 3268 ipsum
1116 3202 1208 3267 priores
1227 3197 1307 3249 turdus
1326 3198 1457 3260 violarint,
1484 3203 1511 3249 ut
1534 3199 1679 3263 legationem
1699 3201 1788 3252 obssut

1010 3295 1035 3342 et
1059 3291 1099 3340 ius
1124 3290 1230 3354 primum
1258 3286 1340 3338 verbis
1371 3290 1483 3352 repetant
1514 3309 1520 3338 :
1555 3288 1642 3338 deinde
1670 3303 1738 3349 vero,
1765 3291 1785 3340 si

1008 3383 1044 3433 ilii
1063 3381 1191 3446 postulatis
1217 3394 1266 3430 non
1287 3383 1403 3444 pareant,
1425 3378 1515 3429 bellum
1529 3380 1670 3430 decernent.
1687 3381 1781 3430 Simili·

1008 3481 1048 3526 ter
1065 3487 1172 3539 quoque,
1189 3472 1264 3536 siqui
1280 3472 1364 3535 popuii
1382 3471 1492 3522 imileretl
1507 3486 1534 3521 sc
1554 3487 1569 3521 a
1590 3473 1704 3523 Romanis
1717 3472 1783 3523 inin·

1008 3568 1071 3617 riam
1089 3578 1174 3630 passos
1198 3562 1310 3611 dicentes
1332 3561 1371 3610 ius
1391 3574 1464 3610 snum
1489 3565 1615 3624 repetant,
1643 3562 1670 3610 ut
1688 3558 1716 3609 bi
1737 3561 1784 3610 riri

1008 3659 1161 3721 cognoscant,
1183 3651 1278 3716 siquid
1293 3654 1378 3699 contra
1394 3651 1476 3701 toedus
1494 3651 1560 3714 passi
1577 3650 1686 3716 tuerint,
1706 3651 1783 3713 et,si

1007 3750 1074 3798 iusta
1084 3745 1201 3808 conqueri
1219 3743 1265 3791 visi
1259 3741 1382 3802 ¹·tncriut,
1392 3744 1474 3792 sontes
1492 3740 1704 3805 comprehensos
1697 3741 1783 3792 iniuria

1007 3839 1104 3890 allectis
1118 3835 1223 3896 dedant;
1239 3837 1315 3896 utque
1326 3830 1357 3881 de
1367 3829 1524 3896 legatorum'
1518 3831 1613 3879 iniuriis
1626 3834 1780 3895 cognoscant,

1008 3935 1034 3981 et
1049 3928 1168 3978 loederum
1189 3923 1339 3975 conditiones
1350 3935 1379 3971 ac
1398 3921 1453 3971 iura
1472 3924 1584 3981 seruent,
1604 3925 1629 3970 et
1646 3935 1732 3984 pacem
1748 3923 1781 3971 lu·

1006 4023 1088 4079 ciant
1104 4018 1243 4076 etfaciam,
1258 4012 1458 4064 nisiexsucratis
1474 4010 1568 4074 legibus
1580 4012 1646 4062 tacta
1657 4012 1779 4073 rideatur,
1816 4004 1817 4007 ’

1005 4114 1101 4163 mitam
1113 4110 1211 4159 iaciant.
1244 4109 1376 4166 Praeterea,
1392 4105 1413 4154 si
1430 4102 1507 4167 quid'
1501 4108 1660 4167 imperatores
1677 4103 1716 4154 vel
1727 4116 1781 4153 con·

1005 4212 1044 4259 tra
1062 4202 1232 4256 iusiurandum
1245 4199 1285 4249 vel
1303 4198 1394 4249 loedera
1409 4196 1567 4256 admiserint,
1584 4195 1610 4245 id
1628 4208 1717 4245 caussa
1739 4209 1781 4246 co·

975 4325 979 4374 Ι
1004 4299 1135 4363 gnitap
1088 4308 1135 4357 exp
1136 4294 1195 4343 ient.
1234 4287 1327 4346 Quibus
1357 4285 1473 4336 omnibns
1503 4283 1629 4335 derebus
1656 4299 1703 4336 sno
1726 4285 1780 4336 loco

1003 4390 1121 4440 dicemus
1168 4388 1204 4434 De
1234 4382 1422 4432 caduceatorem
1457 4377 1549 4435 officio,
1580 4387 1630 4438 quo
1659 4376 1695 4426 illi
1719 4377 1778 4426 tnn-

1004 4488 1102 4550 guntur,
1124 4480 1222 4543 quoties
1242 4478 1355 4540 repetunt
1374 4486 1488 4537 pnenosa
1508 4472 1619 4530 civitate,
1645 4485 1701 4535 quae
1713 4470 1775 4519 inin-

1003 4581 1064 4630 riam
1073 4575 1158 4626 lesisse
1174 4573 1288 4623 videntur
1299 4568 1370 4630 (baec
1380 4567 1444 4616 enim
1457 4579 1555 4628 quoque
1567 4564 1640 4626 digna
1657 4566 1713 4613 sunt
1722 4576 1778 4624 qum

1003 4671 1119 4727 sciantur,
1131 4664 1221 4727 quippe
1233 4674 1289 4723 qum
1303 4672 1360 4707 cum
1376 4670 1464 4719 magno
1477 4659 1503 4704 et
1518 4653 1618 4718 pietatis
1633 4654 1659 4701 et
1677 4649 1777 4699 iustitiis

1002 4759 1145 4821 curabant)
1157 4757 1210 4806 lrusc
1231 4752 1322 4816 accepi.
1356 4754 1424 4800 Unus
1444 4763 1474 4798 ex
1489 4748 1633 4807 Fetialibus,
1649 4757 1721 4807 quem
1734 4757 1775 4793 re·

920 4863 926 4885 t
1001 4853 1061 4916 liqui
1074 4849 1224 4913 delegerint,
1244 4846 1346 4895 ornatus
1363 4845 1432 4892 veste
1451 4843 1477 4890 et
1497 4841 1573 4889 sacris
1589 4833 1731 4900 insignibus,
1746 4837 1775 4881 ut

1000 4951 1090 5016 prester
1107 4947 1202 4994 ceteros
1216 4943 1282 4990 osset
1296 4937 1457 5000 conspicuus,
1476 4931 1508 4982 nd
1524 4930 1609 4981 urbem
1625 4939 1709 4978 eornm
1731 4925 1773 4989 qui

937 5041 942 5060 ¹
1002 5041 1111 5093 lecerunt
1126 5035 1240 5086 iniuriam
1256 5030 1331 5089 venit,
1350 5032 1374 5079 et
1388 5028 1412 5077 in
1423 5026 1484 5089 ipsis
1496 5035 1581 5073 eorum
1593 5017 1680 5067 stniltus
1695 5016 1773 5063 siuns.

1000 5137 1062 5183 Jove
1073 5128 1210 5189 ceterisque
1228 5124 1275 5173 diis
1291 5120 1419 5180 invocatis,
1434 5117 1540 5167 testatur
1552 5123 1578 5162 se
1591 5106 1672 5158 uenire
1690 5107 1773 5170 ulpio
