3772 5828
615 365 907 440 ANTIQUITATUM
928 364 1074 426 ROMAN.
1097 363 1171 425 ΗΒ.
1194 364 1229 422 ll.
1672 366 1712 426 93

115 530 162 574 τας
176 511 279 586 ἐχώρει.
322 505 465 580 Γενόμενος
477 499 504 559 δέ
515 497 560 573 καί
574 502 620 573 τῆς
635 498 738 567 ἐκείνων
752 497 886 573 δυνάμεως

116 594 309 668 ἐσκεδασμένης
326 589 364 649 ἔτι
386 590 454 647 κατὰ
468 587 514 655 τὰς
529 588 662 668 προνομὰς
680 590 712 663 effi
734 587 796 663 παρ’
812 584 886 643 ἐλπί-

115 683 160 747 δας
174 682 273 763 ἐφόδῳ,
290 676 408 756 καθάπερ
424 675 469 736 καλ
482 680 529 746 τῆς
539 674 682 754 προτέρας,
697 674 825 752 ἐγκρατὴς
840 670 887 730 καὶ

115 768 199 828 ταῦτά
211 766 271 831 τοὺς
284 765 396 829 ἁλόντας
408 762 517 832 διαθεὶς,
532 766 632 839 ἀπῆγεν
645 761 685 820 ἐπ’
700 761 772 820 οίκου
787 760 834 831 τὴν
847 759 886 820 δύ·

75 886 89 926 ς
115 877 194 931 ναμιν
204 900 212 931 ,
224 853 293 912 dvc.
307 851 391 911 σκῦλά
405 852 427 906 τ’
437 847 489 906 άπδ
502 852 554 906 τῶν
569 848 745 907 πεπτωκότων
760 845 828 905 κατά
840 843 886 915 τὴν

117 942 209 1022 μάχην
224 941 269 1000 καί
283 938 417 1018 ἀκροθίνια
428 936 551 1016 λαφύρων
564 940 646 1009 θεοῖς,
660 935 706 994 καί
717 932 816 998 πολλάς
831 931 886 1008 άμα

117 1030 218 1093 τούτοις
229 1026 317 1094 θυσίας
326 1023 479 1097 ἐποιήσατο.
521 1025 678 1088 Τελευταῖος
688 1023 714 1082 δὲ
725 1025 771 1091 τῆς
782 1025 889 1097 πομπῆς

120 1115 200 1182 αὐτὸς
221 1113 349 1195 ἐπορεύετ’
372 1114 462 1183 ἐσθῆτι
486 1111 533 1188 μέν
553 1109 731 1192 ἠμφιεσμένος
751 1110 884 1186 ἁλουργεῖ,

120 1204 203 1289 δάφνη
218 1205 244 1264 δέ
259 1200 470 1280 κατεστεμμένος
482 1200 529 1268 τάς
542 1202 642 1277 κόμας,
655 1200 701 1259 καὶ
714 1198 758 1258 ίνα
770 1201 800 1257 e'o
813 1196 888 1277 βασί-

66 1324 94 1363 tu
118 1296 187 1353 λεεον
209 1291 312 1369 ἀξίωμα
332 1288 420 1370 σώζῃ,
436 1289 572 1370 τεθρίππῳ
588 1286 812 1366 παρεμύεύηκώς.
855 1285 890 1348 Ἥ

119 1379 143 1439 δ’
163 1379 230 1452 άλλη
257 1380 366 1454 δύναμις
390 1379 461 1457 αὐτῷ
486 1376 675 1457 παρηκολούθει
697 1379 782 1446 πεζῶν
801 1398 829 1434 τι
846 1372 892 1433 καί

119 1464 221 1528 ἱππίων
235 1465 421 1543 κεκοσμημένη
435 1465 503 1524 κατδ
515 1463 577 1535 τέλη
592 1465 663 1529 θεούς
676 1465 698 1524 θ’
709 1467 824 1539 ὑμνοῦσα
841 1484 893 1519 πα-

120 1554 199 1633 τρίοις
211 1556 306 1636 ᾠδαῖς,
324 1550 370 1614 καί
384 1551 428 1611 τδν
445 1551 560 1630 ἡγεμόνα
575 1550 733 1612 κυδαίνουσα
747 1547 892 1624 ποιήμασιν

122 1639 309 1721 αὐτοσχεδίοις.
353 1639 388 1704 Oi
409 1637 473 1697 δ’ἐκ
490 1642 536 1709 τῆς
554 1638 655 1703 πολεως
670 1636 791 1707 θπήντων
806 1637 892 1700 αὐτοῖς

67 1763 93 1800 15
123 1728 180 1807 άμα
201 1726 304 1807 γυναιξί
325 1723 371 1785 κοιλ
396 1723 494 1792 τέκνοις
515 1725 578 1806 παρ’
597 1725 678 1806 άμφω
704 1724 736 1782 τά
760 1722 828 1801 μέρη
846 1726 893 1793 τῆς

123 1818 197 1887 θδοῦ,
215 1839 249 1894 τη
262 1837 292 1873 τε
306 1815 365 1892 νίκη
380 1813 548 1890 συνηδόμενοι
563 1813 609 1872 καὶ
625 1813 672 1884 τὴν
687 1812 770 1884 άλλην
785 1811 892 1870 άπασαν

124 1901 315 1977 ἐνδεικνύμενοι
325 1901 525 1982 φιλοφροσύνην.
570 1900 619 1966 Ὦς
633 1902 659 1960 δέ
673 1902 806 1976 παρῆλθεν
821 1903 837 1968 ἡ
851 1897 894 1956 δύ-

125 2012 203 2068 ναμις
222 1991 258 2056 είς
279 1986 325 2059 τὴν
340 1987 433 2061 πόλιν,
449 1988 577 2067 κρατῆρσί
598 1991 620 2044 τ’
636 1987 809 2066 ἐπετύγχανεν
833 1984 894 2064 οίνῳ

125 2076 291 2158 κεκραμένοις
302 2076 346 2136 καί
353 2075 494 2156 τραπέζαις
501 2079 598 2157 τροφῆς
608 2075 732 2142 παντοίας
745 2071 894 2150 γεμούσαις,

69 2192 98 2231 oo
125 2165 155 2228 αέ
174 2163 246 2245 παρὰ
260 2164 307 2232 τάς
325 2163 533 2244 ἐπιφανεστάτας
552 2166 603 2221 τῶν
621 2165 707 2228 οἰκιῶν
729 2160 841 2232 ἔκειντο,
862 2155 895 2216 ἐν’

126 2257 294 2335 ἐμφορεῖσθαι
310 2259 364 2317 τοῖς
380 2249 543 2330 βουλομένοις
557 2241 586 2327 ᾖ.
629 2249 665 2309 Ἡ
689 2249 736 2324 μὲν
751 2237 794 2306 oda
809 2244 898 2306 ἐπινί-

127 2342 181 2408 κιός
194 2363 223 2399 τι
237 2339 283 2400 καί
304 2339 493 2418 τροπαιοφόρος
513 2336 609 2414 πομπὴ
631 2336 677 2394 καὶ
693 2334 786 2406 θυσία,
801 2335 834 2407 ἣν
849 2357 897 2391 κα-

125 2429 200 2488 λοῦσι
223 2426 355 2500 Ῥωμαῖοι
387 2423 531 2503 θρίαμύον,
554 2422 604 2481 ὑπὸ
626 2422 768 2497 Ῥωμύλου
793 2421 898 2500 πρώτου

128 2514 325 2574 κατασταθεῖσα
341 2510 451 2582 τοιαύτη
464 2534 503 2576 τις
516 2501 560 2581 ἦν.
601 2509 649 2570 Ἐν
664 2509 691 2568 δέ
705 2513 742 2588 τῷ
759 2508 817 2567 καθ’
829 2512 899 2584 ἡμᾶς

71 2631 102 2670 25
132 2600 181 2680 βίῳ
195 2597 340 2669 πολυτελὴς
354 2596 445 2676 γέγονε
459 2595 505 2656 καλ
521 2594 642 2668 ἀλαζών,
657 2596 692 2662 είς
704 2595 816 2654 πλούτου
832 2596 899 2671 μᾶλ-

131 2688 176 2746 λον
191 2683 312 2752 ἐπίδειξιν
324 2683 340 2754 ἢ
354 2683 459 2756 δόκησιν
473 2686 567 2765 ἀρετῆς
581 2681 843 2762 ἐπιτραγῳδουμένη,
856 2680 901 2740 καί

130 2776 190 2833 καθ’
209 2770 316 2829 άπασαν
330 2770 401 2829 ἰδίαν
421 2770 550 2844 ἐκθέύηκε
562 2769 610 2842 τὴν
631 2769 743 2849 ἀρχαίαν
757 2769 898 2829 εὐτέλειαν.

129 2859 207 2922 Μετδ
223 2860 251 2919 δέ
266 2857 313 2930 τὴν
328 2858 436 2934 πομπήν
453 2882 480 2917 τε
495 2859 540 2917 καί
552 2855 643 2916 θυσίαν
660 2855 723 2916 νεὼν
738 2857 901 2915 κατασκευά-

130 2972 177 3016 σας
193 2951 208 3008 ό
220 2947 356 3023 Ῥωμύλος
369 2945 413 3004 ἐπὶ
424 2950 470 3017 τῆς
481 2949 595 3028 κορυφῆς
607 2950 650 3003 τοῦ
662 2941 830 3005 Καπιτωλίου
843 2943 902 3022 [id-

76 3077 106 3119 ³0
131 3036 195 3120 φου]
204 3035 274 3106 Διὸς,
288 3033 316 3094 ὃν
332 3035 484 3095 ἐπικαλοῦσι
497 3034 628 3110 Ῥωμαῖοι
643 3032 800 3113 Φερέτριον,
814 3034 843 3089 οὐ
856 3029 903 3106 μέ·

131 3148 195 3205 γαν·
211 3125 250 3184 ἐτι
268 3124 321 3204 γὰρ
335 3125 414 3182 αὐτοῦ
426 3124 538 3192 σώζεται
555 3125 664 3200 ἀρχαῖον
681 3123 751 3201 ίχνος
766 3119 904 3184 ἐλάττονας

131 3210 149 3284 ffi
160 3212 236 3272 πέντε
250 3212 337 3270 ποδῶν
348 3211 393 3270 καί
406 3209 469 3270 δέκα
479 3212 527 3278 τάς
542 3213 645 3289 μείζους
660 3209 775 3285 πλευράς
788 3209 849 3288 έχον
859 3232 866 3245 ·
877 3210 903 3265 ἐν

132 3299 215 3379 ταύτην
230 3300 373 3378 καθιέρωσε
387 3296 421 3357 τδτ
435 3302 520 3358 σκῦλα
534 3304 580 3357 τοῦ
597 3300 750 3357 Καινινιτῶν
767 3295 904 3375 βασιλέως,

134 3385 161 3448 θν
187 3386 336 3468 αθτοχειρίεγ
356 3386 561 3465 κατειργάσατο.
604 3385 656 3445 Τον
672 3385 699 3442 δὲ
722 3383 772 3443 Δία
790 3383 833 3442 τδν
849 3385 905 3443 ‹br-

78 3508 108 3550 35
136 3475 252 3554 ρέτριον,
267 3466 289 3555 ᾧ
302 3475 336 3533 eb
349 3472 418 3532 θπλα
433 3478 447 3532 θ
460 3472 601 3549 Ῥωμύλος
620 3473 759 3545 ἀνέθηκεν,
780 3471 830 3528 είτε
844 3472 905 3550 βού-

135 3560 211 3619 λεταί
225 3584 263 3627 τις
281 3563 307 3620 Τ
309 3566 465 3643 μαπαιόύχον
482 3562 534 3619 εἶτε
559 3560 726 3640 Σκυλοφόρον
740 3560 847 3632 καλεῖν,
872 3561 906 3624 ὥς

138 3644 239 3713 ἀξιοῦσί
254 3667 335 3718 τινες,
352 3646 413 3721 εἴθ’,
433 3648 473 3707 ότι
489 3649 595 3706 πάντων
613 3648 735 3726 ὑπερέχει
751 3645 795 3703 καὶ
818 3654 905 3704 πᾶσαν

139 3735 167 3791 ἐν
183 3732 271 3813 κύκλῳ
285 3734 436 3816 περιείληφε
452 3736 566 3808 τὴντῶν
582 3737 662 3794 όντων
678 3737 753 3815 φύσιν
765 3759 794 3794 τε
809 3735 854 3794 καί
867 3734 907 3794 κί-

136 3844 230 3894 νησιν,
255 3820 466 3905 Ὕπιρφιρέτην,
491 3826 541 3904 οὐχ
568 3822 752 3903 ἁμαρτήσεται
773 3829 820 3895 τῆς
844 3824 908 3895 ἐλη-

81 3944 112 3989 40
137 3908 218 3976 θείας.

177 3998 295 4058 XXXV.
310 3997 357 4066 Ὡς
378 3999 401 4058 δ’
417 3999 537 4059 ἐπέδωκε
552 4009 604 4067 τοῖς
619 4004 684 4066 θεοῖς
702 4005 715 4059 ὁ
732 4002 852 4077 βασιλεὺς
864 4001 909 4069 ede

137 4086 323 4166 χαριστηρίους
335 4086 425 4155 θυσίας
439 4110 468 4146 τε
482 4088 527 4147 καί
541 4088 678 4168 ἀπαρχάς,
689 4089 748 4167 πρὶν
763 4088 781 4159 ἥ
796 4093 848 4148 τῶν
863 4090 910 4148 άλ-

137 4180 191 4236 λων
200 4201 226 4235 τι
236 4178 436 4258 διαπράξασθαι,
446 4179 543 4258 βουλὴν
552 4183 665 4240 ἐποιεῖτο
675 4180 735 4259 περὶ
747 4185 798 4239 τῶν
812 4205 910 4261 κρατη-

138 4268 229 4324 θεισῶν
241 4265 343 4325 πόλεων
350 4312 360 4344 ,
369 4267 397 4326 όν
408 4292 466 4326 τινα
479 4269 607 4349 χρηστέον
619 4269 710 4335 αὐταῖς
719 4270 823 4347 τρόπον,
836 4273 910 4337 αὐτὸς

83 4377 112 4420 ςς
137 4351 171 4424 ἢν
183 4350 354 4429 θπελάμδανε
365 4355 508 4434 κρατίστην
524 4346 589 4415 ιίνοιι
598 4354 717 4433 γνώμην,
734 4359 835 4434 πρῶτος
846 4359 911 4415 a'rrro-

139 4438 296 4516 δειξάμενος.
339 4441 388 4510 Ὡς
400 4444 422 4501 δΙ
439 4442 522 4501 ἅπασι
536 4444 589 4510 τοῖς
608 4447 634 4502 έν
648 4446 686 4522 τῷ
703 4442 828 4522 συνεδρίῳ
841 4467 911 4522 παρ-

139 4531 212 4585 οῦσιν
234 4526 252 4600 ἦ
267 4528 291 4586 τ’
309 4532 439 4611 ἀσφάλεια
459 4535 510 4589 τῶν
527 4531 713 4610 βουλευμάτων
728 4537 774 4590 τοῦ
788 4531 912 4609 ἡγεμόνος

140 4614 237 4691 ἤρεσκε
252 4616 297 4675 καὶ
311 4622 328 4688 ἡ
341 4618 512 4698 λαμπρότης,
524 4621 556 4678 τά
573 4625 597 4676 τ’
608 4617 666 4696 stt?
679 4617 718 4677 ὅτ’
734 4618 760 4682 ἐξ
769 4622 855 4678 αὐτῶν
868 4643 913 4696 γε·

140 4702 298 4784 νήσιταιτῇ
320 4706 394 4764 πόλει
416 4707 536 4786 χρήσιμα
565 4708 612 4767 οὐκ
633 4709 659 4766 ἐν
682 4710 719 4788 τῷ
747 4712 913 4788 παραχρῆμα

85 4814 117 4858 eo
142 4789 240 4867 μόνον,
256 4793 325 4852 alit
339 4791 387 4854 καί
401 4799 438 4859 είς
458 4790 564 4856 ἅπαντα
578 4795 622 4855 τδν
645 4797 722 4854 άλλον
740 4797 832 4876 χρόνον
848 4798 914 4874 ἐπη-

141 4885 230 4953 νείτο,
247 4882 380 4941 συνελθεῖν
397 4882 489 4963 [γάρ]
504 4883 628 4951 κελεύσας
643 4882 688 4949 ede
706 4893 843 4960 γυναῖκας,
857 4885 916 4945 boor

141 4971 186 5024 τοῦ
206 4968 229 5023 τ’
251 4966 432 5045 Ἀντεμνατῶν
456 4971 502 5032 καλ
521 4977 566 5032 τοῦ
592 4975 748 5033 Καινινιτῶν
774 4973 915 5052 ἐτύγχανον

144 5053 225 5112 οθααι
239 5053 345 5133 γένους,
363 5058 535 5138 ἡρπασμέναι
550 5057 572 5117 δ’
588 5056 644 5136 άμα
664 5068 722 5126 ταῖς
737 5060 841 5137 άλλαις,
860 5057 916 5118 ἐπεῖ

144 5139 174 5200 δε
188 5146 318 5216 συνῆλθον
334 5145 534 5228 ,ὀλοφυρόμεναί
554 5148 642 5207 τεκαὶ
657 5148 858 5228 προκυλιόμεναι
872 5148 917 5207 καί

941 520 1102 572 rumquoquo
1111 506 1193 569 copias
1202 504 1285 554 adbuc
1297 505 1404 567 pdautes
1413 504 1472 558 etin
1482 506 1589 568 praedam
1597 507 1712 571 intentas,

941 617 970 662 ut
985 615 1139 677 superiores,
1152 613 1278 676 insperato
1289 610 1397 662 adventu
1408 610 1510 662 adortus
1524 618 1677 675 superasset,
1689 620 1715 666 et

940 720 1050 782 captivos
1065 718 1152 769 eodem
1165 716 1239 768 modo
1255 719 1400 778 tractasset,
1415 717 1516 777 domum
1528 720 1663 769 exercitum
1676 734 1714 769 rc-

942 820 1025 883 duxit,
1041 822 1118 885 spolia
1132 822 1157 871 in
1173 819 1261 885 proelio
1274 819 1387 870 hostibus
1399 819 1510 876 detracta
1522 824 1547 871 et
1561 822 1651 885 praedas
1663 823 1715 886 pri·

944 927 1025 977 mittas
1037 927 1086 978 diis
1100 928 1224 988 reterens,
1236 925 1327 991 quibus
1343 926 1420 977 multa
1430 926 1550 977 sacrificia
1563 927 1629 978 iecit.
1663 930 1718 992 lpse

943 1045 1003 1081 vero
1024 1045 1138 1095 pompam
1157 1031 1302 1093 claudebat,
1319 1035 1388 1082 reste
1412 1046 1537 1096 purpurea
1555 1033 1673 1094 indutus,
1693 1038 1718 1085 et

944 1134 1052 1186 lauream
1064 1136 1089 1187 iu
1101 1136 1182 1199 capite
1195 1140 1308 1202 gestam,
1321 1140 1346 1187 et
1355 1140 1384 1188 ut
1394 1139 1486 1201 regiam
1500 1141 1653 1194 maiestatem
1667 1155 1717 1191 ser·

946 1242 1016 1291 rarat
1027 1240 1152 1302 quadrigis
1164 1216 1259 1292 rectus.
1292 1242 1394 1305 Reliqua
1405 1255 1464 1293 νειο
1476 1257 1532 1293 cum
1543 1245 1653 1308 peditum
1664 1251 1719 1297 tum

947 1348 1058 1412 equitum
1077 1346 1210 1396 multitudo
1227 1360 1284 1397 eum
1309 1348 1499 1410 comitabantur,
1514 1350 1565 1400 acie
1583 1352 1718 1414 instructa,

947 1452 973 1499 et
993 1447 1079 1514 patriis
1099 1448 1247 1498 carminibus
1264 1447 1324 1500 deos
1341 1448 1506 1512 celebrantes,
1523 1454 1548 1502 et
1560 1452 1673 1502 versibus
1691 1467 1719 1503 ex

947 1553 1058 1613 tempore
1068 1549 1210 1613 compositis
1219 1548 1307 1599 ducem
1321 1564 1392 1600 suum
1406 1550 1543 1602 laudantes.
1577 1553 1649 1603 cives
1663 1567 1721 1604 roro

948 1662 978 1700 εκ
992 1648 1054 1699 urbe
1067 1663 1123 1699 cum
1135 1651 1278 1713 coniugibus
1289 1654 1314 1701 et
1329 1651 1412 1701 liberis
1428 1652 1459 1702 ab
1473 1656 1577 1719 utraque
1589 1653 1636 1704 ilas
1652 1660 1723 1717 purte

949 1752 971 1800 et
982 1749 1081 1801 obviarn
1091 1755 1222 1812 venerunt,
1238 1756 1266 1801 ut
1277 1757 1372 1816 partam
1382 1753 1511 1804 victoriam
1523 1756 1723 1820 congratularen-

949 1852 1000 1914 tur,
1012 1853 1038 1901 et
1048 1852 1115 1901 omni
1129 1851 1253 1903 hilaritate
1264 1866 1321 1902 eum
1332 1854 1482 1917 exciperent.
1518 1859 1652 1923 Postquam
1663 1872 1724 1910 vero

950 1952 1074 2003 eaerulus
1096 1952 1184 2002 urbem
1205 1952 1329 2017 ingressus
1344 1958 1397 2015 est,
1420 1956 1522 2007 ostendit
1545 1962 1653 2009 crateras
1675 1961 1725 2014 riui

950 2052 1035 2117 plenos
1048 2055 1074 2103 et
1083 2067 1181 2104 mensas
1190 2053 1264 2104 variis
1276 2053 1337 2104 cibis
1348 2058 1464 2118 onustas,
1477 2071 1532 2120 qure
1543 2062 1601 2109 ante
1613 2059 1726 2110 illustris·

952 2153 1071 2204 simorum
1082 2154 1192 2205 virorum
1206 2156 1273 2207 aedes
1291 2157 1378 2220 positae
1394 2162 1476 2220 eraut,
1488 2164 1517 2210 ut
1533 2162 1636 2223 quilibet
1651 2177 1678 2214 se
1688 2177 1727 2213 sa·

952 2253 1033 2305 tieret.
1065 2259 1147 2318 hique
1168 2256 1223 2307 hmo
1248 2257 1437 2310 victoriacum
1456 2264 1556 2326 tropaeis
1575 2265 1601 2315 et
1620 2265 1727 2321 victimis

952 2368 1054 2420 pompa,
1082 2371 1156 2422 quam
1178 2360 1280 2409 itomani
1302 2362 1430 2413 nominant
1449 2363 1659 2428 Triumphum,a
1681 2370 1728 2417 iio-

953 2464 1020 2514 mulo
1036 2469 1095 2515 tuuc
1119 2467 1224 2530 primum
1245 2468 1358 2520 instituta
1377 2475 1423 2521 est.
1457 2474 1546 2524 Nostra
1571 2488 1630 2526 vero
1655 2479 1729 2527 aetate

955 2566 1106 2631 triumphus
1117 2582 1206 2631 magno
1220 2570 1279 2620 luxu
1293 2575 1319 2621 et
1334 2572 1399 2622 tastu
1412 2575 1521 2635 quodam
1533 2577 1625 2639 tragico
1638 2577 1728 2639 agitur,

955 2666 984 2714 ad
1005 2667 1146 2718 divitiarum
1164 2671 1246 2733 potius
1260 2673 1465 2735 ostentationem,
1485 2690 1558 2740 quam
1577 2676 1609 2725 ad
1631 2678 1729 2728 virtutis

956 2769 1138 2831 probationem,
1152 2770 1218 2819 omui
1239 2771 1339 2833 pristina
1362 2773 1501 2837 frugalitate
1519 2775 1589 2840 plane
1610 2776 1729 2839 neglecta.

956 2869 1088 2932 Triumpho
1101 2872 1185 2920 autam
1197 2873 1222 2920 et
1234 2871 1354 2922 sacrificio
1367 2877 1480 2935 peracto,
1494 2873 1626 2935 Romulus,
1637 2888 1694 2924 cum
1705 2874 1729 2923 iu

958 2971 1047 3021 sertim
1061 2971 1130 3022 collis
1142 2972 1270 3036 Capitolini
1282 2974 1402 3039 tempium
1415 2989 1463 3025 non
1474 2990 1588 3040 magnum
1602 2979 1657 3027 Jovi
1671 2977 1730 3028 sadi-

958 3071 1069 3136 srcasset,
1086 3088 1161 3139 quem
1180 3077 1283 3127 Romani
1296 3078 1432 3129 Feretrium
1452 3083 1540 3128 vocant
1555 3079 1653 3142 (adbuc
1664 3081 1728 3135 enim

958 3173 1040 3220 exstat
1056 3171 1109 3221 eius
1129 3172 1259 3234 vestigium
1273 3178 1360 3235 retus,
1379 3174 1471 3226 hahens
1487 3175 1563 3226 latera
1583 3176 1673 3226 maiora
1688 3177 1731 3226 vix

959 3274 1099 3335 quindecim
1120 3276 1228 3338 pedum
1250 3277 1276 3325 in
1295 3277 1341 3326 boc
1357 3278 1434 3340 spolia
1455 3277 1519 3339 regis
1533 3278 1730 3337 Caeninensium,

960 3383 1032 3433 quem
1064 3373 1161 3435 propria
1186 3386 1259 3421 manu
1280 3374 1431 3431 coniecerat,
1455 3373 1613 3423 consecravit.
1645 3374 1733 3422 Jorcm

961 3473 1043 3520 autem
1059 3469 1207 3527 Feretrium,
1222 3470 1261 3518 cui
1275 3469 1393 3519 Romulus
1413 3484 1480 3519 arma
1499 3469 1664 3530 consecravit,
1681 3470 1734 3520 sive

961 3567 1017 3628 quis
1028 3568 1199 3628 Τροπαιοῡχον,
1217 3565 1270 3613 sive
1282 3567 1428 3628 Σκυλορόρον
1440 3567 1486 3628 (ut
1501 3566 1621 3615 nonnullis
1634 3565 1732 3629 placet)

961 3658 1029 3718 sive,
1044 3657 1110 3719 quod
1130 3655 1244 3707 omnibus
1258 3658 1361 3708 excellat
1378 3662 1403 3708 et
1418 3673 1515 3709 omnem
1530 3659 1638 3723 undique
1650 3673 1734 3710 rerum

962 3757 1074 3804 naturam
1087 3757 1111 3804 et
1122 3757 1216 3804 motum
1229 3755 1405 3818 complectatur
1418 3759 1584 3821 Ὑπερςερέτην
1594 3772 1681 3810 vocare
1695 3773 1735 3810 re·

961 3854 1004 3914 tit,
1018 3869 1032 3903 a
1044 3853 1147 3903 acritate
1162 3866 1211 3903 non
1226 3852 1357 3904 aberrabit.

995 4009 1093 4057 XXXV.
1113 4008 1246 4069 Postquam
1264 4006 1338 4068 igitur
1354 4019 1396 4057 rea
1413 4005 1461 4054 diis
1478 4007 1595 4069 persolvit
1605 4008 1735 4058 sacrificiis

964 4119 1022 4164 rota
1033 4112 1197 4177 etprimitias,
1208 4118 1237 4163 ut
1246 4111 1293 4162 illis
1300 4113 1392 4176 gratim
1401 4112 1521 4171 redderet,
1529 4117 1659 4176 autequam
1669 4112 1736 4164 aliud

963 4221 1088 4286 quidpiam
1109 4223 1206 4284 ageret,
1226 4217 1258 4269 ad
1268 4222 1380 4269 senatum
1390 4218 1474 4268 retulit
1485 4219 1516 4268 de
1530 4218 1630 4270 urbibus
1643 4220 1735 4286 captis,

965 4327 1082 4392 quidnam
1096 4325 1128 4376 de
1143 4325 1179 4376 cis
1198 4324 1356 4376 statuendum
1375 4328 1486 4374 censeret
1503 4344 1509 4374 ε
1526 4326 1668 4388 primusque
1684 4323 1737 4386 ipso

965 4425 1126 4485 sententiam,
1141 4429 1199 4488 ηοω
1211 4425 1304 4488 optima
1317 4425 1457 4486 ridebatur,
1473 4425 1544 4476 dixit.
1578 4428 1640 4479 tium
1654 4427 1737 4475 autem

965 4547 1065 4595 omnes,
1089 4533 1133 4596 qui
1155 4531 1257 4582 coneilio
1279 4532 1427 4591 intererant,
1453 4533 1566 4597 principis
1593 4533 1692 4583 consilia
1712 4535 1739 4582 ut

966 4637 1020 4687 tuta
1034 4637 1059 4686 ot
1072 4633 1190 4697 praeclara
1200 4632 1408 4698 comprobassent,
1417 4637 1444 4684 et
1453 4639 1536 4685 cetera
1549 4648 1646 4697 quoque
1657 4632 1738 4684 omnia

967 4738 1096 4789 commoda
1107 4737 1163 4788 inde
1175 4738 1206 4788 ad
1216 4738 1391 4802 rempublicam
1401 4754 1449 4790 non
1462 4739 1542 4790 solum
1553 4742 1612 4787 tuuc
1626 4737 1669 4786 sed
1681 4710 1745 4787 otiu*

968 4848 1112 4909 perpetuum
1124 4844 1289 4895 redundatura
1299 4844 1505 4903 collaudassent,
1518 4840 1648 4891 convenire
1664 4839 1738 4890 iussis

968 4945 1112 4997 mulieribus
1123 4949 1246 5010 quotquot
1259 4946 1441 4996 Antemnatium
1459 4947 1484 4992 et
1502 4940 1680 4993 ceninensium
1695 4955 1740 5007 ge-

969 5050 1034 5101 neris
1044 5052 1122 5109 crant,
1133 5016 1194 5112 quaa.
1202 5061 1250 5096 una
1260 5060 1317 5096 cum
1329 5046 1383 5095 aliis
1396 5047 1472 5108 raptae
1486 5043 1597 5104 merant,
1609 5045 1741 5108 postquam

970 5158 1134 5206 convenerunt
1151 5153 1279 5215 lugentes,
1291 5156 1316 5202 et
1325 5150 1357 5201 ad
1369 5162 1446 5213 genua
1459 5147 1534 5212 ipsius
1545 5160 1573 5199 se
1584 5151 1742 5214 prosternan-
