3772 5828
664 372 955 448 ANTIQUITA'I'UM
976 373 1123 435 ROMAN.
1146 375 1216 436 Lib.
1245 376 1296 435 xl.

161 530 175 559 ι
189 505 359 585 κοδαίμονος,
379 503 407 572 θς
420 508 467 565 οὐκ
484 508 515 587 ἐᾷ
531 504 591 574 τοθς
605 505 714 587 ίχοντας
734 507 813 566 ababa
828 530 934 588 σωρρο·

163 621 175 646 ιι
190 602 253 657 νεῖν.
296 593 375 656 Ἀλλὰ
399 593 447 660 τδις
468 593 517 671 μίν
538 592 638 653 τούτων
660 594 819 674 φιλονεικίας
840 595 937 654 ἐάσατε

163 710 176 737 ιι
189 685 307 764 χαίρειν·
329 684 347 743 θ
371 682 398 742 δέ
412 681 592 765 ψηφισάμενοι
606 687 640 763 τῇ
653 684 730 744 πόλει
747 683 866 763 σωτήρια
892 684 936 742 καὶ

162 798 175 825 ιι
190 776 252 851 ύμῖν
268 775 356 840 αὐτοῖς
369 770 538 852 προσήκοντα
559 771 649 854 ἐσεσθε
670 772 870 854 βιόουλευμίνοε
891 771 937 831 καὶ

120 884 133 920 a
163 888 176 914 ιι
192 863 246 930 τοῖς
260 862 361 942 ἐχθροῖς
373 859 490 943 ροόερδ,
506 858 559 938 ἐγὼ
572 860 735 941 πειράσομαι
754 861 850 940 λέγειν.
881 864 936 922 Νῦν

163 975 175 1000 ιι
192 949 239 1026 μέν
256 949 300 1008 τὸν
320 947 385 1031 πρὸς
400 945 530 1015 Αίκανοθς
542 950 588 1007 καί
604 947 734 1016 Σαόίνους
753 949 868 1028 πόλεμον
881 952 937 1007 ἐπι·

163 1062 175 1089 ι
190 1036 345 1119 κυρώσατε,
361 1036 407 1098 καί
421 1037 469 1104 τὰς
484 1036 607 1116 δυνάμεις
622 1036 690 1116 μετὰ
700 1038 828 1112 πλείστης
841 1043 938 1120 προθυ·

162 1153 176 1179 ιι
192 1129 253 1205 μίας
272 1129 317 1189 καί
334 1127 448 1199 σπουδῆς
461 1126 645 1209 καταγράρετε
658 1125 705 1194 τδς
719 1128 761 1187 ἐπ’
776 1126 937 1208 ιἰμροτίρους

162 1242 175 1271 ιι
191 1216 402 1295 ἐξελευσομένας.
444 1214 535 1278 “Orsa
556 1215 584 1275 δέ
605 1215 639 1276 τδι
659 1221 705 1275 τοῦ
722 1214 841 1292 πολίμου
863 1215 937 1284 τίλυς

108 1322 132 1361 te
161 1331 174 1359 ιι
190 1309 254 1383 ἡμῖν
268 1307 298 1365 τὸ
309 1306 449 1386 κράτιστον
458 1303 546 1384 λάθῃ,
560 1304 606 1364 καί
622 1296 821 1386 ἀναστρέψωσιν
837 1306 874 1371 είς
888 1302 935 1376 τὴν

107 1744 131 1783 to

105 2646 117 2682 2

161 1421 174 1448 ι
190 1397 265 1454 πολιν
286 1400 314 1456 αἱ
337 1395 476 1474 δυνάμεις,
506 1396 610 1474 εἰρήνης
630 1392 787 1473 γενομίνης,
810 1393 870 1453 τότε
890 1394 936 1452 καί

161 1511 174 1537 ιι
187 1487 248 1567 περὶ
262 1491 307 1545 τοῦ
318 1482 420 1560 κόσμου
433 1488 482 1555 τῆς
496 1482 628 1548 πολιτείας
641 1490 778 1555 σκοπεῖτε,
792 1481 838 1540 καί
858 1480 936 1558 λόγον

161 1599 174 1626 ιι
191 1574 327 1632 ἀπαιτεῖτε
336 1570 395 1637 τοθς
406 1572 470 1631 δίκα
481 1571 541 1648 περὶ
554 1570 674 1642 πάντων,
684 1561 720 1629 ὧν
736 1571 779 1629 ἐπὶ
794 1574 841 1642 τῆς
853 1571 937 1649 ἀρχῆς

161 1689 173 1715 ιι
188 1662 317 1743 ἔπραξαν,
334 1662 379 1720 καὶ
394 1661 453 1728 νίας
474 1658 560 1740 ἀρχθς
573 1663 764 1742 ψηφοφορεῖτε,
786 1658 832 1718 καὶ
858 1659 936 1718 δικα-

161 1779 174 1805 ιι
190 1752 285 1832 στήρια
305 1752 442 1827 καθίζετε,
463 1750 509 1808 καί
528 1750 684 1830 τιμωρεῖσθε
700 1748 746 1808 καὶ
761 1755 856 1825 τιμᾶτε
876 1750 937 1815 τοὺς

162 1870 174 1894 ιι
190 1843 314 1920 ἐκατέρου
338 1841 436 1901 τούτοιν
459 1838 561 1915 ἀξίους,
586 1837 648 1899 όταν
675 1839 716 1919 ἐρ’
743 1841 804 1915 ύμῖν
826 1837 934 1915 γίνηται

162 1956 176 1982 ιι
190 1933 275 1988 ταῦτα
292 1928 442 2009 ἀμφότερα,
467 1927 593 2006 μαθόντες
615 1927 656 1986 ότι
670 1929 699 1986 οὐ
713 1933 767 1993 τοῖς
782 1926 935 2005 πράγμασιν

162 2044 175 2070 ιι
192 2019 215 2076 οἱ
231 2018 317 2095 καιροί
330 2017 511 2093 δουλεύουσιν,
528 2015 597 2075 άλλθι
610 2024 663 2082 τοῖς
678 2018 778 2093 καιροῖς
798 2013 832 2074 τά
844 2012 932 2094 πράγ-

162 2133 175 2158 ιι
190 2129 273 2183 ματα.
300 2132 313 2157 ιι
340 2104 449 2177 Ταύτην
476 2102 681 2179 ἀποδειξαμίνου
707 2101 853 2184 Κορνηλίου
885 2104 933 2171 τὴν

105 2205 133 2242 ‘²⁰
160 2192 285 2273 γνώμην,
309 2196 333 2254 οἱ
363 2192 419 2270 μετ’
447 2195 545 2252 ἐκεῖνον
567 2191 737 2269 ἀνιστάμενοι
764 2190 846 2272 χωρὶς
875 2187 932 2250 att.

160 2306 213 2360 γων
228 2287 274 2355 τῆς
288 2284 369 2355 αὐτῆς
391 2281 509 2360 ἐγίνοντο
531 2278 721 2360 προαιρίσεως·
740 2281 765 2341 οἱ
780 2286 829 2356 μίν
851 2281 933 2356 ἀναγ-

161 2371 223 2428 καῖα
235 2371 280 2428 καί
296 2374 333 2450 τῷ
347 2370 457 2448 παρόντι
476 2370 562 2447 καιρῷ
580 2372 665 2426 ταῦτα
680 2365 848 2446 προσήκοντα
868 2367 933 2423 ἐνπο-

159 2457 340 2536 λαμόάνοντες
366 2451 451 2530 εἶναι,
477 2459 502 2515 οῖ
526 2455 554 2513 δί
583 2454 867 2531 ὑποκατακλινόμενοι,
891 2454 936 2512 καὶ

161 2546 346 2627 θεραπεύοντες
359 2544 418 2612 τοὺς
432 2541 516 2615 δίκα,
536 2545 574 2623 τῷ
590 2540 664 2623 ρόόῳ
680 2546 726 2615 τῆς
742 2545 836 2623 ἀρχῆς.
880 2529 937 2601 Ἦν

120 2648 131 2683 ³
163 2633 214 2713 γόρ
226 2658 251 2693 τι
266 2633 312 2692 καὶ
332 2629 498 2712 κατεπτηχθς
517 2629 565 2703 τὴν
587 2628 705 2699 ἐξουσίαν
731 2632 778 2690 οὔκ
799 2630 938 2711 ἐλάχιστον

162 2721 239 2802 μίρος
254 2725 284 2782 ἐκ
294 2726 347 2780 τῶν
362 2721 503 2800 συνίδρων.

201 2813 281 2873 XIX.
304 2809 353 2877 Ὡς
379 2810 405 2870 dt
426 2810 452 2868 αί
480 2808 584 2876 πλείους
607 2810 711 2888 γνῶμαι
734 2805 935 2887 ἠγοριύθησαν,

161 2899 207 2960 καὶ
221 2898 293 2982 παρδι
318 2898 386 2958 πολὺ
402 2906 508 2979 κρατεῖν
522 2896 627 2957 ἐδόκουν
651 2900 676 2957 ot
690 2898 733 2958 τόν
749 2897 865 2974 πολεμον
880 2900 937 2958 lne-

161 2996 298 3071 κυροῦντες
323 2991 375 3046 τῶν
392 2985 502 3069 ίτίρων,
527 2987 586 3048 τότε
611 2986 721 3047 Λεύκιον
743 2985 889 3065 Οὐαλέριον
910 2989 936 3046 ίν

105 3082 134 3124 3⁰
161 3082 214 3146 τοῖς
228 3078 350 3158 ἐσχάτοις
365 3078 491 3154 ἐκάλουν,
504 3074 533 3135 θν
548 3073 613 3156 ἐρην
636 3073 751 3141 εθθθςίν
768 3077 860 3155 ἀρχαῖς
878 3077 939 3153 βου-

160 3166 271 3245 λόμενόν
286 3191 311 3226 τι
325 3166 409 3246 λίγειν
434 3166 600 3225 κεκωλῦσθαι
622 3162 686 3243 πρδς
712 3165 810 3223 αὐτῶν.
853 3161 889 3224 ‘0
910 3163 938 3223 δέ

162 3255 295 3328 άνσστδις,
309 3255 438 3321 τοιούτους
460 3250 577 3324 διεξῆλθε
590 3251 696 3331 λόγους·
711 3277 724 3303 ιι
743 3248 800 3322 Τὴν
818 3250 866 3329 μίν
881 3252 940 3310 ἐπι-

163 3372 177 3398 ιι
192 3345 290 3425 βουλὴν
303 3348 355 3402 τῶν
368 3344 431 3403 δίκα
443 3345 537 3421 δρᾶτε,
554 3329 576 3399 dr
591 3340 717 3421 πατίρις,
739 3337 765 3397 οἳ
776 3342 836 3398 κατ’
852 3339 937 3420 ἀρχάς

164 3460 178 3486 ιι
191 3455 220 3493 τε
231 3435 279 3492 οὔκ
298 3429 443 3512 ἐπίτρεψόν
460 3453 505 3507 μοι
521 3426 606 3508 λίγειν
621 3430 669 3489 don
685 3425 859 3507 προῃρούμην
875 3429 940 3507 πρὸς

107 3530 135 3569 ³⁵
165 3547 178 3573 ι
193 3523 275 3596 ὑμᾶς,
290 3519 335 3578 καὶ
347 3523 391 3577 νῦν
406 3518 433 3575 ἐν
446 3525 500 3583 τοῖς
512 3515 634 3584 θστάτοις
650 3514 834 3574 ἀποδεδώκασι
849 3514 938 3592 λόγον,

165 3634 178 3661 ι
194 3608 395 3685 ἐνθυμηθέντες,
407 3605 472 3685 δπερ
482 3604 567 3680 είκδς,
580 3603 619 3664 δτι
632 3609 667 3684 τῇ
682 3626 711 3664 τε
724 3602 857 3664 Κλαυδίου
869 3601 940 3681 γνώ·

165 3724 178 3750 ιι
194 3720 232 3776 μη
246 3695 438 3777 προσθίμενος,
450 3692 524 3753 οὐδέν
544 3691 675 3773 ώριλήσω
696 3693 726 3753 τδ
740 3691 824 3751 κοινὸν
843 3693 939 3772 ὀλίγων

165 3788 259 3864 «αὐτῇ
283 3782 486 3864 συνειρηκότων·
509 3779 600 3861 ίτέραν
620 3803 649 3840 τε
672 3779 780 3860 γνώμην
805 3779 878 3859 παρὰ
893 3780 939 3850 τδις

163 3901 177 3927 ιι
193 3874 331 3954 εἰρημένας
347 3872 423 3939 αὐτὸς
445 3869 659 3952 ἀποφηνάμενος,
682 3867 732 3929 κᾶν
757 3867 791 3928 τθι
811 3869 940 3950 κράτιστα

164 3991 177 4016 ιι
193 3962 467 4040 ὑποθῶμαι,διακενῆς
500 3958 695 4041 ἐρραψιμδηκὼς
715 3958 820 4035 ἐσομαι.
866 3963 941 4023 Εὐα-

165 4079 178 4105 ιι
194 4051 314 4132 ρίθμητοι
335 4050 387 4130 γάρ
399 4048 467 4116 τινίς
482 4050 547 4109 εέσιν
568 4049 592 4107 ot
610 4052 668 4126 μετ’
690 4048 736 4125 ἐμέ
757 4050 941 4127 ἀναστησόμε-

164 4169 177 4194 ιι
191 4164 246 4215 νοι,
257 4138 300 4206 ab<
314 4141 359 4198 ἐὰν
376 4136 493 4204 ἅπαντας
509 4133 697 4216 ὁμογνώμονας
714 4135 806 4212 teto,
822 4138 848 4198 τί
862 4139 940 4218 γενή-

164 4258 177 4282 ιι
192 4229 268 4289 σεταί
284 4251 331 4302 μοι
341 4225 436 4300 πλίον,
451 4225 509 4287 otti
522 4224 670 4299 πολλοατλν
684 4224 767 4298 ίξοντι
782 4227 875 4309 μοῖραν
888 4231 941 4289 τῶν

164 4346 177 4371 ι
193 4318 331 4400 Κορνηλίῳ
356 4315 602 4396 συναγορευόντωνς
628 4315 669 4376 Οὗ
696 4313 748 4393 μὴν
776 4314 828 4395 ίγὼ
857 4321 941 4377 ταῦτα

164 4434 176 4460 ιι
192 4407 370 4488 ὑφορώμενος,
394 4405 498 4477 ὀκνήσω
520 4402 569 4476 τὴν
585 4405 700 4480 ἐμαυτοῦ
713 4404 821 4483 γνώμην
845 4405 937 4467 εἰπεῖν.

165 4520 177 4547 ιι
190 4492 277 4555 Ὅταν
292 4495 343 4576 γὰρ
359 4493 491 4566 ἀκούσητε
511 4492 567 4577 [τὰ]
579 4489 721 4565 ἁπάντων,
739 4493 780 4573 ἐρ’
791 4495 852 4570 ύμῖν
865 4490 942 4552 ἐσται

165 4607 177 4632 ιι
191 4580 225 4640 τθι
240 4584 367 4664 κράτιστα
383 4583 499 4643 ίλίσθσι.
544 4580 612 4662 Περὶ
628 4579 675 4659 μέν
693 4570 738 4639 σύν
752 4585 801 4653 τῆς
814 4581 943 4659 δεκαδαρ·

165 4696 177 4721 ιι
194 4669 272 4746 χίας,
295 4670 324 4731 δν
352 4672 447 4752 τρόπον
480 4671 646 4747 ἐπιμελεῖται
673 4671 727 4729 τῶν
753 4672 864 4743 κοινῶν,
891 4667 941 4728 ίίσα

164 4785 177 4810 ιι
196 4757 352 4828 Κλαύδιοςθ
371 4759 505 4840 βίλτιστος
521 4749 590 4829 εἶπε,
601 4757 647 4818 καί
660 4757 719 4833 ἐμοί
733 4756 859 4835 νομίσατε
872 4759 942 4838 είρῆ·

165 4874 178 4900 ιι
193 4851 267 4916 σθαι,
278 4846 323 4903 καὶ
340 4846 379 4905 ὅτι
398 4848 437 4907 δεῖ
452 4849 513 4918 νίας
528 4846 614 4929 δρχδς
628 4848 832 4927 ἀποδειχθῆναι,
848 4844 941 4925 πρίνὴ

165 4963 177 4990 ιι
192 4934 223 4995 τδ
245 4931 366 5013 περὶτοῦ
386 4935 504 5014 πολίμσυ
521 4937 643 5015 γενίσθσε
663 4935 806 5017 ψήφισμα·
821 4933 868 4994 καί
890 4933 941 5011 γὰρ

164 5053 178 5081 ιι
193 5028 276 5084 ταῦτα
289 5021 392 5103 εἴρηται
404 5024 442 5103 τῷ
454 5023 528 5102 ἀνδρί
542 5023 614 5084 κατθ
627 5023 658 5084 τδ
673 5026 821 5103 βελτιστον.
864 5020 942 5082 Ἐπεὶ

164 5142 177 5169 ι
191 5113 219 5174 et
235 5111 381 5191 Κορνήλιος
392 5108 429 5176 είς
442 5107 473 5169 τθ
490 5109 617 5172 ἀδύνατον
632 5110 744 5190 ἐπάγειν
757 5113 880 5190 ίπειρατο
894 5109 941 5182 τήν

163 5231 176 5261 ιι
188 5201 319 5286 γνώμην,
342 5195 455 5267 πολλοῖς
473 5196 535 5269 τοθς
555 5198 652 5278 μιταξθ
665 5201 773 5284 χρόνους
789 5195 941 5282 δποραίνων

1709 377 1764 440 att

994 534 1005 559 ι
1022 528 1109 579 sapam
1119 529 1168 566 non
1181 516 1246 566 sinit.
1261 515 1309 567 Sed
1319 515 1365 566 bas
1385 514 1490 566 istorum
1505 517 1674 567 contentiones
1686 519 1770 570 valere

994 621 1094 672 sttuite.
1128 624 1190 680 Qum
1212 635 1270 672 vero
1298 621 1398 672 decreta
1421 619 1566 684 reipublicae
1587 622 1717 685 salutaria,
1746 629 1771 677 et

994 742 1077 792 cquae
1094 728 1207 779 consutio
1229 727 1301 778 nobis
1322 727 1384 792 ipsis
1405 727 1589 789 convenientia,
1610 730 1771 795 hostibusque

994 833 1185 885 etormidabilia
1223 837 1281 883 sunt
1314 832 1412 893 sutura,
1440 832 1523 882 dicere
1553 834 1667 886 conabor.
1702 838 1772 887 Nunc

994 957 1006 983 ι
1019 937 1113 989 bellum
1126 941 1212 988 contra
1225 941 1318 1001 AEquos
1330 941 1355 986 et
1369 936 1475 987 Sabinos
1481 938 1616 1001 decernite,
1632 946 1657 992 et
1666 944 1772 993 maxima

993 1058 1005 1082 ·
1019 1042 1094 1091 anbni
1118 1041 1247 1091 alacritate
1267 1040 1400 1103 studioque
1424 1042 1507 1106 copias
1529 1048 1616 1095 contra
1640 1049 1773 1110 utramque

994 1151 1118 1211 «gentem
1150 1145 1305 1211 proiecturas
1328 1146 1487 1199 conscribite.
1520 1151 1568 1201 Ubi
1592 1166 1651 1203 εει-ο
1681 1153 1772 1205 betium

994 1273 1006 1296 ι
1021 1252 1160 1303 felicissime
1177 1267 1192 1302 a
1207 1251 1278 1303 nobis
1293 1253 1432 1304 coniectum
1455 1255 1544 1320 tuerit,
1558 1261 1584 1309 et
1602 1259 1677 1324 copiae
1693 1261 1718 1313 in
1732 1282 1773 1317 ur.

993 1381 1005 1406 ι
1021 1361 1077 1411 bem
1097 1360 1225 1425 redierint,
1251 1361 1278 1411 ἰιι
1301 1374 1362 1425 pace
1376 1365 1436 1412 tuuc
1455 1369 1481 1413 et
1499 1364 1530 1415 de
1547 1364 1688 1429 reipublice
1704 1371 1772 1419 statu

993 1485 1005 1508 «
1020 1464 1172 1524 eomuitate,
1190 1469 1216 1516 et
1231 1466 1405 1518 adecemviris
1418 1467 1538 1519 derebus
1553 1471 1666 1522 omnibus
1680 1474 1705 1522 tn
1719 1487 1772 1522 nra-

993 1588 1006 1613 ι
1020 1568 1126 1631 gistratu
1138 1568 1214 1631 gestis
1232 1569 1341 1620 rationes
1364 1571 1469 1633 erigite,
1485 1576 1511 1624 et
1524 1588 1602 1625 novos
1615 1578 1773 1642 magistratus

994 1694 1007 1718 ι
1021 1678 1116 1735 create,
1133 1678 1159 1725 et
1182 1673 1275 1737 iudicia
1296 1676 1446 1737 constituite,
1465 1680 1491 1728 et
1511 1679 1551 1730 bis
1563 1684 1675 1746 utrisque
1688 1683 1774 1747 dignos

995 1796 1007 1825 ι
1023 1778 1150 1839 honorate,
1167 1779 1209 1828 ubi
1230 1779 1285 1829 brec
1300 1782 1406 1843 utraque
1418 1796 1493 1847 penes
1516 1799 1561 1836 vos
1585 1787 1691 1849 tuerint,
1713 1788 1775 1839 iilud

994 1884 1143 1953 escientes,
1171 1898 1219 1934 nou
1244 1886 1319 1936 rebus
1339 1890 1463 1953 tempora,
1488 1890 1532 1941 sed
1559 1906 1598 1942 ms
1621 1894 1774 1958 temporibus

995 2013 1007 2035 ι
1023 1990 1149 2043 inservire.
1166 2010 1179 2035 ι
1196 1993 1249 2042 tiae
1264 1994 1385 2044 sententia
1403 2007 1418 2045 a
1433 1995 1546 2046 dometio
1557 1996 1639 2058 dicta,
1655 1998 1699 2061 qul
1718 2001 1775 2062 post

995 2109 1053 2146 eum
1067 2100 1240 2157 surrexerunt,
1264 2098 1353 2159 preter
1375 2109 1468 2161 paucos
1495 2097 1520 2147 in
1544 2098 1657 2150 eamdem
1680 2103 1775 2151 senten·-

994 2200 1056 2251 tiam
1068 2198 1167 2249 inerunt
1183 2200 1244 2250 catii
1262 2200 1317 2251 bec
1331 2202 1486 2262 necessaria,
1508 2207 1532 2253 et
1552 2206 1668 2268 prasenti
1692 2219 1774 2256 rerum

995 2305 1072 2357 statui
1085 2303 1255 2354 convenientia
1266 2303 1452 2365 existimantem
1468 2306 1508 2357 atii
1523 2321 1581 2358 vero
1593 2313 1660 2359 meto
1674 2309 1770 2374 imperii

995 2410 1142 2462 decemviris
1163 2411 1292 2474 cedentes,
1320 2411 1415 2475 iibsque
1437 2413 1611 2476 obsequentes.
1643 2416 1705 2466 Num
1728 2430 1775 2466 non

995 2519 1096 2569 minima
1107 2520 1206 2581 patrum
1227 2530 1285 2581 pars
1312 2518 1480 2582 magnitudine
1505 2521 1637 2583 potestatis
1665 2524 1776 2585 perculsa

994 2612 1055 2660 erat.

1028 2821 1092 2869 xix.
1117 2822 1200 2878 Quum
1217 2820 1301 2867 autem
1326 2817 1404 2879 major
1425 2819 1602 2868 sententiarum
1630 2833 1687 2883 pars
1710 2819 1776 2871 dieta

997 2908 1092 2969 ruisset,
1106 2910 1131 2958 et
1141 2907 1185 2971 qui
1199 2906 1290 2957 bellurn
1303 2904 1487 2969 decernebant,
1501 2922 1604 2959 nurnero
1623 2908 1694 2972 tonge
1707 2924 1778 2974 supe-

997 2997 1075 3048 riores
1088 2995 1143 3047 aliis
1166 3009 1220 3046 esse
1248 2995 1401 3058 riderentur,
1420 2996 1484 3046 inter
1496 3002 1635 3060 postremos
1657 3001 1777 3049 vocarunt

997 3086 1099 3138 Lucium
1110 3087 1246 3145 Valerium,
1269 3099 1361 3150 quem,
1384 3085 1468 3136 statim
1483 3085 1514 3135 ab
1531 3087 1599 3137 initio
1613 3088 1687 3138 rerba
1697 3086 1777 3139 tacere

997 3182 1137 3241 uolentem,
1159 3177 1191 3229 ab
1214 3177 1269 3227 otiis
1288 3174 1440 3241 prohibitum
1469 3173 1545 3224 tuisse
1565 3173 1666 3226 dixisse.
1713 3175 1776 3238 Qui,

996 3283 1073 3335 quum
1097 3266 1256 3326 surrexisset,
1273 3265 1347 3314 tatem
1369 3262 1457 3313 babuit
1472 3263 1631 3314 orationem:
1650 3264 1778 3315 «insidias

998 3379 1009 3403 ·
1025 3356 1221 3410 decemrimrum
1235 3352 1339 3413 videtis,
1357 3355 1443 3404 Patres
1453 3354 1594 3418 conscripti,
1606 3354 1649 3417 qui
1657 3355 1776 3422 principio

997 3461 1009 3486 ι
1023 3442 1091 3507 passi
1104 3458 1152 3493 non
1170 3445 1297 3501 suntme,
1323 3441 1421 3506 quando
1439 3441 1549 3492 solebam
1566 3442 1642 3492 rerba
1654 3443 1719 3509 apud
1730 3460 1776 3498 vos

998 3550 1011 3574 ι
1027 3530 1118 3592 iacere,
1133 3534 1158 3580 et
1176 3543 1241 3579 nunc
1257 3529 1321 3580 iuter
1345 3532 1486 3594 postremos
1510 3530 1609 3581 dicendi
1628 3533 1780 3600 potestatem

997 3636 1010 3661 ι
1022 3616 1084 3667 mibi
1110 3618 1235 3677 iecerunt,
1251 3617 1389 3679 rogitantes
1418 3615 1463 3677 (id
1483 3617 1551 3681 qnod
1574 3616 1707 3670 verisimile
1722 3623 1777 3678 esti

998 3729 1010 3753 ι
1025 3709 1087 3768 tore,
1100 3708 1143 3768 ut,
1166 3707 1188 3756 si
1199 3719 1244 3771 ego
1257 3705 1344 3756 ctaudt
1363 3706 1492 3757 sententiae
1512 3706 1663 3770 adhaeream,
1688 3710 1775 3774 reipu-

998 3819 1011 3844 ι
1023 3796 1095 3850 blica
1117 3796 1177 3848 nibit
1193 3795 1299 3861 prosim,
1327 3794 1394 3859 qnod
1408 3795 1481 3859 pauet
1499 3795 1525 3845 in
1540 3795 1613 3846 istam
1633 3800 1778 3852 sententiam

998 3907 1011 3932 ι
1026 3885 1132 3947 iverint,
1144 3884 1183 3935 sin
1195 3883 1269 3934 aliam
1282 3885 1435 3947 praetereas,
1448 3895 1505 3947 qne
1514 3883 1545 3932 ab
1555 3882 1614 3947 ipsis
1626 3887 1684 3935 sunt
1695 3884 1777 3946 diotre,

998 3996 1011 4021 ι
1022 3976 1159 4042 proteram,
1171 3973 1229 4024 iicet
1250 3973 1374 4037 optimum
1388 3971 1518 4021 consitium
1542 3971 1671 4035 dederim,
1689 3974 1780 4025 imstra

998 4087 1011 4112 ι
1025 4080 1103 4132 nugas
1117 4063 1235 4116 effudisse
1257 4063 1351 4112 videar.
1386 4060 1468 4111 Facite
1486 4060 1552 4111 enirn
1575 4060 1700 4112 numerari
1721 4074 1779 4128 pos-

998 4181 1012 4208 ι
1025 4165 1093 4221 sunt,
1109 4160 1154 4225 qui
1167 4162 1225 4224 post
1239 4173 1280 4209 me
1298 4163 1408 4222 surgent.
1442 4155 1490 4213 Qui
1509 4156 1566 4207 iicet
1583 4170 1670 4207 omues
1681 4169 1780 4208 mecum

998 4272 1010 4298 ιι
1026 4254 1203 4312 consenserint,
1214 4248 1276 4315 quid
1285 4246 1512 4312 tarnenproirciam¹
1524 4259 1600 4308 quum
1612 4259 1642 4296 ne
1654 4246 1780 4297 minimam

998 4361 1010 4384 ι
1027 4341 1128 4406 quidem
1146 4344 1244 4404 partem
1269 4352 1366 4398 eorum,
1393 4336 1437 4400 qui
1455 4333 1568 4385 cornelio
1583 4333 1778 4398 patrocinantur,

998 4448 1010 4472 ι
1025 4428 1074 4478 sim
1094 4427 1244 4479 habiturus?
1261 4431 1316 4478 bon
1337 4425 1458 4477 dubitabo
1471 4427 1554 4475 tamen
1579 4437 1660 4474 meam
1679 4426 1780 4472 senten·

998 4536 1011 4560 ι
1025 4514 1187 4578 tiomdicere,
1206 4515 1386 4579 quamvisbeac
1409 4513 1529 4578 suspicer.
1550 4510 1601 4561 Ubi
1613 4509 1678 4561 enim
1698 4509 1779 4560 omnia

998 4601 1173 4662 «audieritis,
1194 4601 1218 4650 in
1238 4601 1308 4650 vobis
1324 4600 1371 4649 crit
1397 4599 1490 4664 optima
1509 4596 1588 4660 sequi.
1623 4598 1660 4645 De
1683 4594 1780 4644 decem·

997 4707 1011 4733 ι
1026 4688 1109 4738 viratu
1118 4685 1202 4752 igitur,
1210 4686 1519 4751 quomodo'rempublieam
1527 4688 1605 4743 curet,
1616 4695 1779 4746 quaecumque

998 4799 1011 4824 ι
1025 4778 1145 4829 claudius
1162 4777 1383 4842 prestantissimns
1401 4775 1473 4837 dixit,
1497 4775 1584 4826 eadem
1601 4785 1670 4824 arne
1680 4783 1780 4833 quoque

999 4867 1119 4933 «putetis
1140 4865 1219 4925 diota,
1239 4868 1367 4915 nimirum
1384 4864 1504 4914 creandos
1517 4876 1595 4913 novos
1609 4860 1777 4923 magistratus,

998 4967 1011 4992 ι
1029 4951 1162 5009 antequam
1176 4944 1270 4995 bellurn
1293 4944 1458 5006 deoematur;
1485 4957 1543 4993 nom
1562 4941 1617 4991 bec
1628 4953 1731 5004 quoque
1747 4939 1779 4990 ab

999 5055 1011 5081 ιι
1026 5036 1068 5087 ilio
1083 5035 1177 5100 optimo
1191 5035 1274 5085 animo
1284 5037 1343 5084 sunt
1356 5033 1433 5084 dictat
1465 5030 1587 5090 Quoniam
1599 5043 1659 5080 rero
1667 5029 1779 5101 dometio

998 5140 1012 5172 ι
1025 5125 1131 5174 conatus
1153 5126 1192 5174 est
1207 5122 1387 5180 demonstrare,
1400 5132 1455 5169 eam
1467 5117 1616 5168 sententiam
1635 5115 1667 5166 ad
1684 5115 1777 5166 exitum

1000 5232 1013 5259 ι
1026 5225 1058 5263 ac
1070 5211 1144 5265 baem
1160 5211 1261 5279 perduci
1278 5224 1327 5262 uon
1348 5221 1434 5276 posse,
1447 5206 1513 5272 quod
1534 5220 1649 5270 magnum
1661 5204 1779 5269 temporis
