3772 5828
216 455 362 520 πολιτικοῖς
380 450 523 533 ἀνδράσιν,
545 451 572 508 ἐν
588 439 625 516 οἷς
644 448 728 527 ἔγωγε
743 449 849 528 τίθεμαι
868 450 914 508 καὶ
936 448 995 515 τοὺς

219 541 387 623 φιλοσόφους,
403 539 459 600 ὅσοι
476 538 514 617 μὴ
528 538 613 618 λόγων
628 538 687 598 ἀλλ’
705 539 789 617 ἔργων
804 541 892 597 καλῶν
908 537 995 609 ἀσκή-

220 654 260 688 σιν
281 635 406 707 ήγοῦνται
429 627 475 699 τήν
497 625 667 707 φιλοσοφίαν,
697 628 727 685 τδ
751 628 799 704 μὲν
824 627 935 699 ήδεσθαι
959 629 995 706 ’τῇ

219 721 343 778 παντελεῖ
361 719 456 801 θεωρία
479 723 533 778 τῶν
547 716 814 797 παρακολουθούντων
837 716 890 783 τοῖς
907 713 997 793 πράγ-

178 832 191 870 a
221 832 287 882 μασι
302 809 399 880 κοινὸν,
414 806 504 887 ὥσπερ
518 806 564 869 καί
576 814 629 872 τοῖς
639 806 728 872 ἀλλοις
743 803 896 886 ἀνθρώποις,
911 804 998 882 ὑπάρ-

219 919 275 977 χει·
289 898 370 979 χωρίς
382 898 409 956 δὲ
426 902 473 969 τῆς
486 898 592 969 ἡδονῆς,
614 894 794 973 περιγίγνεται
814 894 844 952 τό
856 891 917 973 περί
936 891 996 959 τοὺς

219 987 377 1065 ἀναγκαίους
389 984 493 1065 καιροὺς
505 985 608 1063 μεγάλα
618 982 666 1052 τάς
678 984 767 1049 πόλεις
777 986 807 1041 ίκ
818 987 864 1055 τῆς
876 980 997 1053 τοιαύτης

219 1077 356 1157 ἐμπειρίας
378 1076 502 1151 ὠφελεῖν,
525 1073 571 1133 καί
586 1072 658 1151 ἄγειν
674 1072 755 1138 αὑτάς
775 1071 885 1137 ἑκούσας
907 1070 949 1130 tet
963 1069 997 1127 τά

219 1164 386 1246 συμφέροντα
403 1164 446 1222 διδ
460 1169 505 1221 τοῦ
518 1162 608 1239 λόγου.
636 1160 740 1240 Ῥᾷστα
752 1161 802 1240 γδιρ
817 1161 841 1219 οἱ
864 1160 996 1239 ἄνθρωποι

167 1278 192 1317 lo
218 1254 252 1310 τά
276 1276 305 1311 τε
327 1254 477 1334 ὠφελοῦντα
492 1250 537 1309 καὶ
557 1249 709 1328 βλάπτοντα
728 1247 995 1320 καταμανθάνουσιν,

218 1341 281 1401 όταν
298 1342 340 1399 ἐπὶ
363 1338 585 1418 παραδειγμάτων
607 1341 689 1393 ταῦτα
712 1337 816 1393 πολλῶν
837 1338 935 1415 δρῶσι,
950 1334 996 1393 καί

218 1434 271 1496 τοῖς
285 1428 328 1486 ini
343 1434 427 1487 ταῦτα
450 1426 646 1504 παρακαλοῦσιν
671 1422 763 1489 αύτοὺς
778 1422 902 1502 φρόνησιν
926 1446 996 1503 μαρ-

218 1522 322 1597 τυροῦσι
346 1517 392 1574 καὶ
414 1515 514 1586 πολλὴν
540 1512 642 1591 σοφίαν.
695 1511 745 1573 Διά
769 1510 866 1579 ταύτας
890 1513 922 1586 δή
952 1537 997 1588 μοι

216 1608 264 1673 sic
282 1605 367 1672 αἰτίας
387 1604 471 1673 ἔδοξεν
488 1601 593 1661 ἅπαντα
606 1601 721 1682 ἀκριόῶς
735 1603 843 1661 διελθεῖν
865 1600 900 1661 ai
924 1602 996 1681 γενό·

167 1714 190 1749 ιο
217 1718 283 1771 μενα
298 1694 360 1774 περὶ
373 1693 421 1767 τήν
433 1694 577 1752 κατάλυσιν
592 1696 638 1764 τῆς
654 1691 824 1771 ὀλιγαρχίας,
839 1690 888 1750 θσα
901 1693 934 1763 δὴ
950 1693 994 1751 καὶ

215 1784 295 1862 λόγου
309 1791 398 1863 τυχεῖν
418 1780 478 1850 ἀξια
493 1785 622 1859 ἡγοῦμαι.
666 1781 817 1857 Ποιήσομαι
833 1779 861 1839 di
876 1782 920 1841 τόν
935 1784 995 1862 περί

217 1874 303 1932 αὐτῶν
317 1872 410 1951 λόγον,
426 1874 472 1930 οὑκ
493 1869 546 1929 ἀπὸ
561 1872 613 1928 τῶν
628 1869 785 1929 τελευταίων
801 1869 961 1950 ἀρξάμενος,
978 1871 995 1931 ἃ

218 1964 357 2028 δοκεῖτοῖς
379 1963 486 2026 πολλοῖς
510 1958 584 2018 αίτια
600 1958 719 2037 γενέσθαι
744 1959 811 2035 μόνα
832 1963 879 2033 τ’ής
894 1963 995 2020 ἐλευθε-

219 2051 294 2130 ρίας,
310 2052 378 2125 λέγοι
397 2049 422 2109 δὲ
439 2052 490 2106 τῶν
506 2048 567 2126 περὶ
579 2048 628 2119 τήν
647 2047 774 2126 παρθένον
789 2046 994 2125 ἁμαρτηθέντων

163 2151 191 2191 20
218 2140 321 2220 Ἀππίῳ
334 2138 376 2197 διὺ
400 2138 443 2196 τὸν
462 2138 564 2215 ἔρωτα·
588 2136 725 2215 προσθήκη
747 2135 798 2216 γάρ
823 2135 890 2207 αὕτη
905 2136 995 2214 γεκαὶ

216 2227 356 2287 τελευταία
375 2229 422 2297 τῆς
450 2228 529 2306 ὀργῆς
551 2229 604 2285 τῶν
629 2226 750 2299 δημοτῶν
779 2224 868 2301 αἰτία,
896 2227 994 2305 μυρίων

217 2318 304 2375 ἄλλων
319 2313 566 2394 προηγησαμίνων,
585 2313 642 2371 ἀλλ’
659 2315 703 2392 ἀφ’
726 2304 763 2373 ὧν
777 2313 875 2393 ἤρξατο
891 2318 994 2393 πρῶτον

217 2405 324 2476 ἡπόλις
346 2402 397 2462 ὑπὸ
416 2407 465 2474 τῆς
488 2403 668 2481 δεκαδαρχίας
688 2401 848 2481 ὑόρίζεσθαι.
899 2404 993 2463 Ταῦτα

216 2498 320 2574 πρῶτον
340 2496 411 2575 ἐρῶ,
434 2492 481 2551 καί
499 2491 608 2568 διέξειμι
623 2490 711 2554 πάσας
734 2490 826 2571 ἐφεξῆς
849 2492 896 2559 τλις
919 2493 995 2573 ἀυτῇ

164 2617 189 2653 aa,
216 2583 275 2643 τότε
294 2581 455 2642 καταστάσει
467 2579 620 2658 γενηθείσας
637 2580 813 2658 παρανομίας.

257 2675 292 2732 ll.
318 2670 418 2750 Πρώτη
444 2668 491 2745 μὲν
517 2659 561 2728 οὑν
584 2659 617 2740 ήν
642 2673 659 2738 ἠ
687 2668 784 2737 δόξασα
807 2669 927 2749 γενέσθαι
948 2674 995 2729 τοῦ

215 2760 285 2818 κατὰ
295 2765 342 2830 τῆς
352 2756 507 2837 ὀλιγαρχίας
522 2755 613 2832 μίσους
628 2756 774 2837 πρόφασις,
791 2757 831 2815 ότι
842 2758 993 2838 συνύφηναν

215 2845 262 2920 τήν
279 2846 402 2926 δευτέραν
415 2844 501 2927 ἀρχὴν
511 2849 544 2924 τῇ
555 2846 671 2928 προτέρφ
686 2844 772 2920 δήμου
786 2868 816 2904 τε
830 2847 992 2926 ὑπεριδόντες

215 2938 260 2996 καί
273 2940 369 3015 βουλῆς
382 2936 642 3014 καταφρονήσαντες·
657 2932 748 2993 ἔπειτα
772 2932 812 2991 ότι
826 2934 885 3002 τοὺς
898 2957 989 3013 χαριε·

165 3055 168 3061 ·
216 3026 327 3089 στάτους
341 3021 500 3097 Ῥωμαίων,
516 3012 553 3087 οἷς
568 3023 596 3080 ού
611 3020 680 3080 narb
700 3019 809 3096 γνώμην
825 3020 858 3078 τὺ
875 3023 994 3099 πραττό-

217 3138 283 3188 μενα
307 3116 351 3170 ὑπ’
367 3111 453 3168 αὐτῶν
467 3099 516 3183 ήν,
540 3108 583 3176 οὑς
609 3108 655 3182 μὲν
677 3108 817 3177 ἐξήλαυνον
834 3111 864 3166 ἐκ
886 3114 933 3180 τῆς
947 3110 994 3170 πό·

215 3206 280 3269 λεως
303 3200 387 3263 αἰτίας
411 3197 575 3279 ἐπιφέροντες
588 3199 690 3277 ψευδεῖς
715 3198 758 3255 καὶ
777 3197 877 3270 δεινὰς,
903 3197 945 3266 οὑς
967 3199 994 3258 δὲ

216 3291 422 3360 ἀπεκτίννυσαν,
444 3286 604 3367 κατηγόρους
628 3309 657 3343 τε
685 3287 770 3352 αὐτοῖς
794 3285 993 3364 ὑποπέμποντες

216 3382 246 3439 ίκ
261 3384 313 3439 τῶν
337 3376 408 3436 ἰδίων
432 3374 542 3456 ἑταίρων
563 3375 609 3433 καί
629 3374 676 3442 τὺς
700 3374 774 3441 δίκας
798 3374 896 3442 ταύτας
919 3379 992 3436 αὐτοὶ

176 3486 188 3518 ·'·
216 3471 379 3536 δικάζοντες·
410 3467 527 3540 μάλιστα
551 3464 578 3522 δὲ
609 3463 648 3522 ότι
671 3474 724 3530 τοῖς
749 3464 917 3545 θρασυτάτοις
940 3469 992 3522 τῶν

215 3559 295 3633 νέων,
321 3556 363 3622 οῦς
385 3545 455 3632 εἶχον
471 3552 577 3612 ἕκαστοι
592 3553 652 3634 περὶ
673 3552 780 3627 αὑτοῦς,
802 3558 900 3634 ἐφῆκαν
917 3553 989 3631 ἄγειν

215 3646 259 3703 καὶ
276 3644 361 3725 φέρειν
377 3642 410 3701 τά
425 3648 477 3701 τῶν
490 3641 736 3723 ἐναντιουμένωντῇ
752 3643 880 3725 πολιτεία.
907 3644 943 3701 Οί
960 3642 988 3701 δὲ

215 3734 304 3814 ὥσπερ
323 3734 436 3804 ἁλούσης
448 3732 556 3812 πολέμῳ
572 3734 641 3792 κατδι
655 3735 749 3813 κράτος
760 3738 807 3804 τῆς
823 3735 947 3813 πατρίδος
962 3736 990 3792 ού

215 3825 247 3882 τὰ
261 3823 389 3904 χρήματα
415 3821 493 3898 μόνον
517 3824 666 3902 ἀφηροῦντο
686 3823 744 3887 τοῦς
771 3823 843 3903 νόμῳ
857 3824 994 3900 κτησαμέ-

216 3936 293 3985 νους,
314 3911 443 3970 ἀλλὰκαὶ
459 3910 494 3976 εἰς
517 3909 563 3976 τὰς
577 3908 693 3986 γαμετάς
722 3912 807 3968 αὐτῶν
830 3908 877 3975 τὰς
892 3909 995 3987 εὐμόρ-

216 4024 276 4078 φους
307 4000 484 4078 παρενόμουν,
505 3996 551 4057 καί
572 3998 715 4079 θυγατέρας
746 3998 890 4075 ἐπιγάμους
917 3998 997 4057 καθύ-

217 4090 318 4167 θριζον,
355 4090 399 4146 καί
436 4087 540 4167 πληγάς
575 4097 629 4155 τοῖς
670 4091 862 4166 ἀγανακτοῦσιν
903 4085 993 4167 ὥσπερ

216 4178 388 4256 ἀνδραπόδοις
405 4179 539 4237 ἐδίδοσαν·
561 4177 606 4237 καί
622 4179 823 4255 παρεσκεύασαν
839 4176 909 4245 ὅσοις
927 4180 996 4261 ἀφό-

216 4288 282 4343 ρητα
299 4254 364 4322 εἶναι
379 4264 413 4322 sir
427 4267 550 4343 γινόμενα
566 4266 649 4326 ἐδόκει
662 4265 854 4332 καταλιπόντας
877 4267 925 4340 τήν
940 4291 995 4324 πα·

176 4376 188 4409 a
215 4352 291 4431 τρίδα
303 4352 417 4428 γυναιξὶν
432 4358 497 4430 ὁμοῦ
520 4357 564 4414 καί
579 4357 678 4421 τέκνοις
691 4360 726 4422 εἷς
739 4355 785 4421 ri<
802 4357 914 4429 πλησίον
927 4357 993 4426 ἐξοι-

215 4442 332 4508 κίζεσθαι
348 4441 450 4515 reice,
477 4444 676 4522 ὑποδεχομένων
694 4445 787 4510 αὐτοὺς
804 4447 924 4506 alucitae
947 4446 994 4520 μὲν

215 4530 258 4587 διά
273 4532 302 4587 τό
318 4531 453 4607 συγγενὲς,
474 4532 603 4608 Ἑρνίκων
620 4535 646 4591 δὲ
668 4534 711 4592 διὰ
724 4535 772 4604 τήν
793 4534 904 4616 ἔναγχος
919 4537 993 4594 δεδο-

216 4621 295 4695 μένην
317 4621 404 4684 αὐτοῖς
430 4620 479 4678 ὑπὸ
497 4620 639 4697 Ῥωμαίων
664 4626 853 4684 ἰσοπολιτείαν.
896 4623 992 4699 Ὥστε,

215 4707 278 4787 ὑπερ
304 4711 369 4774 εἰκός
387 4701 433 4782 ήν,
460 4713 630 4776 τελευτῶντες
648 4713 722 4770 αὐτοὶ
747 4713 955 4791 κατελείφθησαν
971 4716 994 4770 oi

162 4817 173 4851 ει
215 4800 415 4875 φιλοτύραννον,
430 4803 475 4858 καὶ
486 4789 521 4864 οἷς
534 4802 652 4874 μηδεμία
667 4806 718 4859 τῶν
730 4807 824 4860 κοινῶν
841 4803 942 4880 φροντίς
952 4807 994 4872 ἠν.

215 4886 285 4946 (δότε
299 4889 350 4966 γάρ
367 4887 393 4947 οί
408 4912 437 4966 γε
449 4888 584 4966 πατρίκιοι
601 4891 718 4961 διέμενον
736 4894 763 4947 ἓν
777 4895 811 4970 τῇ
831 4892 925 4960 πόλει,
946 4895 994 4946 θω·

215 4975 302 5034 πεύειν
324 4977 371 5052 μὲν
395 4983 442 5038 οὑκ
462 4977 591 5044 ἀξιοῦντες
612 4978 671 5043 τοὺς
695 4980 844 5056 ἡγεμόνας,
865 4982 994 5037 ἐναντιοῦ-

215 5067 275 5119 σθαι
290 5065 316 5121 δὲ
329 5076 381 5133 τοῖς
393 5067 581 5145 πραττομένοις
595 5067 790 5132 ἀδυνατοῦντες·
807 5067 865 5125 οὔτε
877 5071 899 5125 οἱ
912 5091 994 5126 κατα·

215 5152 357 5232 γραφέντες
373 5157 409 5221 εἰς
432 5155 461 5213 τὸ
480 5155 648 5233 βουλευτικόν
664 5156 814 5232 συνέδριον,
830 5155 871 5221 οῦς
890 5157 1008 5227 ἐπάναγ-

739 316 908 379 DlONYSll
931 318 1306 380 rinilcnitrtnssansls

1049 473 1146 523 quoque
1159 474 1230 525 pono,
1243 463 1365 526 quotquot
1375 460 1559 526 philosophiam
1571 476 1623 513 non
1635 462 1792 525 rethorum.
1805 468 1843 517 scd

1048 547 1224 611 praeclarorum
1239 548 1375 600 facinorum
1385 549 1588 603 exercitationem
1596 553 1706 618 putant)
1721 557 1844 619 quemad·

1049 638 1150 687 annulum
1164 638 1261 687 caeteris
1276 637 1418 689 homiuibus
1432 640 1501 690 illud
1519 644 1709 692 communeest
1730 648 1770 699 ut.
1790 659 1842 696 om·

1049 725 1297 789 nummumque
1313 726 1388 777 rebus
1398 726 1534 788 adhereat,
1551 731 1775 794 contemplatione
1793 733 1842 798 ple·

1050 814 1152 864 nissima
1175 813 1329 865 delectentur
1351 836 1358 865 ε
1386 815 1431 866 scd
1454 818 1549 881 preater
1570 816 1737 882 voluptatem
1755 834 1843 885 magna

1050 916 1150 966 qnoque
1160 903 1289 953 commoda
1313 902 1344 954 ad
1364 904 1478 955 civitates
1499 904 1570 956 duris
1584 907 1742 973 asperisque
1757 923 1842 960 earnm

1051 992 1202 1056 temporibus
1213 993 1297 1043 extoli
1308 1006 1391 1043 rerum
1404 997 1519 1044 accurata
1531 996 1680 1056 cognitione
1697 998 1841 1050 redundant

1051 1091 1100 1140 qna
1114 1079 1188 1128 etiam
1209 1078 1246 1137 lat.
1263 1084 1292 1129 ut
1308 1093 1345 1130 εκ
1355 1079 1384 1130 ad
1400 1093 1448 1142 res,
1470 1094 1527 1144 quaa
1544 1081 1607 1146 ipsis
1616 1083 1780 1147 conducunt,
1791 1100 1842 1137 ora·

1052 1164 1117 1214 tinne
1132 1164 1336 1216 ultroducautur.
1381 1167 1497 1218 llomines
1513 1168 1595 1227 enim,
1606 1182 1669 1231 ηοω
1684 1176 1842 1236 prosuut‚el

1050 1265 1109 1316 quaa
1124 1251 1222 1315 obsunt,
1244 1253 1360 1305 tacillime
1388 1260 1549 1319 cognoscunt,
1563 1257 1669 1321 quando
1681 1272 1714 1310 ea
1732 1274 1764 1311 cx
1775 1261 1841 1310 mul·

1050 1341 1134 1391 torum
1146 1341 1265 1404 exemplis
1276 1341 1370 1403 vident,
1384 1343 1472 1407 iisque,
1485 1344 1529 1408 qui
1542 1358 1569 1395 se
1580 1345 1613 1395 ad
1627 1346 1688 1397 haec
1698 1348 1840 1408 hortantur,

1051 1428 1188 1493 prudentie
1208 1443 1352 1494 magnaque
1368 1432 1491 1497 sapientia
1506 1434 1682 1486 testimonium
1699 1437 1839 1502 perhibent.

1051 1518 1089 1569 Oh
1102 1519 1147 1569 hus
1158 1519 1234 1584 igitur
1242 1533 1342 1571 caussas
1358 1522 1439 1571 visum
1458 1526 1497 1574 est
1514 1523 1577 1573 mihi
1586 1528 1710 1576 accurate
1723 1529 1840 1592 persequi

1050 1607 1144 1669 omnia,
1156 1622 1213 1672 quaa
1227 1609 1251 1658 in
1273 1608 1455 1659 decemviratus
1469 1608 1632 1675 abrogatione
1646 1614 1806 1675 acciderunt,
1815 1618 1840 1665 et

1050 1708 1108 1759 qua
1116 1700 1255 1748 memoratu
1265 1696 1417 1762 dignaputo.
1452 1700 1488 1748 lle
1500 1699 1548 1749 illis
1564 1703 1651 1751 autem
1667 1716 1753 1767 agam
1769 1704 1840 1755 initio

1051 1798 1100 1836 non
1111 1785 1143 1836 ab
1155 1786 1249 1837 ultimis
1265 1786 1357 1849 ducto,
1369 1799 1425 1850 qua
1443 1787 1530 1838 multis
1543 1789 1663 1841 ridentur
1679 1794 1735 1842 sola
1753 1807 1840 1844 caussa

1052 1873 1173 1925 libertatis
1201 1875 1290 1936 tuisse,
1316 1876 1348 1926 ab
1371 1874 1410 1935 iis,
1432 1876 1547 1940 inquam,
1564 1892 1624 1944 quae
1641 1880 1740 1945 Appius
1757 1896 1841 1932 amore

1051 1967 1180 2026 correptus
1195 1963 1220 2012 in
1235 1963 1352 2027 virginem
1365 1965 1491 2016 commisit
1505 1966 1579 2027 thee
1598 1968 1666 2019 enim
1679 1974 1719 2020 est
1733 1971 1839 2022 aliorum

1052 2051 1106 2100 cius
1121 2051 1257 2101 facinorum
1267 2053 1397 2116 appendix,
1416 2053 1520 2119 hecque
1536 2059 1575 2106 est
1588 2059 1716 2121 postrema
1736 2072 1839 2123 caussa,

1052 2154 1109 2204 quea
1130 2140 1210 2204 plebis
1219 2142 1281 2190 iram
1296 2142 1444 2204 concitavit,
1466 2157 1543 2209 quum
1559 2149 1685 2194 sexcentae
1704 2146 1760 2195 aliae
1769 2161 1837 2210 prac-

1052 2229 1210 2293 cessissent),
1228 2229 1269 2279 sed
1282 2243 1324 2280 eas
1347 2232 1512 2282 contumelias
1523 2244 1552 2283 ac
1562 2231 1663 2283 iniurias
1683 2233 1778 2296 quibus
1790 2235 1836 2285 de

1051 2319 1201 2370 cemriratus
1210 2318 1390 2383 rempublicam
1402 2319 1504 2371 allicere
1515 2319 1715 2386 cupit‚prirnurn
1730 2321 1829 2383 δίσκοις

1050 2410 1076 2458 et
1088 2407 1170 2458 omnia
1196 2407 1301 2463 scelera.
1316 2420 1374 2470 quae
1387 2411 1447 2457 tunc
1465 2408 1490 2458 in
1505 2408 1548 2459 illo
1556 2406 1745 2471 ἀπωθεῖται
1757 2422 1832 2459 com-

1051 2494 1126 2546 missa
1138 2500 1211 2557 sunt,
1226 2495 1312 2545 ordine
1326 2495 1467 2546 recensebo.

1082 2679 1115 2728 ll.
1132 2678 1225 2729 caussa
1243 2676 1328 2739 igitur,
1343 2691 1399 2742 quae
1410 2676 1491 2743 prima
1501 2678 1557 2729 visa
1571 2684 1612 2731 est
1627 2679 1716 2731 odium
1728 2681 1836 2733 domina-

1050 2765 1089 2814 tui
1111 2778 1245 2829 paucorum
1268 2767 1422 2826 conciliasse,
1452 2766 1507 2816 haec
1532 2766 1581 2819 tuit
1609 2768 1692 2833 quod,
1721 2770 1834 2835 (impacta

1051 2854 1122 2917 plebe
1134 2857 1160 2904 et
1181 2856 1268 2904 senatu
1291 2858 1425 2915 contemto,
1448 2854 1585 2905 secundum
1608 2858 1757 2922 magistratu
1777 2872 1834 2909 cum

1053 2944 1133 3006 priore
1147 2944 1338 3008 conjunxissent.
1366 2944 1460 2996 Deinde
1480 2945 1539 3009 qula
1558 2946 1749 2999 honestissimos
1760 2962 1835 3013 qnos·

1051 3027 1238 3095 que'linmanos¹
1252 3033 1344 3096 quibus
1359 3036 1415 3084 acta
1429 3034 1540 3097 ipsorum
1554 3035 1735 3099 displicebant,
1744 3037 1835 3101 partim

1052 3134 1083 3169 ex
1093 3120 1292 3183 nrbepcllebaul,
1314 3120 1382 3172 lalals
1394 3122 1562 3186 gravibusque
1575 3124 1723 3174 criminibus
1744 3125 1833 3184 illatis.

1050 3209 1139 3273 partim
1161 3209 1355 3273 interficiebant3
1370 3225 1413 3261 eos
1431 3210 1497 3262 enim
1509 3212 1671 3272 accusabant,
1694 3214 1837 3264 subornatis

1051 3301 1175 3365 aliquibus
1192 3303 1223 3354 de
1237 3304 1289 3354 suis
1308 3303 1409 3363 amicis,
1422 3307 1446 3355 et
1460 3305 1506 3369 ipsi
1519 3303 1550 3353 de
1567 3304 1607 3354 his
1620 3301 1715 3354 canaeis
1727 3313 1835 3363 cognos-

1052 3394 1140 3443 cebaut
1153 3414 1158 3442 :
1174 3396 1217 3444 sed
1231 3396 1352 3459 praecipue.
1365 3395 1424 3458 quia
1437 3395 1610 3445 audacissimis
1626 3397 1756 3459 Juvenum,
1768 3404 1838 3457 quos

1055 3475 1143 3541 singuli
1152 3490 1238 3527 eorum
1249 3478 1315 3527 circa
1325 3490 1351 3528 se
1364 3477 1493 3535 habebant,
1505 3479 1683 3541 penniserant.
1697 3485 1725 3531 ut
1733 3484 1837 3544 agerent

1051 3570 1077 3617 et
1089 3568 1179 3617 terrent
1193 3581 1233 3617 res
1246 3581 1340 3626 eorum,
1353 3566 1396 3630 qui
1414 3566 1449 3616 rlli
1458 3566 1566 3617 civitatis
1578 3567 1663 3619 lormae
1675 3568 1837 3621 adversarer·

1052 3657 1102 3703 tnr.
1133 3654 1182 3712 Qui
1208 3654 1315 3717 quidem,
1347 3658 1464 3718 tanquam
1479 3655 1555 3705 annis
1582 3660 1653 3720 capta
1677 3662 1703 3708 et
1723 3661 1838 3722 pervim

1052 3747 1190 3808 expugnata
1203 3746 1350 3807 patriarca
1365 3744 1445 3794 solum
1460 3744 1524 3794 hona
1537 3746 1590 3796 suis
1601 3744 1711 3796 dominis
1725 3747 1839 3811 legitime

1053 3839 1123 3899 parta
1135 3837 1292 3894 miscebant,
1316 3835 1359 3885 sed
1374 3836 1449 3885 etiarn
1458 3835 1483 3885 in
1505 3836 1626 3886 formosas
1641 3850 1727 3887 comm
1739 3851 1838 3889 uxores

1051 3924 1124 3988 impie
1151 3940 1177 3975 se
1200 3924 1333 3989 gerebant,
1347 3927 1373 3975 et
1392 3929 1418 3974 ln
1442 3923 1504 3975 silias
1525 3924 1635 3987 nubiles,
1662 3927 1838 3978 contumeliosi

1050 4015 1134 4073 crant3
1151 4018 1175 4063 et
1193 4014 1231 4074 iis,
1242 4014 1285 4077 qui
1304 4013 1360 4062 ideo
1383 4012 1583 4075 indignabantur,
1594 4012 1678 4076 plagas
1697 4016 1838 4066 utmanci-

1052 4102 1107 4166 piis,
1132 4101 1285 4164 indigebant;
1306 4101 1492 4164 effecerantque
1510 4103 1540 4150 ut
1557 4102 1587 4160 ii,
1601 4101 1692 4166 quibus
1715 4103 1770 4151 inec
1786 4106 1837 4152 mi-

1051 4191 1116 4241 nime
1129 4190 1228 4241 terenda
1248 4190 1404 4248 videbantur,
1420 4190 1506 4239 relicta
1529 4191 1672 4254 patriacum
1684 4190 1837 4251 conjugibus

1051 4280 1140 4337 liberis,
1152 4283 1177 4329 et
1189 4280 1213 4328 in
1224 4280 1351 4342 proximas
1368 4279 1442 4328 urbes
1452 4278 1594 4342 migrarent,
1605 4292 1666 4341 quos
1677 4276 1755 4325 Latini
1774 4281 1837 4340 qui-

1049 4370 1104 4417 dem
1122 4370 1154 4418 nb
1172 4369 1350 4429 cognationem,
1363 4368 1463 4417 Hernici
1483 4380 1542 4417 vero
1554 4367 1586 4415 ob
1606 4367 1643 4415 ius
1654 4363 1763 4413 ciritatis
1784 4368 1836 4418 sibi

1050 4472 1150 4520 nupera
1164 4456 1280 4505 Romanis
1300 4456 1385 4506 datum
1400 4455 1555 4518 recipiebant.
1587 4456 1671 4515 ltaque
1689 4452 1771 4515 (quod
1786 4469 1836 4505 re-

1050 4547 1150 4596 risimile
1179 4547 1224 4607 est)
1239 4549 1336 4595 laridum
1356 4545 1401 4594 soli
1417 4546 1586 4596 rcrrannsernut
1602 4541 1637 4592 illi
1654 4541 1695 4605 qui
1708 4545 1836 4604 tpranno·

1049 4651 1103 4684 rann
1119 4635 1223 4684 studiosi
1247 4639 1331 4694 erant,
1354 4635 1433 4696 etqui
1456 4631 1628 4698 rempublicam
1646 4631 1706 4682 nihil
1729 4649 1835 4698 prorsus

1050 4723 1175 4772 curabant.
1206 4727 1289 4786 Neque
1310 4724 1374 4772 enirn
1394 4722 1488 4785 patricii
1504 4725 1528 4771 in
1550 4722 1612 4772 urbe
1631 4728 1834 4784 permanserunt.

1048 4810 1113 4872 qnod
1140 4810 1288 4860 ‹lesterneiris
1314 4809 1454 4873 reipublicae
1477 4808 1682 4869 pulrematoribus
1711 4812 1834 4860 assentari

1049 4898 1156 4950 nollent.
1172 4912 1257 4947 eorum
1272 4913 1331 4947 vern
1343 4898 1451 4945 t'acinora
1466 4897 1585 4960 impedire
1598 4910 1647 4946 non
1662 4902 1776 4961 lassent:
1789 4900 1834 4949 sed

1049 5004 1078 5037 nc
1091 4988 1123 5037 illi
1141 4988 1240 5049 qrridena
1253 5027 1258 5046 ,
1272 4989 1316 5050 qui
1335 4988 1358 5034 in
1381 4987 1530 5035 senatorium
1546 4985 1659 5035 ordinem
1681 4987 1752 5034 relati
1781 4988 1836 5037 tue·

1049 5083 1111 5133 rain,
1132 5077 1224 5139 quibus
1239 5090 1339 5124 necesse
1364 5078 1417 5124 auat
1439 5075 1527 5124 adesse
1546 5074 1733 5136 magislralibus
1756 5094 1762 5123 z
1788 5078 1834 5127 sed

1049 5169 1136 5217 lrornm
1159 5181 1257 5230 quoque
1282 5166 1400 5229 plerique,
1422 5180 1478 5215 cum
1494 5165 1595 5228 integris
1610 5164 1710 5215 familiis
1722 5165 1834 5231 migran-
