3772 5828
223 303 284 417 ιω

265 485 342 546 XIX.
366 481 535 543 Ἐντιυδενδ
521 479 548 538 δδ
569 478 617 551 τήν
641 476 751 558 δύναμιν
773 476 957 543 ἀναλαόάιν
939 508 1001 563 ηγεν

225 576 268 634 ἐπὶ
280 597 339 640 τους
354 569 530 648 καλουμένους
542 568 720 637 Λαόικανούς.
763 561 857 632 '‘”Hv
833 594 861 631 οε
877 574 923 632 καλ
936 574 1003 647 αιἰτή

226 664 284 722 τότε
311 658 432 719 Λατίνων
448 664 465 730 ή
480 657 571 730 πόλις,
598 657 773 718 ‘altardo'
755 683 844 739 ωσπερ
874 664 901 720 αἱ
924 662 1004 722 ἄλλαι

228 750 342 817 ἀποικος.
388 744 619 818 Καταπλήξασθαι
639 745 667 805 dl
684 747 897 825 βουλόμενος
858 773 917 816 τους
929 748 1003 809 ἔνδον

186 877 199 915 g
228 841 313 898 ἔκαιον
330 838 416 897 αιἰτῶν
439 833 486 908 τήν
501 834 592 915 χώραν
612 833 685 901 εὐθὺς
701 837 796 910 ἀπιὼν,
812 836 869 896 dues
885 841 1004 915 μάλιστα

229 929 337 1041 ἔμελλον
353 926 463 1007 ὄψεσθαι
471 923 520 995 τήν
530 923 626 1003 φλόγα.
666 927 700 984 Οἱ
715 925 742 984 δὲ
754 925 904 986 Λαὸικανοί
918 929 1005 1009 τεῖχος

229 1040 257 1074 ευ
272 1013 517 1091 κατεσκευασμένον
533 1011 637 1093 έχοντις
657 1012 718 1071 οὔτε
732 1016 940 1092 κατεπλάγησαν
954 1017 1005 1075 αὐ-

228 1128 273 1164 του
256 1103 335 1176 τήν
351 1103 414 1215 ἔροδ
414 1127 442 1162 ον
459 1101 518 1162 οὔτε
539 1100 661 1177 μαλακον
682 1103 804 1162 ἐνέδοσαν
826 1106 965 1177 adiici>
936 1105 1005 1163 ἀλλά

229 1199 348 1274 ἀντεῖχον
359 1191 558 1294 ἀπομαχόμενοι
572 1189 697 1269 γενναίως
708 1214 753 1251 και
744 1191 891 1261 πολλάκις
901 1193 1006 1252 έπιόαί·

176 1290 200 1329 ιο
228 1298 318 1338 νοντας
332 1279 377 1332 τοῦ
395 1269 551 1350 τείχους
512 1295 571 1338 τοις
594 1273 770 1347 πολεμίους’
755 1271 860 1351 απήραξ
863 1299 903 1333 αν.
963 1276 1003 1334 Οὔ

229 1365 281 1439 μήν
294 1364 328 1426 εἰς
339 1360 447 1426 τελος
424 1385 440 1438 γ
464 1359 593 1438 ἀντέσχον
606 1359 689 1437 ὀλίγοι
702 1361 765 1440 πρὸς
781 1361 921 1429 πολλους’
907 1385 1004 1441 αγωνι-

228 1451 331 1527 ζόμενοι
345 1451 391 1507 καὶ
404 1449 497 1527 χρόνον
512 1447 605 1506 οὐδὲ
582 1469 626 1507 τον
642 1449 780 1530 ἐλάχιστον
796 1452 1001 1529 ἀναπαυόμενοι.

229 1540 335 1602 nolani
349 1537 400 1616 γὰρ
415 1535 562 1616 προσὸολαλ
577 1537 621 1595 καλ
641 1541 699 1595 καθ’
715 1536 779 1608 ὅλην
798 1536 845 1596 τήν
858 1540 934 1598 πόλιν
948 1539 1003 1618 ε’γί·

227 1651 301 1686 νοντο
315 1627 366 1687 ὑπὸ
380 1629 431 1683 τῶν
442 1625 619 1685 Οὐολούσκων
635 1626 664 1683 ἐκ
675 1625 814 1707 διαδοχῆς,
834 1630 1004 1709 ὑποχωρούν-

176 1737 200 1775 ra
227 1741 279 1775 των
293 1715 340 1793 μέν
355 1715 405 1773 αἰεὶ
417 1718 469 1772 τῶν
480 1713 670 1790 κεκμηκότων,
687 1712 785 1793 ἐτέρων
800 1714 827 1774 δέ
842 1719 1002 1795 προσιόντων

227 1810 335 1883 νεαρῶν·
360 1804 424 1885 πρὸς
437 1803 482 1870 ob<
499 1802 686 1881 ἀγωνιζόμενοι
710 1804 741 1861 δι’
757 1802 820 1875 ὅλης
836 1803 938 1884 ἡμέρας
957 1804 1003 1864 καλ

228 1894 285 1953 οὐδὲ
300 1894 344 1955 τὸν
358 1898 405 1965 τῆς
427 1892 518 1958 νυκτὸς
534 1891 751 1968 ἀναπαυσάμενοι
766 1893 860 1972 χρόνον
888 1895 1003 1954 ἐκλιπεῖν

227 1984 432 2063 ἠναγκάσθησαν
455 1982 484 2040 τὸ
499 1989 585 2061 τεῖχος
611 1981 662 2039 ὑπὸ
685 1981 775 2040 κόπου.
832 1982 1002 2061 Παραλαάιλιν

228 2071 254 2130 δὲ
270 2073 314 2130 καὶ
328 2073 429 2143 ταύτην
446 2076 459 2129 ὁ
475 2069 595 2146 Μάρκιος
610 2068 657 2141 τήν
670 2070 746 2127 πολιν
763 2068 1002 2149 ἐξηνδραποδίσατο

173 2177 200 2217 κο
227 2163 271 2218 καλ
285 2169 338 2227 τοῖς
353 2157 526 2239 στρατιώταις
538 2160 619 2235 έρῆκε
631 2155 790 2234 μερίσασθαι
800 2157 847 2224 τάς
864 2158 999 2239 ἀιρελείας.

227 2247 389 2317 Ἀναστήσας
403 2245 430 2306 δέ
445 2245 492 2319 τήν
508 2245 619 2321 δύναμιν
635 2245 732 2303 έκεῖθεν
748 2245 790 2304 ἐπὶ
812 2247 860 2318 τήν
876 2248 1003 2309 Πεδανῶν

227 2335 313 2395 πόλιν·
323 2328 355 2408 ήν
367 2336 394 2394 δέ
410 2335 455 2395 καλ
475 2333 542 2405 αὐτή
557 2337 603 2392 τοῦ
618 2332 739 2393 Λατίνων
750 2334 848 2413 γένους·
860 2359 1002 2418 συντεταγ-

227 2423 307 2499 μένην
320 2425 368 2498 τὴν
382 2423 510 2506 στρατιδιν
526 2422 593 2502 ἔχων
610 2425 776 2502 ἀφικνεῖται,
795 2427 840 2486 καλ
851 2426 932 2499 αὐτὴν
945 2429 1002 2503 ἀμα

226 2518 263 2594 τῷ
278 2514 426 2589 πλησιάσαι
440 2517 493 2579 τοῖς
505 2512 620 2620 τείχεσινΙ
635 2514 705 2592 αἱρεῖ
718 2514 788 2573 κατά
803 2515 905 2595 κράτος.
948 2516 1004 2575 Καὶ

172 2609 274 2678 ηςῦτα
260 2602 312 2666 dd
328 2604 423 2669 διαθεὶς
437 2600 487 2660 ὅσα
508 2600 556 2667 τάς
570 2600 694 2682 πρότερον
709 2602 883 2679 άλούσας,έωθ
885 2627 912 2663 ιν
930 2607 973 2663 ein
976 2602 1004 2668 ιλς

228 2692 379 2761 ἀναστήσας
392 2691 440 2763 τήν
457 2689 568 2767 δύναμιν
589 2682 652 2769 ήγεν
667 2691 711 2750 ἀπὶ
728 2695 785 2771 Κορ
787 2690 882 2752 ύιῶνα.
924 2690 1002 2752 Ὄντι

228 2772 299 2830 δέ’
271 2776 342 2831 αοτῶ
355 2796 401 2832 του
416 2773 518 2852 τείχους
531 2772 643 2841 πλησίον
659 2768 706 2837 τάς
718 2772 804 2840 πύλας
819 2771 964 2840 ἀνοίξαντες
978 2778 1002 2834 οἱ

228 2863 330 2919 ἔνδον’
316 2866 465 2920 απαντῶσιν
480 2882 548 2963 πρρτ
538 2858 659 2926 τίνοντες
686 2860 821 2938 ἱκετηρίας
840 2861 886 2920 καί
911 2883 1001 2940 παρα-

228 2947 338 3014 διδοντες
353 2944 521 3025 ἀμαχητὶ
497 2968 527 3002 το
545 2952 642 3022 τεῖχος.
687 2943 740 3011 Οὓς
756 2945 927 3013 ἐπαινέσας
912 2970 948 3013 ως
969 2947 1001 3006 τδι

173 3064 200 3103 30
227 3037 354 3115 κράτιστα
378 3035 438 3114 περὶ
461 3038 531 3112 σρῶν
558 3032 794 3111 βεέουλευμένους,
813 3036 948 3095 ἐκέλευσεν
964 3060 1001 3093 ων

227 3124 278 3184 ἔδει
303 3127 335 3202 τῇ
357 3131 468 3203 στρατιᾷ
486 3119 610 3200 φέροντας
633 3120 727 3193 ήκειν,
752 3122 876 3201 ἀργύριόν
903 3147 930 3182 τε
951 3148 998 3183 και

225 3218 306 3274 σῖτον.
354 3213 406 3272 Καὶ
418 3208 506 3267 λαύάιν
525 3207 574 3266 ὅσα
591 3208 767 3287 προσέταξεν,
784 3213 870 3289 ἀπῆγε
887 3212 935 3284 τήν
958 3213 1001 3272 δύ-

225 3326 303 3378 ναμιν
318 3300 361 3359 ἐπὶ
382 3299 429 3370 τήν
452 3299 622 3358 Κοπιολανῶν
647 3299 732 3358 πόλιν,
778 3300 955 3380 Παραδόντων
973 3301 1001 3360 δέ

225 3390 347 3462 κάκείνην
362 3392 414 3447 τῶν
429 3387 500 3446 ἔνδον
517 3390 653 3465 ἀμαχητὶ,
665 3388 710 3446 καὶ
725 3387 794 3466 [ιίις]
812 3389 880 3464 μετὰ
899 3391 998 3462 πολλῆς

172 3512 197 3550 35
225 3485 372 3556 προθυμίας
388 3475 483 3555 ἀγοράς
507 3497 534 3532 τε
554 3477 745 3557 παρασχόντων
770 3481 803 3556 τῇ
819 3476 930 3552 δυνάμει
955 3478 999 3537 καὶ

226 3567 354 3646 χρήματα
366 3563 412 3623 καί
427 3561 476 3622 ὅσα
493 3563 562 3621 ἀλλα
575 3564 733 3625 ἐπετέτακτο
748 3566 844 3638 αὐτοῖς,
857 3568 943 3647 ἀπῆγε
952 3567 1000 3638 τήν

226 3655 350 3734 στρατιάν
361 3656 396 3719 de
408 3654 450 3712 dra
463 3653 597 3734 φιλίας
563 3677 621 3731 γης.
670 3656 745 3716 Πάνυ
761 3656 812 3738 γάρ
826 3655 858 3727 δή
869 3658 914 3716 καλ
925 3680 999 3715 rouro

226 3745 401 3815 ἐσπούδαζεν,
431 3748 466 3808 ὡς
495 3743 575 3816 μηδὲν
599 3745 623 3802 οἱ
643 3745 830 3824 παραδιδόντες
856 3744 980 3804 αιἰτολ
954 3768 1000 3811 τας

225 3835 288 3892 πολε
278 3857 314 3900 ·ις
329 3823 469 3891 πάθοιεν
450 3857 486 3890 ων
511 3833 619 3910 φιλεῖ
604 3853 618 3890 ο
622 3837 697 3912 nri
719 3834 849 3910 πολεμος,
866 3834 934 3893 ἀλλά
955 3834 1000 3892 καλ

172 3952 199 3990 ⁴0
225 3946 274 4028 γην
290 3925 407 4002 ἀδήωτον
421 3919 635 3998 ἀπολαμύάνοιεν
647 3921 693 3981 καλ
715 3922 874 4002 βοσκήματα
888 3944 934 3981 και
952 3927 999 3981 ἀν-

227 4009 343 4085 δράποδα
359 4013 408 4069 ὅσα
424 4011 565 4070 κατελιπον
584 4011 627 4068 erl
642 4015 693 4070 τῶν
710 4009 828 4080 κτήσεων
841 4011 997 4086 κομίζοιντο.

228 4098 386 4164 Αὐλίζεσθαί
400 4123 428 4156 τε
444 4100 491 4157 σιἰκ
506 4098 547 4158 εἷα
563 4099 612 4171 τήν
631 4099 741 4175 δύναμιν
757 4101 783 4158 έν
801 4103 858 4166 ταῖς
873 4099 1000 4174 πόλεσιν,

227 4183 268 4242 ἵνα
286 4187 322 4259 μή
339 4211 364 4244 τι
379 4188 485 4263 γένηται
499 4189 533 4245 δι’
542 4187 665 4295 ἁρπαγῆς
686 4189 751 4268 πρὸς
770 4190 853 4247 αὐτῶν
867 4185 885 4258 ἢ
900 4189 1001 4261 κλοπῆς

225 4269 322 4340 κανδν,
341 4274 409 4331 alil
424 4274 497 4353 παρ
514 4277 604 4341 τοῖς.
591 4277 692 4388 τείχεσι
709 4278 996 4356 κατεστρατοπέδευεν.

172 4388 197 4424 ιι
268 4364 331 4421 Χλ.
365 4361 421 4420 '.l.-
405 4387 428 4421 ο
453 4362 480 4420 δὲ
506 4364 604 4437 ταύτης
627 4364 778 4438 ἀναστήσας
805 4372 852 4436 τῆς
877 4369 997 4438 πόλεως,

226 4449 361 4519 ήλαυνε
338 4474 383 4509 τον
407 4451 517 4530 στρατὸν
533 4456 577 4514 ἐπὶ
598 4456 766 4536 Βοίλλας,’
756 4482 787 4516 επ
772 4481 868 4539 ..ιρανη
891 4458 942 4519 τότ’
957 4460 1001 4515 οὐ·

227 4561 274 4595 οαν
290 4563 334 4597 και
325 4541 375 4598 έν
391 4540 490 4614 ὀλίγαις
516 4543 584 4601 πάνυ
604 4552 659 4610 ταῖς
677 4546 834 4623 ἡγουμέναις
850 4570 895 4604 του
914 4544 1001 4604 Λατί-

225 4651 275 4685 νων
287 4630 375 4707 γένους
388 4629 494 4687 πόλεσιν
509 4631 706 4708 ἐξεταζομένην.
726 4637 767 4694 Οὐ
784 4633 1000 4714 προσδεξαμένων

227 4718 252 4776 δὲ
265 4717 341 4775 αὐτὸν
354 4722 405 4776 τῶν
418 4717 508 4790 ἔνδον,
527 4719 595 4780 ἀλλά
606 4726 643 4801 τῷ
656 4723 678 4780 τ’
698 4723 808 4801 ἐρύματι
824 4722 1000 4781 πιστευόντων

171 4832 197 4869 σο
226 4812 312 4889 ἐχυρῷ
327 4833 357 4887 γε
373 4811 473 4888 σφόδρα
490 4808 544 4866 ὄντι
555 4810 600 4868 καὶ
617 4815 655 4889 τῷ
680 4812 773 4882 πλήθει
789 4814 838 4868 τῶν
856 4811 903 4868 ἀπ’
920 4813 999 4869 αὐτοῦ

227 4898 441 4975 μαχησομένων,
457 4898 644 4975 παρακαλέσας
658 4898 706 4969 τήν
727 4902 836 4974 δύναμιν
853 4900 998 4975 ἀγωνίζεσ-

226 4988 268 5039 θαι
282 4988 424 5063 προθύμοις
450 4987 495 5045 καὶ
511 4991 564 5052 τοῖς
585 4986 709 5131 πρώτοις,
713 4987 821 5045 tardem
837 4992 883 5044 τοῦ
898 4987 999 5063 τείχους

225 5073 370 5147 μεγάλας
356 5077 453 5154 οωρεάς
469 5074 670 5154 ὑποσχόμενος,
695 5074 770 5153 ἔργου
785 5073 879 5182 εἴχετο·
894 5098 940 5133 και
957 5074 997 5149 γί-

224 5182 295 5217 νεται
313 5161 388 5240 μάχη
402 5163 462 5243 περὶ
477 5162 560 5242 ταύτῃ
578 5185 610 5241 τῃ
594 5163 700 5220 πόλει
716 5184 783 5240 καρτ
754 5160 844 5241 ρεάρ.
890 5164 931 5223 Οὐ
945 5160 996 5245 γάρ

749 348 919 414 DIONYSII
943 354 1317 419 HALICARNASSENSIS

1090 499 1154 546 xlii.
1174 498 1233 548 lude
1248 513 1306 548 cum
1323 500 1477 552 exercituin
1487 500 1621 553 labicanos
1634 507 1673 554 est
1696 505 1842 569 proiectus

1059 592 1119 641 llaec
1133 596 1218 642 autem
1229 591 1318 643 civitas
1330 601 1392 644 tunc
1403 595 1498 646 latine
1518 597 1597 659 gentis
1611 599 1659 648 et
1652 613 1718 664 ipsa,
1736 606 1767 651 ut
1786 604 1841 655 reti·

1058 697 1123 746 quae,
1136 685 1287 738 Albanorum
1301 692 1355 738 erat
1369 687 1473 738 colonia.
1496 689 1579 746 Quum
1593 693 1676 740 autern
1693 693 1842 754 oppidanos

1060 781 1153 830 terrere
1169 780 1259 841 vellet,
1274 781 1315 832 ubi
1334 782 1441 846 primum
1455 795 1541 833 comm
1554 795 1628 847 agros
1640 788 1680 834 est
1693 785 1839 850 ingressus,

1059 869 1130 920 villas
1144 870 1261 932 incendit,
1274 885 1324 936 qua
1338 876 1408 937 parte
1423 874 1545 924 dammam
1556 875 1664 927 maxime
1676 879 1841 943 conspicuam

1060 965 1112 1014 lore
1128 965 1232 1028 pulavit.
1265 969 1298 1016 nt
1320 966 1452 1027 labicani,
1466 981 1522 1017 curn
1537 969 1627 1018 moenia
1650 971 1713 1020 benc
1731 972 1842 1024 firmaet

1060 1060 1154 1111 munita
1167 1061 1300 1123 haberent,
1317 1075 1363 1111 uec
1378 1062 1432 1112 eius
1444 1062 1553 1114 adventu
1566 1069 1625 1114 sunt
1637 1068 1775 1129 perterriti,
1794 1082 1839 1121 uec

1059 1156 1110 1206 ullo
1127 1156 1201 1205 modo
1217 1157 1240 1206 ei
1252 1155 1370 1221 ignaviter
1391 1161 1530 1219 οοσιιοτυιιις
1548 1158 1593 1210 sed
1612 1163 1714 1212 strenue
1733 1177 1840 1227 pugnan-

1059 1253 1097 1300 tes
1110 1250 1267 1310 restiterunt,
1288 1255 1313 1301 at
1326 1250 1416 1315 saepius
1430 1251 1515 1303 hostes
1532 1255 1623 1304 moeuia
1642 1257 1841 1308 conscendentes

1058 1342 1208 1407 repulerunt.
1242 1341 1296 1393 llou
1315 1347 1397 1394 tamon
1415 1344 1448 1394 ad
1475 1345 1548 1396 tinem
1569 1360 1651 1410 usque
1675 1350 1837 1410 restiterunt,

1061 1437 1127 1501 quod
1141 1437 1212 1501 pauci
1229 1451 1285 1487 curn
1305 1438 1390 1488 multis
1411 1441 1463 1490 sinc
1480 1441 1529 1490 ulla
1548 1441 1587 1491 rel
1602 1440 1704 1490 minima
1718 1445 1839 1507 temporis

1059 1530 1239 1582 intermissione
1254 1536 1398 1597 pugnarent.
1433 1537 1495 1584 Nam
1514 1535 1597 1586 Volsci
1612 1536 1700 1586 erebro
1722 1539 1753 1587 ab
1771 1537 1838 1588 omui

1059 1631 1128 1692 parte
1140 1627 1225 1676 urbem
1239 1628 1412 1692 oppugnabant
1424 1643 1468 1693 per
1483 1629 1566 1688 vices,
1576 1639 1602 1681 et
1613 1633 1655 1694 qui
1667 1631 1759 1683 defessi
1768 1636 1839 1683 amnt

1058 1727 1155 1777 semper
1169 1727 1196 1764 sc
1206 1713 1365 1778 recipiebant,
1377 1719 1403 1765 et
1415 1715 1457 1765 alii
1469 1721 1581 1767 recentes
1594 1716 1619 1767 in
1630 1719 1744 1781 ipsorum
1754 1721 1837 1772 locum

1059 1803 1235 1865 succedebaut;
1253 1817 1310 1853 cum
1331 1805 1422 1868 quibus
1443 1806 1560 1872 oppidani
1579 1810 1661 1857 lotum
1678 1807 1745 1858 diem
1766 1808 1838 1859 dimi·

1058 1902 1150 1956 caules,
1167 1901 1191 1947 et
1204 1912 1234 1947 ne
1247 1899 1326 1948 noctis
1341 1898 1442 1961 quidem
1463 1900 1646 1952 intermissione
1660 1902 1733 1964 data,
1747 1902 1837 1953 detali·

1058 1991 1108 2054 gaii
1120 1990 1219 2041 undem
1231 2005 1317 2042 muros
1329 1992 1445 2044 deserere
1459 1993 1540 2045 macti
1551 1998 1615 2044 suut.
1657 1996 1778 2054 Marcius,
1792 1995 1840 2045 lrac

1058 2103 1158 2154 quoque
1172 2089 1232 2139 urbe
1250 2093 1337 2153 capta,
1351 2088 1487 2154 oppidanos
1504 2091 1530 2142 in
1544 2089 1694 2141 servitutum
1710 2092 1840 2142 abstraxit

1058 2185 1228 2249 militibusque
1238 2183 1347 2250 praedam
1356 2184 1419 2235 inter
1431 2182 1571 2241 scdirldera
1584 2184 1704 2247 permisit.
1740 2188 1771 2234 Et
1783 2200 1840 2235 mo·

1059 2275 1091 2325 tis
1102 2275 1159 2325 iude
1169 2273 1271 2334 castris,
1287 2272 1380 2324 Pedum
1399 2273 1483 2325 urbem
1495 2273 1562 2337 (crat
1577 2276 1660 2322 autem
1670 2275 1696 2322 et
1713 2272 1768 2335 ipsa
1785 2288 1837 2324 no·

1058 2367 1132 2419 minis
1145 2367 1241 2424 Latini)
1256 2367 1377 2417 instructa
1387 2368 1441 2418 acie
1452 2365 1521 2431 petiit
1539 2378 1657 2430 amque,
1680 2365 1838 2431 simulatque

1059 2460 1089 2511 ad
1101 2473 1185 2510 muros
1196 2458 1412 2525 appropinquarit,
1423 2457 1447 2508 rl
1456 2457 1529 2523 oepit.
1540 2458 1573 2508 ut
1584 2470 1666 2522 quum
1675 2470 1731 2508 eam
1745 2458 1838 2510 eodem

1058 2555 1146 2615 modo,
1156 2567 1209 2618 quo
1220 2555 1247 2605 et
1255 2556 1350 2604 ceteras
1360 2555 1418 2604 anta
1431 2553 1514 2617 captas
1526 2553 1667 2611 tractasset,
1681 2554 1784 2615 postero
1797 2552 1837 2602 die

1059 2661 1131 2698 mane
1143 2647 1227 2697 statim
1237 2645 1295 2696 iude
1307 2645 1381 2695 motis
1397 2643 1485 2695 castris
1494 2643 1579 2709 copias
1591 2640 1739 2694 corbiouem
1750 2644 1832 2694 duxit.

1059 2737 1108 2789 Sed
1120 2737 1143 2788 ei
1156 2736 1190 2788 sd
1202 2750 1287 2786 muros
1303 2734 1514 2800 appropinquanti
1526 2734 1651 2801 oppidani,
1669 2736 1762 2796 apertis
1773 2748 1833 2800 por·

1057 2831 1090 2882 tis
1101 2830 1192 2890 ellusi,
1215 2829 1337 2894 supplices
1351 2828 1449 2879 obviam
1471 2831 1592 2880 uenerunt
1603 2869 1610 2885 ,
1623 2829 1759 2891 urbemque
1780 2828 1835 2880 siue

1057 2927 1108 2976 ullo
1117 2924 1202 2989 prndio
1213 2924 1236 2974 ei
1251 2921 1407 2974 dediderunt.
1442 2923 1540 2980 Quibus
1551 2921 1665 2983 laudatis,
1679 2921 1746 2984 quod
1758 2921 1835 2971 relius

967 3025 984 3060 τ
1056 3018 1108 3069 suis
1120 3017 1211 3081 optime
1230 3016 1427 3075 consuluissent,
1450 3015 1599 3080 imperarit,
1612 3018 1690 3065 utres
1704 3014 1833 3066 exercitui

988 3124 994 3146 ι
1057 3110 1217 3165 necessarias,
1232 3110 1361 3173 pecuniam
1372 3111 1397 3158 et
1408 3109 1572 3165 trumentum,
1583 3109 1709 3158 afferrent.
1754 3112 1835 3170 Atque

1057 3206 1097 3256 ubi
1111 3216 1265 3267 quancunque
1280 3201 1413 3265 imperarat
1431 3200 1533 3263 accepit,
1547 3200 1604 3251 inde
1623 3201 1708 3264 copias
1720 3199 1836 3264 Copiolos

1056 3295 1137 3346 duxit.
1171 3295 1255 3351 Quum
1270 3296 1352 3343 autem
1369 3292 1483 3357 oppidani
1493 3292 1562 3342 illurn
1572 3305 1673 3354 qnoque
1684 3294 1772 3341 urbemi
1783 3292 1836 3343 sine

1057 3401 1137 3454 pugna
1162 3384 1330 3446 dedidissent,
1353 3388 1378 3434 et
1399 3398 1497 3435 summa
1528 3384 1657 3434 alacritate
1681 3387 1835 3434 commeatus

1056 3471 1177 3527 exercitui
1201 3470 1383 3536 prebuissent,
1400 3475 1427 3521 et
1440 3469 1572 3535 pecunias,
1590 3474 1616 3519 et
1635 3469 1756 3534 quidquid
1768 3470 1836 3520 aliud

1055 3569 1116 3635 ipsis
1128 3568 1209 3617 luerat
1224 3565 1382 3629 imperatum,
1398 3566 1531 3615 exercitum
1543 3563 1648 3613 abduxit
1659 3568 1777 3627 tanquam
1792 3578 1835 3628 per

1056 3667 1190 3717 amicorum
1215 3676 1308 3727 agrum.
1345 3661 1398 3709 lloc
1414 3659 1479 3710 euim
1498 3657 1519 3707 ei
1532 3670 1625 3720 magute
1646 3671 1714 3707 curae
1728 3660 1789 3717 erat,
1807 3660 1834 3706 ut

1056 3759 1152 3810 nullum
1164 3771 1250 3808 eorum
1264 3754 1399 3812 malorum,
1416 3765 1472 3816 quae
1487 3749 1578 3801 bellum
1592 3751 1682 3801 allerre
1700 3751 1772 3804 solet.
1788 3764 1835 3814 po-

1056 3852 1123 3917 puli,
1138 3852 1180 3915 qui
1196 3849 1269 3899 nrbes
1283 3846 1421 3905 dedebant,
1433 3846 1584 3908 paterentur,
1599 3843 1643 3894 sed
1656 3847 1682 3894 et
1694 3857 1780 3908 amum
1795 3844 1834 3893 in·

1056 3949 1149 3996 tactum
1161 3949 1186 3994 et
1196 3954 1272 4007 pecus
1284 3943 1309 3991 et
1323 3938 1460 4001 mancipia,
1471 3951 1528 4001 quae
1546 3936 1570 3986 in
1584 3936 1651 4000 agris
1666 3936 1834 4000 reliquerant,
1854 4000 1859 4011 .

1058 4035 1200 4098 reciperent.
1235 4033 1286 4081 Nec
1299 4029 1395 4079 sinebat
1417 4027 1500 4091 copias
1514 4039 1572 4076 suas
1584 4025 1610 4075 in
1632 4039 1720 4076 eorum
1737 4025 1836 4090 oppidis

1057 4123 1186 4173 stationem
1199 4120 1305 4178 habere,
1320 4116 1424 4180 nequid
1441 4115 1513 4176 mali,
1531 4114 1571 4165 vel
1582 4114 1614 4164 ob
1631 4128 1716 4164 earum
1734 4114 1835 4176 rapinas

1055 4212 1094 4260 vel
1108 4212 1187 4269 lurta,
1199 4208 1320 4258 accideret
1333 4226 1338 4266 ς
1353 4204 1397 4256 sed
1409 4204 1441 4254 ad
1456 4217 1541 4254 muros
1553 4206 1637 4253 castra
1650 4201 1781 4266 ponebant.

1087 4381 1137 4428 XX.
1158 4377 1217 4427 lude
1231 4381 1311 4428 nartem
1327 4375 1400 4425 molis
1410 4369 1496 4422 castris
1509 4367 1647 4418 exereitum
1658 4363 1724 4414 duxit
1737 4364 1769 4413 ad
1784 4367 1834 4415 Bo·

1058 4468 1138 4524 villas.
1150 4467 1237 4516 urbem
1253 4470 1311 4516 tunc
1326 4464 1447 4523 nobilem,
1468 4456 1550 4523 quucis
1572 4469 1658 4506 earum
1668 4468 1725 4518 quan
1737 4454 1834 4504 Latinae

1056 4569 1077 4617 g
1072 4555 1134 4603 tritis
1144 4552 1305 4616 principatum
1316 4550 1431 4601 tenebant
1442 4545 1584 4597 secundam.
1601 4547 1683 4601 Quum
1693 4544 1778 4592 autem
1792 4556 1835 4606 op·

1057 4642 1136 4705 piniani
1152 4656 1209 4690 eum
1219 4655 1266 4688 non
1278 4640 1443 4703 recepissent,
1454 4635 1498 4686 sed
1517 4634 1595 4683 sumis
1607 4631 1787 4681 munitionibus
1808 4633 1834 4681 et

1057 4731 1260 4791 propugnatorum
1271 4739 1372 4775 numero
1385 4725 1438 4775 iroti
1454 4727 1547 4780 esseni,
1562 4735 1621 4772 suos
1633 4720 1726 4769 milites
1738 4719 1770 4768 ad
1782 4718 1831 4768 ala-

1055 4817 1131 4866 criter
1147 4815 1314 4863 dimicandum
1330 4814 1474 4863 cohortatus
1493 4817 1518 4863 et
1531 4813 1576 4871 iis,
1593 4810 1635 4874 qui
1648 4809 1719 4873 primi
1737 4807 1833 4856 erasis-

1056 4909 1110 4954 sent
1126 4904 1149 4954 in
1158 4903 1256 4963 moenia,
1268 4903 1348 4966 ampla
1358 4905 1458 4966 praemia
1469 4901 1606 4966 pollicitus,
1620 4914 1673 4949 rem
1690 4901 1726 4948 esi
1734 4909 1833 4959 aggres-

1055 5007 1113 5043 sus:
1129 4996 1202 5056 alque
1217 4992 1248 5041 ad
1261 4992 1326 5041 hanc
1337 4992 1421 5040 urbem
1437 4989 1525 5039 acriter
1539 4992 1675 5051 pugnatum
1688 4987 1733 5034 est.
1750 4985 1832 5035 Boril

1055 5080 1164 5130 lensibns
1180 5080 1244 5129 enim
1261 5079 1381 5128 nonsatis
1396 5078 1440 5127 luit
1462 5077 1545 5126 hostes
1559 5075 1702 5126 accedentes
1722 5086 1735 5118 a
1751 5073 1834 5121 muris

1054 5170 1170 5234 repellere
1182 5191 1187 5233 i
1200 5169 1326 5220 sedetiam
1339 5167 1430 5232 apertis
1445 5168 1523 5230 portis
1532 5164 1642 5216 conserto
1649 5163 1744 5229 agmine
1755 5175 1834 5225 erup-
