3772 5828
176 284 237 343 lus

176 414 277 493 πλάγια
297 417 350 473 τῶν
373 412 506 488 πολεμίων
522 411 636 471 ἀπὸτοῦ
651 411 734 481 δεξιοῦ
756 411 839 482 κέρως
853 412 956 491 ίμθάλ·

176 504 284 573 λουσιν,
300 503 324 558 ei
337 499 365 558 δὲ
376 497 556 578 περιελθόντες
566 500 619 559 ἀπὸ
633 505 679 558 τοῦ
692 499 771 579 λόρου
781 503 835 565 τοῖς
846 501 958 560 κατόπιν

178 592 388 671 ἐπιρράττουσιν.
436 588 552 647 Ἔπειτα
576 589 660 665 οἱμὲν
681 588 959 657 είσακοντίζοντεςτάς

178 679 297 759 λόγχας,
315 681 338 736 oi
358 677 385 737 ἀὲ
405 677 464 745 τοὺς
485 677 566 751 ὁμόσε
588 681 741 757 χωροῦντας
762 685 815 743 τοῖς
839 679 958 743 ἱππικοῖς

137 785 150 821 ο
182 768 264 847 ξίρεσι
287 767 457 846 μακροτέροις
480 758 538 825 οάσι
572 766 641 825 κατά
668 765 815 846 βραχιόνων
838 767 959 833 παίοντες

180 859 226 916 καὶ
239 856 313 936 παρὰ
325 859 371 924 τὰς
384 856 500 935 ἀγκύλας
512 855 721 936 καταρέροντες,
733 857 836 914 πολλῶν
850 853 897 931 μθν
911 855 959 921 τάς

179 946 411 1024 [ἀμυνομέναςρΙ
432 942 580 1011 σκεπούσας
601 942 635 1002 rii
650 944 783 1022 σώματα]
798 952 889 1024 χεῖρας
909 947 957 1002 αὖ·

177 1042 230 1101 τοῖς
259 1035 432 1112 σκεπάσμασί
460 1056 490 1092 τε
513 1033 566 1091 -καλ
592 1032 761 1111 ἀμυντηρίοις
788 1034 955 1110 ἀπέκοπτον,

178 1120 291 1189 πολλοὺς
304 1122 331 1181 δέ
346 1122 461 1202 γονάτων
475 1146 503 1181 τε
522 1122 569 1180 καί
582 1123 755 1199 ἀστραγάλων
776 1123 890 1199 πληγαῖς
907 1124 957 1200 βα-

126 1234 150 1270 ιιι
178 1210 258 1278 θείαις
283 1211 336 1271 ἀπὸ
359 1212 500 1291 κρατίστης
527 1210 629 1289 βάσεως
653 1208 790 1289 ἐρρίπτουν
809 1213 955 1286 ἡμιθανεῖς.

179 1301 363 1379 Περιειστήκει
380 1323 409 1359 τε
419 1300 547 1358 πάντοθεν
559 1299 612 1364 τοῖς
628 1298 805 1365 Οὐολούσκοις
819 1299 851 1356 τό
864 1296 955 1355 δεινόν·

177 1392 206 1447 εἰι
221 1390 332 1469 μὲνγὰρ
348 1393 400 1447 τῶν
423 1389 492 1447 κατά
516 1388 656 1466 πρόσωπον
673 1390 696 1446 οἱ
712 1388 785 1456 πεζοὶ
801 1387 888 1452 αὐτοῖς
902 1384 956 1446 lei·

176 1501 279 1551 κειντο,
303 1480 332 1534 έκ
352 1476 379 1535 δὲ
395 1481 447 1535 τῶν
471 1477 590 1553 πλαγίων
612 1477 706 1538 τεκαὶ
725 1479 777 1537 τῶν
802 1474 913 1536 κατόπιν
930 1477 955 1534 οἱ

176 1567 277 1628 ἱππεῖς·
290 1561 358 1621 ώστε
368 1564 433 1644 ὑπὲρ
441 1564 552 1639 ἀόναμιν
564 1564 656 1639 ἀγαθοί
667 1564 802 1643 γινόμενοι
814 1563 860 1623 καὶ
870 1562 955 1622 πολλά

124 1677 149 1714 rs
175 1650 239 1728 ἔργα
253 1651 353 1726 τόλμης
374 1654 462 1710 τεκαὶ
486 1651 623 1731 ἐμπειρίας
643 1652 841 1728 ἀποδειξάμενοι
858 1654 954 1731 μικροῦ

176 1741 229 1796 δεῖν
244 1738 339 1805 πάντες
360 1742 384 1798 οἱ
395 1742 425 1798 τό
450 1739 530 1808 δεξιόν
542 1742 619 1819 κέρας
633 1740 737 1819 ἔχοντες
750 1739 950 1811 κατεκόπησαν.

175 1829 211 1886 Οἱ
227 1826 250 1884 δ’
266 1828 291 1884 ἐν
307 1829 376 1903 μέση
392 1833 466 1901 aare]
483 1829 602 1905 φάλαγγι
617 1831 771 1908 τεταγμένοι
788 1830 834 1890 καί
853 1829 895 1886 ἐπὶ
907 1832 952 1886 τοῦ

175 1913 263 1989 ἑτέρου
276 1915 368 1991 κέρως,
379 1915 467 1985 ἐπειδὴ
481 1915 510 1972 τό
529 1914 609 1983 δεξιόν
624 1939 652 1973 τε
665 1920 880 1994 παρερρηγμένον
892 1912 958 1978 εἶδον

174 2007 219 2062 καὶ
234 2007 277 2063 τόν
296 2004 485 2084 αὐτὸντρόπον
501 2006 622 2072 ἐπιόντας
637 2006 710 2086 σρίσι
725 2005 783 2071 τοὺς
804 2010 856 2063 τῶν
877 2004 951 2064 Ῥω-

121 2113 148 2152 αυ
175 2094 261 2170 μαίων
276 2098 373 2164 ἱππεῖς,
393 2094 548 2162 ἐξελίξαντες
560 2093 621 2161 τοὺς
638 2095 733 2173 λόχους
749 2095 831 2172 βάδην
847 2094 952 2174 ἀπεχώ-

175 2205 233 2262 ρουν
252 2184 295 2240 ἐπὶ
314 2185 357 2239 τὀν
377 2184 504 2260 χάρακα,
518 2182 564 2242 καὶ
579 2185 603 2242 οἱ
625 2186 676 2242 τῶν
694 2182 838 2257 Ῥωμαίων
863 2186 951 2250 ἱππεῖς

174 2272 199 2325 ε’ν
226 2267 297 2334 τάξει
320 2270 489 2338 ἠκολούθουν.
534 2269 612 2330 ’Euri
632 2268 660 2329 δέ
688 2271 752 2351 πρὸς
778 2272 817 2349 τῷ
840 2272 949 2350 ίρύματι

173 2347 259 2428 ἦσαν,
272 2354 349 2436 ἑτέρα
363 2356 463 2436 γίνεται
478 2359 553 2439 μάχη
567 2361 619 2418 τῶν
639 2359 741 2419 ἱππέων
763 2359 949 2421 έπιόαινόντων

176 2453 226 2512 τοῖς
240 2446 476 2527 περισταυρώμασι
490 2449 559 2508 κατὰ
574 2448 661 2510 nolti
680 2449 747 2528 μέρη
769 2456 814 2509 τοῦ
834 2451 950 2531 χάρακος

120 2566 146 2604 25
173 2534 244 2604 ὀξεῖα
256 2538 302 2595 καὶ
313 2539 499 2618 παλίντροπος.
519 2541 767 2618 Καταπονουμένων
778 2543 805 2601 δὲ
821 2545 873 2599 τῶν
889 2538 949 2602 Ῥω·

173 2626 277 2701 μαίων,
294 2625 420 2695 ὁίίπατος
442 2628 567 2696 κελεύσας
588 2638 641 2696 τοῖς
660 2634 746 2697 πεζοῖς
770 2629 834 2703 θλην
857 2654 951 2711 προσε-

172 2713 315 2791 νέγκαντας
341 2717 482 2795 ἀποχῶσαι
506 2714 553 2782 τάς
574 2718 705 2798 τάρρους,
726 2722 829 2798 πρῶτος
854 2718 948 2799 ἐχώρει

172 2800 240 2858 κατθι
254 2800 284 2859 τὸ
298 2804 424 2863 ἐπίόατυν
439 2805 507 2885 έχων
523 2804 582 2871 τοθς
594 2805 714 2885 ἀρίστους
726 2812 777 2865 τῶν
792 2806 893 2866 ἱππέων
904 2807 948 2866 irri

171 2889 218 2956 τθις
236 2892 404 2971 ἐχυρωτάτας
428 2898 474 2951 τοῦ
490 2893 606 2972 χάρακος
620 2892 717 2961 πόλος·
743 2896 897 2963 ἀναστείλας
921 2897 948 2955 δέ

118 3004 144 3043 aa
171 2978 229 3044 τοὺς
248 2980 300 3060 πρὸ
320 2984 405 3039 αὐτῶν
430 2981 595 3057 μαχομένους
613 2980 659 3038 καὶ
682 2982 741 3048 τοὺς
762 2984 946 3062 καταρράκτας

171 3071 222 3125 τῶν
243 3071 332 3127 πυλῶν
350 3069 492 3146 διακόψας,
514 3069 584 3134 ἐντὸς
602 3069 715 3144 ἐγεγόνει
734 3075 786 3127 τῶν
810 3074 946 3151 ἐρυμάτων

171 3156 287 3222 καὶτοὺς
303 3156 421 3220 ἐπιόντας
435 3161 487 3213 τῶν
504 3157 634 3236 σρετέρων
648 3161 733 3225 πεζῶν
750 3158 864 3238 ἐδέχετο.
883 3162 949 3223 Τόλ·

169 3248 213 3310 λος
226 3245 252 3302 ’δὲ
268 3242 367 3309 Ἄττιος
381 3244 450 3323 ἔχων
471 3244 531 3311 τοὺς
547 3246 787 3324 ἐρρωμενεστάτους
802 3247 848 3308 καί
862 3250 947 3310 εὔτολ·

170 3334 297 3407 μοτάτους
312 3334 485 3394 Οὐολούσκων
501 3334 582 3411 ὁμόσε
599 3337 671 3415 αὐτῷ
693 3346 789 3416 χωρεῖ·
804 3338 947 3400 καὶπολλὰ

117 3452 142 3487 ,,·.
171 3426 233 3503 ἔργα
258 3424 363 3501 γενναία
380 3424 593 3501 ἀποδειξάμενος·
609 3418 640 3499 ἧν
656 3426 706 3507 γάρ
731 3428 877 3505 ἀγωνιστὴς
900 3430 947 3505 μίν

169 3513 292 3587 πολέμων
317 3513 406 3593 σ’ρόάρ’
432 3515 561 3589 ἄλκιμος,
578 3522 763 3594 στρατηγῆσαι
785 3520 808 3576 δ’
825 3521 875 3599 οὐχ
889 3522 946 3578 ίκα-

169 3604 223 3667 νός·
240 3604 289 3662 ὑπὸ
314 3604 396 3662 κόπου
411 3626 438 3660 τε
453 3604 498 3661 καί
514 3606 628 3678 πλήθους
643 3608 804 3685 τραυμάτων
827 3633 945 3669 καταπο-

168 3695 251 3764 νηθείς
280 3692 448 3762 ἀποθνήσκει.
504 3696 566 3752 Τῶν
593 3696 619 3753 δὲ
641 3696 729 3754 ἄλλοιν
754 3699 944 3767 (λῦολοόσκων.

169 3783 257 3853 ἐπειδὴ
273 3785 286 3839 ὁ
300 3780 386 3860 χάραξ
403 3782 540 3855 ἡλίσκετο,
565 3787 588 3841 oi
604 3785 651 3860 μὲν
668 3786 854 3865 ἀγωνιζόμενοι
869 3811 946 3845 κατε-

168 3871 303 3941 κόπησαν,
327 3875 350 3929 σί
367 3870 394 3928 ἀὲ
409 3872 442 3929 τά
457 3869 525 3929 όπλα
543 3875 662 3952 ῥίψαντες
686 3874 751 3953 πρὸς
771 3874 872 3933 ἱκεσίαν
894 3882 946 3934 τῶν

168 3960 367 4033 κεκρατηκότων
384 3960 540 4038 ἐτράποντο·
565 3962 648 4038 ὀλίγοι
667 3960 695 4019 δέ
714 3983 781 4027 τινες
801 3963 844 4019 ἐπὶ
861 3962 894 4019 τὰ
910 3969 945 4020 oi-

168 4052 226 4100 κεῖα
242 4047 375 4123 ρεόγοντες
388 4046 575 4122 ἀπεσώθησαν.
618 4048 794 4129 Ἀφικομένων
809 4048 832 4107 δ’
848 4052 884 4116 εἰς
898 4052 945 4121 τὴν

168 4133 276 4207 Ῥώμην
295 4135 426 4211 ἀγγέλων,
442 4137 485 4204 οθς
508 4138 666 4197 ἀπέστειλαν
680 4143 704 4197 oi
720 4137 834 4212 ὕπατοι,
854 4141 945 4218 μεγίσ-

166 4245 199 4291 τη
223 4221 294 4299 χαρά
317 4222 361 4280 τὸν
383 4226 464 4300 δῆμον
489 4228 623 4307 κατέσχε,
639 4227 684 4285 καὶ
701 4226 796 4285 αὐτίκα
820 4230 873 4295 τοῖς
895 4229 943 4304 μὲν

127 4334 138 4369 s
166 4310 232 4375 θεοῖς
248 4312 431 4390 χαριστηρίους
455 4315 617 4396 ἑψηρίσαντο
637 4316 743 4383 θυσίας,
763 4324 817 4385 τοῖς
832 4317 859 4376 δὲ
876 4319 942 4377 ὑπά·

165 4423 217 4464 τοις
233 4399 342 4470 τὴντῶν
358 4401 494 4477 θριάμθων
507 4406 587 4481 τιμὴν
608 4406 784 4483 προσέθεσαν·
806 4409 834 4467 οὔ
855 4408 944 4484 μέντοι

165 4488 212 4559 τὴν
227 4488 308 4557 αὐτ-έν
323 4514 351 4565 γε
368 4493 539 4572 ἀμροτέροις,
559 4497 627 4555 ἀλλά
644 4494 744 4574 Σικκίῳ
768 4496 830 4572 μὲν,
853 4498 943 4568 ἐπειδὴ

165 4578 244 4659 ρόόου
263 4581 377 4654 μείζονος
399 4584 606 4661 ἠλευθερωκέναι
634 4585 717 4643 ε’ἀόκει
740 4584 788 4656 τὴν
807 4586 883 4644 πόλιν
899 4588 943 4644 τόν

165 4668 340 4729 Οὐολούσκων
356 4670 481 4747 θίριστὴν
505 4674 622 4731 καθελὼν
639 4675 750 4753 στρατὸν
765 4677 809 4733 καί
824 4676 866 4732 τόν
882 4680 943 4752 ἡγε-

167 4759 234 4833 μόνα
245 4761 330 4817 αὐτῶν
346 4759 515 4829 ἀποκτείνας,
529 4761 575 4831 τὴν
592 4766 697 4838 μείζονα
715 4764 824 4839 πομπὴν
845 4765 941 4845 ἐψηρί-

165 4871 260 4906 σαντο·
282 4847 326 4907 καί
351 4846 488 4918 εἰσήλασεν
505 4854 518 4907 ό
535 4849 617 4929 ἀνὴρ,
639 4852 708 4929 ἀγων
724 4852 757 4909 sir
776 4850 880 4931 λάρυρα
895 4851 941 4908 καί

163 4934 221 5000 τοὺς
237 4938 422 5016 αἰχμαλώτους
435 4938 479 4996 καί
494 4938 541 5011 τὴν
554 4941 804 5017 συναγωνισαμένην
820 4939 939 5016 δύναμιν,

975 1990 979 2015 l

163 5021 262 5098 ἅρματι
286 5027 500 5105 παρεμθεόηκῶς
528 5030 729 5108 χρυσοχαλίνων
753 5028 860 5095 ἵππων,
891 5031 938 5101 τὴν
997 5047 1080 5082 uorem
1101 5030 1268 5094 triumphum.
1290 5043 1364 5091 «quirin
1384 5028 1428 5090 ipsi
1449 5029 1591 5078 orationem
1612 5028 1710 5078 rorant.
1733 5024 1781 5072 de-

698 278 866 339 blorll'Sll
887 280 1265 343 Hiulcaun'asslzxsls

1014 424 1055 474 alii
1069 438 1129 475 nero
1144 423 1302 487 equestribus
1313 422 1402 487 gladiis
1413 420 1565 484 longioribus
1578 418 1809 484 congredientium

1014 526 1114 578 brachia
1130 528 1261 587 lerientes,
1276 531 1299 577 et
1312 527 1378 576 istus
1390 525 1423 577 ad
1435 525 1502 591 ipsos
1517 537 1600 588 usque
1612 523 1722 575 cubitos
1738 525 1809 575 inlli-

1012 636 1113 699 geutes,
1129 634 1265 685 multorum
1277 647 1367 684 manns
1378 646 1427 683 una
1437 645 1497 683 eum
1514 630 1576 697 ipsis
1594 632 1688 693 armis,
1706 633 1808 696 quibus

1013 754 1040 791 se
1052 741 1211 805 protegebant
1225 755 1254 792 ac
1262 740 1440 801 defendebant,
1459 740 1627 803 amputarunt
1639 753 1646 782 ι
1658 740 1805 791 multorum

1013 848 1088 899 etiam
1102 861 1183 911 genua
1202 853 1228 899 ct
1240 848 1304 899 talos
1321 845 1449 911 profundis
1467 845 1618 896 vulneribus
1644 848 1802 908 sauciantes,

1013 952 1045 1002 de
1061 950 1201 1001 firmissima
1221 950 1326 1001 statione
1344 949 1479 1001 semineces
1500 945 1659 1001 deiecerunt.
1699 953 1802 1015 lamque

1013 1056 1099 1107 Volsci
1114 1055 1221 1120 undique
1234 1055 1426 1120 premebanturt
1441 1068 1500 1107 nam
1513 1071 1530 1106 a
1552 1032 1637 1108 trente
1662 1056 1772 1122 pedites,
1786 1070 1800 1106 a

1012 1163 1089 1213 latere
1099 1165 1152 1213 eta
1172 1166 1242 1226 eergo
1252 1163 1348 1227 equites
1364 1162 1499 1214 instabant.
1534 1165 1708 1224 Quamobrem
1722 1180 1798 1232 quum

1012 1281 1087 1333 snpra
1099 1268 1165 1319 vires
1179 1269 1273 1320 sortiter
1288 1271 1437 1334 gessissent,
1452 1275 1479 1324 et
1501 1273 1578 1324 muita
1596 1274 1711 1326 undecim
1724 1278 1750 1327 et
1759 1289 1797 1339 pe·

1012 1373 1076 1423 ritie
1096 1372 1204 1424 inumera
1228 1375 1378 1439 edidissent,
1400 1390 1488 1429 omnes
1509 1379 1577 1437 iere,
1601 1382 1647 1446 qui
1667 1383 1693 1433 io
1710 1383 1796 1435 dextro

1012 1494 1089 1530 oernu
1106 1483 1190 1541 erunt,
1206 1482 1300 1534 concisi
1323 1488 1390 1535 sunt.
1422 1487 1472 1544 Qui
1492 1499 1554 1537 rere
1578 1486 1604 1537 in
1623 1488 1707 1539 media
1728 1488 1792 1547 acie,

1012 1587 1087 1647 alque
1098 1583 1123 1634 in
1139 1584 1217 1636 altero
1230 1600 1307 1637 cornu
1317 1590 1430 1640 collocati
1443 1590 1793 1652 eranl,ubide1trumride·

1013 1699 1069 1745 runt
1086 1701 1246 1763 perruptum,
1264 1703 1288 1748 et
1299 1698 1387 1748 eodem
1404 1698 1478 1748 medo
1490 1700 1618 1749 Romanos
1630 1698 1788 1764 equitassen-

1011 1802 1050 1849 tra
1062 1815 1089 1852 se
1110 1803 1251 1863 tendentes,
1277 1804 1406 1871 explicatis
1428 1805 1559 1858 ordinibus
1579 1806 1730 1873 pedetentim
1741 1806 1790 1856 nal·

1013 1907 1062 1956 lum
1086 1910 1244 1971 repetebant,
1261 1916 1284 1960 et
1307 1910 1404 1973 equites
1422 1913 1524 1963 Romani
1544 1928 1588 1965 eos
1608 1915 1792 1966 instrnclaaeie

1011 2015 1184 2078 sequebantur.
1208 2019 1256 2068 tbi
1276 2025 1359 2074 aulem
1385 2019 1417 2071 ad
1438 2021 1602 2073 munitionem
1623 2027 1728 2074 ueritum
1742 2027 1791 2080 est,

1011 2094 1136 2183 equilibus
1148 2124 1242 2175 vallum
1262 2128 1337 2178 rariis
1356 2128 1382 2178 ln
1402 2127 1515 2192 partibus
1534 2132 1672 2179 castrorum
1687 2132 1792 2180 adscen-

1010 2223 1140 2287 dentibus,
1164 2228 1255 2278 acriter
1277 2231 1426 2295 ancipitique
1443 2230 1526 2298 prelio
1543 2233 1633 2282 lterum
1651 2239 1791 2297 pugnatum

1009 2334 1058 2381 est.
1092 2332 1271 2386 Laborantibus
1283 2352 1342 2388 sero
1357 2339 1488 2402 Romanus,
1499 2338 1595 2401 mnsui,
1609 2339 1684 2390 iussis
1697 2339 1790 2404 pediti·

1010 2439 1057 2489 bus
1069 2439 1150 2491 -ailata
1162 2443 1266 2493 materia
1284 2444 1361 2495 iussas
1377 2445 1484 2509 replere,
1509 2446 1603 2513 primus
1621 2448 1792 2512 transgressus

1011 2539 1063 2599 est,
1080 2552 1130 2600 qua
1151 2540 1233 2590 aditus
1254 2541 1359 2591 alebatur
1375 2556 1432 2593 oum
1448 2542 1594 2596 tortbsmis
1614 2544 1743 2608 equitibus
1760 2543 1792 2593 ad

1009 2643 1175 2696 inuissimam
1197 2652 1335 2701 castrorum
1360 2653 1480 2714 portam:
1499 2652 1647 2716 relectisque
1662 2653 1718 2703 eius
1735 2668 1792 2717 pru·

1002 2771 1191 2833 pugnatoribus,
1211 2769 1351 2834 excisisque
1374 2775 1452 2834 pertas
1474 2773 1612 2837 repagulis,
1634 2779 1725 2832 rollum
1744 2785 1785 2835 in-

1002 2885 1101 2935 gressus
1115 2875 1167 2929 est,
1184 2872 1330 2936 peditesque
1346 2885 1405 2922 suos
1418 2873 1547 2925 venientes
1562 2878 1651 2941 reoepu
1692 2888 1723 2933 st
1738 2890 1783 2934 At-

1002 2980 1052 3028 tius
1069 2978 1155 3028 Tuitus
1174 2991 1232 3027 eum
1251 2975 1431 3027 robustissimis
1450 2982 1475 3029 et
1492 2981 1661 3034 audacissimis
1675 2987 1781 3049 quibus·

1001 3092 1050 3142 que
1071 3078 1168 3126 l'ulseis
1193 3093 1250 3127 curn
1271 3092 1301 3128 eo
1322 3092 1468 3144 congressus
1487 3087 1540 3144 est,
1560 3085 1691 3152 multisque
1710 3086 1785 3139 iorti-

1002 3181 1049 3231 bus
1073 3179 1222 3229 facineribus
1245 3181 1317 3231 editis
1343 3182 1409 3244 (erat
1435 3182 1499 3231 enim
1523 3185 1565 3236 ille
1590 3188 1690 3250 quidem
1712 3192 1784 3243 valde

1002 3288 1118 3333 strenuus
1142 3281 1254 3343 bellator,
1280 3284 1323 3333 sed
1346 3284 1377 3333 ad
1405 3284 1535 3348 imperium
1560 3304 1647 3351 parurn
1669 3292 1783 3345 idoneus',

1001 3406 1086 3457 labere
1098 3406 1177 3456 lessus
1185 3406 1210 3455 et
1218 3403 1302 3454 multis
1312 3404 1455 3454 vulneribus
1467 3406 1584 3470 inligatus
1594 3409 1693 3461 cecidit.
1728 3414 1784 3463 Cas·

1003 3512 1047 3563 tris
1066 3516 1150 3563 autem
1168 3511 1259 3573 capitis,
1275 3510 1413 3558 ceterorum
1431 3511 1578 3561 Volscorum
1592 3512 1634 3564 aiii
1650 3521 1785 3580 pugnantes

1001 3612 1093 3661 concisi
1113 3616 1184 3661 sunt.
1201 3611 1241 3660 ulii
1259 3610 1361 3659 abiectis
1375 3611 1450 3661 armis
1465 3627 1492 3663 se
1509 3614 1539 3663 ed
1555 3614 1681 3666 uictorum
1701 3632 1786 3681 preces

1001 3719 1138 3766 uerterunt.
1173 3713 1318 3764 Paneissnnl
1344 3727 1402 3764 rere
1426 3713 1483 3780 iuga
1505 3720 1596 3769 serrati
1620 3719 1724 3771 darmurn
1745 3734 1784 3771 re·

1001 3815 1100 3866 dierunt
1117 3815 1260 3864 incolumes.
1295 3814 1339 3863 lbs
1353 3818 1436 3868 autem
1451 3820 1535 3869 Romru
1547 3820 1651 3883 cognitis
1663 3837 1708 3886 per
1721 3836 1785 3871 nuu-

1002 3916 1049 3964 tios
1068 3930 1082 3963 a
1099 3915 1242 3965 rorrsulibus
1262 3918 1364 3978 missos,
1385 3919 1493 3968 maximo
1512 3920 1604 3985 gaudio
1623 3923 1729 3988 populus
1747 3926 1787 3971 est

1001 4006 1117 4064 allectus,
1145 4018 1252 4067 rurisque
1278 4007 1309 4056 ml
1335 4008 1443 4071 augendas
1467 4009 1514 4059 diis
1543 4012 1636 4073 gratias
1665 4010 1786 4061 edomata

1001 4104 1136 4164 sacritieiu,
1161 4110 1237 4168 atque
1260 4108 1353 4160 «lucreti
1379 4111 1522 4161 consulibus
1548 4114 1712 4179 triumphales
1735 4114 1785 4162 iio-

1000 4221 1085 4267 nores,
1101 4221 1149 4256 uon
1168 4211 1249 4257 tannen
1265 4223 1335 4272 quares
1351 4212 1487 4270 arribebus;
1506 4213 1549 4265 sed
1571 4214 1649 4266 siccin
1666 4214 1781 4277 quidem.

999 4305 1056 4367 quia
1078 4306 1169 4354 nonime
1190 4311 1283 4354 terrore
1307 4310 1483 4371 rempublicam
1504 4311 1618 4362 liberasse
1639 4309 1779 4359 sitiebatur.

1000 4406 1114 4455 insolenti
1146 4407 1288 4456 Volscorum
1316 4412 1427 4460 exercitu
1451 4412 1533 4462 deleto
1558 4416 1582 4462 et
1606 4425 1688 4460 cerum
1715 4411 1784 4461 duco

1000 4521 1077 4561 creso.
1100 4508 1216 4557 treatment
1240 4510 1391 4573 triumphum
1413 4515 1549 4571 earncessit3
1567 4516 1638 4575 atquc
1659 4513 1701 4562 ille
1724 4529 1783 4587 ιυιιι

996 4628 1079 4691 spoliis
1100 4631 1121 4674 el
1140 4625 1258 4689 captivis,
1273 4630 1347 4687 alque
1363 4624 1482 4674 militibus
1501 4624 1609 4674 victorine
1628 4627 1703 4672 sociis
1719 4636 1781 4686 pro-

998 4727 1174 4793 sequentibus.
1192 4728 1277 4775 urbem
1296 4732 1332 4774 eu
1352 4727 1476 4783 irruressus
1496 4741 1571 4776 crrrru
1590 4731 1688 4781 rectus,
1705 4739 1780 4788 «parem

997 4832 1053 4895 equi
1066 4831 1146 4878 aureis
1160 4827 1234 4879 irenis
1247 4829 1327 4877 ornati
1343 4828 1489 4889 trabebant,
1504 4830 1570 4891 regia
1584 4828 1687 4877 indutus
1701 4832 1778 4875 reste.

997 4937 1024 4981 ut
1048 4929 1073 4980 in
1102 4930 1237 4980 rumoribus
1265 4930 1395 4991 triumphis
1420 4928 1471 4977 lieri
1498 4929 1570 4978 solet.
1606 4929 1704 4992 Aquilio
1732 4926 1780 4973 mi·

161 5112 300 5189 βασιλικὴν
316 5118 494 5193 ἠμριεσμένος
508 5119 633 5196 ἐσθῆτα,
650 5121 686 5183 ὡς
701 5117 762 5196 περὶ
776 5116 835 5184 τοὺς
852 5119 940 5194 μείζο-
997 5137 1143 5189 ειειειυιιῖς
1174 5131 1325 5182 declaratum
1354 5132 1390 5178 est
1418 5134 1500 5176 nuntiem
1525 5143 1539 5177 a
1565 5143 1605 5180 me
1633 5129 1682 5178 iam
1707 5131 1782 5177 ειιιειι
