3772 5828
183 332 242 391 ‘224

182 462 301 524 λαύοῦσα
315 462 393 538 μόνον
407 459 497 522 αὐτόν·
511 490 524 514 ιι
536 461 579 521 Ti
592 459 641 538 μίν
655 461 764 539 πρῶτα,
779 459 842 542 ἔφη,
855 449 877 518 ῶ
888 462 961 540 Ταρ-

184 582 196 604 n
209 553 297 624 κύνιε,
311 551 461 630 πέπρακταί
478 572 518 607 σοι
530 547 599 606 κατὰ
613 547 645 605 τό
661 547 730 605 δέον·
747 547 858 625 βεύαίως
872 547 898 606 δέ
912 546 961 619 τὴν

184 668 195 693 ι
212 641 350 720 βασιλείαν
378 641 448 716 ἔχειν
461 636 577 697 Τυλλίου
590 636 723 714 περιόντος
742 636 790 694 οὐκ
804 635 889 695 ἔνεστί
907 660 959 698 σοι.

184 759 196 783 ι
209 728 448 808 Ἐκδημαγωγῆσει
459 727 510 803 γὰρ
526 730 597 790 αὖθις
613 726 656 782 ἐπὶ
676 722 718 782 σοί
737 722 783 783 τόν
799 724 890 803 ὄχλον,
915 726 961 787 ide

59 817 63 821 ’
142 843 155 879 ε
183 847 195 870 s
208 819 254 876 καί
268 824 407 877 ὁποσονοῦν
424 816 521 884 ταύτης
533 816 580 883 τῆς
592 811 694 889 ἡμέρας
710 811 880 892 περιγένηται
893 815 960 895 χρό-

183 937 195 964 i
210 932 262 968 νον·
277 908 448 969 ἐπίστασαιδ
464 907 499 969 ὡς
506 900 594 961 εύνουν
605 902 676 960 ἐστίν
690 904 762 983 αὐτῷ
775 902 805 961 τὸ
819 903 960 979 δημοτικόν

183 1027 195 1050 ι
211 999 292 1058 ἅπαν.
310 996 389 1056 ’iiii
399 995 444 1054 καὶ
459 996 521 1073 πρὶν
537 994 572 1060 εἰς
589 992 637 1064 τὴν
649 992 733 1050 οἰκίαν
745 989 824 1050 αὐτὸν
836 993 961 1051 εἰσελθεῖν

184 1116 197 1140 ι
209 1083 367 1151 ἀποστείλας
376 1085 434 1150 τοὺς
445 1083 667 1162 διαχρησομένους
680 1079 798 1140 ἐκποδὼν
811 1079 932 1152 ποίησαι.
945 1109 957 1136 ν

183 1176 277 1236 Ταῦτα
291 1177 400 1234 εἰποῦσα
414 1173 460 1231 καί
475 1172 635 1248 καθεζομένη
648 1169 728 1227 πάλιν
744 1168 788 1228 ieri
801 1172 849 1240 τῆς
859 1169 962 1245 ἀπήνης

130 1280 154 1319 ιο
183 1263 281 1345 ᾤχετο·
293 1261 440 1344 Ταρκύνιος
455 1263 485 1340 δὲ,
497 1262 543 1321 καί
556 1267 640 1320 ταῦτα
652 1262 734 1339 ὀρθῶς
749 1255 823 1326 δόξας
839 1258 888 1330 τὴν
904 1263 962 1319 deo-

183 1354 315 1424 σιωτάτην
336 1360 447 1430 γυναῖκα
463 1351 643 1423 ὑποτίθεσθαι,
654 1349 753 1425 πέμπει
767 1345 839 1414 τινός
852 1350 904 1407 τῶν
916 1353 960 1408 θε-

183 1440 317 1521 ραπόντων
328 1443 370 1498 ἐπ’
382 1438 461 1498 αύτόν
473 1439 581 1519 ἔχοντας
594 1437 662 1518 ξίφη,
673 1435 698 1496 οἰ
708 1436 786 1516 τάχει
799 1435 890 1515 πολλῷ
911 1434 961 1505 τὴν

183 1529 280 1605 μεταξύ
302 1529 471 1594 διανύσαντες
492 1526 550 1586 ὀδόν
571 1525 647 1607 ἐγγίνς
666 1525 729 1585 όντα
744 1529 790 1596 τῆς
805 1522 890 1592 ὀἰκίας
908 1523 960 1598 ἤδη

181 1619 227 1677 τὸν
258 1617 373 1679 Τύλλιον
399 1614 593 1684 καταλαβόντες
622 1613 800 1696 κατέσφαξαν.
842 1613 904 1673 Ἔτι
933 1611 961 1672 δί

130 1719 154 1759 ιιι
181 1710 341 1786 νεοσφαγοῦς
361 1704 518 1784 ἐρριμμένου
540 1709 585 1763 τοῦ
601 1702 723 1779 σώματος
744 1705 789 1763 καὶ
803 1707 959 1785 σπαίροντος

181 1797 199 1864 ἡ
211 1794 327 1872 θυγάτηρ
341 1797 439 1874 παρῆν.
483 1794 582 1853 Στενοῦ
597 1791 624 1852 δέ
639 1793 711 1862 ὄντος
725 1793 794 1853 πάνυ
806 1799 851 1854 τοῦ
866 1815 961 1853 στενω-

179 1885 244 1953 ποῦ,
256 1881 290 1939 δι’
307 1872 336 1940 ού
351 1880 399 1953 τὴν
423 1881 528 1953 ιἰπιίνην
549 1881 602 1942 έδιι
625 1882 745 1953 διελθεῖν,
766 1883 794 1940 αἰ
813 1881 916 1956 ἡμίονοι
930 1880 960 1940 τὸ

180 1972 278 2046 πτῶμα
299 1972 401 2030 ἰδοῦσαι
419 1972 649 2051 διεταράχθησαν,
667 1971 711 2030 καί
730 1975 745 2029 ό
765 1968 960 2051 προηγούμενος

182 2061 266 2118 αὐτῶν
279 2061 419 2140 ὀρεοκόμος
434 2061 524 2119 παθών
542 2083 567 2119 τι
579 2060 643 2140 πρὸς
654 2059 684 2117 τὸ
695 2063 742 2130 τῆς
754 2059 838 2140 όφεως
851 2056 960 2117 ἐλεεινὸν

128 2170 156 2211 ευ
181 2148 279 2221 ἐπέστη
293 2150 338 2208 καί
348 2152 413 2230 πρὸς
427 2151 474 2224 τὴν
486 2150 624 2211 δέσποιναν
638 2150 782 2228 θιπίύλειβε.
827 2152 962 2210 Πυνθανο·

183 2238 265 2316 μένης
292 2240 316 2297 δ’
342 2239 451 2311 ἰκείνης,
479 2240 506 2298 τί
532 2237 624 2298 παθὼν
649 2242 696 2298 οὐκ
722 2239 781 2315 ἄγει
808 2236 839 2297 τδ
858 2240 961 2316 ζεῦγος·

184 2351 197 2379 ι
209 2330 270 2405 Οὐχ
281 2332 353 2408 δρᾷς,
368 2318 449 2401 εἶπεν,
463 2317 486 2387 ὦ
500 2328 616 2397 Τυλλία,
632 2326 675 2386 τὸν
691 2325 794 2406 πατέρα
808 2348 855 2385 σου
869 2325 960 2407 νεκρὸν

183 2439 196 2466 ε
208 2418 338 2494 κείμενον,
345 2418 390 2475 καὶ
403 2418 516 2498 πάροδον
522 2420 570 2477 οὐκ
582 2408 663 2478 οῦσαν
669 2418 753 2489 ἄλλην
760 2417 818 2484 ταῖς
830 2417 958 2491 ἡμιόνοις,

184 2530 199 2559 ε
211 2506 233 2563 εἰ
244 2503 282 2580 μη
294 2503 337 2565 id
351 2511 396 2564 τοῦ
411 2507 570 2583 πτῶματος;
584 2532 596 2557 ι
609 2505 644 2564 Ἡ
659 2507 682 2564 δ’
697 2507 901 2585 ἐκπικρανθεῖσα
915 2505 962 2563 καί

128 2612 155 2654 aa
182 2593 235 2652 ἅπδ
258 2597 310 2652 τῶν
334 2596 421 2653 ποδῶν
447 2597 477 2653 τ“ο
501 2595 596 2674 βάθρον
626 2594 780 2671 ἁρπάσασα,
800 2596 892 2675 βάλλει
916 2593 961 2653 τδν

184 2684 325 2764 ὀρεοκόμον
347 2684 392 2742 καί
409 2707 503 2765 φησιν·
519 2685 602 2744 noda
617 2682 696 2760 ἄξεις,
713 2683 845 2765 ἀλιτήριε,
861 2684 906 2743 καί
918 2682 961 2742 διὰ

183 2800 196 2825 ι
211 2778 256 2832 τοῦ
271 2778 379 2854 νεκροῦ;
396 2799 408 2826 ν
426 2775 553 2840 Κάκεῖνος
568 2771 613 2832 ἐπί
626 2776 664 2852 τῷ
678 2774 757 2831 πάθει
772 2774 873 2852 μᾶλλον
895 2771 913 2843 ἢ
928 2774 960 2847 τῆ

181 2866 270 2942 πληγῇ
294 2862 430 2935 στενάξας,
452 2863 510 2941 ἄγει
536 2861 581 2942 βίφ
606 2862 654 2927 τὰς
677 2863 802 2937 ἡμιόνους
822 2860 892 2921 κατόι
912 2864 961 2918 τοῦ

181 2949 334 3026 πτώματος.
376 2942 488 3015 θύτοςό
513 2948 653 3020 στενωπὸς,
667 2947 778 3028 Ὀρῦιος
800 2948 961 3018 καλούμενος

127 3052 154 3092 ³⁰
181 3039 320 3118 apocopae,
335 3038 361 3108 ἐξ
376 3039 474 3097 ἐκείνου
487 3042 533 3097 τοῦ
552 3039 636 3096 δεινοῦ
650 3037 696 3096 καῖ
712 3041 830 3114 μυσαροῦ
845 3036 960 3106 πάθους,

182 3125 290 3198 Ἁσεύὴς
311 3128 360 3187 iri
380 3127 523 3203 Ῥωμαίων
547 3126 617 3185 κατὰ
638 3125 686 3196 τὴν
708 3124 816 3204 πάτριον
840 3125 960 3201 γλῶτταν

183 3216 313 3273 καλεῖται.

224 3307 282 3367 XL.
295 3305 429 3375 Τοιαύτης
443 3305 567 3373 τελευτῆς
579 3302 656 3384 ἔτυχε
668 3303 793 3375 Τύλλιος,
811 3302 856 3375 ἐτη
870 3325 961 3361 τεττα-

184 3393 295 3474 ράκοντα
304 3392 350 3464 τὴν
362 3392 498 3470 βασιλείαν
513 3391 666 3472 κατασχών.
709 3395 811 3454 Τοῦτον
823 3394 867 3453 τὸν
879 3391 961 3471 ἄνδρα

128 3502 155 3542 aa
182 3483 287 3560 λέγουσι
299 3483 430 3558 Ῥωμαῖοι
445 3485 549 3561 πρῶτον
566 3481 600 3541 τδι
615 3482 715 3563 πάτρια
735 3483 781 3555 ἔθη
797 3481 842 3542 καί
860 3481 960 3557 νόμιμα

182 3575 297 3644 κινῆσαι,
313 3571 361 3642 τὴν
381 3571 466 3651 ἀρχὴν
481 3572 597 3632 λαύόντα
614 3575 642 3631 ού
656 3573 730 3651 παρὰ
745 3578 792 3645 τῆς
806 3573 902 3653 βουλῆς
916 3571 961 3630 καί

182 3664 228 3717 τοῦ
242 3659 338 3737 δήμου,
354 3659 474 3737 καθάπερ
488 3664 512 3720 οἱ
524 3661 575 3742 πρὸ
590 3663 669 3721 αὐτοῦ
684 3661 792 3734 πάντες,
805 3661 873 3720 itti
887 3659 961 3740 παρὰ

183 3748 262 3824 μόνου
276 3753 323 3807 τοῦ
339 3746 433 3824 δήμου,
450 3750 591 3827 δεκασμοῖς
602 3751 629 3809 δὲ
642 3751 707 3827 [καί
717 3751 903 3831 δωροδοκίαις]
915 3748 961 3809 καί

183 3836 275 3902 ἄλλαις
288 3838 398 3902 πολλαῖς
413 3839 563 3905 κολακείαις
578 3839 805 3917 ἐκθεραπεύσαντα
820 3837 879 3904 τοὺς
893 3835 962 3895 α’πύ-

128 3937 156 3985 ιιν
183 3946 255 4000 ρους·
267 3926 311 3983 καὶ
324 3925 379 4005 ἔχει
391 3926 501 3998 τάληθὲς
516 3926 607 3994 οὕτως.
649 3926 698 3986 Ἐν
711 3926 762 4006 γὰρ
771 3936 825 3992 τοῖς
836 3927 961 4005 πρότερον

182 4013 293 4089 χρόνοις,
312 4013 390 4071 θπότε
412 4014 534 4091 βασιλεὺς
553 4015 693 4085 ἀποθάνοι,
710 4013 757 4083 τὴν
775 4015 822 4088 μὲν
842 4013 960 4081 ἐξουσίαν

184 4102 198 4156 δ
211 4098 385 4173 δῆμοςέόίδου
399 4106 437 4183 τῷ
452 4104 577 4186 συνεδρίῳ
588 4108 634 4175 τῆς
643 4102 814 4180 βουλῆς,οἰαν
825 4100 962 4180 προέλοιτο

183 4187 404 4257 καταστήσασθαι
425 4193 573 4251 πολιτείαν·
590 4198 607 4264 ἡ
630 4192 656 4250 δὲ
673 4191 755 4270 βουλὴ
778 4189 963 4267 μεσοθασιλεῐς

184 4274 361 4334 ἀπεδείκνυεν·
377 4280 469 4337 ἐκεῖνοι
480 4281 507 4338 δὲ
517 4282 561 4339 τὸν
577 4281 682 4360 α’ίριστον
696 4281 789 4360 ἄνδρα,
805 4279 856 4339 είτε
868 4282 898 4338 ἐκ
909 4284 962 4339 τῶν

129 4383 155 4420 ia
183 4364 332 4444 ἐπιχωρίων
348 4367 415 4441 [εἴτε
428 4369 458 4425 ἐκ
472 4375 525 4429 τῶν
540 4373 672 4449 πολιτῶν]
689 4370 741 4429 εἰτε
757 4373 853 4431 ἐκτῶν
874 4368 962 4441 ξένων,

186 4455 296 4531 βασιλέα
321 4454 496 4515 καθίστασαν.
541 4461 574 4518 Εἰ
600 4458 648 4534 μίν
663 4450 707 4519 οῦν
731 4457 749 4529 ἥ
772 4482 801 4518 τε
817 4457 897 4537 βουλίΙ
916 4457 960 4517 τὸν

184 4541 319 4621 αἱρεθέντα
336 4542 382 4601 ὑπ’
398 4546 484 4603 αὐτῶν
501 4547 660 4623 ἐδοκίμασε,
678 4548 723 4607 καὶ
739 4551 846 4624 θδῆμος
861 4546 963 4629 ἐπεψή-

183 4651 254 4710 φισε,
277 4631 322 4689 καί
343 4632 377 4691 τὰ
393 4632 567 4708 μαντεύματα
580 4636 741 4715 ἐπεκύρωσε,
757 4634 961 4714 παρελάμόανεν

182 4711 256 4789 οὗτος
271 4722 319 4793 τὴν
336 4722 437 4802 ἀρχήν·
453 4723 615 4791 ἐλλείποντος
630 4724 657 4784 δέ
678 4749 746 4793 τινος
760 4726 858 4785 τούτων
873 4725 960 4803 ἕτερον

129 4828 157 4865 οι)
183 4811 386 4890 ὠνόμαζον,καί
401 4812 502 4893 τρίτον,
516 4814 538 4870 εἰ
553 4811 590 4889 μί,
603 4813 724 4890 ουμόαίη
739 4814 807 4890 μηδὲ
821 4816 860 4892 τῷ
877 4811 961 4872 δευτέ·

185 4917 221 4975 ρῳ
238 4901 271 4957 τά
294 4924 323 4960 τε
343 4903 407 4982 παρ’
438 4897 583 4979 ἀνθρώπιον
604 4900 650 4959 καὶ
672 4901 705 4958 zi
727 4900 802 4980 παρὰ
823 4901 875 4956 τῶν
895 4900 960 4956 θεῶν

185 4985 362 5061 ἀνεπίληπτα.
407 4989 442 5051 ‘0
462 4988 489 5050 ὀί
518 4990 629 5057 Τύλλιος
654 4991 795 5070 ἐπιτρόπου
823 4989 959 5068 βασιλικοῦ

184 5075 277 5149 σχῆμα
298 5081 356 5133 κατ’
380 5077 464 5158 ἀρχδις
477 5077 577 5153 tediis,
598 5082 634 5146 ὡς
649 5078 751 5157 εἴρηταί
763 5101 808 5154 μοι
821 5075 957 5155 πρότερον,

184 5158 275 5216 ἔπειτα
291 5164 502 5240 φιλανθρωπίαις
519 5167 571 5225 τισί
589 5167 633 5226 τὸν
648 5166 732 5241 δῆμον
747 5163 958 5238 οἰκειωσάμενος,

707 325 873 387 DIONYSlI
894 327 1273 390 HALlCARNASSENSlS

1017 492 1029 516 a
1041 452 1193 523 ¹baberenon
1211 472 1312 537 poteris.
1339 451 1388 524 lile
1407 474 1473 525 enim
1491 475 1573 526 denno
1586 475 1704 542 populum
1723 477 1749 527 in
1771 483 1795 529 te

1017 581 1191 644 «concitabit,
1212 583 1234 632 si
1256 583 1297 633 vel
1317 583 1446 634 minimum
1469 583 1544 634 buius
1564 585 1615 636 diei
1635 589 1734 651 tempus
1756 601 1797 638 su·

1016 708 1029 731 «
1042 688 1170 754 perfuerit.
1203 689 1256 739 Scis
1279 692 1363 740 antem
1384 694 1476 753 quanin
1496 697 1535 744 est
1560 693 1643 758 populi
1658 707 1717 758 erga
1736 707 1796 744 enm

1016 822 1029 844 a
1043 801 1220 853 benevolentia.
1254 807 1348 865 Qimre,
1372 807 1504 869 antequam
1515 806 1618 857 domum
1642 822 1670 858 se
1683 806 1794 872 recipiat,

1016 931 1028 954 α
1042 911 1124 962 missis
1140 913 1185 976 qui
1203 911 1273 963 illum
1293 914 1459 979 interficiant,
1486 932 1544 969 enm
1556 918 1589 971 de
1603 919 1685 971 medio
1697 919 1793 971 tolle.-

1014 1022 1060 1073 llis
1074 1020 1149 1072 dictis
1158 1025 1275 1086 carpento
1285 1023 1369 1075 denno
1384 1040 1520 1079 conscenso
1533 1029 1601 1080 abiit.
1646 1028 1796 1093 Tarquinius

1014 1145 1074 1182 vero
1092 1134 1161 1182 ratus
1178 1144 1206 1181 se
1224 1130 1274 1183 bac
1290 1147 1389 1199 quoqne
1402 1136 1427 1186 in
1440 1152 1467 1188 re
1480 1139 1512 1189 ab
1525 1152 1602 1190 uxore
1620 1139 1795 1190 scelestissima

1010 1245 1082 1306 ¹recte
1093 1241 1195 1302 moneri,
1212 1241 1314 1294 adeum
1330 1247 1409 1298 mittit
1419 1248 1525 1299 famulos
1535 1247 1656 1313 quosdam
1668 1262 1727 1299 cnm
1741 1248 1796 1312 gia·

1015 1353 1064 1405 diis
1079 1352 1131 1418 qui,
1150 1366 1238 1417 magna
1251 1355 1376 1409 celeritate
1397 1359 1510 1411 confecto
1522 1362 1569 1413 ria)
1580 1360 1661 1426 spatio
1671 1359 1741 1424 quod
1757 1359 1793 1409 io·

1016 1478 1239 1538 intentantium
1256 1491 1307 1528 non
1320 1478 1405 1543 pmcul
1422 1476 1527 1527 adomo
1546 1474 1613 1526 nacti
1629 1473 1794 1525 trucidamnt.

1014 1587 1129 1640 Proiecto
1140 1592 1225 1641 antem
1240 1601 1326 1640 recens
1342 1588 1401 1639 cosi
1413 1587 1542 1648 cadavere,
1557 1599 1636 1650 eoque
1647 1584 1730 1634 adhuc
1739 1583 1794 1648 pal·

1015 1695 1121 1759 pitante‚
1143 1694 1193 1746 filia
1210 1693 1319 1746 advenit.
1353 1695 1467 1760 cumque
1489 1695 1653 1759 perangustus
1671 1694 1736 1742 esset
1755 1691 1793 1740 vi·

1016 1819 1061 1858 eus
1070 1806 1120 1869 ille,
1135 1821 1184 1871 qua
1195 1810 1339 1874 carpentum
1351 1810 1405 1859 erat
1414 1806 1577 1858 transiturum
1591 1804 1667 1855 mmo
1675 1803 1794 1854 cadavere

1015 1920 1155 1982 oonspeoto,
1175 1918 1347 1979 territmsunt;
1361 1920 1388 1969 et
1405 1916 1457 1982 ipse
1474 1915 1567 1979 auriga,
1582 1915 1627 1979 qni
1643 1927 1686 1965 eas
1697 1912 1793 1976 agebat,

1014 2028 1066 2077 tarn
1079 2026 1213 2079 miserabili
1225 2028 1366 2092 spectaculo
1378 2028 1509 2092 conspecto
1520 2029 1670 2086 conmotus,
1683 2024 1793 2075 substitit

1016 2141 1042 2189 et
1061 2138 1148 2190 oculos
1165 2138 1198 2189 nd
1218 2138 1344 2190 dominun
1362 2137 1464 2190 reflexit.
1497 2138 1628 2194 Quareute
1651 2137 1735 2185 autem
1753 2134 1794 2184 iilo

1014 2263 1064 2313 qna
1080 2249 1113 2300 de
1131 2263 1221 2301 caussa
1242 2250 1382 2301 vehiculum
1397 2261 1447 2299 non
1466 2250 1547 2313 ageret
1561 2264 1567 2294 :
1579 2263 1592 2288 ι
1609 2247 1663 2295 Non
1679 2243 1747 2294 rides
1757 2243 1790 2292 iu-

1016 2382 1028 2405 «
1039 2363 1103 2426 quit,
1114 2362 1201 2423 Tullia,
1210 2361 1316 2413 cadaver
1326 2358 1448 2426 patristui
1458 2359 1549 2417 iocans,
1557 2356 1684 2408 uenalium
1695 2355 1742 2404 nisi
1749 2367 1793 2418 per

1016 2489 1027 2511 ι
1040 2470 1122 2534 ipsum
1134 2469 1239 2520 cadaver
1249 2471 1333 2534 patere
1346 2467 1420 2518 mulio
1432 2465 1581 2517 transitum?
1590 2485 1602 2508 ι
1619 2463 1661 2514 llla
1671 2476 1731 2513 vero
1746 2461 1794 2511 bae

1014 2576 1124 2626 oratione
1140 2575 1298 2635 exacerbata,
1317 2577 1342 2625 et
1354 2575 1470 2638 correpto
1488 2571 1581 2638 pedum
1597 2569 1705 2622 scabello
1725 2567 1794 2633 petiit

1015 2681 1133 2746 aurigam,
1149 2682 1290 2741 inclamans,
1309 2699 1320 2723 α
1335 2683 1389 2732 tion
1401 2692 1469 2744 ages,
1481 2677 1594 2740 eoeleste,
1608 2677 1700 2741 velper
1716 2674 1795 2740 ipsum

1016 2808 1029 2833 ι
1041 2788 1166 2839 cadaveri
1175 2808 1187 2831 ν
1198 2791 1230 2839 lit
1244 2786 1285 2838 ille
1299 2786 1397 2851 gravius
1410 2785 1500 2836 oblico
1509 2783 1590 2835 scelus
1605 2796 1680 2846 qnam
1692 2781 1725 2831 ob
1740 2779 1793 2845 pla,

1015 2908 1071 2959 gam
1083 2896 1208 2960 acceptam
1222 2907 1331 2958 gemens,
1348 2892 1427 2956 viper
1439 2890 1543 2942 cadaver
1556 2889 1639 2939 mulas
1653 2886 1710 2951 egit.
1745 2888 1793 2937 iste

1015 3001 1102 3063 ricus,
1122 3003 1165 3065 qui
1193 3004 1250 3051 anie
1269 3000 1359 3051 orbius
1380 2999 1529 3060 uocabatur,
1550 2997 1582 3049 ab
1607 2996 1648 3047 iilo
1673 2993 1752 3046 atroci
1768 2998 1791 3045 et

1015 3103 1161 3154 detestando
1181 3117 1240 3153 casu
1262 3116 1278 3152 a
1299 3101 1414 3152 Romanis
1432 3100 1511 3166 pntrio
1529 3111 1639 3151 sermone
1657 3096 1797 3148 Sceleratus

1016 3212 1127 3259 vocatur.

1048 3320 1097 3378 xi.
1115 3319 1195 3380 Atque
1215 3315 1280 3367 bunc
1304 3315 1363 3365 ritae
1385 3313 1480 3364 exitum
1502 3315 1542 3363 est
1564 3312 1666 3362 sortitus
1690 3310 1792 3367 Tullius,

1015 3427 1089 3478 regno
1105 3425 1150 3477 per
1170 3409 1332 3474 qnadraginta
1346 3411 1371 3459 ct
1384 3408 1503 3471 quatuor
1516 3419 1593 3456 annos
1611 3405 1712 3469 potitus.
1744 3405 1792 3452 lio»

1015 3504 1081 3557 muni
1094 3505 1164 3555 aiunt
1183 3504 1249 3553 hunc
1261 3503 1341 3552 uirum
1354 3499 1461 3565 pn'mum
1472 3504 1498 3549 et
1512 3497 1606 3563 patrios
1617 3508 1697 3545 mores
1710 3497 1736 3545 et
1753 3494 1791 3543 in·

1015 3603 1101 3653 stitntn
1117 3602 1235 3659 mutasse,
1253 3596 1320 3660 quod
1334 3608 1436 3658 regnum
1453 3606 1532 3642 nona
1552 3595 1640 3642 senatu
1655 3589 1795 3654 populoque

1015 3693 1157 3759 incepisset,
1168 3689 1375 3758 quemadmodum
1388 3701 1474 3737 omnes
1485 3686 1625 3750 superiores
1639 3699 1717 3749 roges,
1727 3682 1785 3734 sada

1016 3783 1106 3850 populo
1117 3782 1178 3844 solo,
1192 3783 1263 3832 cuins
1275 3779 1446 3842 egentissimos
1459 3789 1572 3841 quosque
1585 3772 1755 3837 largitionibus
1768 3775 1791 3822 el

1016 3871 1101 3922 multis
1113 3871 1167 3921 aliis
1181 3869 1303 3920 illecebris
1315 3867 1362 3918 sibi
1376 3865 1526 3915 conciliarat.
1560 3865 1592 3913 Et
1604 3875 1661 3912 sane
1674 3863 1742 3912 itase
1754 3872 1792 3911 τοι

1016 3962 1099 4014 habet.
1131 3965 1194 4013 liam
1211 3961 1331 4024 superiori
1349 3964 1467 4022 tempore,
1485 3971 1542 4007 cnm
1562 3954 1731 4013 resolvisset,
1747 3965 1790 4016 po·

1017 4057 1090 4123 pnlns
1102 4057 1197 4108 senatui
1212 4059 1358 4120 potestatem
1373 4053 1431 4104 fecit
1443 4051 1608 4102 oonsiitneudi
1621 4051 1725 4100 formam
1743 4047 1792 4105 rei,

1016 4150 1120 4214 publicai
1132 4165 1205 4213 quam
1217 4149 1349 4203 voluisset:
1366 4150 1469 4198 senatus
1478 4159 1538 4195 uero
1549 4143 1792 4205 crearitinterreges.

1016 4241 1050 4291 illi
1071 4255 1129 4291 vero
1149 4239 1378 4305 praesmniissimnm
1403 4238 1522 4300 omnium,
1540 4237 1593 4286 sive
1611 4249 1644 4287 ex
1664 4232 1792 4298 indigenis,

1017 4330 1085 4394 [sivo
1099 4344 1131 4380 ex
1143 4330 1254 4393 uiribus]
1268 4330 1321 4379 siro
1333 4343 1364 4379 ex
1383 4328 1483 4386 exteris,
1496 4340 1579 4389 regem
1594 4325 1720 4375 creabant.
1748 4324 1790 4372 at·

1016 4440 1064 4489 qun
1075 4427 1098 4475 si
1110 4428 1209 4476 senatus
1228 4425 1356 4488 probasset
1369 4439 1444 4482 eum,
1459 4423 1502 4487 qui
1512 4422 1543 4471 ab
1553 4422 1600 4471 illis
1611 4421 1704 4470 electus
1718 4420 1793 4474 esset.

1016 4522 1041 4568 et
1055 4520 1160 4583 populus
1184 4533 1242 4569 eum
1267 4519 1321 4568 suis
1337 4518 1462 4582 suffragiis
1478 4516 1661 4569 confirmasset.
1688 4515 1715 4562 et
1734 4524 1792 4561 aus·

1016 4611 1078 4676 pioia
1095 4611 1120 4661 id
1136 4616 1216 4662 ratum
1231 4613 1354 4672 fecissent,
1366 4618 1419 4663 tum
1428 4613 1529 4663 demum
1544 4611 1584 4659 hic
1598 4607 1727 4672 imperium
1740 4618 1792 4654 sus·

1014 4705 1128 4768 cipiebat.
1163 4705 1235 4764 Quod
1252 4707 1272 4756 si
1288 4707 1348 4770 quid
1360 4708 1448 4757 tiorum
1459 4705 1590 4762 defecerat,
1604 4703 1715 4753 senatus
1733 4699 1792 4748 alte

1016 4812 1070 4849 mm
1086 4800 1228 4851 nominabat
1242 4803 1269 4850 et
1281 4802 1396 4859 tertium,
1415 4801 1437 4849 si
1453 4798 1563 4850 secundo
1579 4810 1626 4846 non
1640 4791 1791 4855 contigisset.

1017 4893 1046 4939 ut
1054 4892 1135 4940 omnia
1147 4890 1254 4941 hnmani
1263 4896 1288 4942 et
1299 4893 1383 4943 diuina
1393 4892 1517 4943 obstacula
1530 4889 1721 4943 removerentur.
1732 4881 1790 4931 Tui-

1014 4983 1062 5034 lins
1073 4999 1133 5035 vero
1142 4998 1200 5035 cnm
1215 4985 1320 5049 primum
1334 4987 1395 5051 regii
1412 4987 1501 5037 tutoris
1520 4998 1651 5050 personam
1662 4978 1790 5037 induisset,

1014 5081 1042 5127 ut
1062 5081 1118 5128 ante
1136 5077 1195 5140 diri,
1210 5082 1236 5129 et
1253 5079 1340 5129 deinde
1359 5079 1482 5129 beneficiis
1497 5079 1594 5143 plebem
1608 5077 1654 5128 sibi
1665 5073 1788 5125 devinxis-

1015 5174 1061 5232 set,
1074 5171 1106 5223 ab
1119 5171 1162 5222 illa
1175 5172 1228 5222 sola
1237 5184 1281 5222 rex
1290 5173 1389 5222 oreatus
1404 5176 1455 5221 est.
1490 5171 1553 5220 Gum
1565 5173 1650 5219 autem
1659 5168 1790 5219 elementer
