3772 5828
593 352 890 430 ANTIQUITATUM
912 352 1064 414 ΗΟΜΑΝ.
1089 354 1163 413 LlB.
1187 354 1252 413 l'll.

104 516 117 542 u
136 512 177 568 φει
196 488 324 549 διάνοιαν·
340 487 556 549 ἔπιόουλεόεσθαί
577 512 606 546 τε
621 488 662 567 ὑφ’
686 491 760 564 ὑμῶν
786 510 875 558 σκηπ-

105 605 118 631 ιι
134 579 238 654 τόμενος
252 577 297 635 καί
313 577 438 650 δεδιέναι,
459 577 496 654 μή
512 577 559 649 τήν
576 576 722 655 ἐλευθερίαν
745 577 875 656 ἀφέλησθε

105 693 118 720 ιι
136 665 153 737 ή
169 671 213 736 τῆς
231 665 355 745 πατρίδος
378 665 526 739 ἐκόοίλητε,
551 666 628 732 αὐτὸς
654 665 694 746 ἐφ’
711 668 774 741 ὑμῖν
792 671 877 726 ταῦτα

105 783 117 808 ιι
136 753 325 835 μηχανώμενος
339 755 461 814 διατελεῖ·
476 756 521 814 καί
544 754 575 813 τδ
596 752 634 832 μή
648 758 739 814 παθεῖν
754 752 768 812 δ
791 753 878 816 δεδοι-

63 858 76 895 ε
105 872 117 897 ιι
134 843 207 902 κε’ναι
228 842 307 923 φησίν
333 846 379 903 οὐκ
404 844 477 925 ἄλλῳ
504 844 554 903 τινί
587 844 778 924 φυλαττόμενος
801 844 880 916 δῆλός

106 960 119 987 ιι
137 936 220 1002 ἐστιν,
234 928 251 1002 ἢ
277 933 316 1010 τῷ
330 933 426 1011 δρᾶσαι
440 931 550 1012 φθάσας.
606 930 742 1001 Ἐδήλωσε
761 929 787 989 δὲ
803 937 880 994 τοῦτο

107 1019 264 1086 «πολλάκις
289 1017 336 1096 μίν
360 1017 405 1078 καί
429 1020 556 1100 πρότερον
571 1019 616 1078 καὶ
631 1017 674 1078 ἐπὶ
701 1021 816 1092 πολλῶν,
842 1011 879 1080 ῶν

107 1137 121 1161 υ
139 1109 284 1189 ἐξείργομαι
307 1111 456 1185 μεμνῆσθαι
471 1110 548 1192 γκατθ
562 1107 593 1166 τδ
610 1107 703 1187 παρόν*
720 1108 835 1185 μάλιστα
852 1109 879 1169 δὲ

108 1225 120 1250 υ
138 1198 260 1275 Μάρκιον
276 1195 374 1255 τουτονί
385 1196 429 1256 τδν
445 1197 583 1278 φιλόπολιν
595 1195 694 1275 ἄνδρα,
710 1197 767 1257 οὔτε
782 1197 879 1278 προγό·

107 1313 120 1338 ιι
136 1309 186 1342 νων
200 1288 305 1365 ἀφανῶν
317 1283 378 1343 ὄντα
392 1283 446 1345 οὔτ’
459 1285 537 1344 αὐτὸν
552 1286 634 1365 ἀρετῇ
645 1283 800 1361 λειπόμενον
811 1284 882 1343 οὐθε·

107 1401 120 1427 ιι
139 1371 180 1440 νδς
204 1378 294 1450 ἡμῶν,
324 1372 508 1452 αἰτιασάμενος
534 1371 711 1433 ἔττιόουλεόειν
736 1375 808 1453 αὐτῷ
837 1372 882 1431 καὶ

107 1489 120 1515 u
136 1461 251 1540 πονηρὰς
266 1463 356 1521 ἐνθάδε
371 1462 478 1541 γνώμας
493 1460 580 1539 λέγειν
593 1460 699 1541 ἄκριτον
714 1459 882 1542 ἐπεχείρησεν

107 1576 121 1604 ιι
139 1551 299 1610 ἀποκτεῖναι.
353 1551 408 1611 Καί
439 1553 462 1608 εί
488 1549 526 1629 μή
557 1549 639 1608 δεινόν
666 1552 830 1626 ἡγησάμενοι
852 1548 884 1609 τδ

109 1665 122 1693 ιι
136 1648 249 1717 πρᾶγμα
263 1637 289 1697 οί
302 1663 330 1698 τε
345 1638 440 1699 θπατοι
455 1640 500 1699 καί
519 1641 592 1714 ὑμῶν
609 1640 633 1697 σί
645 1636 679 1696 τθι
693 1637 803 1716 κρείττω
821 1661 883 1720 φρο-

55 1750 78 1788 ισ
108 1752 122 1781 u
141 1733 243 1794 νοῶντες
261 1728 457 1808 συνεστράφητε
467 1774 476 1802 ,
495 1727 541 1786 καί
555 1725 603 1798 τήν
618 1725 787 1805 παρανομίαν
805 1725 883 1784 ἐπίσ-

110 1842 123 1870 ιι
139 1839 202 1896 χετε
214 1818 316 1894 αὐτῶν,
339 1821 365 1876 ἐν
382 1821 477 1898 μιαν-ἠ’
496 1818 555 1876 τότε
572 1814 659 1895 ἡμέρα
673 1812 751 1871 πάντ’
767 1813 799 1872 διν
815 1819 883 1894 ἀφη-

111 1929 125 1956 ιι
144 1903 253 1981 ρέθητε,
270 1902 318 1962 όσα
334 1905 381 1985 [οἱ]
396 1904 507 1984 πατέρες
520 1927 549 1963 τε
560 1907 621 1980 ὑμῖν
643 1900 689 1961 σὺν
700 1904 805 1969 πολλοῖς
820 1926 883 1974 κτη·

113 2015 126 2041 ιι
144 1989 253 2063 σάμενοι
278 1991 365 2057 πόνοις
393 1989 621 2064 κατίλιπον,’καί
642 1989 715 2047 αὐτοί
737 1992 811 2067 ὑμεῖς
836 1991 883 2050 οὐκ

113 2078 268 2144 «ἐλάττους
291 2080 393 2158 ἀγῶνας
421 2079 526 2139 ἐκείνων
554 2078 712 2144 ὑποστάντες
744 2078 884 2159 ἔχετε,τδ

57 2194 84 2231 νυ
112 2192 125 2217 ιι
145 2165 263 2242 ἀξίωμα,
292 2167 339 2239 τήν
363 2168 522 2246 ἡγεμονίαν,
551 2167 600 2239 τὴν
629 2166 785 2245 ἐλευθερίαν·
805 2169 830 2226 οἱ
855 2166 882 2226 δὲ

111 2280 125 2308 ιι
142 2257 317 2336 γενναιότεροι
330 2257 376 2315 καὶ
390 2259 437 2316 οὒκ
450 2257 481 2314 διν
496 2256 682 2337 ἀγαπήσαντες
697 2256 761 2314 αὐτὸ
775 2255 805 2314 τδ
818 2259 883 2334 ζῆν,

111 2369 124 2395 ιι
144 2345 167 2400 εί
181 2341 219 2417 μή
230 2344 298 2420 μετὰ
309 2343 408 2402 τούτων
419 2343 541 2418 ἐμίλλετε
549 2348 600 2402 τῶν
614 2344 719 2420 ἀγαθῶν
732 2341 884 2421 βιώσεσθαι,

110 2457 123 2484 ιι
142 2432 210 2489 ἀλλὰ
231 2431 279 2498 τδς
292 2431 379 2512 ψυχδις
394 2432 425 2489 θν
440 2433 567 2513 πρότερον
589 2429 607 2501 ἢ
621 2435 705 2488 ταῦτα
721 2429 881 2509 ἀφῃρέθητε,

111 2545 124 2571 ιι
148 2522 171 2576 οί
195 2518 242 2595 μὲν
259 2519 348 2595 εὐθδς,
364 2522 388 2577 ol
404 2516 432 2577 δδ
452 2523 499 2578 οὐκ
517 2523 552 2586 είς
566 2519 684 2599 μακράν.
727 2519 763 2578 Τί
786 2518 837 2600 γδιρ
852 2518 884 2577 δν

54 2635 81 2674 ιγ,
113 2631 126 2657 ιι
144 2604 173 2663 τδ
187 2607 303 2664 κωλῦσον
319 2598 351 2677 ἦν
365 2649 373 2678 ,
389 2605 470 2672 οὕτως
492 2609 608 2687 αἰσχρῶς
622 2607 667 2664 καί
692 2609 780 2675 κακῶς
803 2610 884 2689 δίαρ-

112 2720 126 2748 ιι
146 2693 204 2752 κίυυ
220 2697 297 2753 τοῦδε
312 2693 520 2776 ἀναρπασθέντος
534 2693 625 2773 ὥσπερ
640 2699 666 2753 ἐν
679 2695 795 2775 ἐρημίᾳ,
812 2694 881 2773 κδμέ

111 2809 125 2835 ιι
150 2783 217 2852 μετὰ
235 2788 325 2842 τοῦτον
354 2782 520 2842 ἀπολωλέναι
541 2785 735 2843 διασπασθέντα
753 2781 804 2842 ὑπὸ
831 2786 884 2842 τῶν

111 2898 124 2925 ιι
146 2873 263 2951 ἐχθρῶν,
290 2872 336 2931 καί
360 2869 462 2938 πάντας
482 2870 538 2931 ὅσοι
557 2870 661 2932 πώποτ’
683 2869 882 2943 ἠναντιώθησαν

111 2960 231 3019 «καὶτὸ
253 2962 342 3020 λοιπὸν
363 2959 473 3036 ἔμελλον
497 2959 699 3020 ἐναντιώσεσθαι
721 2960 778 3026 ταῖς
800 2981 885 3041 παρα-

112 3075 124 3102 ιι
143 3049 230 3127 νόμοις
245 3049 396 3126 ἐπιθυμίαις
410 3052 456 3107 τοῦ
476 3047 576 3127 δήμους
598 3054 627 3108 οὐ
642 3047 693 3128 γδρ
711 3047 742 3108 θν
766 3048 883 3127 ἠρκίσθη

111 3165 124 3191 ιι
142 3137 198 3202 τοὺς
223 3137 269 3196 δύο
280 3136 373 3212 μόνους
394 3141 465 3212 ἡμᾶς
480 3138 599 3196 ἐκποδὼν
616 3135 808 3214 ποιησάμενος,
824 3135 883 3194 οὐδὲ

112 3252 124 3279 ιι
143 3229 221 3306 μέχρι
244 3232 320 3306 δεῦρο
351 3224 431 3286 ἐλθὼν
457 3225 561 3298 ἀπίστη
586 3231 633 3298 τῆς
647 3223 837 3307 παρανομίας,
861 3226 883 3282 εί

112 3341 125 3367 υ
144 3317 183 3374 δεῖ
202 3316 236 3375 τδι
260 3315 388 3392 μέλλοντα
422 3316 610 3396 τεκμαίρεσθαι
643 3322 697 3382 τοῖς
731 3313 881 3392 γεγονόσιν,

114 3429 126 3455 u
147 3404 205 3463 ἀλλ’
221 3405 264 3482 ἀφ’
279 3407 357 3482 ήμῶν
371 3402 515 3484 ἀρξόμενος
535 3403 607 3464 ἅπαν
622 3403 653 3462 τδ
674 3402 817 3462 ἀντίπαλον
837 3400 883 3459 καί

116 3519 129 3543 “
148 3493 184 3568 μὴ
208 3497 276 3564 stan
310 3491 399 3573 ῶσπερ
417 3493 576 3575 χειμάρρους
596 3490 720 3570 ἐμπεσὼν
740 3490 885 3573 παρέσυρεν

117 3604 129 3629 u
151 3579 181 3635 ἂν
195 3587 240 3637 καί
260 3582 437 3659 κατήνεγκεν,
454 3581 507 3642 οὔτ’
525 3580 654 3663 εὐγενείας
666 3577 814 3662 φειδόμενος
827 3574 887 3637 οὔτε

115 3690 128 3716 u
146 3668 241 3744 ἀρετῆς
255 3665 308 3725 οὗθ’
322 3665 434 3737 ήλικίας.
452 3703 455 3707 ·

152 3755 200 3817 Li,
225 3778 240 3810 u
255 3755 362 3823 Ταύτας
376 3758 462 3831 δμῐνθ
479 3748 612 3835 diluam}
629 3756 728 3840 βουλή,
744 3755 790 3825 τθς
805 3754 888 3825 καλθς

115 3871 127 3897 υ
145 3844 257 3922 ἀμοιόδς
267 3847 322 3903 ἀνθ’
337 3835 374 3904 ῶν
383 3835 436 3926 [ιθ]
444 3843 526 3907 ἔπαθε
538 3849 644 3908 πολλῶν
653 3846 733 3906 όντων
744 3846 790 3905 καὶ
803 3845 888 3924 μεγαί-

114 3936 215 4006 «λων,
239 3931 286 4000 τδς
306 3931 353 4011 μίν
377 3933 497 3994 θπίδωκε
521 3934 592 4011 ήδη,
617 3934 664 4003 τδις
689 3933 717 3993 δὲ
742 3933 888 3994 ἀποδώσειν

114 4023 267 4096 «ἔμελλεν,
288 4026 310 4082 εί
332 4021 370 4100 μή
390 4022 421 4083 τδ
442 4026 561 4085 κωλῦσον
586 4027 652 4100 παρ’
681 4028 750 4101 ὑμᾶς
774 4023 885 4103 ἐγίνετο.

114 4137 127 4162 ιι
144 4110 206 4189 Ἄγε
226 4112 257 4182 δή
277 4117 322 4170 νῦν
337 4114 445 4172 κάκεῖνα
472 4111 634 4190 ἐνθυμήθητε
657 4112 753 4188 πόλιν,
786 4109 887 4189 θμετδι

120 4228 126 4253 ι
144 4205 220 4260 τοῦτο
238 4199 269 4259 τδ
290 4201 407 4278 γενναῖον
422 4201 468 4260 καλ
491 4204 593 4281 σῶφρον
622 4205 695 4280 ὑμῶν
720 4202 794 4279 ἔργον
811 4199 889 4281 ἔδρα·

113 4314 126 4341 u
144 4312 201 4362 σεν,
214 4287 258 4348 ίνα
277 4292 360 4368 γνῶτε
382 4287 469 4351 ὅντινα
482 4289 536 4371 χρὴ
557 4289 651 4372 τρόπον
678 4291 751 4370 αὐτῷ
776 4287 890 4371 προσφί-

114 4405 126 4430 ιι
145 4383 246 4456 ρεσθαι.
291 4378 409 4448 Ἐκεῖνος
437 4379 533 4454 τοίνυν,
554 4383 589 4448 ῶς
609 4378 704 4456 ἔμαθεν
720 4382 789 4457 ὑμᾶς
804 4376 891 4439 σύκίτι

114 4467 269 4548 «φέρονται
294 4469 374 4528 αὐτοῦ
404 4467 451 4541 τὴν
480 4468 570 4551 θόριν,
597 4467 655 4527 ἀλλ’
686 4467 766 4546 θμόσε
794 4475 889 4546 χωρεῖν

115 4557 423 4636 «παρεσκευασμένους,
445 4556 541 4627 ἔπτηξε
563 4558 609 4617 καί
627 4559 720 4638 μικρδν
748 4554 889 4615 eustatio

116 4667 128 4693 ι
146 4646 236 4702 ἑαυτὸν
257 4644 346 4726 ὥσπερ
367 4649 397 4706 ἔκ
417 4646 498 4726 μίθης
511 4645 557 4706 καί
578 4646 690 4723 μανίας,
711 4643 763 4704 aab
778 4643 826 4723 μίν
844 4650 891 4704 ταῶ

117 4756 129 4781 υ
149 4731 284 4808 βιάζεσθαι
301 4734 416 4809 καπίθη,
433 4735 476 4794 ἐπί
491 4734 520 4794 τθ
541 4733 692 4803 δικάζεσθαι
706 4734 734 4793 δδ
749 4734 888 4815 ἐτράπετο.

115 4845 128 4872 ιι
150 4819 203 4879 Καὶ
225 4821 358 4899 προειπὼν
376 4825 477 4904 ἡμίραν
501 4823 602 4904 ῥητήν,
630 4824 665 4889 είς
692 4821 774 4896 αὐτήν
800 4823 888 4882 ἔκόλει

114 4934 127 4959 u
147 4905 192 4966 τὸν
209 4907 292 4987 ἄνδρα
310 4913 345 4978 ὥς
367 4911 442 4986 δίκην
465 4911 608 4995 ὑφέξοντα,
630 4901 662 4983 ἧς
685 4909 760 4978 αὗτδς
780 4908 889 4987 ἔμελλεν

114 4997 252 5057 «ἔσεσθαι
277 4999 420 5080 κατήγορός
450 5000 545 5060 τεκαὶ
571 4999 670 5081 μάρτυς
693 5000 739 5059 καί
765 4996 890 5069 δικααιής

115 5110 128 5137 ιι
146 5088 189 5146 καί
213 5090 261 5145 τοῦ
288 5085 410 5165 μιγίθσυς
424 5092 471 5160 τῆς
486 5086 614 5169 τιμωρίας
635 5085 732 5166 κόριος.
778 5084 887 5157 Ἐπειδὴ

116 5174 239 5233 «δὲκαὶ
262 5173 328 5255 πρὸς
351 5178 428 5234 τοῦτο
456 5175 580 5248 ἐνίστητε
607 5174 761 5253 νομίσαντες
780 5176 826 5235 οὐκ
845 5173 888 5235 aad

57 3075 83 3114 θιι

59 4849 86 4888 bb

1652 365 1708 422 423

932 514 945 540 ι
963 510 990 548 se
1008 510 1024 546 a
1045 495 1114 546 nobis
1131 496 1213 559 appeti
1234 494 1343 554 insidiis,
1366 498 1391 544 et
1410 496 1507 558 vereri,
1529 510 1560 547 ue
1572 498 1710 549 libertatem

932 607 945 634 ι
960 586 1008 638 sibi
1030 585 1156 649 eripiatis,
1182 589 1228 636 aut
1242 599 1269 635 sc
1289 585 1368 650 patria
1392 586 1534 650 expellatis,
1551 587 1603 650 ipsa
1624 593 1709 639 contra

933 698 946 722 ι
959 687 1006 728 ros
1019 676 1073 727 baec
1091 679 1209 740 perpetuo
1226 676 1328 726 molitur
1349 693 1355 726 ι
1376 678 1401 727 et
1419 680 1530 740 constat,
1552 692 1607 729 eam
1626 679 1710 729 eristi·

935 791 947 815 ι
961 782 1039 830 marc,
1054 781 1081 818 se
1094 767 1216 818 nullaalia
1231 769 1325 818 ratione
1336 767 1367 818 ab
1380 768 1492 831 iniuriis,
1507 783 1569 833 quas
1585 785 1611 821 se
1626 771 1713 822 timere

935 882 948 907 ιι
962 862 1035 924 dicit,
1051 861 1097 912 sibi
1113 875 1201 912 cavere
1214 875 1302 926 posse,
1320 861 1369 913 nisi
1384 863 1450 927 prior
1464 877 1508 915 eas
1527 866 1597 915 nobis
1612 867 1712 918 inserat.

936 978 947 1002 ιι
962 959 1017 1007 lloo
1029 960 1112 1006 autem
1124 959 1150 1006 et
1166 960 1224 1007 ante
1235 957 1328 1020 sapius
1343 958 1479 1010 declaravit
1491 960 1611 1011 inmollis
1624 961 1714 1022 rebus,

936 1067 948 1093 ιι
965 1061 1029 1113 quas
1049 1047 1217 1112 perpetravit,
1236 1061 1298 1111 quas
1321 1049 1494 1113 inpraesentia
1522 1066 1715 1106 commemorare

937 1152 1073 1203 «nequeo,
1096 1139 1139 1188 sod
1152 1138 1291 1203 praecipue,
1316 1155 1372 1192 curu
1393 1144 1512 1195 Marcium
1528 1143 1623 1207 istum,
1645 1146 1713 1197 belli·

937 1252 949 1277 ι
963 1246 1050 1283 cusum
1071 1230 1166 1293 sirum,
1181 1234 1207 1283 et
1218 1233 1290 1284 claris
1307 1239 1391 1287 natum
1406 1238 1552 1301 maioribus,
1574 1253 1655 1304 neque
1672 1239 1714 1289 ulti

937 1347 949 1371 ιι
964 1325 1042 1376 nostri
1056 1325 1147 1376 ordinis
1164 1327 1256 1378 virtute
1278 1331 1414 1381 secuudum
1440 1334 1577 1396 accusarit,
1594 1333 1661 1397 quod
1677 1336 1713 1384 in·

939 1440 951 1463 ιι
966 1419 1041 1469 sidias
1060 1419 1107 1484 ipsi
1124 1422 1205 1471 struat
1221 1424 1248 1472 et
1269 1423 1386 1488 malignas
1408 1426 1448 1476 hio
1475 1427 1543 1479 dicat
1567 1430 1715 1490 sententias,

939 1528 951 1552 ι
968 1522 1075 1574 eumque
1095 1508 1263 1563 indemnatum
1285 1516 1397 1568 occidere
1416 1522 1504 1570 conata
1526 1519 1566 1569 sit.
1620 1524 1649 1570 st
1670 1523 1716 1572 nisi

939 1622 951 1646 u
966 1602 1080 1653 consules
1099 1603 1269 1668 prudentiores
1287 1612 1399 1661 restrum
1414 1613 1449 1662 rei
1477 1613 1646 1677 indignitatem
1669 1628 1718 1663 nou

940 1695 1089 1753 «terentes,
1109 1695 1247 1759 conglobati
1267 1712 1353 1750 eorum
1374 1702 1454 1752 soclus
1467 1705 1654 1764 cohibuissetis,
1671 1720 1719 1757 uno

939 1806 952 1830 ιι
968 1786 1011 1835 illo
1026 1784 1067 1834 die
1081 1786 1195 1835 omnibus
1215 1790 1313 1852 spoliati
1335 1794 1501 1859 essetisque
1517 1798 1622 1848 maiores
1643 1798 1720 1850 rostri

941 1898 953 1922 ι
966 1877 1061 1941 maguis
1076 1877 1201 1928 laboribus
1213 1886 1282 1945 parta
1303 1885 1374 1934 vobis
1390 1887 1553 1952 reliquerunt,
1568 1896 1593 1941 et
1605 1907 1661 1955 quse
1673 1907 1719 1944 vos

944 1991 956 2015 ι
971 1985 1069 2034 quoque
1083 1973 1455 2042 nonininoribuscumpsriculis
1465 1983 1577 2042 tuemini,
1591 1984 1718 2048 dignitato,

943 2087 953 2109 ι
970 2067 1084 2131 imperio,
1099 2066 1220 2136 libertate.
1250 2072 1480 2149 Generosiustvero
1498 2078 1542 2140 qni
1554 2079 1630 2129 vitam
1643 2081 1720 2144 ipsam

942 2180 954 2202 ιι
970 2158 1127 2222 peracerbum
1145 2159 1296 2224 duxissetis,
1311 2165 1332 2215 si
1343 2165 1396 2218 sine
1408 2167 1448 2218 his
1460 2167 1530 2220 bonis
1541 2183 1571 2220 ea
1589 2171 1659 2221 robis
1671 2173 1721 2221 tra·

943 2271 955 2295 ιι
973 2251 1085 2301 ducenda
1104 2252 1205 2313 suisset,
1223 2259 1248 2305 st
1259 2255 1354 2308 arrimas
1370 2260 1468 2324 potius,
1480 2276 1555 2325 quam
1569 2263 1622 2314 lraec
1640 2267 1720 2328 proie-
1755 2244 1759 2249 ⁵

941 2366 953 2390 ιι
971 2345 1079 2408 eissetis3
1108 2361 1144 2398 σω
1169 2351 1212 2399 aut
1236 2352 1335 2412 statim,
1361 2357 1404 2403 aut
1436 2357 1516 2420 paullo
1539 2361 1594 2423 post
1629 2364 1721 2425 erepta

941 2460 953 2484 α
974 2442 1084 2495 tuimur.
1117 2442 1182 2501 Quid
1206 2446 1270 2495 enim
1289 2447 1442 2513 obstitisset,
1473 2454 1565 2503 Marcio
1586 2455 1633 2504 isto
1660 2456 1722 2506 adeo

942 2552 955 2579 ιι
972 2533 1077 2598 turpiter
1087 2535 1112 2583 ct
1134 2533 1254 2598 ignaviter
1278 2541 1394 2603 tanquam
1411 2543 1437 2592 in
1460 2544 1590 2596 solitudine
1605 2548 1722 2611 abrepto,

941 2647 953 2671 ιι
972 2627 1114 2692 quominus
1126 2638 1344 2697 egoquoquepost
1357 2647 1414 2684 eum
1427 2635 1459 2685 ab
1472 2636 1576 2687 inimicis
1584 2636 1722 2702 discerptus

941 2745 954 2769 ιι
972 2725 1108 2784 interirem,
1122 2729 1147 2775 et
1158 2726 1242 2788 ceteri,
1257 2734 1378 2793 quotquot
1395 2745 1502 2795 unquam
1517 2732 1642 2783 adversati
1656 2736 1722 2794 suot,

943 2844 955 2868 ι
971 2826 1013 2873 aut
1026 2823 1051 2872 iu
1068 2826 1194 2887 posterum
1212 2825 1302 2888 iniquis
1321 2828 1399 2891 piebis
1414 2830 1588 2895 cupiditatibus
1604 2832 1723 2883 adversa·

942 2941 954 2964 ι
976 2919 1025 2970 ιυεί
1040 2919 1203 2973 ridebantur?
1217 2936 1295 2986 neque
1308 2925 1372 2975 enim
1388 2927 1410 2976 ei
1421 2926 1480 2977 satis
1492 2927 1594 2991 luisset,
1605 2943 1650 2980 nos
1661 2926 1724 2980 duos

940 3033 952 3058 ι
971 3016 1068 3064 turtum
1080 3012 1111 3063 de
1130 3014 1212 3066 mesbo
1228 3017 1373 3078 sustulisse,
1390 3033 1468 3083 oeque
1486 3021 1533 3070 iam
1557 3035 1587 3071 eo
1609 3025 1731 3089 prosectav

941 3122 954 3146 ιι
967 3101 999 3151 ab
1022 3103 1077 3153 aliis
1092 3105 1203 3175 scelestis
1219 3105 1369 3157 iecinoribus
1385 3107 1558 3170 abstinuisset,
1578 3109 1599 3159 si
1617 3124 1646 3161 ex
1658 3124 1722 3176 pras·

945 3216 957 3240 u
971 3196 1051 3248 teritis
1065 3199 1231 3251 coniecturam
1244 3199 1378 3252 defuturis
1392 3204 1473 3254 tacere
1488 3203 1546 3254 licet
1566 3203 1609 3253 sed
1626 3204 1724 3256 anobis

942 3308 955 3332 u
972 3288 1047 3340 ducto
1063 3290 1131 3340 initio
1146 3306 1231 3343 omncs
1249 3292 1421 3356 adversarios,
1434 3297 1460 3345 et
1469 3295 1510 3358 qui
1524 3295 1570 3359 ipsi
1582 3296 1668 3347 cadere
1680 3311 1725 3347 no·

944 3399 957 3423 α
975 3380 1093 3439 luissent,
1110 3383 1187 3433 instar
1201 3384 1333 3443 torrentis,
1354 3386 1396 3448 qui
1420 3364 1508 3451 magno
1522 3387 1616 3451 impetu
1636 3388 1722 3449 lemur,

946 3485 1020 3523 «non
1047 3474 1182 3534 nobilitati,
1204 3489 1252 3526 non
1273 3476 1372 3540 virtuti,
1388 3491 1436 3529 uon
1456 3481 1525 3530 aetati
1544 3493 1662 3545 parcens,
1686 3495 1723 3533 ra·

945 3584 958 3609 ιι
973 3565 1069 3629 puisset
1090 3571 1116 3617 et
1128 3569 1304 3632 absportaaset.

975 3754 1015 3803 Li.
1035 3770 1047 3796 ιι
1067 3748 1138 3800 Plebs
1156 3748 1237 3812 igitur,
1255 3749 1342 3796 Patres
1361 3741 1507 3815 woscripti,
1519 3755 1564 3806 pro
1587 3740 1671 3791 multis
1695 3751 1725 3790 ac

945 3860 958 3885 ι
970 3839 1064 3906 magnis
1083 3835 1209 3891 benetldb
1223 3835 1347 3899 acceptis,
1371 3833 1435 3884 banc
1461 3830 1606 3896 preclaram
1621 3829 1725 3893 gratiam

946 3916 959 3975 ἰι
975 3927 1108 3980 nobisiam
1125 3924 1223 3985 retulit,
1245 3925 1271 3974 et
1291 3922 1364 3973 aliam
1388 3920 1496 3972 relatura
1520 3920 1587 3978 orat,
1611 3917 1659 3968 nisi
1680 3929 1726 3967 vos

946 4033 1029 4086 «eam
1041 4015 1220 4068 eduumseus.
1254 4016 1306 4078 Age
1320 4026 1380 4065 vero
1401 4011 1462 4063 illud
1476 4023 1574 4075 qnoque
1588 4021 1653 4059 nunc
1665 4021 1726 4058 con·

947 4105 1087 4164 «siderate,
1102 4101 1170 4166 quod
1192 4101 1251 4152 iecit
1270 4102 1327 4164 post
1349 4103 1461 4150 restrum
1472 4097 1520 4147 hoc
1539 4108 1687 4159 generosum
1701 4097 1727 4146 ct

947 4222 960 4246 α
975 4200 1116 4251 modestum
1130 4195 1242 4256 twinus,
1262 4196 1289 4242 ut
1306 4189 1403 4245 sciatis,
1418 4199 1525 4250 quonam
1541 4184 1615 4236 modo
1628 4197 1685 4234 oum
1696 4197 1726 4234 ea

945 4309 959 4336 ιι
976 4287 1097 4352 agendum
1111 4285 1152 4334 sit.
1179 4281 1227 4331 Ubi
1239 4280 1314 4344 igitur
1328 4274 1502 4327 animadvortit
1524 4286 1595 4324 suam
1615 4270 1725 4321 insolen-

946 4400 959 4427 ι
974 4382 1035 4433 tum
1046 4397 1061 4432 a
1074 4380 1145 4432 nobis
1159 4375 1264 4440 amplius
1287 4371 1342 4421 tieri
1361 4383 1408 4420 non
1424 4379 1510 4432 posse,
1531 4374 1625 4426 vosque
1641 4371 1726 4410 secum

947 4495 960 4520 ι
980 4471 1094 4537 congredi
1106 4472 1206 4535 puratos
1218 4477 1287 4524 esse,
1307 4460 1394 4511 territa
1405 4464 1443 4509 est
1457 4459 1483 4507 et
1499 4449 1676 4516 aliquantulum
1688 4460 1727 4498 se·

947 4584 960 4608 s
976 4563 1055 4628 ipsam
1064 4560 1158 4611 seluta
1180 4555 1281 4621 crapula
1290 4556 1334 4603 aut
1350 4547 1445 4600 insania
1457 4544 1581 4608 colligens,
1593 4554 1607 4589 a
1617 4538 1643 4589 vl
1653 4538 1728 4589 absti-

903 4629 910 4642 ι
946 4673 959 4697 ι
973 4653 1029 4704 nuit
1037 4655 1063 4702 ct
1072 4649 1104 4701 ad
1124 4649 1163 4698 ius
1173 4661 1200 4697 se
1211 4642 1334 4696 convertit
1344 4658 1352 4701 ς
1364 4639 1479 4701 diemque
1496 4630 1589 4682 homini
1601 4629 1678 4687 dixit,
1694 4625 1726 4675 ad

946 4752 1049 4805 «ηυειιι
1070 4749 1128 4789 eum
1149 4734 1237 4784 adesse
1253 4728 1366 4786 iubebat,
1388 4726 1431 4774 aut
1448 4732 1562 4771 muscam
1579 4715 1672 4764 diceret
1700 4711 1725 4761 in

946 4848 958 4870 ι
974 4826 1078 4888 iudicio,
1101 4825 1125 4874 in
1142 4836 1192 4886 quo
1208 4822 1273 4873 idem
1289 4820 1314 4867 et
1333 4817 1462 4866 accusator
1478 4813 1503 4860 et
1525 4804 1596 4856 testis
1613 4804 1640 4851 et
1651 4797 1725 4848 iudex
1766 4866 1768 4870 Ι

946 4936 959 4961 ι
975 4930 1004 4966 ac
1018 4928 1097 4980 ponta
1109 4908 1283 4976 magrdtudinis
1295 4904 1387 4958 arbiter
1404 4903 1503 4952 tuturus
1515 4896 1576 4945 erat.
1610 4887 1658 4938 Sed
1668 4894 1725 4938 cuns

946 5024 959 5049 ι
974 5003 1034 5054 huic
1054 5014 1152 5065 quoque
1169 4995 1269 5050 conatui
1287 4989 1461 5046 obstitissetis,
1475 4996 1523 5035 non
1544 4979 1575 5028 ad
1591 4976 1723 5037 iudicium,

946 5113 959 5137 ι
976 5090 1020 5142 sed
1038 5089 1069 5140 ad
1088 5087 1236 5152 supplicium
1251 5080 1374 5132 homiuem
1397 5071 1481 5124 vocari
1505 5066 1566 5124 reti,
1587 5064 1655 5130 plebs
1669 5062 1724 5112 ani-

945 5200 958 5226 ιι
974 5177 1141 5237 madvertens,
1156 5173 1249 5224 nullam
1259 5181 1311 5219 rem
1321 5161 1454 5230 prorsusin
1468 5170 1514 5210 sua
1522 5155 1648 5221 potestate
1660 5160 1723 5208 esse,
