3772 5828
176 355 215 414 θθ
689 349 857 410 DIONYSll
877 350 1253 410 HaiicnaNissan'sts

178 485 394 567 κερτομούμτνος,
419 485 567 544 ἀκολουθῶν
591 486 605 540 θ
629 480 756 561 Νεμέτωρ
770 487 815 540 τοῦ
839 505 867 539 τε
892 482 946 540 σώ-

178 599 258 653 ματος
271 574 319 646 τήν
334 578 490 653 εὐπρέπειαν
513 570 708 646 ἀπεθαύμαζεν,
721 562 754 641 ἧς
766 566 832 628 πολὺ
852 569 882 627 τὸ
899 575 947 649 βα·

181 663 279 722 σιλικθν
295 651 350 740 εἶχε
361 705 369 734 ,
382 659 428 718 καί
442 665 488 716 τοῦ
504 658 666 738 φρονήματος
686 657 732 728 τήν
750 659 878 736 εθγένειαν
892 660 946 716 ἐνε-

179 755 301 827 θυμεῖτο,
321 748 354 820 ἣν
378 748 422 806 καὶ
446 746 519 825 παρὰ
543 745 576 803 τὰ
603 745 673 804 δεινδι
689 744 826 822 διέσωσεν,
842 748 871 804 ού
885 747 948 825 πρὸς

137 847 150 885 ⁶
178 829 262 898 οἶκτον
278 836 336 894 οὐδὲ
356 833 523 913 λιπαρήσεις,
543 836 578 897 ὡς
592 832 706 898 ἅπαντες
719 833 745 890 ἐν
759 839 815 897 ταῖς
832 834 947 891 τοιαῖσδε

178 931 281 983 ποιοῦσι
295 925 400 1001 τύχαις,
424 919 603 996 τραπόμενος,
619 921 686 977 ἀλλὰ
705 918 751 977 σὺν
773 918 895 1002 εὐκόσμῳ
909 945 948 979 σι·

179 1015 238 1088 ωπῇ
260 1010 324 1089 πρὸς
345 1007 389 1066 τὸν
407 1007 486 1085 μόρον
502 1005 598 1066 ἀπιών.
643 1005 692 1071 Ὡς
706 1008 730 1064 δ’
745 1007 780 1074 εἰς
802 1005 850 1076 τήν
865 1009 947 1067 οίκίαν

179 1098 318 1177 ἀφίκοντο,
342 1099 504 1170 μεταστῆναι
528 1094 586 1159 τοὺς
616 1094 709 1159 ἀλλους
732 1093 873 1169 κελεύσας,
898 1118 948 1173 μο-

177 1185 291 1246 νωθέντα
314 1183 357 1242 τθν
380 1183 485 1259 Ῥῶμον
508 1181 586 1261 ἤρετο
607 1181 646 1248 τίς
662 1181 702 1254 είη
732 1183 777 1240 καί
801 1183 893 1255 τίνων,
915 1187 949 1250 ὡς

126 1293 148 1333 tn
179 1275 226 1332 οὐκ
248 1272 279 1330 ἀν
295 1273 324 1330 ἐκ
341 1273 393 1329 τῶν
417 1268 548 1348 τυχόντων
570 1271 595 1348 γ’
613 1268 694 1348 ἀνδρα
710 1275 825 1330 τοιοῦτον
839 1271 947 1348 γενόμε-

178 1384 229 1420 νυν.
274 1357 400 1424 Εἰπόντος
414 1354 441 1415 δέ
460 1361 505 1415 τοῦ
519 1355 627 1432 Ῥώμου
651 1363 773 1417 τοσοῦτον
792 1358 885 1418 εἰδέναι
900 1358 948 1436 μό·

178 1472 221 1507 νον
236 1447 306 1506 κατὰ
325 1445 419 1504 πύστιν
433 1450 479 1504 τοῦ
492 1443 643 1524 τρέφοντος,
666 1445 704 1503 ὅτι
720 1444 765 1506 aiv
790 1446 894 1526 ἀδελφῷ
908 1448 948 1505 δι·

179 1535 253 1614 δόμῳ
268 1534 382 1604 ἐκτεθείη
399 1534 492 1613 βρέφος
505 1536 541 1597 τίς
552 1531 636 1604 νάπην
652 1532 723 1599 aiei<
737 1532 790 1592 ἀπθ
803 1539 890 1611 γονῆς,
903 1534 948 1593 καί

179 1622 243 1701 πρὸς
257 1625 308 1680 τῶν
327 1622 426 1697 νομέων
443 1620 584 1700 ἀναιρεθεὶς
599 1621 758 1702 ἐκτραφείη,
777 1621 877 1702 βραχὺν
892 1624 949 1680 έπε-

124 1728 149 1766 rs
181 1711 252 1791 σχὼν
273 1710 382 1790 χρόνον,
401 1709 448 1769 εἴθ’
470 1710 641 1782 ὑποτοπηθείς
655 1734 680 1768 τι
703 1714 753 1769 τῶν
770 1711 873 1783 ἀληθῶν
897 1711 949 1770 elce

180 1806 225 1858 τοῦ
241 1800 361 1876 δαίμονος
377 1797 482 1874 ἄγοντος
498 1799 533 1864 είς
558 1796 702 1879 τούμφανές
716 1797 746 1857 τδ
764 1807 890 1878 πρᾶγμα,
904 1799 949 1858 λέ-

179 1909 219 1964 γει
238 1885 302 1966 πρθς
325 1885 415 1944 αὐτόν·
439 1912 451 1940 ι
472 1883 536 1945 Ὅτι
561 1883 608 1961 μέν
633 1887 675 1943 ἐπ’
702 1887 760 1961 ἐμοί
780 1887 904 1966 γέγονας,
926 1879 947 1948 ῶ

179 2003 192 2025 ι
212 1972 312 2048 Ῥῶμε,
325 1974 415 2032 παθεῖν
429 1973 481 2030 ότι
492 1972 522 2030 ἀν
538 1972 682 2046 δικαιώσω,
695 1974 739 2033 καί
754 1977 788 2040 ῶς
803 1976 862 2054 περὶ
875 1978 947 2036 πολ-

179 2064 259 2120 «λοῦ
281 2060 429 2131 ποιήσαιντ’
452 2059 483 2118 ἀν
499 2064 523 2119 oi
549 2059 703 2136 κομίσαντές
717 2083 746 2120 σε
767 2063 841 2140 δεῦρο
863 2063 948 2124 πολλὰ

122 2162 149 2202 ε·
180 2177 192 2201 ι
213 2149 257 2208 καί
274 2147 344 2205 θεινά
354 2148 470 2207 παθόντα
482 2170 512 2206 σε
527 2151 680 2220 ἀποθανεῖν,
694 2148 765 2207 οὐδὲν
778 2150 816 2207 δεῖ
830 2149 893 2230 πρθς
913 2154 949 2209 εί-

180 2266 192 2289 «
214 2235 276 2294 δότα
288 2234 382 2306 λέγειν.
424 2237 457 2296 Εἰ
472 2234 501 2295 δέ
511 2257 540 2293 σε
555 2233 666 2297 θανάτου
680 2258 709 2293 τε
726 2236 772 2294 καί
784 2237 863 2296 ἀλλου
879 2262 947 2298 παν-

179 2350 192 2375 ·
213 2323 256 2386 τὸς
275 2322 435 2397 ἐκλυσαίμην
455 2327 553 2394 κακοῦ,
568 2312 610 2399 ἀρ’
626 2320 658 2380 ἀν
684 2322 777 2394 εἰδείης
805 2348 850 2402 μοι
869 2326 949 2405 χάριν

178 2407 256 2468 ικαὶ
270 2407 383 2487 δεομένῳ
406 2408 597 2488 ὑπουργήσειας
619 2408 633 2466 θ
654 2410 738 2469 κοινὸν
753 2414 849 2491 ἀμφοῖν
875 2412 948 2473 ἔσται

176 2521 191 2552 ε
213 2495 324 2574 ἀγαθόν;
342 2520 353 2547 ι
371 2494 585 2574 Ἀποκριναμένου
601 2495 628 2554 δέ
646 2501 693 2556 τοῦ
714 2500 850 2577 μειρακίου
864 2499 947 2558 θπόσα

130 2614 159 2655 25
178 2579 236 2647 τοθς
256 2583 282 2639 lv
301 2580 448 2658 ἀπογνώσει
463 2584 519 2660 βίου
543 2582 705 2659 κειμένουςή
722 2591 767 2644 τοῦ
785 2584 948 2656 σωθήσεσθαι

179 2669 252 2736 ἐλπίς
262 2672 314 2736 τοῖς
328 2668 423 2750 κυρίοις
430 2669 520 2728 τούτου
532 2670 615 2748 λέγειν
626 2671 671 2729 καί
680 2676 861 2752 ὑπισχνεῖσθαι
871 2673 947 2733 ἀπαί-

180 2780 237 2837 ρει,
260 2759 337 2817 λῦσαι
360 2757 484 2822 κελεύσας
507 2757 585 2816 αὐτὸν
609 2758 834 2839 θΝεμέτωρ,.κιιί
848 2760 949 2829 πάντας

179 2847 300 2904 ἀπελθεῖν
317 2843 446 2919 ἐκποδὼν,
463 2843 553 2924 φράζει
574 2845 620 2911 sd<
648 2869 728 2904 αυτου
745 2870 836 2925 τυχας,
853 2872 887 2912 ως
905 2852 945 2907 Α·

179 2931 267 3009 μόλιος
288 2930 366 2989 ateio
385 2931 495 3010 ἀδελφὸς
509 2929 545 2988 ὢν
566 2932 728 3010 ἀπεστέρησε
743 2938 788 3005 τῆς
805 2935 946 3012 βασιλείας,

122 3038 150 3078 ao
178 3019 290 3099 ὀρφανὸν
306 3017 333 3075 δέ
345 3018 442 3076 τέκνων
465 3016 551 3090 ἔθηκε,
569 3017 612 3075 τὸν
637 3017 684 3095 μίν
710 3020 753 3078 tart
773 3020 840 3101 θήρᾳ
861 3021 948 3102 κρύφα

178 3106 415 3183 διαχειρισάμενος,
440 3103 523 3174 τήνδ’
542 3109 568 3164 έν
582 3106 672 3184 εἱρκτῇ
688 3106 826 3181 δεδεμένην
846 3108 946 3186 φυλάτ-

177 3216 248 3264 των,
269 3192 304 3249 τά
325 3190 348 3249 τ’
372 3190 430 3248 ἀλλ’
456 3191 539 3249 θπόαα
560 3190 686 3263 δεσπότης
708 3191 841 3274 χρώμενος
864 3194 947 3276 δούλῳ

178 3281 299 3339 διατελεῖ.

217 3368 358 3431 LXXXII.
376 3369 458 3428 Ταῦτ’
473 3365 552 3426 εἰπών
570 3366 614 3427 καί
625 3366 706 3427 πολὺν
719 3371 810 3448 θρῆνον
828 3368 884 3448 ἀμα
895 3378 947 3436 τοῖς

123 3472 149 3512 aa
177 3456 262 3533 λόγοις
278 3454 485 3534 καταχεάμενος,
493 3453 564 3527 ἠξίου
574 3456 688 3537 τιμωρὸν
700 3464 753 3523 τοῖς
763 3460 853 3526 κακοῖς
865 3461 944 3517 αὑτοῦ

179 3544 221 3600 τὸν
232 3543 337 3620 Ῥῶμον
351 3545 481 3622 γενέσθαι.
517 3541 652 3619 Ἀσμένως
668 3543 690 3602 δ’
704 3544 892 3622 ὑποδεξαμένου
903 3547 946 3607 τθν

178 3632 253 3708 λόγον
274 3637 320 3689 τοῦ
345 3630 490 3712 μειρακίου,
511 3632 555 3689 καί
574 3633 657 3690 πάλαι
680 3631 781 3690 τάττειν
807 3632 882 3692 αὐτὸν
904 3633 947 3691 ἐπὶ

178 3718 209 3775 τὸ
223 3716 297 3796 ἔργον
314 3717 453 3792 ἀξιοῦντος,
479 3720 617 3784 ἐπαινέσας
639 3723 653 3776 θ
674 3721 800 3801 Νεμέτωρ
821 3721 869 3792 τήν
883 3744 947 3802 προ·

179 3804 291 3882 θυμίαν,
304 3833 316 3858 ε
327 3807 382 3877 Τῆς
397 3807 444 3882 μὲν
455 3805 584 3885 πράξεως,
600 3807 660 3886 ἔφη,
672 3811 715 3866 τὀν
729 3809 819 3887 καιρὸν
832 3808 882 3886 ἐγὼ
896 3832 945 3866 τα-

123 3904 163 3944 ιθ4
179 3920 190 3944 ι
214 3890 370 3969 μιεύσομαι,
381 3892 412 3950 σθ
427 3893 453 3953 δέ
467 3895 531 3960 τέως
544 3895 609 3974 πρὸς
620 3893 663 3951 τθν
673 3894 781 3972 ἀδελφόν
798 3897 944 3974 ἀπόρρητον

180 4007 191 4033 ι
213 3978 296 4038 ἀπασι
308 3988 361 4044 τοῖς
373 3980 461 4046 ἀλλοις
471 3979 594 4060 ἀγγελίαν
604 3982 718 4061 πέμψον,
731 3980 770 4039 ὅτι
780 3981 849 4060 σώζῃ
859 4006 888 4041 τε
898 3986 944 4053 δη-

178 4095 190 4123 e
212 4069 281 4142 λῶν,
297 4066 341 4126 καί
352 4068 497 4147 διαταχέων
509 4068 586 4127 αὗτθν
599 4067 672 4140 ήκειν
684 4066 772 4135 ἀξιῶν.
791 4095 802 4120 ν
844 4067 893 4128 Ἐκ
918 4071 945 4127 δὲ

86 4208 91 4219 ,
178 4154 267 4213 τούτου
286 4153 419 4231 πέμπεταί
443 4179 481 4222 τις
502 4154 654 4234 ἐξευρεθείς,
680 4154 707 4223 θς
730 4155 813 4214 ἐδόκει
831 4146 860 4214 ed
878 4160 945 4228 θπη·

179 4241 311 4321 ρετήσειν,
331 4242 375 4300 καί
391 4242 538 4322 περιτυχὼν
562 4244 591 4302 ού
606 4244 697 4323 πρόσω
712 4247 758 4314 τῆς
778 4245 880 4308 πόλεως
893 4241 946 4301 όντι

122 4345 148 4383 ιε
177 4328 310 4408 Ῥωμύλῳ
333 4330 454 4408 διασαφεῖ
483 4329 530 4396 τάς
554 4331 689 4408 ἀγγελίας·
713 4334 726 4389 θ
750 4329 777 4388 δέ
801 4330 946 4411 περιχαρής

176 4417 311 4495 γενόμενος
331 4416 437 4494 ίρχεται
463 4419 562 4495 σπουδῇ
586 4417 650 4497 πρὸς
671 4419 816 4498 Νεμέτορα,
832 4420 876 4478 καὶ
898 4444 944 4478 πε·

177 4504 310 4583 ριπλακείς
337 4507 432 4582 ἀμφοῖν
465 4506 609 4573 ἀσπάζεται
636 4508 684 4583 μὲν
708 4511 828 4584 πρῶτον,
855 4507 945 4567 ἔπειτα

176 4593 267 4673 φράζει
289 4592 337 4662 τήν
364 4591 462 4648 ἔνθεσιν
490 4597 561 4670 σφῶν
580 4592 624 4650 καί
650 4595 747 4674 τροφὴν
773 4587 945 4654 καὶτάλλ’θ

174 4682 247 4760 παρδι
263 4687 308 4739 τοῦ
328 4677 481 4741 Φαιστύλου
498 4680 616 4740 ἐπύθετο.
659 4684 721 4747 Τοῖς
735 4682 774 4753 δέ,
795 4685 824 4740 οὐ
840 4685 944 4741 πολλῶν

120 4784 147 4823 te
173 4766 217 4829 ίνα
231 4768 395 4828 πιστεύσειαν
415 4767 563 4845 τεκμηρίων
576 4768 723 4843 δεομένοις,
737 4770 903 4847 βουλομένοις
916 4795 944 4830 τε

174 4857 218 4913 καὶ
232 4862 290 4916 καθ’
305 4857 398 4930 ἡδονὰς
420 4855 452 4914 τὸ
466 4854 604 4937 λεγόμενον
618 4847 662 4927 ήν.
704 4855 780 4917 Ἐπεί
795 4860 818 4916 δ’
834 4857 952 4934 ἀνέγνω

175 4967 223 5002 σαν
243 4945 383 5019 ἀλλήλους’,
407 4943 502 5003 αὐτίκα
517 4943 700 5005 συνετάττοντο
718 4945 763 5004 καί
777 4946 941 5020 διεσκόπουν,

175 5028 244 5098 ὅστις
265 5033 337 5091 ἔσται
357 5032 452 5145 τρόπος
466 5032 482 5103 ή
498 5032 589 5110 καιρδς
604 5035 639 5099 εἰς
656 5032 702 5104 τήν
725 5034 836 5092 ἐπίθεσιν
852 5031 943 5102 ἐπιτή-

179 5115 255 5182 δειος.
297 5117 345 5176 Ἐν
368 5144 389 5198 ῳ
408 5120 431 5176 δ’
446 5110 515 5178 odeat
537 5120 597 5200 περὶ
615 5119 688 5179 ταῦτ’
706 5112 781 5193 ήσαν,
796 5124 809 5178 ὁ
823 5119 943 5179 Φαιστύ-

1003 491 1060 541 bant
1079 493 1193 541 conviciis
1211 492 1327 552 illuditur,
1343 490 1457 541 Numitor
1478 504 1585 554 sequens
1607 495 1633 541 et
1660 491 1770 556 eorporis

1001 582 1075 633 deoru
1086 584 1157 647 plane
1170 583 1262 646 regium
1275 581 1448 642 demirabetur,
1466 584 1492 631 et
1511 580 1680 632 considerabat
1699 597 1769 645 gene·

1000 684 1085 722 rosum
1106 677 1132 723 et
1154 675 1306 722 constantem
1320 670 1347 720 in
1372 670 1444 721 rebus
1464 670 1613 735 gravissimis
1637 672 1768 722 animuum

1001 765 1044 828 qui
1063 779 1108 816 nce
1125 764 1157 814 ad
1176 762 1365 814 misericordiam
1383 762 1544 827 captandam,
1560 777 1605 813 nec
1624 762 1656 812 ad
1674 777 1768 827 preces,

1001 855 1067 920 quod
1081 868 1165 905 omues
1174 853 1254 903 inlati
1266 854 1364 904 tortuna
1379 853 1457 903 iacere
1469 854 1556 914 solent,
1572 866 1599 904 se
1610 855 1769 912 concuteret,

1001 948 1044 999 sed
1054 961 1111 998 cum
1122 947 1226 997 honesto
1239 946 1335 997 silentio
1343 946 1374 996 ad
1387 946 1530 1010 supplicium
1544 948 1666 1009 pergeret.
1700 946 1769 995 Post·

1000 1052 1072 1103 qnam
1082 1052 1142 1089 vero
1158 1038 1258 1088 domum
1270 1038 1402 1099 renuunt,
1426 1037 1479 1087 aliis
1493 1037 1607 1087 secedere
1627 1035 1701 1086 iussis
1706 1071 1714 1096 ,
1729 1036 1770 1099 ip-

1001 1146 1057 1183 sum
1066 1134 1168 1182 Remum
1181 1130 1261 1180 solum
1284 1129 1442 1191 interrogarit
1463 1130 1576 1192 quisnam
1595 1131 1662 1177 esset
1678 1131 1703 1178 et
1716 1128 1772 1190 qni-

1001 1224 1048 1275 bns
1066 1227 1148 1284 ortus,
1166 1222 1232 1285 quod
1248 1222 1303 1271 talis
1323 1221 1360 1272 sir
1378 1220 1528 1271 enatalibus
1543 1223 1612 1270 ortus
1631 1220 1771 1280 tuberibus

1002 1333 1049 1370 non
1065 1319 1202 1370 uideretur.
1248 1319 1312 1367 cnm
1328 1320 1409 1367 autem
1431 1318 1523 1366 Remus
1539 1313 1721 1379 respondisset,
1743 1329 1770 1365 se

1002 1408 1063 1459 iliud
1096 1412 1192 1459 tantum
1219 1408 1281 1458 seire
1316 1421 1344 1458 er
1370 1407 1467 1458 nutricii
1498 1406 1559 1468 tide,
1592 1420 1620 1458 se
1654 1407 1770 1458 iniantem

1002 1515 1060 1553 cum
1079 1503 1154 1552 tratre
1164 1501 1259 1563 gemino
1273 1513 1358 1551 recens
1373 1503 1456 1551 natum
1475 1499 1500 1549 in
1514 1499 1576 1550 silra
1592 1499 1730 1564 expositum
1743 1502 1769 1550 et

1001 1593 1169 1659 apostoribus
1187 1596 1328 1656 susceptum
1346 1597 1371 1644 et
1390 1594 1522 1643 educatum
1541 1592 1626 1655 iubae,
1644 1594 1771 1643 Numitor

1001 1692 1057 1751 post
1077 1686 1245 1750 interpositam
1272 1686 1371 1736 brevem
1393 1699 1501 1746 moram,
1521 1685 1574 1736 sire
1596 1684 1694 1748 aliquod
1716 1685 1769 1733 veri

1001 1781 1146 1844 suspicatus,
1161 1780 1213 1831 sive
1227 1780 1275 1830 deo
1293 1794 1346 1830 rem
1365 1779 1390 1829 in
1402 1781 1483 1830 lucem
1499 1780 1646 1843 proterente,
1659 1779 1695 1828 sic
1706 1779 1770 1830 iuve-

1001 1886 1058 1923 nem
1067 1872 1198 1934 alloquitur
1212 1893 1219 1922 ι
1235 1892 1246 1914 ι
1259 1875 1288 1922 ln
1299 1885 1354 1922 mea
1362 1875 1483 1935 potestate
1497 1884 1552 1921 esse
1564 1877 1597 1933 te,
1612 1871 1696 1932 Reme,
1712 1885 1771 1934 quo·

1003 1983 1016 2007 ν
1030 1977 1136 2026 cumque
1147 1963 1266 2027 supplicio
1279 1963 1388 2025 albeme,
1400 1964 1426 2013 et
1443 1974 1486 2012 eos
1505 1964 1548 2026 qui
1560 1967 1584 2012 te
1599 1960 1650 2013 buc
1666 1962 1772 2012 adduxe·

1002 2076 1014 2098 ν
1030 2060 1098 2119 runt,
1114 2056 1200 2105 multis
1219 2057 1244 2105 et
1262 2055 1389 2106 atrocibus
1411 2054 1506 2105 iniuriis
1528 2054 1648 2119 acceptis,
1668 2059 1771 2107 mortem

1002 2168 1014 2192 ι
1029 2152 1097 2197 tuam
1114 2147 1323 2198 vehementissime
1342 2151 1469 2212 expetam,
1483 2158 1541 2198 enm
1558 2145 1609 2211 ipse
1627 2147 1703 2209 noris,
1723 2162 1772 2197 non

1002 2242 1143 2305 «estquod
1160 2245 1185 2293 te
1202 2240 1310 2293 doceam.
1344 2241 1454 2298 Quodsi
1475 2245 1500 2290 te
1517 2245 1623 2292 amorte
1637 2243 1663 2291 et
1680 2241 1769 2303 quovis

1002 2355 1015 2380 ι
1033 2335 1080 2386 alio
1102 2335 1167 2386 malo
1191 2335 1334 2397 liberavero,
1349 2347 1382 2385 nn
1406 2334 1509 2398 gratiam
1531 2333 1593 2384 mibi
1611 2334 1727 2394 babebis,
1746 2339 1772 2384 et

1002 2448 1014 2472 ι
1030 2429 1123 2492 roganti
1133 2441 1231 2492 operam
1245 2432 1314 2477 tunm
1333 2426 1358 2477 in
1370 2427 1506 2491 matrique
1520 2431 1632 2478 nostmm
1644 2428 1772 2479 commoda

1002 2543 1013 2564 ι
1029 2523 1145 2573 πεισθῆτε
1165 2544 1177 2567 ν
1218 2526 1280 2574 cum
1304 2527 1387 2575 annm
1407 2524 1506 2575 invenis
1532 2524 1697 2588 respondisset
1714 2539 1772 2589 quea

1001 2617 1110 2666 homines
1120 2616 1144 2666 in
1155 2615 1213 2665 vitae
1224 2616 1401 2680 desperatione,
1410 2616 1496 2668 salutis
1510 2628 1553 2681 spe
1566 2619 1696 2681 οεεειιιιιιο,
1711 2620 1769 2669 ritae

1001 2713 1115 2776 necisque
1132 2711 1229 2762 arbitris
1246 2715 1271 2762 ct
1283 2713 1363 2762 dicere
1383 2715 1408 2763 et
1425 2713 1533 2777 pollieeri
1547 2713 1641 2774 solent,
1661 2715 1773 2764 Numitor

1001 2807 1054 2855 eius
1069 2804 1164 2854 uincula
1182 2805 1243 2855 solvi
1261 2805 1351 2864 iussit,
1367 2807 1392 2853 et
1414 2803 1527 2853 omnibus
1551 2806 1591 2867 qui
1616 2805 1718 2853 aderant
1735 2817 1773 2854 re·

1000 2899 1087 2962 motis,
1099 2900 1221 2950 fortunam
1243 2900 1349 2949 suamet
1374 2899 1501 2949 narrarit:
1521 2902 1548 2950 ut
1567 2899 1680 2949 Amulius
1694 2899 1769 2949 irater

1001 3004 1075 3056 regno
1088 2992 1169 3055 ipsum
1182 2991 1332 3053 fraudasset,
1344 2991 1506 3054 orbatumque
1518 2991 1602 3042 liberis
1611 2990 1767 3052 reddidisset,

1000 3085 1104 3135 alterum
1124 3086 1148 3134 in
1169 3084 1298 3134 venatione
1309 3085 1407 3134 occulte
1425 3084 1581 3145 interimens,
1595 3083 1697 3134 alteram
1714 3083 1770 3133 rin·

1001 3182 1068 3228 otum
1087 3177 1112 3228 in
1126 3191 1223 3227 earcere
1236 3176 1390 3239 custodiens,
1411 3180 1542 3241 ceteraque
1562 3170 1593 3228 se'
1611 3180 1639 3226 ut
1658 3177 1772 3227 domiuus

1001 3284 1072 3321 seruo
1085 3272 1207 3320 uteretur.

1031 3369 1149 3417 nxxxtt
1160 3369 1220 3417 line
1231 3366 1340 3425 locutus,
1351 3371 1375 3416 et
1384 3367 1469 3417 multis
1479 3367 1587 3418 lacrimis
1598 3367 1661 3418 inter
1670 3369 1770 3431 loquen-

1001 3470 1060 3519 dum
1070 3470 1145 3531 tusis,
1160 3469 1241 3518 oravit
1250 3469 1352 3518 Remum
1361 3472 1390 3517 ut
1399 3468 1547 3520 domesticos
1555 3483 1614 3519 suas
1625 3469 1724 3523 iuiurias
1735 3471 1771 3521 nl·

1000 3567 1142 3617 ciseeretur.
1174 3566 1459 3616 cuiusorationemsum
1477 3565 1684 3618 iuvenislibenter
1696 3580 1771 3618 exce·

1000 3665 1085 3728 pisset,
1099 3668 1125 3715 et
1136 3665 1184 3715 iam
1196 3678 1223 3715 sc
1236 3664 1268 3714 ad
1285 3677 1348 3728 opus
1361 3663 1549 3729 aggrediendum
1557 3664 1615 3716 duci
1628 3668 1770 3731 postularet,

999 3763 1119 3821 Numitor,
1142 3762 1195 3811 eins
1224 3761 1301 3811 animi
1324 3760 1450 3811 alacritate
1480 3761 1633 3824 collaudata,
1661 3765 1741 3826 inquit
1764 3783 1769 3811 :

1000 3879 1013 3902 «ι
1028 3862 1136 3922 Tempus
1151 3859 1187 3908 rei
1198 3858 1310 3921 gerendus
1322 3871 1367 3921 ego
1380 3859 1567 3922 dispensaturus
1578 3870 1646 3917 sum,
1665 3863 1692 3907 tn
1704 3858 1768 3908 inte·

1000 3974 1012 3997 a
1027 3954 1074 4002 rim
1085 3954 1147 4002 clam
1159 3955 1270 4002 nuntium
1283 3954 1314 4002 ad
1325 3955 1423 4004 tratrem
1444 3954 1530 4017 mitte,
1543 3967 1668 4018 perquem
1678 3954 1769 4018 siquid·

1000 4073 1013 4098 a
1029 4068 1069 4104 ces
1081 4057 1106 4103 le
1121 4054 1215 4104 salvum
1232 4068 1286 4105 esse
1298 4060 1323 4105 et
1335 4069 1420 4119 rogare
1431 4060 1460 4106 ut
1472 4055 1513 4107 ille
1524 4068 1598 4119 qnam
1609 4055 1716 4120 primum
1728 4069 1770 4107 ve·

1000 4170 1011 4191 ι
1029 4150 1087 4199 nial.
1105 4169 1117 4193 ν
1130 4151 1192 4198 Tum
1206 4163 1265 4200 vero
1281 4151 1396 4201 iuventus
1414 4153 1553 4215 missusque
1565 4156 1605 4202 est
1617 4151 1719 4215 quidam
1737 4152 1770 4202 ad

999 4250 1045 4298 boo
1057 4246 1218 4297 mmistcrium
1231 4248 1385 4311 peridoneus,
1393 4249 1437 4314 qui
1446 4263 1494 4299 non
1508 4249 1594 4313 procui
1606 4249 1638 4300 ab
1650 4249 1710 4301 urbe
1721 4252 1769 4299 Ro·

999 4348 1093 4398 mulum
1104 4353 1190 4399 nactus
1203 4345 1317 4396 mandata
1328 4345 1458 4396 renuntiat.
1492 4346 1536 4397 ille
1544 4359 1604 4396 raro
1615 4346 1688 4398 valde
1699 4347 1771 4399 laetus

998 4442 1770 4508 adNumitorempmperavit:etprimnmntmmqueamplexns

998 4543 1131 4603 salutavit,
1143 4540 1230 4590 deiude
1243 4538 1352 4588 narravit
1366 4539 1571 4601 quemadmodum
1589 4541 1615 4591 et
1628 4540 1732 4602 expositi
1744 4543 1770 4590 et

998 4640 1095 4690 educati
1105 4642 1194 4699 essent,
1205 4643 1229 4688 et
1242 4637 1289 4687 alia
1300 4648 1454 4702 quecunque
1462 4650 1493 4687 ex
1501 4635 1619 4687 Faustulo
1630 4641 1764 4700 acceperat.

999 4738 1051 4788 lllis
1064 4739 1146 4786 autem
1160 4737 1299 4787 volentibus
1312 4750 1356 4785 nee
1370 4735 1453 4785 multis
1463 4738 1492 4785 ut
1504 4734 1631 4785 crederent
1639 4746 1769 4795 argumen-

999 4836 1031 4884 tis
1048 4833 1188 4898 egentibus,
1204 4833 1323 4896 uoluptati
1336 4836 1388 4882 erat
1408 4833 1476 4896 quod
1489 4832 1617 4883 referebat.
1650 4831 1699 4882 Ubi
1709 4845 1768 4882 vero

997 4947 1023 4982 se
1037 4935 1123 4982 mutuo
1135 4933 1301 4995 emeremni,
1317 4931 1401 4980 statim
1414 4930 1515 4981 consilia
1530 4931 1629 4991 ineunt,
1648 4929 1715 4981 etde
1731 4929 1767 4979 rei

997 5029 1162 5094 aggrediendae
1189 5027 1282 5077 ratione
1307 5030 1333 5076 et
1358 5029 1539 5091 opportunitate
1561 5040 1670 5091 quaerere
1684 5039 1765 5090 empe-

997 5131 1063 5177 runt,
1096 5127 1250 5175 Dumaulem
1260 5123 1313 5173 haec
1330 5123 1361 5173 ab
1382 5124 1435 5174 istis
1450 5127 1576 5187 geruntur,
1590 5123 1722 5175 Faustulus
1735 5124 1765 5174 ad
