3772 5828
609 401 905 477 ANTIQUITATUM
928 404 1081 466 ROMAN.
1106 406 1180 470 LlB.
1206 409 1260 471 tv,
1676 420 1736 482 otti

124 562 139 587 ιι
153 533 299 608 πολιτείαν,
320 532 499 607 μεσούαοιλία
524 535 635 612 έλοῦμαι
655 535 700 594 τδν
730 536 901 605 ἀποδείξοντα

125 653 138 678 ιι
159 623 217 692 τοῦς
229 623 469 704 παραληψομένους
486 622 519 682 τδι
533 622 617 695 κοινὰ,
628 624 673 684 καὶ
685 629 762 685 αὐτὸς
772 624 903 691 ἀποδίσο·

125 739 137 767 ιι
153 735 201 788 μαι
210 708 258 783 τὴν
269 712 321 770 τῶν
332 711 466 788 Κελερίων
477 712 572 792 διρχτίν.
586 710 655 773 Ὁδὲ
669 716 843 781 κατασταθεὶς
858 716 902 772 ὑπ’

125 828 137 855 ι
155 804 221 877 έμοῦ
236 798 427 877 μεσούασιλεδς
447 799 602 880 συναγαγὼν
624 802 672 872 την
689 805 791 881 λοχῖτιν
805 803 903 873 ἐκκλη-

84 910 98 952 ς
125 917 138 942 ιι
154 889 235 962 σίαν,
260 887 418 960 ὀνομασάτω
443 912 472 947 τε
493 887 553 957 τοῦς
582 889 726 966 μέλλοντας
751 889 817 959 έξειν
847 891 896 963 τήν

124 1003 137 1028 ιι
153 976 283 1037 ἐνιαύσιον
299 975 458 1054 ἡγεμονίαν,
481 976 528 1034 καλ
549 980 637 1057 ψῆρον
658 977 723 1059 ὑπὲρ
743 980 829 1038 αὐτῶν
849 987 902 1047 τοῖς

125 1096 138 1117 ιι
154 1066 273 1134 πολίταις
299 1064 380 1127 δότω·
408 1063 503 1124 έδνδδ
530 1073 583 1132 τοῖς
601 1065 704 1125 πλείοσι
730 1066 791 1145 δόξῃ
814 1067 903 1149 λόχοις

124 1183 138 1209 ι
153 1154 246 1234 κυρίαν
277 1145 343 1214 εἶναι
372 1154 419 1225 τὴν
452 1158 504 1214 τῶν
530 1154 631 1233 ἀνδρῶν
653 1152 769 1235 αἵρεσιν,
800 1157 845 1216 καὶ
868 1157 902 1215 sir

123 1271 136 1296 ι
155 1241 326 1321 μαντεύματα
338 1243 446 1323 γίνηται
468 1242 529 1321 περὶ
543 1243 630 1301 αύτιῦν
649 1243 733 1317 καλὰ,
750 1243 811 1312 τοῦς
826 1246 902 1304 πελέ·

125 1361 138 1384 ιι
152 1356 206 1400 κεις
219 1324 289 1391 οῦτοι
307 1331 507 1413 παραλαύόντες
531 1331 577 1391 καὶ
598 1329 633 1390 sd
656 1333 738 1392 λοιπὰ
762 1337 810 1406 τῆς
828 1337 902 1413 βασι·

124 1450 137 1476 ιι
152 1423 229 1495 λικῆς
242 1420 359 1491 ἔξουσίας
372 1421 495 1498 ούμύολα
510 1419 698 1500 πραττέτωσαν
710 1420 782 1489 ὅπως
797 1422 901 1483 ίλευδέ·

123 1538 136 1563 ιι
151 1535 198 1591 ραν
212 1510 353 1589 οἰκήσομεν
375 1511 423 1583 τὴν
446 1510 582 1591 πατρίδα,
600 1511 646 1569 καλ
668 1509 764 1585 μηκέτι
790 1510 900 1572 κάθοδον

123 1627 136 1653 ι
151 1598 251 1668 δέουσιν
270 1602 306 1666 εἰς
320 1598 403 1672 αὐτὴν
416 1598 576 1677 Ταρκύνιοι·
599 1598 771 1679 πειράσονται
793 1598 855 1680 γδρ,
871 1593 902 1661 εύ

123 1717 136 1741 ιι
150 1687 216 1760 ίστε,
231 1689 277 1748 καλ
291 1686 435 1747 πειθοῖκαὶ
452 1686 498 1768 βίᾳ
511 1685 557 1747 καλ
572 1687 641 1769 δολιρ
661 1688 707 1748 καλ
725 1688 805 1749 παντλ
827 1688 901 1771 ἄλλῳ

123 1806 136 1832 ιι
149 1779 241 1859 τρόπῳ
262 1778 401 1858 παρελθεῖν
420 1776 501 1838 πόλιν
520 1777 563 1838 tut
592 1777 642 1850 τὴν
662 1777 829 1858 δυναστείαν,
855 1779 900 1838 tto

123 1895 137 1919 ι
152 1865 190 1940 μὴ
206 1865 397 1948 φυλαττώμεθα
411 1865 514 1935 αύτούς.
569 1867 655 1928 Ταυτί
667 1866 715 1945 μέν
728 1857 772 1926 οῦν
787 1869 844 1927 έστι
866 1868 899 1927 sd

123 1984 136 2010 ι
155 1961 266 2032 μέγιστα
284 1954 328 2015 καλ
350 1953 516 2036 κυριώτατα,
532 1947 569 2015 ὧν
589 1959 652 2033 ύμῖν
675 1958 703 2017 έν
725 1958 763 2037 τῷ
787 1955 898 2037 παρόντι

123 2072 137 2098 ι
153 2043 238 2122 λέγειν
251 2043 306 2123 έχω
319 2045 364 2105 καὶ
380 2048 516 2127 παραινεῖν
527 2069 534 2083 ·
546 2044 581 2105 τὰ
595 2045 622 2105 δὲ
643 2046 714 2107 κατδι
729 2044 807 2125 μέρος
820 2048 898 2107 πόλλ’

83 2169 86 2176 ‚
123 2162 136 2185 ιι
151 2132 213 2193 ὄντα
229 2132 316 2193 καλοῦ
344 2131 419 2217 ῥᾴδια
432 2139 477 2195 νῦν
497 2133 532 2194 δι’
552 2133 686 2214 ᾶκριύείας
712 2134 898 2213 ἰξετασδῆναι·

123 2225 302 2302 «συνήγμεθα
322 2224 374 2306 γὰρ
396 2227 433 2290 είς
449 2223 540 2303 καιρδν
555 2221 627 2292 ὀξύν·
650 2222 791 2292 έπάύεοῖς
810 2222 899 2301 οίομαι

123 2314 203 2372 ιδεῖν
237 2318 346 2386 ποιῆσαι
381 2313 434 2379 τοῖς
462 2312 693 2393 παραληψομένοις
720 2310 768 2383 τὴν
800 2313 896 2392 ἀρχήν.

122 2429 134 2454 ι
149 2403 311 2463 Σκοπεῖσῦαι
323 2399 412 2477 μέντοι
422 2398 492 2481 φημὶ
503 2404 600 2478 χρῆναι
614 2398 673 2466 τοῦς
683 2398 779 2479 ἄνδρας
793 2398 899 2458 ἅπαντα

122 2518 134 2542 ι
153 2491 219 2566 μετὰ
234 2494 281 2548 τοῦ
296 2488 430 2567 συνεδρίου
450 2491 497 2560 τῆς
520 2490 627 2565 βουλῆς,
642 2485 731 2569 ὥσπερ
743 2490 766 2546 οἱ
784 2490 900 2567 βασιλεῖς

123 2607 134 2625 ι
153 2576 270 2649 ἐποίουν,
287 2575 333 2634 καὶ
358 2574 440 2651 μηδέν
464 2575 591 2656 προίττειν
614 2575 676 2655 δίχα
696 2579 782 2650 ἡμῶν,
798 2578 843 2635 καλ
866 2574 900 2635 τδι

67 2678 94 2716 25
123 2663 262 2731 «δόξαντα
283 2669 315 2741 τῇ
339 2665 421 2742 βουλῇ
441 2661 528 2743 ρέρειν
550 2666 586 2730 εἰς
607 2665 651 2723 τὀν
671 2665 773 2741 δῆμον,
791 2667 827 2731 ὡς
845 2672 899 2733 τοῖς

122 2782 134 2807 ιι
151 2752 285 2832 προγόνοις
299 2755 375 2829 ἡμῶν
390 2760 474 2811 ποιεῖν
500 2753 555 2820 ἔθος
577 2744 619 2825 ἦν,
642 2754 751 2828 μηδενὸς
771 2755 899 2837 ἆραιρου·

120 2871 132 2896 ιι
150 2843 243 2921 μένους
257 2840 350 2913 αὐτὸν,
374 2830 410 2899 ὧν
431 2842 458 2900 έν
473 2850 525 2909 τοῖς
544 2840 672 2920 πρότερον
691 2846 791 2923 καιροῖς
811 2842 898 2923 κύριος

119 2961 131 2983 ιι
147 2924 193 3004 ἧν.
211 2927 291 2992 Ούτω
316 2928 368 3010 γὰρ
387 2931 473 2996 αὐτοῖς
495 2929 683 3012 ἀσφαλέστατα
703 2932 748 2989 καλ
768 2929 897 2991 κοίλλιστα

118 3020 197 3089 «itu
215 3019 249 3079 τδι
262 3023 310 3091 τῆς
324 3021 417 3098 ἀρχῆς.
435 3047 447 3070 ι

68 3127 94 3165 au
157 3110 286 3171 LXXVI.
309 3106 419 3180 Ταύτην
429 3107 634 3186 ἀποδειξαμένου
647 3107 695 3176 τὴν
705 3108 813 3189 γνώμην
827 3109 896 3170 Ἰου-

118 3200 172 3259 νίου
184 3198 312 3277 Βρούτου,
327 3194 424 3264 ποίντες
439 3198 582 3277 έπῄνεσαν,
598 3198 644 3256 καὶ
655 3197 750 3256 αὐτίκα
768 3198 895 3278 περὶτῶν

117 3288 345 3370 παραληψομένων
362 3285 409 3353 τὰς
427 3286 567 3364 ἡγεμονίας
587 3286 688 3366 ἀνδρῶν
704 3287 896 3365 βουλευόμενοι,

118 3376 294 3455 μεσούασιλία
307 3375 354 3449 μέν
368 3374 474 3456 ἔκριναν
490 3377 682 3456 ἀποδειχθῆναι
696 3374 811 3453 Σπόριον
828 3381 896 3435 Λου·

117 3467 223 3547 κρήτιον
242 3465 286 3524 τὸν
304 3463 406 3543 πατέρα
425 3469 473 3536 τῆς
492 3463 709 3545 διαχρησαμένης
726 3463 835 3534 ἑαυτήν·
851 3465 895 3521 ὑπ’

64 3568 92 3607 ³5
118 3554 218 3613 lusiano
236 3554 264 3612 δὲ
284 3553 344 3620 τοῦς
364 3550 468 3620 δξοντας
489 3552 536 3624 τὴν
559 3556 610 3611 τῶν
630 3550 760 3629 βασιλέων
778 3549 895 3618 ἐξουσίαν

118 3645 297 3719 όνομαοδῆναι
315 3641 424 3701 Λεύκιον
447 3640 553 3703 Ἰούνιον
580 3644 694 3718 Βροῦτον
716 3639 761 3697 καὶ
785 3639 894 3698 Λεύκιον

117 3729 264 3810 Ταρκύνιον
289 3731 460 3792 Κολλατῖνον.
491 3729 562 3796 Τοὺς
590 3731 614 3788 δ’
640 3729 770 3809 ἄρχοντας
791 3727 895 3798 τούτους

116 3819 212 3889 ἔταξαν
227 3822 363 3880 καλεῖσθαι
385 3830 454 3881 κατὰ
477 3820 525 3893 τὴν
538 3821 639 3879 έαυτῶν
655 3818 790 3879 διάλεκτον
803 3820 894 3878 Κων-

116 3909 246 3977 σούλας.
270 3914 353 3970 Τοῦτο
372 3907 629 3988 μεθερμηνευόμινον
647 3909 684 3974 εἰς
697 3905 745 3977 τὴν
767 3904 894 3975 Ἑλλόδος

62 4008 88 4047 ⁴⁰
115 4001 236 4075 γλῶτταν
253 3995 368 4077 τούνομα
385 3995 583 4074 συμύούλουςη
603 3994 763 4076 προύούλους
782 3995 892 4057 δύναται

115 4088 225 4159 δηλοῦν·
239 4086 414 4147 Κωνσίλια
428 4085 479 4165 γδιρ
494 4087 518 4144 οἱ
532 4083 665 4163 Ῥωμαῖοι
678 4083 725 4152 τδς
741 4082 895 4162 συμύουλδις

114 4181 254 4235 καλοῦσιν·
265 4173 384 4236 “tmen
406 4176 430 4235 δ’
445 4174 488 4255 ὑφ’
506 4173 641 4245 Ἑλλήνων
652 4171 708 4232 -οῖνδ
721 4172 815 4253 χρόνον
827 4173 894 4232 ὠνο-

114 4266 255 4342 μάσθησαν
268 4265 313 4323 ἐπὶ
327 4269 373 4324 τοῦ
389 4264 512 4344 μεγέθους
526 4267 573 4335 τῆς
588 4262 716 4333 ἐξουσίας,
732 4260 773 4321 ὅτι
787 4261 893 4321 πάντων

114 4356 138 4411 τ’
160 4355 273 4434 ἄρχουσι
287 4351 333 4413 καλ
346 4352 396 4425 τὴν
412 4351 539 4412 δνωτότω
558 4352 648 4433 χώραν
664 4351 767 4432 ἔχουσι·
790 4351 820 4409 τὸ
839 4349 890 4431 γδρ

63 4445 87 4483 ⁴⁵
114 4440 242 4521 ὑπερέχον
272 4441 318 4502 καλ
346 4443 426 4523 ἄκρον
452 4442 551 4501 ύττατον
578 4441 687 4500 έκοίλουν
715 4443 740 4500 οἱ
770 4439 892 4499 παλαιοί.

113 4531 205 4591 Ταῦτα
233 4531 440 4611 βουλευσάμενοί
464 4554 494 4591 τε
520 4528 565 4590 καὶ
591 4530 823 4608 καταστησόμενοι
848 4527 894 4587 καί

113 4618 173 4687 τοῦς
186 4619 257 4689 teob<
277 4624 367 4701 εύχαῖς
387 4619 586 4687 λιτανεύσαντες
606 4620 785 4679 συλλαύέσδαι
805 4618 894 4697 σρίσιν

113 4707 190 4768 ὁσίων
208 4708 254 4767 καλ
272 4710 379 4770 δικαίων
395 4710 479 4791 ἔργων
490 4709 644 4793 έριεμένοις,
664 4708 774 4789 ἐξῄεσαν
788 4711 824 4775 εἰς
840 4707 890 4779 τὴν

114 4798 223 4876 ἀγοράν.
268 4797 444 4860 Ἠκολούθουν
467 4801 490 4860 δ’
512 4801 598 4868 αὐτοῖς
625 4802 649 4859 οἱ
672 4801 824 4877 θεράποντες
850 4798 893 4858 ἐπὶ

59 4894 87 4931 ⁵⁰
113 4886 204 4958 κλίνης
219 4886 330 4963 μελασιν
354 4889 461 4969 δμρίοις
478 4888 645 4969 ἐστρωμένης
660 4889 807 4963 κομίζοντες
824 4890 892 4947 ἀδε-

114 4974 245 5053 ροίπευτόν
262 4998 291 5035 τε
312 4976 357 5037 καλ
371 4976 541 5059 πεφυρμένην
558 4974 651 5055 αἵματι
664 4976 713 5047 τὴν
728 4976 838 5058 νεκροίν·
859 4976 893 5047 ἣν

113 5064 164 5141 πρὸ
185 5072 233 5126 τοῦ
257 5067 446 5147 βουλευτηρίου
466 5070 574 5137 τεθῆναι
588 5065 777 5138 κελεύσαντες,
789 5061 892 5145 ὑψηλὴν

112 5156 160 5210 καὶ
176 5159 308 5236 περιφανῆ
331 5154 489 5216 συνεκάλουν
508 5154 554 5214 τδν
578 5154 661 5230 δῆμον
679 5155 715 5220 εἰς
735 5152 889 5225 ῖκκλησίαν.

112 5238 220 5321 Ὄχλου
247 5244 275 5304 δέ
299 5241 473 5325 συναχθέντος
496 5242 527 5303 ού
547 5240 625 5320 μόνον
648 5244 694 5300 τοῦ
716 5239 775 5301 κατ’
793 5237 890 5321 δγορδιν

959 565 971 589 ι
985 544 1022 595 eis
1037 546 1179 610 reipublism
1199 548 1293 611 torma,
1309 565 1384 615 quam
1398 553 1550 606 constituerc
1566 556 1591 605 in
1603 561 1683 611 auimo
1694 562 1736 613 ba·

958 662 970 686 ιι
985 641 1086 704 bernus,
1105 643 1251 708 interregem
1271 647 1375 706 creabo,
1395 649 1437 712 qui
1456 649 1617 713 magistratus
1639 665 1736 717 rempu·

959 741 1074 791 «blicam
1092 746 1205 806 gesturos
1224 744 1378 808 designabit,
1400 747 1427 796 et
1449 746 1501 810 ipsc
1516 745 1634 796 colorum
1655 748 1734 812 magi·

958 856 971 879 ιι
987 839 1093 887 stratum
1112 837 1242 902 deponam.
1266 842 1376 889 interrex
1398 853 1473 900 uero,
1488 841 1532 906 qui
1552 855 1627 893 ame
1641 844 1740 893 creatus

958 953 970 976 ιι
988 934 1072 994 iucrit,
1092 935 1238 986 centuriatis
1253 937 1358 987 comitiis
1379 938 1489 989 nominet
1506 940 1680 1004 magistratus,
1696 939 1740 1003 qui

958 1050 969 1073 ιι
985 1045 1094 1082 amrium
1107 1032 1238 1097 imperium
1253 1033 1360 1085 babituri
1378 1038 1449 1095 suut,
1461 1038 1618 1102 etpopulum
1639 1036 1668 1086 asl
1684 1038 1737 1088 sui·

957 1150 970 1175 ιι
987 1129 1064 1192 fragia
1078 1130 1109 1180 de
1122 1129 1171 1180 illis
1182 1129 1281 1180 terenda
1297 1134 1369 1182 vocet
1387 1134 1472 1196 :quod
1486 1135 1507 1183 si
1521 1135 1606 1198 plures
1619 1127 1739 1186 maturius

957 1247 971 1272 ιι
984 1226 1082 1278 ίΙΙοιυιιι
1100 1229 1244 1279 electionem
1256 1229 1391 1290 sanxerint,
1406 1234 1431 1280 at
1447 1231 1521 1281 simul
1532 1233 1613 1282 tausta
1626 1232 1738 1297 auspicia

957 1345 969 1369 ιι
984 1324 1045 1389 ipsis
1060 1338 1116 1375 eam
1127 1325 1309 1387 confirmarint,
1322 1327 1488 1378 tumdemum
1503 1329 1612 1380 tnscibus
1631 1334 1657 1381 at
1676 1332 1736 1381 reti·

957 1444 969 1467 ι
984 1423 1041 1486 quis
1057 1423 1129 1487 ragin
1140 1424 1271 1487 potestatis
1286 1424 1422 1489 insignibus
1435 1427 1551 1491 comptis,
1564 1428 1623 1478 dont
1637 1443 1743 1494 operam·

956 1540 969 1564 ι
985 1522 1014 1571 ut
1031 1519 1135 1570 liberam
1152 1522 1257 1587 patriam
1282 1523 1433 1584 mactamus,
1449 1538 1511 1575 nere
1529 1496 1736 1590 Tarquiniis⁰um

956 1631 969 1655 ιι
983 1625 1058 1676 quam
1074 1613 1100 1662 in
1114 1626 1170 1663 cam
1191 1613 1288 1664 reditus
1305 1618 1395 1679 pateat.
1429 1617 1590 1668 donabuntur
1599 1618 1736 1684 enimlboo

956 1724 968 1747 ιι
981 1718 1026 1768 pro
1040 1707 1166 1767 comperto
1180 1705 1307 1768 babeatis)
1324 1710 1350 1757 et
1369 1708 1483 1759 suasione
1498 1712 1525 1760 et
1544 1710 1571 1759 ri
1591 1713 1617 1761 et
1628 1704 1686 1761 doto
1708 1714 1735 1762 at

956 1826 968 1849 ι
987 1805 1077 1869 quavis
1097 1804 1145 1855 alia
1167 1805 1260 1856 ratione
1279 1807 1408 1870 imperium
1424 1822 1583 1872 recuperare,
1608 1811 1654 1861 uisi
1666 1810 1737 1864 nobis
1778 1837 1790 1843 ι

956 1920 969 1942 ι
983 1898 1015 1948 ab
1027 1898 1086 1962 ipsis
1099 1911 1224 1948 cavemus.
1260 1901 1319 1948 linc
1336 1899 1410 1963 igitur
1421 1904 1478 1950 sunt
1496 1904 1603 1952 maxima
1614 1907 1641 1953 et
1652 1904 1737 1967 praeci·

957 2008 969 2032 ιι
984 2002 1042 2053 pua,
1052 2000 1109 2051 qun
1123 1986 1288 2052 inpraesentia
1299 1988 1461 2040 robisdirerc
1470 1992 1496 2039 et
1506 1990 1609 2040 suadere
1618 2004 1734 2054 possum:

956 2107 968 2130 ι
983 2085 1086 2149 singula,
1105 2098 1165 2135 vero
1176 2098 1232 2149 qua
1244 2086 1322 2135 multa
1337 2088 1402 2145 sunt,
1417 2098 1497 2148 neque
1511 2085 1579 2134 tacite
1601 2086 1649 2136 iam
1672 2101 1737 2137 nunc

956 2202 969 2225 ιι
983 2184 1098 2231 accurate
1111 2178 1203 2229 discuti
1221 2181 1341 2243 possunt,
1360 2177 1392 2227 ad
1411 2191 1521 2228 summas
1534 2179 1599 2228 enim
1617 2180 1736 2243 temporis

956 2293 969 2318 ι
984 2271 1213 2337 augustiasredacti
1234 2284 1330 2333 sumus,
1349 2272 1440 2322 tuturis
1459 2271 1644 2333 magistratibus
1659 2273 1735 2323 relin-

956 2387 969 2411 ιι
981 2366 1092 2432 quendas
1106 2380 1135 2416 ac
1153 2365 1329 2430 permittendas
1343 2379 1440 2416 censeo.
1474 2366 1533 2416 litos
1550 2379 1610 2416 vero
1620 2365 1651 2416 de
1663 2366 1736 2418 rebus

955 2480 968 2504 ι
982 2459 1097 2509 omnibus
1118 2458 1257 2508 consultare
1282 2471 1339 2508 cum
1365 2460 1452 2508 scumu
1476 2463 1589 2521 oportere
1612 2459 1684 2522 dico,
1709 2463 1737 2512 ut

955 2573 967 2596 ιι
985 2566 1054 2616 reges
1076 2556 1147 2601 antea
1170 2551 1329 2609 factitarunt,
1352 2564 1396 2601 uec
1422 2551 1561 2615 quidquam
1588 2553 1643 2603 sine
1666 2554 1738 2605 nobis

955 2667 968 2690 ιι
981 2659 1066 2709 agere,
1086 2648 1111 2696 et
1128 2649 1229 2696 senaim
1249 2645 1339 2709 placita
1362 2645 1393 2695 ad
1413 2646 1532 2710 populum
1551 2647 1651 2707 reterre,
1673 2647 1738 2701 sicut

956 2760 968 2784 ι
984 2741 1091 2791 maiores
1110 2738 1188 2790 nostri
1204 2738 1327 2799 solebant,
1351 2739 1417 2788 nulla
1437 2739 1462 2788 in
1482 2753 1508 2789 re
1530 2741 1584 2790 eius
1609 2739 1737 2804 pristinam

955 2855 967 2878 ι
984 2833 1155 2884 auctoritatem
1170 2845 1200 2883 ac
1211 2835 1359 2896 potestatem
1376 2832 1558 2885 imminuentes.
1594 2836 1646 2884 tloc
1668 2834 1736 2886 enim

954 2944 967 2967 ι
981 2926 1054 2989 pacto
1071 2921 1229 2987 magistratus
1243 2934 1329 2972 eorum
1344 2923 1370 2972 et
1387 2921 1528 2973 tutissimus
1547 2925 1571 2973 et
1588 2923 1733 2975 honestissi-

955 3029 967 3051 ιι
983 3023 1040 3060 mus
1048 3010 1103 3062 crit.
1120 3030 1132 3055 ν

984 3110 1095 3159 Lxxvt.
1116 3110 1179 3159 cnm
1198 3109 1272 3173 igitru
1291 3107 1377 3159 lunius
1397 3110 1490 3159 Bmtus
1507 3109 1572 3160 hanc
1588 3110 1735 3162 sententiam
1833 3170 1841 3185 ⁶

952 3208 1064 3270 dixisset,
1073 3223 1159 3259 omnes
1169 3222 1224 3259 cam
1238 3208 1384 3267 laudarunt;
1396 3210 1421 3258 et
1430 3209 1522 3271 statim,
1536 3209 1568 3259 dc
1582 3209 1673 3259 suturis
1683 3224 1735 3260 ma·

951 3307 1095 3370 gistratibus
1112 3306 1288 3364 consultantes,
1305 3308 1455 3357 censuerunt
1481 3306 1625 3368 interregem
1646 3318 1731 3356 crean-

950 3413 1011 3461 dum
1029 3410 1069 3471 Sp.
1094 3407 1237 3457 Lucretium
1253 3410 1348 3470 patrem
1369 3405 1490 3465 mulieris,
1504 3419 1561 3470 quta
1580 3405 1626 3454 sibi
1646 3419 1733 3456 manns

951 3509 1089 3559 attulerat:
1106 3506 1175 3558 etsi)
1196 3507 1239 3557 illo
1257 3506 1417 3569 magistratus
1441 3508 1508 3570 regia
1530 3509 1652 3570 potestate
1668 3520 1734 3571 prm·

950 3606 1025 3666 ditos,
1041 3602 1227 3663 renuntiandos,
1247 3605 1275 3652 L.
1299 3605 1395 3655 lunium
1411 3607 1516 3655 Brutum
1533 3609 1559 3654 et
1579 3607 1606 3654 L.
1626 3605 1732 3670 Tarqui-

949 3703 1018 3753 nium
1047 3701 1206 3751 cottattnum.
1243 3703 1294 3751 ilos
1322 3701 1481 3764 magistratus
1510 3702 1591 3766 patrio
1620 3715 1733 3757 sermone

948 3799 1069 3851 consules
1078 3799 1162 3850 vocari
1173 3797 1276 3864 placuit,
1287 3800 1355 3865 quod
1364 3814 1461 3862 nomen,
1472 3801 1494 3850 si
1502 3804 1587 3851 Graeca
1611 3801 1731 3867 interpra-

948 3895 1018 3959 teris,
1033 3895 1181 3959 ουμδούλους
1199 3893 1240 3945 rel
1252 3895 1395 3957 προδούλους
1410 3895 1547 3959 signiticare
1559 3899 1642 3959 potest
1654 3899 1730 3946 :·lto-

947 3988 1088 4039 manienim
1104 3988 1240 4053 συμσουλὰς
1250 3988 1350 4038 consilia
1368 3992 1457 4037 vocant
1473 3992 1518 4038 :at
1533 3989 1655 4039 aGraecis
1668 3992 1731 4040 tcm-

948 4083 1015 4147 poris
1028 4097 1159 4148 progressu
1173 4084 1259 4134 ὕπατοι
1273 4082 1356 4133 vocati
1371 4084 1428 4131 sunt
1443 4081 1600 4145 apotestntis
1612 4082 1731 4147 amplitu-

947 4178 1013 4238 dine,
1036 4178 1104 4242 quod
1122 4177 1237 4228 omnibus
1263 4177 1384 4242 imperent
1406 4181 1432 4226 et
1458 4190 1583 4226 summum
1607 4176 1731 4243 dignitatis

947 4277 1053 4339 gradum
1069 4275 1205 4326 obtineant.
1242 4275 1317 4325 Prisci
1335 4273 1400 4324 onim
1411 4273 1508 4333 Graeci,
1524 4271 1593 4336 quod
1611 4273 1730 4323 excellens

947 4380 971 4426 et
981 4390 1106 4426 summum
1117 4379 1171 4427 erat
1183 4375 1207 4426 id
1218 4377 1309 4426 ὕπατον
1323 4374 1451 4425 vocabant.
1485 4375 1539 4423 Hoc
1556 4373 1617 4422 inito
1628 4371 1730 4421 oonsilio

946 4473 1069 4538 atquehis
1083 4473 1118 4522 ita
1132 4473 1243 4531 statutis,
1258 4471 1372 4536 rotisque
1385 4470 1533 4534 nuncupatis
1552 4469 1612 4518 deos
1625 4465 1727 4530 precati,

946 4572 975 4620 ut
987 4582 1014 4619 sa
1026 4581 1067 4618 res
1080 4570 1179 4618 mucias
1199 4581 1229 4617 ac
1242 4567 1321 4616 iustas
1345 4567 1506 4627 suscepturos
1531 4562 1687 4617 adiuuarent,
1702 4558 1727 4608 in

948 4667 1028 4717 ionum
1041 4665 1192 4731 prodierunt.
1226 4663 1398 4728 Sequebantur
1412 4665 1496 4713 autem
1515 4658 1609 4722 tumuli,
1625 4658 1650 4708 in
1664 4658 1728 4708 tecto

946 4761 1021 4826 nigris
1033 4761 1144 4812 restibus
1157 4760 1282 4809 constrato
1296 4760 1421 4821 portantes
1430 4753 1550 4806 Lucretius
1565 4750 1671 4801 cadaver
1683 4748 1725 4797 in·

946 4860 1040 4912 cuttnm
1054 4862 1081 4911 ct
1099 4858 1216 4922 sauguine
1232 4856 1351 4906 foedatum
1373 4875 1379 4905 :
1398 4854 1465 4918 quod
1484 4865 1541 4901 cum
1553 4851 1609 4897 autc
1629 4846 1724 4896 curiam

943 4960 1001 5025 poni
1028 4959 1052 5008 in
1076 4959 1130 5008 loco
1153 4956 1222 5007 edito
1243 4958 1269 5005 et
1289 4952 1421 5017 conspicuo
1443 4946 1586 5001 iussissent,
1602 4941 1722 5006 populum

943 5048 975 5101 ad
997 5047 1138 5099 morionem
1161 5046 1337 5096 convocarunt.
1371 5039 1541 5090 comantem
1566 5048 1615 5084 non
1641 5033 1722 5085 solum

943 5138 1023 5191 omnis
1037 5136 1120 5194 turba,
1133 5149 1190 5201 qun
1205 5138 1264 5186 tunc
1281 5135 1337 5183 erat
1351 5130 1377 5180 in
1394 5128 1456 5187 loro,
1475 5124 1610 5177 sedetiam
1625 5124 1723 5190 reliqua

944 5244 1002 5298 qum
1019 5231 1074 5283 erat
1085 5241 1170 5295 sparsa
1186 5238 1231 5293 per
1244 5226 1324 5277 utam
1335 5220 1425 5275 urbem
1440 5220 1527 5273 ouidi!
1542 5219 1616 5281 σεαοῖ,
1630 5225 1723 5283 praw-
