3772 5828
39 300 69 329 ι’]
81 238 136 291 f

5 336 29 359 Ἀθ

179 344 238 404 362

183 501 194 525 ο
211 470 315 553 πειρίαν
325 470 432 550 ἱκανὴν,
445 468 575 537 πολλάκις
584 469 648 545 ἡμῖν
663 469 874 548 παραγενόμινοι
887 468 957 529 κατὰ

183 562 259 628 «τάς
282 561 431 644 στρατείας.
484 559 555 641 Πρδς
574 557 601 617 δὲ
623 557 683 625 τοῦς
705 557 798 627 ἔξωθεν
818 558 958 635 πολεμίους

184 679 196 702 a
214 654 289 710 αὐτοί
309 674 338 710 τε
356 654 486 731 χωρῶμεν
509 647 601 727 ἁπάσῃ
621 649 767 728 προθυμίη,
782 646 829 706 καὶ
841 645 899 708 τοῦτ
914 669 959 706 πε·

184 766 196 788 ο
213 737 296 804 λάτας
311 738 430 804 ἅπαντας
448 735 625 813 ἐπαγώμεθα,
649 733 754 795 καὶτοῦ
773 735 915 812 δημοτικοῦ
930 734 960 795 τὸ

185 853 197 879 α
214 828 317 908 περιόν·
332 825 375 886 ἵνα
391 825 418 885 δὲ
437 815 603 906 πρόθυμονῇ
618 822 684 903 πρὸς
698 823 756 890 τοὺς
771 825 886 902 ἀγῶνας,
898 823 959 904 ἀρε-

186 941 197 965 τ
215 939 256 974 σιν
280 916 352 995 αὑτῶ
386 912 561 995 χαρισώμεθα
589 915 642 971 τῶν
668 914 769 993 χρεῶν,
797 910 834 990 μὴ
857 910 960 987 κοινὴν,

185 1029 197 1054 ο
216 1002 284 1075 stit
299 1005 359 1062 κατ’
372 1002 464 1081 ἀνδρα.
506 1002 541 1062 Et
563 1001 616 1081 γάρ
629 1023 656 1060 τι
676 1001 715 1060 δεῖ
732 1002 787 1067 τοῖς
804 1008 904 1082 καιροῖς
921 998 959 1059 εί-

185 1090 307 1159 «ξαντας
328 1091 483 1172 μετριάσαι,
506 1088 544 1167 μὴ
568 1088 633 1168 πρὸς
652 1088 712 1157 τοῦς
739 1087 879 1166 πολεμίους
906 1091 959 1148 τῶν

185 1205 198 1231 ι
216 1182 331 1240 πολιτῶν
346 1184 423 1238 τοῦτο
436 1178 505 1238 ἔστω
525 1178 555 1237 τδ
579 1176 703 1257 μέτριον,
729 1177 799 1238 ἀλλά
812 1177 877 1258 πρὸς
899 1176 959 1246 τοὺς

186 1297 198 1323 ι
216 1272 318 1350 φίλους,
339 1259 377 1335 οἷς
391 1269 439 1326 οῦκ
452 1264 660 1344 ἀναγκαζόμενοι
673 1264 720 1332 τάς
733 1266 846 1347 χάριτας
859 1267 959 1328 διδόναι

186 1357 342 1434 «δόξομεν,
368 1354 438 1414 ἀλλά
462 1354 622 1431 πειθόμενοι.
665 1344 732 1416 ‘tiis
755 1354 784 1414 δὲ
805 1354 851 1416 καί
877 1355 960 1428 άλλης

185 1475 198 1502 ι
216 1447 306 1526 ἐπιδέῃ
323 1443 458 1525 βοηθείας,
467 1447 504 1511 ὡς
516 1441 614 1516 ταύτης
627 1443 675 1503 οῦκ
686 1442 766 1518 οῦσης
778 1445 888 1519 ἱκανῆς,
898 1446 958 1514 τοῦς

186 1562 199 1589 ι
215 1536 238 1594 τ’
262 1537 293 1595 ίκ
310 1536 363 1592 τῶν
387 1532 518 1614 φρουρίων
545 1531 801 1610 μεταπεμπώμεθα,
828 1532 875 1592 καί
899 1532 957 1602 τοῦς

187 1649 200 1676 α
215 1625 242 1683 ἐν
255 1625 314 1688 ταῖς
328 1620 459 1688 ἀποικίαις
474 1621 660 1696 ἀνακαλῶμεν.
682 1621 769 1680 Τοῦτο
785 1616 813 1678 δί
827 1618 887 1680 ὅσον
901 1620 958 1682 ίστί

187 1738 200 1765 a
218 1714 331 1784 πλῆθος,
345 1713 374 1770 ἐκ
387 1712 436 1781 τῆς
446 1708 556 1788 ἔγγιστα
567 1707 709 1787 γενομίνης
721 1707 853 1785 τιμήσεως
866 1711 958 1785 μαθεῖν

187 1828 200 1855 ο
215 1799 317 1883 ῥᾴδιον,
335 1803 362 1859 ἀν
376 1789 395 1878 ᾔ
409 1797 581 1879 τρισκαίδεκα
604 1797 729 1946 μιρριάδις
742 1799 793 1857 είσὶ
817 1796 959 1877 Ῥωμαίων

187 1919 199 1943 ι
217 1894 269 1950 τῶν
294 1892 320 1949 ἐν
339 1887 394 1967 ἥὸη
417 1885 608 1963 τετιμημένοι,
652 1911 666 1944 ν
692 1887 740 1946 οὐκ
754 1884 787 1945 δν
811 1886 852 1960 είη
879 1887 959 1969 με’ρος

187 2005 200 2032 a
220 1978 330 2056 ἒῦδομον
343 1977 373 2036 τὸ
387 1975 540 2055 φυγαδικόν.
582 1975 623 2034 Οῦ
637 1973 706 2054 λίγω
728 1974 756 2035 δὲ
770 1975 818 2042 τάς
839 1978 959 2039 Λατίνων

112 2093 116 2099 ·
187 2098 199 2122 «ι
216 2069 359 2148 τριάκοντα
373 2067 477 2138 πόλεις,
500 2062 530 2124 αἵ
546 2063 614 2141 μετά
627 2066 727 2136 πολλῆς
749 2065 829 2145 εὐχῆς
843 2064 960 2135 δέξαιντο

188 2187 199 2211 l
217 2157 251 2216 ἀν
264 2157 324 2222 τοὺς
338 2153 404 2233 ὑπὲρ
423 2156 499 2229 ἡμῶν
522 2153 626 2230 ἀγῶνοις
648 2150 692 2211 tal
709 2150 739 2212 τδ
753 2154 892 2233 συγγενὲς,
915 2154 959 2214 tls

188 2275 199 2299 a
216 2244 367 2326 ψηρίσησθι
379 2243 472 2310 αὐτοῖς
482 2239 660 2302 ἰσοπολιτείαν
671 2240 762 2321 μόνον,
772 2233 803 2314 ἧς
814 2242 867 2303 alal
877 2244 962 2303 διατι·

188 2364 200 2387 ο
217 2339 292 2394 λοῦσι
307 2332 436 2408 δεόμεναι.

224 2422 328 2482 LXIV.
351 2417 419 2481 «Ὀ
442 2417 470 2479 dl
491 2419 598 2481 πάντων
614 2417 672 2479 ἐστὶ
694 2418 834 2498 κράτιστον
856 2421 884 2480 ἀν
908 2427 962 2488 τοῖς

187 2539 199 2564 ο
220 2511 359 2589 πολέμοις,
374 2509 420 2568 καί
443 2505 503 2568 οὔτε
524 2512 598 2586 ὑμεῖς
621 2506 686 2568 ebro
710 2507 887 2584 ίνεθυμήθητί
901 2531 959 2582 πω,

188 2629 200 2652 «
218 2599 277 2660 οὔτε
297 2602 350 2658 τῶν
365 2594 523 2674 συμθοόλων
536 2597 619 2666 οῦδείς
635 2597 726 2675 ἔλιγε,
748 2600 826 2655 τοῦτο
842 2595 962 2674 προσθεὶς

188 2717 199 2740 a
218 2686 367 2763 παύσομαι.
410 2683 522 2751 obessi<
534 2683 604 2744 οῦτοι
623 2685 664 2745 δεῖ
682 2693 736 2752 τοῖς
753 2684 893 2762 μίλλουσιν
916 2687 960 2745 εῦ-

188 2806 199 2828 a
218 2777 295 2857 τυχὲς
312 2775 377 2843 ίξιιν
391 2771 423 2833 τδ
442 2777 494 2834 τῶν
514 2773 623 2852 ἀγώνων
637 2773 726 2846 τίλος,
749 2778 785 2843 ῶς
806 2778 961 2856 στρατηγῶν

189 2894 201 2918 a
219 2867 336 2942 ἀγαθῶν.
378 2860 486 2925 Τούτων
504 2867 521 2934 ἡ
536 2861 583 2939 μὲν
608 2862 725 2943 ἡμετέρα
740 2864 850 2923 πλουτεῖ
868 2863 961 2934 πόλις,

189 2983 201 3006 ο
219 2958 247 3011 αἱ
268 2951 295 3012 δί
316 2954 367 3010 τῶν
384 2950 536 3011 ἀντιπάλων
557 2949 737 3019 σπανίζουσιν.
791 2955 827 3011 Αἱ
849 2950 896 3027 μὶν
917 2942 962 3011 οῦν

189 3070 201 3094 ιι
218 3043 412 3120 πολυοχλοῦσαι
441 3037 576 3114 δυνάμεις,
600 3035 663 3096 ὅταν
689 3036 806 3096 λάθωσιν
831 3040 963 3116 ἡγεμόνας

188 3160 200 3183 n
218 3135 264 3191 οὐκ
283 3130 383 3196 εἰδότας
398 3127 506 3206 ἄρχειν,
521 3127 703 3204 ἀσχημονοῦσι
722 3126 769 3184 καὶ
789 3127 850 3205 περὶ
872 3131 963 3197 αὑταῖς

188 3250 200 3275 ι
218 3221 380 3302 σράλλονται
394 3215 428 3276 τὰ
442 3219 568 3288 πλεῖστα,
592 3214 637 3274 καὶ
657 3212 774 3296 τοσούτῳ
796 3219 897 3292 μᾶλλον
910 3240 958 3275 κα-

188 3339 199 3361 ν
217 3315 392 3379 κοποιθοῦσιν,
409 3304 525 3385 ὅσῳπερ
539 3304 571 3363 ἂν
589 3304 695 3381 μείζονα
709 3306 791 3383 ἔχωσι
804 3303 896 3383 πόρον.
926 3308 962 3367 Οἱ

189 3426 200 3451 ο
220 3398 246 3458 δὲ
266 3397 358 3474 ἀγαθοί
376 3393 574 3474 στρατηλάται,
591 3391 641 3451 κάν
661 3391 756 3471 μικράς
767 3391 871 3453 λάῦωσι
883 3394 961 3454 δυνά·

188 3515 199 3540 a
218 3509 293 3562 μεις,
306 3483 409 3564 ταχέως
421 3488 539 3542 ποιοῦσιν
554 3479 634 3547 αῦτδς
648 3481 776 3557 μεγάλας.
789 3479 873 3541 Ἵλατ’
889 3483 963 3562 ἀχρις

188 3603 200 3626 n
220 3575 251 3634 ἀν
266 3578 389 3652 ἡγεῖσθαι
404 3572 561 3647 δυναμένους
575 3569 671 3651 ἀνδρας
692 3567 813 3648 ἔχωμεν,
833 3571 880 3629 οῦκ
898 3575 962 3628 ἀπο·

190 3694 201 3715 n
220 3665 333 3740 ρηουμεν
345 3664 397 3721 τῶν
410 3661 538 3740 ἄρχεσθαι
554 3659 730 3739 βουλομένων.
753 3657 962 3735 Ἐνθυμυῦμενοι

189 3781 200 3802 ο
219 3753 249 3823 δὴ
272 3758 355 3811 ταῦτα
370 3749 414 3809 καί
429 3753 482 3807 τῶν
496 3748 580 3826 ἔργων
599 3751 645 3818 τῆς
663 3748 764 3813 πόλεως
783 3747 962 3824 μεμνημένοι,

190 3868 201 3892 n
220 3842 301 3917 μηδὲν
321 3839 443 3899 ταπεινὸν
466 3838 534 3915 μηδὲ
556 3834 658 3913 ἀγεννὲς
672 3837 739 3911 μηδὲ
764 3836 867 3904 ἀνάξιον
889 3841 962 3914 ὑμῶν
1019 3858 1031 3881 t

190 3957 201 3979 ο
220 3935 306 3988 αὐτῶν
324 3929 485 4009 ψηφίσησθε.
500 3925 536 3987 Τί
550 3915 594 3984 οῦν
609 3928 733 4005 πράττειν
746 3926 808 3999 ὑμῖν
822 3928 959 4004 παραινῶ;

190 4044 202 4066 «
220 4018 291 4075 τουτὶ
303 4018 355 4095 γὰρ
372 4016 435 4082 ἴσοις
448 4016 531 4075 πάλαι
551 4017 649 4092 γνῶναι
671 4011 807 4073 σπεύδετε.
851 4013 962 4085 Μηδένα

190 4104 287 4178 «μήτε
307 4103 449 4182 πρεσόιίαν
465 4104 580 4180 πίμπειν
597 4102 661 4182 πρὸς
687 4101 747 4169 τοῦς
769 4101 961 4181 ἀφεστηκότας,

189 4219 201 4243 n
224 4191 291 4268 μήτε
312 4194 403 4272 ἄφεσιν
418 4197 582 4274 ψηφίσασθαι
609 4194 662 4252 τῶν
686 4192 788 4271 χρεῶν,
803 4189 870 4265 μήτε
896 4187 962 4247 ἀλλο

189 4289 303 4341 «ποιεῖν
330 4280 427 4356 μηδὲν,
447 4282 463 4340 ό
482 4307 508 4342 τι
531 4282 625 4351 δόξειεν
646 4281 676 4339 ἂν
707 4277 788 4360 polion
818 4277 961 4359 τεκμήριον

189 4399 201 4423 ο
218 4362 285 4431 εἶναι
300 4368 345 4427 καὶ
360 4371 525 4448 ἀμηχανίας·
549 4369 636 4430 ἐὰνδὲ
656 4370 812 4446 ἀποθέμενοι
835 4367 868 4426 τὰ
891 4366 960 4426 ὅπλα

190 4458 380 4516 «κατέλθωσιν
402 4458 437 4522 εἰς
455 4457 503 4528 τὴν
524 4459 615 4526 πόλιν,
630 4457 676 4516 καί
699 4457 875 4536 παράσχωσιν
900 4460 961 4531 ὑμῖν

189 4572 201 4597 ο
221 4544 412 4625 βουλεύσασθαι
427 4544 573 4625 περιορῶν
593 4547 689 4614 αὐτῶν,
705 4548 764 4603 καθ’
777 4543 891 4624 ἡσυχίαν
905 4546 960 4612 ἐξε-

189 4636 348 4699 στάσαντας
373 4631 432 4690 τότε
456 4636 572 4712 χρῆσθαι
599 4632 751 4712 μετριότητι
768 4634 832 4712 πρὸς
853 4630 959 4705 αὐτοὺς,

188 4750 199 4774 ο
219 4724 318 4787 εἰδότας
336 4720 376 4779 ότι
392 4727 446 4778 πᾶν
463 4722 493 4778 τὸ
508 4719 630 4793 ἀνόητον,
653 4723 739 4788 ἀλλοις
762 4746 791 4780 τε
814 4721 863 4780 κάν
883 4719 960 4799 όχλος

188 4838 199 4859 «
218 4803 251 4890 ᾖ,
266 4811 330 4890 πρὸς
344 4810 391 4887 μὲν
406 4808 464 4875 τοῦς
477 4808 612 4876 ταπεινοὺς
626 4809 736 4876 αὔθαδες
750 4810 865 4887 γίνεσθαι
877 4810 958 4890 ριλεῖ,

188 4924 199 4949 «
220 4901 283 4977 πρὸς
298 4900 324 4958 δέ
339 4900 398 4969 τοὺς
413 4899 532 4965 αὐθάδεις
546 4903 744 4958 ταπεινοῦσθαι.
763 4926 775 4950 ν

698 335 867 399 mouisti
890 335 1272 401 HALICARNASSENSIS

1042 476 1099 542 pins
1114 477 1205 528 nnmris
1218 475 1416 542 erpedItionibus
1429 475 1598 528 interfuerint.
1611 479 1722 531 Externo
1733 494 1794 533 vero

1014 593 1027 618 n
1042 573 1109 624 nosti
1132 574 1178 639 ipsi
1206 574 1274 625 omni
1306 574 1381 625 animi
1411 574 1538 626 maritate
1562 588 1738 641 occurramus,
1768 583 1795 630 et

1015 693 1028 716 a
1043 685 1129 722 omnes
1153 671 1256 724 clientes
1284 674 1310 724 et
1333 672 1453 738 reliquam
1479 671 1579 738 plebem
1602 675 1729 727 nobismm
1750 677 1794 728 ad-

1016 788 1028 814 «
1043 770 1171 821 ducamus.
1206 770 1253 823 dui
1268 774 1297 822 ut
1314 770 1427 825 alacriter
1439 771 1464 822 in
1480 772 1580 837 proeliis
1596 786 1695 839 operm
1707 778 1793 850 naret,

1016 884 1028 908 a
1044 865 1104 916 teris
1122 864 1194 916 alieni
1216 865 1384 920 remissionem
1407 883 1456 920 non
1485 870 1615 935 universe,
1636 872 1681 923 sed
1701 874 1793 925 viritim

1016 982 1028 1006 ιι
1042 961 1182 1028 largiamur.
1215 963 1318 1029 Siquid
1345 965 1412 1018 enlm
1436 968 1588 1033 temporibus
1608 970 1720 1022 οοᾱοοθο
1741 985 1795 1022 mo·

1016 1090 1028 1114 s
1043 1072 1128 1125 derate
1146 1089 1191 1126 nos
1206 1089 1279 1140 agere
1289 1078 1398 1142 oportet,
1418 1088 1448 1125 ne
1467 1087 1526 1137 erga
1544 1072 1612 1124 circs
1628 1071 1732 1122 hostiles
1748 1070 1796 1122 bac

1017 1188 1029 1211 ι
1046 1170 1213 1226 moderatione
1232 1177 1347 1236 ntamm,
1369 1174 1413 1225 sed
1427 1188 1485 1238 erga
1503 1173 1611 1234 amicos,
1631 1172 1658 1222 in
1671 1182 1795 1235 quesnon

1017 1286 1030 1309 ι
1044 1269 1138 1330 macti,
1161 1272 1205 1323 aed
1227 1273 1340 1337 persuasi
1362 1271 1481 1323 mactata
1506 1271 1617 1321 conterre
1645 1267 1792 1320 ridebimur.

1018 1383 1031 1408 ι
1044 1367 1075 1416 Et
1095 1368 1117 1419 si
1135 1369 1185 1420 aiio
1203 1376 1323 1435 prmterea
1350 1369 1443 1421 auxilio
1459 1382 1522 1433 opus
1543 1367 1631 1429 tuerit,
1661 1365 1733 1430 qnasi
1753 1363 1794 1416 bis

1017 1479 1030 1504 ι
1046 1464 1123 1528 copiis
1135 1480 1183 1517 non
1200 1468 1395 1529 sufficientibus,
1413 1465 1579 1533 prasidiarios
1590 1477 1619 1515 ar
1631 1464 1739 1515 castaliis
1752 1477 1794 1514 ar·

1018 1571 1228 1628 «cessamus,et
1250 1581 1294 1618 eos
1313 1567 1433 1632 quisunt
1461 1565 1487 1616 in
1512 1563 1616 1616 coloniis
1640 1576 1793 1615 rerooemns.

1017 1675 1030 1701 ι
1045 1661 1141 1713 tiorum
1154 1665 1238 1715 entem
1250 1666 1359 1729 quantus
1371 1663 1405 1715 sit
1415 1674 1534 1714 nmncrns
1544 1675 1576 1714 ex
1590 1660 1702 1727 pmximo
1717 1672 1793 1710 censu

1019 1759 1119 1811 «tacite
1137 1760 1196 1812 licet
1214 1775 1369 1827 cognoscere.
1412 1764 1476 1814 iiam
1491 1773 1560 1811 cxxx
1579 1759 1656 1811 millia
1672 1757 1793 1824 puberum

1018 1874 1031 1899 «
1047 1859 1213 1909 Romanorum
1224 1873 1298 1911 censa
1310 1865 1367 1912 sunt
1376 1899 1383 1921 ,
1393 1873 1499 1925 quorum
1509 1873 1541 1911 ne
1553 1859 1683 1923 septimam
1693 1855 1794 1922 quidem

1018 1973 1031 1997 ι
1046 1956 1140 2018 partem
1167 1956 1262 2020 pmtugl
1288 1971 1390 2008 numero
1416 1957 1548 2020 equum.
1581 1956 1647 2017 Quid
1663 1971 1723 2008 vero
1740 1970 1794 2009 mc·

1019 2068 1031 2092 α
1045 2064 1138 2102 morem
1161 2054 1260 2117 triginta
1274 2055 1415 2106 iattnorum
1431 2055 1549 2120 populos,
1568 2055 1666 2119 quiret
1687 2069 1796 2106 summo·

1019 2165 1031 2189 ι
1045 2160 1103 2212 pere
1122 2152 1262 2213 optaverint
1276 2165 1321 2214 pro
1342 2152 1413 2204 nobis
1427 2157 1524 2218 propter
1537 2153 1704 2217 cognationem
1718 2152 1794 2202 dimi-

1019 2266 1032 2292 ο
1047 2261 1119 2310 care,
1141 2250 1162 2300 si
1183 2250 1258 2301 modo
1276 2265 1377 2316 aequum
1395 2251 1504 2304 civitatis
1519 2252 1573 2313 ins,
1591 2249 1660 2314 quod
1677 2248 1793 2315 precibus

1019 2363 1032 2388 ν
1046 2345 1153 2397 assiduis
1167 2350 1272 2412 petunt,
1294 2346 1355 2410 ipsis
1369 2346 1526 2399 decernatis?

1048 2443 1135 2494 LXIV.
1152 2463 1164 2487 a
1180 2443 1252 2502 Quod
1270 2447 1354 2495 autem
1364 2443 1390 2494 in
1410 2444 1483 2496 bellis
1492 2444 1594 2495 maximi
1610 2444 1649 2495 est
1658 2441 1793 2502 momenti,

1019 2549 1031 2573 n
1047 2534 1073 2581 ei
1083 2530 1148 2594 qnod
1161 2531 1268 2581 nondum
1285 2530 1403 2597 cuiquam
1416 2532 1449 2582 de
1460 2532 1531 2584 robis
1548 2533 1573 2584 in
1587 2535 1695 2603 mentem
1709 2530 1793 2590 venit,

1020 2637 1032 2659 n
1047 2630 1127 2680 neque
1150 2616 1346 2668 consiliariorum
1369 2617 1503 2684 quisquam
1520 2619 1598 2678 dixit,
1617 2618 1643 2670 id
1664 2621 1794 2684 postquam

1021 2725 1033 2749 ι
1047 2704 1179 2765 addidero,
1203 2705 1277 2756 finem
1296 2706 1394 2757 dicendi
1417 2707 1516 2759 taciem.
1548 2707 1622 2759 Nulla
1644 2721 1672 2758 re
1689 2706 1722 2757 ad
1741 2705 1795 2756 leii-

1020 2805 1104 2843 ncem
1122 2791 1252 2842 sictonam
1272 2806 1303 2842 er
1318 2793 1412 2858 prmiiis
1439 2793 1612 2858 reportandam
1637 2806 1709 2856 seque
1732 2803 1795 2854 opus

1020 2902 1032 2924 ι
1046 2884 1085 2932 est
1098 2880 1251 2946 atquebonis
1261 2880 1376 2932 ducibus.
1420 2880 1466 2934 iiis
1476 2884 1559 2933 nostra
1571 2878 1659 2932 civitas
1673 2878 1792 2938 abundat,

1020 2969 1243 3019 «adversariomm
1261 2983 1320 3019 vero
1336 2969 1449 3022 civitates
1464 2970 1552 3019 borum
1574 2966 1654 3031 inopis
1670 2964 1791 3015 laborant.

1019 3076 1032 3100 ι
1046 3059 1189 3106 Numerosm
1200 3056 1266 3106 enim
1277 3057 1356 3119 copia
1371 3057 1393 3108 si
1409 3059 1488 3108 nacta
1505 3053 1595 3106 inerint
1615 3052 1692 3103 duces
1712 3052 1791 3117 impe-

1020 3162 1033 3187 ι
1047 3143 1116 3193 randi
1143 3143 1244 3193 minime
1265 3145 1371 3208 peritos,
1404 3144 1499 3195 nullum
1523 3142 1670 3207 praclarum
1698 3140 1795 3192 lacinus

1019 3249 1033 3274 ι
1048 3227 1140 3279 iaciunt
1150 3264 1156 3286 ,
1168 3230 1192 3276 et
1206 3229 1342 3292 sepissime
1360 3230 1387 3279 in
1402 3241 1428 3280 se
1451 3229 1518 3294 ipsas
1528 3229 1665 3287 corruunt,
1679 3229 1705 3276 el
1726 3229 1794 3277 tanto

1020 3315 1124 3376 «magis
1152 3315 1337 3374 conflictantur,
1366 3316 1458 3378 quanto
1478 3313 1556 3362 maior
1581 3315 1619 3363 est
1639 3325 1728 3363 aarum
1751 3325 1795 3361 nu·

1019 3417 1031 3439 .
1046 3410 1137 3448 merus.
1171 3400 1203 3447 nt
1222 3395 1312 3459 egregii
1327 3395 1487 3460 imperatores
1498 3394 1612 3458 quamvis
1625 3394 1726 3458 exiguae
1746 3392 1793 3443 ha-

1018 3502 1030 3526 «
1048 3481 1120 3532 beant
1133 3482 1230 3546 copias,
1245 3480 1358 3531 celeriter
1376 3494 1420 3531 eas
1435 3483 1534 3544 augent.
1547 3482 1704 3543 Quapropter
1715 3477 1794 3529 donec

1018 3586 1031 3610 n
1045 3566 1122 3616 duces
1134 3566 1236 3616 idoneos
1251 3565 1283 3615 ad
1301 3564 1471 3629 imperandum
1484 3563 1653 3626 habuerimus,
1672 3578 1720 3614 non
1733 3563 1794 3614 dee-

1020 3669 1031 3692 n
1047 3654 1106 3702 runt
1118 3650 1204 3711 nobis,
1217 3650 1261 3714 qui
1273 3648 1388 3699 lubenter.
1402 3646 1507 3696 militare
1525 3646 1610 3698 veiint.
1644 3649 1704 3698 iiaec
1719 3648 1795 3712 igitur

1019 3754 1030 3777 ι
1047 3737 1244 3794 considerantes,
1263 3738 1287 3784 et
1308 3746 1390 3782 rernm
1411 3730 1528 3795 apopulo
1545 3733 1655 3781 Romano
1670 3734 1794 3795 gestarum

1048 3835 1184 3879 memores,
1203 3817 1263 3869 nibli
1287 3816 1408 3877 demisse,
1429 3829 1479 3865 non
1496 3828 1626 3879 generose,
1646 3813 1707 3864 nibil
1722 3814 1792 3865 deni·

1019 3923 1031 3947 a
1049 3919 1098 3969 que
1119 3909 1203 3953 contra
1229 3906 1337 3952 vestram
1357 3901 1468 3966 ipsorum
1485 3899 1628 3964 dignitatem
1642 3897 1791 3950 decernens.

1019 4004 1031 4028 «
1046 3989 1079 4034 st
1098 3984 1192 4047 siquis
1210 3998 1240 4034 er
1263 3998 1302 4049 me
1325 3987 1421 4046 quaerat
1431 3980 1510 4045 ‚quid
1530 3981 1621 4046 igitur?
1642 3979 1793 4045 quidnobis

1020 4087 1031 4111 ο
1047 4068 1186 4118 iaciendum
1207 4073 1311 4119 censes?
1341 4067 1395 4117 Ιιωο
1419 4066 1485 4118 enlm
1519 4066 1623 4117 tortasse
1644 4066 1791 4131 iampridem

1019 4172 1030 4194 «
1044 4153 1107 4202 scire
1131 4151 1254 4216 flagitatis.
1289 4154 1385 4202 Censeo
1408 4150 1500 4200 nuliam
1522 4150 1667 4213 legationem
1688 4149 1720 4200 ad
1738 4149 1792 4199 iilos

1018 4254 1030 4277 a
1044 4235 1130 4297 patriae
1147 4235 1285 4285 desertores
1302 4233 1462 4295 mittendam,
1484 4246 1564 4296 neque
1587 4233 1644 4282 aeris
1658 4233 1731 4284 alieni
1751 4246 1792 4283 re·

1018 4340 1030 4364 a
1046 4318 1186 4368 missionem
1207 4318 1405 4380 concedendam,
1429 4330 1508 4381 neque
1522 4317 1659 4379 quidquam
1675 4316 1742 4366 aliud
1759 4317 1793 4367 ta·

1017 4424 1029 4448 a
1045 4401 1172 4458 ciendum,
1188 4401 1255 4463 quod
1282 4402 1379 4452 timoris
1403 4402 1429 4451 et
1455 4400 1544 4463 inopiae
1565 4399 1659 4449 consilii
1685 4401 1792 4462 speciem

1017 4508 1028 4530 «ι
1044 4499 1095 4552 prm
1114 4498 1140 4533 se
1152 4485 1222 4533 terat.
1258 4485 1327 4542 Quod
1348 4485 1369 4533 si
1381 4482 1499 4548 depositis
1514 4483 1590 4531 armis
1603 4484 1627 4531 in
1644 4481 1730 4531 urbem
1751 4495 1791 4531 re·

1016 4592 1028 4613 «
1043 4569 1145 4626 dietim,
1166 4570 1190 4615 ct
1209 4567 1240 4615 de
1256 4580 1282 4616 se
1294 4581 1338 4630 per
1352 4569 1431 4618 ulium
1445 4564 1614 4623 deliberandi,
1630 4568 1656 4613 et
1667 4578 1719 4614 rem
1733 4578 1791 4614 era-

1017 4674 1029 4696 ι
1046 4649 1154 4701 minandi
1175 4648 1247 4698 vobis
1270 4653 1418 4711 potestatem
1446 4648 1566 4703 securint,
1588 4650 1641 4696 tum
1666 4646 1792 4697 moderata

1015 4757 1026 4779 ι
1042 4748 1099 4784 cum
1113 4733 1171 4797 ipsis
1183 4732 1316 4797 agendum,
1327 4734 1385 4796 qnia
1404 4732 1473 4783 scitis
1483 4746 1568 4781 omncs
1584 4731 1791 4795 stultospraeser·

1016 4839 1027 4862 u
1042 4817 1088 4868 tim
1106 4831 1165 4866 vero
1183 4817 1280 4880 vulgus,
1300 4815 1442 4866 inhumiles
1461 4819 1612 4877 arroganter,
1627 4828 1685 4878 erga
1703 4826 1789 4878 super·

1015 4928 1027 4951 ν
1041 4905 1087 4956 bos
1101 4902 1208 4955 demisse
1223 4903 1301 4952 solere
1314 4916 1340 4952 se
1352 4915 1443 4967 gerere.
1460 4921 1472 4943 ν

223 4987 309 5044 va.
335 4988 514 5063 Παυσαμένου
529 4986 556 5045 δὲ
569 4993 613 5045 τοῦ
624 4985 887 5064 Κλαυδίου,μεγάλη
902 5006 957 5064 ρω-
1044 4995 1116 5045 bxv.
1146 4993 1208 5043 eum
1226 4995 1309 5040 alitem
1326 4994 1385 5055 App.
1402 4988 1521 5038 Claudius
1540 4988 1636 5040 dicendi
1655 4990 1729 5039 tinem
1749 4985 1789 5037 te·

183 5069 213 5141 νὴ
236 5073 280 5128 καὶ
295 5074 402 5150 θόρυθος
417 5076 527 5145 ἐξαίσιος
542 5077 604 5155 ἀχρι
625 5077 723 5132 πολλοῦ
740 5074 835 5153 χρόνου
851 5081 958 5150 κατεῖχε
1014 5085 1100 5146 cisset,
1114 5096 1201 5147 magna
1214 5079 1360 5131 vociferatio
1381 5082 1406 5129 et
1421 5078 1505 5142 ingens
1518 5079 1641 5128 tumuitus
1654 5079 1697 5128 diu
1711 5077 1736 5128 in
1752 5091 1791 5128 se·

181 5159 212 5219 ςὸ
227 5157 367 5231 συνέδριον.
410 5167 446 5221 Οἱ
461 5163 573 5242 μὲνγὰρ
594 5162 805 5241 ἀριστοκρατικοὶ
824 5164 958 5229 δοκοῦντες
1014 5176 1074 5222 natu
1091 5174 1145 5224 tuit.
1179 5171 1302 5232 Quienim
1312 5169 1457 5235 optimatum
1475 5167 1587 5218 factionis
1601 5178 1656 5215 esse
1670 5166 1792 5216 rideban-
