3772 5828
720 370 924 432 ExchPrn
946 371 997 431 Ex
1020 369 1093 430 LlB.
1117 369 1185 429 XX.

701 626 907 688 EXCERPTA
928 628 980 688 EX
1001 627 1117 689 LlBRO
1138 627 1202 688 XX.

190 851 212 911 l.
239 848 365 928 [Πύρρου
387 851 432 910 καί
450 850 593 929 Ῥωμαίων
609 847 719 908 ύπάτων
742 847 863 908 Ποπλίου
878 853 929 908 ha·

150 937 208 997 κίου
225 937 271 997 καί
289 938 409 999 Ποπλίου
426 939 619 1019 Σουλπικίου]

191 1029 349 1104 Συνθίμενοι
364 1026 390 1086 δί
415 1027 459 1088 δεδι
478 1028 601 1106 κηρύκων
615 1025 660 1085 τδν
675 1025 770 1106 χρόνον
790 1026 817 1085 ir
832 1015 855 1106 ᾧ
870 1026 928 1083 δια·

150 1121 316 1193 γωνιοῦνται,
331 1115 485 1177 κατίόαινον
504 1118 535 1175 br
554 1119 607 1175 τῶν
624 1115 811 1194 στρατοπέδων
833 1113 879 1174 καί
894 1115 930 1182 είς

110 1223 122 1257 ο
150 1204 225 1272 τάξιν
247 1203 404 1266 καθίσταντο
418 1205 538 1264 τοιάνδε·
556 1202 681 1284 βασιλεὺς
696 1203 744 1280 μίν
759 1205 866 1284 Πύρρος
880 1201 928 1274 τὴν

152 1289 336 1364 Μακεδονικὴν
350 1294 476 1372 φάλαγγα
491 1289 600 1372 πρώτην
619 1289 708 1360 ἔταξεν
724 1290 768 1351 ἐπί
780 1296 825 1350 τοῦ
845 1289 928 1360 δεξιοῦ

151 1380 275 1459 κέρατος,
298 1380 344 1440 καί
371 1383 429 1456 μετ’
453 1379 535 1451 urla-lv
549 1378 609 1447 τοθς
624 1381 654 1439 ίκ
674 1384 719 1438 τοῦ
734 1380 871 1459 Τάραντος
885 1403 929 1456 μι·

152 1469 291 1548 σθοφόρους
305 1468 471 1537 Ἰταλιώτας.
495 1467 612 1530 Ἔπειτα
626 1467 684 1536 τοὺς
705 1466 731 1536 li
746 1466 927 1546 Ἀμπρακίας,

150 1555 197 1616 καί
211 1556 269 1634 μετ’
285 1557 378 1626 αὐτοὺς
393 1557 441 1629 τὴν
450 1560 622 1638 Ταραντίνων
634 1556 781 1617 λεύκασπιν
795 1557 929 1639 φάλαγγα·

109 1658 123 1695 ⁰
152 1648 210 1721 ἑξῆς
225 1648 295 1711 δὲτὸ
308 1651 438 1730 Βρεττίων
451 1649 496 1710 καί
509 1651 650 1712 Λευκανῶν
664 1647 846 1728 συμμαχικόν.
864 1645 929 1708 Ἐπί

152 1737 235 1813 μέσης
251 1736 279 1796 δὲ
291 1743 339 1810 τῆς
353 1739 495 1820 φάλαγγος,
509 1737 689 1818 Θεσπρωτούς
700 1760 729 1796 τε
744 1734 790 1795 καί
805 1734 927 1806 Χάονας,

151 1826 252 1893 τούτοις
268 1825 296 1885 δὲ
319 1831 435 1907 συνεχεῖς
446 1825 505 1895 τούς
529 1818 671 1904 Αἰτωλῶν,
695 1824 741 1885 καί
760 1822 928 1900 Ἀκαρνάνων

152 1913 198 1974 καί
221 1915 369 1990 Αθαμάνων
389 1917 580 1998 μισθοφόρους·
601 1914 766 1981 τελευταίους
787 1913 814 1973 δὲ
833 1911 929 1972 Σαυνί-

152 2026 211 2072 τας,
227 2002 258 2062 τὸ
271 2001 346 2063 λαιὸν
356 2006 551 2082 ἐκπληροῦντας
563 2004 651 2084 κίρας.
675 2005 730 2075 Τῆς
746 2001 773 2060 δὲ
784 1999 867 2058 ἵππου
878 1997 926 2070 τὴν

108 2105 122 2142 a
153 2092 201 2164 μὲν
218 2092 341 2151 Σαυνίτιν
356 2091 401 2152 καί
421 2092 589 2165 Θετταλικὴν
600 2091 646 2153 καί
662 2093 801 2174 Βρεττίαν,
817 2089 865 2150 καὶ
881 2086 928 2159 τἠν

151 2180 182 2237 ἐκ
201 2185 248 2239 τοῦ
269 2180 405 2260 Τάραντος
425 2178 581 2262 μισθοφόρον
597 2179 641 2237 ἐπὶ
656 2184 701 2238 τοῦ
721 2176 805 2245 δεξιοῦ
821 2177 930 2258 κε’ρατος

152 2271 273 2344 ἔστησεν,
284 2272 332 2342 τὴν
340 2270 368 2330 δί
380 2269 589 2349 Ἀμπρακιῶτιν,
598 2268 644 2327 καί
657 2265 804 2339 Λευκανὴν,
817 2266 862 2326 καί
873 2269 930 2325 Τα-

154 2360 275 2436 ραντίνην
287 2358 332 2419 καί
350 2361 398 2432 τὴν
411 2357 573 2431 Ἑλληνικὴν
587 2355 755 2434 μισθοφόρον,
770 2355 803 2426 ἣν
818 2352 929 2423 ίξεπλή·

154 2468 213 2522 ρουν
229 2445 383 2525 ’Λκαρνᾶνές
399 2469 428 2505 τε
444 2440 696 2515 anthematizet
717 2441 869 2509 Μακεδόνες
884 2439 930 2500 καί

103 2544 125 2581 2⁰
154 2531 308 2609 Ἀθαμᾶνες,
317 2533 361 2593 ἐπί
371 2540 416 2593 τοῦ
431 2535 518 2593 λαιοῦ.
529 2530 599 2599 Thiar
611 2531 637 2591 δὲ
647 2527 738 2613 ψιλούς
748 2529 795 2590 καί
807 2528 866 2599 τούς
877 2528 932 2590 ίλί·

154 2643 254 2701 φαντας
268 2621 329 2699 διχῇ
345 2621 452 2700 νείμας,
467 2619 621 2701 άμφοτίρων
636 2619 748 2679 κατόπιν
769 2618 863 2693 ίστησε
879 2621 931 2677 τῶν

154 2708 288 2791 κεράτων,
315 2709 467 2790 σύμμετρόν
489 2732 516 2768 τι
540 2711 638 2791 χωρίον
665 2709 819 2790 ἀφεστῶτας
844 2707 930 2786 ὀλίγον

154 2798 332 2870 ίπανεστηκδς
351 2806 397 2859 τοῦ
411 2797 514 2858 πεδίου.
557 2795 642 2866 Αθτδς
665 2796 693 2856 δὲ
713 2794 744 2855 τδ
768 2795 931 2872 καλούμενον

156 2887 292 2967 βασιλικὸν
306 2888 398 2968 ἄγημα
412 2890 465 2946 τῶν
481 2888 625 2946 ἐπιλέκτων
637 2883 741 2945 ἱππίων
754 2887 820 2961 θμοῦ
833 2907 860 2943 τι
875 2884 934 2943 δισ-

103 2982 125 3018 ίί
155 2975 249 3054 χιλίων
264 2977 325 3057 περὶ
341 2977 421 3037 αὑτὸν
436 2975 525 3056 ἔχων,
546 2974 620 3042 ίκτδς
638 2963 671 3045 ἧν
686 2971 800 3047 τάξεως,
815 2969 860 3030 ἵνα
878 2976 933 3040 τοῖς

156 3065 300 3136 κάμνουσιν
322 3063 374 3125 αἰεί
391 3067 444 3123 τῶν
458 3061 590 3145 σφετέρων
612 3059 639 3131 tt
663 3061 769 3138 ἑτοίμου
784 3059 931 3142 ίπαρκίσῃ.

197 3153 231 3212 Oi
248 3153 275 3211 δί
293 3153 389 3213 ὕπατοι
409 3149 479 3213 κατδι
504 3151 550 3228 μίν
573 3148 604 3209 τὸ
627 3150 702 3209 λαιόν
718 3148 797 3231 κόρας
819 3148 934 3223 ἔστησαν

155 3239 246 3318 τάγμα
265 3239 295 3300 τὸ
311 3241 471 3318 καλούμενον
492 3244 613 3320 πρῶτον,
630 3238 744 3299 ίναντίσν
759 3241 793 3311 τῆ
812 3239 935 3299 ίίίακεδο·

156 3333 215 3403 νικῆ
230 3331 276 3390 καί
291 3331 510 3412 Ἀμπρακιωτικῇ
534 3329 652 3411 φάλαγγι
672 3327 719 3388 καί
735 3330 789 3394 τοῖς
805 3326 934 3407 μισθοφό-

103 3426 128 3463 ³⁰
157 3442 211 3500 ροες
227 3422 279 3477 τῶν
302 3417 484 3497 Ταραντίνων.
544 3416 693 3496 Ἐπόμενον
717 3414 744 3476 il
771 3419 809 3492 τῷ
834 3415 935 3496 πρώτῳ

156 3509 273 3584 τάγματι
287 3506 318 3565 ab
327 3507 434 3585 τρίτον,
451 3505 509 3566 καθ’
523 3503 538 3564 θ
552 3505 660 3585 με’ροςὴ
676 3505 822 3573 λεύκασπις
835 3495 869 3577 ἦν
882 3507 935 3563 τῶν

156 3596 326 3672 Ταραντίνων
341 3592 456 3673 φάλαγξ,
472 3591 518 3652 καί
532 3593 563 3652 τὸ
578 3593 710 3673 Βρεττίων
724 3592 770 3652 καί
786 3589 816 3650 τό
830 3596 936 3652 Λευκα-

158 3687 208 3740 νῶν
223 3682 401 3762 συμμαχικόν.
444 3682 564 3760 Συναφίς
575 3678 602 3741 δί
614 3684 654 3763 τῷ
668 3681 751 3762 τρίτῳ
764 3680 796 3742 τὸ
807 3679 935 3761 τίταρτον

158 3773 288 3848 ίστησαν,
306 3772 375 3832 κατά
391 3771 449 3840 τούς
462 3769 615 3839 Μολοττούς
637 3795 666 3831 τε
691 3770 737 3830 καί
760 3770 865 3837 Χάονας
889 3771 935 3831 καί

102 3872 129 3912 ³⁵
157 3860 343 3940 Θεσπρωτούς·
358 3861 389 3921 τδ
401 3861 429 3921 δί
448 3858 567 3941 δεύτερον
590 3858 634 3920 tat
660 3865 706 3920 τοῦ
728 3859 812 3928 δεξιοῦ
828 3859 935 3939 κε’ρατος

157 3949 273 4010 ἐναντίον
301 3958 355 4016 τοῖς
383 3949 550 4029 μισθοφόροις
575 3958 630 4017 τοῖς
655 3949 709 4009 άπδ
736 3951 784 4020 τῆς
805 3947 935 4017 Ἑλλάδος

158 4041 295 4113 Αἰτωλοῖς,
308 4039 353 4099 καί
365 4038 507 4119 Ἀκαρνᾶσι
520 4036 567 4098 καί
578 4036 720 4117 hragra«,
730 4036 777 4097 καί
786 4041 820 4111 τῆ
837 4039 934 4098 Σαυνι·

156 4134 209 4190 τῶν
224 4129 378 4210 θυρεαφόριμ
399 4126 526 4211 φάλαγγι.
568 4124 696 4196 Λατίνους
709 4125 737 4186 δὲ
750 4126 796 4185 καί
818 4129 936 4203 ίίαμπα·

157 4217 225 4290 νοδς,
241 4220 285 4279 καί
301 4216 431 4286 Σαόίνους
445 4217 491 4276 καί
504 4214 677 4295 Ὀμόρικοίνς,
691 4216 737 4275 καί
752 4215 935 4284 Οὐολούσκους

103 4333 130 4369 ιο
157 4309 202 4367 καί
226 4309 426 4388 θίαρουγκίνους
446 4305 493 4366 καί
516 4305 662 4384 Πελίγνους
676 4306 722 4366 καί
743 4303 935 4386 Φερεντανοθς,

158 4397 203 4458 καλ
228 4399 288 4468 τοίις
312 4400 407 4465 ἄλλους
431 4394 577 4468 ὑπηκόους,
601 4398 637 4463 είς
668 4400 782 4475 τέτταρα
808 4393 936 4463 διελόντες

160 4494 244 4564 μέρη,
259 4491 312 4556 τοῖς
326 4486 493 4564 Ῥωμαϊκοϊς
518 4482 699 4564 πορενίύαλον
725 4483 877 4561 τάγμασιν,
891 4479 936 4543 ἵνα

159 4574 240 4648 μηδὲν
252 4578 339 4645 αὐτοῖς
359 4574 466 4642 ἀσθενίς
481 4573 521 4648 είη
544 4574 631 4653 μίρος.
676 4575 703 4634 Τ
703 4573 736 4645 ὴν
751 4573 780 4633 δί
791 4569 875 4631 ίππον
887 4571 935 4644 τήν

158 4666 182 4721 τ’
197 4664 294 4722 οίκείοιν
310 4664 355 4724 καί
370 4666 419 4739 τὴν
432 4663 606 4745 συμμαχικὴν
623 4662 766 4739 διελόντες,
787 4663 829 4722 ἐπ’
848 4664 936 4742 άμφο·

104 4773 132 4808 ιε
159 4753 241 4833 τίρων
251 4751 345 4822 ἔταξαν
354 4759 407 4816 τῶν
418 4753 548 4836 κεράτων.
577 4750 672 4817 'Extis
685 4749 714 4810 δί
724 4749 822 4820 τάξεως
834 4748 894 4817 τούς
906 4773 936 4809 τε

159 4840 249 4920 dilala:
272 4842 439 4914 κατάστησον
453 4843 498 4902 καί
513 4845 560 4910 τὰς
584 4840 703 4920 άμάξας,
724 4839 878 4921 τριακοσίας
891 4837 935 4898 τὸν

161 4931 287 5011 άριθμδν,
303 4935 334 4995 ds
357 4927 587 5006 παρεσκευάσαντο
608 4930 674 5009 πρὸς
693 4926 810 5000 τὴντῶν
826 4926 935 5007 ίλεφάν·

160 5041 211 5076 των
228 5017 330 5098 μάχην.
362 5008 450 5079 Abrae
463 5025 571 5097 κεραίας
595 5007 666 5096 εἶχον
682 5015 871 5088 ἐπιόεάηκυίας
882 5016 935 5075 κά-

162 5105 239 5180 μαξιν
255 5109 338 5186 θρθοῑς
357 5103 485 5184 πλαγίας,
501 5104 654 5186 εθτρόχους,
669 5104 721 5180 δπη
739 5104 880 5185 βουληθείη
898 5127 936 5174 τις

107 5209 134 5248 οι
162 5196 219 5273 ἅμα
234 5197 347 5273 νοήματι
360 5195 532 5274 περιάγεσθαι
552 5195 717 5272 δυναμίνας·
733 5192 775 5254 ίπ’
798 5194 887 5275 άκρων
908 5193 936 5254 δί

1015 849 1038 898 l.
1056 848 1090 912 (1)
1105 847 1203 913 [Pyrrhi
1217 852 1243 898 et
1252 850 1417 898 Romanorum
1437 847 1565 898 consulum
1589 849 1671 899 Publii
1692 850 1763 901 Decii

985 938 1010 986 ct
1023 936 1104 988 Publii
1116 937 1215 1001 Sulpicii
1228 936 1363 1002 pretinm}

1016 1026 1049 1088 (1)
1056 1026 1199 1076 Constituto
1208 1040 1251 1091 per
1257 1038 1383 1088 praecones
1389 1029 1510 1089 tempore,
1517 1039 1568 1089 quo
1574 1027 1689 1091 pralium
1697 1041 1765 1077 com-

984 1117 1144 1176 mitterent,e
1158 1118 1246 1167 castris
1260 1116 1382 1182 progressi
1403 1116 1482 1166 aciem
1502 1117 1678 1168 instruxerunt
1698 1119 1765 1169 hune

985 1207 1010 1258 in
1020 1207 1129 1258 modum.
1144 1212 1177 1267 (3)
1190 1208 1300 1270 Pyrrhus
1313 1221 1357 1257 res
1374 1208 1398 1257 in
1408 1206 1495 1258 dextro
1506 1222 1582 1258 cornu
1595 1211 1698 1272 primam
1713 1211 1766 1260 cul-

983 1296 1076 1350 lucarit
1094 1298 1241 1364 phalangem
1263 1297 1462 1357 Macedonicum
1481 1303 1537 1361 post
1549 1313 1604 1349 eam
1617 1302 1763 1350 Tarentino·

984 1407 1041 1443 rum
1056 1396 1222 1446 mercenarios
1242 1394 1332 1454 italos;
1360 1393 1475 1456 deinceps
1497 1393 1682 1451 ambraciotes:
1711 1398 1764 1444 tum

984 1485 1172 1534 Tarentinorum
1192 1483 1339 1548 phalangem
1357 1486 1430 1532 scuta
1442 1482 1498 1532 alba
1512 1486 1651 1546 gerentem,
1676 1483 1765 1534 exinde

984 1575 1136 1626 Bruttiorum
1147 1580 1173 1625 et
1188 1580 1344 1626 Lucanorum
1356 1588 1457 1627 manum
1468 1575 1623 1628 auxiliarem.
1637 1576 1672 1640 (1)
1686 1575 1766 1628 bledla

985 1679 1044 1716 vero
1062 1667 1088 1716 in
1107 1668 1161 1717 acie
1173 1668 1323 1731 Thesprotos
1336 1672 1362 1718 et
1375 1667 1507 1729 Chaones,
1522 1670 1616 1733 quihus
1634 1670 1766 1719 continuos

984 1759 1112 1822 subjunxit
1137 1760 1299 1810 mercenarios
1328 1760 1483 1820 thitmarum,
1506 1763 1532 1810 ct
1556 1765 1711 1812 acarnanum
1740 1765 1768 1812 et

985 1852 1163 1913 Athamanum3
1179 1856 1316 1918 postremos
1326 1852 1437 1903 omnium
1455 1853 1548 1903 locavit
1570 1854 1693 1903 sarnuitas
1704 1893 1710 1908 ,
1722 1853 1766 1916 qui

985 1943 1077 1994 laurum
1090 1957 1167 1994 cornu
1177 1944 1313 2006 explerunt.
1332 1941 1433 2005 Equites
1447 1945 1533 1992 autem
1544 1942 1675 2001 Samnitas,
1691 1942 1767 1993 Thes·

985 2037 1066 2099 salos,
1080 2036 1199 2096 Bruttios,
1208 2038 1234 2085 et
1242 2048 1306 2100 quos
1318 2034 1431 2084 mercede
1441 2034 1567 2084 Tarentini
1580 2034 1765 2095 conduxerant,

985 2128 1015 2178 ad
1029 2127 1148 2179 dextrum
1161 2141 1252 2188 cornu;
1270 2125 1458 2188 Ambraciotas,
1468 2126 1614 2176 Tarentinos
1628 2129 1654 2175 et
1664 2127 1767 2177 Graecos

986 2221 1163 2281 mercenarios,
1185 2233 1251 2285 quos
1266 2219 1418 2284 complerunt
1435 2223 1590 2276 Acarnanes.
1606 2218 1689 2280 AEtoli,
1712 2221 1766 2268 hla-

986 2309 1109 2370 cadones,
1126 2308 1291 2371 Athamanes,
1313 2310 1345 2360 ad
1368 2310 1458 2360 taevum
1471 2322 1549 2359 cornu
1564 2308 1700 2359 constituit.
1734 2310 1766 2371 (5)

986 2397 1059 2448 Levis
1069 2397 1175 2462 denique
1189 2404 1323 2450 armaturea
1338 2399 1428 2449 milites
1447 2405 1523 2464 atque
1540 2399 1684 2463 elephantos
1703 2398 1767 2448 biia-

987 2487 1050 2537 riam
1080 2486 1238 2548 distribuens,
1263 2492 1319 2554 post
1354 2492 1487 2553 utrumque
1517 2488 1648 2538 collocarit
1686 2502 1765 2537 cornu

985 2576 1084 2626 modico
1105 2576 1237 2627 intervallo
1260 2580 1400 2641 separatos,
1423 2577 1448 2626 in
1478 2577 1532 2625 ioco
1557 2577 1601 2641 qui
1629 2575 1766 2640 paullulum

986 2664 1130 2728 assurgebat
1143 2677 1158 2715 e
1170 2665 1279 2729 planitie.
1292 2668 1325 2726 (ο)
1336 2668 1390 2728 lpse
1407 2666 1490 2715 autem
1505 2667 1628 2726 agemate,
1642 2665 1708 2723 cuod
1721 2678 1765 2713 vo·

986 2761 1053 2818 cant,
1065 2758 1172 2821 stipatus
1192 2758 1259 2820 regio
1274 2757 1394 2808 lectorum
1408 2757 1523 2819 equitum
1541 2755 1580 2805 bis
1591 2754 1658 2805 mille
1669 2755 1768 2806 circiter

986 2858 1100 2905 numero,
1111 2851 1181 2895 extra
1192 2845 1290 2895 ordines
1303 2844 1456 2903 versabatur,
1468 2857 1518 2907 quo
1533 2857 1578 2908 pro
1591 2843 1629 2894 uti
1640 2857 1697 2907 pars
1706 2858 1767 2895 sno·

987 2948 1044 2986 rum
1053 2936 1178 2988 laboraret
1187 2934 1288 2997 alieubi,
1299 2935 1393 2985 auxilio
1407 2934 1437 2985 iis
1450 2933 1558 2985 adesset.

1020 3159 1053 3222 (7)
1064 3158 1184 3210 consules
1192 3163 1277 3210 antem
1288 3159 1385 3210 inlaeso
1394 3172 1471 3209 cornu
1484 3159 1636 3210 collocarunt
1647 3160 1768 3222 legionem

988 3257 1094 3321 primam
1121 3257 1273 3308 exadversus
1305 3256 1474 3308 Macedoniarn
1501 3261 1528 3308 et
1564 3258 1768 3308 Ambraciuticam

988 3354 1147 3422 phalangem,
1166 3360 1241 3420 atque
1251 3357 1418 3406 mercenarios
1434 3356 1632 3406 Tarentinorum.
1668 3357 1699 3415 (8)
1713 3356 1769 3406 Pri·

989 3469 1056 3505 mam
1078 3453 1198 3517 legionem
1224 3454 1322 3518 excepit
1343 3455 1419 3505 tertia
1440 3453 1596 3506 exadversus
1619 3454 1767 3505 Tarentino-

989 3563 1044 3599 rum
1059 3548 1206 3612 phalangem
1219 3547 1298 3597 scutis
1309 3548 1373 3598 albis
1383 3549 1540 3609 instructam,
1550 3553 1576 3599 et
1588 3549 1682 3599 auxilia
1693 3553 1768 3602 Brut·

990 3645 1081 3696 tiorum
1090 3646 1304 3708 Lucanorumque.
1316 3646 1351 3709 (9)
1361 3644 1452 3695 Tertia
1462 3645 1578 3708 contigua
1591 3645 1654 3708 legio
1665 3651 1767 3709 quana,

989 3743 1155 3796 exadversum
1166 3741 1297 3800 Molossos,
1314 3743 1428 3793 chaonas
1438 3745 1463 3794 et
1476 3741 1644 3807 Thesprotum
1659 3744 1768 3795 secunda

990 3841 1052 3907 legio
1063 3840 1145 3892 locata
1160 3839 1186 3890 in
1195 3837 1281 3890 dextro
1293 3853 1371 3890 cornu
1387 3839 1512 3904 eregione
1530 3840 1741 3893 mercenariorum
1754 3857 1768 3892 e

989 3937 1099 4000 Gracia,
1125 3936 1275 3998 AEtolorum,
1302 3941 1472 3998 Acarnanum,
1496 3937 1671 3998 Athamanum,
1693 3942 1769 4001 atque

990 4036 1156 4087 samnitarum
1176 4035 1304 4100 phalangis
1317 4037 1455 4100 scaligero.
1490 4036 1540 4099 (1ο)
1556 4036 1656 4087 Latinos
1671 4040 1768 4097 autem,

989 4137 1136 4201 Campanos,
1160 4135 1273 4197 volscos,
1293 4135 1461 4198 Marrucinos,
1484 4135 1597 4199 Pelignus
1616 4135 1770 4202 reliquosque

990 4235 1079 4294 socios,
1098 4235 1123 4284 in
1135 4237 1254 4299 quattuor
1273 4235 1369 4297 agmina
1387 4233 1482 4284 divisos
1502 4233 1638 4296 legionibus
1653 4236 1770 4286 ltomanis

990 4331 1180 4391 interjecerunt,
1194 4345 1225 4381 ne
1234 4330 1283 4381 ulla
1297 4330 1385 4381 debilis
1398 4333 1465 4382 esset
1475 4331 1538 4382 aciei
1551 4345 1617 4395 pars.
1631 4332 1681 4396 (11)
1693 4333 1768 4394 cqui-

990 4433 1070 4481 tatnm
1081 4442 1141 4479 vero
1150 4431 1206 4478 tum
1219 4443 1290 4478 sunm
1303 4430 1424 4492 ipsoram,
1440 4432 1494 4479 tum
1514 4430 1638 4480 sociorum
1650 4430 1674 4478 in
1692 4436 1769 4478 cumn

990 4520 1318 4584 utrumquedistrlbuerunt.
1330 4525 1378 4581 (11)
1388 4522 1499 4585 θεοίφυε
1508 4521 1683 4573 extraordines
1693 4520 1769 4571 collo·

990 4621 1079 4671 carnut
1089 4631 1178 4668 cumas
1193 4620 1317 4667 trecentos
1333 4630 1451 4678 numero,
1464 4632 1528 4682 quos
1543 4616 1576 4668 ad
1591 4630 1696 4683 pugnam
1711 4629 1770 4665 cum

989 4716 1127 4782 elephantis
1140 4713 1272 4764 ineundam
1285 4711 1460 4764 instruxerant
1496 4713 1546 4774 (it)
1566 4713 1599 4764 ili
1609 4714 1769 4762 antennarum

991 4815 1067 4865 instar
1080 4815 1166 4864 hastas
1181 4810 1303 4861 habebant
1321 4810 1419 4873 paxillis
1438 4812 1564 4875 impositas
1579 4809 1662 4867 rectis,
1686 4810 1769 4858 trans-

991 4920 1076 4957 versas
1089 4910 1115 4957 et
1130 4903 1259 4962 volubiles,
1279 4900 1342 4951 adeo
1359 4903 1387 4950 nt
1407 4916 1458 4966 quo
1476 4903 1532 4965 quis
1557 4900 1629 4950 vellet
1643 4900 1770 4951 celerrime

991 5003 1126 5069 circumagi
1138 5005 1247 5068 possent.
1261 5003 1310 5062 tit)
1327 4999 1437 5052 Summis
1446 5000 1525 5050 hastis
1535 4998 1637 5065 praetrxa
1646 5003 1716 5048 erant
1730 5000 1770 5048 vet

991 5103 1113 5155 tridentes
1126 5102 1167 5152 rel
1190 5100 1304 5165 specula,
1319 5111 1375 5162 quae
1390 5093 1528 5161 gladiorum
1552 5093 1655 5145 turmam
1677 5094 1770 5144 relere-

991 5198 1059 5264 bant,
1074 5199 1114 5252 vel
1127 5197 1203 5250 talces
1212 5197 1308 5249 terrers.
1318 5194 1368 5260 (15)
1380 5190 1429 5244 tilii
1438 5192 1575 5242 cataractas
1583 5189 1704 5257 φυτεύσω
1713 5189 1766 5242 sire
