3772 5828
205 349 265 411 ddi

207 509 221 535 ιι
236 480 334 557 πότερα
358 481 508 539 καταλῦσαι
536 476 584 551 τὴν
610 474 755 552 Ῥωμαίων
787 481 874 544 αιίτοῑς
897 472 983 557 ἀρχὴν

208 595 221 622 ιι
238 568 361 646 ἄμεινον,
376 567 394 639 ἢ
410 568 531 648 μετέχειν
555 568 636 638 αὐτῆς
651 565 678 631 l}
696 567 754 626 ἴσου
772 567 861 639 κοινὴν
883 587 985 624 κατασ·

208 685 221 708 ιι
236 656 392 732 τησαμένοις
422 656 567 716 πολιτείαν.
624 656 680 716 'Eoi
702 653 755 734 γδιρ
787 654 889 731 λέγειν,
917 653 987 719 ὅσοις

209 773 222 799 ιι
238 744 405 820 κεκόσμηκας
426 747 456 803 ἐκ
472 749 519 802 τοῦ
539 743 657 822 πολέμου
679 744 805 824 λαφύροις
831 740 878 809 τάς
898 742 986 808 πόλεις

169 850 183 891 ιι
210 860 223 885 ιι
238 834 339 905 αὐτῶν,
350 833 478 905 πηλίκους
492 832 635 913 κεχάρισαι
646 838 701 897 τοῖς
717 830 987 911 συστρατευσαμένοις

209 950 222 975 ιι
242 920 379 988 πλούτους.
423 921 449 979 Τ
450 921 493 988 οὺς
518 922 550 992 δὴ
574 918 712 986 τοσούτους
727 919 771 978 διά
785 942 815 979 σε
835 917 988 999 γενομένους

209 1038 222 1065 ιι
239 1011 285 1071 καὶ
298 1011 342 1070 ἐπὶ
356 1010 518 1083 τηλικαύτης
537 1010 683 1090 βεόηκότας
706 1008 830 1089 εὐτυχίας
851 1012 881 1068 ού
903 1009 988 1074 δοκεῖς

210 1099 386 1179 «ἀγαπήσειν
411 1092 449 1168 οἷς
473 1098 593 1179 ίχουσιν,
613 1102 737 1176 ἀγαθοῖς,
760 1099 819 1156 ἀλλ’
842 1094 988 1179 ὀργιεῖσθαί

210 1216 223 1241 ιι
238 1213 280 1249 σοι
301 1190 346 1247 καὶ
361 1189 572 1265 ἀγανακτήσειν,
589 1188 634 1246 tio
650 1188 688 1263 μὴ
704 1184 750 1244 καὶ
761 1185 792 1244 τδ
805 1189 852 1256 τῆς
863 1184 988 1264 πατρίδος

157 1295 184 1336 10
210 1303 223 1330 ι
238 1267 307 1354 αἷμα
323 1283 381 1342 ταῖς
395 1276 488 1356 χερσίν
507 1276 594 1337 αὐτῶν
609 1258 853 1351 ίπισπείσῃςςἘγδν
867 1273 915 1350 μίν
939 1273 988 1331 uix

210 1390 224 1417 o
237 1364 336 1437 slopan.
381 1353 428 1429 Εἷς
450 1362 488 1420 ἔτι
502 1387 549 1439 μοι
564 1363 753 1420 καταλείπεται
767 1360 859 1437 λόγος,
883 1358 987 1439 ίσχυρδς

210 1479 223 1504 ι
237 1451 305 1527 μίν,
325 1449 369 1509 tis
388 1452 509 1528 λογισμῷ
528 1449 616 1527 κρίνῃς
638 1448 732 1520 αὐτὸν,
758 1445 867 1518 ἀσθενὴς
882 1446 926 1523 δίς
942 1447 987 1507 ito

210 1566 224 1590 ιι
237 1542 296 1615 μετ’
310 1541 404 1617 ὀργῆς,
422 1537 509 1616 δπερί
523 1540 570 1606 τῆς
584 1539 614 1595 οὐ
629 1536 737 1603 δικαίως
752 1536 914 1613 μισουμένης
935 1535 987 1596 tat

211 1653 224 1679 ιι
240 1649 287 1685 σου
313 1625 448 1706 πατρίδος.
528 1625 599 1686 Οὔτε
622 1624 673 1705 γάρ
698 1624 851 1702 ὑγιαίνουσα
880 1623 928 1684 καὶ
950 1629 988 1704 τῷ

157 1741 183 1780 ts
212 1742 225 1769 ιι
239 1715 343 1796 πατρίῳ
365 1715 458 1794 κόσμῳ
477 1713 668 1790 πολιτευομένη
683 1713 731 1784 τὴν
754 1716 783 1771 οὐ
799 1711 903 1771 δικαίαν
918 1714 989 1771 κατὰ

211 1830 224 1857 ιι
239 1804 390 1882 σιῦκρίσιν
407 1801 563 1880 tirimaco,
578 1800 647 1859 iiii
662 1809 774 1862 νοσοῦσα
788 1800 834 1860 καὶ
853 1802 880 1859 ἰν
898 1804 989 1883 πολλῷ

211 1920 224 1945 ιι
239 1895 352 1951 κλύδωνι
365 1891 547 1968 σαλευομένη,
558 1890 612 1949 οὔθ’
624 1890 716 1949 ἅπασα
726 1891 774 1962 τὴν
788 1891 870 1961 αὐτὴν
880 1891 988 1969 γνώμην

211 2008 224 2033 ιι
238 1980 292 2039 τότ’
310 1981 397 2061 ἔσχεν,
416 1981 485 2038 ἀλλὰ
497 1981 527 2039 τὸ
541 1978 631 2038 κάκιον
647 1982 673 2038 ἐν
693 1981 759 2057 αὐτῇ
775 1976 853 2057 μέρος
866 1987 989 2059 πονηροῖς

210 2095 223 2121 ιι
238 2071 398 2149 προστάταις
418 2068 600 2149 Ιχρησάμενον.
624 2069 657 2127 Εἰ
673 2068 700 2125 δὲ
715 2068 746 2139 δὴ
767 2066 805 2142 μδ,
823 2074 876 2134 τοῖς
891 2067 987 2127 κακία·

211 2184 224 2211 ιι
239 2180 292 2223 τοις
317 2159 411 2234 μόνον,
435 2157 505 2215 ἀλλά
526 2156 573 2214 καλ
597 2156 649 2221 τοῖς
670 2156 757 2221 ἀλλοις
783 2152 882 2213 ἅπασιν
905 2155 988 2215 ἐδόκει

211 2274 224 2299 ιι
238 2250 338 2317 ταῦτα,
357 2245 403 2304 καὶ
416 2249 450 2312 ὡς
461 2247 491 2304 ού
505 2243 539 2303 ei
554 2244 683 2324 κράτιστα
698 2243 899 2321 πολιτευόμενος
915 2247 989 2319 σἰπη-

211 2333 319 2404 ιιλοίθης
338 2337 381 2391 ὑπ’
399 2337 504 2408 αὐτῶν,
528 2335 582 2393 οὐδ’
597 2333 666 2394 οὕτω
690 2356 730 2393 σοι
748 2339 867 2413 προσῆκε
891 2357 988 2411 μνησι·

210 2449 225 2476 ιι
238 2431 328 2482 κακιῖν
347 2422 412 2500 πρὸς
433 2422 481 2495 τὴν
497 2427 609 2483 σεαυτοῦ
631 2423 758 2503 πατρίδα.
802 2424 916 2488 Πολλοῖς
937 2424 988 2503 γάρ

211 2540 224 2566 ιι
238 2512 271 2584 δὴ
292 2514 337 2572 καὶ
353 2514 441 2580 ἄλλοις
462 2515 514 2573 τῶν
533 2511 646 2571 ἀπὸτοῦ
661 2512 796 2592 βελτίστου
813 2512 986 2588 πολιτευομέ-

157 2629 184 2668 ςς
212 2630 224 2656 ιι
239 2625 291 2660 νων
304 2601 337 2659 τά
349 2600 526 2682 παραπλήσια
544 2600 643 2672 συνίόη
657 2601 761 2675 παθεῖν,
779 2600 825 2660 καὶ
840 2601 944 2659 σπάνιοι
955 2600 988 2672 δή

211 2718 225 2744 ιι
239 2690 305 2754 τινές
320 2691 400 2761 εἰσιν,
416 2682 452 2757 οἷς
467 2692 514 2748 οὐκ
536 2687 696 2750 ἀντέπνευσε
717 2690 781 2769 πρδς
799 2690 846 2761 τὴν
860 2690 987 2749 δοκοῦσαν

211 2804 224 2829 ιι
239 2774 334 2854 ἀρετὴν
358 2778 448 2856 φθόνος
471 2779 500 2837 ίκ
523 2780 576 2836 τῶν
602 2778 867 2855 συμπολιτευομένων
889 2775 987 2844 ἄδικος.

210 2890 224 2916 ι
240 2861 311 2923 Ἀλλ’
328 2854 542 2943 inspexisset}
557 2865 676 2944 Μάρκιε,
691 2865 798 2945 φέρουσι
810 2865 855 2924 καὶ
875 2867 988 2946 μετρίως

211 2979 224 3003 ιι
241 2952 353 3019 ἅπαντες
368 2957 391 3011 οἱ
404 2961 518 3030 γενναῖοι
538 2953 584 3020 et<
605 2955 756 3033 συμφοράς,
771 2953 816 3011 καὶ
830 2951 918 3019 πόλεις
938 2978 986 3030 με·

159 3076 185 3117 30
212 3066 225 3091 ιι
241 3040 474 3119 ταλαμόάνουσιν,
496 3042 522 3098 is
544 3031 584 3105 αἷς
607 3040 759 3111 οἰκήσαντες
782 3038 854 3097 οὐδέν
876 3041 987 3102 λυποῦσι

212 3156 225 3180 ιι
238 3128 285 3195 τάς
306 3129 450 3208 πατρίδας·
473 3127 564 3207 ὥσπερ
582 3129 627 3186 καί
646 3125 793 3205 Ταρκύνιος
815 3125 952 3200 ἐποίησεν,
973 3131 988 3186 ό

212 3244 224 3268 ιι
240 3219 402 3281 Κολλατῖνος
424 3214 628 3291 ἐπικαλούμενος
647 3212 751 3293 [ῖκανδν
767 3212 794 3271 ἓν
813 3212 985 3293 παράδειγμα

212 3332 224 3356 ιι
241 3307 286 3362 καὶ
309 3303 464 3381 οἷκεῖον],θς
484 3303 708 3382 συνελευθερώσας
721 3302 774 3363 ἀπδ
788 3305 840 3361 τῶν
853 3301 986 3381 τυράννων

212 3421 224 3444 ιι
239 3393 298 3460 τοὺς
319 3394 446 3465 πολίτας,
460 3393 552 3452 ἔπειτα
575 3392 724 3464 διαόληθεὶς
745 3393 809 3472 πρδς
825 3396 935 3462 αὐτοὺς,
952 3395 987 3459 ὡς

156 3516 182 3554 35
212 3509 224 3531 ιι
239 3483 417 3561 συμπράττων
430 3482 509 3540 πάλιν
524 3489 577 3547 τοῖς
589 3482 724 3562 τυράννοις
737 3481 785 3554 τὴν
799 3481 925 3557 κάθοδον,
942 3481 987 3539 καί

211 3597 223 3619 ιι
243 3569 285 3626 διὰ
309 3574 385 3627 τοῦτο
410 3569 536 3637 ἐξελαθεὶς
563 3572 639 3638 αύτδς
659 3573 689 3630 ἱκ
709 3575 754 3643 τῆς
777 3572 920 3652 πατρίδος,
940 3574 988 3630 οὐκ

210 3657 410 3732 «ἐμνησικάκει
442 3658 505 3738 πρὸς
529 3658 589 3724 τοὺς
615 3660 777 3727 έκδαλόντας
805 3660 900 3727 αὐτὸν,
927 3659 986 3718 oili

209 3772 221 3796 ιι
238 3747 413 3825 ἐπεστράτευε
430 3750 463 3826 τῇ
490 3747 635 3813 πολιιτοίις
652 3750 792 3824 τυράννους
813 3747 985 3827 ἐπαγόμενος,

209 3861 220 3884 ι
238 3835 292 3891 οὐδ’
308 3839 389 3893 ἐποίει
404 3837 535 3916 τεκμήρια
550 3841 601 3895 τῶν
623 3835 753 3894 διαύολῶν
767 3835 800 3892 sir
821 3839 901 3915 ἔργα,
918 3837 988 3897 ἀλλά

154 3956 183 3996 ιο
210 3949 222 3973 ¹¹
238 3926 273 3986 εἷς
285 3924 333 3995 τὴν
351 3924 511 4002 μητρόπολιν
525 3928 600 3998 ἡμῶν
617 3923 756 3984 Λαουίνιον
773 3920 911 3999 ἀπελθὼν,
933 3930 987 3985 ἐκεῖ

210 4034 222 4058 ιι
238 4010 325 4067 πάντα
349 4013 393 4069 τδν
409 4012 499 4071 λοιπὸν
515 4012 579 4071 έδίω
593 4012 700 4091 χρόνον,
725 4010 811 4076 εὔνους
830 4007 866 4067 ὧν
882 4018 914 4092 τῇ
929 4037 984 4071 πα-

116 4158 120 4165 ,
210 4125 221 4146 ιι
237 4098 461 4179 τρίδικαὶιρίλος.

252 4187 282 4243 L.
306 4213 318 4235 ι
327 4181 420 4245 Ἔστω
434 4189 461 4247 δὲ
471 4182 515 4249 οὖν
526 4190 598 4268 ὅμως
610 4189 655 4249 καί
667 4189 781 4249 δεδόσθω
795 4199 848 4256 τοῖς
862 4191 896 4252 τά
914 4193 986 4253 δεινὰ

211 4301 224 4326 ι
238 4277 350 4331 παθοῦσι
374 4273 411 4347 μὴ
434 4278 586 4355 διακρίνειν,
606 4278 659 4337 εἴτε
683 4279 767 4359 φίλιον
790 4278 829 4352 εἴη
853 4284 883 4341 τδ
899 4285 987 4349 κακῶς

157 4393 182 4431 tt
211 4391 222 4412 ιι
238 4360 361 4439 δεδρακὸς
376 4363 423 4420 εἴτ’
447 4365 601 4446 ἀλλότριον,
624 4367 684 4425 ἀλλ’
698 4367 758 4440 ἴσην
776 4369 840 4448 πρὸς
864 4369 985 4438 ἅπαντας

210 4475 221 4498 ι
239 4448 317 4525 ὀργὴν
334 4448 418 4527 ἔχειν·
434 4450 524 4511 ἔπειτα
541 4457 591 4534 οὐχ
607 4455 698 4521 ἱκανάς
719 4458 894 4537 εἰσπέπραξαι
912 4457 985 4540 παρὰ

212 4564 223 4589 ιι
239 4540 290 4592 τῶν
304 4536 467 4614 beneisson
483 4563 512 4599 σε
524 4543 611 4615 δίκας,
627 4547 675 4621 γῆν
691 4545 714 4603 τ’
736 4548 821 4604 αὐτῶν
845 4547 892 4618 τὴν
909 4549 985 4627 ἀρίσ-

212 4655 224 4678 ιι
240 4649 301 4702 την,
321 4627 473 4698 πεποιηκὼς
495 4630 642 4705 μηλόόοτον
664 4634 709 4692 καί
729 4636 817 4702 πόλεις
841 4638 985 4715 διαπεπορ-

212 4747 223 4771 ιι
239 4716 324 4790 θηκδις
343 4720 532 4797 συμμαχίδας,
555 4718 586 4785 ἃς
600 4724 706 4789 πολλοῖς
721 4725 807 4791 πόνοις
824 4727 985 4803 κτησάμενοι

155 4848 183 4886 50
211 4835 222 4859 ιι
239 4809 383 4888 κατέσχον,
400 4804 445 4865 καί
457 4806 542 4884 τρίτον
554 4805 605 4880 ἤδη
617 4815 687 4868 τοῦτ’
704 4812 759 4879 ἔτος
774 4816 808 4879 εἰς
820 4810 918 4883 πολλὴν
933 4816 984 4871 τῶν

211 4923 223 4946 ιι
241 4898 391 4976 ἀναγκαίων
406 4895 617 4963 κατακεκλεικὼς
632 4900 759 4978 ἀπορίαν;
785 4901 853 4960 ἀλλὰ
874 4903 918 4961 καί
936 4901 985 4978 με’-

211 5008 224 5033 ιι
238 5004 283 5059 Ιγρι
312 4988 524 5064 ἀνδραποδισμοῦ
549 4992 596 5057 τῆς
620 4985 721 5051 πόλεως
750 4990 835 5047 αὐτῶν
869 4991 914 5047 καὶ
939 5011 986 5045 κα-

212 5099 224 5121 ιι
238 5079 374 5151 τασκαρῆς
389 5075 436 5145 τὴν
461 5076 646 5155 ἀγριαίνουσαν
666 5075 709 5131 καὶ
730 5079 890 5151 μαινομένην
906 5079 984 5155 ὀργὴν

210 5186 222 5210 ιι
239 5159 375 5239 προάγεις,
396 5165 441 5220 καὶ
456 5165 514 5222 οὐδὲ
529 5162 587 5226 τοὺς
601 5161 768 5238 πεμφθέντας
794 5167 905 5235 ὑπὸτῆς
928 5170 986 5245 βου-

726 342 897 406 retorsisti
918 340 1296 405 flnttcnbunsssttsts

1042 480 1186 542 «effecisti,
1206 485 1235 532 ut
1254 481 1304 532 iam
1339 479 1483 539 oonsulant.
1502 481 1589 530 utrum
1610 479 1697 544 populi
1719 482 1830 537 Romani

1041 591 1054 615 ι
1067 569 1199 634 imperium
1216 572 1327 621 evertere
1344 569 1378 619 sit
1397 572 1489 626 satius¹
1510 583 1558 630 an,
1581 569 1723 620 constituta
1745 585 1827 636 repu.

1042 680 1054 703 ι
1069 659 1147 721 Ινῖῖου,
1164 658 1191 708 ῖιι
1216 657 1280 707 iuris
1296 656 1351 707 eius
1369 655 1566 706 communionem
1589 656 1681 719 recepi.
1728 659 1830 710 Omitto

1041 766 1055 794 ι
1067 749 1133 799 enim
1151 746 1233 798 dioere
1242 782 1249 806 ,
1259 747 1323 809 quot
1334 743 1419 808 spolils
1428 756 1458 793 ex
1474 742 1539 793 bello
1556 742 1644 794 relatis
1655 743 1756 795 milites
1770 750 1827 797 tuos

1041 858 1054 882 ι
1068 839 1182 902 ornaris,
1206 839 1232 887 et
1249 839 1357 901 quantas
1378 833 1481 884 divitius
1501 833 1552 883 illis
1568 833 1677 898 largitus
1695 835 1743 887 sis.
1776 839 1828 889 llos

1042 950 1056 973 ι
1071 929 1156 994 igitur,
1177 927 1222 994 qui
1235 929 1280 976 tua
1296 937 1371 989 opera
1392 921 1455 973 adeo
1471 926 1604 973 creverunt
1634 922 1708 975 etad
1728 928 1825 977 tanum

1042 1035 1056 1063 ι
1068 1016 1213 1069 felicitatem
1223 1012 1303 1066 erecti
1312 1014 1372 1063 suut
1382 1051 1388 1071 ‚
1399 1025 1449 1061 uon
1464 1013 1539 1074 putes
1551 1013 1685 1062 couteutos
1696 1012 1756 1064 iore
1765 1028 1828 1079 pre·

1042 1127 1054 1151 ι
1071 1106 1183 1157 sentibus
1192 1104 1277 1161 bonis.
1289 1101 1333 1153 sed
1346 1100 1393 1151 tibi
1411 1099 1529 1159 intensos,
1543 1102 1570 1150 et
1581 1098 1670 1165 iniquo
1683 1101 1772 1152 auimo
1784 1102 1823 1153 le·

1042 1216 1054 1239 ι
1069 1198 1152 1253 turos,
1168 1193 1216 1244 uisi
1234 1190 1310 1242 etiam
1323 1188 1411 1254 patria
1425 1188 1569 1252 sauguinem
1580 1187 1694 1252 ipsorum
1708 1190 1829 1241 manibus

1042 1304 1055 1328 ι
1071 1282 1173 1334 liboris?
1193 1283 1245 1345 ligo
1262 1281 1331 1329 certe
1344 1290 1394 1329 uou
1409 1279 1479 1341 puto.
1511 1278 1594 1326 Unum
1609 1275 1695 1328 adbuc
1710 1281 1827 1341 superest

1043 1394 1055 1417 ι
1068 1371 1151 1438 quod,
1174 1370 1196 1421 si
1224 1368 1347 1419 rationem
1367 1366 1394 1417 iu
1413 1364 1535 1415 iudicium
1556 1363 1691 1425 adhibeas,
1713 1367 1825 1419 multum

1042 1482 1055 1506 ι
1070 1459 1136 1527 apud
1150 1462 1177 1510 te
1196 1456 1306 1515 valebit,
1331 1455 1370 1505 siu
1389 1454 1469 1515 iram,
1496 1466 1585 1518 parurn
1604 1453 1702 1505 scilieet
1714 1454 1749 1506 de
1769 1455 1827 1506 odio

1042 1570 1056 1594 ι
1071 1550 1163 1600 iniusto
1175 1560 1226 1612 quo
1239 1544 1345 1610 patriam
1366 1542 1530 1607 persequeris.
1576 1544 1663 1607 Neque
1683 1543 1753 1594 enim
1767 1558 1827 1595 saue

1043 1660 1056 1681 ιι
1070 1641 1133 1697 orat,
1144 1649 1190 1687 neo
1201 1633 1289 1700 patriis
1300 1631 1422 1682 institutis
1433 1630 1572 1695 regebatur,
1583 1629 1685 1696 quando
1696 1636 1723 1683 te
1732 1632 1827 1684 iniuste

1045 1749 1057 1769 ιι
1072 1724 1219 1777 damnarit:
1240 1722 1284 1773 sed
1296 1721 1383 1773 morbo
1399 1718 1542 1777 laborabat.
1563 1732 1705 1785 magnaque
1714 1724 1827 1788 tempes-

1044 1838 1056 1861 ι
1072 1820 1122 1867 tate
1136 1814 1293 1870 iactabatur,
1317 1823 1399 1875 neque
1416 1809 1495 1859 totius
1513 1812 1574 1859 tuno
1593 1808 1682 1861 εεδειιι
1705 1807 1757 1862 tuit
1773 1826 1828 1863 seu·

1044 1925 1056 1948 ι
1074 1903 1164 1961 tentia,
1182 1901 1226 1952 sed
1245 1898 1335 1966 prioris
1347 1898 1442 1963 partis,
1457 1910 1516 1963 ques
1533 1910 1626 1962 pravos
1639 1898 1718 1951 duces
1738 1905 1828 1951 secuta

1043 2012 1056 2035 ι
1072 1995 1134 2042 erat.
1148 1990 1175 2042 Si
1192 2002 1311 2040 veronen
1323 1987 1403 2038 solum
1420 1985 1551 2050 pessimis,
1564 1985 1609 2037 sed
1624 1985 1729 2052 reliquis
1747 1988 1826 2038 etiam

1043 2100 1056 2125 ι
1072 2081 1107 2130 ita
1125 2078 1208 2130 visum
1218 2076 1321 2134 luisset,
1333 2080 1358 2127 et
1369 2074 1476 2135 abillis,
1492 2078 1522 2125 ot
1532 2074 1607 2135 ciris,
1620 2075 1665 2139 qui
1681 2076 1824 2139 rempubli-

1043 2190 1056 2213 ιι
1069 2182 1124 2219 cam
1145 2167 1209 2218 male
1236 2165 1437 2225 administraret,
1461 2163 1579 2229 expulsus
1600 2163 1705 2221 fuisses,
1734 2167 1822 2213 tumen

1044 2278 1057 2303 ιι
1077 2271 1108 2309 ue
1125 2256 1161 2307 sic
1180 2253 1281 2320 quidem
1306 2258 1332 2304 te
1360 2253 1508 2304 iniuriarum
1524 2266 1538 2303 ε
1555 2250 1633 2316 patria
1655 2252 1819 2314 acceptarum

1043 2366 1056 2391 ι
1068 2359 1203 2397 memorem
1217 2357 1271 2395 esse
1286 2343 1398 2395 decebat
1432 2345 1496 2393 itam
1508 2344 1533 2395 et
1545 2338 1631 2391 multis
1646 2338 1704 2390 aliis
1720 2338 1819 2403 optime

1044 2457 1057 2482 ι
1072 2435 1251 2501 rempublicam
1266 2433 1499 2485 administrantibus
1514 2431 1579 2484 ideru
1591 2429 1695 2482 aooldit:
1715 2430 1822 2497 rarique

1045 2528 1130 2576 «sunt
1148 2524 1197 2585 illi,
1213 2537 1321 2589 quorum
1338 2522 1428 2573 virtuti
1445 2522 1539 2573 civium
1556 2520 1703 2572 [emulorum
1725 2519 1825 2571 invidia

1045 2612 1164 2663 «iniuste
1178 2610 1309 2661 adversata
1323 2623 1370 2660 uon
1384 2607 1460 2660 tuerit
1502 2607 1553 2661 Sed
1568 2621 1655 2659 omnes
1669 2607 1720 2658 viri
1734 2606 1824 2668 lomes,
1862 2653 1865 2657 .

1045 2722 1057 2747 ι
1072 2703 1159 2763 Marci,
1174 2702 1328 2752 calamitates
1341 2700 1487 2751 humanitus
1498 2703 1525 2750 et
1542 2713 1616 2766 aquo
1627 2700 1711 2751 animo
1726 2698 1823 2764 ieruut;

1044 2809 1057 2834 ιι
1073 2803 1182 2854 suasque
1194 2788 1264 2841 sedes
1277 2788 1303 2839 in
1312 2787 1374 2839 alias
1386 2787 1463 2839 urbes
1474 2788 1639 2848 moderant,
1650 2787 1695 2839 ubl
1705 2787 1828 2853 degentes-

1044 2900 1057 2923 ιι
1070 2880 1158 2944 patriae
1175 2880 1257 2929 nullas
1272 2877 1400 2929 molestias
1420 2876 1528 2929 afluant
1550 2892 1557 2922 ι
1576 2877 1644 2929 τῖσαι
1664 2877 1738 2928 eliam
1760 2876 1821 2928 iecit

1043 2990 1056 3014 ιι
1069 2970 1219 3034 Tarquinius
1231 2968 1463 3034 collatinustquod
1473 2967 1624 3033 exemplum,
1640 2968 1713 3033 idque
1721 2967 1825 3020 domes·

1044 3080 1055 3104 ιι
1073 3059 1165 3121 ticum,
1179 3058 1288 3121 suflicit)
1304 3058 1362 3119 illo,
1380 3059 1425 3124 qui
1445 3059 1498 3123 ipse
1509 3070 1613 3124 quoque
1632 3058 1699 3108 cives
1718 3071 1776 3109 suos
1790 3072 1824 3110 ex

1043 3145 1199 3211 «tyrannide
1221 3147 1246 3196 in
1267 3147 1407 3197 libertatem
1426 3146 1581 3207 vindicavit,
1598 3149 1623 3196 et
1644 3146 1735 3197 deindo
1754 3147 1821 3212 apud

1044 3258 1056 3281 ιι
1072 3250 1114 3287 eos
1130 3235 1195 3286 rnale
1219 3235 1323 3285 audiens
1342 3237 1414 3300 quasi
1432 3237 1559 3300 tyrraunls
1572 3234 1660 3287 favens
1681 3251 1775 3303 eosque
1798 3239 1823 3288 iu

1045 3324 1178 3390 «patriam
1200 3323 1365 3385 reducturus,
1389 3328 1517 3389 propteroa
1547 3324 1573 3373 in
1596 3324 1714 3375 exsilium
1735 3326 1824 3390 pulsus

1043 3434 1055 3455 ι
1070 3412 1130 3472 suit,
1142 3415 1167 3462 ot
1181 3414 1264 3461 tamen
1277 3411 1424 3461 iniuriarum
1437 3411 1468 3462 ab
1481 3411 1511 3460 lis
1523 3415 1692 3476 acceptarum.
1707 3412 1825 3479 aquibus

1045 3520 1056 3541 ι
1073 3498 1155 3551 iuerat
1176 3501 1308 3564 expulsus,
1329 3500 1474 3550 memoriam
1492 3498 1623 3564 deposuit,
1641 3514 1688 3551 neu
1708 3516 1767 3552 cum
1783 3506 1823 3564 ty·

1044 3612 1056 3634 ι
1072 3593 1154 3642 tannis
1175 3607 1244 3643 arma
1263 3592 1405 3657 reipublice
1422 3591 1520 3648 intulit,
1541 3605 1587 3641 neo
1605 3590 1679 3644 tactis
1704 3595 1758 3644 suis
1779 3593 1824 3644 ad·

1044 3699 1056 3721 ιι
1073 3681 1238 3731 versariorum
1258 3680 1394 3731 calumnias
1410 3678 1578 3736 oonlirmarit.
1593 3679 1638 3730 sed
1659 3695 1718 3732 oum
1737 3682 1766 3733 lu
1780 3696 1824 3734 re·

1045 3789 1056 3811 ι
1073 3773 1150 3820 terem
1172 3773 1281 3819 nostram
1301 3769 1406 3833 patriam
1420 3768 1551 3819 Lavinium
1572 3782 1599 3818 se
1613 3770 1776 3829 contulisset,
1789 3771 1824 3822 ibi

1044 3877 1055 3900 ιι
1071 3859 1151 3906 totum
1177 3854 1300 3917 reliquum
1321 3855 1380 3905 vitro
1401 3855 1509 3920 spatium
1533 3855 1668 3907 benevolus
1680 3862 1707 3909 et
1726 3858 1822 3911 amicus

1044 3963 1056 3987 ιι
1072 3943 1158 4006 patrica
1173 3942 1264 4004 exegit.

1072 4208 1099 4255 L.
1119 4227 1131 4250 ι
1145 4207 1274 4257 Fac-lamus
1289 4210 1370 4258 tamen
1385 4212 1411 4258 et
1427 4207 1606 4266 concedamus,
1620 4222 1674 4266 cos.
1696 4208 1741 4272 qui
1756 4207 1825 4259 iniu-

1043 4314 1055 4335 ιι
1072 4296 1135 4346 riam
1145 4300 1306 4361 acceperunt,
1322 4311 1370 4347 uon
1385 4296 1539 4360 dijudicare,
1554 4302 1640 4346 utrum
1650 4298 1687 4356 is,
1700 4298 1745 4362 qui
1763 4296 1823 4348 iecit

1044 4404 1056 4426 ιι
1072 4384 1186 4435 iniuriam
1199 4386 1232 4435 sit.
1246 4386 1341 4435 armeus
1357 4400 1388 4435 an
1406 4386 1532 4443 iuimicus,
1555 4386 1596 4435 sed
1621 4400 1693 4450 eoquo
1705 4388 1824 4438 omnibus

1043 4491 1055 4514 ι
1068 4487 1123 4522 esse
1136 4474 1226 4531 iratos;
1245 4489 1323 4524 nonne
1334 4474 1395 4523 satis
1411 4489 1539 4538 prunarum
1557 4475 1661 4538 exegisti
1673 4474 1705 4523 ab
1718 4475 1763 4529 iis.
1778 4475 1823 4540 qui

1043 4582 1054 4602 ιι
1073 4563 1097 4609 te
1113 4563 1262 4611 coutumeliis
1278 4561 1431 4619 affecerunt,
1456 4562 1498 4626 qui
1523 4560 1705 4611 fertilissimum
1731 4576 1820 4612 eorum

1042 4670 1054 4694 ι
1071 4664 1157 4713 agrum
1172 4651 1253 4714 pecori
1271 4666 1388 4715 pascuum
1402 4652 1506 4710 feceris,
1525 4658 1549 4702 et
1561 4652 1683 4701 sociorum
1700 4651 1776 4700 urbes
1786 4651 1823 4701 di·

1042 4757 1054 4781 «
1069 4735 1187 4799 ripueris‚
1209 4752 1273 4802 quas
1299 4739 1385 4788 multis
1405 4739 1531 4790 laboribus
1551 4738 1671 4802 eputesilas
1698 4737 1724 4787 iu
1747 4751 1819 4786 suom

1042 4845 1053 4867 ιι
1070 4823 1188 4874 ditionem
1214 4826 1374 4889 redegerant,
1404 4832 1428 4878 et
1461 4828 1562 4878 tertium
1598 4828 1647 4877 iam
1676 4839 1768 4875 annum
1788 4825 1819 4872 ad

1041 4936 1053 4957 ι
1070 4928 1183 4978 magnam
1203 4921 1384 4965 commeatuum
1408 4918 1514 4981 inopiam
1534 4932 1576 4967 eos
1591 4915 1757 4980 compuleris?
1773 4913 1820 4963 sed

1041 5024 1052 5047 ιι
1069 5004 1168 5060 etium,¹
1188 5003 1287 5051 immani
1313 5006 1337 5052 et
1351 5004 1436 5054 insano
1455 5005 1539 5055 surore
1559 5006 1689 5069 impulsus,
1716 5002 1747 5054 ud
1762 5002 1821 5053 illos

1041 5113 1052 5135 ιι
1068 5093 1093 5142 in
1116 5092 1262 5141 servitutem
1290 5091 1463 5153 abducendos,
1486 5095 1625 5159 urbemque
1657 5092 1819 5143 evertendam

1040 5200 1052 5223 ι
1067 5179 1236 5243 progrederis,
1259 5183 1283 5229 ot
1297 5194 1326 5230 ne
1341 5179 1434 5243 legatos
1452 5182 1554 5245 quidem
1574 5198 1588 5232 a
1606 5186 1693 5232 senatu
1713 5182 1819 5242 missos,

659 5360 1074 5486 -A
