3772 5828
585 392 880 469 ANTIQUITATUM
901 397 1049 460 Roman.
1074 400 1146 460 LIB.
1172 403 1206 463 V.

91 531 177 602 φόρων
197 527 276 600 χεῖρα
299 522 346 580 οῦκ
364 519 471 601 ὀλίγην·
492 521 579 582 τοῦδέ
594 522 677 593 δεξιοῦ
696 524 830 604 Μαμίλιος
854 532 868 586 ό

92 610 238 690 Ταρκυνίου
259 607 400 684 κηδεστλς,
416 611 458 692 ἀφ’
472 601 501 672 ού
524 613 646 673 Λατίνων
664 617 688 673 οἱ
709 616 869 685 ἀποστάντες

92 700 145 760 ἀπδ
158 697 301 776 Ῥωμαίων
316 698 454 768 ἀπάξοντα·
470 698 593 780 βασιλεῦς
611 701 639 761 δέ
655 703 786 786 Πορσίνας
799 704 868 764 κατὰ

91 788 173 863 μέσην
190 786 242 867 τὴν
253 787 378 868 φάλαγγα
398 789 532 850 ἀτέτακτο.
575 789 719 869 Ῥωμαίων
734 791 761 851 δέ
775 793 805 852 τδ
818 791 867 872 μίν

47 895 62 932 s
90 875 170 944 δεξιὸν
198 874 277 955 κέρας
296 875 408 956 Σπόριος
432 876 547 957 Λάρκιος
565 877 611 938 καὶ
632 882 710 947 Τῖτος
732 877 885 960 Ἑρμίνιος

88 965 214 1045 κατεῖχον
229 964 340 1025 ἀναντίοι
350 965 519 1047 Ταρκυνίοις·
533 965 563 1026 ab
583 966 607 1026 δ’
621 968 768 1049 ἀριστερόν,
787 970 867 1051 Μάρ-

88 1076 135 1121 κος
155 1052 308 1132 Οὐαλέριος,
323 1054 434 1135 ἀδελφός
446 1053 555 1134 θατέρου
569 1059 621 1115 τῶν
636 1058 743 1117 θπάτων
762 1060 868 1119 Ποπλι-

90 1141 166 1216 κόλα,
196 1143 241 1200 καί
264 1143 343 1208 Τῖτος
373 1143 543 1222 Λουκρήτιος,
564 1149 578 1205 δ
600 1147 639 1224 τῷ
661 1144 772 1226 πρόσθεν
794 1149 866 1206 θπα-

87 1226 181 1296 τεύσας
207 1228 276 1304 ἔτει,
306 1229 435 1311 Μαμιλίῳ
459 1229 504 1290 καλ
531 1231 652 1300 Λατίνοις
675 1233 863 1312 συνοισόμενοι·

33 1333 60 1372 ευ
86 1317 121 1376 τδι
135 1316 162 1377 δὲ
181 1317 251 1396 μίσα
274 1323 327 1378 τῶν
351 1318 469 1400 κεράτων
487 1321 511 1378 οί
526 1317 620 1379 θπατυι
640 1325 762 1404 κατεῖχον
776 1323 865 1406 ἀμφό-

86 1429 164 1487 τεροι.

126 1495 235 1557 XXHI.
260 1493 311 1563 Ὦς
325 1494 352 1554 θί
365 1497 491 1568 συνῆλθον
502 1497 537 1564 τίς
551 1505 650 1578 χεῖρας,
662 1499 794 1578 έμείχοντο
804 1523 865 1580 γεν-

86 1583 174 1656 ναίως,
189 1583 235 1641 καί
248 1583 333 1643 πολὺν
349 1585 468 1664 ἀντεῖχον
490 1586 632 1665 ἀμφότεροι
652 1587 759 1668 χρόνον·
772 1592 864 1667 έμπει·

88 1671 131 1753 pig
149 1670 197 1748 μέν
225 1671 271 1730 καί
292 1670 418 1753 καρτερία
431 1671 563 1752 κρείττους
588 1673 658 1741 ὄντες
686 1678 709 1734 οί
734 1675 864 1755 Ῥωμαῖοι

36 1773 60 1810 ¹⁶
86 1765 138 1820 τῶν
154 1759 289 1832 ίναντίων,
314 1760 408 1831 πλήθει
429 1760 456 1820 δὲ
471 1766 627 1840 κρατοῦντες
647 1766 698 1822 τῶν
721 1764 863 1844 Ῥωμαίων

86 1852 110 1908 οἱ
133 1853 159 1911 Τ
161 1849 267 1929 υρρηνοί
296 1872 324 1907 τε
348 1848 393 1907 καί
418 1850 526 1910 Λατῖνοι
552 1853 655 1931 μακρῷ.
698 1854 810 1912 Πολλῶν
836 1853 864 1914 δέ

86 1936 220 1998 πεσόντων
245 1936 288 2019 ἀφ’
304 1937 447 2018 ἑκατέρων,
463 1939 518 2006 δέος
533 1928 680 2020 εἰσέρχεται
701 1939 862 2019 Ῥωμαίους,

87 2029 191 2106 πρῶτον
216 2025 264 2103 μθν
291 2026 350 2094 τοὺς
377 2026 536 2107 κατέχοντας
561 2027 591 2086 τὸ
614 2029 748 2109 ἀριστερὸν
775 2030 863 2113 κέρας,

86 2115 181 2187 ἐπειδὴ
204 2112 262 2180 τοθς
285 2115 416 2193 ἡγεμόνας
439 2116 579 2174 ἐθεάσαντο
601 2117 743 2198 Οὐαλέριόν
767 2143 796 2178 τε
819 2120 863 2180 καὶ

33 2234 59 2272 20
85 2204 247 2285 Λουκρήτιον
269 2205 432 2286 τραυματίας
449 2206 675 2280 ἀποκομισθέντας
694 2211 725 2268 ἐκ
744 2214 791 2282 τῆς
813 2211 864 2289 μά-

84 2316 147 2371 χης·
165 2294 256 2354 ἔπειτα
271 2293 317 2352 καί
328 2292 388 2360 ποῦς
402 2294 445 2352 ἐπὶ
459 2298 505 2353 τοῦ
518 2293 600 2361 δεξιοῦ
616 2293 722 2373 κέρατος
736 2297 863 2378 τεταγμέ-

84 2406 141 2451 νους
161 2387 288 2449 νικῶντας
313 2381 366 2454 ἤδη
386 2381 434 2454 riv
456 2381 503 2442 σθν
529 2384 683 2462 Ταρκυνίοις
705 2385 813 2461 δύναμιν
833 2387 863 2447 πθ

83 2472 149 2530 αὐτὸ
168 2469 372 2546 καταλαμύάνει
389 2469 482 2542 πάθος,
502 2472 618 2548 δρῶντας
632 2472 679 2543 τὴν
698 2473 796 2551 τροπλν
808 2477 861 2533 τῶν

85 2559 191 2638 ἑτέρων.
234 2556 393 2633 Φευγόντων
417 2560 440 2615 δ’
464 2560 499 2625 εἷς
514 2557 561 2629 τὴν
582 2558 657 2617 πόλιν
672 2559 795 2619 ἁπάντων
817 2562 861 2621 καί

31 2671 55 2709 τε
85 2646 128 2704 ira
152 2655 213 2724 μιᾶς
231 2645 344 2725 γεφύρας
366 2644 526 2725 βιαζομένων
546 2647 658 2726 ἀθρόων,
672 2647 741 2727 θρμθ,
762 2650 861 2725 γίνεται

83 2738 137 2794 τῶν
150 2734 285 2811 πολεμίων
301 2735 344 2791 ἐπ’
363 2731 456 2801 αύτοθς
472 2733 590 2809 μεγάλη·
608 2734 696 2814 ὀλίγου
712 2759 741 2795 τε
761 2738 828 2797 πάνυ
843 2742 860 2812 ἡ

82 2824 158 2891 αυλις
179 2822 286 2895 ἐδέησεν
309 2820 410 2881 ἁλῶναι
425 2821 494 2881 κατὰ
516 2822 619 2904 κράτος,
638 2823 782 2904 ἀτείχιστος
796 2819 860 2886 οθσα

82 2915 111 2971 ἐκ
122 2916 175 2971 τῶν
190 2911 264 2992 παρὰ
277 2908 321 2970 τδν
336 2910 455 2988 ποταμὸν
473 2914 570 2990 μερῶν,
586 2914 608 2970 εἰ
625 2912 806 2974 συνεισέπεσον
825 2917 862 2984 τίς

82 2999 161 3071 αὐτὴν
177 3000 234 3076 δίμα
254 3007 307 3066 τοῖς
322 2998 460 3082 φεύγουσιν
484 3001 508 3058 oi
529 2999 674 3067 διώκοντες.
715 3007 752 3072 Οί
765 3004 792 3065 δὲ
812 3003 860 3078 τλν

30 3113 57 3151 su
82 3092 118 3168 όρΙ
132 3088 164 3161 ὴν
188 3093 242 3148 τῶν
266 3086 400 3165 πολεμίων
429 3087 583 3168 ἐπισχόντες
610 3090 657 3149 καί
686 3091 860 3161 διασώσαντες

82 3179 144 3249 ὁληυ
154 3179 202 3248 τὴν
217 3175 343 3256 στρατιάν
354 3183 423 3256 τρεῖς
437 3177 527 3257 ἄνδρες
541 3177 669 3254 ἐγένοντο,
686 3180 799 3259 Σπόριος
811 3182 859 3258 μίν

39 3335 44 3347 ¹
82 3267 197 3346 Λάρκιος
219 3267 264 3324 καί
288 3268 368 3332 Τῖτος
390 3263 538 3343 Ἑρμίνιος,
560 3268 584 3325 οἱ
599 3264 629 3324 τὸ
652 3267 731 3336 δεξιὸν
756 3269 861 3349 ίχοντες

82 3354 158 3433 κέρας
176 3355 207 3412 ἐκ
229 3358 281 3414 τῶν
301 3351 499 3434 πρεσύυτέρων,
522 3354 639 3424 Πόπλιος
663 3355 691 3415 δέ
702 3355 826 3437 Ὁράτιος
846 3362 861 3418 ό

81 3439 239 3517 καλούμενος
257 3439 370 3514 Κόκλης,
385 3443 415 3500 έκ
431 3445 477 3499 τοῦ
490 3441 558 3501 κατά
573 3443 621 3514 τὴν
635 3443 693 3523 ὄψιν
708 3445 861 3524 ἐλαττώμα-

26 3553 52 3592 aa
82 3552 134 3602 τος,
158 3527 279 3595 ἀκκοπείς
299 3532 325 3588 ἐν
341 3530 417 3610 μάχη
436 3530 480 3589 τὸν
505 3532 592 3608 ἕτερον
613 3531 747 3611 ὀφθαλμὸν
763 3536 859 3593 ἐκτῶν

81 3614 226 3695 νεωτέρων,
244 3639 277 3692 μο
293 3621 329 3698 φῇ
344 3640 372 3677 τε
390 3618 528 3687 κάλλιστος
550 3619 694 3697 ἀνθρώπων
715 3621 760 3680 καί
772 3620 858 3701 ψυχὴν

84 3704 201 3782 ἀριστος.
287 3726 329 3773 τος
344 3707 493 3787 ἀδελφιδοῦς
515 3707 563 3784 μὲν
581 3698 614 3780 ἦν
637 3706 761 3788 Ὁρατίου
777 3709 859 3788 Μάρ-

80 3817 129 3852 κου
153 3791 262 3874 θατέρου
277 3797 329 3853 τῶν
353 3795 471 3870 ὑπάτων,
492 3796 522 3856 τδ
544 3795 571 3856 δέ
590 3796 663 3872 γένος
683 3801 795 3876 κατῆγεν
814 3801 858 3881 ἀφ’

79 3881 136 3949 ἑνὸς
149 3883 202 3940 τῶν
218 3882 350 3960 τριδύμων
367 3879 491 3964 Ὁρατίου
505 3883 632 3965 Μάρκου,
645 3889 691 3944 τοῦ
706 3885 858 3958 νικήσαντος

25 3994 53 4030 ευ
79 3968 139 4035 τοὺς
154 3966 296 4036 ’sitarcia
308 3969 459 4051 τριδύμους,
478 3971 520 4030 ότε
539 3972 600 4053 περί
614 3976 661 4044 τῆς
675 3973 815 4051 ἡγεμονίας
830 3977 857 4034 αί

79 4058 169 4123 πόλεις
184 4058 220 4125 είς
234 4056 350 4135 πόλεμον
361 4069 529 4121 καταστᾶσαι
544 4059 691 4133 συνέδησαν
707 4060 744 4134 μὴ
760 4062 860 4131 πάσαις

81 4149 301 4208 ἀποκινδυνεῦσαι
312 4155 370 4217 ταῖς
385 4150 537 4225 δυνάμεσιν,
550 4149 619 4209 ἀλλά
635 4149 718 4230 τρισίν
733 4150 858 4229 ἀνδράσιν

80 4237 124 4314 ἀφ’
140 4236 277 4316 ἑκατέρας,
293 4239 328 4303 ῶς
344 4238 371 4295 έν
387 4240 441 4304 τοῖς
460 4239 594 4318 προτέροις
610 4237 746 4308 δεδήλωκα
758 4238 856 4317 λόγοις.

80 4315 163 4384 Οὗτοι
179 4324 210 4398 δὴ
231 4325 305 4403 μόνοι
328 4323 399 4385 κατίε
422 4323 505 4385 νώτου
529 4325 654 4392 λαθόντες
676 4326 724 4397 τὴν
744 4325 857 4406 γέφυραν

24 4432 52 4471 rs
82 4403 166 4492 εἶργον
188 4418 236 4486 τῆς
250 4412 399 4482 διαύάσεως
413 4411 473 4480 τοὺς
493 4414 635 4490 πολεμίους
654 4413 735 4494 μέχρι
749 4416 857 4488 πολλοῦ,

79 4501 126 4560 καί
143 4500 260 4580 διέμενον
280 4501 322 4562 ἐπί
346 4506 394 4573 τῆς
413 4504 493 4573 αὐτῆς
514 4502 630 4570 στάσεως
646 4502 805 4580 βαλλόμενοί
829 4527 857 4563 τε

81 4590 132 4649 ὑπὸ
148 4592 253 4650 πολλῶν
267 4592 445 4658 παντοδαποῖς
465 4590 553 4668 βέλεσι
573 4591 619 4650 καὶ
633 4594 663 4651 ἐκ
673 4591 761 4672 χειρὸς
781 4592 857 4651 παιό-

81 4703 155 4757 μενοι
169 4689 222 4747 τοῖς
245 4679 356 4763 ξίφεσιν,
380 4680 429 4748 ἕως
444 4678 527 4738 ἀπασ’
550 4684 566 4752 ἡ
582 4679 694 4760 στρατιὰ
707 4681 796 4754 διῆλθε
812 4679 856 4741 τδν

78 4768 209 4843 ποταμό.

23 4889 54 4928 pn
119 4857 229 4920 XXIV.
253 4856 304 4926 Ὦς
323 4857 346 4917 δ’
368 4860 395 4917 έν
409 4858 523 4938 ἀσφαλεῖ
540 4856 598 4926 aab<
617 4856 755 4939 σφετέρους
767 4856 856 4927 έδοξαν

80 4946 226 5026 γεγονέναι,
242 4945 288 5005 δύο
309 4945 356 5024 μίν
371 4945 398 5015 ἀξ
412 4948 497 5006 αὐτῶν
520 4945 654 5027 Ἑρμίνιός
669 4971 697 5006 τε
712 4945 759 5007 καί
780 4947 856 5026 Λάρ-

81 5061 135 5103 κιος
151 5033 346 5116 διεφθαρμένων
360 5036 447 5104 αὐτοῖς
458 5035 510 5109 ἤδη
524 5038 576 5103 τῶν
593 5035 795 5118 σκεπαστηρίων
814 5037 856 5094 δεδι

80 5124 129 5191 τδις
139 5132 255 5204 συνεχεῖς
268 5121 374 5201 πληγδις
384 5122 532 5208 ἀνεχώρουν
548 5124 593 5186 ἐπί
607 5125 688 5186 πόδα.
732 5123 856 5204 Ὁράτιος

81 5211 107 5271 δὲ
125 5211 210 5290 μόνος,
229 5209 452 5292 ἀνακαλουμένων
468 5214 546 5274 αὐτὸν
563 5212 616 5281 ἀπὸ
628 5218 677 5286 τῆς
689 5213 792 5281 πόλεως
800 5214 857 5272 τῶν

170 5331 285 5369 υιοιειειι.

1639 423 1698 482 27³

923 538 1028 588 miiitum
1043 550 1117 588 mauu
1134 553 1181 591 non
1195 542 1285 605 exigua
1302 563 1308 593 ι
1324 543 1439 595 dextrum
1450 546 1556 600 ducebat
1572 555 1698 620 Tarquinii

922 656 996 709 gener
1007 644 1147 709 Mamilius,
1164 645 1190 696 in
1202 661 1253 712 quo
1266 649 1360 711 Latini,
1377 652 1420 716 qui
1435 668 1450 703 a
1468 656 1585 707 Romanis
1601 658 1696 714 deiece-

922 757 1198 822 rant,ocltocatierant:
1215 766 1354 815 rorantem
1367 767 1476 816 Porsena
1493 769 1571 820 aciem
1592 774 1698 828 mediam

923 872 1031 924 tenebat.
1065 875 1188 925 Dextmm
1204 890 1262 926 vero
1279 880 1444 933 Romanorum
1455 896 1532 935 comu
1542 888 1583 951 Sp.
1597 891 1699 956 Largius

920 985 947 1034 et
959 983 1030 1034 Titus
1044 985 1186 1036 Herminius
1199 988 1336 1050 Tarquiniis
1348 994 1453 1056 oppositi
1462 997 1578 1050 tenebant
1589 1019 1594 1048 :
1607 1001 1698 1054 iaevum
1756 1024 1759 1030 ¹

920 1098 955 1148 bt.
970 1096 1084 1149 valerius
1098 1098 1174 1149 trater
1183 1100 1286 1152 atterius
1296 1106 1404 1157 consulis
1414 1109 1555 1175 Publicola,
1568 1120 1595 1166 ct
1606 1119 1633 1168 Τ.
1648 1122 1695 1171 Lu-

920 1209 1013 1260 cretius
1031 1211 1075 1276 qui
1094 1212 1220 1276 superiore
1240 1227 1305 1265 auno
1325 1220 1479 1282 consulatum
1499 1232 1616 1291 gesserat,
1639 1244 1697 1284 cum

919 1319 1029 1371 Hamitin
1038 1324 1062 1371 et
1074 1321 1168 1372 batiuis
1182 1323 1338 1378 conflicturi:
1352 1331 1457 1382 mediam
1471 1348 1529 1386 sero
1542 1341 1620 1390 aciem
1632 1342 1696 1393 inter
1749 1338 1751 1343 '

919 1429 1025 1492 utraque
1034 1441 1126 1480 cornua
1138 1432 1252 1484 consules
1267 1435 1341 1486 ambo
1353 1438 1477 1491 tenebant.

951 1527 1039 1576 xle.
1058 1528 1107 1578 Ubi
1130 1531 1213 1580 autem
1237 1531 1269 1582 ad
1290 1547 1379 1586 manus
1402 1542 1505 1589 rentum
1528 1544 1574 1600 est,
1598 1544 1697 1610 utrique

919 1637 1020 1687 sirenue
1032 1637 1282 1706 diuquepuguarnnt;
1292 1659 1349 1697 curn
1362 1650 1451 1711 peritia
1461 1650 1560 1715 quidem
1569 1656 1595 1704 et
1604 1655 1697 1707 virtuts

920 1747 1068 1798 adversariis
1081 1753 1227 1812 praestarent
1240 1757 1352 1816 Romani,
1370 1760 1531 1813 multitudiue
1548 1769 1631 1816 nutem
1650 1767 1698 1816 Ho-

919 1857 998 1909 manis
1008 1857 1079 1922 longe
1089 1861 1228 1926 superiores
1240 1869 1322 1917 essem
1336 1870 1434 1921 Etrusci
1446 1873 1472 1921 ct
1489 1873 1577 1923 latini.
1611 1874 1697 1926 ttuitis

921 1974 1004 2022 autem
1020 1972 1137 2036 utrinque
1152 1973 1233 2036 cresis,
1249 1974 1323 2026 timor
1337 1980 1459 2030 Romanos
1472 1980 1575 2041 invasit;
1590 1984 1696 2047 primum

920 2096 962 2134 cos
976 2083 1020 2148 qui
1034 2083 1060 2134 in
1073 2083 1171 2133 sinistro
1187 2096 1266 2134 cornu
1279 2088 1358 2145 mant,
1378 2087 1422 2137 ubi
1440 2089 1516 2140 ducas
1532 2091 1658 2144 valerium
1669 2096 1696 2144 et

921 2189 1063 2240 Lucretium
1080 2203 1111 2241 er
1127 2191 1180 2241 acie
1197 2191 1294 2256 saucios
1309 2196 1448 2256 reportatos
1461 2194 1588 2258 uideruut;
1607 2196 1694 2249 deinde

920 2295 994 2346 etiam
1006 2309 1050 2346 eos
1066 2296 1109 2361 qui
1126 2295 1152 2346 in
1164 2295 1252 2348 dextro
1270 2311 1346 2348 comu
1361 2297 1514 2350 dimicabant
1530 2304 1556 2352 et
1568 2301 1694 2366 Tarquinii

920 2405 1003 2469 copias
1014 2403 1066 2454 iam
1077 2405 1190 2455 uicerant
1202 2405 1268 2457 idem
1281 2409 1364 2456 metus
1375 2407 1502 2472 corripuit,
1516 2409 1558 2459 ubi
1573 2408 1653 2460 socios
1666 2410 1694 2465 in

919 2509 1004 2574 fugam
1022 2526 1107 2563 versos
1120 2511 1244 2562 uiderunt.
1278 2510 1493 2562 Ornnibusautem
1512 2514 1537 2563 iu
1549 2514 1635 2563 urbem
1653 2514 1692 2564 iu·

917 2620 1038 2683 genibus
1045 2624 1072 2671 et
1083 2634 1214 2685 perunum
1226 2622 1325 2684 pontem
1335 2619 1447 2670 conserto
1455 2620 1551 2683 agrmne
1558 2621 1695 2686 irrumpen-

917 2722 994 2782 tibus,
1007 2723 1128 2787 ingentem
1145 2723 1266 2787 impetum
1276 2723 1363 2774 hostes
1373 2723 1398 2773 iu
1411 2736 1454 2774 eos
1469 2722 1571 2787 iaciunt,
1591 2736 1692 2789 parum·

916 2840 965 2891 quc
980 2826 1057 2876 abiuit
1080 2828 1141 2890 quin
1160 2825 1220 2876 urbs
1242 2826 1372 2894 immunita
1390 2842 1437 2892 qua
1468 2826 1567 2879 flumine
1585 2827 1716 2880 adluitur.

916 2930 1022 2995 pervim
1033 2935 1170 2996 caperetur,
1191 2932 1212 2982 si
1230 2932 1315 2984 hostes
1335 2932 1492 2997 insequentes
1504 2949 1553 2985 una
1569 2949 1626 2986 curn
1648 2936 1692 2986 iu·

916 3039 1037 3104 pentibus
1052 3039 1078 3090 in
1088 3053 1144 3090 eam
1155 3039 1311 3104 irrupissent.
1344 3040 1393 3093 Sed
1401 3041 1444 3106 qul
1456 3040 1566 3092 bostium
1574 3043 1691 3109 impetum

915 3147 1085 3210 represscnmt
1108 3148 1230 3197 attatum
1250 3146 1384 3198 exercitum
1410 3149 1546 3205 servarunt.
1571 3150 1691 3200 tresviri

918 3253 994 3315 inere,
1006 3253 1167 3305 esenioribus
1180 3253 1283 3317 quidem
1300 3254 1342 3318 Sp.
1354 3253 1456 3316 Largius
1470 3257 1497 3304 et
1506 3252 1577 3303 Titus
1591 3254 1691 3305 Hermi·

917 3362 981 3422 nius,
991 3362 1072 3413 dextri
1082 3376 1171 3412 cornus
1181 3361 1266 3423 duces,
1277 3374 1291 3411 e
1301 3361 1437 3412 iunioribus
1451 3376 1512 3414 vero
1522 3367 1548 3415 P.
1564 3363 1690 3425 Horatius,

917 3470 1004 3521 cocles
1019 3470 1155 3536 appellatus
1171 3469 1268 3521 aciatis
1283 3470 1419 3530 oculorum,
1430 3469 1496 3533 quod
1514 3469 1617 3521 aiterum
1627 3483 1689 3521 ocu·

915 3577 967 3626 lum
977 3577 1002 3627 in
1012 3575 1097 3641 praeiio
1108 3574 1354 3638 amisera13corporis
1370 3573 1448 3624 torma
1457 3574 1565 3625 omnium
1576 3575 1688 3639 pulcher·

916 3679 1002 3743 rimus,
1016 3679 1138 3741 animique
1151 3679 1243 3728 uirtute
1254 3678 1479 3743 praestantissimus.
1513 3680 1559 3729 Hic
1567 3680 1611 3730 tuit
1624 3680 1690 3731 tilius

914 3785 997 3836 tratris
1007 3788 1042 3836 H.
1053 3783 1149 3834 Horatii
1162 3783 1263 3836 alterius
1277 3782 1395 3843 consutis,
1408 3782 1483 3834 nnbiii
1499 3798 1587 3848 genere
1604 3787 1690 3836 oriun-

913 3891 961 3941 dus
975 3889 1007 3940 ab
1026 3904 1077 3941 uno
1097 3890 1283 3954 trigeminorum
1303 3891 1336 3938 H.
1359 3888 1470 3950 Horatio,
1489 3890 1533 3952 qui
1549 3890 1690 3951 trigeminos

913 3996 1021 4048 Albanos
1032 3997 1134 4059 uicerat,
1145 4009 1224 4060 quum
1239 3994 1304 4046 bello
1315 3994 1379 4045 inter
1393 3993 1444 4046 bos
1452 3993 1520 4046 cccc
1533 3993 1646 4046 civitates
1658 3995 1691 4048 (ie

912 4102 1051 4169 principatu
1062 4104 1239 4156 contendentes
1249 4103 1305 4154 orto
1321 4100 1385 4152 iuter
1395 4101 1514 4164 utrasque
1525 4100 1648 4162 conuenit,
1658 4115 1690 4153 nc

912 4210 972 4261 totis
983 4209 1145 4262 viribusbclli
1158 4210 1257 4262 torinna
1268 4209 1415 4269 tentaretur,
1428 4204 1473 4257 scd
1489 4205 1566 4257 ternis
1574 4208 1689 4271 utrinque

912 4315 972 4367 siris
988 4330 1030 4366 res
1043 4289 1277 4367 committereturut
1291 4315 1316 4365 in
1327 4313 1452 4378 prioribus
1470 4311 1539 4363 tibris
1554 4310 1686 4362 declarari.

912 4427 944 4477 Hi
954 4425 1030 4490 igitur
1042 4425 1097 4486 soli,
1111 4427 1168 4475 ante
1184 4427 1285 4490 pontem
1298 4424 1393 4474 stantes
1404 4421 1496 4472 multas
1505 4421 1579 4471 boras
1591 4419 1688 4468 hostem

912 4547 927 4583 a
940 4532 1049 4584 transitu
1059 4530 1246 4597 prohibuerunt,
1255 4530 1315 4581 etin
1328 4528 1416 4580 eodem
1430 4529 1486 4577 loco
1497 4526 1688 4609 permanserunt

910 4642 980 4707 petiti
999 4655 1014 4693 a
1030 4641 1117 4692 multis
1137 4641 1207 4691 nario
1229 4640 1335 4690 telorum
1354 4651 1444 4703 genere
1459 4639 1485 4687 et
1506 4634 1619 4686 cominus
1634 4633 1688 4696 gla-

910 4753 1088 4819 diispercussi,
1105 4751 1182 4802 donec
1192 4754 1262 4802 totus
1275 4750 1399 4802 exercitus
1411 4749 1503 4798 tiumen
1512 4744 1617 4796 traiecit.

942 4865 1029 4914 xxiv.
1047 4863 1095 4914 Ubi
1107 4876 1168 4914 sero
1188 4875 1247 4912 suns
1258 4861 1283 4911 iu
1302 4863 1358 4912 tuto
1370 4861 1421 4910 iam
1435 4871 1490 4908 esse
1504 4853 1686 4909 existimarunt,

910 4953 961 5004 duo
975 4966 1006 5003 ex
1025 4951 1095 5016 ipsis,
1106 4951 1247 5003 Herminius
1259 4953 1285 5001 et
1296 4949 1407 5014 Largius,
1421 4944 1496 4995 armis
1514 4940 1604 5006 quibus
1617 4942 1687 5004 tege·

910 5042 999 5092 bantur
1015 5041 1047 5091 nb
1061 5042 1192 5092 continuos
1207 5040 1271 5090 ictus
1292 5039 1343 5088 iarn
1360 5033 1481 5097 corruptis
1497 5028 1647 5096 pedetentim
1660 5043 1687 5080 se

910 5131 1065 5194 receperunt.
1098 5133 1130 5180 rt
1150 5128 1268 5179 Horatius
1289 5125 1365 5183 solus,
1387 5120 1560 5172 revocantibus
1577 5131 1634 5170 eum
1656 5119 1688 5169 ab

909 5217 973 5269 urbe
987 5216 1131 5269 consulibus
1149 5220 1174 5268 et
1190 5212 1292 5277 reliquis
1303 5209 1408 5272 ciuibus,
1420 5206 1463 5275 qui
1479 5207 1511 5261 de
1529 5211 1580 5260 tam
1597 5203 1688 5272 egregii

1564 5307 1593 5356 ts
