3772 5828
642 317 936 395 AN'lthtl'lATUbl
958 313 1108 377 ROMAN.
1136 311 1208 371 LlB.
1234 309 1311 370 Vlll.

161 461 237 534 ιιλῆς
258 459 379 542 πρέσόεις
411 457 535 540 φέροντάς
565 480 607 518 σοι
636 459 688 515 τῶν
711 454 736 514 τ’
759 451 932 531 ἐγκλημάτων

162 579 175 604 ιι
190 550 280 630 άφεσιν
291 547 338 607 καὶ
347 546 456 607 κάθοδον
469 546 513 608 ἐπὶ
530 545 564 604 τά
580 546 682 621 οἰκεῖα,
699 541 787 624 φίλους
801 539 847 600 καὶ
866 541 934 616 ἀγα·

162 667 175 693 ιι
190 638 247 704 θούς
261 636 373 715 ἀνδρας,
392 635 514 702 ἐλθόντας
527 632 688 712 ἐνετράπης,
704 627 763 690 οὐδὲ
777 627 836 697 τούς
849 630 935 707 ὶεριῖς,

162 756 175 781 ιι
189 726 233 793 οθς
251 725 445 785 τὸτελευταῖον
461 724 579 804 ἐπεμψεν
596 726 613 792 ή
631 720 706 788 πόλις
717 718 776 798 ὶερά
795 717 936 795 στέμματα

120 841 136 878 o
162 845 175 870 ιι
189 817 254 875 θεῶν
280 813 388 893 ἔχοντας
407 814 453 872 καὶ
487 809 669 892 προτείνοντας
693 806 819 886 γηραιούς
842 805 937 883 ἀνδρας

163 928 176 954 ιι
192 900 272 980 [τούς
293 904 345 959 τῶν
360 903 423 959 θεῶν
444 896 593 976 σεύασμοὺς
607 891 712 976 ἐδέξω]
740 894 808 952 ἀλλά
820 893 866 952 καὶ
877 890 937 951 τού-

164 1018 177 1044 ιι
191 1014 249 1058 τους
263 988 402 1060 ἀπήλασας
421 988 541 1055 αὐθάδεις
560 985 606 1046 καὶ
625 982 779 1049 δεσπυτικάς
796 984 831 1049 ὡς
843 1003 939 1059 κικρα·

165 1105 179 1131 ιι
192 1076 313 1153 τημένοις
325 1077 476 1157 ἀποκρίσεις
491 1077 560 1141 δούς.
603 1071 677 1153 Ἐγὼ
693 1069 740 1149 μέν
755 1073 803 1130 οὐκ
816 1068 871 1149 ἐχω
882 1070 939 1136 πῶς

167 1193 179 1220 ιι
193 1168 321 1226 ἐπαινέσω
351 1173 434 1226 ταῦτα
462 1165 496 1224 el
523 1162 628 1240 σκληρά
660 1161 706 1221 καὶ
732 1158 869 1239 ὑπέραυχα
893 1158 940 1216 καὶ

112 1274 138 1315 to
166 1282 179 1309 ιι
192 1253 239 1327 τήν
259 1255 354 1328 θνητήν
370 1257 446 1338 φύσιν
463 1251 628 1325 ἐκόεόηκότα
646 1247 832 1326 δικαιώματα,
851 1249 939 1326 δρῶσα

165 1371 178 1396 ιι
191 1345 343 1423 καταφυγάς
366 1344 511 1425 εὑρημένας
533 1340 632 1400 ἅπασιν
657 1335 801 1419 ἀνθρώποις
814 1335 866 1415 ξκαὶ
885 1358 940 1393 πα-

166 1459 179 1484 ιι
194 1433 325 1511 ραετήσεις
336 1423 372 1492 ὧν
390 1433 420 1491 ἀν
436 1429 636 1509 ἐξαμαρτάνωσι
652 1426 713 1506 πιρῖ
734 1426 875 1497 ἀλλήλους,
889 1425 941 1481 lxe-

166 1546 179 1573 ιι
193 1521 285 1600 τηρίας
303 1523 349 1581 καὶ
373 1520 446 1589 λιτδις
461 1524 504 1600 ὑφ’
522 1510 558 1578 ὧν
583 1516 741 1595 μαραίνεται
761 1522 836 1574 πᾶσα
857 1511 939 1592 ὀργὴ,

167 1636 179 1662 ιι
193 1611 239 1668 καὶ
253 1611 311 1668 ἀντὶ
322 1615 368 1668 τοὺ
382 1619 468 1687 μισεῖν
480 1610 524 1669 τὸν
536 1604 647 1688 ἐχθρόν,
662 1607 728 1664 ἐλεεῖ
746 1601 776 1662 τὸ
790 1600 940 1682 καταφυγθν

113 1717 139 1755 ιε
167 1723 181 1750 ιι
196 1696 240 1756 ἐπὶ
253 1697 313 1765 τούς
326 1698 499 1774 ἠδικημένους
513 1693 581 1773 [τό]
595 1694 700 1753 ἀδικοῦν
714 1689 867 1772 [ταπεινὸν]
877 1692 940 1748 θεῶν

168 1812 182 1839 ιι
196 1789 262 1859 ἡμῖν
279 1792 364 1844 ταῦτα
378 1784 412 1843 τά
436 1787 482 1851 tta
501 1779 757 1859 καταστησαμένων·
773 1778 831 1846 τούς
855 1777 878 1837 δ’
895 1780 942 1837 αὐ·

168 1901 182 1927 ιι
196 1875 287 1954 θαδείφ
308 1872 489 1954 χρησαμένους
512 1869 559 1932 καὶ
581 1870 656 1939 λιτάς
670 1874 762 1931 ἱκετῶν
784 1869 942 1948 ὑάρίσαντας

171 1989 185 2015 ιι
198 1964 299 2031 πάντας
317 1962 511 2041 νεμεσωμένους
535 1959 586 2019 ὑπὸ
600 1963 665 2020 θεῶν
683 1959 729 2017 καὶ
750 1961 786 2025 εὶς
806 1955 943 2037 συμφοράς

171 2077 185 2105 ιι
199 2053 424 2133 καταστρέφοντας
439 2053 486 2112 οὐκ
499 2051 625 2129 εὐτυχεῖς.
639 2049 720 2109 Αὐτοὶ
731 2046 783 2126 γδιρ
795 2047 827 2117 δή
838 2048 941 2125 πρῶτον

115 2154 144 2193 20
172 2164 185 2191 ιι
196 2141 220 2198 οὶ
234 2146 315 2198 ταῦτα
332 2138 565 2216 καταστησάμενοι
579 2134 625 2195 καὶ
638 2134 797 2214 παραδόντες
813 2136 878 2210 ἡμῖν
889 2132 944 2191 θεοῖ

171 2254 184 2280 ιι
199 2227 377 2307 συγγνώμονες
400 2236 454 2295 τοῖς
470 2224 640 2306 ἀνθρωπίνοις
664 2221 729 2281 ιὶσὶν
753 2221 943 2302 ἁμαρτήμασι,

171 2343 184 2369 ιι
198 2315 244 2376 καὶ
260 2318 461 2394 εὐδιάλλακτοι,
475 2314 522 2373 καὶ
538 2311 631 2372 πολλοὶ
650 2310 703 2383 ήδη
720 2312 823 2389 μεγάλα
838 2313 874 2377 εὶς
889 2311 942 2368 αὐ-

171 2433 184 2459 ιι
199 2403 259 2473 τούς
283 2405 473 2484 ἐξαμαρτόντες
494 2403 582 2482 εὐχαῖς
605 2400 651 2459 καὶ
674 2401 773 2465 θυσίαις
796 2399 840 2457 τ’σν
865 2398 944 2479 χόλον

172 2518 185 2545 ιι
199 2491 364 2560 ἐξιλάσαντο·
381 2493 405 2550 εὶ
424 2489 462 2566 μή
482 2488 528 2561 σύ,
547 2478 569 2546 εὐ
586 2488 710 2566 Μάρκιε,
733 2485 812 2553 ἀξιοῖς
836 2486 882 2551 τάς
897 2487 944 2563 μέν

117 2609 145 2648 ατ
172 2607 185 2634 ιι
199 2584 251 2640 τῶν
267 2585 331 2640 θεῶν
342 2579 420 2660 όργάς
435 2579 529 2650 θνητάς
542 2567 618 2649 εἶναι,
630 2576 678 2642 τάς
689 2573 717 2634 δέ
729 2576 782 2633 τῶν
801 2573 943 2654 ἀνθρώπων

174 2698 187 2724 ιι
202 2670 354 2737 ἀθανάτους.
397 2667 493 2728 Δίκαια
508 2667 555 2743 μὶν
578 2669 621 2726 οὐν
641 2665 760 2736 ποιήσεις
779 2664 824 2722 καὶ
843 2670 945 2745 σεαυτῷ

174 2785 187 2810 ιι
204 2760 338 2837 πρέποντα
362 2756 455 2836 καὶτῇ
478 2756 585 2836 πατρίδι
604 2755 687 2832 αὐτῇ,
702 2752 775 2834 ἀφεὶς
796 2751 829 2812 τά
849 2754 945 2832 ἐγκλή-

174 2874 187 2899 ιι
203 2868 274 2921 ματα
296 2842 458 2925 μετανοούσῃ
479 2844 566 2905 τεκαὶ
586 2839 813 2919 διαλλαττομένῃ,
827 2842 874 2902 καὶ
897 2842 947 2903 ὅσα

174 2963 187 2988 ιι
201 2936 326 3015 πρότερον
340 2934 461 3015 ἀφείλετό
475 2956 517 2994 σοι
534 2938 579 2993 νῦν
594 2928 765 3011 ἀποδιδούσῃ.

213 3026 263 3085 Ιιί.
288 3051 300 3074 ιι
317 3025 349 3083 El
364 3024 388 3081 δ’
401 3025 452 3104 ἀρα
470 3022 534 3103 πρὸς
546 3020 648 3092 ἐκείνην
664 3018 846 3088 ἀδιαλλάκτως
859 3019 945 3100 ίχεις,

174 3139 187 3164 ιι
203 3113 262 3189 ἐμοὶ
272 3111 372 3183 ταύτην
385 3100 478 3185 δδ;,ιῖι
496 3109 606 3185 τίκνον,
627 3109 676 3182 τήν
697 3106 776 3186 τιμήν
790 3108 836 3170 καὶ
849 3111 945 3190 χάριν,

174 3226 187 3252 ιι
201 3203 265 3280 παρ’
278 3192 309 3272 ής
319 3202 347 3260 οὐ
357 3199 390 3259 τδι
403 3199 543 3279 ἐλαχίστου
556 3196 617 3267 ἀξια
627 3187 802 3277 έχιιςούδῶν
812 3197 946 3270 ἀντιποιή-

175 3315 188 3341 ιι
203 3310 277 3346 σαιτσ
292 3288 322 3345 άν
334 3312 372 3355 τις
379 3288 424 3346 καὶ
434 3287 532 3367 ἕτερος,
545 3285 615 3348 ἀλλά
628 3286 663 3345 τά
674 3284 785 3361 μέγιστα
797 3288 842 3344 καὶ
853 3285 947 3360 τιμιώ·

176 3402 188 3427 ιι
201 3399 268 3433 τατα
283 3378 327 3434 καὶ
340 3365 377 3441 οἷς
393 3374 498 3434 ἀπαντα
511 3374 545 3433 τά
561 3373 643 3433 λοιπά
663 3375 812 3447 κέκτησαι,
826 3370 856 3430 τό
870 3377 948 3448 σῶμα

177 3490 190 3516 ιι
206 3464 251 3523 καὶ
265 3464 312 3534 τὴν
324 3463 422 3543 ιήνυχήν.
460 3463 633 3540 Δανείσματα
647 3461 698 3540 γὺρ
711 3460 778 3540 ἔχεις
793 3461 867 3518 ταῦτ’
883 3458 948 3535 ἐμά,

178 3580 191 3603 ιι
206 3552 250 3608 καὶ
260 3554 306 3608 οὐκ
316 3551 491 3632 ἀφαιρήσεταί
502 3574 535 3626 με
547 3556 631 3609 ταῦτα
642 3548 723 3615 οὐδεὶς
734 3546 793 3607 ούτε
804 3548 881 3614 τόπος
891 3547 950 3607 οὐτε

179 3666 192 3689 ιι
206 3639 306 3717 καιρός·
332 3636 392 3697 οὐδέ
408 3661 438 3716 γε
456 3640 483 3697 αὶ
510 3635 685 3699 Οὐολούσκων
709 3637 767 3695 οὐδέ
790 3638 843 3694 τῶν
863 3637 951 3694 ἄλλων

180 3754 192 3778 ιι
211 3725 352 3805 ἀνθρώπων
372 3725 517 3805 εὐεργεσίαι
540 3727 700 3802 συμπάντων
721 3724 767 3783 καὶ
786 3723 894 3805 χάριτες
904 3748 948 3784 το-

179 3843 192 3869 ιι
208 3820 299 3874 σοῦτον
323 3813 458 3896 ὶσχύουσιν
480 3815 534 3873 οὐδ’
556 3813 588 3872 ἀν
607 3814 795 3894 οὐρανομήκεις
809 3812 952 3890 γένωνται,

179 3934 192 3958 ιι
207 3903 275 3964 ὥστε
296 3905 329 3966 τά
341 3909 387 3977 τῆς
413 3904 513 3987 φύσεως
539 3901 673 3979 ίξαλιῖψαι
695 3901 738 3962 καὶ
754 3906 891 3984 παρελθεῖν
912 3902 950 3963 δί·

179 4022 191 4046 ιι
206 4018 284 4053 καια·
309 3994 368 4053 ἀλλ’
391 3995 453 4072 ἐμός
481 3996 586 4056 ἅπαντα
627 3992 670 4052 τόν
701 3995 793 4076 χρόνον
816 3994 882 4073 ἐση,
907 3995 952 4055 καὶ

179 4111 192 4136 ιι
208 4082 299 4164 πρώτη
312 4082 418 4144 πάντων
427 4084 474 4152 τάς
484 4089 531 4144 τοῦ
546 4084 604 4163 βίου
616 4082 728 4164 χάριτας
738 4085 884 4164 ὀφειλήσεις
896 4109 953 4162 μοι,

179 4202 192 4227 ιι
207 4173 252 4231 καὶ
265 4165 302 4233 ιὺν
325 4173 356 4232 ἀν
378 4172 479 4250 δέωμαι
503 4172 566 4253 δίχα
588 4173 743 4255 προφάσεως
769 4175 952 4254 ὑπουργήσεις.

180 4291 192 4314 ιι
207 4265 293 4323 Τοῦτο
307 4260 358 4342 γὶιρ
376 4265 390 4321 θ
411 4265 459 4334 τῆς
474 4259 575 4342 φύσεως
590 4261 668 4338 νόμος
682 4259 775 4340 ὥρισεν
799 4262 883 4322 ἅπασι
903 4270 955 4328 τοῖς

181 4379 194 4403 ιι
210 4351 356 4424 αἰσθήσεως
376 4351 421 4409 καὶ
443 4350 519 4428 λόγου
548 4347 717 4428 μετειληφόσι
745 4348 909 4424 τὸδίκαιον,
934 4342 955 4432 ᾧ

182 4467 194 4491 ιι
209 4439 389 4516 πιστεύουσα,
422 4441 529 4520 Μάρκιε
556 4438 666 4513 τέκνον,
688 4437 762 4516 κάγὼ
785 4439 879 4518 δέομαί
909 4462 956 4501 σου

182 4554 195 4579 ιι
210 4527 247 4601 μή
271 4529 377 4606 ἐπάγειν
401 4531 517 4608 πολεμον
551 4531 585 4610 τῇ
607 4529 731 4609 πατρίδι,
764 4528 809 4589 καὶ
835 4530 955 4607 ἐμποδὼν

184 4641 196 4665 ιι
210 4613 322 4692 ίσταμαί
337 4641 379 4678 σοι
395 4618 554 4700 βιαζομένῳ.
597 4616 637 4680 Ἢ
651 4616 781 4699 προτέραν
796 4609 840 4679 οὐν
851 4617 897 4697 ἐμὶ
908 4619 957 4693 τήν

185 4727 197 4752 ιι
225 4702 421 4780 ἐναντιουμένην
438 4729 479 4766 σοι
502 4705 605 4787 μητέρα
623 4712 680 4773 ταῖς
699 4704 798 4785 ἐρινύσι
820 4706 955 4787 προθυσά-

185 4815 198 4840 ‘t
213 4808 289 4863 peno<
304 4791 468 4874 αὐτοχειρία,
481 4793 540 4854 τότε
560 4798 607 4852 τοῦ
624 4790 693 4853 κατὰ
707 4799 755 4865 τῆς
767 4794 891 4875 πατρίδος
907 4794 957 4853 ἀπ-

187 4907 199 4929 ιι
213 4895 258 4933 του
281 4878 416 4953 πολέμου,
439 4880 503 4954 ήτδ
523 4880 696 4963 μητροκτόνον
719 4882 780 4961 άγος
808 4883 959 4962 αἰδούμενος

185 4994 198 5018 ιι
215 4955 280 5032 εἶξον
293 4968 325 5042 τῇ
338 4972 448 5026 σεαυτοὺ
468 4970 549 5051 μητρὶ
561 4971 606 5030 καὶ
621 4967 677 5046 δός,
689 4959 712 5030 ἀι
725 4970 816 5031 τίκνον
823 5016 833 5044 ,
846 4970 894 5041 τήν
907 4968 958 5050 χά·

187 5081 199 5106 ιι
215 5077 253 5133 ριν
278 5052 356 5114 έκόιν.
400 5055 492 5133 Νόμαν
512 5058 560 5137 μὶν
579 5059 669 5138 τόνδε,
693 5057 722 5119 θν
747 5060 828 5126 οὐδεὶς
851 5060 959 5120 πώποτε

187 5168 200 5193 ιι
216 5144 303 5202 ἀνελεῖ
316 5142 428 5224 χρόνος,
441 5146 555 5227 τιμωρόν
575 5147 622 5208 καὶ
637 5149 778 5231 σύμμαχον
792 5148 890 5230 ἐχουσα
912 5151 960 5210 οὐκ

1706 306 1766 367 485

991 475 1003 498 ι
1020 452 1152 503 criminum
1172 449 1353 499 absolutionem
1374 450 1401 498 et
1419 445 1530 497 reditum
1550 445 1576 495 in
1601 445 1707 509 patriam
1720 443 1768 496 tibi

991 560 1003 584 ι
1019 539 1168 600 alienantes,
1181 537 1274 587 amieos
1290 540 1367 600 atque
1379 535 1457 585 bonos
1474 533 1558 592 viros,
1580 545 1607 582 es
1627 533 1769 594 reveritus;

991 651 1004 675 ιι
1020 642 1103 694 neque
1123 625 1265 678 sacerdotes
1282 628 1409 690 postremo
1423 623 1455 673 ab
1470 621 1588 671 universo
1604 620 1694 685 populo
1708 620 1773 671 mis-

992 738 1005 763 ιι
1020 732 1069 781 sos,
1084 715 1152 766 viros
1164 728 1248 774 senes,
1269 713 1313 777 qui
1326 725 1409 762 sacras
1419 711 1525 761 deorum
1535 722 1639 759 coronas
1656 722 1689 760 oo
1704 710 1771 759 tost-

992 825 1005 850 ιι
1018 819 1069 870 pao
1078 803 1280 869 protendebant3
1290 802 1334 852 sed
1346 801 1410 850 istos
1423 799 1500 849 etiam
1517 797 1647 862 repulisti,
1662 796 1770 862 superbo

992 912 1005 937 ι
1021 895 1047 944 et
1062 891 1195 958 imperioso
1209 903 1327 955 responso
1339 903 1388 939 non
1395 887 1469 938 aliter
1480 900 1510 937 ac
1517 885 1591 936 victis
1601 884 1679 936 datol
1691 885 1772 951 Equi·

993 1001 1006 1026 ι
1019 982 1077 1033 dem
1092 979 1248 1032 nullomodo
1269 977 1372 1029 laudare
1390 989 1491 1041 possum
1508 976 1563 1026 hac
1576 974 1640 1025 dura
1657 978 1683 1025 et
1696 987 1772 1039 supra
1820 1008 1827 1022 .

993 1090 1006 1115 ι
1021 1069 1124 1120 modum
1136 1068 1260 1133 superba,
1283 1070 1310 1117 et
1331 1064 1444 1116 mortalis
1457 1066 1554 1115 nature
1567 1063 1687 1114 terminos
1701 1067 1771 1113 tran·

994 1176 1007 1201 ι
1022 1156 1118 1208 seuntia
1130 1155 1258 1220 postulata
1274 1170 1280 1201 z
1294 1152 1352 1203 vide
1369 1152 1435 1203 enim
1452 1151 1567 1202 omnibus
1581 1150 1723 1202 bominibus
1734 1163 1772 1200 re·

994 1243 1090 1309 «lugia
1108 1244 1210 1295 inventa
1220 1256 1274 1293 osse
1292 1245 1318 1293 et
1333 1240 1520 1305 deprecationes
1531 1243 1677 1291 mutuarum
1691 1237 1771 1290 otien-

995 1353 1008 1378 ιι
1023 1347 1122 1391 sarum,
1154 1346 1240 1398 preces
1270 1330 1394 1395 supplices
1430 1332 1457 1379 et
1481 1319 1652 1394 precationes.
1681 1326 1774 1394 quibus

994 1421 1103 1470 «omnis
1119 1421 1156 1471 ira
1174 1420 1286 1469 mollitur
1301 1422 1327 1469 et
1345 1418 1370 1468 ln
1388 1416 1584 1468 misericordiam
1603 1416 1772 1477 convertitur,

995 1530 1008 1554 ι
1021 1522 1079 1572 erga
1093 1522 1150 1558 eum
1162 1508 1206 1573 qui
1219 1506 1284 1558 taeta
1301 1506 1391 1557 iniuria
1399 1506 1432 1556 ad
1448 1519 1490 1556 eos
1503 1505 1548 1571 qui
1558 1518 1613 1556 eam
1625 1508 1682 1554 sunt
1697 1504 1774 1569 passi,

997 1621 1009 1641 ·
1024 1596 1152 1648 humiliter
1163 1595 1291 1659 confugiat
1303 1611 1309 1641 ι
1322 1596 1438 1661 quimos
1458 1594 1529 1645 nobis
1548 1593 1626 1645 odiis
1646 1596 1685 1644 est
1702 1606 1775 1644 cone

997 1706 1009 1732 ιι
1027 1685 1136 1745 titulus,
1150 1687 1238 1733 contra
1249 1697 1309 1733 vero
1320 1697 1422 1743 omnes,
1433 1683 1478 1748 qui
1488 1683 1589 1748 superbi
1602 1685 1660 1733 sunt
1672 1685 1698 1733 et
1714 1695 1776 1746 sup-

996 1793 1009 1818 ι
1026 1773 1118 1838 plicam
1132 1784 1217 1836 preces
1236 1784 1294 1821 cum
1309 1770 1458 1821 contumelia
1477 1770 1612 1834 repellunt,
1630 1769 1776 1820 iudeorum

997 1880 1010 1905 ι
1024 1859 1217 1924 indignationem
1240 1859 1382 1917 incurrere,
1402 1861 1429 1907 et
1442 1857 1543 1907 taudem
1562 1858 1585 1908 in
1611 1858 1715 1908 miseras
1733 1871 1777 1909 ca·

998 1968 1011 1993 ιι
1024 1948 1150 1999 lumitates
1170 1945 1278 1996 incidere
1291 1945 1468 1995 animadverto.
1512 1948 1575 1995 Nam
1594 1945 1641 2009 ipsi
1661 1945 1713 2004 dii,
1732 1945 1777 2010 qui

999 2037 1100 2104 «primi
1120 2039 1187 2089 hunc
1209 2049 1304 2087 morem
1325 2034 1509 2085 constituomnt
1530 2038 1556 2084 et
1572 2034 1643 2084 nobis
1666 2033 1777 2085 tradide-

999 2145 1012 2170 ιι
1026 2130 1100 2187 runt,
1116 2125 1188 2177 laoile
1204 2126 1313 2175 bumana
1331 2127 1431 2189 peccata
1446 2123 1603 2184 condonant,
1624 2124 1650 2172 et
1669 2121 1776 2172 homini·

999 2235 1011 2259 ι
1026 2215 1074 2266 bus
1093 2214 1306 2265 reconciliantur:
1326 2216 1352 2262 et
1373 2212 1422 2261 iam
1445 2210 1534 2271 multi,
1560 2211 1605 2276 qui
1627 2210 1737 2274 graviter
1752 2208 1778 2259 iu

998 2321 1012 2348 ιι
1027 2315 1070 2353 eos
1089 2300 1254 2365 deliquerant„
1274 2299 1390 2364 precibus
1416 2303 1499 2348 tauma
1518 2301 1543 2348 et
1566 2297 1693 2347 sacrificiis
1716 2297 1779 2347 iram

1000 2410 1012 2434 ι
1028 2403 1120 2441 eorum
1141 2388 1281 2454 placarunt.
1304 2388 1355 2438 Nisi
1373 2385 1438 2436 forte
1450 2390 1488 2446 tu,
1501 2387 1587 2446 Marci,
1601 2399 1703 2450 aequum
1724 2398 1779 2436 esse

1001 2497 1014 2522 ιι
1029 2491 1144 2537 censeas,
1158 2479 1188 2526 ut
1205 2476 1308 2526 deorum
1320 2475 1358 2524 ira
1375 2474 1408 2523 sit
1420 2474 1546 2530 mortalis,
1559 2474 1689 2524 hominum
1709 2488 1778 2535 vero,

1000 2586 1012 2612 ιι
1032 2564 1195 2616 immortalis.
1223 2567 1298 2615 Recte
1311 2562 1386 2627 igitur
1405 2567 1473 2613 etex
1487 2561 1606 2625 dignitate
1618 2566 1661 2611 tua
1674 2560 1777 2623 feceris,

1001 2675 1014 2699 ιι
1028 2655 1089 2705 situ
1101 2665 1203 2718 quoque
1216 2653 1262 2716 ipsi
1282 2653 1384 2716 patrica,
1400 2650 1527 2716 prenitenti
1547 2653 1573 2700 et
1589 2654 1671 2700 tecum
1684 2649 1710 2700 in
1723 2663 1779 2714 gra·

1001 2764 1014 2789 ιι
1030 2744 1089 2793 tiam
1105 2741 1234 2800 redeunti,
1254 2744 1279 2791 et
1293 2741 1390 2798 omnia.
1414 2753 1472 2805 quas
1486 2742 1544 2789 ante
1564 2738 1608 2790 tibi
1626 2738 1779 2798 abstulerat,

1002 2856 1014 2879 ιι
1029 2846 1095 2883 nunc
1106 2832 1267 2893 restituenti,
1281 2832 1383 2883 crimina
1395 2831 1527 2883 remiseris

1033 3036 1071 3085 bl.
1092 3051 1104 3082 ιι
1122 3033 1228 3093 Quodsi
1242 3033 1348 3085 inillam
1365 3046 1393 3083 es
1405 3031 1586 3097 implacabilis,
1599 3035 1625 3082 at
1641 3032 1718 3094 mihi,
1736 3033 1782 3095 tili,

1004 3145 1016 3169 ι
1033 3124 1102 3174 hunc
1113 3123 1233 3174 honorem
1254 3127 1279 3174 et
1298 3122 1403 3187 gratiam
1424 3120 1575 3177 concede.a
1593 3135 1643 3187 qua
1666 3121 1784 3173 beneficia
1849 3138 1852 3143 ’

1004 3234 1017 3258 ι
1033 3228 1083 3264 non
1093 3212 1164 3278 parvi
1177 3210 1306 3278 pendenda
1321 3210 1453 3275 accepisti3
1467 3213 1493 3260 et
1511 3223 1568 3274 qua
1586 3209 1626 3260 vel
1637 3209 1701 3259 alius
1711 3210 1784 3274 quis·

1005 3322 1017 3346 ιι
1033 3316 1110 3367 quam
1121 3301 1169 3351 sibi
1184 3299 1337 3360 vindicabit,
1348 3298 1392 3349 sed
1408 3297 1516 3347 maxima
1530 3301 1556 3347 et
1567 3296 1746 3362 pretiosissima
1758 3300 1785 3348 et

1005 3410 1017 3434 ι
1035 3402 1142 3452 quorum
1154 3401 1200 3451 ope
1210 3390 1305 3437 ceteras
1319 3400 1358 3435 res
1372 3399 1458 3434 omnes
1469 3386 1577 3450 parasti¹
1592 3397 1682 3448 corpus
1691 3387 1717 3434 et
1729 3384 1784 3435 anl-

1006 3498 1018 3521 ιι
1032 3491 1106 3527 mam.
1139 3479 1199 3526 llaec
1210 3474 1303 3526 enima
1322 3486 1362 3524 me
1377 3487 1404 3523 es
1425 3476 1573 3535 mutuatus,
1592 3485 1638 3522 nec
1663 3472 1731 3522 ullus
1744 3472 1783 3522 lo-

1007 3585 1019 3609 ι
1034 3578 1079 3615 cus
1103 3577 1148 3614 nec
1162 3563 1241 3613 ullum
1253 3566 1351 3625 tempas
1364 3561 1419 3610 bec
1433 3561 1495 3611 mibi
1515 3560 1626 3622 auleret;
1650 3573 1696 3612 nec
1716 3560 1783 3625 ipso-

1006 3670 1019 3694 ιι
1036 3663 1094 3699 rum
1118 3647 1266 3698 Volscorum
1292 3658 1337 3696 nec
1361 3649 1501 3697 ceterorum
1522 3646 1633 3696 omnium
1656 3646 1790 3699 bominum·
1815 3697 1819 3710 ,

1008 3758 1020 3782 ιι
1035 3735 1153 3788 beneficia
1175 3738 1201 3786 et
1225 3734 1315 3785 merita
1336 3737 1433 3784 tantum
1455 3734 1589 3793 valebunt,
1611 3734 1670 3786 licet
1696 3734 1786 3787 wluin

1008 3826 1198 3890 «attingerent,
1223 3828 1252 3875 ut
1277 3823 1332 3875 ium
1350 3827 1447 3874 naturas
1467 3824 1631 3875 oblitereatur
1655 3828 1681 3876 et
1704 3825 1787 3889 negil-

1008 3936 1020 3960 ι
1034 3919 1123 3981 gantur
1147 3931 1153 3964 :
1180 3913 1225 3965 sed
1251 3927 1322 3964 meus
1345 3911 1393 3963 eris
1420 3912 1489 3963 omni
1514 3916 1640 3976 tempore,
1674 3912 1787 3979 mibiqnc
1821 3916 1823 3921 ’

1009 4003 1147 4055 «omniurn
1166 4003 1254 4068 primas
1275 4001 1381 4066 gratiam
1405 4004 1513 4066 accepte
1541 4002 1600 4052 vitre
1618 4000 1736 4064 debebis;
1763 4005 1790 4054 et

1009 4114 1022 4140 ι
1035 4107 1092 4160 qua
1106 4096 1189 4159 petam
1199 4130 1205 4155 ,
1217 4092 1279 4143 mibi
1295 4092 1348 4142 sino
1366 4090 1417 4142 ulla
1428 4091 1584 4143 caussatione
1595 4093 1722 4145 conoedes.
1737 4095 1790 4144 Lex

1010 4203 1022 4227 ιι
1037 4183 1104 4234 enim
1126 4185 1223 4233 nature
1240 4181 1373 4242 omnibus,
1392 4180 1438 4246 qui
1450 4194 1538 4231 sensus
1554 4185 1579 4232 et
1593 4183 1696 4233 rationis
1708 4182 1788 4247 partl-

1010 4294 1021 4316 ι
1035 4273 1103 4338 cipes
1113 4276 1181 4333 sunt,
1194 4272 1242 4322 boc
1260 4271 1301 4321 ius
1316 4271 1421 4330 statuit;
1442 4284 1494 4335 quo
1514 4270 1593 4334 treta,
1610 4273 1643 4323 iili
1655 4272 1749 4333 Marci,
1764 4276 1790 4322 te

1011 4381 1024 4406 ιι
1036 4375 1097 4424 oro,
1117 4360 1252 4412 nobellum
1265 4359 1352 4425 patria
1368 4358 1476 4418 inieras,
1493 4365 1519 4411 et
1533 4366 1583 4411 tuae
1604 4360 1728 4411 violentie
1741 4359 1789 4410 ob-

1011 4468 1024 4493 «
1039 4448 1108 4500 sisto.
1142 4452 1222 4514 Atque
1241 4453 1309 4499 certe
1329 4450 1392 4508 aut,
1408 4448 1451 4498 ubi
1466 4448 1536 4513 prius
1547 4464 1588 4500 me
1602 4453 1707 4500 matrem
1720 4452 1790 4498 tuam

1012 4556 1025 4581 ιι
1039 4537 1086 4589 tibi
1098 4537 1270 4589 adversantem
1284 4537 1354 4588 iuriis
1367 4538 1467 4603 propria
1482 4552 1557 4588 manu
1575 4541 1709 4587 mactatam
1720 4537 1791 4587 obtu-

1013 4647 1025 4673 ιι
1039 4627 1113 4690 Ιοτῖι,
1124 4630 1184 4678 tunc
1193 4626 1286 4678 bellum
1298 4629 1384 4676 contra
1394 4626 1502 4691 patriam
1514 4638 1601 4683 move,
1616 4623 1792 4689 autparricidli

1013 4736 1026 4760 ι
1040 4715 1167 4781 piaculum
1182 4714 1347 4767 reformidans
1360 4715 1436 4765 matri
1456 4718 1507 4765 tuas
1520 4712 1593 4773 cede,
1610 4714 1697 4776 eique,
1710 4725 1727 4760 o
1740 4708 1789 4760 irbi

1014 4821 1026 4847 ιι
1039 4801 1087 4852 boc
1097 4800 1243 4852 beneficium
1255 4801 1288 4851 da
1300 4799 1367 4850 ultro
1382 4814 1412 4850 ac
1423 4799 1537 4850 libenter.
1552 4800 1615 4847 cum
1627 4797 1691 4845 banc
1702 4793 1790 4856 legem,
1824 4850 1827 4855 ,

1013 4908 1026 4932 ι
1041 4902 1117 4953 quam
1142 4888 1238 4938 nullum
1260 4902 1371 4953 unquam
1393 4892 1493 4952 tempus
1517 4885 1589 4937 tollet
1612 4880 1793 4933 auxiliatricem

1014 4998 1028 5025 ιι
1044 4979 1185 5043 meamque
1199 4978 1321 5040 habeam,
1336 4978 1465 5041 indignum
1474 4987 1529 5027 esse
1540 4984 1637 5033 censeo,
1651 4970 1737 5034 Marri,
1751 4985 1793 5025 me

1014 5088 1027 5113 ι
1042 5067 1120 5117 solam
1131 5066 1266 5118 honoribus
1277 5065 1338 5117 mibi
1352 5065 1383 5116 ab
1392 5066 1440 5116 hac
1448 5060 1571 5114 οοσοαεεὶσ
1581 5062 1663 5126 perte
1671 5058 1793 5113 nmdut.

1015 5176 1028 5200 ιι
1046 5153 1108 5218 Sed,
1130 5158 1159 5215 ut
1178 5154 1257 5219 legem
1280 5154 1410 5214 omittam,
1428 5148 1558 5203 considero
1581 5148 1667 5215 οθεεα,
1683 5150 1748 5217 quot
1765 5150 1797 5199 el
