3772 5828
54 2199 82 2236 ἀί)

52 2652 80 2691 bb

54 3098 81 3135 δ’)

530 422 533 433 ,
615 355 910 432 Α’ΝΤΙΟΙΠΤΑΤΗΜ
928 357 1077 419 Roman.
1101 360 1175 420 LlB.
1198 361 1249 420 Vl.

1663 372 1721 432 3¹17

109 516 121 542 ι
138 489 237 549 δίδοται
254 492 298 549 νῦν
323 490 403 567 ύμῖν·
427 486 504 547 ἀπιτε
519 485 551 561 δὴ
570 488 706 569 χαίροντες
720 491 756 556 εἰς
771 489 819 563 τὴν
831 513 884 549 πα·
936 500 1083 561 «preterea
1094 497 1287 551 desiderabitis?
1298 498 1392 551 dantur
1403 514 1469 553 nnnc
1481 502 1561 554 robis.
1574 505 1626 556 lam
1643 506 1721 571 igitar

109 579 223 639 ιτίδα.

151 603 311 732 [xxxiv.
338 690 353 725 ε
371 670 404 729 Αἱ
420 666 448 726 δέ
464 667 661 748 βεδαιύσουσαι
677 666 723 736 τδς
746 668 888 748 ὁμολογίας

110 757 233 819 ιταύταε
261 757 307 816 καὶ
333 754 364 815 τδ
382 756 499 837 ἀσφαλές
524 759 585 833 ὑμῖν
605 755 765 835 παρέξουσαι
788 759 889 825 πίστεις

110 847 241 906 ιέσονται
258 853 337 920 πᾶσι,
354 843 463 923 νόμιμοί
477 867 506 903 τε
526 843 571 903 καὶ
592 845 619 902 ἀν
638 843 689 904 ἔθει
711 852 763 912 τοῖς
786 847 889 906 διαλυσ·

110 963 121 987 ι
140 935 227 1012 μένοις
255 933 302 1002 τάς
325 936 428 1016 ἔχθρας.
471 932 674 1014 Ἐπιψηριεῖται
697 930 745 1007 μέν
768 938 785 1006 ἡ
808 933 889 1014 βουλὴ

113 1051 125 1077 ι
142 1030 242 1101 ταῦτα,
259 1023 305 1083 καί
319 1025 400 1098 νόμου
416 1022 490 1092 τάξιν
506 1023 641 1082 ἀποδώσει
653 1033 706 1090 τοῖς
721 1022 889 1106 γραφησομέ-

110 1141 121 1165 ι
137 1136 206 1179 νοις·
224 1114 322 1190 μᾶλλον
342 1110 370 1172 δέ
381 1110 424 1193 ὑφ’
444 1113 517 1187 ὑμῶν
536 1111 626 1172 ἐνθάδε
642 1110 781 1192 γραφέσθω
797 1112 832 1171 τδι
846 1112 889 1172 δό-

108 1203 237 1275 ιξαντα,
267 1202 350 1272 καίὴ
379 1199 462 1280 βουλὴ
483 1199 583 1268 τούτοις
607 1198 738 1262 πείσεται.
779 1204 836 1263 Τοῦ
860 1200 889 1259 δδ

108 1295 221 1369 ιμινεῖν
241 1289 337 1372 βέθαια
361 1289 397 1348 τά
424 1289 630 1369 συγχωρούμενα
656 1294 716 1361 νῦν,
738 1290 784 1350 καὶ
806 1289 888 1367 μηδέν

108 1383 240 1463 ιιύστερον
260 1381 377 1442 ἀναντίον
393 1381 480 1447 αὐτοῖς
496 1380 546 1440 ὑπὸ
569 1384 616 1452 τῆς
639 1381 735 1458 βουλῆς
755 1379 888 1462 ίξενεχθὴ·

108 1499 121 1522 ιι
135 1470 238 1547 σεσθαι,
255 1473 358 1551 πρῶτον
380 1470 428 1544 μίν
444 1468 520 1546 ἡμεῖς
533 1469 557 1526 ol
571 1466 696 1547 πρέσθεις
713 1469 837 1549 ἀνάδοχοι
850 1471 889 1529 δι-

109 1588 120 1611 ι
135 1559 220 1625 δόντες
236 1560 297 1638 ύμῖν
314 1557 360 1617 καὶ
380 1556 493 1634 σώματα
511 1555 557 1616 καὶ
573 1554 660 1638 ψυχδις
676 1557 721 1617 καί
740 1558 829 1637 γενεάς
841 1557 888 1626 τδς

109 1678 121 1701 ι
136 1652 236 1709 ἑαυτῶν
249 1649 371 1727 ἐνέχυρα·
388 1645 480 1706 ἔπειτα
493 1647 519 1705 σί
531 1643 608 1704 ἄλλοι
623 1647 762 1726 βουλευταὶ
780 1647 835 1706 ὅσοι
850 1651 888 1728 τῷ

109 1737 286 1818 ιψηφίσματι
314 1733 583 1815 συνεγγραφήσονται.
640 1736 681 1794 Οὐ
701 1734 753 1815 γάρ
771 1735 803 1806 δή
823 1757 887 1796 ποτε

109 1852 121 1876 ι
135 1822 253 1883 ἀκόντων
269 1824 346 1898 ἡμῶν
362 1819 529 1902 γραφήσεταί
543 1844 569 1879 τι
582 1819 651 1881 κατὰ
665 1826 711 1880 τοῦ
725 1822 821 1900 δήμου.
850 1825 886 1882 Ol

110 1941 120 1964 ι
136 1912 187 1992 γάρ
205 1910 346 1990 ἡγούμενοι
364 1916 412 1970 τοῦ
429 1910 563 1991 συνεδρίου
578 1910 624 1969 καί
644 1913 744 1990 πρῶτοι
766 1910 813 1977 τάς
837 1917 892 1970 αὖ·

110 2030 121 2052 ι
136 2005 187 2059 τῶν
206 1999 313 2078 γνώμας
335 1999 541 2081 ἀποφαινόμενοι
564 2003 617 2058 τῶν
636 1999 723 2060 ἀλλων
744 2002 822 2077 ἡμεῖς
843 2001 888 2060 ἀο-

109 2116 124 2143 ιι
139 2089 198 2166 μὲν.
232 2088 379 2150 Τιλευταία
394 2090 422 2148 δέ
436 2089 524 2156 πίστις
539 2088 637 2148 ἀπασιν
654 2089 798 2168 ἀνθρώποις
815 2089 886 2149 ἐστὶν

108 2208 120 2231 ι
134 2177 250 2252 Ἕλλησί
263 2202 292 2238 τε
307 2177 353 2238 καί
368 2176 530 2258 βαρόάροις,
550 2176 583 2249 ἡν
597 2175 680 2244 ούδελς
697 2176 803 2238 πώποτε
814 2179 885 2238 ἀναι·

108 2295 120 2321 ι
136 2268 209 2347 ρήσει
229 2267 335 2349 χρόνος,
352 2270 370 2340 ἡ
394 2265 429 2324 δι’
447 2263 532 2346 δριιων
550 2264 595 2323 καὶ
619 2267 738 2324 σπονδῶν
758 2267 886 2345 ἐγγυητάς

108 2385 121 2413 ιι
135 2356 205 2424 θεοὺς
218 2354 362 2433 ποιουμένη
376 2356 428 2413 τῶν
440 2351 609 2429 συμόάσεων,
626 2354 669 2433 ὑφ’
681 2345 713 2425 ἡς
724 2355 821 2414 πολλαί
837 2354 884 2431 μέν

107 2448 243 2506 «ἰδιωτῶν
261 2444 353 2524 ἔχθραι
368 2442 482 2522 πικραί,
500 2441 594 2502 πολλοὶ
610 2440 638 2500 δὲ
658 2443 770 2518 πόλεμοι
791 2444 884 2503 πόλεσι

108 2564 120 2589 ι
136 2534 201 2611 πρὸς
216 2532 304 2598 πόλεις
325 2530 466 2597 συστάντες
483 2528 676 2607 διηλλάγησαν.
721 2529 775 2590 Καί
787 2530 885 2603 ταύτην

109 2651 121 2678 ι
139 2624 164 2681 εἴ
177 2644 207 2698 γε
219 2619 372 2694 λαμόάνετε
390 2622 440 2691 τὴν
460 2619 568 2694 πίστιν,
594 2617 645 2678 είτε
663 2619 758 2697 ὀλίγοις
783 2620 886 2700 ίπιτρέ-

108 2733 199 2769 ιπετε
220 2717 272 2776 τοῖς
292 2705 406 2787 ἡγεμόσι
431 2712 477 2766 τοῦ
503 2706 636 2787 συνεδρίου
656 2707 717 2787 περί
741 2706 804 2779 ὅλης
823 2709 885 2782 ύμῖν

107 2829 119 2854 ι
136 2802 225 2860 δοῦναι
235 2803 281 2871 τῆς
294 2798 390 2878 βουλῆς
406 2797 465 2863 τοὺς
477 2795 583 2874 ὅρκους,
601 2795 651 2855 εἴτε
670 2796 772 2864 πάντας
784 2795 884 2865 ἀξιοῦτε

107 2917 119 2944 ιι
134 2888 192 2956 τοὺς
202 2885 417 2969 ἐπιγραφομένους
428 2889 481 2954 τοῖς
493 2886 623 2964 δόγμασιν
636 2884 741 2962 ὀμνύειν
749 2887 811 2962 ὑμῖν
823 2887 883 2947 καθ’

107 3005 120 3032 ι
133 2981 210 3057 ἱερῶν
227 2975 324 3056 βέόαια
344 2973 378 3034 τδι
393 2975 550 3053 συγκείμενα
569 2972 703 3054 φυλάξειν.
750 2972 843 3044 Δεξιάς
856 2975 884 3035 δέ

108 3094 120 3121 ι
136 3067 179 3125 καί
194 3060 307 3133 σπονδάς
319 3064 365 3123 καὶ
379 3062 479 3130 πίστεις
502 3062 547 3121 ἀπὶ
569 3065 634 3120 θεῶν
648 3062 802 3142 γιγνομένας
816 3065 883 3141 μήτε

108 3182 120 3206 ιι
136 3155 168 3213 σίν
182 3153 329 3232 διάόαλλε,
345 3155 446 3234 Βροῦτε
455 3195 465 3225 ,
483 3149 551 3225 μὴτε
568 3152 670 3233 ἀναίρει
687 3151 718 3211 τδ
741 3152 883 3214 κάλλιστον

108 3243 297 3318 «ἐπιτήδευμα
320 3244 373 3300 τῶν
401 3238 590 3320 ἀνθρωπίνων,
611 3241 678 3317 μηδέ
702 3243 775 3319 ὑμεῖς
802 3242 886 3301 ἀνάσ-

108 3339 217 3412 ιχησθε
242 3334 321 3391 αὐτοῦ
351 3328 472 3407 λέγοντος
502 3328 613 3389 ἀνοσίων
644 3328 689 3387 καὶ
721 3335 884 3408 τυραννικῶν

109 3448 122 3472 ι
138 3418 279 3499 ἀνθρώπων
297 3417 499 3498 πονηρεύματα,
519 3415 537 3474 ά
557 3421 603 3489 τῆς
623 3415 767 3493 Ῥωμαίων
790 3419 884 3497 ἀρετῆς

112 3509 204 3568 aneto
224 3509 327 3587 ἀπέχει.

150 3597 294 3658 LXXXV.
312 3617 328 3650 ιι
345 3595 418 3655 Μίαν
430 3593 542 3674 [cleris]
555 3596 634 3654 είπὼν
648 3594 686 3656 ἔτι
699 3597 747 3668 τὴν
762 3598 821 3660 οὔτε
833 3605 882 3679 ἀγ·

109 3714 122 3737 ιι
137 3685 277 3760 νοουμένην
292 3685 337 3741 ὑπ’
352 3683 452 3750 οὗδενδς
461 3684 606 3757 ἀνθρώπιον
630 3686 689 3745 orire
702 3687 884 3768 ἀμφισόητου·

109 3773 219 3851 «μένην
239 3772 385 3848 παύσομαι·
425 3771 472 3838 Τίς
488 3767 514 3829 δ’
532 3768 607 3833 ἐστίν
625 3773 713 3849 etism
735 3774 795 3847 ἡτδ
810 3781 884 3856 κοινῇ

109 3891 122 3917 ιι
138 3863 271 3945 συμφέρον
290 3860 445 3938 ιίσάγσυσα,
473 3862 519 3920 καί
549 3863 584 3921 δι’
601 3865 722 3938 ἀλλήλων
749 3866 886 3946 ἀμφότερα

111 3980 124 4006 ιι
137 3957 250 4012 ποιοῦσα
268 3949 396 4019 σιύζεσθαι
418 3949 452 4011 τδι
473 3952 553 4031 μέρη.
597 3951 673 4025 Ater,
691 3953 779 4032 μέντοι
793 3952 886 4033 πρώτη

111 4070 123 4095 ιι
143 4040 189 4098 καί
203 4040 269 4118 μόνη
281 4039 387 4118 συνάγει
400 4064 429 4100 τε
442 4047 513 4119 ἡμᾶς
523 4044 560 4108 είς
577 4040 608 4100 τδ
622 4042 701 4119 αύτδ,
719 4042 765 4102 καί
785 4044 833 4102 οὔκ
842 4042 890 4102 et-

109 4159 122 4184 «
138 4154 178 4191 σει
191 4130 254 4190 ποτὲ
277 4130 340 4211 δίχα
357 4132 479 4205 ἀλλήλων
492 4130 623 4209 γενέσθαι.
639 4133 771 4205 Δεήσεται
782 4133 834 4212 γδρ
846 4132 888 4191 ἀεὶ

108 4248 121 4273 ιι
136 4221 181 4279 καί
207 4219 330 4280 οὐδέποτε
352 4219 484 4281 παύσεται
515 4220 636 4298 δεόμενον
661 4222 691 4281 τὸ
716 4221 764 4299 μέν
787 4221 889 4300 ἀμαθές

109 4334 122 4360 ιι
137 4310 236 4380 πλῆθος
253 4309 381 4391 ἔμφρονος
406 4307 562 4388 ἡγεμονίας,
583 4309 614 4368 τδ
631 4311 654 4366 δ’
669 4315 792 4387 ἡγεῖσθαι
811 4309 888 4369 δυνά-

110 4422 122 4448 ιι
138 4419 213 4471 μονον
243 4397 430 4476 βουλευτὴρισν
449 4400 502 4456 τῶν
524 4396 652 4477 ἄρχεσθαι
676 4399 842 4478 βουλομένων
857 4396 888 4457 ά-

110 4520 122 4546 ιι
136 4497 216 4573 χλων.
241 4494 339 4554 Καλοῦ
360 4493 421 4574 δόξῃ
446 4494 524 4570 μόνον
545 4496 804 4567 τοῦτοείκάσαντες,
819 4492 888 4553 ἀλλὰ

109 4609 122 4634 ιι
138 4582 184 4642 καί
209 4582 278 4664 έργιμ
292 4583 460 4664 πειραθέντες
482 4580 567 4658 ίσμεν.
609 4582 642 4640 Τί
658 4574 704 4642 οὖν
720 4582 889 4660 δεδιττόμεθα

110 4696 123 4722 ιι
138 4668 183 4727 καί
206 4673 351 4749 πράγματα
373 4669 525 4753 παρέχομεν
542 4669 682 4749 ἀλληλοις
708 4670 734 4729 τί
755 4671 783 4730 δέ
796 4670 889 4749 λόγους

110 4755 265 4835 «πονηροὺς
288 4759 398 4838 λέγομεν
425 4755 532 4841 χρηστδι
562 4758 709 4839 πράγματα
733 4759 837 4840 ἔχοντες
861 4762 888 4818 έν

110 4873 124 4900 ιι
138 4844 247 4925 χερσίν;
262 4847 320 4906 ἀλλ’
335 4850 383 4908 οὒκ
397 4847 591 4917 ἀναπτύξαντες
606 4847 699 4916 αὖτοὺς
710 4849 755 4908 καί
766 4848 805 4909 τὼ
815 4852 888 4929 χεῖρε

111 4962 124 4988 ιι
141 4933 328 5017 περιάαλόντες
355 4937 479 5011 ἀλλήλοις
511 4937 609 5015 άπιμεν
634 4939 670 5005 είς
700 4937 749 5011 τὴν
772 4940 889 5015 πατρίδα

111 5051 124 5076 ιι
137 5024 234 5098 πάλαι,
263 5023 352 5106 τέρψιν
373 5028 427 5084 τῶν
453 5028 567 5099 ἡδίστων
593 5026 639 5085 καί
664 5026 745 5086 πόθον
762 5028 888 5087 ἁπάντων

111 5140 124 5165 ι
138 5114 299 5189 γλυκύτατον
328 5116 535 5197 ἀποληψόμενοι·
563 5116 624 5175 ἀλλ’
648 5117 822 5189 ἐπιζητοῦμεν
839 5117 888 5174 ἀσ-

109 5227 123 5252 ιι
137 5201 245 5282 φαλείας
261 5200 405 5275 ἀνηνύτους
423 5202 469 5263 καί
484 5201 586 5270 πίστεις
602 5201 739 5280 ἀπίστους,
758 5200 848 5285 ὥσπερ
863 5205 888 5263 σί

947 606 959 631 ιι
974 587 1027 638 loeti
1039 587 1064 636 ln
1083 590 1190 652 patrium
1203 589 1288 640 redite.

977 675 1106 726 txxrllv.
1126 695 1138 718 ιι
1158 674 1230 726 Fides
1240 679 1325 728 autem
1344 691 1401 742 ηοω
1421 679 1467 730 bas
1487 680 1666 732 conventiones
1680 684 1723 732 ilr-

946 782 959 807 ιι
974 763 1051 813 mabit
1065 767 1090 813 et
1107 776 1157 826 qua
1167 764 1237 815 robis
1248 765 1386 829 cavebitur,
1405 781 1435 819 ea
1453 769 1552 819 omnino
1566 771 1614 821 erit
1632 784 1689 835 qun
1702 773 1726 823 in

947 872 959 895 ι
974 851 1077 914 gratiam
1088 851 1249 903 redeuntibus
1265 853 1374 919 legitima
1383 857 1532 909 acsolemnis
1542 863 1589 910 cst.
1620 862 1727 912 Senatus

948 955 960 986 ι
978 939 1044 988 enim
1054 937 1109 988 brec
1125 939 1225 990 decreto
1237 944 1291 991 rata
1303 940 1392 1004 lactet,
1407 943 1532 1008 rebusque
1551 959 1607 1011 quoe
1627 946 1727 1011 scriptor

948 1046 961 1072 ιι
978 1026 1070 1078 inerint
1080 1028 1139 1090 legis
1149 1029 1321 1080 auctoritatem
1334 1031 1433 1084 tribuet.
1467 1036 1532 1093 Quin
1544 1035 1594 1086 iruo
1611 1035 1653 1087 hic
1664 1037 1734 1101 ecri-¹

948 1134 962 1160 ι
975 1115 1166 1168 banturarobis
1175 1131 1204 1167 ea
1220 1131 1276 1181 quac
1286 1118 1444 1183 ridebuntur,
1458 1126 1483 1172 et
1492 1127 1593 1175 senatus
1603 1125 1642 1176 his
1651 1139 1722 1190 pare·

949 1203 1021 1256 abit.
1054 1207 1087 1255 Ut
1107 1208 1204 1266 autem,
1218 1220 1276 1270 qun
1296 1221 1361 1258 nnnc
1383 1211 1557 1273 conceduntur,
1580 1218 1648 1264 certa
1674 1214 1727 1266 lore

949 1292 1067 1354 «mistis,
1086 1305 1131 1344 nec
1146 1297 1233 1345 senata
1249 1295 1383 1360 quidquam
1393 1298 1417 1348 in
1433 1302 1558 1363 posterum
1570 1306 1656 1353 contra
1671 1301 1727 1353 hnc

949 1398 962 1423 ι
976 1378 1130 1440 moliturum,
1141 1381 1248 1445 primam
1258 1382 1360 1446 quidem
1378 1399 1423 1436 nos
1434 1386 1505 1451 togati
1518 1389 1611 1439 erimus
1623 1390 1723 1444 fideius-

950 1486 963 1517 ι
977 1481 1053 1529 εοεαε,
1070 1469 1140 1519 robis
1152 1484 1256 1535 corpora
1271 1476 1297 1523 et
1306 1473 1400 1523 animas
1416 1477 1441 1523 ct
1454 1475 1559 1526 familias
1572 1482 1668 1529 nostras
1683 1495 1727 1546 op·

950 1576 961 1599 ι
977 1557 1131 1621 pignerantes
1143 1578 1149 1608 ι
1162 1559 1250 1610 deinde
1266 1562 1353 1626 reliqui
1368 1568 1494 1614 senatores
1510 1579 1615 1629 quornm
1628 1568 1728 1619 nomino

950 1663 962 1687 ι
977 1643 1003 1693 in
1014 1645 1229 1695 senatusconsulto
1241 1647 1390 1700 scribentur.
1405 1651 1470 1701 tlibil
1483 1652 1549 1703 enim
1562 1655 1671 1719 prolecto
1687 1670 1725 1706 nr-

949 1752 960 1775 ι
975 1732 1033 1781 vitis
1045 1732 1114 1784 nobis
1130 1737 1215 1785 contra
1233 1735 1330 1799 plebem
1345 1738 1476 1791 scribetur.
1490 1744 1541 1792 Nos
1558 1743 1624 1794 enim
1642 1759 1728 1796 snmus

948 1840 960 1863 ι
976 1822 1078 1871 senatus
1089 1822 1220 1887 principes,
1233 1826 1259 1874 et
1268 1828 1408 1877 ceterorum
1421 1829 1530 1881 omnium
1544 1831 1616 1895 primi
1631 1836 1727 1885 nostras

948 1928 960 1957 ι
977 1909 1109 1961 sententias
1127 1909 1241 1961 diximus.
1275 1912 1366 1964 Ultima
1380 1930 1439 1966 vero
1456 1917 1519 1968 tides
1534 1921 1572 1967 est
1588 1922 1725 1971 communis

948 2019 960 2041 ι
973 1997 1087 2048 omnibns
1102 2000 1157 2047 turn
1174 1998 1266 2048 Grmcis
1284 2002 1338 2052 tum
1360 2002 1472 2055 barbaris
1498 2007 1626 2069 gentibus,
1652 2022 1727 2070 quam

947 2105 959 2128 ι
974 2083 1068 2135 nullum
1085 2098 1194 2149 unquam
1207 2089 1397 2151 tempustollet;
1409 2105 1438 2142 ea
1452 2092 1545 2144 scilicet
1558 2108 1616 2159 quae
1630 2096 1727 2148 iureiu-

949 2192 961 2216 ι
976 2173 1053 2223 raudo
1066 2171 1211 2238 interposito
1231 2177 1256 2225 et
1275 2176 1408 2229 trederibus
1422 2180 1478 2230 ictis
1490 2180 1557 2246 ipsos
1570 2181 1631 2234 deos
1653 2199 1727 2249 spon·

945 2281 958 2304 «
973 2274 1042 2312 sores
1055 2263 1244 2314 conventionum
1260 2265 1330 2327 tacit,
1349 2281 1407 2330 qnae
1419 2270 1509 2321 multus
1529 2276 1657 2337 etgraves
1675 2275 1726 2339 pri·

946 2351 1087 2400 «vatorum
1107 2349 1232 2402 hominum
1255 2352 1414 2418 inimicitias,
1434 2362 1460 2408 et
1483 2361 1559 2411 nrulta
1580 2361 1643 2412 bella
1665 2363 1728 2415 inter

944 2456 957 2480 ιι
972 2436 1074 2501 populos
1086 2440 1172 2488 coortu
1186 2443 1324 2505 composuit
1332 2456 1362 2493 ac
1376 2443 1463 2496 linivit.
1473 2449 1541 2497 lianc
1551 2463 1611 2498 roro
1624 2449 1697 2500 tudem
1706 2454 1728 2502 si

944 2544 957 2571 ιι
971 2525 1122 2591 acceperitis,
1137 2527 1188 2577 sire
1197 2531 1281 2592 paucis
1299 2535 1400 2583 senatus
1415 2534 1565 2601 principibus
1578 2539 1728 2602 permittatis

944 2634 956 2658 ι
973 2615 1002 2664 ut
1012 2614 1088 2663 totius
1100 2618 1200 2664 senatus
1215 2618 1311 2670 nomine
1323 2619 1490 2672 iusiurandum
1507 2623 1566 2675 dent
1578 2625 1658 2685 robis,
1672 2626 1725 2679 sire

945 2702 1088 2752 «mavultis
1108 2716 1207 2762 omncs,
1225 2718 1332 2768 quornm
1353 2709 1452 2760 nomina
1475 2710 1500 2761 in
1516 2716 1727 2768 senatusconsulto

945 2822 958 2846 ιι
975 2803 1128 2866 scribentur,
1140 2806 1222 2858 iurare
1242 2805 1314 2857 robis
1333 2819 1379 2871 per
1398 2819 1476 2867 sacra,
1496 2809 1583 2872 utique
1597 2822 1625 2859 se
1641 2821 1727 2860 ornnes

944 2910 956 2935 ι
973 2893 1069 2946 roenens
1082 2897 1235 2948 conditiones
1246 2896 1329 2946 lirmas
1344 2900 1485 2947 servaturos
1498 2919 1504 2947 :
1520 2898 1618 2949 dextras
1631 2912 1691 2950 vcro
1701 2902 1727 2951 et

945 2997 957 3027 ιι
972 2980 1045 3034 tidem
1056 2998 1113 3048 qun
1123 2984 1172 3036 diis
1186 2984 1293 3036 testibus
1305 2985 1330 3033 in
1348 2984 1439 3035 indere
1454 2985 1519 3036 ultro
1532 2987 1642 3050 citroque
1653 2988 1726 3039 datur

944 3086 956 3110 ιι
971 3070 996 3118 et
1009 3071 1137 3135 accipitur,
1166 3085 1197 3122 ne
1216 3070 1366 3130 crimineris,
1388 3084 1404 3121 o
1427 3073 1512 3132 Brute,
1532 3087 1594 3123 neve
1615 3072 1726 3137 pulcher·

944 3174 957 3197 ιι
972 3155 1063 3208 rimrnn
1074 3159 1184 3209 omnium
1196 3160 1360 3208 humanorum
1374 3158 1543 3210 institutorum
1554 3159 1634 3218 tollas,
1648 3173 1726 3222 neque

945 3263 957 3289 ι
973 3259 1018 3296 vos
1034 3247 1158 3311 patiamini
1181 3259 1239 3296 eum
1257 3245 1386 3307 impiomm
1412 3249 1438 3297 et
1459 3246 1625 3310 tyranicorum
1644 3246 1724 3298 homi·

944 3354 957 3377 ι
972 3348 1031 3385 num
1049 3338 1142 3387 scelera
1156 3347 1363 3397 commemorare,
1387 3348 1402 3385 a
1418 3336 1509 3399 quibus
1521 3339 1630 3387 Romana
1647 3337 1726 3387 virtus

943 3440 955 3469 ιι
969 3423 1101 3487 plurimum
1116 3423 1195 3473 abest.
1392 3407 1394 3411 ‚

954 3653 957 3659 ,
975 3603 1092 3652 Lititxv.
1112 3620 1123 3643 ι
1141 3601 1191 3651 Ubi
1205 3614 1265 3653 vero
1284 3613 1358 3650 unam
1368 3603 1488 3665 preterea
1500 3602 1623 3663 attulero,
1640 3615 1724 3666 quaen

944 3716 956 3747 ι
971 3697 1044 3748 nullis
1059 3695 1199 3747 mortalium
1218 3698 1352 3763 ignoratur,
1367 3701 1392 3749 et
1405 3699 1436 3750 de
1445 3714 1495 3765 qua
1510 3701 1611 3752 minime
1623 3701 1723 3753 dubita-

945 3814 957 3845 n
973 3799 1023 3857 tur,
1040 3796 1112 3847 tinem
1122 3795 1219 3857 dicendi
1232 3795 1330 3847 lectam.
1363 3799 1482 3856 Quaenam
1499 3812 1558 3849 vero
1568 3803 1606 3850 est
1620 3799 1681 3851 illa?
1695 3813 1724 3852 eo

944 3914 956 3939 ι
970 3893 1096 3953 videlicet,
1109 3876 1166 3957 qun
1178 3893 1315 3944 communis
1332 3894 1446 3945 utilitatis
1466 3899 1504 3946 est
1513 3900 1608 3958 unctor,
1625 3898 1652 3947 et
1666 3910 1723 3961 quin

945 3993 1101 4054 «utramque
1123 3993 1217 4053 partem
1236 3990 1322 4039 mutuo
1339 3989 1429 4040 auritio
1451 3993 1541 4040 servet.
1577 3993 1638 4043 ttrcc
1656 3997 1723 4045 certe

946 4105 959 4135 ι
977 4089 1054 4152 prima
1070 4091 1096 4140 et
1108 4089 1162 4139 sola
1181 4102 1226 4138 nos
1237 4087 1262 4137 in
1280 4100 1357 4137 unum
1376 4089 1457 4150 cogit,
1480 4101 1645 4152 necunquam
1660 4088 1722 4142 atle-

947 4206 959 4229 ι
972 4200 1015 4236 ros
1029 4186 1062 4238 ab
1072 4185 1156 4238 ulteris
1168 4184 1277 4250 separari
1295 4184 1409 4248 patietur.
1444 4185 1545 4249 Semper
1556 4185 1620 4236 enim
1632 4187 1723 4251 egebit,

945 4303 958 4326 ι
973 4284 998 4333 et
1009 4297 1134 4347 nunquam
1151 4296 1222 4346 egere
1235 4282 1339 4341 desinet,
1350 4281 1464 4345 imperita
1477 4283 1577 4345 quidem
1588 4284 1724 4335 multitudo

946 4392 958 4416 ι
975 4371 1079 4422 ducibus
1094 4371 1258 4435 prudentibus
1271 4391 1277 4420 ι
1291 4375 1391 4422 senatus
1407 4384 1475 4432 vero,
1489 4373 1533 4436 qni
1548 4373 1602 4424 aliis
1617 4387 1723 4438 praeesse

945 4484 957 4508 ι
972 4466 1063 4528 potest,
1079 4462 1151 4514 turba
1165 4477 1221 4527 quas
1233 4463 1311 4527 ipsius
1320 4463 1423 4527 imperio
1437 4463 1498 4514 velit
1511 4479 1607 4529 parere.
1639 4468 1724 4532 Neque

946 4574 958 4604 ι
976 4571 1035 4608 vero
1052 4557 1100 4608 lioc
1122 4572 1154 4609 ex
1172 4559 1225 4609 sola
1236 4559 1349 4623 opinione
1372 4559 1542 4625 conjicientes,
1565 4561 1609 4613 sed
1623 4576 1650 4614 re
1667 4562 1721 4630 ipsu

945 4668 957 4692 ι
972 4651 1066 4714 experti
1088 4649 1189 4701 oclrnns.
1208 4651 1272 4709 Quid
1292 4650 1364 4714 igitur
1386 4665 1432 4702 nos
1447 4655 1570 4704 terremus
1584 4656 1610 4705 et
1629 4656 1723 4706 mutuis

945 4763 957 4785 ι
970 4743 1088 4796 molestiis
1106 4743 1211 4795 invicem
1228 4745 1435 4808 rexrmustquid
1446 4745 1517 4797 malis
1527 4745 1610 4796 uerbis
1619 4747 1722 4810 utimur,

945 4852 957 4883 ι
973 4850 1031 4887 cum
1042 4837 1106 4889 bona
1116 4840 1180 4889 tacta
1191 4839 1240 4889 sint
1251 4852 1303 4903 prae
1314 4839 1446 4891 manibus?
1479 4839 1544 4898 Quin
1554 4838 1636 4902 potins
1644 4843 1723 4902 passis

944 4943 956 4967 ι
973 4925 1037 4979 ulnis
1056 4943 1086 4978 ac
1100 4928 1213 4979 manibus
1229 4941 1274 4979 nos
1286 4933 1374 4980 mutuo
1393 4929 1559 4993 amplexantes
1579 4927 1664 4978 statim
1680 4944 1721 4983 re·

944 5041 956 5064 ι
971 5020 1053 5072 dimus
1066 5020 1090 5069 in
1110 5021 1227 5084 patriam,
1246 5019 1448 5071 iucundissimam
1467 5018 1673 5084 oblectationem,
1696 5024 1723 5075 et

944 5113 1041 5179 alonge
1064 5115 1238 5167 suavissimum
1255 5112 1407 5166 desiderium
1430 5112 1570 5177 expleturi?
1595 5116 1628 5165 ltt
1650 5115 1722 5167 nobis

945 5226 958 5258 ι
974 5208 1184 5263 trutinatione
1198 5223 1287 5275 genere
1300 5208 1390 5271 moeri,
1404 5213 1430 5262 et
1444 5209 1516 5263 tidem
1525 5209 1627 5264 inlrdrm
1637 5210 1720 5273 recul-
