3772 5828
580 308 875 382 ANTIQUlTATUM
897 312 1043 374 sellan.
1066 316 1139 377 LlB.
1164 319 1212 379 lll.

101 432 214 512 μνούσης
229 434 281 514 γάρ
294 435 346 508 ἤδη
356 439 403 507 τῆς
419 434 574 514 Ῥωμαῖκῆς
591 438 725 518 φάλαγγος
742 441 788 499 καὶ
804 441 874 500 κατά

100 521 131 582 τὸ
158 522 293 604 ἀριστερόν
321 522 399 602 κέρας
424 527 691 605 παραρρηγνυμένης,
721 527 810 604 μαθών
844 528 874 589 ab

100 610 233 689 γινόμινον
271 610 413 686 ἐλάττωμα
441 615 501 692 περὶ
534 614 591 680 τοῦς
624 619 769 696 σφετέρους·
798 618 875 698 ἔτυχε

101 701 127 758 δέ
151 698 212 759 τότε
248 699 398 779 μαχόμενος
431 701 474 758 ἐπὶ
507 707 551 760 τοῦ
576 700 658 770 δεξιοῦ
682 705 800 783 κέρατος·
828 703 875 771 τάς

58 798 71 835 ⁵
98 788 240 866 κρατίστας
266 791 319 846 τῶν
346 787 447 847 ἱππίων
476 789 534 855 ἴλας
562 791 723 868 ἐπιστρέψας
751 792 797 850 καὶ
823 795 874 850 τῶν

97 879 182 945 πεζῶν
207 874 266 943 τούς
296 876 487 950 ἀκμαιοτάτους
512 877 650 936 &selecta
671 872 718 958 ἦγε
738 879 807 937 κατά
822 879 874 937 νώ·

97 988 142 1024 του
170 968 217 1034 τῆς
240 966 334 1024 έαυτοῦ
358 973 498 1043 στρατιᾶς,
521 965 566 1022 καὶ
586 966 758 1046 παραλλάξας
775 966 876 1048 τδάρι·

97 1051 190 1131 στερὸν
204 1050 280 1131 κέρας
293 1051 404 1124 ἤλαυνεν
426 1053 464 1110 ἔτι
478 1053 638 1134 προσωτέρω
662 1058 707 1123 τῆς
726 1056 870 1134 φάλαγγος.

96 1136 203 1200 'Enete'
217 1140 375 1220 ἐπιστρέψας
397 1142 441 1199 ἐπὶ
456 1141 518 1222 δόρυ
532 1143 578 1200 καί
591 1143 623 1201 τά
638 1142 732 1222 κέντρα
753 1143 875 1227 προσδα-

43 1243 70 1284 10
97 1225 151 1287 lde
173 1236 226 1294 τοῖς
250 1227 340 1295 ἵπποις
359 1231 395 1295 είς
428 1229 555 1305 πλαγίους
581 1229 710 1306 laedite
737 1230 797 1297 τοὺς
822 1234 875 1289 τῶν

97 1318 241 1398 Τυρρηνῶν
255 1316 356 1397 λόχους·
369 1309 439 1376 οῦτοι
453 1317 503 1397 γάρ
513 1317 557 1377 tad
571 1323 616 1376 τοῦ
631 1317 713 1387 δεξιοῦ
725 1322 777 1377 τῶν
791 1323 872 1380 πολε-

98 1405 164 1483 μίων
190 1405 336 1487 μαχόμενοι
358 1404 466 1484 κέρατος
489 1405 630 1485 έτρίψαντο
653 1404 713 1474 τοὺς
734 1404 792 1466 καθ’
815 1411 875 1467 έαυῚ

97 1496 164 1561 τούς·
190 1495 323 1575 ίπιφανείς
338 1495 361 1551 δ’
377 1495 462 1560 αὐτοῖς
483 1494 680 1573 ἀπροσδόκητος
702 1497 803 1566 πολλὴν
827 1496 873 1556 έκ-

98 1582 192 1655 πληξιν
207 1584 253 1642 καλ
274 1582 395 1662 ταραχὴν
414 1584 555 1662 παρέσχεν.
576 1582 623 1643 Ἐν
638 1583 665 1642 δέ
682 1581 765 1664 τούτῳ
791 1584 835 1644 καί
859 1589 875 1659 ἡ

98 1673 163 1745 πεζὴ
185 1676 238 1731 τῶν
253 1671 397 1749 Ῥωμαίων
420 1672 527 1748 δύναμις
547 1672 709 1731 ἀναλαύοῦσ’
727 1672 825 1744 έαυτίγν
845 1676 875 1734 ἐκ

96 1766 142 1819 τοῦ
172 1761 300 1838 προτέρου
330 1757 449 1835 δείματος
474 1761 509 1826 εἰς
538 1759 659 1819 ἀντίπαλ’
690 1759 800 1840 ἐχώρει,
830 1764 876 1821 καλ

99 1846 168 1924 μετά
186 1852 263 1905 τοῦτο
277 1845 352 1927 φόνος
374 1869 402 1905 τε
418 1845 501 1913 πολὺς
522 1851 573 1905 τῶν
598 1850 741 1928 Τυρρηνῶν
759 1849 872 1926 ἐγένετο,

99 1936 145 1995 καλ
160 1935 245 2014 τροπλ
260 1941 305 1994 τοῦ
315 1934 396 2006 δεξιοῦ
409 1935 517 2016 κέρατος
532 1938 671 2010 παντελής.
726 1939 875 2017 Ταρκύνιος

100 2024 128 2083 δὲ
143 2028 201 2092 τοῖς
223 2024 334 2101 ἡγεμόσι
347 2028 398 2083 τῶν
425 2029 510 2094 πεζῶν
529 2028 677 2086 ἀκολουθεῖν
696 2026 822 2093 κελεύσας
847 2030 874 2086 έν

99 2113 192 2194 κόσμῳ
210 2113 255 2171 καί
267 2114 369 2191 βάδην,
386 2116 463 2180 αὐτὸς
479 2114 523 2172 ἐπὶ
541 2114 571 2173 τὸ
585 2113 763 2194 στρατόπεδον
779 2116 875 2195 ἐχώρει

20 2192 24 2200 ¹
96 2203 127 2262 τὸ
140 2206 191 2261 τῶν
212 2201 361 2279 πολεμίοιν,
383 2202 499 2260 ἐλαύνων
521 2201 578 2268 τούς
592 2203 690 2269 ἵππους
705 2204 754 2260 ἀνά
769 2204 873 2281 κράτος·

98 2292 196 2371 φθάσας
220 2289 248 2349 δέ
274 2289 332 2356 τοὺς
348 2293 377 2348 ἐκ
401 2293 447 2355 τῆς
467 2293 565 2366 τροπῆς
589 2291 800 2365 ἀνασωζομένους
824 2293 873 2363 ἐγ-

97 2378 196 2457 κρατὴς
214 2378 316 2454 γίνεται
330 2384 375 2436 τοῦ
396 2376 515 2455 χάρακος
530 2375 601 2441 εὐθὺς
617 2376 643 2443 έξ
656 2379 757 2456 ἐφόδου.
775 2380 810 2437 Οἱ
822 2377 875 2458 γάρ

98 2469 125 2524 έν
140 2470 211 2546 αὐτῷ
226 2463 444 2544 καταλειφθέντες
465 2463 524 2522 ούτε
539 2465 586 2533 τὴν
611 2470 798 2542 κατασχοῦσαν
816 2466 874 2533 τοὺς

53 2577 63 2610 s
99 2555 239 2634 σφετέρους
253 2554 389 2632 συμφοράν
405 2552 615 2629 προεγνωκότες,
632 2550 691 2610 οῦτε
705 2551 765 2618 τυθς
787 2577 875 2632 προσ-

18 2642 21 2651 “
100 2641 184 2706 ιόντας
209 2643 296 2705 ἱππεῖς
313 2639 441 2718 γνωρίσαι
457 2639 499 2696 διά
520 2641 549 2696 τὸ
568 2639 699 2718 αἰφνίδιον
716 2645 762 2710 τῆς
778 2642 873 2719 ἐφόδου

98 2728 263 2799 δυνηθέντες,
283 2726 374 2786 εἴασαν
391 2726 483 2792 αύτούς
504 2730 655 2806 παρελθεῖν.
700 2727 826 2800 Ἁλούσης
841 2731 868 2790 δέ

101 2822 144 2888 τῆς
157 2821 326 2895 παρασκευῆς
349 2821 400 2876 τῶν
415 2816 551 2890 Λατίνων,
568 2819 592 2875 οἱ
610 2816 657 2892 μέν
682 2820 874 2897 ἀναχωροῦντες

95 2907 124 2962 έιι
151 2911 196 2975 τῆς
215 2909 313 2983 τροπῆς
334 2908 370 2972 ώς
384 2907 419 2972 εἷς
441 2906 552 2984 ἀσφαλῆ
577 2903 729 2984 καταφυγὴν
752 2905 802 2963 ὑπὸ
821 2909 873 2964 τῶν

41 3014 65 3057 ιο
95 2991 319 3071 καταλαόομένων
346 2995 427 3063 αὐτὴν
442 2994 543 3051 ἱππέων
566 2991 731 3051 ἀπώλλυντο·
756 2995 780 3052 οἱ
800 2995 824 3052 δ’
843 2995 874 3053 ἐκ

98 3089 141 3142 τοῦ
161 3081 339 3160 στρατοπέδου
360 3082 463 3160 φεύγειν
487 3082 651 3161 ὁρμίσαντες
676 3083 711 3148 εἶς
731 3082 761 3140 τὸ
784 3084 873 3141 πεδίον

99 3169 150 3229 tal
168 3174 213 3242 τῆς
233 3169 390 3247 Ῥωμαϊκῆς
405 3170 537 3249 φάλαγγος
555 3169 635 3245 ὁμόσε
650 3168 786 3248 χωρούσης
808 3170 873 3227 airri-

98 3268 217 3335 θνησκον·
232 3265 256 3320 οἱ
271 3261 297 3319 δέ
312 3260 415 3325 πλείους
434 3263 519 3318 αὐτῶν
534 3258 678 3335 ὠθούμενοί
690 3263 713 3316 θ’
729 3260 773 3315 ὑπ’
785 3259 871 3327 ἀλλά,-

96 3350 149 3406 λων
170 3350 215 3408 καὶ
233 3349 461 3425 καταπατούμενοι
487 3348 547 3428 περὶ
562 3348 614 3412 τοῖς
633 3346 756 3426 σκολοψεν
770 3344 788 3416 ἢ
804 3345 873 3403 κατά

38 3460 64 3500 ιε
97 3438 142 3504 τάς
153 3438 265 3518 τάφρους
281 3437 325 3496 τὸν
339 3435 467 3496 οἴκτιστόν
484 3459 511 3493 τε
527 3437 572 3493 καὶ
582 3435 768 3511 ἀγεννέστατον
780 3434 875 3513 τρόπον

98 3526 284 3606 διεφθάρησαν·
315 3524 378 3584 ὥστ’
409 3524 617 3601 ἠναγκάσθησαν
640 3525 663 3582 ol
690 3523 875 3601 περιλειπόμε-

97 3635 138 3669 νοι
150 3616 197 3683 τῆς
210 3611 339 3693 σωτηρίας
353 3611 445 3672 οὐδένα
462 3613 541 3690 πόρον
560 3614 644 3688 εθρεῖν
659 3610 797 3686 δυνάμενοι
818 3634 875 3668 πα-

100 3701 222 3776 ραδοῦναι
243 3709 293 3768 τοῖς
313 3699 504 3780 κεκρατηκόσιν
527 3697 643 3763 ἑαυτούς.
690 3697 831 3773 Γενόμενος
853 3698 874 3756 δ’

97 3787 268 3866 όΤαρκύνιος
290 3790 395 3848 πολλῶν
418 3786 548 3864 σωμάτων
561 3809 589 3844 τε
605 3786 650 3843 καί
668 3784 812 3865 χρημάτων
829 3788 872 3862 ε’γ-

95 3876 205 3957 κρατης,
223 3874 281 3943 τοῦς
300 3877 347 3953 μέν
362 3876 547 3953 αἰχμαλώτους
561 3873 690 3944 ἀπέδοτο,
707 3872 740 3931 τά
756 3874 778 3931 δ’
791 3875 817 3930 έν
833 3877 870 3954 τῷ

95 3965 196 4045 χάρακι
210 3964 411 4046 καταληφθέντα
422 3971 475 4030 τοῖς
489 3960 662 4040 στρατιώταις
682 3962 836 4041 έχαρίσατο.

136 4053 208 4113 liv.
219 4055 311 4112 Ταῦτα
322 4049 529 4130 διαπραξάμενος
543 4049 586 4109 ἐπὶ
600 4049 646 4116 τάς
661 4049 748 4116 πόλεις
759 4052 810 4107 τῶν
819 4053 874 4109 Λα·

95 4142 171 4200 τίνων
182 4133 230 4219 ἦγε
238 4140 286 4211 τὴν
299 4139 424 4217 δύναμιν,
434 4145 469 4207 ὡς
480 4140 556 4217 μάχῃ
566 4137 610 4204 τάς
621 4137 658 4213 μὴ
670 4139 875 4219 προσχωρούσας

96 4232 168 4307 αὐτῷ
184 4226 428 4309 παραστησόμενος·
445 4231 473 4286 ού
490 4225 542 4298 υὴν
557 4226 647 4298 ἐδέησέ
663 4226 686 4303 γ’
699 4227 772 4304 αὐτῷ
787 4249 876 4305 τειχο-

96 4318 204 4396 μαχίας.
250 4317 380 4383 Ἅπαντες
391 4316 442 4396 γάρ
455 4318 490 4382 εἷς
505 4315 605 4381 ἱκεσίας
622 4315 667 4375 καί
683 4313 785 4385 διήσεις
800 4315 876 4394 ἐτρά-

96 4428 192 4477 ποντο,
208 4406 254 4463 καί
266 4404 389 4485 πρέσύεις
404 4404 456 4462 ἀπὸ
470 4409 515 4463 τοῦ
535 4409 621 4462 κοινοῦ
631 4403 782 4482 πέμψαντες
794 4426 875 4461 κατα·

94 4493 227 4552 λύσασθαι
243 4493 287 4550 τὸν
302 4493 416 4568 πολεμον
435 4491 522 4563 ἠξίουν
537 4495 577 4571 ἐφ’
590 4481 627 4557 οἷς
643 4492 720 4557 αὐτὸς
734 4490 873 4570 ἠύούλετο,

95 4580 140 4640 καλ
155 4580 202 4647 τάς
217 4581 306 4646 πόλεις
317 4580 477 4657 παρέδοσαν.
517 4579 657 4655 Γενόμενος
672 4577 699 4637 δέ
709 4582 760 4637 τῶν
774 4578 875 4639 πολεων

96 4670 165 4728 κατὰ
189 4668 267 4728 τάσδε
289 4668 336 4734 τάς
349 4668 487 4746 ὁμολογίας
501 4675 515 4729 δ
531 4668 653 4747 βασιλεὺς
664 4667 749 4747 κύριος
764 4667 875 4728 ἐπιεικέ-

37 4783 67 4823 εο
97 4779 181 4816 στατα
191 4757 290 4824 πάσαις
302 4757 467 4837 προσηνέχθη
482 4758 528 4816 καὶ
543 4755 718 4835 μετριώτατα.
742 4754 811 4818 Οὔτε
824 4754 874 4837 γάρ

99 4845 250 4905 ἀπέκτεινεν
271 4844 330 4903 οῦτε
351 4846 453 4924 φεύγειν
477 4845 624 4925 ἠνάγκασεν
655 4842 713 4902 οὔτε
737 4844 874 4924 χρήμασιν

99 4933 228 5010 ἐζημίωσε
250 4934 369 4995 Λατίνιον
388 4930 488 4992 οὐδένα·
503 4938 552 5011 γῆν
570 4936 593 4992 τ’
609 4934 695 4999 αὐτοῖς
710 4937 873 5013 καρποῦσθαι

101 5019 148 5090 τὴν
159 5025 261 5081 έαυτῶν
275 5021 414 5102 ἐπέτρεψε,
423 5022 468 5081 καὶ
477 5022 652 5098 πολιτεύμασι
664 5021 875 5100 χρήσασθαιτοῖς

93 5109 216 5186 ’πατρίοις
237 5113 342 5189 ἐφῆκεν·
364 5111 506 5168 ἀποδοῦναι
521 5111 543 5167 δ’
562 5107 653 5175 αύτούς
669 5108 789 5167 ἐκέλευσε
801 5106 873 5168 Ῥω-

1648 333 1704 390 lle

931 452 1006 504 luisse
1017 469 1102 506 omues
1113 458 1184 506 lacile
1193 457 1341 511 fatebantur.
1359 461 1422 509 Cum
1435 462 1499 512 euim
1514 467 1623 517 Romana
1639 471 1703 524 acies

930 561 978 613 iarn
991 564 1127 627 laboraret,
1142 572 1168 617 et
1177 568 1200 617 ln
1213 569 1311 619 sinistro
1330 584 1406 621 cornu
1415 572 1513 622 ordines
1524 575 1572 625 inm
1585 577 1705 628 dissolue-

930 679 1023 735 rentur,
1034 675 1077 725 ubi
1092 676 1144 739 ipse
1156 691 1256 730 suorum
1270 681 1348 731 aciem
1366 681 1476 732 inclinari
1494 685 1554 734 vidit
1567 688 1575 746 l
1583 688 1705 749 pugnabat

930 789 1012 836 autem
1033 790 1091 838 tune
1111 789 1136 838 in
1153 790 1241 839 dextro
1253 795 1343 853 cornu)
1358 793 1504 844 fortissimas
1524 797 1636 857 equilum
1656 799 1708 848 alas

930 891 1063 952 convertit,
1075 895 1100 942 et
1112 893 1258 944 lectissimos
1272 910 1383 960 quosque
1397 900 1492 962 pedites
1508 914 1617 950 secunao
1638 905 1707 967 tergo

929 999 969 1048 sui
977 1000 1100 1050 exereitus
1109 1001 1188 1061 duxit,
1196 1006 1221 1052 et
1231 1005 1355 1066 preterito
1365 1005 1463 1055 sinistro
1470 1021 1544 1057 cornu
1554 1008 1618 1058 ultra
1631 1011 1706 1060 aciem

928 1118 1071 1171 progressus
1084 1113 1122 1158 est
1134 1125 1141 1155 ι
1156 1109 1242 1160 delude
1254 1125 1388 1163 conversus
1400 1113 1424 1162 in
1440 1113 1522 1164 trustes
1533 1120 1559 1166 et
1570 1117 1706 1168 calcaribus

930 1218 1011 1267 citatis
1024 1219 1094 1282 equis
1109 1218 1134 1268 iu
1151 1223 1304 1270 transversas
1327 1225 1486 1274 Etruseorum
1497 1227 1611 1278 cobortes
1630 1229 1705 1292 impe-

929 1332 982 1377 tum
1006 1331 1077 1390 lecit,
1097 1343 1154 1395 qua
1183 1332 1208 1380 in
1231 1330 1319 1381 dextro
1343 1332 1452 1383 hostiurn
1474 1348 1550 1384 cornu
1571 1342 1706 1401 pugnantes

928 1440 1051 1502 oppositos
1064 1441 1111 1491 sibi
1122 1440 1277 1494 aduersarios
1290 1443 1314 1491 ln
1327 1443 1408 1507 lugam
1420 1449 1554 1497 verterant.
1587 1448 1633 1496 Sed
1649 1461 1705 1496 eum

930 1562 956 1598 se
977 1548 1025 1598 illis
1041 1562 1070 1597 ex
1087 1549 1221 1612 improviso
1241 1550 1265 1598 in
1286 1555 1444 1614 conspectum
1461 1551 1610 1612 obtulisset,
1635 1554 1705 1605 valde

929 1673 972 1709 ees
988 1660 1077 1710 terruit
1090 1665 1115 1710 et
1130 1661 1247 1712 turbavit.
1281 1665 1378 1713 Interea
1397 1678 1457 1713 vero
1477 1669 1502 1716 et
1520 1666 1572 1730 ipse
1584 1671 1706 1719 Romano·

929 1786 985 1820 rum
999 1771 1123 1834 peditatus
1138 1771 1247 1821 collectis
1258 1786 1289 1822 ex
1304 1773 1383 1835 priore
1394 1779 1461 1824 metu
1474 1774 1561 1826 animis
1572 1779 1595 1826 iu
1609 1777 1706 1829 bostem

929 1881 1055 1930 contendit
1071 1898 1077 1929 :
1092 1880 1212 1943 elingens
1225 1884 1385 1931 Etruseomm
1401 1883 1481 1933 caedes
1497 1885 1560 1935 iacta
1572 1891 1704 1952 totumque

929 1988 1045 2038 dextrum
1063 2003 1139 2039 eomu
1152 1991 1177 2040 iu
1191 1991 1274 2053 lugam
1287 2006 1386 2044 versum
1400 1997 1446 2042 est.
1484 1997 1632 2058 Tarquinius
1645 2012 1705 2048 vero

929 2096 1003 2147 iussis
1019 2098 1130 2162 peditum
1141 2101 1247 2151 ducibus
1270 2117 1296 2152 se
1309 2103 1393 2154 ordine
1405 2107 1430 2153 et
1453 2104 1598 2166 pedetentim
1618 2108 1705 2172 sequi,

929 2206 981 2269 lpse
994 2208 1026 2257 ad
1038 2208 1147 2259 hostium
1157 2215 1237 2259 eastra
1255 2212 1384 2262 concitatis
1401 2213 1472 2276 equis
1484 2214 1572 2264 tendit.
1606 2218 1636 2266 Et
1649 2230 1705 2266 euru

929 2320 1119 2380 praeverterent
1145 2333 1186 2368 eos
1211 2321 1253 2383 qui
1273 2323 1385 2371 exercitu
1405 2322 1430 2371 in
1446 2322 1527 2386 lugam
1548 2338 1621 2374 verso
1645 2340 1706 2376 ora·

928 2430 1027 2486 serant,
1044 2429 1127 2477 statim
1148 2429 1227 2490 priam
1241 2429 1430 2492 iaupetueastris
1446 2432 1540 2494 potitur
1559 2445 1566 2476 ι
1583 2434 1626 2496 qui
1640 2432 1704 2483 enim

928 2536 964 2585 ibi
985 2537 1063 2605 reliqti
1086 2536 1193 2596 fueraut,
1211 2537 1269 2598 quia
1286 2537 1391 2587 nondum
1409 2552 1511 2589 suorum
1532 2540 1626 2591 cladem
1652 2557 1704 2593 res-

930 2643 1058 2703 civerant,
1078 2658 1157 2707 neque
1182 2646 1277 2707 equites
1301 2647 1463 2698 adventantes
1492 2649 1524 2697 ob
1551 2650 1704 2714 repentinum

928 2753 1061 2804 adventum
1075 2753 1217 2818 dignoscere
1242 2759 1369 2818 poterant,
1383 2770 1427 2808 ees
1442 2758 1536 2822 ingredi
1552 2759 1618 2821 passi
1632 2763 1702 2808 sunt.

929 2861 1012 2924 ceptis
1025 2864 1109 2911 autem
1125 2863 1265 2912 Latinorum
1281 2865 1383 2925 eastris,
1406 2865 1448 2927 qui
1469 2878 1497 2913 ex
1513 2864 1568 2927 luga
1584 2879 1613 2915 eo
1634 2879 1660 2914 se
1678 2870 1706 2916 ut

929 2966 960 3016 ad
974 2970 1055 3017 tutum
1068 2969 1187 3032 retugium
1206 2969 1369 3033 recipiebant,
1390 2972 1420 3019 ab
1440 2971 1571 3034 equitibus,
1591 2972 1634 3036 qui
1653 2973 1707 3035 ipsa

928 3083 1085 3142 occuparant¹
1098 3081 1272 3132 cudebantur:
1285 3083 1328 3146 qui
1338 3096 1397 3131 vero
1407 3095 1438 3131 ex
1452 3082 1572 3131 eastrisin
1580 3082 1705 3145 planitiem

929 3191 1054 3253 lugerent,
1078 3191 1102 3240 in
1130 3194 1251 3242 Romanas
1280 3192 1385 3256 legiones
1408 3192 1544 3241 incidentes
1568 3193 1700 3244 intertieie·

929 3299 1030 3362 bantur;
1052 3303 1163 3366 plerique
1187 3317 1246 3353 vero
1270 3317 1297 3353 se
1324 3303 1429 3352 invicem
1453 3302 1578 3352 trudentes
1600 3307 1625 3353 et
1647 3316 1705 3352 cen·

930 3408 1055 3460 culeautes
1068 3408 1133 3458 eirea
1151 3409 1244 3458 vallum
1261 3412 1305 3458 aul.
1318 3409 1409 3457 l'ossam
1422 3408 1560 3457 miserrimo
1578 3412 1603 3457 el
1621 3407 1703 3472 tardig-

924 3515 1031 3565 'nissimo
1052 3515 1139 3564 mortis
1158 3528 1245 3577 genere
1256 3514 1390 3577 perierunt.
1426 3520 1508 3570 Quare
1525 3513 1612 3576 reliqui
1627 3513 1706 3564 eoacti

930 3625 1001 3682 sunt,
1012 3634 1069 3670 eum
1085 3621 1176 3670 nullam
1188 3620 1261 3669 aliam
1278 3620 1363 3670 salutis
1381 3620 1445 3669 riam
1467 3620 1575 3669 iuvenire
1589 3622 1706 3684 possent,

929 3742 956 3778 se
973 3725 1108 3777 victoribus
1126 3725 1224 3775 dedere.
1257 3725 1405 3788 Tarquinius
1421 3728 1505 3774 autem
1524 3725 1608 3774 maritis
1620 3725 1703 3777 homi·

930 3832 1001 3882 uibus
1012 3836 1038 3882 et
1053 3829 1162 3894 peoumis
1172 3828 1278 3893 petitus,
1290 3830 1400 3892 captivos
1420 3828 1544 3890 vendidit,
1560 3833 1634 3892 atque
1648 3817 1710 3893 (μεθ’

930 3943 954 3992 in
966 3942 1054 3991 rastris
1064 3942 1162 3991 iuventa
1178 3943 1234 3989 sunt
1248 3938 1366 3989 militibus
1381 3939 1483 4002 largitus
1493 3942 1541 3989 est.

961 4056 1025 4104 liv.
1041 4051 1086 4101 llis
1095 4050 1169 4100 rebus
1178 4050 1253 4113 gestis
1263 4050 1398 4100 exereitum
1407 4052 1493 4099 contra
1505 4050 1645 4101 Latinorum
1658 4064 1702 4102 ur·

929 4151 974 4202 bes
991 4150 1082 4209 duxit,
1100 4151 1130 4197 ul
1144 4147 1169 4196 ri
1190 4138 1313 4211 eas‚'qum
1328 4159 1355 4196 se
1378 4144 1469 4195 dedere
1483 4145 1588 4206 nollent,
1607 4159 1702 4211 expug-

929 4252 1007 4300 naret.
1041 4249 1219 4297 Verumtamen
1242 4245 1309 4294 nulla
1333 4244 1514 4307 oppugnatione
1538 4258 1601 4309 opus
1627 4245 1702 4296 luit:

929 4359 1015 4395 omnes
1023 4344 1088 4394 euim
1099 4342 1129 4392 ad
1138 4341 1328 4405 supplicationes
1341 4344 1366 4389 et
1378 4353 1463 4403 preces
1478 4353 1504 4391 se
1518 4336 1701 4402 converterunt,

929 4446 954 4493 et
967 4441 1053 4505 legatis
1068 4438 1193 4489 communi
1207 4439 1284 4488 totius
1302 4437 1382 4502 gentis
1399 4450 1519 4487 consensu
1536 4438 1616 4486 missis
1635 4450 1704 4500 rega·

929 4544 995 4601 runt,
1008 4544 1036 4590 ut
1049 4538 1140 4603 quibus
1158 4537 1233 4587 vellet
1242 4535 1422 4586 conditionibus
1441 4537 1532 4585 luceret
1550 4547 1643 4597 pacem,
1662 4547 1704 4583 ur·

928 4638 1021 4701 bosque
1036 4634 1191 4687 dediderunt.
1221 4636 1266 4685 His
1289 4639 1372 4684 autem
1394 4633 1575 4683 conditionibus
1598 4630 1703 4693 Tarqui·

929 4734 984 4784 nius
998 4732 1100 4784 urbibus
1117 4732 1219 4795 potitus,
1243 4729 1432 4780 clementissime
1456 4733 1481 4776 el
1507 4721 1703 4775 moderatissime

928 4843 1013 4881 omnes
1025 4828 1148 4878 tractavit.
1171 4829 1256 4889 Neque
1269 4826 1334 4875 euim
1348 4836 1496 4886 quemquam
1507 4820 1650 4895 Lalirrorum
1660 4818 1704 4866 eut

929 4927 1050 4977 lnterleeit
1064 4926 1109 4975 aut
1126 4925 1207 4974 solum
1221 4928 1318 4973 vertere
1330 4922 1410 4984 coegit
1429 4931 1507 4981 nequo
1525 4913 1627 4977 pecunia
1642 4912 1704 4962 mul·

928 5023 1000 5082 tavit,
1012 5020 1056 5071 sed
1064 5021 1111 5070 illis
1120 5020 1233 5084 permisit
1241 5022 1269 5069 ut
1279 5030 1339 5080 agro
1351 5029 1396 5065 suo
1407 5012 1554 5067 fruerentur,
1566 5011 1591 5057 et
1600 5020 1703 5059 conoes-

928 5113 963 5162 sit
972 5115 1001 5161 ut
1015 5108 1103 5174 patriis
1114 5108 1208 5172 legibus
1222 5111 1248 5158 et
1257 5103 1376 5156 institutis
1389 5101 1516 5150 uterentur
1535 5116 1542 5147 ε
1560 5095 1632 5147 iussit
1644 5110 1704 5148 vero
