3772 5828
176 372 233 430 dil

174 516 212 551 νοι
226 491 319 572 χρόνον
331 493 356 550 οἱ
374 491 435 568 περὶ
453 492 546 567 αὐτὸν,
563 489 609 549 κειὶ
623 488 652 547 τὸ
672 492 750 565 σῶμα
771 487 810 546 έτι
829 486 949 568 ἔμψυχον

175 579 311 658 ἀράμενοι,
322 587 439 655 γενναῖον
457 579 529 637 οῦδὲν
545 576 584 635 ἔτι
594 573 719 654 ἔπραξαν,
730 575 789 634 ἀλλ’
803 574 950 653 ἀνεχώρουν

175 671 277 726 ἐπιοῦσι
287 670 340 733 τοῖς
350 664 493 741 Ῥωμαίοις
504 664 547 725 brt
559 663 644 724 πόδα·
659 662 739 722 ἔπειτ’
753 651 825 727 αὖθις
837 661 951 733 ἔστησάν

174 779 201 814 τε
219 754 265 815 καὶ
277 757 312 820 είς
323 757 453 813 ἀντίπαλα
465 753 593 835 ἐχώρουν,
608 751 717 831 θατέρου
734 753 784 808 τῦιν
803 749 951 829 Ταρκυνίου

133 855 146 893 ⁶
174 843 274 902 παίδων
293 843 391 912 Σέξτου
409 843 477 917 μετὰ
492 846 544 900 τῶν
559 844 589 900 ίκ
598 839 709 917 Ῥώμης
724 837 846 921 φυγάδων
861 861 890 897 τι
905 837 952 897 ml

173 937 226 992 τῶν
237 935 324 992 ἀλλων
337 931 481 992 ἐπιλέκτων
492 929 594 990 ἱππέων
608 928 832 1000 ίπιόοηθήσαντος
852 931 950 993 αὐτοῖς.

174 1013 255 1081 Οὗτοι
271 1021 318 1098 μέν
337 1012 382 1079 οῦν
402 1019 482 1077 πάλιν
501 1016 676 1084 ἀναλαάόντες
695 1017 789 1082 αῦτοθς
805 1016 951 1096 ἐμάχοντο·

172 1113 196 1170 οἱ
212 1111 240 1170 δὲ
263 1115 309 1182 τῆς
323 1109 455 1188 φάλαγγος
465 1107 590 1185 ἡγεμόνες
605 1105 732 1187 ἑκατέρας
748 1105 827 1172 Τῖτος
849 1104 951 1165 Αἰθού-

173 1222 226 1266 τιος
245 1197 290 1258 καὶ
313 1198 447 1274 Μαμίλιος
464 1195 620 1262 Ὀκταούῑος
644 1193 821 1272 λαμπρότατα
844 1193 950 1252 πάντων

94 1347 97 1359 Ι
121 1305 146 1344 ιο
174 1288 370 1366 ἀγωνιζόμενοι,
392 1285 437 1345 καὶ
462 1283 600 1364 τρέποντες
619 1282 743 1361 μὲντοὺς
762 1280 952 1363 ὑφισταμένους

174 1377 234 1437 καθ’
259 1376 445 1456 δχωρήσιιαν
469 1373 558 1452 μέρος,
586 1370 815 1439 ἀντικαθιστάντες
843 1371 871 1430 δὶ
898 1373 950 1429 τῶν

174 1467 306 1546 σφετέρων
331 1463 388 1529 τοῦς
410 1461 611 1536 θορυόηθέντας,
630 1464 761 1540 χωροῦσιν
788 1461 818 1518 ἐκ
833 1458 950 1537 προκλή-

174 1579 240 1621 σεως
258 1552 353 1628 θμόοε·
371 1552 416 1610 καὶ
432 1550 606 1631 συρράξαντες
620 1548 725 1628 πληγάς
744 1549 803 1606 κατ’
825 1548 950 1621 ἀλλήλοιν

175 1645 295 1726 φέρουσιν
312 1640 436 1719 ἷοχυρδις,
447 1641 476 1699 οὗ
492 1640 547 1716 μὴν
568 1638 699 1717 καιρίους,
715 1641 729 1696 δ
745 1635 793 1712 μὶν
814 1636 952 1717 ἱππάρχης

176 1734 211 1798 είς
232 1731 266 1789 τά
282 1729 376 1809 στέρνα
388 1733 433 1786 τοῦ
453 1727 591 1804 Μαμιλίου
612 1724 655 1784 δεδι
665 1731 710 1784 τοῦ
724 1724 841 1805 θώρακος
856 1727 952 1793 έλάοας

176 1822 223 1891 τήν
249 1817 398 1899 αἱχμήν,δ
423 1817 451 1876 δέ
480 1817 616 1894 Μαμίλιος
634 1814 714 1891 μέσον
738 1815 886 1894 περονήσας
908 1815 952 1875 τὸν

176 1907 255 1976 δεξιόν
280 1905 378 1965 ἐκείνου
410 1904 553 1986 βραχίονα·
584 1909 629 1963 καὶ
653 1903 796 1963 πίπτουσιν
819 1904 871 1962 ἀπὸ
900 1907 951 1962 τῶν

174 1997 276 2059 ἰ’ππων.

215 2089 279 2149 ΧΙΙ.
294 2079 545 2159 Ἀποκομιοθέντων
553 2080 580 2140 δέ
592 2077 747 2161 ἀμφοτέρων
757 2081 787 2137 ἐκ
798 2082 846 2152 τῆς
859 2079 951 2160 μάχης

175 2180 189 2236 θ
213 2173 369 2251 τεταγμένος
393 2163 465 2237 αθθις
489 2169 630 2247 Ῥωμαίων
655 2165 817 2247 πρεσάευτής
843 2167 952 2248 Μάρκος

175 2263 321 2342 Οίιαλίριος
331 2261 379 2333 τήν
392 2266 437 2320 τοῦ
457 2259 594 2340 ἱππάρχου
611 2252 781 2336 παρειληφώς
795 2259 949 2335 ἡγεμονίαν,

176 2350 285 2418 ἀπιστάς
314 2358 367 2418 τοῖς
388 2352 453 2429 ἀμφ’
470 2349 549 2409 αὐτὸν
575 2350 700 2406 ἱππεῦσιν
724 2345 769 2405 iuri
797 2344 858 2413 τοὺς
881 2347 950 2407 κατά

174 2442 325 2523 πρόσωπον,
353 2437 399 2497 καὶ
432 2439 524 2517 μικρὸν
551 2435 721 2516 ἀντισχόντας
744 2434 838 2514 χρόνον
862 2434 953 2504 ἐξωθεῖ

73 2572 76 2579 ,
175 2537 222 2602 τῆς
231 2528 327 2599 τάξεως
342 2527 470 2588 inrecid-
485 2520 533 2599 ῆκε
553 2526 580 2585 δὲ
593 2526 638 2585 καὶ
651 2523 753 2590 τούτοις
768 2526 798 2582 ἐκ
808 2528 860 2582 τῶν
871 2525 952 2606 φυγά·

174 2622 226 2680 δων
244 2624 295 2679 τῶν
313 2620 343 2676 ίκ
362 2616 471 2690 Ῥώμης
492 2614 595 2676 ἱππέων
614 2638 643 2674 τε
664 2614 710 2674 καὶ
728 2616 811 2694 ψιλῶν
823 2615 951 2694 βοήθεια,

174 2709 246 2770 καὶθ
264 2707 402 2782 Μαμιλιος
413 2702 560 2786 ἀνειληφὼς
574 2706 603 2763 ἐκ
619 2708 666 2775 τῆς
679 2705 783 2780 πληγῆς
797 2705 888 2763 ἑαυτὸν
898 2705 951 2778 ήδη

175 2800 265 2877 παρῆν
283 2787 365 2871 υθθις,
384 2795 455 2872 άγων
469 2795 568 2866 πλῆθος
576 2791 680 2852 ἱππέων
694 2815 722 2851 τε
732 2791 778 2851 καὶ
792 2796 877 2864 πεζῶν
887 2817 953 2875 καρ-

176 2886 265 2966 τερόν·
289 2887 315 2944 ἒν
336 2885 421 2964 τούτῳ
435 2887 473 2965 τῷ
495 2886 575 2960 ἀγῶνι
590 2881 645 2941 δτι
658 2880 820 2959 πρεοθευτῆς
843 2884 953 2962 Μάρκος

176 2975 330 3051 Οὐαλέριος,
347 2977 360 3031 δ
387 2974 430 3032 τὸν
445 2972 516 3031 κατδ
531 2970 654 3030 initian
676 2973 779 3047 πρῶτος
803 2969 951 3048 εἰσαγαγών

120 3088 125 3119 ;
175 3062 313 3143 θρίαμόον,
329 3062 373 3121 καὶ
389 3059 419 3118 τδ
434 3059 556 3140 φρόνημα
571 3062 618 3129 τῆς
639 3055 740 3122 πόλεως
758 3056 951 3133 τεταπεινωμέ-

175 3177 218 3212 νον
233 3155 263 3211 έκ
278 3156 322 3210 τοῦ
336 3153 500 3228 Τυρρηνικοῦ
525 3146 667 3223 πτώματος
678 3145 846 3216 ἀναστήσας,
860 3146 951 3224 δόρατι

175 3239 283 3318 πληγεὶς
310 3238 409 3308 πίπτει,
442 3236 487 3295 καὶ
525 3235 586 3312 περὶ
618 3232 696 3292 αὐτὸν
719 3232 794 3290 ἄλλοι
809 3230 950 3309 Ῥωμαίων

175 3327 267 3387 πολλοὶ
282 3326 327 3384 καὶ
348 3324 449 3402 ἀγαθοί,
495 3323 563 3403 Περὶ
578 3322 605 3381 δὲ
618 3325 656 3402 τῷ
673 3319 797 3396 πτώματι
812 3323 891 3380 αὐτοῦ
910 3325 950 3398 γί-

174 3439 244 3475 νεται
253 3415 379 3495 καρτερὸς
397 3411 476 3489 ἀγών,
493 3412 612 3470 Ποπλίου
629 3409 674 3468 καὶ
689 3409 801 3489 Μάρκου
816 3413 868 3470 τῶν
887 3413 949 3470 llo·

174 3502 287 3563 πλικόλα
299 3501 400 3558 παίδων
411 3499 453 3558 τὸν
465 3501 532 3556 θεῖον
542 3496 788 3578 ίιπερασπιοοίντων.
833 3496 949 3557 Ἐκεῖνον

177 3590 226 3666 μέν
241 3583 285 3650 οῦν
301 3588 459 3649 ἀσκύλευτόν
471 3588 555 3648 τεκαὶ
572 3587 665 3668 μικρὸν
677 3584 716 3644 ἔτι
732 3584 878 3662 ἐμπνέοντα
897 3595 950 3656 τοῖς

176 3680 355 3745 ὑπασπισταῖς
371 3676 507 3743 ἀναθέντες
526 3678 683 3739 ἀπέστειλαν
697 3675 742 3734 bri
762 3675 805 3735 τδν
829 3676 948 3758 χάρακα,

176 3768 249 3825 αὐτοὶ
268 3768 295 3825 δὲ
313 3771 349 3832 εἰς
374 3763 469 3842 μέσους
483 3763 542 3831 τοῦς
558 3763 701 3839 πολεμίους
720 3763 770 3821 ὑπὸ
787 3765 908 3840 λήματός
922 3788 950 3823 τε

174 3855 219 3914 καὶ
233 3857 378 3935 προθυμίας
398 3853 541 3930 ὠσάμενοι,
571 3851 716 3910 καὶπολλὰ
743 3852 883 3930 τραύματα
901 3855 950 3911 λα-

174 3942 261 4011 θόντες
277 3946 376 4022 ἀθρόων
390 3942 583 4024 περιχυθέντων
597 3940 671 4022 σφίσι
681 3943 734 3998 τῶν
744 3941 867 4020 φυγάδων
887 3943 950 3999 ἀπο·

174 4032 327 4100 θνήσκουσιν
343 4034 411 4109 ἅμα.
455 4031 607 4099 Ἐξωθεῑται
617 4028 644 4087 δέ
658 4029 725 4106 μετὰ
737 4033 813 4087 τοῦτο
824 4027 854 4086 τδ
868 4029 950 4096 πάθος

173 4124 190 4191 ἠ
207 4116 348 4192 Ῥωμαίων
363 4119 465 4197 φάλαγξ
482 4119 534 4178 ἀπὸ
547 4121 599 4177 τῶν
615 4120 761 4196 ἀριστερῶν
777 4115 887 4175 έπιπολῦ
902 4117 949 4177 καὶ

174 4208 254 4289 μέχρι
269 4211 320 4265 τῶν
337 4208 424 4284 μέσων
438 4208 651 4288 παρερρήγνυτο.
693 4201 810 4268 Ἔπειτα
830 4205 949 4282 μαθώνθ

174 4293 357 4373 δικτάτωρτλν
369 4294 525 4374 τροπὴντιῦν
532 4294 663 4378 σφετέρων
671 4292 773 4365 ἐθοήθει
782 4293 851 4353 κατδι
858 4295 947 4375 τάχος,

132 4404 143 4439 s
174 4385 243 4462 άγων
261 4383 319 4450 τοὺς
344 4385 405 4462 περὶ
432 4385 512 4443 αὐτὸν
542 4389 640 4452 ἱππεῖς.
683 4383 821 4451 Κελεῦσας
854 4383 882 4442 δὲ
903 4385 947 4445 τὸν

175 4475 262 4552 ἕτερον
281 4471 456 4554 πρεσόευτήν,
472 4477 552 4533 Τῖτον
581 4472 734 4552 Ἑρμήνιον,
762 4473 822 4546 ἴλην
845 4475 948 4534 ἱππέων

176 4564 271 4642 άγοντα
297 4563 366 4623 κατὰ
392 4561 474 4620 νώτου
502 4573 599 4643 χωρεῖν
625 4569 672 4635 τῆς
695 4563 822 4646 σφετέρας
846 4563 948 4644 φάλαγ·

174 4679 218 4732 γος
239 4653 357 4720 καὶτοὺς
377 4651 520 4733 φεύγοντας
545 4655 729 4733 ἐπιστρέφειν,
750 4655 772 4711 εί
787 4652 814 4712 δέ
828 4651 865 4730 μῆ
889 4653 947 4711 πεί-

174 4750 270 4818 θοιντο,
290 4746 454 4811 ἀποκτεῖναι,
482 4740 558 4807 αὐτὸς
580 4741 636 4818 ἅμα
658 4751 711 4808 τοῖς
734 4741 884 4821 κρατίστοις
904 4741 947 4800 tul

77 4891 84 4906 ι
173 4831 202 4886 τὸ
224 4834 312 4911 στῖφος
324 4832 441 4890 ὠθεῖται.
486 4830 608 4901 Κάπειδή
619 4830 729 4901 πλησίον
747 4834 799 4888 τῶν
813 4828 947 4905 πολεμίων

173 4917 286 4994 ἐγένετο,
307 4925 409 4997 πρῶτος
424 4918 567 4977 εἰσελαύνει
584 4919 625 4978 τὸν
639 4917 719 4979 ἵππον
737 4918 884 5000 ἀφειμένων
896 4922 948 4977 τῶν

173 5005 299 5079 χαλινῶν.
342 5009 447 5087 Ἀθρόας
463 5007 490 5067 δὲ
506 5008 647 5086 γενομένης
668 5009 715 5068 καὶ
731 5010 948 5080 καταπληκτικῆς

173 5090 358 5164 τῆςὲλᾶσεως,
385 5099 414 5153 οὐ
443 5097 578 5173 δεξάμενοι
595 5098 625 5156 τὸ
652 5097 760 5172 μανικὸν
786 5099 872 5155 αὐτῶν
902 5095 947 5155 καὶ

174 5179 365 5260 τεθηριωμένον
396 5185 420 5240 οἱ
439 5186 560 5260 πολέμιοι
584 5186 725 5266 τρέπονται
750 5186 796 5244 καὶ
821 5185 948 5245 πίπτουσι

695 364 863 425 DIONYSll
888 362 1264 426 HAlICARlesuNSlS

1006 495 1113 561 viroque
1126 495 1180 548 eius
1191 511 1293 562 corpore
1305 496 1411 557 sublato,
1423 497 1518 547 nullum
1532 500 1618 561 postea
1636 512 1783 563 ςυοοτοευιιι

1005 584 1099 635 laclnm
1110 585 1249 646 ediderunt,
1265 586 1308 636 sed
1320 585 1494 636 invadentibus
1506 586 1622 637 Romanis
1635 588 1721 650 pedem
1738 605 1779 642 re·

1005 674 1111 724 ferentes
1123 673 1244 725 cedebant
1258 693 1265 723 :
1286 678 1372 738 postea
1384 687 1444 724 vero
1462 688 1550 725 rursus
1562 677 1732 739 constiterunt,
1755 683 1782 731 et

1006 761 1072 825 signa
1087 776 1207 813 conversa
1230 764 1254 813 in
1274 763 1358 813 hostes
1372 762 1515 824 intulerunt,
1536 763 1594 826 quis
1612 767 1703 816 Sextus
1718 768 1783 819 alter

1005 850 1131 913 Tarquinii
1145 849 1212 902 lilius
1224 865 1283 901 cum
1301 851 1416 901 llornanis
1428 851 1558 902 exsulibus
1571 856 1597 903 et
1607 853 1662 903 aliis
1681 853 1783 906 delectis

1006 940 1130 1001 equitibus
1150 939 1259 990 subsidio
1282 940 1329 990 illis
1360 939 1434 990 venit.
1468 940 1514 991 isti
1539 940 1615 1005 igitur
1650 944 1784 1007 resumptis

1006 1027 1095 1076 animis
1107 1028 1219 1091 proelium
1231 1027 1404 1092 redintegrant.
1438 1029 1572 1091 Utriusque
1584 1043 1642 1079 vero
1661 1030 1723 1082 aci&
1736 1030 1784 1082 du-

1006 1129 1057 1178 ces,
1079 1119 1108 1166 Τ.
1122 1116 1237 1166 AEbutius
1254 1120 1280 1166 et
1303 1116 1422 1166 Octavius
1444 1117 1575 1177 Mamilius,
1597 1130 1656 1167 cum
1673 1119 1784 1170 omniurn

1005 1204 1076 1268 longe
1102 1204 1234 1255 lenissime
1259 1207 1402 1268 pugnarent,
1425 1208 1451 1255 et
1479 1203 1565 1255 hostes
1581 1205 1629 1255 sibi
1656 1209 1784 1271 oppositos

1006 1293 1170 1357 profligarent,
1188 1306 1359 1357 quamcunque
1375 1293 1402 1343 ln
1422 1296 1518 1356 partem
1542 1307 1569 1344 se
1596 1296 1741 1359 vertissent,
1757 1302 1784 1348 et

1006 1394 1066 1431 suos
1081 1381 1235 1444 perturbatos
1252 1381 1277 1431 iu
1293 1381 1372 1432 aciem
1394 1381 1567 1440 restituerent,
1581 1395 1609 1432 sc
1626 1382 1733 1434 invicem
1752 1384 1784 1435 ad

1006 1475 1127 1523 certamen
1143 1475 1303 1534 provocantes
1326 1472 1423 1523 infestis
1436 1472 1513 1523 armis
1527 1477 1713 1535 concurrerunt,
1731 1477 1784 1526 iac·

1009 1563 1085 1625 taque
1103 1561 1262 1626 impressione
1282 1561 1366 1625 gravia
1388 1575 1438 1611 non
1457 1566 1540 1612 lernen
1566 1561 1658 1613 letalia·
1680 1564 1781 1613 vulnera

1006 1653 1096 1701 mutuo
1117 1650 1254 1701 intulerunt
1271 1653 1297 1701 et
1314 1654 1471 1714 acceperunt,
1492 1651 1604 1714 equiturn
1622 1652 1737 1714 magister
1758 1652 1782 1702 ln

1009 1742 1096 1804 pectus
1115 1739 1217 1789 llamilii
1233 1739 1304 1789 basta
1325 1753 1369 1802 per
1380 1739 1508 1790 thoracem
1522 1742 1596 1800 acta,
1615 1743 1642 1790 at
1658 1740 1782 1792 llamilius

1006 1828 1072 1879 illins
1086 1828 1173 1879 dextro
1183 1828 1284 1879 brachio
1301 1827 1512 1879 mediotransiixo
1524 1831 1569 1880 :et
1584 1829 1658 1881 ambo
1670 1843 1698 1881 ex
1712 1830 1783 1894 equis

1006 1915 1159 1967 deciderunt.

1038 2094 1091 2142 llll.
1109 2090 1234 2142 Ambobus
1255 2096 1340 2144 autern
1358 2106 1390 2144 ex
1413 2093 1467 2143 acic
1491 2092 1582 2153 relatis,
1601 2095 1636 2144 ll.
1661 2095 1781 2161 Valerius,

1006 2184 1100 2250 legatus
1118 2188 1293 2247 Romanorum,
1310 2198 1366 2235 cum
1391 2185 1416 2235 in
1439 2186 1520 2236 locum
1541 2185 1650 2247 magistri
1666 2187 1781 2250 equitum

1006 2279 1173 2341 successisset,
1186 2293 1242 2330 cum
1256 2280 1380 2342 equitibus
1394 2280 1484 2330 restitit
1492 2278 1604 2330 hostibus
1615 2293 1629 2328 a
1639 2281 1719 2332 trente
1733 2277 1780 2330 sibi

1006 2375 1134 2438 oppositis,
1155 2386 1247 2436 eosque
1264 2387 1320 2423 cum
1343 2371 1438 2422 diutius
1457 2371 1575 2438 impetum
1589 2372 1708 2423 sustinere
1731 2386 1781 2422 nou

1007 2470 1114 2530 possent,
1125 2480 1184 2517 mox
1197 2466 1229 2517 ab
1240 2466 1293 2515 acle
1304 2464 1394 2515 deiecit
1411 2482 1417 2514 ι
1433 2464 1546 2515 exsulum
1562 2469 1644 2516 eutem
1658 2467 1781 2517 Romano·

1007 2572 1060 2611 rum
1080 2561 1206 2624 equitatus
1225 2564 1250 2610 et
1269 2560 1331 2609 levis
1344 2561 1478 2609 armaturea
1501 2559 1592 2609 milites
1605 2558 1716 2610 subsidio
1736 2558 1787 2612 illis

1007 2659 1125 2706 venerunt
1138 2658 1163 2706 et
1171 2655 1305 2714 Mamilius,
1325 2667 1384 2703 cum
1394 2666 1422 2704 se
1435 2666 1466 2702 ex
1480 2651 1583 2703 vulnere
1600 2652 1747 2719 subegisse,
1758 2654 1786 2706 br

1007 2749 1084 2798 aciem
1100 2762 1214 2798 reversus
1230 2751 1268 2798 est
1280 2761 1339 2797 cum
1354 2745 1435 2796 valida
1448 2759 1523 2796 manu
1537 2750 1563 2796 el
1576 2747 1688 2810 equitum
1698 2750 1724 2798 et
1736 2761 1782 2813 pe·

1006 2843 1085 2893 ditum
1106 2843 1194 2892 leviter
1210 2844 1370 2892 armatorum.
1404 2842 1432 2890 ln
1447 2839 1496 2890 hoc
1512 2839 1598 2904 proelio
1614 2842 1711 2891 Marcus
1731 2844 1782 2891 va·

1005 2934 1079 2982 lenius
1088 2933 1191 2995 legatus,
1206 2931 1249 2996 qui
1260 2933 1352 2995 primus
1362 2933 1394 2982 de
1406 2931 1501 2983 Sabinis
1513 2932 1680 2997 triumphavit,
1690 2932 1781 2997 quique

1005 3026 1099 3076 animos
1113 3026 1196 3089 populi
1209 3027 1310 3075 Romani
1323 3025 1355 3075 ob
1369 3024 1463 3076 cladem
1486 3024 1519 3077 ab
1529 3026 1638 3077 Etruscis
1655 3030 1782 3092 acceptum

1005 3120 1112 3170 deiectos
1128 3119 1219 3178 erexit,
1235 3119 1308 3168 hasta
1323 3120 1385 3169 ictus
1403 3119 1502 3184 cncidit,
1516 3122 1543 3171 ct
1556 3119 1622 3170 circa
1638 3134 1697 3172 enm
1710 3120 1783 3172 mulli

1005 3213 1044 3264 alii
1058 3212 1160 3263 Romani
1179 3213 1266 3276 egregii
1281 3216 1306 3262 et
1325 3213 1402 3264 sortes
1423 3214 1470 3265 riri
1489 3234 1496 3265 ι
1520 3217 1545 3265 et
1559 3214 1625 3265 eirca
1649 3216 1725 3279 ipsius
1742 3229 1783 3266 ca·

1005 3309 1082 3359 darer
1099 3322 1155 3358 acre
1174 3309 1291 3372 prmliuru
1307 3309 1467 3359 commissum
1486 3313 1533 3372 est,
1549 3311 1638 3362 Publio
1659 3316 1685 3362 el
1698 3315 1782 3363 blanco

1005 3402 1135 3465 Poplicolae
1158 3402 1214 3453 lillis
1249 3407 1364 3466 patruum
1395 3405 1588 3466 protegentibus.
1621 3407 1682 3455 Cum
1709 3406 1783 3469 igibar

1004 3490 1073 3547 illum
1088 3494 1243 3558 inspoliatum
1262 3498 1287 3546 et
1307 3495 1389 3545 adbuc
1412 3496 1546 3560 spirantem
1564 3498 1691 3562 armigeris
1701 3498 1781 3549 tradi-

1005 3589 1148 3651 dissentia
1170 3592 1251 3640 castra
1273 3589 1432 3650 remiserunt,
1451 3589 1547 3653 ipsique
1563 3592 1645 3642 animo
1661 3593 1783 3642 concitabo

1004 3686 1030 3734 et
1044 3696 1140 3734 sununs
1157 3696 1213 3733 cum
1237 3682 1364 3734 alacritate
1375 3682 1401 3732 in
1423 3683 1516 3734 medios
1534 3683 1617 3736 hostes
1631 3699 1686 3738 sese
1706 3687 1783 3752 conji-

1004 3776 1104 3836 cientes,
1121 3776 1229 3839 acceptis
1250 3777 1334 3828 multis
1352 3775 1497 3827 vulneribus
1523 3793 1537 3828 a
1552 3783 1666 3832 contortis
1684 3784 1710 3831 ei
1730 3781 1782 3831 cir·

1005 3863 1125 3913 cumlusis
1150 3863 1296 3924 exsulibus,
1328 3863 1402 3914 simul
1423 3867 1597 3917 occubuerunt.
1630 3869 1689 3917 Post
1705 3868 1779 3917 istum

1006 3965 1091 4001 casum
1105 3953 1214 4000 Romana
1226 3951 1291 4000 acies
1309 3965 1324 4000 a
1345 3952 1446 4002 sinistro
1460 3967 1539 4004 cornu
1554 3955 1621 4016 louge
1632 3956 1705 4016 atque
1717 3954 1779 4006 adeo

1003 4054 1081 4103 usque
1100 4040 1131 4089 ed
1153 4039 1256 4089 mediam
1272 4040 1348 4090 aciem
1369 4042 1503 4105 locopulsa
1522 4046 1566 4094 est.
1598 4045 1629 4092 st
1649 4046 1779 4106 postquam

1003 4129 1108 4178 dictator
1121 4127 1294 4178 animadvertit
1308 4142 1367 4177 suos
1380 4129 1431 4178 iam
1444 4130 1475 4179 ad
1496 4130 1577 4196 lugam
1592 4129 1725 4192 inclinatos,
1735 4144 1777 4180 ce·

1004 4217 1086 4267 leniter
1097 4230 1153 4265 cum
1165 4215 1297 4280 equitibus,
1313 4229 1376 4278 quos
1394 4216 1459 4267 circa
1478 4232 1504 4268 se
1528 4218 1640 4278 lubebat,
1657 4219 1704 4269 illis
1716 4218 1778 4268 sub-

1004 4305 1066 4356 sidio
1078 4305 1154 4354 venit.
1188 4307 1266 4364 nique
1280 4304 1368 4354 iubens
1388 4307 1492 4356 alterum
1507 4308 1629 4370 legatum,
1642 4310 1669 4358 Τ.
1684 4309 1778 4357 llermi·

1003 4394 1080 4455 nium,
1093 4407 1150 4442 cum
1162 4393 1272 4455 equitum
1287 4394 1326 4442 ala
1339 4408 1353 4443 a
1366 4397 1434 4458 tergo
1444 4409 1496 4444 suso
1511 4397 1572 4446 aciei
1586 4395 1746 4457 circumvehi,
1756 4401 1781 4447 et

1003 4493 1105 4530 suorum
1129 4480 1211 4542 lugam
1240 4480 1333 4541 sistere,
1355 4496 1447 4545 eosque
1464 4482 1510 4532 nisi
1528 4489 1641 4545 parerent
1660 4483 1779 4543 occidere,

1004 4573 1055 4636 ipse
1067 4585 1115 4619 uno
1126 4584 1180 4618 oum
1192 4569 1330 4621 lectissimis
1342 4573 1479 4634 quibusque
1492 4573 1515 4619 in
1526 4574 1663 4622 consertum
1672 4575 1780 4624 hostium

1003 4673 1090 4720 agmen
1110 4658 1298 4720 impressionem
1325 4661 1395 4710 lacit.
1429 4664 1509 4721 Atque
1534 4659 1578 4707 ubi
1608 4664 1708 4724 propius
1750 4662 1780 4711 ad

1003 4748 1088 4797 hostes
1109 4748 1221 4807 necessit,
1246 4749 1340 4809 primus
1352 4749 1377 4797 in
1395 4762 1437 4798 eos
1457 4758 1549 4808 equum
1568 4744 1671 4799 habenis
1693 4752 1782 4801 laxetis

1003 4835 1144 4887 concitavit.
1177 4839 1255 4886 Tanta
1269 4840 1351 4885 antem
1370 4840 1396 4886 et
1408 4841 1459 4885 lam
1483 4834 1598 4884 terribilis
1622 4837 1669 4887 luit
1683 4841 1721 4887 vis
1734 4840 1780 4886 irn-

1004 4929 1082 4990 pelus,
1098 4926 1125 4971 ut
1135 4923 1219 4973 hostes
1236 4925 1343 4974 sororem
1355 4924 1423 4972 illum
1435 4927 1461 4972 et
1474 4921 1601 4974 efferatam
1618 4927 1710 4976 rabiem
1729 4937 1780 4972 uon

1003 5013 1151 5063 sustinentes
1166 5016 1234 5075 terga
1249 5013 1381 5072 vorterent,
1402 5013 1512 5062 etmulti
1525 5015 1649 5066 caderent.
1683 5013 1780 5061 interes

1004 5115 1062 5152 uero
1081 5100 1171 5163 etipse
1187 5099 1283 5165 legatus
1301 5099 1451 5164 Herminius,
1475 5117 1534 5156 suus
1556 5119 1587 5154 ex
1606 5112 1696 5165 parere
1713 5100 1779 5165 luges

1002 5192 1130 5257 recipiens,
1144 5192 1311 5250 continuatos
1322 5189 1394 5242 duxit
1405 5193 1430 5244 in
1450 5196 1533 5248 hostes
1542 5195 1585 5258 qui
1598 5207 1655 5243 cum
1670 5194 1780 5244 llamllio
