3772 5828
160 371 219 429 188

157 507 298 580 τωθασμοῦ
311 525 341 562 τε
355 501 401 562 καὶ
415 507 462 562 τοῦ
477 502 604 583 θορύδου·
626 529 638 556 ε
656 505 728 562 Παῖε
742 507 860 584 θαρρῶν,
875 503 937 583 ἐφη,

159 619 172 644 ι
194 590 341 672 Ταρκύνιε,
356 589 403 662 τήν
426 590 523 664 ἀκόνην
543 595 578 657 ῶς
595 597 724 673 προαιρῇ·
746 592 940 671 διαιρεθήσεται

160 709 172 733 ·
193 683 256 762 γάρ,
272 680 290 753 ἢ
308 681 423 761 πάσχειν
442 685 528 741 iricio
550 681 652 758 ἕτοιμος
675 682 738 759 ἐγώ.
757 706 771 736 ν
788 683 939 760 Θαυμάσας

158 771 213 830 ili
230 769 351 852 βασιλεὺς
365 771 394 828 τό
410 770 504 849 θράσος
517 776 561 829 τοῦ
577 771 706 846 μάντεως,
723 772 797 851 φέρει
814 771 845 829 τὸ
864 769 939 850 ξυρὸν

120 877 134 914 θ
159 860 229 920 κατά
241 863 289 930 τῆς
304 857 446 929 ἀκόνης·ἡ
468 859 492 917 δ’
516 858 590 934 ἀκμὴ
605 863 650 917 τοῦ
676 858 797 936 σιδήρου,
820 858 853 915 δι’
878 859 939 916 ὅλου

160 951 322 1008 κατελθοῦσα
336 951 381 1005 τοῦ
399 945 481 1018 λίθου,
496 945 546 1017 τήν
560 944 583 1004 τ’
595 947 691 1018 ἀκόνην
708 947 819 1026 διαιρεῖ,
835 947 940 1017 καὶτῆς

160 1037 324 1116 κατεχούσης
333 1034 416 1106 αὐτὴν
430 1034 518 1115 χειρὸς
529 1035 662 1111 ἐπιτέμνει
675 1058 701 1092 τι
712 1033 800 1114 μέρος.
842 1038 878 1096 Οἱ
892 1034 939 1112 μέν

160 1119 204 1187 σύν
219 1129 294 1186 ἄλλοι
315 1125 423 1196 πάντας,
442 1128 477 1191 ῶς
491 1125 521 1183 τὸ
544 1123 696 1199 θαυμαστὸν
719 1127 796 1182 τοῦτο
811 1122 857 1182 καλ
877 1121 940 1181 ἀπι-

160 1238 221 1273 στον
237 1214 311 1293 έργον
325 1212 465 1272 ἐθεάσαντο
480 1212 693 1291 καταπλαγέντες
706 1211 868 1284 ἀνεύόησαν·
884 1211 939 1270 ύδί

108 1333 134 1374 io
159 1301 321 1385 Ταρκύνιος,
335 1301 461 1367 αἰδεσθείς
475 1300 519 1360 ἐπὶ
533 1305 566 1380 τῆ
582 1301 705 1380 διαπείρᾳ
716 1303 763 1370 τῆς
777 1302 881 1378 τέχνης,
893 1298 940 1359 καλ

160 1393 190 1451 τδ
201 1391 316 1473 ἀπρεπὲς
327 1393 380 1448 τῶν
392 1391 547 1464 ὀνειδισμῶν
562 1388 797 1466 ἐπανορθώσασθαι
812 1387 940 1468 βουλόμε-

158 1504 213 1553 νος,
228 1487 335 1562 πρῶτον
353 1477 399 1555 μέν
415 1484 468 1538 τῶν
491 1479 552 1559 περί
575 1478 622 1545 τάς
636 1476 719 1558 φυλάς
735 1477 937 1558 ἐγχειρημάτων

160 1571 280 1643 ἀπέστη,
292 1569 384 1628 ἔπειτα
399 1568 427 1627 δὲ
440 1569 518 1628 αάτδν
535 1567 580 1626 τὸν
596 1567 707 1626 Ναίόιον
724 1570 939 1644 ἀποθεραπεῦσαι

160 1659 292 1740 διαγνούς,
307 1662 343 1727 ῶς
353 1657 478 1718 ἀπάντων
494 1658 638 1737 ἀνθρώπων
655 1654 869 1737 θεοφιλέστατον,
886 1653 937 1714 ἀλ·

107 1774 132 1814 ιε
159 1750 217 1817 λαις
231 1771 261 1807 τε
276 1749 387 1813 πολλαῖς
413 1745 622 1828 φιλανθρωπίαις
649 1744 818 1822 ὑπηγάγετο,
837 1744 939 1805 καλίνα

159 1838 266 1917 μνήμης
296 1837 401 1897 αἰωνίου
424 1837 543 1916 τυγχάνῃ
567 1836 640 1913 παρά
661 1838 713 1894 τῶν
740 1835 938 1912 ἐπιγινομένων,

160 1928 246 1988 εἰκόνα
271 1925 474 1992 κατασκευάσας
502 1927 582 1984 αὐτοῦ
601 1925 715 2004 χαλκῆν,
743 1921 885 1995 ἀνέστησεν
912 1925 940 1983 ἐν

159 2019 252 2098 ἀγορᾷ,
264 2015 282 2088 ή
296 2017 341 2075 καὶ
357 2017 393 2084 είς
407 2015 454 2094 ἐμὲ
469 2006 502 2087 ήν
515 2015 553 2074 irc
566 2015 617 2093 πρὸ
628 2018 672 2071 τοῦ
687 2013 873 2091 βουλευτηρίου
885 2035 940 2071 κει·

160 2106 226 2185 μένη
247 2104 361 2178 πλησίον
378 2109 425 2177 τῆς
439 2107 512 2183 ἱερᾶς
534 2108 632 2173 συκῆς,
650 2101 765 2161 ἐλάττων
783 2100 876 2180 ἀνδρὸς
891 2125 938 2176 με·

105 2222 133 2263 no
158 2195 232 2275 τρίου
246 2200 295 2269 τήν
310 2193 452 2275 περιύολὴν
463 2195 559 2272 ἔχουσα
570 2190 639 2251 κατδι
648 2195 695 2264 τῆς
705 2194 837 2271 κεφαλῆς·
853 2191 940 2270 ὀλίγον

62 2348 65 2353 ,
160 2285 188 2345 δέ
204 2286 308 2344 drocen
325 2285 406 2353 αὐτῆς
420 2280 439 2353 ἥ
451 2305 480 2342 τε
496 2281 579 2353 ἀκόνη
594 2279 738 2362 κεκρύφθαι
753 2278 858 2357 λέγεται
870 2279 940 2338 κατά

160 2380 209 2453 γῆς
222 2376 268 2434 καί
282 2373 313 2432 τδ
327 2372 401 2452 ξυρὸν
415 2371 466 2430 ύπδ
489 2374 573 2450 βωμῷ
587 2392 651 2429 τινι·
666 2370 788 2428 καλεῖται
804 2365 831 2428 δέ
846 2367 940 2447 Φρέαρ

161 2461 267 2528 ὁτόπος
291 2461 343 2519 ύπδ
362 2464 414 2518 τῶν
431 2458 586 2536 Ῥωμαίων.
631 2457 685 2518 Kal
705 2457 737 2517 τά
756 2456 804 2534 μὲν
816 2454 876 2536 περὶ
893 2461 939 2515 τοῦ

161 2550 279 2630 μάντεως
292 2549 385 2609 τούτου
407 2548 623 2626 μνημονευόμενα
636 2546 720 2605 ταῦτά
735 2548 818 2606 ἐστιν.

106 2662 133 2703 aa
201 2641 313 2701 Lxxil.
324 2635 451 2702 Βασιλεὺς
462 2637 490 2697 δέ
500 2632 878 2714 Ίάρκύνιος,ἀναπεπαυμίνος
888 2632 939 2705 ήδη

160 2730 212 2787 τῶν
223 2728 373 2806 πολεμικῶν
387 2725 470 2804 ἔργων
480 2723 523 2783 διδ
537 2727 633 2803 γῆρας·
648 2713 681 2796 ήν
692 2722 745 2803 γδιρ
755 2719 941 2800 ὀγδοηκονταέ-

161 2841 223 2892 της·
239 2814 419 2898 δολοφονηθελς
437 2813 488 2872 isi
501 2816 553 2870 τῶν
573 2809 670 2889 Ἄγκου
695 2809 816 2893 Μαρκίου
836 2810 938 2868 παίδων

161 2906 331 2979 ἀποθνήσκει,
341 2901 566 2984 ἐπιχειρησάντων
576 2899 623 2978 μέν
630 2900 669 2959 ἔτι
681 2899 806 2981 πρότερον
817 2897 938 2958 ἐκύαλεῖν

160 2999 239 3057 αὐτὸν
251 2998 282 3054 ἐκ
295 2998 341 3066 τῆς
356 2995 440 3074 ἀρχῆς
454 2990 499 3050 καί
518 2989 605 3049 πολλὰ
619 2993 656 3056 εἰς
667 2994 744 3048 τοῦτο
759 3010 936 3066 πραγματευ-

105 3119 133 3161 30
161 3076 300 3162 σαμένων,
327 3084 387 3141 κατ’
412 3078 505 3139 ἐλπίδα
531 3084 577 3137 τοῦ
608 3080 759 3156 περιπεσεῖν
785 3077 820 3140 εἰς
845 3073 938 3141 αὐτούς

159 3177 313 3240 ἐκπεσόντος
334 3175 433 3232 ἐκείνου
452 3167 501 3239 τήν
520 3166 690 3235 δυναστείαν,
706 3165 740 3230 ῶς
763 3162 794 3233 δὴ
810 3159 937 3241 πατρῴαν

159 3265 248 3349 σφίσιν
264 3263 434 3342 ὑπάρχουσαν
449 3256 495 3316 καὶ
507 3258 537 3314 ἐκ
551 3261 595 3316 τοῦ
612 3253 706 3337 ῥᾴστου
720 3252 784 3332 πρδς
797 3255 848 3310 τῶν
863 3255 939 3312 πολι·

159 3360 211 3416 τῶν
227 3350 414 3429 δοθησομένην.
456 3346 535 3407 Ἐπεί
549 3343 575 3404 δέ
591 3343 735 3424 διήμαρτον
749 3345 794 3412 τῆς
809 3342 935 3414 ἐλπίδος,

159 3445 301 3515 ἐπιδουλὴν
317 3441 431 3521 ἄφυκτον
446 3435 504 3496 κατ’
514 3438 593 3494 αὐτοῦ
609 3433 831 3511 ἐμηχανήσαντο,
846 3431 879 3503 ἣν
890 3433 937 3488 οὐκ

106 3564 133 3606 35
160 3532 246 3591 είασεν
260 3527 425 3603 ἀτιμώρητον
440 3524 558 3603 γενέσθαι
571 3523 601 3581 τδ
616 3520 759 3598 δαιμόνιον.
802 3520 936 3597 Διηγήσο·

161 3642 209 3696 μαι
224 3620 250 3676 δὲ
265 3616 310 3675 καὶ
323 3614 365 3672 τδν
378 3618 425 3683 τῆς
439 3611 578 3680 ἐπιύουλῆς
590 3611 687 3689 τρόπον
703 3608 755 3667 ἀπὸ
769 3612 817 3680 τῆς
830 3606 937 3689 πρώτης

161 3708 346 3789 ἐπιχειρήσεως
354 3706 438 3763 αὐτῶν
449 3700 600 3781 ἀρξάμενος.
632 3698 664 3759 ‘0
679 3697 789 3767 Ναίύιας
803 3699 909 3771 ἐκεῖνος,
923 3701 937 3756 θ

160 3799 242 3862 δεινὸς
261 3793 447 3869 οἰωνομάντις,
472 3789 500 3849 δν
524 3789 589 3871 ἔφην
608 3786 795 3859 ἐναντιωθῆναί
815 3810 880 3846 ποτε
898 3788 938 3866 τῷ

162 3887 267 3966 βασιλεῖ
293 3883 413 3947 πλείονας
440 3877 466 3947 ἐξ
487 3877 631 3938 ἐλαττόνων
659 3881 770 3948 ποιῆσαι
791 3876 839 3942 τάς
853 3873 937 3957 φυλάς

106 3993 133 4032 ιο
162 3973 333 4054 βουλομένῳ,
348 3972 390 4028 ὅτε
411 3968 527 4042 μάλιστα
543 3967 615 4039 ήνθει
636 3963 679 4024 aad
699 3964 748 4036 τήν
773 3965 867 4043 τέχνην
891 3962 937 4021 καί

160 4064 282 4123 πλεῖστον
297 4061 411 4132 ἠδύνατο
425 4056 569 4133 Ῥωμαίων
584 4054 717 4125 ἁπάντων,
736 4052 788 4113 εἴτε
803 4051 937 4132 φθονηθεὶς

160 4150 210 4209 nni
233 4153 285 4207 τῶν
311 4146 468 4224 ἀντιτέχνων
493 4145 570 4216 τινὸς,
598 4141 645 4202 εἴτ’
671 4140 861 4207 έπιύουλευθεὶς
891 4136 936 4196 ὑπ’

160 4241 271 4321 ἐχθρῶν,
290 4235 343 4294 εἴτε
357 4235 372 4293 ό
385 4257 410 4291 τι
429 4233 461 4306 δή
471 4256 534 4291 ποτε
555 4231 737 4305 silicerniis,
752 4229 852 4310 ἀφανής
863 4227 936 4309 ἀφνω

161 4332 276 4408 γίνεται,
297 4323 343 4383 καλ
364 4321 421 4381 οὔτε
439 4326 481 4381 τὸν
505 4323 582 4399 μόρον
600 4320 678 4377 αὐτοῦ
693 4341 732 4384 τις
749 4316 863 4390 ἠδύνατο
883 4319 935 4374 τῶν

105 4442 132 4481 ια
159 4416 345 4498 προσηκόντων
360 4411 504 4486 συμόαλεῖν
518 4408 577 4467 ούτε
589 4409 618 4465 τὸ
632 4412 712 4483 σῶμα
727 4409 819 4486 εὑρεῖν.
842 4405 933 4484 'Apio-

162 4509 240 4587 μένου
262 4505 289 4563 δὲ
306 4507 353 4562 τοῦ
369 4500 469 4577 δήμου,
486 4498 535 4556 καλ
551 4498 642 4564 δεινῶς
662 4497 786 4578 φέροντος
802 4498 831 4554 τὸ
854 4498 935 4563 πάθος

147 4594 279 4672 Ιὑπονοίας
300 4616 329 4651 τε
349 4589 448 4656 πολλάς
466 4587 511 4646 καὶ
527 4589 595 4648 κατά
611 4589 716 4646 πολλῶν
732 4582 934 4665 λαμύάνοντος,

159 4683 369 4754 κατανοήσαντες
384 4679 432 4752 τῆν
443 4678 526 4757 ὁρμήν
537 4685 582 4737 τοῦ
594 4679 706 4746 πλήθους
718 4677 742 4733 οἱ
755 4681 801 4734 τοῦ
813 4671 935 4752 Μαρκίου

159 4775 249 4840 παῖδες
268 4770 312 4829 ἐπὶ
325 4768 370 4829 τδν
391 4764 501 4848 βασιλέα
524 4763 673 4843 Ταρκύνιον
687 4762 733 4835 τήν
750 4759 876 4830 διαύολήν
890 4764 936 4818 τοῦ

105 4873 133 4914 αθ
160 4861 237 4935 ἄγους
252 4860 390 4942 ἀνέφερον,
412 4856 477 4914 ἀλλο
501 4850 548 4931 μέν
568 4853 640 4910 οὐθὲν
661 4851 765 4931 ἔχοντες
785 4847 872 4930 φέρειν
889 4850 936 4916 τῆς

161 4948 284 5019 διαύολῆς
294 4993 303 5024 ,
314 4948 373 5007 οὔτε
387 4944 527 5024 τεκμήριον
543 4938 601 5000 ούτε
616 4948 742 5015 σημεῖον,
759 4938 817 4996 δυσὶ
839 4933 866 4994 δέ
882 4935 936 5001 τοῖς

160 5031 244 5092 εἰκόσι
266 5034 372 5100 τούτους
394 5031 598 5112 κρατυνόμενοι,
616 5030 714 5108 πρώτῳ
728 5025 776 5101 μὲν
791 5023 831 5082 ὅτι
848 5021 935 5081 πολλά

158 5122 203 5182 καί
218 5118 294 5177 καινά
314 5122 373 5196 περὶ
386 5122 433 5191 τήν
449 5120 584 5180 πολιτείαν
600 5113 756 5194 διεγνωκὼς,
772 5112 934 5192 παρανομεῖν

157 5211 202 5272 τὸν
219 5205 438 5284 ἐναντιωσόμενον
454 5208 544 5288 ὥσπερ
559 5205 668 5267 ἐπὶτῶν
685 5201 819 5283 προτέρων
834 5200 865 5257 ἐκ
879 5223 932 5258 πο-

676 369 844 432 DIONYSll
868 369 1249 434 HALlCARNASSENSlS

994 515 1054 566 nihil
1065 528 1095 566 eo
1109 514 1215 567 ludibrio
1225 517 1252 566 et
1263 512 1371 566 tumultu
1380 513 1511 576 turbatus,
1521 515 1586 566 dixit
1599 535 1606 566 ε
1617 519 1770 587 «tarquini,

994 625 1007 649 α
1025 608 1119 667 comm,
1134 608 1163 656 nt
1172 608 1255 657 mente
1267 606 1415 671 concepisti,
1428 605 1578 658 confidenter
1591 608 1636 662 ieri
1653 627 1659 660 :
1675 613 1772 665 divide.

995 717 1007 742 ι
1023 702 1066 749 tur
1077 697 1158 759 euim,
1172 701 1216 748 aut
1228 698 1326 763 quidvis
1342 701 1436 765 perpeti
1445 713 1503 752 sum
1515 705 1626 767 paratus.
1638 724 1651 749 ν
1661 708 1714 758 ltex
1725 721 1770 759 au·

994 796 1043 843 tem
1061 793 1124 844 ratis
1148 792 1321 843 confidentiam
1339 793 1459 856 miratus,
1484 797 1534 847 coti
1556 799 1703 853 novaculam
1722 803 1768 855 ad·

993 886 1080 938 morit.
1113 889 1191 937 Porro
1208 887 1268 938 terri
1281 887 1357 950 acies,
1373 890 1426 938 toto
1444 887 1525 953 lapide
1539 897 1677 956 penetrato,
1691 900 1772 949 cotem

993 979 1093 1041 divisit,
1108 983 1134 1031 et
1154 983 1248 1044 partem
1266 992 1370 1043 manus,
1391 994 1449 1046 qum
1470 995 1525 1032 eam
1546 986 1660 1044 tenebat,
1678 989 1772 1045 incidit.

993 1072 1075 1123 ceteri
1087 1072 1161 1135 igitur
1175 1086 1274 1134 omnes,
1291 1080 1424 1139 conspecta
1436 1077 1483 1126 lrac
1495 1091 1523 1128 re
1537 1077 1683 1132 admiranda
1695 1085 1774 1136 strix

993 1166 1131 1229 credenda,
1144 1169 1276 1232 stupefacti
1295 1168 1426 1222 clamorem
1442 1173 1611 1236 sustinerunt,
1624 1179 1650 1226 at
1668 1180 1772 1243 Temni·

993 1263 1050 1313 nius
1061 1264 1154 1327 pudore
1162 1263 1289 1324 suffusus,
1300 1264 1367 1327 quod
1380 1264 1434 1316 eius
1443 1267 1503 1316 artis
1515 1269 1653 1332 pericnlum
1664 1271 1772 1335 lecisset,

994 1361 1020 1409 et
1037 1357 1206 1424 indignitatem
1221 1359 1287 1410 illius
1308 1362 1447 1426 ignominias
1462 1364 1583 1430 corrigere
1602 1365 1701 1429 rolens,
1718 1369 1773 1433 pri-

994 1464 1064 1502 mum
1077 1450 1110 1501 ab
1130 1451 1241 1515 augendo
1261 1456 1429 1506 centuriarum
1450 1470 1554 1508 numero
1568 1458 1613 1522 (ld
1627 1461 1695 1524 qnod
1717 1464 1774 1514 ante

993 1549 1046 1597 erat
1064 1546 1212 1611 aggressus)
1239 1547 1371 1613 abstinuit,
1400 1551 1490 1603 deinde
1510 1554 1596 1604 statuit
1618 1554 1664 1619 ipsi
1688 1557 1773 1607 Nerio

993 1637 1092 1690 debitos
1102 1636 1207 1719 honores
1220 1640 1339 1705 reddere,
1354 1647 1383 1693 ut
1394 1644 1505 1697 omnium
1514 1646 1654 1698 mortalium
1666 1646 1714 1698 diis
1729 1660 1773 1698 aa·

994 1728 1106 1789 tissima,
1120 1741 1212 1793 quare,
1230 1743 1288 1781 cum
1310 1730 1365 1782 aliis
1387 1732 1547 1786 humanitatis
1565 1736 1695 1801 generibus
1713 1750 1771 1788 enm

994 1823 1040 1874 sibi
1063 1821 1186 1884 devinxit,
1210 1826 1264 1874 tum
1284 1838 1357 1886 rere,
1380 1831 1408 1877 ut
1429 1829 1573 1881 memoriam
1598 1832 1771 1897 sempiternam

993 1916 1059 1982 apud
1077 1919 1188 1980 posteros
1203 1921 1403 1981 consequeretur,
1426 1934 1520 1972 acnemn
1541 1923 1597 1973 eius
1617 1926 1725 1975 stainam
1747 1923 1773 1973 in

996 2011 1048 2061 loro
1060 2008 1151 2070 cresin
1164 2023 1220 2072 quae
1233 2009 1265 2060 ad
1279 2015 1363 2061 nostra
1380 2025 1459 2076 usque
1471 2016 1583 2078 tempora
1594 2015 1678 2065 adhuc
1689 2018 1773 2066 exsta·

995 2103 1038 2153 bat
1055 2103 1112 2151 ante
1142 2100 1234 2151 eornm
1252 2101 1349 2166 posita,
1376 2116 1452 2170 pmpe
1472 2117 1568 2155 sacram
1585 2104 1674 2165 icam,
1694 2106 1774 2156 minor

995 2199 1101 2250 hominis
1114 2198 1247 2250 mediocris
1261 2202 1372 2262 statura,
1385 2199 1412 2249 et
1430 2197 1509 2262 capite
1523 2195 1612 2246 relato.
1646 2199 1700 2246 Non
1711 2210 1772 2261 pro-

995 2293 1036 2342 cul
1054 2296 1137 2342 autern
1151 2290 1184 2341 ab
1196 2304 1236 2353 ea,
1249 2293 1330 2341 cotem
1347 2302 1446 2356 quoqne
1466 2292 1492 2340 et
1508 2287 1653 2339 novaculam
1667 2288 1714 2338 suli
1728 2301 1772 2338 ara

994 2387 1102 2450 quadam
1124 2386 1285 2438 subterranea
1298 2385 1451 2437 reconditam
1470 2384 1621 2442 memoraut3
1638 2382 1708 2433 locos
1725 2396 1771 2433 au·

995 2477 1045 2524 tem
1058 2474 1098 2525 ille
1117 2488 1133 2524 a
1151 2474 1267 2524 Romanis
1282 2473 1370 2523 Puteal
1392 2474 1503 2523 vocatur.
1537 2473 1619 2533 atque
1632 2469 1687 2520 hnc
1705 2472 1773 2532 sunt,

994 2575 1050 2626 quie
1064 2561 1096 2612 de
1109 2562 1156 2612 hoc
1165 2574 1258 2627 augure
1269 2563 1443 2611 memorantur,

1024 2653 1122 2704 Lxxll.
1138 2654 1287 2703 iterantem
1302 2648 1463 2714 Tarquinius.
1478 2662 1555 2713 quum
1568 2647 1602 2698 cb
1619 2650 1775 2701 senectutem

994 2756 1053 2818 (ἰαιιι
1069 2757 1134 2807 enim
1149 2752 1326 2817 octogesimum
1345 2760 1436 2797 anunm
1455 2741 1562 2808 agebat)
1583 2741 1659 2792 renus
1679 2741 1773 2794 bellicis

993 2867 1093 2919 operam
1102 2853 1207 2919 amplius
1216 2851 1275 2901 dare
1285 2861 1332 2898 non
1341 2845 1438 2911 posset,
1451 2840 1482 2890 ab
1494 2839 1555 2890 Auci
1565 2837 1649 2889 Marcii
1658 2837 1715 2888 liliis
1730 2851 1774 2902 per

992 2949 1093 3000 insidias
1107 2959 1239 3013 oppressus
1249 2941 1312 2994 obiit
1325 2961 1331 2990 ι
1346 2939 1388 3004 qui
1400 2937 1452 3000 jam
1471 2939 1529 2986 ante
1540 2933 1623 2985 conati
1634 2934 1704 2984 eram
1714 2943 1771 2982 enm

992 3061 1068 3113 regno
1083 3046 1215 3111 erpellere,
1235 3043 1311 3106 idque
1338 3036 1430 3102 sepius
1451 3033 1585 3085 machinati
1606 3035 1691 3092 erant,
1714 3042 1773 3095 spe·

993 3154 1076 3201 rantes
1089 3149 1141 3199 lore
1156 3144 1238 3199 utillo
1252 3140 1354 3204 expulso
1369 3134 1521 3200 principatus
1535 3130 1566 3183 ad
1584 3144 1612 3182 se
1625 3129 1772 3182 devolvere·

992 3247 1041 3302 tur.
1054 3247 1137 3309 utpote
1150 3244 1192 3308 qui
1210 3245 1311 3306 paterno
1328 3239 1354 3287 et
1372 3231 1522 3284 hereditario
1537 3230 1589 3279 iure
1610 3227 1643 3278 ad
1659 3241 1687 3277 se
1698 3226 1773 3291 perti-

992 3344 1075 3400 neret,
1094 3346 1169 3407 atque
1190 3339 1316 3392 aciribus
1338 3332 1450 3384 lacillime
1474 3327 1521 3379 sibi
1546 3325 1691 3377 traderetur.
1723 3323 1771 3374 Sed

991 3453 1035 3504 spe
1057 3441 1178 3504 frustrati,
1193 3439 1292 3492 insidias
1313 3436 1392 3486 tectas
1419 3429 1453 3480 illi
1479 3408 1637 3484 struxerunt,
1656 3435 1718 3486 quas
1735 3424 1772 3472 ta-

991 3550 1049 3590 men
1068 3540 1180 3593 divinum
1202 3552 1293 3590 numen
1315 3531 1406 3585 inultas
1427 3540 1482 3577 esso
1495 3538 1543 3574 non
1563 3521 1629 3573 sirit.
1662 3520 1772 3572 llarmlro

991 3643 1074 3692 numm
1098 3641 1243 3691 insidiarum
1268 3643 1368 3698 quoque
1392 3625 1522 3682 rationem,
1543 3619 1654 3684 aprime
1681 3621 1772 3669 conatu

991 3737 1087 3791 initium
1099 3737 1198 3789 taciens.
1232 3731 1331 3782 Naevius
1343 3726 1384 3777 ille
1398 3734 1477 3786 augur
1497 3716 1679 3776 celeberrimus,
1696 3728 1771 3779 quem

991 3840 1116 3902 quondam
1147 3837 1198 3899 regi
1228 3827 1394 3882 intercessisse
1425 3821 1493 3881 dixi,
1522 3832 1580 3870 cum
1604 3815 1771 3866 centuriarum

991 3947 1121 3984 nnmerum
1140 3942 1227 3995 sugere
1247 3925 1334 3983 vellet,
1346 3933 1396 3984 quo
1412 3922 1522 3980 tempore
1541 3910 1696 3977 potissimum
1717 3912 1771 3959 arte

990 4028 1115 4079 divinandi
1138 4025 1240 4078 llorebat
1260 4025 1285 4072 et
1317 4018 1383 4068 inter
1408 4024 1494 4062 omnes
1519 4011 1641 4058 Romanos
1665 4001 1772 4052 auctori-

991 4128 1042 4175 tate
1058 4122 1206 4189 praestabat,
1228 4117 1281 4168 sive
1295 4111 1399 4163 alicuius
1419 4104 1503 4157 aemuli
1516 4101 1608 4154 invidia
1621 4100 1673 4150 sire
1688 4096 1770 4148 inimi·

990 4234 1074 4272 corum
1087 4220 1191 4277 insidiis,
1214 4216 1266 4267 sire
1290 4214 1337 4264 alio
1356 4217 1503 4274 quocunqne
1524 4215 1594 4261 meu,
1615 4201 1716 4263 repente
1738 4210 1771 4247 ex

990 4328 1117 4379 hominum
1140 4324 1273 4387 conspectu
1298 4318 1408 4368 sublatus
1424 4318 1475 4373 est,
1492 4322 1571 4373 neque
1587 4307 1720 4370 quisquam
1738 4316 1769 4354 ex

989 4426 1043 4477 eius
1067 4421 1212 4474 necessariis
1227 4421 1332 4468 mortem
1355 4415 1408 4464 eius
1428 4409 1556 4474 conjicere,
1577 4415 1658 4467 neque
1679 4413 1770 4467 corpus

989 4518 1099 4570 invenire
1129 4517 1218 4581 potuit.
1268 4515 1331 4565 cum
1371 4514 1456 4560 autern
1489 4503 1594 4570 populus
1622 4500 1691 4550 illum
1724 4511 1769 4548 ea·

989 4629 1045 4666 sura
1066 4627 1131 4677 aegre
1144 4616 1171 4663 et
1190 4612 1273 4676 iniquo
1295 4608 1376 4660 animo
1392 4607 1480 4665 ferret,
1498 4606 1522 4655 et
1537 4603 1617 4652 multa
1630 4599 1663 4648 dc
1683 4596 1770 4647 multis

990 4713 1164 4778 suspicaretur,
1191 4709 1275 4760 llarcii
1296 4708 1349 4767 filii,
1363 4703 1585 4754 animadvertentes
1604 4692 1769 4747 multitudinis

989 4812 1120 4859 commotas
1137 4805 1302 4863 desiderium,
1325 4802 1393 4852 illius
1412 4798 1501 4863 piaculi
1526 4797 1625 4861 culpam
1643 4793 1668 4843 in
1686 4803 1768 4855 regem

989 4904 1148 4968 Tarquinium
1164 4900 1357 4957 transtulerunt;
1375 4909 1423 4944 non
1442 4898 1575 4957 potuerunt
1592 4897 1674 4943 lamen
1692 4888 1766 4940 ullam

989 5002 1063 5052 aliam
1081 5002 1174 5051 certam
1188 4996 1355 5047 coniecturam
1371 4992 1415 5041 aul
1425 4990 1541 5041 indicium
1563 4988 1694 5041 calumniae
1713 4997 1768 5034 sum

989 5105 1092 5166 afferre,
1105 5102 1146 5154 sed
1166 5101 1205 5151 liis
1220 5098 1318 5149 duobus
1339 5092 1512 5145 verisimilibus
1531 5091 1682 5158 argumentis
1701 5089 1765 5138 nite·

990 5205 1088 5255 bantur.
1120 5202 1230 5253 Primum
1244 5198 1311 5250 euim
1326 5206 1422 5259 regem,
1437 5192 1503 5256 quod
1520 5191 1587 5255 apud
1602 5204 1629 5240 se
1640 5186 1767 5238 statuisset
