3772 5828
218 289 278 348 uit
741 285 909 347 erudisti
933 284 1312 347 fliiicsuunsssusrs

217 446 228 470 ι
245 424 329 477 ταῦτα
344 417 388 476 καὶ
401 416 438 477 ἔτι
453 416 559 497 χείρονα
572 416 672 476 τούτων
689 416 802 497 πάσχειν
817 421 859 500 ἐρ’
875 422 937 497 ύμῖν
950 443 994 499 γε·
1050 447 1062 470 ιι
1077 427 1162 485 mnus,
1184 425 1227 491 qui
1241 429 1268 476 ct
1281 425 1337 476 boec
1351 429 1377 475 et
1389 421 1469 474 multo
1481 422 1566 487 peiora
1586 419 1734 486 patiarnur,
1749 421 1778 473 in
1793 433 1848 474 rea·

217 507 361 583 ινόμενοι,
378 507 423 564 καὶ
448 507 614 588 ῥυπαίνοντες
629 507 733 587 αἰσχρῷ
759 507 809 587 βίῳ
829 517 875 576 τὰς
896 511 994 568 ἑαυτῶν
1050 533 1062 557 ε
1079 515 1144 564 bam
1154 510 1410 578 potestatemredacti,
1425 513 1451 561 et
1462 510 1561 560 nostras
1572 508 1785 572 nostrorumque
1795 521 1847 559 ma·

217 619 271 653 ara
286 595 331 654 καὶ
344 598 396 653 τῶν
409 594 542 676 προγόνων
558 595 663 675 ἀρετάς.
680 624 691 648 ν
1051 619 1063 643 ι
1072 601 1270 665 lurumrirtutes
1281 600 1348 666 turpi
1363 599 1416 650 rita
1434 597 1564 649 ioedautes.
1583 616 1595 639 ν

255 683 306 743 vi.
327 681 389 744 Ἔτι
402 684 429 742 δέ
445 687 523 743 αὐτοῦ
537 682 673 762 λέγοντος,
688 688 713 743 οἱ
728 685 792 744 δέκα
811 686 994 768 περιίστανται
1079 697 1123 745 vi.
1139 697 1204 744 lium
1232 693 1317 744 adbuc
1339 694 1482 758 loquentem
1506 691 1646 743 decemviri
1675 693 1849 745 vociterantes

175 794 187 830 s
214 771 387 851 κεκραγότες,
405 774 451 832 καί
464 772 513 844 τὴν
530 772 700 854 δημαρχικὴν
714 775 912 844 immansionem
922 775 995 846 ἐξου-
1048 782 1220 845 circumstant,
1237 787 1263 833 et
1281 783 1436 834 tribunitiam
1457 784 1611 848 potestatem
1627 779 1655 831 ei
1671 780 1847 843 inteuuuter,

215 859 288 932 σίαν,
307 860 352 919 καὶ
367 861 450 942 ῥίψειν
466 859 543 920 αὐτὸν
561 863 728 930 ἀπειλοῦντες
739 863 809 922 κστδι
824 867 870 935 τῆς
885 863 994 945 πέτρας,

216 951 290 1026 εἰμὴ
306 951 447 1023 σιωπήσει.
491 942 589 1032 Ἰ·]ιρ’ᾧ
606 951 701 1019 πάντες
721 951 878 1032 ἀνέκραγον,
896 956 932 1022 ώς
946 977 994 1013 κα-

1049 876 1074 924 et
1086 873 1221 933 minantes,
1237 883 1264 921 se
1276 869 1308 921 da
1324 883 1455 922 saxosum
1473 868 1628 935 precipitem
1645 867 1779 931 daturus,
1800 871 1846 922 nisi

1049 963 1151 1013 ureret.
1185 958 1351 1018 Quamobrem
1378 972 1464 1010 omnes
1498 957 1635 1009 obmorem
1667 958 1844 1018 sustulerunt,

1049 1041 1116 1106 quud
1132 1041 1232 1092 libertas
1247 1040 1294 1091 sibi
1306 1041 1461 1108 eriperetur:
1480 1041 1506 1088 et
1522 1037 1594 1088 curia
1614 1037 1805 1102 indignationis
1817 1053 1845 1090 ac

1049 1127 1171 1180 tumultus
1184 1127 1256 1191 piem
1274 1130 1339 1176 erat.
1373 1129 1406 1176 At
1423 1125 1577 1184 decemuiros
1599 1125 1692 1176 statim
1708 1127 1843 1191 paenituit,

1049 1216 1117 1281 quod
1129 1216 1211 1266 dicere
1224 1216 1336 1267 volentes
1357 1212 1549 1279 prohibuissent,
1563 1213 1648 1279 iisque
1669 1215 1762 1268 minati
1779 1216 1843 1268 ibis·

1050 1311 1112 1365 sent,
1135 1305 1177 1356 ubi
1203 1308 1317 1356 senatum
1335 1316 1365 1354 aa
1387 1316 1414 1354 re
1434 1302 1559 1354 irritatum
1579 1301 1713 1355 viderunt.
1745 1306 1842 1359 Deinde

1050 1407 1120 1446 uuus
1135 1407 1166 1444 ex
1186 1393 1243 1454 iilis,
1259 1393 1352 1457 appius
1371 1391 1395 1443 iu
1414 1391 1525 1442 medium
1552 1404 1723 1456 praegressus,
1744 1395 1842 1459 rogarit

1049 1496 1101 1543 eos,
1111 1483 1154 1546 qui
1164 1481 1390 1544 tumultuabantur,
1398 1486 1427 1531 ut
1441 1478 1565 1545 paulisper
1574 1480 1706 1533 silentium
1720 1486 1838 1547 tacerent,

1050 1576 1076 1623 et
1094 1585 1172 1635 quum
1188 1583 1274 1621 eorum
1290 1570 1425 1621 tumultum
1449 1568 1612 1634 repressisset
1631 1588 1665 1621 ιιι
1691 1572 1838 1635 Neminem,

1052 1681 1065 1705 ιι
1079 1660 1168 1726 inquit,
1184 1661 1307 1720 restrum,
1330 1660 1415 1708 Patres
1428 1657 1579 1721 conscripti,
1593 1657 1698 1711 dicenda
1714 1665 1839 1726 potestate

1051 1747 1242 1807 «fraudamus,
1266 1746 1309 1810 qui
1330 1747 1466 1810 opportune
1490 1744 1634 1809 loquatur:
1660 1748 1706 1800 sed
1720 1763 1775 1812 eos,
1795 1752 1838 1816 qui

1052 1857 1064 1879 ι
1076 1851 1151 1902 supra
1160 1836 1221 1888 alios
1235 1833 1451 1901 eminereroiunt,
1468 1835 1556 1900 etqui
1574 1841 1681 1901 surguut
1702 1842 1837 1903 antequam

1051 1949 1063 1969 ιι
1079 1930 1207 1986 vocentur,
1230 1937 1381 1976 coercemus.
1414 1925 1451 1973 ile
1474 1923 1552 1988 igitur
1568 1924 1740 1991 indignemur.
1774 1932 1836 1980 Nam

1052 2018 1105 2066 aet
1127 2013 1228 2064 iioratiu
1248 2018 1274 2063 et
1286 2012 1393 2072 Valerio,
1414 2015 1439 2064 et
1461 2012 1505 2063 aiii
1526 2013 1642 2075 milibst,
1662 2029 1710 2065 suo
1729 2016 1787 2068 iuoo
1805 2031 1835 2068 er

1050 2125 1063 2145 .
1079 2101 1158 2166 prisca
1167 2099 1347 2150 cousuetudine
1370 2101 1397 2150 et
1421 2112 1507 2162 muru,
1522 2099 1620 2153 diemdi
1636 2101 1733 2165 sopiam
1754 2103 1833 2154 iacie-

1051 2212 1063 2235 ιι
1078 2204 1143 2250 mus,
1154 2191 1175 2240 si
1186 2188 1270 2251 modo,
1283 2201 1389 2252 quorum
1399 2201 1492 2241 caussa
1499 2188 1655 2241 umsuibturi
1671 2188 1723 2238 buc
1733 2202 1830 2241 ronre-

1051 2279 1161 2339 «ruistis,
1189 2278 1221 2328 de
1244 2276 1283 2326 bis
1298 2279 1324 2327 et
1344 2277 1376 2327 de
1400 2277 1469 2329 nulia
1492 2275 1537 2329 aila
1554 2288 1581 2327 re
1608 2280 1728 2340 marteres
1746 2277 1825 2328 rerba

1054 2368 1178 2419 ductant.
1213 2365 1284 2423 Quod
1307 2365 1327 2415 si
1351 2365 1513 2430 popularibus
1528 2363 1681 2417 emtionibus
1708 2377 1754 2414 rus
1774 2365 1825 2415 cir·

1050 2477 1062 2500 ιι
1078 2456 1238 2516 cumdumut,
1251 2457 1277 2505 ct
1286 2453 1389 2505 dissidia
1404 2453 1430 2505 iu
1442 2453 1504 2506 urba
1517 2453 1603 2517 ierant,
1614 2451 1646 2505 de
1660 2466 1688 2503 re
1696 2457 1828 2518 proposita

1050 2566 1063 2590 ιι
1078 2545 1146 2596 uuila
1161 2545 1235 2595 rerba
1258 2545 1384 2608 iacientes,
1400 2545 1461 2596 tuuc
1477 2545 1558 2607 acha,
1578 2544 1614 2595 it.
1633 2543 1737 2605 Hormi,
1764 2543 1830 2596 istos

1049 2652 1061 2676 ·
1078 2633 1221 2698 reipublicae
1234 2630 1418 2696 perturbatores
1427 2630 1560 2683 meromdi
1571 2632 1748 2695 potestatema
1760 2631 1832 2696 pisbe

1047 2740 1060 2766 s
1074 2724 1199 2787 acceptam
1212 2735 1258 2772 nos
1272 2720 1379 2782 babere,
1398 2719 1497 2785 quando
1512 2722 1540 2772 ut
1554 2718 1695 2771 oonsularis
1708 2723 1734 2769 et
1751 2718 1830 2770 tribu·

1047 2832 1060 2858 ι
1075 2814 1152 2865 nitius
1176 2813 1336 2876 magistratus
1360 2810 1490 2876 plebiscito
1510 2809 1584 2862 uobis
1603 2814 1643 2861 est
1670 2810 1832 2874 commissus,

1047 2921 1059 2947 ι
1073 2903 1178 2968 eiusque
1195 2904 1292 2965 tempus
1303 2899 1411 2952 nundum
1422 2901 1462 2952 est
1478 2901 1605 2961 eandum,
1622 2901 1652 2950 ut
1665 2899 1712 2950 tibi
1723 2899 1831 2951 ridetur.

1047 3006 1059 3030 ε
1075 2992 1161 3056 iisque
1172 2991 1235 3042 euim
1255 2990 1281 3040 iu
1298 3002 1406 3051 annum,
1424 2991 1468 3040 aut
1486 2987 1513 3040 iu
1527 2986 1597 3038 aliud
1607 2986 1712 3052 aliquod
1732 2986 1832 3054 presu-

1049 3096 1061 3120 ε
1076 3080 1158 3128 tutum
1176 3082 1273 3142 tempus
1298 3078 1436 3129 decemuiri
1454 3076 1531 3128 creati
1548 3075 1641 3126 luimus
1661 3095 1668 3124 ι
1694 3077 1738 3126 sed
1755 3075 1832 3126 donec

1050 3185 1062 3209 ιι
1081 3180 1167 3218 omnes
1190 3167 1254 3232 leges
1275 3166 1476 3227 condiderimus,
1494 3169 1520 3217 et
1540 3166 1758 3216 constituerimus.
1779 3167 1833 3216 Per-

1048 3278 1059 3307 ι
1073 3258 1135 3309 aelia
1153 3257 1227 3323 igitur
1240 3270 1394 3321 quocunque
1406 3255 1431 3305 iu
1443 3255 1523 3305 auimo
1542 3255 1675 3316 babemus,
1685 3260 1712 3306 et
1729 3256 1833 3322 reliquis

1047 3370 1059 3394 ι
1074 3349 1167 3414 iegibus
1189 3349 1299 3414 perlatis,
1328 3351 1388 3398 tuuc
1410 3347 1511 3398 demum
1528 3345 1704 3408 magistratum
1727 3346 1833 3410 depone

1048 3455 1060 3479 ιι
1076 3449 1140 3496 mus,
1166 3441 1191 3486 et
1209 3435 1311 3486 cuilibet
1330 3435 1362 3485 de
1385 3434 1456 3484 robis
1473 3433 1595 3485 rationem
1620 3448 1706 3486 rerum
1727 3434 1834 3485 anobis

1048 3543 1061 3567 ιι
1075 3528 1200 3587 gestarum
1214 3524 1354 3574 reddemus.
1399 3525 1501 3574 inierim
1512 3538 1573 3574 reru
1595 3538 1642 3576 uec
1663 3523 1833 3586 oousuisrem,

1048 3633 1060 3655 ιι
1075 3628 1121 3665 nec
1133 3613 1282 3664 tribunitiam
1312 3615 1457 3678 potestatem
1476 3612 1526 3663 uiiu
1548 3612 1622 3663 modo
1644 3612 1831 3663 imminurmus.

1048 3722 1059 3744 ιι
1075 3704 1111 3752 De
1125 3702 1188 3752 beiio
1215 3715 1282 3762 roro,
1304 3715 1411 3765 quonam
1429 3700 1504 3750 modo
1527 3703 1637 3763 utquam
1661 3701 1792 3751 celerrime
1808 3708 1832 3753 et

1048 3790 1238 3854 «pulcherrimo
1260 3790 1345 3840 hostes
1370 3789 1529 3850 ulciscamur,
1550 3802 1595 3837 ros
1615 3801 1675 3852 rogo
1695 3792 1726 3839 ut
1742 3789 1767 3838 in
1784 3803 1833 3839 me·

214 1041 378 1118 ταλυομένης
392 1045 464 1120 σκιῶν
480 1045 527 1114 τῆς
541 1040 706 1120 ἐλευθερίας,
717 1041 763 1100 καί
776 1041 871 1119 μεστόν
886 1035 918 1116 ἦν
929 1046 994 1122 έγα·

213 1127 364 1199 νακτιίσεώς
378 1152 406 1190 τε
421 1130 466 1191 καλ
487 1130 597 1212 θορύόον
617 1129 647 1188 τδ
666 1128 808 1210 συνέδριον.
850 1134 915 1200 Τοῖς
931 1130 994 1209 μέν·

164 1234 189 1269 ro
213 1239 251 1274 τοι
277 1221 340 1279 δέκα
365 1221 507 1297 μετέμελεν
533 1220 628 1286 εὐθέως
658 1223 704 1288 τῆς
732 1242 761 1279 τε
785 1221 924 1288 κωλύσεως
945 1226 991 1281 τοῦ

213 1304 299 1382 λέγειν
321 1310 366 1367 καὶ
389 1312 436 1379 τῆς
457 1311 581 1382 ἀπειλῆς,
598 1312 633 1375 ώς
656 1306 832 1385 ἠρεθισμένην
858 1298 926 1369 εἶδον
949 1307 994 1368 ἐπὶ

213 1396 252 1474 τῷ
273 1397 410 1475 πράγματι
428 1396 475 1468 τὴν
493 1397 605 1476 βουλήν·
624 1396 715 1454 ἐπειτσ
737 1395 888 1475 προσελθὼν
904 1397 931 1467 ἐξ
946 1400 993 1457 αὖ·

214 1486 265 1540 τῶν
281 1479 393 1553 Ἄππιος
414 1487 459 1544 καὶ
487 1485 587 1556 δεηθεὶς
609 1488 660 1543 τῶν
688 1485 866 1563 θορυόούντων
892 1483 992 1565 βραχὺν

215 1574 333 1650 ἐπισχεῖν
348 1575 457 1652 χρόνον,
480 1575 570 1646 ἐπειδὴ
585 1573 737 1633 κκτέστειλε
754 1575 783 1632 τδ
798 1574 991 1651 ταραττόμενον

163 1685 187 1722 ευ
216 1661 314 1717 αὐτῶν·
334 1690 346 1714 ι
370 1664 473 1722 Οὐδένα
501 1667 591 1740 ὑμῶν,
616 1654 705 1738 εἶπεν,
732 1665 943 1743 άποστεροῦμεν,
970 1652 993 1723 είν

216 1774 226 1798 ι
244 1747 334 1828 άνδρες
355 1753 513 1830 βουλευταί,
530 1751 625 1829 λόγου,
642 1753 669 1818 δς
685 1751 716 1810 διν
740 1753 819 1832 ἐντῷ
833 1751 993 1831 προσήκοντι

215 1863 228 1885 «
243 1844 327 1919 καιρῷ
338 1840 420 1918 λέγῃ·
434 1839 492 1908 τούς
507 1838 531 1899 δ’
541 1840 750 1910 ἐπιπολάζοντες
764 1840 809 1900 καὶ
821 1840 883 1920 πρίν
896 1839 914 1913 ἢ
929 1843 992 1911 κλη·

215 1930 318 1997 ιδῆναι
343 1928 612 2009 προεξανισταμένους
641 1928 773 2008 είργομεν.
825 1929 916 2001 Μηδέν
949 1922 994 1989 οὖν

215 2043 227 2065 ιι
244 2016 432 2093 ἀγανακτεῖτε,
453 2019 497 2078 καί
514 2018 564 2099 γάρ
585 2017 706 2100 Ὁρατίῳ
720 2017 766 2077 καί
787 2017 928 2097 Οὐαλερίῳ
946 2021 992 2079 κσί

215 2131 226 2154 ι
242 2109 320 2165 παντὶ
336 2109 409 2187 άλλιρ
430 2107 540 2185 γνώμην
556 2108 687 2187 ἀγορεύειν
709 2110 735 2167 ἐν
755 2108 793 2186 τῷ
808 2110 902 2166 ἐαυτοῦ
916 2106 991 2190 τόπιρ

215 2220 227 2245 ιι
242 2193 311 2253 κατδ
325 2195 369 2253 τθν
384 2201 494 2309 ἀργαῐον
509 2196 616 2274 έθισμδν
628 2197 674 2254 καὶ
688 2193 787 2269 κόσμον
804 2193 989 2271 ἀποδώσομεν,

215 2310 226 2331 ι
246 2281 290 2339 ἐάν
304 2306 333 2359 γε
348 2283 410 2364 περί
425 2309 461 2343 ων
483 2283 685 2364 βουλιυσόμενοι
703 2283 911 2357 συνεληλύθατε,
930 2287 991 2364 περὶ

215 2398 226 2420 ιι
242 2371 341 2429 τούτοιν
366 2372 481 2454 λέγωσι,
496 2373 543 2434 καλ
569 2372 650 2452 μηδὲν
673 2372 731 2442 ἔξω.
773 2371 839 2434 Ἐάν
859 2374 888 2432 δέ
902 2375 990 2451 δημα-

215 2486 227 2509 ιι
241 2463 361 2538 γωγῶσεν
378 2467 446 2538 ὑμᾶς
458 2463 504 2522 καί
519 2462 725 2532 διαστασιάζουσι
737 2461 888 2534 τὴνπολιν,
903 2462 937 2521 τδι
951 2464 989 2539 μὴ

214 2576 225 2598 ιι
242 2549 305 2630 πρὸς
316 2550 346 2608 τό
357 2562 468 2632 πρᾶγμα
479 2550 770 2631 δημηγοροῦντεςούδδν
848 2550 926 2612 τότε·
942 2554 990 2623 τὴν

213 2665 225 2689 ι
240 2639 263 2696 δ’
278 2636 398 2707 ἐξουσίαν
409 2646 455 2700 τοῦ
466 2640 576 2700 κωλύειν
591 2638 650 2708 τοὺς
662 2630 885 2716 &couniamur-‘r
898 2639 989 2719 Μάρκε

214 2722 362 2804 1(Ὁράτιε,
384 2726 459 2807 πσρδ
488 2732 533 2787 τοῦ
562 2727 647 2807 δήμου
667 2727 792 2797 λαθόντες
814 2729 924 2809 έχομεν,
949 2728 991 2789 ὅτε

213 2841 224 2865 s
240 2817 304 2891 ἡμῖν
320 2817 364 2876 καί
379 2816 427 2890 τὴν
442 2822 493 2877 τῶν
509 2819 618 2878 ύπάτων
632 2819 677 2877 καλ
698 2817 745 2890 τὴν
764 2823 817 2878 τῶν
841 2819 988 2899 δημάρχων

213 2930 225 2953 ιι
241 2905 325 2985 ἀρχὴν
340 2908 522 2988 ἐμηρύσαντο,
540 2907 586 2966 καί
609 2912 623 2967 ὁ
638 2906 730 2987 χρόνος
749 2909 830 2980 αὐτῆς
844 2906 917 2966 ούπω
933 2931 988 2966 πα-

213 3019 225 3043 r
244 2993 399 3073 ρελήλυθιν,
414 2994 503 3071 ώτπερ
519 3016 560 3053 σοι
574 2995 657 3054 δοκεῖ.
702 2995 742 3055 Οὐ
757 2993 808 3073 γάρ
823 2994 859 3060 εἰς
871 2995 988 3055 ἐνιαυτὸν

212 3107 224 3130 ι
241 3080 449 3162 ἀπεδείχθημεν,
469 3083 523 3140 οὐδ’
539 3084 574 3147 είς
595 3081 675 3140 ἄλλον
691 3080 750 3141 τινδ
766 3081 859 3161 χρόνον
875 3083 988 3162 ὡρισμέ-

212 3194 293 3242 ιινον,
310 3173 369 3229 ἀλλ’
391 3171 438 3239 ἕως
459 3172 489 3229 ἂν
516 3171 745 3244 κατεστησάμεθα
770 3180 859 3231 πᾶσαν
874 3175 922 3244 τὴν
948 3197 989 3233 νο-

211 3288 223 3310 «
240 3260 373 3335 μοθεαίαν.
429 3259 634 3327 Συντελέσαντες
650 3251 694 3320 οὖν
714 3259 763 3319 όσσ
779 3263 806 3320 ἐν
820 3264 858 3341 νῷ
874 3261 984 3341 έχομεν,

212 3377 224 3399 ε
236 3350 281 3406 καί
292 3347 456 3421 κυρώσαντες
468 3351 525 3415 τοὺς
540 3349 645 3417 λοιπούς
658 3349 765 3425 νόμους,
781 3348 840 3409 τότε
854 3352 989 3425 ἀποθησό-

157 3464 183 3501 35
211 3467 223 3488 ιι
239 3444 306 3513 μεθα
321 3437 368 3509 τὴν
383 3438 488 3518 ἀρχὴν,
504 3438 550 3496 καὶ
568 3437 645 3517 λόγον
658 3442 710 3498 τῶν
727 3439 921 3518 πεπραγμένων
936 3449 990 3509 τοῖς

212 3554 224 3580 ιι
240 3527 406 3605 βουλομένοις
422 3531 495 3603 ὑμῶν
512 3526 648 3608 θρέξομιν.
691 3526 765 3594 Τέως
780 3528 808 3588 δέ
824 3528 897 3588 οὐδέν
908 3530 989 3587 έλατ-

211 3644 222 3668 ι
237 3615 375 3694 τώσομεν,
391 3618 448 3677 οὐδὲ
463 3623 510 3688 τῆς
524 3620 654 3689 ὑπατικῆς
670 3616 785 3687 ἐξουσίας
804 3618 862 3678 ούθλ
878 3624 924 3692 τῆς
944 3623 990 3694 δη·

211 3734 222 3758 ιι
240 3711 382 3785 μαρχικῆς.
430 3706 496 3784 Περὶ
515 3707 542 3764 δέ
559 3712 602 3766 τοῦ
620 3708 754 3784 πολέμου,
772 3709 830 3767 τίνα
851 3707 904 3789 χρὴ
927 3711 989 3791 τρό·.

212 3821 223 3847 ιι
238 3816 286 3853 πον
314 3797 349 3862 ώς
372 3796 487 3874 τάχιστα
502 3795 547 3855 καί
561 3796 692 3855 κάλλιστα
714 3796 773 3864 τοὺς
795 3797 902 3877 ἐχθρούς
920 3801 989 3875 ἀμύ-

212 3910 223 3934 ιι
239 3888 345 3954 νασθαι,
382 3883 488 3960 γνώμας
521 3884 585 3951 ἀξιῶ
616 3885 760 3964 παριόντας
789 3889 855 3963 ὑμᾶς
883 3887 985 3965 λέγειν,

212 3997 223 4020 ιι
238 3971 357 4047 πρώτους
372 3972 431 4047 μὲν,
445 3970 537 4051 ώσπερ
551 3973 606 4032 ἐστί
619 3972 726 4046 σύνηθες
742 3975 787 4033 καὶ
797 3976 897 4054 πρέπον
913 3978 986 4053 ὑμῖν,

211 4081 222 4104 ι
238 4055 296 4120 τοὺς
308 4057 516 4138 πρεαόυτέρους·
531 4057 621 4119 ἔπειτα
636 4059 694 4127 τοὺς
706 4060 811 4138 μέσους,
825 4063 988 4132 τελευταίους

211 4170 222 4193 ι
238 4143 264 4201 δέ
277 4143 334 4210 τοὺς
350 4147 531 4215 νεωτάτους.»

1047 3909 1059 3932 ιι
1076 3885 1147 3934 diurn
1163 3883 1286 3946 progressi
1296 3882 1431 3933 sententias
1443 3879 1531 3930 dicatis
1547 3895 1553 3926 ε
1566 3879 1716 3945 apprimum
1729 3880 1831 3945 quidem

1046 3996 1058 4025 ιι
1073 3981 1111 4038 (ut
1128 3976 1204 4025 moris
1219 3979 1259 4026 ost
1271 3979 1295 4025 et
1305 3979 1333 4025 ut
1344 3988 1389 4024 vos
1406 3973 1488 4037 decet)
1503 3971 1627 4031 seniores;
1641 3972 1735 4023 deinde
1744 3970 1831 4025 medies

1046 4087 1058 4111 ι
1075 4065 1156 4117 stads
1172 4064 1235 4124 riri,
1253 4069 1381 4129 postremo
1391 4062 1447 4114 ioco
1458 4061 1580 4125 juniores.
1595 4081 1607 4105 ν

251 4231 316 4290 Vii.
339 4235 432 4292 Ταῦτα
448 4235 550 4310 εἰπὼν,
568 4240 670 4317 πρῶτον
694 4239 741 4312 μέν
757 4239 844 4298 ἐκάλει
863 4240 907 4299 τόν
922 4245 987 4302 ἑαυ-

156 4349 181 4384 as
209 4327 253 4379 τοῦ
266 4326 331 4378 θεῖον
344 4323 423 4382 Γάϊον
441 4326 581 4388 Κλαύδιον.
630 4327 664 4388 Ὁ
676 4329 702 4386 δέ
716 4329 847 4401 ἀναστάς,
863 4332 987 4405 τοιαύτην

210 4410 306 4467 διέθετο
327 4413 510 4493 δημηγορίαν·
533 4444 544 4469 ι
568 4416 681 4487 'bretti
705 4441 737 4489 με
752 4422 855 4496 πρῶτον
878 4421 985 4499 γνώμην

209 4527 220 4551 ι
237 4501 425 4579 ἀποφαίνεσθαι
441 4503 507 4571 ἀξιοῖ
522 4501 644 4578 Ἄππιος,
656 4495 679 4565 d
693 4505 785 4585 βουλὴ,
799 4512 883 4583 τιμῶν
903 4509 987 4570 διὰτὸ

209 4590 373 4666 «συγγενὲς,
396 4590 486 4671 ὥσπερ
517 4596 588 4674 αὐτῷ
617 4596 763 4673 προσήκει,
787 4598 831 4654 καί
853 4599 891 4655 δεῖ
915 4620 948 4672 με
971 4598 988 4655 ἃ

210 4683 326 4758 ιρρονῶ
345 4680 406 4759 περί
426 4688 471 4741 τοῦ
495 4684 611 4759 πολέμου
638 4689 682 4743 τοῦ
710 4684 774 4763 πρὸς
798 4683 925 4750 Αἰκανούς
942 4685 985 4741 καί

156 4789 182 4823 su
211 4769 367 4838 ιιΣοιύίνους
390 4774 487 4843 εἰπεῖν,
510 4773 571 4850 πρὶν
592 4773 780 4841 ἀποδείξασθαι
802 4773 849 4843 τὴν
872 4775 986 4849 ἐμαυτοῦ

210 4884 221 4907 ιι
239 4858 370 4936 διάνοιαν,
385 4865 467 4921 ἐκεῖνο
482 4862 626 4939 βουλοίμην
646 4861 677 4920 διν
693 4867 761 4939 ὑμᾶς
774 4863 904 4932 ἐξετάσαι,
919 4861 986 4920 τίσιν

210 4950 391 5026 «ἐπαρθέντες
421 4952 524 5009 ἐλπίσιν
548 4953 658 5010 Αἰκανοὶ
684 4953 728 5011 καί
746 4955 855 5011 Σαώῑνοι
871 4952 986 5025 πολεμον

211 5060 223 5081 ι
239 5035 385 5113 ἐπενεγκεῖν
400 5040 549 5114 ἐτόλμησαν
563 5045 625 5115 ἡμῖν
645 5039 750 5110 κοίτην
765 5040 856 5119 χώραν
871 5039 987 5105 ἐπιόντες

211 5120 374 5190 «λεηλατεῖν
384 5172 391 5197 ,
410 5129 433 5183 οἱ
450 5128 515 5192 τέως
532 5129 685 5204 ἀγαπῶντες
707 5126 752 5184 καί
770 5136 821 5192 τοῖς
837 5134 903 5194 θεοῖς
918 5129 985 5187 πολ-

1074 4246 1130 4295 vii.
1156 4242 1201 4294 iiis
1221 4243 1312 4301 dictis,
1339 4243 1446 4306 primum
1475 4240 1574 4291 vocarit
1602 4243 1723 4304 patruum
1747 4255 1830 4303 suum,

1045 4336 1071 4386 Ο.
1084 4334 1221 4385 Claudium.
1238 4334 1282 4383 iiie
1295 4346 1356 4383 reru
1376 4331 1493 4391 surrexit,
1512 4334 1537 4381 ot
1550 4330 1624 4380 talem
1634 4329 1728 4381 imbuit
1741 4332 1831 4382 orabo

1044 4436 1099 4473 nem
1119 4440 1125 4471 ι
1149 4439 1160 4466 ιι
1176 4419 1280 4479 Quando
1299 4422 1326 4472 0.
1344 4421 1436 4485 Appius
1451 4432 1492 4468 me
1513 4417 1639 4481 primum,
1663 4420 1753 4468 Patres
1769 4432 1830 4469 con·

1045 4509 1164 4572 «scripti,
1183 4508 1327 4558 seutentiam
1341 4507 1423 4558 dicere
1434 4505 1506 4568 ruit,
1528 4505 1560 4555 ob
1582 4505 1761 4568 cognationem
1788 4521 1830 4557 me

1044 4621 1056 4643 «
1076 4599 1208 4657 honorans,
1226 4603 1252 4648 ut
1266 4597 1415 4658 cumdium,
1434 4595 1531 4659 quaudo
1542 4593 1626 4653 etiam,
1641 4607 1699 4656 qum
1717 4595 1752 4647 de
1766 4596 1831 4646 bello

1044 4706 1055 4728 ιι
1072 4691 1156 4735 contra
1171 4690 1262 4750 dipuos
1281 4691 1305 4737 et
1325 4686 1429 4737 Sabinos
1448 4684 1536 4744 sentio,
1553 4697 1593 4732 me
1616 4683 1699 4733 dicero
1720 4690 1830 4748 oporiet,

1044 4795 1055 4817 ιι
1071 4776 1205 4837 unthuuru
1228 4790 1307 4825 meam
1331 4779 1440 4825 ruentem
1461 4774 1531 4824 robis
1558 4772 1683 4836 aperiam,
1707 4772 1770 4823 illud
1793 4787 1824 4822 tx

1045 4886 1055 4913 ιι
1070 4869 1141 4918 robis
1165 4870 1253 4918 sellem
1289 4886 1416 4933 quaerore,
1443 4884 1492 4933 qua
1511 4883 1555 4933 spe
1585 4868 1689 4918 adducti
1712 4870 1788 4933 AEqui
1807 4874 1833 4920 et

1044 4978 1055 4999 ιι
1071 4958 1152 5008 Sabini
1181 4958 1274 5008 bullum
1306 4960 1377 5009 uobis
1407 4960 1516 5019 inierre,
1544 4962 1569 5007 ct
1599 4962 1713 5007 nostrum
1741 4973 1832 5022 agrum

1044 5070 1054 5091 ιι
1072 5049 1258 5100 incursionibus
1280 5050 1395 5113 populari
1421 5051 1476 5101 ausi
1502 5049 1609 5107 tuerint,
1635 5050 1680 5113 qui
1709 5051 1742 5100 ad
1767 5052 1832 5102 irauc

1044 5159 1055 5180 ιι
1070 5153 1148 5200 usque
1173 5139 1239 5189 dium
1264 5139 1381 5203 praecium
1400 5153 1486 5190 secum
1516 5139 1555 5203 ogi
1574 5138 1715 5203 putabant,
1727 5140 1832 5205 diisque
