3772 5828
585 313 878 389 nitlbbl'rs'rtltt
897 317 1040 380 bollan.
1068 322 1138 383 LlB.
1164 325 1212 384 ΙΙΙ.

98 443 146 521 μίν
156 443 246 502 §surdi
254 443 384 516 ἐδήλωσεν
394 442 464 509 ὅστις
470 434 514 514 ήν,
524 444 603 503 ἔπειθ’
615 447 654 505 δτι
662 456 791 507 κατοικεῖν
800 453 863 527 lori,

97 531 173 591 πόλει
186 529 341 610 βουλόμενος
355 532 452 610 παρῄει
471 540 559 590 πᾶσαν
570 531 616 603 τήν
631 535 761 613 πατρικὴν
777 536 866 594 οὐσίαν

98 621 272 698 ἀπαγόμενος,
291 619 324 691 ήν
346 625 383 685 εἶς
413 620 442 679 ἰδ
466 620 550 679 κοινὸν
570 620 619 702 ἔφη
641 626 678 702 τῷ
696 625 799 702 βασιλεῖ
822 625 868 682 καί

97 711 130 787 τῇ
154 705 297 783 Ῥωμαίων
324 709 399 765 πόλει
423 708 519 768 τιθέναι
552 710 647 786 μείζον’
668 703 748 770 οὐσαν
770 712 787 782 ἢ
809 711 867 771 κατ’

58 815 73 851 a
98 799 201 867 ἰδιώτην
216 798 298 874 ἀνδρα
311 800 464 866 κεκτῆσθαι.
494 796 624 874 Ἀσμίνως
639 798 666 858 δί
681 805 726 858 τοῦ
740 799 868 877 βασιλέως

97 885 172 942 αὐτὸν
194 883 400 960 ὑποδεξαμένου,
424 883 469 941 καί
490 885 720 965 καταχωρίσαντος
739 888 796 962 ἅμα
814 897 868 954 τοῖς

96 979 275 1051 συμπαροῦσιν
294 974 364 1050 αὐτῷ
377 974 521 1049 Τυρρηνῶν
536 976 571 1040 εἰς
584 974 667 1054 φυλήν
682 998 710 1033 τε
725 974 771 1034 καί
793 984 868 1055 φρᾶ-

95 1083 175 1139 τραι,
189 1059 271 1119 οἰκίαν
286 1083 313 1119 τε
330 1061 558 1132 κατασκευάζεται
579 1061 659 1121 τόπον
676 1063 810 1142 διαλαχὼν
821 1067 868 1134 τῆς

96 1150 197 1214 πόλεως
219 1146 263 1206 τόν
287 1151 435 1227 ἀρκοῦντα,
468 1149 513 1206 καί
538 1155 585 1227 γῆς
607 1150 738 1226 λαμόάνει
758 1154 865 1231 κλῆρον.

44 1253 68 1291 ιο
99 1235 178 1295 Ἐπεί
191 1234 216 1294 ἀί
229 1240 311 1294 ταῦτα
325 1237 472 1311 διῳκήσατο
483 1236 527 1294 καί
539 1241 589 1295 τῶν
598 1242 683 1297 ἀστῶν
697 1229 733 1305 είς
743 1242 867 1317 ἐγεγόνει,

96 1323 185 1396 μαθὼν
200 1320 239 1380 ότι
267 1320 410 1398 Ῥωμαίων
434 1322 538 1402 ίκάστῳ
558 1326 643 1384 κοινόν
661 1329 685 1384 τ’
709 1324 791 1402 ὄνομα
813 1335 868 1385 κεῖ-

95 1435 155 1482 ται,
178 1411 224 1469 καί
237 1411 305 1488 μετά
317 1412 347 1467 τὸ
361 1410 445 1469 κοινδν
462 1410 564 1489 ἕτερον,
578 1413 592 1472 δ
607 1411 639 1483 δή
653 1415 803 1492 συγγενικὸν
820 1417 868 1473 αὐ-

95 1506 148 1564 τοῖς
160 1501 215 1556 ἐστι
237 1500 282 1556 καὶ
302 1502 520 1576 πατρωνυμικόν,
535 1499 713 1576 ἐξομοιοῦσθαι
727 1503 772 1560 καὶ
798 1502 867 1561 κατὰ

96 1586 166 1646 τοῦτ’
180 1589 269 1654 αὐτοῖς
287 1587 457 1664 βουλόμενος,
476 1587 587 1647 Λεύκιον
603 1588 649 1666 μίν
666 1587 723 1646 ἀντί
739 1592 868 1667 Δοκόμω·

46 1696 70 1733 ιι
96 1698 137 1741 νος
152 1678 237 1753 ἑαυτῷ
251 1674 349 1733 τίθεται
359 1675 390 1732 τδ
404 1674 488 1733 κοινὸν
504 1674 603 1750 ὄνομα,
618 1677 765 1755 Ταρκύνιον
788 1676 816 1736 δὲ
836 1676 868 1736 τδ

96 1762 248 1841 συγγενικὸν
264 1762 307 1820 ἐπί
320 1766 368 1831 τῆς
391 1764 511 1840 πολεως,
535 1767 561 1823 ἐν
583 1755 601 1843 ᾗ
623 1763 747 1840 γενέσεώς
770 1787 799 1822 τε
823 1764 869 1823 καί

95 1855 192 1930 τροφῆς
203 1850 289 1929 ἔτυχε·
303 1849 428 1929 βασιλέως
443 1873 471 1908 τε
486 1853 557 1930 φίλος
567 1854 593 1910 il
608 1852 687 1931 ὀλίγῳ
700 1854 770 1911 πάνυ
781 1851 868 1933 χρόνῳ

96 1939 213 2014 γίνεται,
231 1940 302 2016 δῶρα
327 1937 426 2010 διδούς,
450 1931 486 1997 ὧν
503 1940 581 1997 αὐτὸν
606 1941 633 1998 έν
650 1939 728 2020 χρείη
750 1941 869 2017 μάλιστα

96 2025 230 2102 γινόμενον
245 2026 387 2103 ᾐσθάνετο,
407 2026 451 2084 καὶ
466 2028 593 2105 χρήματα
617 2025 741 2106 παρέχων
764 2029 800 2093 εἰς
822 2026 869 2094 τίς

45 2139 71 2177 20
97 2113 241 2189 πολεμικάς
254 2114 344 2192 χρείας
357 2113 424 2172 ὅσων
444 2117 541 2183 ἐδεῖτο,
556 2117 582 2173 έν
605 2114 632 2173 δέ
649 2123 706 2181 ταῖς
721 2114 870 2194 στρατείαις

96 2200 219 2259 ἁπάντων
232 2204 359 2279 κράτιστα
370 2205 454 2270 πεζῶν
464 2226 492 2260 τε
502 2202 546 2260 καί
556 2202 656 2262 ἱππίων
672 2203 867 2281 ἀγωνιζόμενος,

95 2289 201 2365 γνώμης
215 2291 236 2347 θ’
252 2288 316 2349 ὅπου
343 2289 458 2360 δεήσειεν
473 2294 572 2367 ἀγαθῆς
584 2293 615 2368 Ιἐν
631 2298 684 2356 τοῖς
697 2292 765 2350 πάνυ
786 2293 871 2370 φρονί-

96 2399 153 2452 μοις
163 2380 214 2434 τῶν
225 2377 381 2452 συμόούλων
391 2378 588 2455 ἀριθμούμενος.
606 2379 746 2454 Γενόμενος
756 2378 783 2435 δὲ
794 2379 868 2459 παρδι

95 2465 133 2537 τῷ
154 2462 256 2539 βασιλεῖ
276 2463 381 2536 τίμιος,
400 2463 458 2518 οὐδὲ
482 2466 528 2531 τῆς
550 2462 704 2520 τῶνᾶλλων
728 2461 869 2536 Ῥωμαίων

98 2550 196 2614 εὐνοίας
210 2547 372 2626 διήμαρτεν,
386 2551 453 2606 ἀλλά
474 2551 518 2608 καὶ
534 2555 584 2608 τῶν
599 2553 743 2631 πατρικίων
758 2550 870 2618 πολλοὺς

97 2641 154 2700 ταῖς
167 2636 322 2713 εὐεργεσίαις
335 2637 500 2715 ὑπηγάγετο,
518 2639 562 2696 καὶ
576 2639 605 2696 τὸ
621 2638 761 2714 δημοτικὸν
773 2640 870 2710 πλῆθος

96 2722 198 2788 οἰκείοις
224 2723 292 2802 ἔχειν
312 2726 397 2802 ἑαυτῷ
417 2725 612 2802 παρεσκεύασεν
631 2727 832 2805 εὐπροσηγόροις
844 2730 868 2786 τ’

97 2812 250 2887 ἀσπασμοῖς
261 2813 305 2870 καὶ
321 2815 523 2892 κεχαρισμέναις
539 2813 651 2891 ὁμιλίαις
665 2814 709 2873 καί
723 2816 868 2894 χρημάτων

95 2899 234 2976 μεταδόσει
249 2901 294 2957 καὶ
305 2908 363 2967 ταῖς
377 2900 469 2967 ἄλλαις
482 2900 689 2981 φιλοφροσύναις.

135 2987 237 3047 xllx.
259 2989 383 3054 Τοιοῦτος
398 2987 445 3061 μὲν
460 2988 491 3059 δή
506 3013 543 3056 τις
558 2994 571 3048 δ
592 2989 739 3065 Ταρκύνιος
757 2981 806 3063 ήν,
822 2991 868 3050 καὶ

95 3075 137 3133 δεδι
165 3074 261 3140 ταύτας
281 3074 327 3141 τάς
348 3075 432 3140 αίτίας
453 3075 545 3145 ζῶντός
560 3101 588 3135 τε
619 3077 740 3155 Μαρκίου
761 3077 867 3138 πάντων

96 3164 196 3238 ἐγένετο
211 3163 354 3238 Ῥωμαίων
369 3164 592 3244 ἐπιφανέστατος,
608 3165 652 3223 καὶ
666 3164 868 3235 τελευτήσαντος

96 3251 193 3310 ἐκείνου
218 3257 265 3322 τῆς
291 3253 426 3328 βασιλείας
451 3251 501 3309 ὐπδ
529 3253 634 3311 πάντων
662 3252 732 3321 ἄξιος
768 3254 867 3331 ἐκρίθη.

96 3336 207 3409 Ἐπειδὴ
230 3338 257 3396 δὲ
281 3339 416 3416 παρέλαόε
431 3339 478 3412 τήν
501 3341 602 3419 ἀρχήν,
626 3345 728 3418 πρῶτον
744 3339 791 3412 μὲν
806 3343 868 3399 ino·

96 3427 193 3500 λέμησε
206 3434 258 3492 τοῖς
272 3429 442 3501 καλουμένοις
465 3427 642 3500 Ἀπιολανοῖς,
658 3428 733 3486 πόλει
747 3433 793 3484 τοῦ
809 3433 865 3487 Λα·

96 3512 172 3569 τίνων
191 3514 275 3579 ἔθνους
297 3515 344 3573 οὐκ
369 3516 472 3595 ἀφανεῖ.
527 3519 562 3576 Οἱ
584 3516 634 3594 γάρ
650 3515 795 3574 Ἀπιολανοὶ
821 3516 866 3573 καί

96 3603 120 3658 οἱ
137 3603 210 3658 ἄλλοι
223 3603 370 3676 σύμπαντες
391 3604 502 3664 Λατῖνοι
521 3604 586 3678 μετὰ
612 3602 655 3660 τὸν
680 3601 775 3679 Ἀγκου
793 3606 867 3680 blop-

97 3687 154 3747 κίον
168 3691 274 3747 θάνατον
286 3691 410 3750 λελύσθαι
422 3690 468 3758 τάς
482 3691 542 3769 περί
552 3695 597 3760 τῆς
611 3689 714 3769 εἰρήνης
729 3692 867 3768 ὁμολογίας

97 3778 214 3854 οἰόμενοι
228 3778 358 3855 λῃστείαις
382 3779 471 3837 τεκαὶ
491 3780 635 3858 προνομαῖς
653 3776 699 3848 τήν
725 3777 865 3853 Ῥωμαίων

93 3869 144 3940 γῆν
170 3864 301 3943 ἐπόρθουν·
326 3868 381 3923 ἀνθ’
405 3858 441 3925 ῶν
473 3866 673 3946 τιμωρήσασθαι
711 3864 867 3944 βουλόμενος

94 3951 188 4018 αὐτοὺς
205 3957 219 4011 θ
234 3953 378 4031 Ταρκύνιος
389 3954 570 4034 ἐξεστράτευσε
583 3955 668 4031 πολλῆ
682 3952 806 4030 δυνάμει,
820 3954 866 4013 καί

93 4046 139 4113 τῆς
154 4045 201 4119 γῆς
216 4042 300 4098 αὐτῶν
313 4040 362 4112 τὴν
374 4043 515 4121 κρατίστην
531 4043 654 4122 ἐδήωσεν·
667 4042 825 4120 ἀφικομένης
840 4044 865 4102 δ’

93 4130 122 4188 ίκ
145 4131 199 4187 τῶν
222 4130 413 4208 πλησιοχώρων
437 4130 556 4190 Λατίνων
579 4128 727 4206 ἐπικουρίας
750 4130 866 4205 μεγάλης

92 4224 144 4285 τοῖς
166 4216 340 4292 Ἀπιολανοῖς,
356 4218 442 4284 διττάς
456 4220 553 4277 τίθεται
573 4219 635 4296 πρδς
655 4216 747 4283 αὐτούς
762 4217 864 4295 μάχας·

44 4321 53 4348 -·
63 4344 67 4352 ,
93 4304 226 4385 κρατήσας
240 4304 265 4363 δ’
278 4309 305 4364 ἐν
326 4304 485 4386 ἀμφοτέραις
506 4305 565 4384 περί
582 4305 629 4374 τήν
643 4305 797 4382 πολιορκίαν
817 4309 865 4375 τῆς

93 4395 193 4462 πόλεως
209 4393 321 4470 ἐγίνετο,
345 4392 390 4451 καί
412 4397 528 4471 προσῆγε
544 4394 597 4459 τοῖς
610 4391 710 4470 τείχεσι
723 4389 769 4457 τίς
784 4391 865 4448 δυνά-

93 4504 149 4557 μεις
166 4484 195 4540 ίκ
210 4482 344 4560 διαδοχῆς·
358 4483 382 4539 οἱ
402 4482 424 4539 δ’
434 4483 463 4538 ίκ
484 4486 531 4553 τῆς
550 4481 650 4546 πόλεως
668 4482 749 4555 δλίγοι
763 4502 790 4537 τε
801 4478 865 4558 πρδς

92 4568 202 4636 πολλοὺς
217 4569 362 4650 μαχόμενοι
382 4568 426 4628 καί
449 4572 510 4627 κατ’
521 4567 612 4628 οὐδένα
631 4566 721 4648 καιρὸν
740 4568 864 4628 ἀναπαύ-

92 4678 157 4724 εεως
170 4657 344 4735 τυγχάνοντες
356 4655 515 4734 ίίῃρίθηεοιν
529 4654 575 4714 οὐν
586 4656 684 4736 χρόνῳ.
702 4653 825 4727 Ἀλούσης
837 4658 863 4716 δέ

45 4763 68 4801 sn
92 4747 160 4805 κατὰ
174 4746 267 4824 κράτος
288 4748 334 4816 τῆς
351 4744 465 4816 πόλεως,
480 4745 504 4802 οί
520 4743 566 4821 μίν
587 4745 690 4811 πλείους
708 4746 761 4802 τῶν
777 4742 862 4802 Ἀπιο·

92 4835 176 4894 λανῶν
192 4833 337 4912 μαχόμενοι
354 4830 576 4914 κατεσφάγησαν,
590 4830 673 4910 ὐλίγοι
693 4829 721 4889 δὲ
739 4831 772 4890 τδι
793 4827 862 4888 ὅπλα

91 4923 249 5002 παραδόντες
270 4919 327 4997 ἅμα
348 4929 401 4988 τοῖς
428 4921 516 4986 ἀλλοις
536 4917 661 5000 λαφύροις
691 4918 859 4997 ἐπράθησαν,

91 5012 179 5079 παῖδες
192 5013 216 5069 τ’
228 5012 313 5069 αὐτῶν
334 5009 379 5068 καί
400 5013 519 5086 γυναῖκες
544 5005 791 5086 ἀνδραποδισθέντες
811 5004 861 5062 ὐπὸ

90 5095 233 5178 Ῥωμαίων
259 5097 434 5176 ἀπήχθησαν,
463 5100 509 5154 καὶ
533 5101 550 5166 ἡ
581 5095 656 5161 πόλις
681 5092 861 5172 διαρπασθεῖσ*

1636 338 1689 394 ΠΙ

921 470 948 507 se
968 472 1026 508 curn
1048 464 1100 510 tolo
1121 476 1166 512 suo
1184 466 1329 526 patrimonio
1348 468 1445 518 venisse
1459 469 1484 518 in
1506 471 1609 536 urbem,
1624 475 1693 538 quod

921 548 945 596 in
961 563 990 599 ea
1009 551 1118 604 babitare
1132 555 1218 617 vellet,
1235 558 1309 619 idque
1332 561 1355 608 in
1379 560 1491 623 publicos
1507 567 1571 625 regis
1596 571 1621 616 et
1643 570 1692 618 rei·

920 641 1025 703 publicos
1049 648 1163 697 Romame
1186 663 1246 699 usus
1262 651 1423 711 collaturum,
1443 655 1509 716 quod
1528 658 1607 705 utlaius
1629 664 1695 710 esset

921 749 995 796 quam
1018 738 1106 801 privati
1126 739 1231 790 bonninis
1259 745 1367 792 rationes
1392 745 1498 805 terrent,
1526 748 1596 798 dixit.
1631 753 1693 802 Cum

921 830 1004 877 autem
1030 829 1136 879 libenter
1156 845 1202 880 rex
1226 847 1282 881 eom
1311 834 1463 898 recepisset,
1490 841 1517 886 el
1544 853 1602 888 cum
1625 843 1704 891 ‹tranni-

922 919 968 970 bus
984 923 1109 982 Etruscis,
1126 923 1168 986 qui
1186 926 1311 990 cumipse
1321 935 1448 989 uenerant,
1468 930 1492 979 in
1506 932 1573 981 tribu
1589 935 1615 982 et
1627 931 1700 982 curia

921 1015 1077 1077 collocasset,
1102 1022 1159 1082 lpse
1180 1019 1282 1071 domum
1304 1024 1449 1085 aedificavit,
1475 1028 1572 1076 lanium
1595 1026 1644 1076 loci
1668 1026 1695 1074 in

921 1111 982 1160 urbe
1000 1114 1102 1162 sortitus
1124 1118 1244 1177 quantum
1258 1117 1318 1166 satis
1339 1124 1419 1180 esset,
1438 1123 1463 1170 et
1484 1122 1535 1184 egri
1558 1123 1694 1185 portionem

921 1204 1024 1268 accepit.
1069 1204 1111 1252 llis
1135 1206 1254 1265 peractis,
1275 1221 1331 1256 euin
1351 1210 1411 1259 ciris
1438 1211 1519 1261 lactus
1541 1216 1618 1272 esset,
1644 1212 1695 1262 ani·

922 1296 1079 1345 madrerleus
1107 1297 1237 1362 uuicuique
1259 1278 1425 1350 Romanorum
1447 1316 1537 1352 nomen
1563 1317 1692 1354 commune

922 1402 990 1448 esse,
1009 1389 1035 1439 el
1047 1393 1136 1452 preter
1156 1389 1215 1440 illud
1231 1405 1360 1443 commune
1376 1393 1443 1444 aliud
1458 1396 1531 1446 etium
1544 1397 1694 1460 gentilicium

922 1489 946 1534 et
966 1488 1091 1548 paternam
1113 1485 1214 1549 stirpem
1236 1485 1380 1547 declarans,
1399 1488 1516 1553 queniam
1535 1489 1634 1539 uolebat
1648 1488 1694 1538 bae

921 1592 1018 1643 quoque
1038 1580 1063 1628 in
1086 1593 1112 1630 re
1126 1581 1173 1630 illis
1191 1581 1275 1631 similis
1289 1595 1359 1640 esse,
1378 1583 1446 1632 Lucii
1460 1596 1548 1633 nomeu
1564 1596 1693 1633 commune

920 1687 965 1736 pro
978 1676 1118 1723 Lucumone
1132 1675 1178 1724 sibi
1200 1677 1330 1739 imposuit,
1354 1682 1379 1726 et
1400 1677 1526 1741 Tarquinii
1546 1678 1694 1742 gentilicium

921 1762 954 1812 ab
970 1762 1031 1812 urbe
1047 1762 1071 1811 in
1088 1776 1137 1827 qua
1151 1768 1175 1813 et
1192 1769 1265 1814 nutus
1278 1770 1304 1814 et
1318 1765 1438 1816 educatus
1459 1768 1546 1817 luerat.
1591 1771 1622 1818 Et
1638 1769 1694 1817 bre·

922 1849 1022 1899 tissime
1032 1851 1148 1913 temporis
1162 1852 1240 1914 spatio
1256 1853 1320 1915 regis
1334 1852 1468 1903 amicitiam
1483 1855 1529 1904 sibl
1545 1855 1694 1914 conciliauit,

922 1938 988 2003 quod
999 1938 1021 1987 ei
1034 1937 1138 1988 donaret
1154 1951 1183 1988 ea
1198 1939 1289 2001 quibus
1303 1939 1382 2004 ipsum
1399 1941 1505 1990 inanime
1518 1955 1589 2004 egere
1602 1942 1695 1991 sentie-

922 2027 979 2084 bat,
994 2026 1110 2089 quodque
1133 2025 1249 2088 pecunius
1268 2026 1436 2088 suppeditaret
1453 2027 1484 2076 od
1506 2027 1605 2076 bellicos
1624 2043 1693 2089 usus,

921 2116 1010 2179 quibus
1026 2115 1197 2176 indigebat,el
1208 2113 1232 2163 in
1242 2114 1439 2177 expeditionibus
1451 2115 1559 2165 omnium
1575 2120 1600 2164 el
1622 2116 1694 2179 pedi-

921 2212 975 2260 ium
986 2213 1011 2259 et
1024 2210 1136 2271 equitum
1147 2207 1280 2257 fortissime
1295 2208 1432 2268 dimicaret,
1445 2222 1473 2257 ae
1486 2210 1507 2258 si
1520 2208 1584 2258 bone
1594 2209 1694 2259 consilio

922 2304 987 2351 esset
1000 2314 1062 2364 opus
1084 2300 1149 2349 inter
1162 2299 1365 2364 prudentissimos
1385 2299 1528 2350 haberetur.
1564 2303 1629 2351 cum
1645 2317 1689 2351 uu·

922 2397 972 2444 tem
988 2394 1052 2456 apud
1071 2407 1152 2457 regem
1169 2394 1193 2444 in
1208 2393 1300 2444 honore
1313 2396 1387 2454 esset,
1402 2394 1507 2444 aliorum
1522 2408 1622 2459 qnoque
1644 2399 1693 2447 lto·

922 2502 1049 2539 manorum
1061 2487 1233 2537 benevolentia
1246 2502 1294 2538 non
1315 2489 1423 2546 excidll;
1438 2488 1480 2538 sed
1496 2491 1521 2538 el
1536 2489 1694 2551 patriciorum

922 2586 1014 2636 multos
1030 2585 1157 2636 benefieiis
1171 2584 1218 2634 sibi
1232 2583 1360 2641 devinxit,
1380 2587 1405 2634 el
1418 2583 1520 2648 plebeiae
1531 2583 1695 2634 multitudiuis

922 2679 1031 2729 levorem
1050 2678 1097 2728 sibi
1118 2677 1271 2731 conciliauit.
1299 2676 1395 2725 blandis
1409 2675 1615 2733 salutationibus,
1632 2677 1695 2725 oomi

922 2773 1029 2839 alloquio
1050 2776 1076 2822 et
1087 2772 1247 2835 pecuniarum
1270 2769 1401 2832 largitione
1417 2769 1521 2833 aliisque
1535 2768 1695 2818 humanitatis

921 2869 1016 2918 officiis.

952 2964 1033 3013 llblll.
1046 2960 1111 3011 Talis
1125 2960 1200 3022 igitur
1209 2961 1264 3009 eret
1277 2957 1426 3020 Tarquinius
1439 2976 1446 3005 ε
1460 2959 1485 3007 el
1498 2956 1576 3006 bisde
1591 2955 1693 3017 caussis,

921 3062 979 3111 viro
995 3060 1076 3110 adbuc
1099 3057 1189 3108 biarcio
1206 3057 1316 3108 omnium
1329 3060 1497 3106 Romanorum
1513 3054 1694 3105 illustrissimus

921 3159 1016 3219 laetus,
1039 3159 1137 3207 mortuo
1159 3154 1189 3205 ab
1216 3155 1332 3204 omnibus
1353 3166 1428 3215 regno
1449 3152 1537 3213 dignos
1564 3153 1602 3200 est
1627 3150 1692 3200 iudi-

921 3257 999 3305 catus.
1032 3256 1143 3317 Regnum
1158 3266 1219 3303 rero
1231 3252 1336 3314 adeptus
1356 3249 1463 3312 primum
1484 3247 1583 3312 quidem
1599 3247 1692 3297 bellum

921 3351 1007 3402 inlulil
1022 3349 1145 3414 apiolauis
1165 3349 1362 3410 emundantur,
1386 3345 1479 3408 populo
1500 3342 1581 3404 gentis
1602 3341 1694 3390 balium

921 3463 968 3498 non
988 3446 1094 3510 ignobili.
1138 3442 1248 3507 Apioleni
1271 3443 1336 3492 enim
1358 3443 1385 3489 et
1408 3439 1495 3497 reliqui
1511 3450 1595 3486 omnes
1612 3435 1692 3485 Latini

920 3551 977 3610 post
988 3545 1047 3595 buci
1059 3542 1144 3592 Marcii
1162 3541 1258 3589 obitum
1270 3538 1337 3602 pacis
1349 3537 1502 3586 conditiones
1518 3536 1605 3596 ruptas
1625 3532 1693 3582 arbi-

921 3643 978 3691 trati
999 3638 1131 3689 latrociniis
1154 3649 1184 3684 ac
1201 3632 1399 3697 pabulationibus
1422 3633 1586 3679 Romanorum
1608 3642 1692 3692 agrum

920 3738 1060 3788 infestantes
1085 3729 1270 3797 populabantur.
1319 3731 1401 3785 Quare
1421 3726 1583 3788 Tarquinius,
1609 3725 1693 3776 rolens

920 3831 1032 3883 iniuriam
1049 3828 1138 3878 abillis
1159 3827 1283 3889 acceptam
1301 3821 1400 3882 ulcisci,
1420 3835 1476 3870 cum
1500 3821 1594 3884 magnis
1614 3820 1692 3884 coplls

921 3932 946 3978 ln
971 3940 1014 3978 eos
1046 3923 1171 3987 proiectus
1190 3922 1243 3978 est,
1272 3920 1297 3966 el
1324 3914 1375 3978 agri
1402 3928 1487 3963 eorum
1516 3914 1693 3977 prestantissi-

920 4037 986 4074 mam
1008 4023 1104 4086 partem
1126 4014 1241 4066 vastarit.
1274 4015 1338 4062 Cum
1359 4015 1483 4061 autemex
1501 4010 1610 4060 finitimis
1630 4012 1692 4062 locis

920 4121 1060 4172 Latinorum
1071 4126 1158 4176 magna
1178 4110 1269 4160 auxilia
1289 4107 1412 4172 bplolunis
1428 4105 1566 4167 venissent,
1581 4106 1618 4155 bis
1633 4119 1691 4157 eum

919 4222 967 4271 illis
986 4215 1121 4283 pugnavit,
1148 4215 1173 4262 et
1199 4211 1222 4258 in
1244 4212 1349 4269 utroque
1379 4205 1464 4268 proelio
1484 4205 1565 4255 vietor
1598 4219 1625 4254 se
1660 4206 1691 4255 ud

919 4315 1002 4382 oppidi
1011 4310 1213 4378 oppugnationem
1226 4303 1354 4360 convertit,
1368 4305 1393 4351 el
1407 4301 1490 4363 copias
1502 4299 1533 4348 ad
1547 4312 1631 4348 muros
1648 4313 1691 4362 per

919 4409 986 4458 uices
1001 4402 1123 4461 admovit;
1137 4397 1251 4462 oppidani
1266 4407 1341 4454 vero,
1356 4406 1413 4442 eum
1433 4390 1504 4453 pauci
1524 4390 1608 4439 multis
1633 4388 1690 4439 resi-

920 4505 1021 4558 sterent,
1040 4511 1086 4548 nec
1099 4506 1206 4558 unquam
1225 4496 1323 4553 tempus
1344 4486 1563 4550 adquiescendum
1578 4485 1688 4543 daretur,

919 4601 1017 4653 tandem
1027 4594 1157 4660 expugnati
1177 4593 1243 4640 sunt.
1277 4585 1371 4651 Oppido
1383 4586 1465 4635 aulem
1484 4598 1527 4647 per
1539 4584 1590 4633 rim
1608 4584 1688 4645 euplo,

917 4703 996 4754 maior
1014 4696 1185 4762 Apiolauorum
1197 4704 1253 4755 pars
1270 4688 1294 4737 in
1308 4688 1360 4751 ipsa
1375 4699 1455 4751 pugna
1468 4697 1532 4734 emsa
1547 4685 1602 4732 est:
1618 4681 1689 4743 pauci

917 4818 992 4863 vero,
1003 4799 1078 4851 armis
1091 4793 1199 4852 traditis,
1212 4804 1261 4841 una
1274 4803 1330 4839 eum
1348 4789 1441 4850 reliqua
1454 4783 1537 4847 praeda
1549 4780 1686 4834 venierunt.

917 4907 1039 4955 eteorum
1051 4899 1121 4949 liberi
1132 4900 1156 4945 el
1169 4896 1284 4956 coniuges
1301 4892 1324 4940 in
1341 4888 1483 4939 servitutem
1498 4879 1635 4932 aliomanis
1645 4877 1688 4927 ab·

917 4999 998 5050 duero
1024 4999 1097 5054 sunt,
1113 5000 1140 5045 el
1156 4994 1209 5058 ipse
1227 4991 1288 5041 urbs
1309 4989 1404 5050 direpta
1427 4988 1502 5046 atque
1521 4981 1618 5029 incensa
1638 4982 1684 5027 est.

919 5098 968 5147 ilex
988 5093 1028 5144 bis
1042 5089 1149 5158 peractis
1170 5091 1196 5137 el
1207 5086 1332 5136 monibus
1345 5080 1455 5131 funditus
1474 5074 1565 5126 euersis
1584 5073 1685 5124 domum

1135 5396 1544 5494 Q.
