3772 5828
199 332 257 388 lea

201 490 213 515 ιι
232 463 280 533 την
301 483 331 519 τε
353 463 416 535 ὑμῖν
441 457 574 530 ἀνήλωται
590 453 635 513 καί
658 452 880 533 καταφρονήσεως
905 451 975 511 αίτια

202 576 214 600 ιι
232 549 350 626 γέγονεν,
371 550 406 614 ὡς
430 546 473 605 διά
487 545 536 616 τὴν
563 542 682 619 ἀνάγκην
708 541 914 622 συγχωρηθέντα
933 541 976 618 ὑφ’

202 666 214 690 ιι
233 640 324 712 ὑμῶν,
353 636 411 695 ἀλλ’
433 638 480 693 οὐκ
497 637 542 692 ἀπ’
572 632 672 698 εὐνοίας
702 631 760 690 οὐδὲ
787 632 856 690 κατὰ
879 630 974 710 κρίσιν.

202 754 215 779 ιι
234 729 362 786 Σκοπεῐτε
377 724 427 803 γδιρ
442 722 530 789 οὕτως.
553 718 621 780 Ὅτε
633 718 735 789 ἀπέστη
752 718 842 778 λαθὼν
857 717 891 776 τίι
904 718 975 776 ὑπλα

158 839 171 876 s
201 842 214 866 ιι
231 818 245 873 ὑ
266 817 347 890 δῆμος
362 812 407 891 ἀφ’
419 815 491 888 ὑμῶν
509 810 554 869 καὶ
570 811 696 884 πολέμιος
710 810 772 884 ὑμῖν
784 807 930 883 ἐτόλμησεν
946 809 976 865 ἐκ

202 930 215 955 ιι
234 907 280 960 τοῦ
295 907 404 981 φανεροῦ
419 899 557 977 γενέσθαι,
573 897 705 969 ἀδικηθεὶς
721 896 768 972 μέν
785 897 873 969 οὐδὲν,
888 896 919 954 τό
938 895 976 972 μὴ

202 1018 214 1043 ιι
232 990 400 1050 divertendi
423 986 457 1046 τά
481 986 550 1069 χρέα
565 998 619 1054 τοῖς
636 984 835 1062 συμὺιὺληκόσι
855 986 977 1043 διαλῦσαι

201 1106 215 1132 ιι
234 1079 435 1156 σκηπτόμενος,
451 1077 496 1135 καὶ
523 1079 545 1134 εἰ
574 1074 736 1157 ψηφίσαισθε
755 1076 831 1149 ὑμεῖς
848 1075 934 1152 χρεῶν
948 1095 977 1131 τι

202 1195 214 1220 ιι
232 1169 368 1235 ἀποκοπὰς
382 1168 428 1226 καῖ
444 1167 533 1226 ἀδειαν
550 1151 589 1223 ι’ὑν
601 1164 705 1246 ἥμαρτε
720 1161 790 1223 κατά
801 1162 849 1234 τὴν
864 1160 978 1221 ἀπόσπα·

146 1277 171 1316 ιο
202 1282 214 1308 ιι
232 1279 288 1328 σιν,
299 1258 400 1322 οὐθενὸς
416 1262 454 1314 ἔτι
467 1255 606 1325 δεήσεσθαι
626 1251 694 1333 ἐφη,
710 1251 825 1331 ἔγνωσαν
840 1253 863 1310 οἱ
874 1249 977 1317 πλείους

201 1370 213 1397 ιι
233 1348 320 1422 ὑμῶν,
349 1346 379 1402 οὑ
401 1340 453 1423 γάρ
478 1342 509 1413 δή
547 1341 643 1408 πάντες
666 1363 707 1416 γε,
736 1338 977 1420 παρακρουσθέντες

200 1459 213 1487 ιι
231 1432 281 1490 ὑπὸ
293 1437 345 1491 τῶν
361 1429 517 1507 συμὺσύλων
528 1475 536 1503 ,
549 1432 585 1497 ὡς
601 1427 639 1505 μή
651 1451 715 1488 ποτε
726 1427 825 1510 ὤφελον
841 1429 977 1505 ἀκυρῶσαι

201 1548 214 1573 ιι
232 1521 291 1587 τοὺς
310 1520 353 1580 ἐπί
374 1524 408 1599 τῇ
431 1519 518 1578 πίστει
534 1517 654 1585 τεθέντας
668 1517 778 1594 νόμους,
799 1516 844 1575 καί
868 1515 978 1594 μηδενὸς

202 1638 214 1662 ιι
234 1611 285 1667 τῶν
309 1610 368 1669 τότε
386 1607 568 1688 γεγενημένων
592 1611 762 1683 μνησικακεῖν
793 1606 975 1681 ἀδικημάτων.

145 1717 170 1756 rs
203 1723 216 1749 ιι
236 1697 293 1757 oie
307 1695 430 1773 ἠγάπησε
453 1697 550 1767 ταύτης
562 1692 651 1775 τυχὼν
674 1699 720 1766 τῆς
742 1693 865 1777 χάριτος,
879 1686 911 1765 ἧς
929 1695 978 1773 μό·

202 1811 215 1835 ιι
233 1807 278 1855 νης
294 1782 458 1860 μεμνημένος
480 1781 530 1862 ἔφη
557 1786 716 1855 πεποιῆσθαι
736 1780 783 1853 τήν
812 1780 972 1854 ἀπόστασιν,

202 1898 215 1923 ιι
233 1874 292 1929 ἀλλ’
306 1872 380 1938 εὐθὺς
394 1872 484 1952 ἑτέραν
497 1869 536 1929 ἔτι
554 1868 652 1943 ταύτης
663 1869 722 1950 ᾔτει
738 1868 819 1944 μείζω
830 1869 876 1927 καί
890 1893 978 1948 παρα-

201 1987 214 2012 ιι
231 1961 380 2040 νομωτέραν
397 1959 511 2039 δωρεὰν,
526 1958 643 2029 ἐξουσίαν
663 1961 736 2039 αὑτῷ
751 1959 855 2026 δοθῆναι
871 1957 976 2036 δημάρ·

200 2074 213 2100 ιι
231 2072 291 2126 χους
319 2049 346 2117 ἐξ
371 2051 450 2107 αὑτοῦ
472 2050 531 2105 καθ’
555 2050 665 2106 ἕκαστον
695 2040 752 2112 ἔτος
776 2044 974 2117 ἀποδεικνύναι,

145 2172 173 2208 m
200 2167 213 2193 ιι
230 2143 361 2219 πρόφασιν
379 2138 427 2214 μὲν
442 2136 596 2214 ποιούμενος
620 2136 667 2206 τήν
682 2131 812 2212 ἡμετέραν
829 2133 915 2211 ίσχὺν,
931 2131 973 2192 ίνα

200 2254 213 2279 ιι
230 2225 262 2297 δὴ
277 2235 331 2292 τοῖς
346 2225 524 2302 ἀδικουμένοις
538 2224 584 2283 καῖ
597 2220 816 2302 κατισχυομένοις
831 2223 881 2277 τῶν
894 2219 975 2291 πενή-

201 2342 213 2366 ιι
231 2338 282 2373 των
298 2313 434 2392 ἐπικουρία
443 2337 481 2380 τις
493 2312 600 2393 ὑπάρχῃ
617 2312 663 2370 καὶ
674 2316 821 2388 καταφυγή·
837 2311 873 2374 ιὺς
890 2305 973 2367 δέτά·

200 2430 213 2454 ιι
232 2402 308 2474 ληθὲς
327 2392 397 2482 εἶχεν
415 2401 591 2462 ἐπιθουλιύων
607 2405 644 2482 τῷ
662 2399 754 2479 κόσμῳ
767 2401 815 2470 τῆς
829 2395 971 2470 πολιτείας,

200 2517 213 2543 ιι
232 2489 278 2548 καὶ
294 2491 329 2556 είς
344 2489 524 2568 δημοκρατίαν
534 2490 692 2568 περιστῆσαι
706 2484 740 2544 τά
756 2484 901 2564 πράγματα
918 2489 974 2563 βου·

144 2609 169 2646 τι,
200 2607 212 2631 ιι
230 2578 347 2657 λόμινος.
380 2579 435 2638 Καὶ
449 2583 526 2637 τοῦτο
541 2578 647 2637 ἔπεισαν
660 2579 730 2653 ἡμᾶς
744 2576 769 2634 οί
783 2572 927 2649 σύμύουλοι
945 2573 975 2633 τό

200 2694 212 2719 ιι
231 2670 336 2748 ἀρχεῖον
366 2668 443 2725 ἐᾶσαι
468 2669 607 2746 παρελθεῖν
629 2666 666 2732 είς
684 2664 732 2735 τὴν
757 2661 851 2735 πόλιν,
868 2662 911 2722 ἐπὶ
935 2665 974 2743 τῷ

200 2783 213 2806 ιι
231 2759 310 2835 κοινῷ
333 2754 542 2834 παραγινόμενον
560 2758 652 2836 κακῷ,
669 2753 715 2812 καί
740 2752 856 2830 μάλιστα
871 2750 915 2810 ἰπὶ
934 2754 973 2832 τῷ

201 2872 213 2897 ιι
232 2842 301 2902 κατά
321 2848 368 2916 τῆς
392 2846 487 2922 βουλῆς
510 2845 611 2925 φθόνῳ,
631 2841 718 2902 πολλά
734 2839 810 2921 είπερ
826 2838 878 2917 ἀρα
900 2838 972 2916 μέμ-

201 2960 213 2986 ιι
232 2937 310 3004 νησθε
343 2933 500 3015 κεκραγότος
525 2935 589 3009 ἐμοῦ
609 2929 655 2991 καὶ
683 2927 879 3009 μαρτυρομένου
902 2927 973 2994 θεούς

143 3046 170 3086 ω
202 3049 214 3074 ιι
233 3045 263 3080 τε
277 3020 322 3080 καί
334 3020 497 3102 ἀνθρώπους,
513 3021 553 3079 ότι
566 3018 681 3096 πολεμον
697 3016 821 3099 ἐμφύλιον
838 3015 971 3073 ἄπαυστον

201 3135 214 3161 ιι
233 3111 269 3174 εἰς
282 3108 328 3179 τήν
344 3109 419 3166 πόλιν
439 3107 566 3181 εἰσάξετε,
581 3107 627 3165 καὶ
641 3106 729 3167 πάντα
747 3104 797 3162 ὅσα
818 3106 878 3181 ὑμῖν
901 3125 973 3181 συμ-

200 3224 212 3247 ιι
232 3195 330 3268 ὑέόηκε
345 3196 526 3285 προλέγοντος.

235 3290 267 3348 L.
289 3314 301 3340 ι
318 3286 353 3346 Τί
368 3277 413 3344 οὑν
427 3287 547 3358 ἐποίησεν
559 3291 573 3346 ὁ
584 3285 699 3366 χρηστός
710 3288 773 3361 ἡμῖν
786 3284 886 3361 δῆμος,
905 3283 972 3343 ἐπει·

200 3402 212 3426 ιι
231 3376 263 3447 δὴ
284 3375 328 3433 καί
355 3375 453 3448 ταύτην
473 3377 545 3456 αὑτῷ
569 3373 772 3455 συνεχωρήσατε
793 3372 840 3444 τήν
870 3372 970 3453 άρχήν;

142 3490 169 3531 as
199 3490 211 3516 ιι
230 3467 277 3523 οὑκ
291 3463 465 3540 ἐταμιεύσατο
485 3465 532 3535 τήν
547 3463 680 3536 τοσαύτην
702 3462 794 3543 χάριν,
809 3462 862 3522 οὐδ’
879 3460 972 3521 ἔλαθεν

200 3578 212 3604 ιι
231 3551 423 3631 αῖσχυνομένως
438 3551 518 3623 αὑτήν
534 3551 578 3611 καλ
593 3549 750 3632 σωφρόνως,
767 3552 825 3609 ἀλλ’
842 3552 877 3617 ὑις
893 3551 973 3610 δεδοι·

199 3668 212 3693 ιι
233 3641 292 3701 κόσι
315 3641 363 3712 τήν
392 3641 467 3721 ἰσχὺν
496 3645 576 3702 αὑτοῦ
600 3641 647 3700 καί
677 3640 871 3719 κατεπτηχόσιν
898 3643 971 3716 ὑμῖν.

199 3759 211 3784 ιι
230 3730 345 3792 Ἔπειτα
368 3730 440 3809 ίερόιν
457 3729 502 3790 καὶ
526 3731 620 3789 ἄσυλον
645 3729 694 3809 ἐφη
711 3729 763 3787 δεῖν
785 3727 973 3807 ἀποδειχθῆναι

200 3848 213 3873 ιι
229 3819 277 3891 τήν
301 3820 385 3900 ἀρχήν
402 3819 487 3898 ὅρκοις
515 3817 728 3895 ἐμπεδωθεῖσαν,
754 3819 866 3896 κρείττω
893 3816 972 3891 τιμήν

142 3929 170 3967 ιιι
200 3935 211 3958 ιι
230 3906 379 3984 αἰτούμενος
390 3901 420 3979 ἧς
431 3906 562 3965 δεδώκατε
577 3904 650 3981 ὑμεῖς
659 3912 713 3969 τοῖς
725 3903 844 3968 ὑπάτοις.
888 3901 972 3963 Ὑπε-

200 4022 212 4043 ιι
234 3997 339 4068 μείνατε
362 3996 407 4055 καί
428 4001 522 4063 τοῦτο,
547 3993 592 4052 καί
609 3994 716 4057 στάντες
732 3989 777 4048 ἐπί
800 3994 853 4049 τῶν
874 3992 971 4067 τομίων

200 4108 212 4131 ιι
230 4084 289 4137 κατ’
301 4082 419 4149 ἐξωλείας
430 4086 529 4142 ἑαυτῶν
539 4105 567 4141 τε
577 4079 621 4139 καί
631 4083 683 4138 τῶν
694 4076 828 4159 προγόνων
839 4080 970 4154 ὠμόσατε,

199 4196 211 4220 ιι
229 4167 264 4228 Τί
271 4159 313 4226 οὑν
329 4170 435 4240 ἐποίησε
447 4170 491 4228 καῖ
504 4169 595 4230 τούτου
610 4166 713 4248 τυχόιν;
727 4166 784 4224 ἀντὶ
799 4170 845 4225 τοῦ
861 4165 971 4246 χάριτας

199 4285 210 4309 ιι
230 4260 290 4334 ὑμῖν
309 4256 403 4316 εἰδέναι
426 4259 470 4316 καί
497 4259 587 4327 σώζειν
610 4257 653 4315 τθν
670 4255 780 4335 πάτριον
802 4252 902 4331 κόσμον
926 4260 972 4328 τῆς

156 4378 168 4414 :‚
198 4375 210 4399 ιι
229 4345 373 4415 πολιτείας,
386 4345 528 4425 ἀρξάμενος
551 4346 604 4405 ἀπό
630 4346 727 4405 τούτων
749 4348 801 4402 τῶν
816 4343 970 4413 πλεονεξιῶν

198 4460 210 4483 ιι
227 4435 273 4490 καὶ
284 4434 389 4499 ταύταις
401 4443 457 4500 ταῖς
467 4437 643 4515 παρανομίαις
657 4442 786 4517 ἀφορμαῖς
797 4438 848 4494 τῶν
864 4436 968 4518 ὕστερον

198 4547 210 4571 “
229 4522 396 4600 χρησάμενος
420 4524 512 4599 νόμους
539 4551 566 4586 τε
593 4527 815 4610 ἀπροόουλεύτους
841 4529 967 4610 εἰσφέρει,

198 4638 210 4661 ·(
227 4610 271 4668 καὶ
292 4610 398 4676 τούτους
412 4613 562 4691 ἐπιψηφίζει
584 4617 645 4696 δίχα
663 4621 709 4686 τῆς
724 4617 852 4698 ὑμετέρας
864 4617 970 4696 γνώμης

198 4734 209 4759 ¹<
228 4709 272 4765 καὶ
285 4699 320 4774 Οἷς
334 4710 363 4767 ἂν
380 4713 452 4786 ὑμεῖς
471 4712 595 4792 ἐκφέρητε
607 4716 735 4794 δόγμασιν
751 4718 779 4776 οὑ
792 4717 915 4796 προσέχει
927 4715 970 4774 τόν

139 4815 167 4853 οι)
198 4821 209 4846 ιι
229 4804 304 4869 νοῦν,
319 4798 364 4856 καί
379 4802 430 4857 τῶν
445 4800 552 4859 ὑπάτων
564 4805 598 4870 ὡς
610 4808 656 4864 οὐκ
671 4808 751 4885 ὀρθῶς
762 4805 810 4877 τήν
825 4806 900 4865 πολιν
915 4806 972 4863 ἐπι-

198 4908 210 4933 ιι
228 4888 405 4959 προπεσόντων
419 4897 577 4969 κατηγορεῖ,
593 4891 638 4950 καί
660 4894 713 4959 τοῖς
732 4893 881 4954 ε’κόαίνουσι
897 4893 970 4973 παρδι

198 4992 211 5018 ‘f
228 4974 274 5036 τὰς
297 4977 425 5054 ὑμετέρας
458 4976 596 5048 συνθήκας·
618 4979 703 5037 πολλὰ
729 4979 757 5038 δέ
783 4981 854 5039 ἐστιν
880 4970 916 5039 ὧν
942 4981 970 5038 οὑ

198 5085 211 5109 ιι
231 5057 338 5118 δύναται
353 5066 533 5142 στοχάσασθαι
549 5067 674 5143 λογισμὸς
689 5069 856 5144 ἀνθρώπινος·
877 5073 906 5128 οὐ
923 5067 971 5140 τήν

196 5171 211 5215 ιι
229 5152 332 5225 τύχην,
348 5147 437 5231 ὥσπερ
452 5154 545 5232 ἐχρῆν,
569 5152 637 5211 ἀλλά
653 5154 702 5225 τὴν
719 5153 848 5234 ὑμετέραν
865 5156 972 5235 ἐπιγρά-

717 318 887 382 DIONYSII
910 319 1306 386 HALIGARNASSENSIS·

1034 483 1046 507 ιι
1068 463 1139 515 vobis
1152 464 1267 516 absumta
1283 464 1370 527 fuisse,
1390 472 1483 530 rosque
1504 479 1534 516 eo
1548 467 1644 519 nomine
1667 473 1817 531 contemni,

1034 571 1046 594 ιι
1062 553 1132 615 quasi
1145 551 1170 602 ri
1183 552 1337 603 neressimis
1347 552 1463 615 adducti,
1476 568 1524 604 non
1543 560 1625 608 autem
1643 560 1717 611 animi
1732 564 1817 616 bene·

1032 644 1164 697 arolenlia
1182 650 1209 696 et
1222 660 1278 696 oum
1295 647 1386 698 iudicio
1403 660 1433 698 ea
1454 650 1632 702 concesseritis.
1647 653 1820 708 considerate

1031 735 1139 797 «enim,
1161 737 1284 800 quomodo
1311 736 1396 800 plebs,
1424 752 1475 802 quo
1498 745 1607 805 tempore
1629 746 1706 809 raptis
1731 750 1819 800 armis

1031 842 1043 868 ι
1059 827 1222 877 secessionem
1240 827 1337 878 euobis
1349 827 1418 893 fecit,
1434 834 1459 879 et
1473 845 1499 881 se
1516 833 1596 896 palam
1619 841 1731 889 vestrum
1748 840 1817 892 laos.
1851 818 1855 829 '

1031 940 1044 966 ιι
1057 923 1109 972 tam
1128 921 1234 986 profiteri
1246 936 1307 974 ausa
1321 929 1375 986 est,
1387 925 1419 976 de
1434 927 1500 977 nulla
1514 929 1604 982 iniuria
1619 940 1756 998 conquesta
1769 939 1816 989 sed

1032 1030 1045 1055 ι
1062 1025 1089 1064 se
1103 1013 1219 1066 solvendo
1230 1030 1278 1068 non
1288 1030 1344 1070 esse
1358 1019 1492 1084 simulans,
1508 1037 1611 1089 seseque
1623 1028 1645 1078 si
1654 1042 1733 1080 noras
1742 1032 1816 1084 tabu·

1031 1126 1044 1152 ι
1058 1106 1108 1170 Ιεα,
1124 1112 1151 1160 et
1169 1113 1326 1175 peccatorum
1338 1127 1383 1178 per
1395 1116 1556 1170 senessionem
1580 1120 1747 1175 admissorum
1764 1128 1814 1177 im·

1031 1221 1044 1246 ιι
1059 1203 1195 1267 punitatem
1222 1211 1305 1259 uestro
1331 1208 1431 1260 decreto
1454 1210 1501 1272 ipsi
1534 1215 1729 1280 concessissetis,
1750 1219 1815 1271 nihil

1032 1315 1044 1340 ιι
1061 1301 1181 1362 preterea
1199 1305 1377 1366 postillatorem
1395 1310 1522 1374 oonfessa,
1546 1313 1657 1378 plerique
1675 1315 1734 1366 lieet
1750 1328 1813 1366 ues-

1032 1407 1044 1431 ι
1057 1389 1133 1451 trum
1155 1395 1313 1456 nequeenim
1327 1412 1427 1461 omnes,
1440 1415 1454 1453 a
1467 1404 1613 1456 oonsilieriis
1630 1405 1687 1457 istis
1705 1407 1811 1473 decepti,

1031 1504 1044 1528 ιι
1060 1483 1127 1549 quod
1147 1485 1242 1536 utinam
1266 1503 1297 1540 ne
1318 1492 1410 1544 tactum
1438 1496 1472 1545 sit
1494 1497 1560 1560 leges
1582 1499 1614 1551 de
1638 1504 1811 1552 contractuum
1857 1549 1861 1555 .

1032 1596 1045 1619 ιι
1063 1574 1111 1626 fide
1128 1574 1191 1628 latas
1204 1577 1335 1644 abrogare,
1361 1588 1386 1634 et
1400 1587 1510 1638 omnium
1523 1593 1584 1640 tuno
1601 1592 1719 1643 factarum
1741 1593 1807 1644 iniu-

1033 1689 1045 1712 ιι
1060 1668 1153 1718 riarum
1166 1671 1309 1722 memoriam
1321 1672 1441 1739 deponere
1465 1681 1628 1733 decreverint.
1660 1686 1746 1734 Tamen
1757 1685 1806 1734 boo

1032 1762 1177 1814 «beneficio
1200 1764 1331 1829 impetrato
1356 1773 1539 1822 nonoonteuta
1571 1774 1617 1824 fuit
1639 1776 1710 1825 ouius
1730 1775 1805 1827 solitu

1032 1880 1044 1904 ιι
1062 1859 1184 1909 desiderio
1212 1873 1228 1908 a
1258 1873 1285 1910 se
1308 1863 1470 1915 secessionem
1500 1848 1598 1919 belem
1622 1868 1734 1931 dioebat,
1763 1869 1807 1920 sed

1032 1970 1043 1991 ι
1061 1949 1145 1999 statim
1154 1948 1221 1999 aliud
1230 1949 1321 2001 donum
1335 1953 1384 2004 isto
1397 1954 1467 2021 longe
1478 1957 1559 2009 maius
1571 1960 1598 2009 et
1607 1959 1717 2025 iniquius
1728 1962 1808 2026 petiit,

1032 2064 1044 2091 ι
1061 2053 1090 2097 ut
1102 2048 1148 2097 sibi
1160 2048 1246 2100 liceret
1258 2049 1372 2100 tribunos
1381 2051 1413 2102 de
1422 2065 1467 2102 suo
1477 2052 1562 2104 ordine
1572 2054 1703 2118 quotannis
1714 2069 1809 2117 creare,

1035 2145 1197 2206 apraetexeus
1213 2146 1323 2194 nostram
1345 2147 1494 2210 potentiam,
1516 2149 1545 2198 ut
1564 2149 1663 2200 seilicet
1686 2164 1809 2214 pauperes
1865 2210 1868 2215 ⁵

1034 2261 1046 2284 ιι
1060 2241 1173 2292 iniuriam
1187 2245 1212 2293 et
1224 2241 1275 2292 rim
1300 2242 1421 2307 patientes
1447 2244 1543 2309 aliquod
1565 2243 1681 2294 auxilium
1702 2248 1727 2294 et
1740 2245 1806 2295 refu·

1032 2337 1128 2400 agium
1142 2336 1277 2399 haberent,
1303 2351 1389 2388 resera
1402 2352 1461 2390 vero
1480 2337 1618 2404 reipublicae
1638 2339 1723 2388 formae
1743 2338 1806 2388 insi-

1031 2424 1144 2484 «dinns,
1172 2429 1197 2475 et
1221 2424 1268 2474 hoo
1289 2424 1432 2488 reipublice
1458 2425 1658 2477 administrandae
1682 2439 1759 2490 genus
1781 2425 1808 2476 in

1029 2529 1043 2555 ι
1056 2511 1197 2575 popularem
1212 2510 1365 2562 dominatum
1384 2515 1528 2564 convertere
1548 2515 1641 2565 uolens.
1676 2516 1728 2564 lloo
1749 2527 1809 2576 qno·

1030 2616 1042 2640 ιι
1058 2611 1106 2661 que
1121 2599 1191 2650 nobis
1207 2599 1338 2651 oomlliarii
1359 2600 1402 2652 isti
1428 2608 1617 2667 persnasemnt,
1646 2607 1673 2655 ut
1695 2605 1808 2656 tribuno-

1030 2704 1042 2728 ι
1057 2698 1114 2735 rum
1132 2684 1260 2749 oollegium
1285 2685 1499 2752 iurempublioam
1522 2690 1725 2754 admitteremus,
1742 2694 1810 2758 quod

1030 2789 1042 2814 ι
1055 2770 1080 2821 in
1091 2784 1245 2822 eommunem
1258 2772 1390 2836 perniciem
1402 2779 1428 2826 et
1437 2776 1568 2827 maximam
1580 2782 1679 2842 patrum
1691 2781 1808 2830 invidiam

1031 2877 1042 2900 ι
1059 2860 1182 2922 receptum
1203 2860 1254 2920 est,
1275 2871 1314 2910 ma
1333 2859 1370 2921 (si
1384 2861 1457 2910 modo
1468 2861 1629 2925 meministis)
1644 2865 1750 2914 multum
1764 2880 1806 2915 re·

1031 2961 1044 2985 ιι
1059 2943 1194 3005 clamante,
1219 2946 1245 2994 et
1259 2943 1319 2995 deos
1341 2944 1500 3011 hominesque
1521 2949 1676 3010 obtestante,
1697 2964 1711 2998 a
1734 2951 1805 3000 vobis

1032 3048 1044 3072 ι
1060 3036 1205 3093 perpetuum
1228 3031 1298 3081 civile
1315 3030 1406 3081 bedam
1423 3033 1450 3083 in
1466 3033 1552 3085 urbem
1569 3034 1737 3086 introductum
1758 3038 1803 3099 iri,

1029 3136 1041 3160 ι
1056 3121 1082 3166 et
1097 3118 1178 3167 omnia
1188 3156 1194 3178 ,
1205 3131 1260 3182 qua
1275 3116 1343 3167 robis
1357 3122 1506 3181 evenerunt,
1521 3118 1678 3184 praedicente.

1060 3293 1086 3342 L.
1100 3309 1111 3332 ιι
1123 3290 1188 3348 Quid
1200 3290 1272 3354 igitur
1286 3291 1344 3342 tecit
1352 3289 1417 3342 bona
1426 3291 1474 3344 isla
1488 3292 1569 3357 plebs,
1582 3297 1715 3359 postquam
1732 3296 1797 3347 hune

1029 3400 1041 3422 ιι
1057 3392 1154 3443 quoque
1168 3379 1338 3442 magistratum
1356 3378 1401 3443 ipsi
1416 3380 1594 3432 ‹aonoessistisl
1617 3385 1696 3433 Tanto
1710 3382 1802 3435 benefr-

1030 3487 1041 3510 «
1057 3467 1095 3516 cio
1114 3480 1162 3515 non
1179 3469 1217 3516 est
1229 3467 1355 3518 moderate
1369 3481 1428 3531 usa,
1441 3483 1487 3520 neu
1505 3468 1531 3519 id
1548 3484 1603 3520 curn
1622 3472 1760 3523 reverentia
1778 3478 1803 3524 et

1031 3575 1043 3597 ι
1057 3554 1176 3604 modestia
1196 3555 1304 3617 accepit,
1327 3557 1371 3606 sed
1384 3560 1502 3622 tanquam
1516 3558 1548 3609 ab
1560 3559 1700 3611 hominibus
1719 3566 1804 3626 poten·

1031 3665 1043 3688 ι
1057 3645 1116 3694 tiam
1128 3643 1205 3707 ipsius
1228 3643 1416 3696 formidantibus
1428 3650 1454 3697 et
1465 3650 1534 3697 metu
1554 3649 1715 3699 consternatis
1727 3655 1808 3703 extor-

1031 3751 1043 3775 ι
1055 3735 1117 3782 tum.
1151 3731 1239 3779 Postea
1256 3735 1440 3783 saemsanctum
1451 3738 1477 3784 et
1500 3734 1663 3785 inviolabilem
1676 3736 1741 3788 buno
1756 3753 1807 3789 ma·

1030 3840 1041 3862 «
1056 3819 1186 3882 gistratum
1199 3817 1333 3868 creandum
1348 3819 1425 3882 dixit,
1445 3821 1602 3873 iureiurando
1620 3824 1803 3884 confirmatum,

1031 3930 1043 3953 ιι
1059 3908 1175 3958 maiorem
1195 3903 1312 3954 honorem
1332 3907 1475 3970 postulans,
1491 3923 1564 3972 quam
1587 3910 1646 3974 ipsis
1666 3912 1805 3963 consulibus

1029 4021 1041 4043 ιι
1057 3994 1183 4046 dederitis.
1198 3995 1251 4042 lloc
1263 4009 1362 4060 quoque
1375 3997 1484 4058 ruistis,
1495 4002 1521 4047 at
1540 4002 1634 4050 stantes
1648 3999 1680 4048 ad
1694 4000 1805 4052 uictimas

1029 4109 1041 4132 ιι
1056 4099 1132 4137 caesas
1149 4084 1174 4133 in
1185 4087 1291 4134 vestram
1306 4091 1331 4136 et
1351 4090 1441 4138 vestrae
1456 4087 1579 4151 progeniei
1597 4088 1728 4152 perniciem
1739 4090 1805 4140 iura·

1029 4201 1040 4223 ιι
1056 4181 1109 4231 stis,
1122 4179 1187 4237 Quid
1199 4183 1283 4229 autem
1298 4178 1355 4228 fecit
1372 4176 1420 4227 hae
1433 4191 1531 4242 quoque
1544 4177 1728 4242 reimpetrata?
1743 4181 1807 4229 (lum

1029 4289 1040 4312 ιι
1056 4267 1160 4331 gratiam
1175 4266 1244 4315 robis
1255 4265 1346 4315 habere
1357 4269 1383 4314 et
1398 4277 1545 4315 conseruare
1560 4265 1668 4328 patrium
1687 4264 1805 4328 reipubli-

1030 4375 1042 4398 ιι
1057 4368 1092 4404 cae
1110 4356 1203 4403 statum
1224 4352 1337 4413 deberet,
1362 4350 1437 4400 ducto
1463 4351 1531 4401 initio
1549 4352 1580 4400 ab
1594 4352 1649 4400 istis
1662 4351 1804 4412 fraudibus,

1029 4474 1040 4495 ι
1055 4455 1128 4517 atque
1143 4454 1230 4503 horum
1254 4450 1394 4512 iniquorum
1418 4445 1553 4494 facinorum
1574 4442 1727 4491 adminiculis
1744 4455 1805 4502 usa,

1029 4563 1040 4585 ι
1057 4548 1084 4594 nt
1096 4544 1142 4593 sibi
1153 4544 1217 4593 riam
1231 4542 1262 4592 ad
1274 4543 1357 4591 futura
1371 4540 1500 4594 sterneret,
1515 4533 1580 4595 leges
1597 4533 1648 4581 sine
1661 4532 1711 4580 ullo
1725 4535 1808 4581 restro

1029 4655 1041 4679 ιι
1059 4634 1271 4684 senatusconsulto
1303 4635 1364 4690 fert.
1391 4644 1481 4692 easque
1506 4627 1557 4677 suis
1587 4626 1713 4686 suffragiis
1736 4624 1809 4674 uobis

1030 4740 1041 4762 ιι
1057 4719 1140 4768 invitis
1153 4719 1289 4781 continuat,
1305 4722 1330 4768 et
1340 4720 1423 4768 vestra
1436 4712 1648 4767 senatusoonsulta
1659 4712 1806 4767 rorrtemnit,

1030 4828 1041 4850 ι
1057 4810 1082 4858 et
1103 4808 1215 4857 eonsules
1243 4811 1271 4857 ut
1296 4806 1475 4871 rempublicam
1513 4803 1576 4853 male
1608 4800 1808 4850 administrantes

1029 4918 1041 4941 ι
1057 4900 1168 4957 amarent,
1202 4897 1227 4945 et
1254 4895 1375 4959 quidquid
1401 4898 1487 4946 contra
1514 4895 1651 4943 vestrorum
1680 4893 1806 4954 pactorum

1030 5005 1042 5029 ιι
1057 4984 1210 5034 conditiones
1220 4983 1309 5033 oceidit
1325 5003 1330 5032 :
1351 4983 1429 5033 multa
1442 4985 1527 5032 autem
1541 4984 1608 5039 sunt,
1624 4992 1680 5041 quaa
1701 4976 1806 5025 bumana

1030 5101 1042 5122 ιι
1064 5077 1217 5128 ratiocinatio
1233 5075 1332 5138 assequi
1353 5078 1459 5138 nequit:
1482 5088 1530 5124 non
1551 5075 1671 5134 todonae,
1683 5074 1712 5121 ut
1729 5069 1805 5120 dece·

1029 5184 1041 5208 ιι
1056 5164 1112 5224 bat,
1128 5163 1171 5213 sed
1184 5161 1259 5212 animi
1281 5160 1355 5210 vestri
1369 5160 1468 5211 malitias
1486 5161 1621 5222 adscribit,
1636 5161 1663 5210 et
1675 5156 1805 5218 simulans,
