3772 5828
650 1098 1164 1255 PRAEFATIO.

768 1490 1052 1529 *⁸*—

179 1884 320 1975 Quodsi
337 1908 428 1956 nova
443 1883 519 1957 haec
537 1883 795 1982 Antiquitatum
811 1888 1051 1958 Romanarum
1062 1883 1196 1975 editio,
1210 1908 1289 1983 qnae
1311 1897 1395 1956 ante
1407 1882 1539 1956 multos
1554 1881 1687 1954 abhinc

128 2056 250 2105 annos
274 2029 441 2103 inchoata
459 2044 530 2118 est,
559 2052 655 2100 nunc
674 2027 821 2101 demum
844 2030 881 2101 in
906 2029 1022 2103 iucem
1046 2028 1186 2130 prodit,
1213 2031 1319 2101 sortis
1338 2028 1502 2128 quaedam
1517 2028 1686 2126 iniquitas

128 2172 334 2247 accusanda
348 2188 412 2264 est,
430 2197 510 2270 quae
523 2173 572 2244 ita
591 2170 689 2261 tulit,
706 2186 745 2242 ut
766 2171 931 2271 Adolpho
948 2173 1122 2269 Kiessling
1138 2197 1239 2244 novae
1253 2172 1472 2245 recensionis
1483 2195 1569 2244 cura
1583 2195 1682 2242 com·

129 2319 351 2391 mitteretur.
370 2320 404 2388 ls
421 2316 531 2407 enim,
546 2329 736 2414 postquam
759 2329 894 2412 partem
910 2318 1064 2416 suscepti
1082 2316 1240 2388 muneris
1257 2328 1452 2414 peregerat,
1468 2312 1625 2413 plagulas
1639 2311 1685 2384 ad

128 2456 390 2555 corrigendum
406 2458 438 2528 ei
455 2458 674 2529 transmissas
691 2482 800 2555 penes
808 2483 844 2529 se
856 2456 1022 2549 detinuit,
1034 2481 1076 2530 ac
1092 2458 1254 2556 quamvis
1269 2455 1473 2557 complures
1489 2480 1555 2556 per
1571 2478 1687 2526 annos

127 2605 269 2674 iterum
280 2603 482 2698 iterumque
493 2616 699 2673 moneretur
719 2616 758 2673 ut
773 2615 880 2672 staret
896 2602 1020 2700 pactis,
1033 2602 1070 2673 in
1081 2599 1264 2673 obstinato
1281 2601 1517 2699 perseveravit
1529 2598 1683 2688 silentio,

128 2769 204 2819 nec
218 2742 416 2841 quidquam
444 2744 604 2842 praestitit
624 2768 697 2840 quo
715 2741 823 2815 fidem
840 2766 939 2814 suam
961 2741 1141 2815 liberaret.
1167 2747 1254 2831 Quae
1278 2742 1425 2842 quidem
1447 2742 1574 2840 agendi
1594 2742 1686 2813 ratio

125 2887 249 2986 qualis
262 2886 464 2959 aestimanda
487 2888 548 2977 sit,
564 2888 623 2958 vix
643 2901 715 2975 est,
743 2887 886 2984 opinor,
909 2910 974 2958 cur
988 2884 1153 2957 disertius
1172 2884 1332 2983 eloquar.
1359 2927 1409 2941 —
1422 2889 1560 2983 ltaque,
1580 2885 1686 2956 misso

125 3031 278 3106 tandem
299 3029 527 3126 Kiesslingio,
547 3029 670 3099 Victor
689 3033 804 3118 Prou,
827 3028 883 3099 vir
906 3026 1152 3118 doctissimus,
1172 3028 1365 3124 adjuvante
1384 3027 1540 3100 consiliis
1566 3043 1601 3101 et
1617 3027 1683 3100 do-

125 3175 257 3246 ctrinae
276 3171 390 3269 copiis
401 3193 647 3269 quemomnes
669 3171 836 3241 novimus
852 3173 1007 3266 Eggero,
1024 3168 1260 3241 continuandi
1279 3170 1398 3267 operis
1411 3169 1595 3264 negotium
1608 3192 1684 3238 sus·

123 3318 226 3415 cepit
241 3329 275 3386 et
293 3329 497 3414 susceptum
511 3312 557 3385 ad
575 3312 685 3384 finem
701 3311 850 3385 feliciter
868 3310 1047 3412 perduxit.
1072 3319 1117 3384 At
1131 3327 1279 3412 peracto
1293 3312 1351 3384 vix
1366 3308 1502 3401 labore,
1519 3325 1594 3382 tum
1617 3314 1683 3405 Eg·

123 3481 255 3556 gerum
273 3471 350 3528 tum
366 3456 548 3527 Victorem
577 3458 669 3523 Pron
685 3507 694 3542 ,
712 3478 819 3549 quem
840 3455 907 3526 hac
921 3453 1130 3552 praefatione
1156 3478 1277 3553 operae
1291 3477 1362 3525 suae
1383 3453 1539 3523 rationes
1559 3450 1680 3523 reddi·

121 3621 252 3677 turum
277 3600 385 3673 fuisse
411 3622 654 3698 speraveram,
677 3597 790 3668 fatalis
805 3613 938 3672 naturae
961 3599 1128 3671 humanae
1156 3598 1345 3670 necessitas
1367 3593 1492 3667 studiis
1509 3608 1544 3665 et
1562 3595 1685 3665 amicis

118 3748 272 3849 eripuit.
291 3747 351 3818 Sic
373 3770 434 3817 sua
453 3744 524 3816 iata
545 3742 678 3815 habent
694 3741 814 3817 tibetti.

1063 3966 1102 4031 r.
1134 3960 1285 4061 ntamu
1312 3958 1461 4029 nrum.

254 4249 374 4309 Parisiis,
391 4261 477 4301 mense
489 4247 609 4300 ianuario
623 4248 656 4299 tt.
673 4245 757 4298 θοοῦ
774 4246 902 4297 Lxxxvt.
