3772 5828
606 458 900 532 AN'I'IQUII'AI'UM
921 466 1069 530 ROMAN.
1092 471 1165 531 Ltss.
1190 473 1268 534 VIII.

120 626 132 653 ιι
148 621 219 672 κησα
234 596 325 664 αύτούς
341 597 421 676 ἐντῷ
441 591 570 673 πολέμῳ,
592 614 626 670 τη
640 587 749 671 πατρίδι
772 588 896 670 πράττων

124 715 136 737 ιι
150 686 291 761 ἡγεμονίαν
321 686 366 740 καὶ
393 682 469 762 ἰσχὺν
500 706 545 739 και
575 682 658 744 κλευς.
683 681 788 740 Οὐκοῦν
819 705 899 763 προσ·

122 803 134 826 ιι
152 772 201 845 zet
229 796 275 849 μοι
299 777 426 850 τιμᾶσθαι
453 772 501 848 μὲν
524 774 574 830 ὑπο
588 777 639 832 τῶν
664 763 693 832 τύ
711 773 898 846 πεπονθότων,

123 890 133 912 ιι
152 864 287 938 μισεῖσθαι
303 861 325 917 δ’
342 858 392 919 ὑπὸ
407 865 458 920 τῶν
480 862 661 938 ήδικημένων,
682 866 705 922 εί
726 869 788 944 γοῦν
803 889 829 925 τι
847 869 899 923 τῶν

121 981 132 1005 ι
152 950 259 1011 είκότων
289 949 401 1024 {piscem
423 950 575 1033 Ἀνίστρεψε
603 952 630 1011 δέ
654 955 791 1036 ἀμφότερα
815 961 898 1016 ταῦτα

122 1070 133 1092 ιι
151 1048 167 1112 ἡ
191 1042 260 1119 τύχη
279 1042 324 1098 καί
349 1042 385 1106 εἰς
401 1040 527 1098 τάναντία
551 1042 678 1118 μετέθηκε
702 1042 750 1112 τάς
768 1043 896 1115 ἀξιώσεις,

122 1162 133 1183 ιι
152 1135 236 1210 Υμεῖς
248 1133 295 1210 μέν
304 1131 366 1211 γάρ,
379 1128 446 1207 ὑπὲρ
458 1120 493 1186 ὧν
502 1129 599 1196 τούτοις
608 1130 699 1211 ἐχθρὸς
708 1123 751 1207 ἧν,
763 1133 898 1215 ἀφείλεσθέ

122 1248 133 1271 ιι
150 1245 184 1297 με
197 1244 284 1280 παντα
299 1218 372 1293 τάμδι
385 1218 429 1277 καὶ
445 1216 475 1276 τὸ
487 1217 569 1294 μηδὲν
584 1219 743 1290 ποιήσαντες
756 1223 895 1303 ἐρρίψατε·

121 1337 133 1359 ιι
148 1301 218 1370 οθτοι
232 1311 259 1369 δὲ
273 1312 297 1370 οί
311 1308 345 1368 τά
366 1306 437 1368 δεινὰ
452 1305 496 1364 ὑπ’
513 1308 578 1381 ἐμοῦ
593 1307 720 1374 παθόντες
739 1308 783 1368 τδν
798 1311 896 1390 ἀπορον

121 1426 132 1451 ιι
147 1398 192 1457 καὶ
214 1399 331 1459 ἀνίστιον
353 1398 398 1456 καὶ
413 1396 536 1455 ταπεινὸν
556 1396 600 1454 καί
624 1395 719 1453 άπολιν
739 1397 897 1467 ὑπεδέξαντό

119 1520 130 1541 ιι
146 1513 179 1565 με
198 1499 254 1554 ταῖς
272 1491 373 1547 ἑαυτῶν
395 1486 498 1548 πολιαι.
543 1484 598 1545 Καὶ
618 1485 666 1543 οὐκ
683 1484 789 1566 ἀπέχρη
810 1487 898 1571 αὐτοῖς

119 1610 130 1629 ιι
145 1584 222 1638 τοῦτο
236 1577 364 1649 ποιήσασι
386 1578 463 1652 μόνον
485 1573 555 1635 ούτω
573 1572 696 1651 λαμπρὸν
718 1575 764 1633 καί
779 1578 894 1654 μεγαλά-

119 1698 130 1719 ιι
147 1672 230 1747 θύμον
255 1668 341 1746 ἔργον,
364 1666 432 1723 ἀλλὰ
457 1664 501 1722 καὶ
523 1661 657 1720 πολιτείαν
682 1659 776 1721 ἐδοσάν
803 1686 848 1740 μοι
869 1668 895 1724 ἐν

118 1786 129 1808 ιι
144 1736 260 1822 ἀπάσαις
278 1765 336 1822 ταῖς
354 1757 454 1812 ἑαυτῶν
476 1752 568 1811 πόλεσι
582 1749 629 1809 καί
643 1749 727 1828 ἀρχάς
744 1750 789 1811 καί
804 1754 893 1830 τιμὰς,

78 1867 89 1904 s
117 1873 130 1897 ιι
148 1844 176 1903 αθ
194 1845 316 1923 μέγισται
331 1842 394 1923 παρ’
415 1843 501 1908 αὐτοῖς
525 1845 600 1900 εἰσιν.
645 1838 701 1900 'Ed
723 1838 824 1900 τᾶλλα·
838 1844 894 1901 νυνὶ

117 1963 129 1986 ιι
145 1933 293 2011 στρατηγὸν
306 1932 492 2012 ἀποδεδείχασί
506 1956 539 2008 με
553 1933 735 2015 αὐτοκράτορα
750 1937 797 2004 τῆς
813 1937 893 2015 ὑπερ-

118 2053 129 2074 ιι
147 2023 216 2101 ορίου
241 2032 374 2101 στρατιᾶς,
395 2021 441 2080 καὶ
462 2021 551 2081 πάντα
565 2022 599 2082 τά
614 2022 689 2082 κοινδι
711 2024 754 2080 ἐπ’
774 2023 834 2097 ἐμοὶ
848 2045 894 2081 πε-

118 2140 129 2160 ιι
145 2111 270 2181 ποιήκασι
292 2109 374 2192 μόνῳ.
419 2111 492 2191 Φέρε
517 2111 561 2183 δὴ,
584 2113 642 2172 τίνα
666 2112 757 2173 λαόὼν
782 2112 893 2193 καρδίαν

116 2230 129 2251 ιι
143 2200 265 2278 προδοίην
289 2199 320 2259 διν
342 2202 380 2262 ἔτι
400 2202 516 2269 τούτους,
535 2201 579 2282 irp'
596 2194 633 2262 ὧν
652 2201 823 2275 τηλικαύταις
847 2226 892 2263 κε-

61 2316 73 2350 ·.ι
116 2319 128 2342 ιι
144 2289 282 2366 κόσμημαι
304 2295 403 2369 τιμαῖς,
422 2290 494 2351 οὐδὲν
516 2289 576 2350 οὔτε
599 2293 685 2368 μεῖζον
709 2291 763 2352 οὔτ’
783 2293 892 2353 litoreos

115 2410 127 2433 ιι
144 2381 288 2455 ἀδικηθείς,
309 2385 332 2440 εἰ
354 2381 391 2459 μὴ
415 2380 458 2464 ἀρ’
477 2383 505 2439 αί
531 2381 637 2462 χάριτες
662 2384 748 2440 αὐτῶν
775 2383 893 2441 ἀδικοῦσί

114 2499 126 2522 ιι
143 2494 188 2548 με,
209 2471 298 2549 ὥσπερ
315 2474 384 2547 ὑμᾶς
399 2473 427 2528 αί
448 2468 521 2544 ἐμαί.
569 2470 662 2541 Καλήν
685 2493 714 2550 γι
736 2469 811 2537 δόξαν
828 2470 892 2530 οἴσει

114 2589 126 2612 ιι
143 2583 187 2635 μοι
200 2559 271 2637 παρά
286 2567 366 2616 πᾶσιν
385 2557 530 2638 ἀνθρώποις
544 2563 718 2636 γνωσθεῖσαὴ
735 2559 893 2636 παλιμπρο-

115 2677 127 2700 ιι
143 2646 231 2705 δοσία.
274 2645 323 2709 Τίς
346 2644 373 2703 δέ
399 2645 431 2704 ἀν
455 2647 620 2721 ἐπιτιμήσειέ
645 2670 679 2723 με
703 2647 829 2718 ἀκούσας,
853 2647 893 2706 ὅτι

72 2763 84 2799 5
114 2765 127 2789 ιι
143 2734 201 2801 τοὺς
222 2734 269 2810 μὲν
288 2732 410 2811 [ρίλους],
430 2735 473 2813 δρ’
501 2723 536 2791 ὧν
553 2724 581 2792 ιθ
600 2733 713 2813 πάσχειν
735 2757 779 2811 μοι
803 2758 892 2815 προσ-

113 2854 125 2877 ιι
141 2828 202 2895 ἧκε,
222 2821 363 2898 πολεμίους
386 2819 465 2900 εὑρὼν
472 2867 481 2895 ,
501 2820 559 2889 τοὺς
579 2821 607 2881 δέ
630 2821 773 2902 [ἐχθροθς,
791 2826 832 2904 ὑφ’
856 2816 891 2882 ὧν

112 2943 124 2967 ιι
141 2915 222 2993 ἐχρῆν
239 2935 272 2989 με
292 2908 469 2982 ἀπολωλέναι,
489 2910 586 2991 φίλους,
605 2911 663 2969 ἀντὶ
683 2917 728 2969 τοῦ
743 2921 828 2987 μισεῖν
843 2910 890 2986 μέν

112 3031 124 3056 ιι
140 3002 174 3060 ιδ
189 3005 335 3078 μισοῦντα,
356 3000 438 3078 φιλεῖν
455 2997 483 3058 δέ
501 2996 535 3058 τόν
549 3002 685 3080 φιλοῦντα,
706 3000 754 3071 τήν
770 3000 889 3060 ἐναντίαν

1671 488 1728 548 tat

952 626 964 650 ιι
979 620 1066 660 corum
1080 609 1159 660 hostis
1172 611 1222 671 tui,
1244 616 1269 663 et
1285 612 1341 663 ilios
1354 615 1444 680 patrica
1455 616 1589 681 imperium
1607 626 1632 671 et
1646 628 1731 687 poten·

953 704 966 728 ι
981 688 1042 738 tiam
1070 694 1095 740 ct
1123 690 1227 754 gloriam
1257 707 1348 757 parans
1377 696 1463 746 multis
1485 697 1582 749 iniuriis
1613 701 1639 751 iu
1667 704 1732 758 betto

953 787 965 812 ιι
981 768 1063 823 affeci.
1096 775 1181 823 Nonne
1193 775 1269 837 igliur
1284 791 1386 842 aequum
1404 782 1478 841 erat,
1497 793 1537 831 me
1552 781 1599 831 coti
1612 783 1732 835 abhomi-

953 854 1068 915 «nibus,
1085 856 1117 907 do
1141 859 1233 923 quibus
1251 861 1313 911 bene
1332 876 1400 914 eram
1421 865 1542 925 meritus,
1571 871 1597 918 et
1619 868 1666 929 iis,
1688 871 1732 935 qui

953 955 965 979 ιι
983 937 1064 989 inuria
1082 939 1167 991 affecti
1180 942 1291 1005 fucrant,
1309 945 1422 997 odiosum
1435 951 1509 999 esse?
1527 950 1600 1001 Certe
1611 992 1616 1011 ,
1629 953 1652 1002 si
1670 954 1732 1018 quid

953 1040 965 1063 ιι
980 1035 1082 1084 eorum,
1095 1026 1163 1090 quod
1182 1026 1234 1076 fieri
1251 1028 1355 1090 debuit,
1369 1028 1464 1080 facturn
1478 1030 1575 1085 luisset.
1611 1035 1660 1086 Sed
1680 1037 1732 1087 Ior-

953 1122 966 1145 ιι
979 1106 1039 1154 tuna
1049 1105 1097 1156 hoc
1112 1112 1246 1172 utrumque
1258 1110 1377 1167 invertit.
1389 1115 1414 1161 et
1423 1114 1530 1163 rationes
1541 1115 1568 1164 in
1576 1118 1731 1171 contrarium

953 1203 965 1225 «
980 1188 1096 1239 mutavit.
1130 1193 1181 1240 Vos
1195 1191 1277 1251 enirn,
1296 1192 1322 1240 in
1344 1181 1451 1256 qu'orum
1475 1197 1580 1259 gratiam
1594 1199 1642 1250 iltis
1661 1215 1730 1253 eram

953 1287 965 1309 ιι
982 1268 1113 1331 inimicus,
1129 1288 1169 1325 me
1183 1276 1246 1325 meis
1260 1275 1331 1325 bonis
1353 1277 1468 1327 erunibus
1481 1282 1599 1343 exuistis,
1615 1287 1678 1338 etin
1691 1290 1731 1339 ni-

953 1372 965 1395 ιι
977 1352 1057 1405 hilum
1071 1355 1198 1407 redactum
1212 1358 1345 1422 abjecistis.
1359 1359 1391 1409 iii
1404 1374 1479 1421 vero,
1493 1367 1530 1412 tot
1541 1366 1653 1420 cladibus
1663 1385 1678 1421 a
1689 1387 1730 1424 mc

953 1456 965 1479 ιι
980 1435 1080 1496 affecti,
1106 1454 1145 1489 mc
1163 1441 1260 1505 Inopem
1268 1479 1278 1505 ,
1289 1444 1424 1500 extorrem,
1452 1447 1478 1492 et
1498 1445 1637 1510 abiectum,
1652 1457 1729 1518 atque

952 1536 964 1559 ιι
979 1519 1105 1580 exsulem,
1124 1521 1149 1570 in
1163 1522 1215 1571 suis
1228 1523 1374 1573 civitatibus
1390 1531 1545 1588 receperunt.
1558 1533 1607 1581 Nec
1620 1538 1729 1588 contenti

952 1619 964 1643 ιι
980 1599 1081 1652 fuerunt
1100 1603 1147 1653 iroc
1167 1607 1217 1654 tam
1237 1605 1325 1669 insigni
1346 1612 1372 1656 et
1385 1609 1542 1670 magnanimo
1558 1610 1666 1666 facinore
1684 1619 1729 1670 sed

951 1702 964 1728 ι
979 1683 1056 1734 etiam
1076 1686 1137 1735 milri
1155 1687 1221 1750 apud
1240 1702 1327 1739 omnes
1343 1702 1401 1739 suos
1421 1691 1527 1755 populos
1546 1693 1585 1743 ins
1605 1696 1730 1761 civitatis,

951 1773 1002 1821 «et
1017 1771 1192 1834 magistratus,
1214 1777 1239 1825 et
1257 1776 1378 1834 honores,
1402 1778 1447 1842 qui
1467 1778 1534 1842 apud
1554 1779 1609 1832 ilios
1627 1786 1729 1837 maximi

951 1856 1048 1913 «sunt,
1068 1854 1200 1905 dederunt.
1235 1858 1324 1909 cetera
1345 1861 1450 1922 omilim
1469 1862 1513 1911 sed
1535 1878 1601 1914 nnnc
1621 1880 1728 1921 mecum

950 1962 963 1987 ιι
980 1951 1076 1988 summa
1093 1942 1215 2002 potestate
1233 1945 1348 1991 crearunt
1381 1943 1558 2007 Imperatorem
1587 1949 1727 2011 copiarum,

950 2041 963 2066 ιι
978 2035 1042 2087 quas
1049 2027 1120 2072 extra
1130 2023 1190 2073 tines
1198 2024 1284 2087 patria
1292 2025 1438 2090 emiserunt,
1451 2028 1579 2092 totiusque
1587 2032 1728 2095 reipublice

950 2123 962 2147 ιι
974 2105 1141 2169 gubernacula
1153 2108 1215 2157 mihi
1228 2107 1274 2159 soii
1289 2109 1474 2160 commIserunt.
1509 2114 1559 2174 Ago
1570 2112 1652 2175 igilur,
1663 2130 1727 2181 quo·

948 2207 960 2231 ιι
976 2204 1033 2239 nam
1048 2190 1130 2241 animo
1142 2191 1187 2240 Iros
1204 2205 1300 2256 possem
1322 2191 1439 2256 prodere,
1461 2194 1505 2258 qui
1527 2208 1567 2245 me
1584 2198 1661 2247 tantis
1682 2200 1728 2250 ho·

948 2291 960 2315 ιι
975 2272 1077 2322 noribus
1094 2278 1233 2335 ornarunt,
1254 2274 1373 2340 nullaque
1392 2275 1431 2325 rei
1445 2276 1559 2339 graviore
1576 2278 1615 2329 rei
1636 2279 1728 2334 leviore

947 2358 1064 2410 «inlunis
1089 2357 1244 2409 effecerunt?
1270 2360 1318 2410 nisi
1339 2359 1402 2410 torte
1420 2374 1506 2412 eorum
1532 2377 1577 2427 ego
1603 2364 1728 2419 beneticiis

946 2459 958 2482 ι
976 2440 1060 2495 laedor,
1083 2442 1149 2492 sicut
1175 2456 1220 2492 sos
1238 2443 1308 2493 meis.
1324 2443 1454 2506 Egregium
1473 2458 1533 2494 vero
1547 2446 1646 2498 taudem
1666 2451 1724 2503 mihi

945 2539 958 2564 ιι
973 2523 1040 2586 apud
1051 2537 1136 2573 omnes
1148 2525 1265 2574 mortales
1279 2525 1367 2574 iterata
1383 2525 1490 2588 proditio
1505 2530 1604 2592 cognita
1613 2531 1727 2601 afferret,

944 2624 956 2648 ιι
975 2606 1037 2664 QuIs
1052 2620 1111 2656 sero
1123 2621 1162 2658 me
1183 2607 1306 2667 laudarit,
1323 2607 1343 2657 si
1364 2607 1472 2659 audierit
1489 2625 1539 2667 me,
1559 2612 1602 2662 ubi
1619 2617 1724 2675 amicos,

944 2708 957 2732 ι
973 2702 1037 2754 quos
1057 2689 1083 2739 in
1101 2703 1141 2739 me
1160 2689 1278 2740 beneficia
1308 2691 1420 2740 conterre
1441 2694 1620 2757 conveniebat,
1641 2697 1726 2751 hostes

946 2793 958 2817 ι
977 2788 1032 2824 esse
1047 2774 1237 2838 comperissem,
1253 2775 1365 2826 inimicos
1378 2789 1450 2834 vero,
1464 2790 1479 2826 a
1493 2779 1587 2842 quibus
1601 2795 1641 2832 me
1656 2783 1725 2847 perdi

946 2877 958 2900 ιι
973 2855 1118 2920 oportebat,
1135 2856 1242 2917 amicos,
1261 2871 1319 2906 cum
1335 2856 1452 2907 deberem
1468 2857 1525 2906 odio
1544 2863 1660 2927 prosequi
1673 2878 1723 2927 eos,

946 2941 1017 3006 «qui
1028 2954 1068 2991 rne
1085 2940 1206 2999 oderant,
1226 2944 1252 2991 et
1270 2956 1353 2992 amare
1369 2954 1424 2999 eos,
1438 2942 1483 3005 qui
1494 2956 1535 2993 me
1551 2949 1653 3006 aurant,
1668 2961 1724 3000 oon·

975 3033 1053 3082 trario
1065 3031 1142 3082 inisse
1159 3033 1259 3082 animo?

112 3120 125 3145 ιι
139 3089 193 3165 γνώ
216 3112 248 3159 ην
264 3088 357 3164 ἐσχονς

149 3167 174 3226 Χ
204 3166 284 3227 ΧΙΙΙ.
310 3161 388 3226 ιιῚθι
405 3162 454 3240 δή,
476 3163 570 3224 σκόπει
594 3164 639 3223 καί
658 3163 693 3225 τά
712 3164 789 3246 παρὰ
803 3169 887 3244 θεῶν,

110 3252 273 3326 «Μηνύκιε,
293 3243 336 3312 οἷά
357 3275 402 3330 μοι
418 3259 462 3312 νῦν
480 3274 508 3310 τι
527 3250 697 3330 ἀπήντηται,
716 3255 763 3313 καί
777 3255 822 3314 ἐάν
834 3258 886 3336 ἀρα

110 3368 122 3393 ιι
137 3340 251 3406 πεισθεὶς
263 3345 326 3419 ύμῖν
340 3343 429 3420 προδῶ
442 3341 490 3412 τὴν
505 3340 604 3400 τούτων
619 3341 709 3402 πίστιν
721 3334 763 3402 οἷα
774 3343 819 3403 τθν
835 3347 889 3405 λοι-

109 3456 121 3482 ιι
136 3430 185 3489 πὸν
200 3429 308 3509 ὑπάρξει
328 3451 372 3506 μοι
394 3428 461 3509 βίον.
506 3431 562 3490 Νῦν
583 3430 631 3506 μίν
654 3453 685 3509 γι
707 3431 795 3501 πάσης
820 3435 889 3512 πρά-

110 3545 122 3571 ιι
138 3518 199 3586 ξεως
225 3510 256 3589 ἧς
278 3518 309 3575 διν
330 3520 445 3598 ἅψωμαι
474 3521 534 3579 καθ’
559 3522 634 3597 ὑμῶν
668 3519 888 3591 συλλαμὸάνουσί

111 3633 123 3658 ιι
139 3629 202 3681 μοι,
218 3606 263 3663 καὶ
277 3606 399 3683 οὐδεμιᾶς
411 3607 504 3686 πείρας
515 3608 700 3686 ἀποτυγχάνω.
742 3610 797 3669 Καὶ
811 3617 888 3677 τοῦτο

113 3721 125 3745 ιι
141 3697 253 3765 πηλίκον
265 3693 348 3751 olentia
361 3686 427 3753 εἶναι
442 3696 583 3774 τεκμήριον
596 3696 730 3764 ιθσεύείας
741 3701 788 3769 τῆς
802 3699 885 3775 ἐμῆς

111 3808 124 3832 ιι
141 3783 163 3838 εί
178 3780 229 3861 γάρ
243 3779 276 3852 δὴ
290 3781 321 3839 ἂν
336 3783 405 3841 κατὰ
419 3785 465 3851 τῆς
482 3784 606 3863 πατρίδος
620 3787 670 3865 οὐχ
685 3786 754 3845 ὅσιον
769 3786 822 3864 ἐγὼ
837 3790 886 3849 πό·

111 3899 123 3922 ιι
138 3871 217 3948 λεμον
232 3870 428 3946 ἐνεστησάμην,
441 3872 546 3931 ἅπαντα
562 3875 643 3953 ἐχρῆν
666 3877 770 3933 ἐναντία
788 3900 832 3953 μοι
849 3881 888 3957 γί·

110 3988 122 4012 ιι
136 3965 225 4018 νεοθαι
247 3959 280 4016 τά
301 3958 375 4039 παρὰ
400 3963 482 4019 θεῶν·
507 3962 586 4021 ὁπότε
612 3963 640 4021 δέ
664 3965 743 4045 οὐρίῳ
771 3965 885 4049 πνεούσῃ

53 4068 81 4107 ιιι
109 4077 121 4101 ιι
138 4049 318 4128 κέχρημαιτῇ
343 4049 403 4130 περὶ
417 4049 477 4118 τοὺς
498 4050 628 4130 πολέμους
650 4054 736 4134 τύχη,
758 4055 804 4115 καὶ
825 4060 886 4118 θπό·

109 4165 121 4190 ιι
138 4160 192 4204 σοις
212 4138 242 4195 διν
259 4136 429 4210 ἐπιύάλωμαι
453 4139 594 4220 πράγμασι
616 4141 676 4202 κατ’
690 4143 766 4223 ὀρθὸν
781 4143 885 4204 ἅπαντά

108 4252 121 4277 ιι
135 4248 181 4301 μοι
198 4229 297 4305 χωρεῖ,
314 4228 393 4298 δῆλον
407 4227 448 4284 ὅτι
464 4227 573 4300 εύσιὸής
593 4232 647 4308 ιίμι
668 4231 734 4311 ἀνὴρ
754 4233 800 4291 καί
819 4234 886 4313 πρά-

107 4342 119 4367 ιι
135 4313 185 4383 ξεις
205 4314 360 4394 προῄρημαι
379 4316 472 4383 καλάς.
486 4318 523 4377 Τί
541 4307 602 4392 οὖν,
615 4321 659 4379 ἐάν
677 4319 884 4399 μεταάάλωμαι,

106 4430 118 4456 ιι
133 4405 178 4463 καὶ
193 4403 225 4462 τά
248 4403 296 4479 μέν
310 4404 424 4484 ύμίτερα
438 4403 542 4482 αύξιιν,
556 4407 591 4466 τά
607 4408 635 4468 δέ
652 4409 751 4468 τούτων
773 4410 885 4469 ταπεινά

105 4520 118 4544 ιι
134 4501 216 4551 ποιεῖν
239 4495 326 4570 ζητῶ,
350 4494 491 4572 γενήσεταί
515 4519 571 4575 μοι,
597 4488 637 4575 ἀρ’
658 4499 717 4576 οὐχί
741 4499 884 4574 τάναντία,

105 4610 118 4634 ιι
138 4583 183 4640 καὶ
203 4584 320 4664 πονηράν
345 4583 451 4661 νίμισιν
467 4584 517 4653 ἔξω
531 4585 605 4665 παρά
620 4590 666 4646 τοῦ
681 4586 816 4664 δαιμονίου
831 4597 884 4657 τοῖς

105 4698 118 4722 ιι
132 4671 296 4746 ἠδικημένοις
310 4676 443 4753 τιμωρόν,
458 4675 504 4734 καὶ
518 4672 607 4752 ὥσπερ
619 4678 649 4734 ἐκ
664 4680 788 4734 ταπιινοῦ
803 4675 884 4756 μίγας
941 4701 953 4726 ι
970 4680 1153 4732 milatibusaiii
1170 4679 1343 4731 docebuntur?
1360 4678 1422 4729 uiht
1433 4679 1536 4743 quidem
1550 4680 1604 4731 haec
1613 4681 1639 4732 in
1653 4697 1721 4734 men-

106 4759 176 4816 ιδιά
199 4758 257 4825 τοθς
270 4761 341 4831 θεοὺς
365 4762 511 4841 ἐγενόμην,
529 4761 610 4831 οὕτως
633 4755 705 4830 αὖθις
718 4767 749 4824 ἐκ
768 4766 884 4844 μεγάλου
940 4789 953 4814 ιι
967 4772 1019 4821 mm
1039 4769 1158 4827 veniunt,
1178 4783 1236 4834 quae
1257 4769 1288 4819 de
1310 4767 1359 4819 diis
1384 4767 1505 4827 sentiam;
1526 4771 1553 4819 θῑ
1573 4782 1719 4832 P⁰f⁸¹¹³⁸¹¹m

90 4876 118 4914 1ιι
134 4849 254 4917 ταπεινὸς
273 4849 434 4931 γενήσομαι,
449 4851 496 4911 καὶ
509 4852 583 4929 τάμά
606 4852 755 4930 παθήματα
769 4857 881 4916 nucleri-
939 4877 952 4903 ιι
969 4858 1061 4920 habeo,
1079 4860 1166 4909 Furias
1177 4858 1239 4908 istas
1257 4855 1404 4907 factnorosis
1417 4854 1587 4907 formidabiles
1598 4860 1623 4906 et
1636 4857 1719 4907 tnexo·

106 4956 118 4980 ιι
137 4950 209 5005 ματα
222 4933 360 5005 γενήσεται
375 4943 428 5000 τοῖς
442 4936 543 5007 ἄλλοις
555 4935 633 5012 Ἐμοὶ
648 4939 696 5014 μίν
710 4943 795 4999 ταῦτα
807 4943 884 5023 παρί·
938 4969 951 4994 ι
968 4948 1074 5007 rabiies,
1087 4961 1193 5012 quarum
1212 4948 1240 4996 tu
1259 4958 1375 5010 quoque,
1390 4944 1492 5004 Minuci,
1509 4944 1658 4994 montinnem
1677 4943 1717 4996 fe·

106 5044 118 5069 ι
135 5038 230 5074 σταται
246 5015 305 5094 περί
322 5023 368 5078 τοῦ
382 5021 517 5099 δαιμονίου
529 5032 639 5103 φρονεῖν,
653 5028 699 5086 καί
713 5027 840 5107 πείθομαί
851 5055 881 5108 γε
938 5058 950 5081 ι
963 5037 1034 5095 cisti,
1054 5040 1113 5086 tunc
1132 5048 1214 5085 meam
1233 5034 1343 5083 unimam
1362 5045 1502 5097 corpusque
1520 5032 1677 5082 insecuturos
1691 5038 1718 5087 et

976 3158 1087 3207 xxxin.
1106 3177 1118 3201 ιι
1132 3159 1170 3207 En
1186 3157 1271 3222 igitur,
1285 3160 1394 3222 Minuci,
1406 3165 1548 3227 considera,
1561 3171 1725 3234 quatesnunc

946 3270 958 3293 ιι
975 3264 1033 3314 erga
1050 3263 1092 3300 mc
1105 3249 1155 3299 sint
1166 3249 1216 3309 dii,
1231 3254 1255 3300 et
1268 3251 1356 3316 quales
1367 3253 1465 3320 reliquo
1476 3258 1535 3308 vita
1549 3262 1628 3325 spatio
1644 3262 1724 3316 futuri

945 3359 958 3383 ιι
972 3340 1039 3398 sint,
1058 3339 1206 3389 sivestrum
1222 3341 1353 3392 consitium
1372 3348 1474 3395 secutus
1484 3346 1557 3399 iidem
1578 3350 1618 3400 his
1638 3352 1724 3404 datam

944 3451 957 3469 ιι
970 3427 1112 3493 prodidero.
1159 3428 1288 3492 Siouidem
1315 3445 1397 3493 nunc,
1418 3433 1542 3500 quidquid
1565 3444 1651 3489 contra
1679 3454 1724 3491 ros

944 3537 957 3560 ιι
977 3516 1148 3582 aggrodIor,in
1160 3530 1240 3567 eume
1252 3518 1355 3580 iurant,
1369 3521 1486 3587 nuitoqne
1502 3530 1591 3576 conatu
1606 3526 1724 3580 frustror.

945 3625 957 3649 ιι
975 3605 1048 3664 Quod
1059 3609 1183 3671 quantum
1204 3608 1298 3669 putatis
1315 3622 1370 3659 esse
1390 3624 1453 3661 mem
1469 3612 1569 3675 pietatis
1589 3630 1723 3680 argumen-

944 3717 957 3741 ιι
971 3689 1044 3746 tum?
1068 3696 1095 3745 Si
1113 3695 1178 3746 enim
1197 3695 1319 3747 netarium
1347 3697 1440 3749 tretium
1460 3702 1548 3764 patria·
1568 3704 1721 3772 intulissem,

944 3808 957 3830 ι
972 3787 998 3837 in
1017 3785 1132 3837 omnibus
1153 3785 1258 3835 adversa
1277 3801 1317 3837 me
1343 3787 1436 3838 habere
1459 3790 1561 3840 nnmIna
1587 3798 1723 3858 oporteret.

944 3897 956 3923 ιι
970 3876 1020 3929 Sed
1034 3876 1152 3941 quoniam
1165 3872 1386 3927 secundariorum
1400 3877 1506 3928 inbellis
1524 3881 1585 3931 mihi
1602 3882 1721 3949 adspirat,

943 3986 956 4011 ιι
970 3968 996 4016 et
1009 3963 1133 4030 quidquid
1152 3962 1281 4029 aggredior
1300 3962 1405 4016 feliciter
1426 3967 1488 4018 mihi
1508 3970 1636 4033 succedit,
1655 3978 1722 4037 patet

943 4077 955 4102 ι
971 4070 1011 4108 mo
1028 4068 1083 4107 esse
1093 4053 1176 4104 virum
1189 4054 1274 4118 pium,
1290 4054 1428 4106 ethopoeia
1441 4059 1544 4109 consilia
1555 4062 1634 4126 sequi.
1656 4065 1722 4121 Quid

943 4168 956 4192 ιι
970 4146 1054 4211 igitur,
1077 4144 1098 4196 si
1115 4144 1263 4195 sententiam
1278 4148 1388 4203 mutem,
1410 4148 1435 4196 et
1455 4161 1496 4199 res
1508 4153 1606 4200 vestras
1618 4166 1721 4218 augere,

943 4257 956 4282 ιι
972 4237 1063 4287 horum
1077 4247 1138 4284 vero
1161 4231 1268 4297 affligem
1284 4247 1373 4297 coner,
1393 4234 1456 4285 mihi
1478 4238 1622 4302 continget?
1642 4255 1722 4294 nonne

942 4344 955 4368 ιι
969 4323 1051 4374 omnia
1064 4321 1207 4373 contraria?
1224 4334 1303 4371 nonne
1320 4321 1430 4372 numinis
1452 4336 1553 4387 eorum,
1573 4327 1619 4391 qui
1633 4328 1723 4381 Iniuria

942 4434 955 4459 ιι
970 4418 1029 4465 sunt
1056 4412 1158 4472 allecti,
1182 4411 1288 4462 vindicis
1313 4409 1506 4474 indignationem
1532 4417 1662 4479 experiari
1696 4422 1722 4469 et

941 4502 1047 4554 «sicuti
1067 4516 1099 4553 ex
1116 4501 1205 4552 humili
1225 4499 1329 4551 deorum
1342 4499 1461 4552 beneficio
1472 4516 1578 4566 magnus
1596 4518 1653 4555 sum
1668 4504 1721 4557 fac·

941 4612 954 4636 ι
969 4594 1024 4653 tus,
1035 4591 1071 4643 sic
1080 4594 1182 4651 eontra,
1198 4603 1230 4641 οε
1239 4603 1328 4655 magno
1341 4604 1436 4654 parvus
1447 4590 1521 4650 iiam,
1536 4595 1561 4642 et
1578 4594 1641 4644 meis
1652 4595 1719 4645 caia·

104 5142 116 5168 ιι
131 5113 177 5181 τάς
194 5111 297 5193 ἐρινύας
314 5113 415 5182 ίκιίνας
428 5115 476 5184 τὰς
489 5117 601 5199 ρούερδις
623 5117 669 5178 καί
682 5119 880 5200 ἀπαραιτήτους
936 5145 949 5170 ιι
963 5123 1115 5175 cruciatibus
1139 5124 1282 5186 vexaturas,
1326 5134 1405 5184 quum
1425 5119 1539 5169 deseram
1562 5117 1718 5187 prodamque

104 5229 116 5252 ιι
133 5209 185 5270 τοῖς
199 5199 303 5261 ἀνόσιόν
328 5224 353 5260 τι
376 5203 608 5286 διαπραξαμένοις,
630 5199 668 5267 ὧν
686 5207 732 5266 καὶ
749 5205 782 5266 σθ
796 5207 879 5286 ἐμνή-
936 5233 949 5259 ι
963 5226 1019 5272 eos,
1043 5211 1087 5277 qui
1108 5225 1182 5262 mea
1205 5209 1278 5260 robis
1304 5206 1431 5272 perditum
1450 5207 1597 5265 serramnt,
1624 5208 1651 5258 et
1670 5209 1718 5275 qni

104 5318 117 5343 ‘¹
131 5294 210 5366 utne,
245 5279 267 5349 ὦ
297 5289 439 5366 Μηνύκιε,
472 5293 530 5354 τότε
561 5318 606 5373 μοι
632 5295 877 5376 παρακολουθήσιιν
935 5321 948 5346 ι
964 5304 1021 5366 post
1032 5299 1119 5353 datam
1130 5299 1237 5352 salutern
1248 5297 1387 5350 multisne
1399 5292 1729 5361 praemiaqnebsnamus·
