3772 5828
196 327 269 401 'eta

210 471 303 550 ὅρκους
317 469 411 528 ἔδοσαν
425 467 563 541 ἀλλήλοις·
581 465 664 533 ούτως
684 465 798 542 οἰόμενοι
818 467 937 544 μάλιστα
958 464 989 523 τθ

209 563 257 631 τῆς
271 557 421 638 δημαρχίας
442 556 607 617 ἀκατάλυτον
628 556 734 617 ἔσεσθαι
756 554 870 634 κράτος,
892 553 938 614 llo
959 552 990 612 τὸ

210 646 352 717 στασιάζον
378 644 405 714 ἐξ
419 649 499 717 αὐτῆς
510 646 648 724 ἀναιρεθῇ.
662 644 750 703 Τοῦτο
769 641 801 713 δὴ
816 640 990 724 φυλάττοντες

210 735 241 794 τὸ
252 732 427 810 συνωμόσιον,
440 724 513 793 εἷπον
521 733 670 812 ἀπάγεσθαι
679 731 723 791 τὸν
733 728 838 810 ρύλακα
848 734 895 803 τῆς
907 731 992 810 ἀρχῆς

170 849 184 885 a
211 827 263 882 τῶν
286 821 411 898 ὑπάτων,
439 818 528 891 κοινὴν
551 820 675 879 ἁπάντων
699 808 767 876 εἶναι
792 818 911 896 λίγοντες
942 815 990 887 τὴν

211 909 337 990 γνώμην,
357 914 387 970 ού
401 908 453 987 μὴν
473 907 605 983 διίμεινάν
620 905 645 985 γ’
664 904 708 965 int
731 909 778 977 τῆς
800 908 899 988 ὀργῆς,
921 903 991 963 ἀλλά

211 1008 266 1067 τοῖς
284 998 476 1079 πρεσόυτάτοις
503 998 556 1055 τῶν
578 998 608 1055 ἐκ
633 999 678 1053 τοῦ
694 993 828 1072 συνεδρίου
846 1016 991 1074 παραιτον·

213 1088 299 1164 μόνοις
330 1088 374 1146 τὸν
388 1087 470 1165 ἄνδρα
484 1088 605 1168 ἀρῆκαν,
619 1084 662 1141 τόν
676 1106 704 1142 τε
721 1084 813 1165 φθόνον
827 1082 991 1165 ὑρορόιμενοι

213 1182 258 1236 τοῦ
274 1176 448 1258 πράγματος,
469 1173 509 1233 ὅτι
529 1176 629 1252 πρῶτοι
647 1169 758 1248 ίμιλλον
770 1174 877 1253 θανάτῳ
889 1174 990 1244 ζημιῶ·

161 1283 187 1323 lo
214 1291 259 1328 σαι
285 1265 351 1348 [τὸν]
379 1265 462 1342 ἄνδρα
486 1264 516 1322 τὸ
536 1263 674 1321 κελευσθὲν
701 1261 752 1320 ύπδ
774 1264 827 1319 τῶν
856 1258 991 1341 ἀρχόντων

213 1355 381 1426 ποιήσαντα,
397 1351 444 1411 καὶ
459 1351 618 1427 δεδοικότες,
635 1349 673 1427 μὴ
683 1349 737 1408 ἀπὸ
750 1348 849 1421 ταύτης
862 1353 908 1421 τῆς
923 1370 987 1429 προ·

213 1446 315 1524 ράσεως
330 1447 367 1508 είς
383 1440 508 1500 ἀπόνοιαν
524 1441 726 1517 ἀναγκασθῶσιν
737 1441 762 1498 οἱ
778 1438 914 1518 πατρίκιοι
927 1461 992 1519 τρα-

213 1532 321 1590 πέσθαι.

255 1619 378 1680 xxxii.
402 1616 479 1677 Μετδι
504 1620 582 1676 τοῦτο
599 1615 630 1674 τὸ
653 1613 729 1697 ἔργον
750 1614 924 1696 συναχθείσης
945 1617 993 1686 τῆς

162 1714 187 1757 ¹⁵
215 1709 327 1787 βουλῆς,
344 1710 369 1766 ol
394 1703 441 1782 μίν
456 1703 553 1763 ύπατοι
567 1704 730 1783 κατηγορίαν
751 1704 851 1776 πολλὴν
871 1707 925 1762 τῶν
944 1703 993 1776 δη-

215 1795 327 1875 μάρχων
344 1791 509 1864 ἐποιήσαντο·
525 1789 690 1871 παραλαόῶν
706 1790 733 1851 δὲ
745 1790 876 1869 τὸνλόγον
887 1795 901 1850 ό
913 1790 993 1852 Ἰκιλ·

213 1886 268 1950 λιος
283 1881 344 1961 περί
359 1903 387 1940 τε
403 1886 451 1953 τῆς
468 1881 504 1946 είς
518 1879 561 1939 τὸν
577 1879 710 1961 ὑπηρέτην
725 1881 804 1959 ἀργῆς
823 1879 991 1958 ἀπελογεῖτο,

214 1973 274 2039 τοὺς
301 1968 388 2050 ίιροθς
413 1969 607 2049 προρερόμινος
632 1968 744 2044 νόμους,
772 1969 832 2026 καθ’
859 1965 903 2035 οδς
932 1965 991 2027 οὔτε

215 2063 324 2143 ἄρχοντι
334 2058 394 2119 οὔτε
406 2057 496 2137 ίδιιύτη
510 2064 684 2136 συνεχωρεῖτο
695 2056 821 2135 πράττειν
832 2057 907 2116 οάδδν
916 2059 991 2117 ἀναν·

160 2174 188 2213 ειν
215 2153 268 2210 τίον
293 2148 441 2227 δημάρχῳ,
463 2145 509 2204 καλ
533 2146 594 2223 περὶ
616 2150 663 2205 τοῦ
676 2147 817 2222 συγκαλεῖν
832 2143 880 2218 τὴν
895 2147 991 2226 βουλὴν

216 2239 350 2298 ἐδίδασκεν
364 2281 373 2309 ,
388 2239 423 2301 ὡς
440 2234 512 2293 οὐδὲν
525 2235 566 2306 εἴη
579 2232 731 2305 πεποιηκὼς
752 2236 865 2308 ἄτοπον,
880 2233 994 2302 πολλυλς

215 2324 262 2384 καὶ
277 2320 459 2389 παντοδαποὺς
474 2322 511 2390 είς
523 2330 600 2380 τοῦτο
609 2322 879 2403 παρασκευασάμενος
888 2323 990 2403 λόγους.

216 2414 263 2480 Ὡς
278 2413 301 2471 δ’
319 2409 470 2470 ἀπελύσατο
493 2408 654 2479 ταύταςτὰς
668 2411 844 2488 κατηγορίας,
862 2411 908 2472 τὸν
927 2414 993 2494 ύπίρ

216 2507 263 2562 τοῦ
276 2501 356 2585 λόγου
371 2499 452 2577 νόμον
467 2498 607 2579 εἰσίριρεν.
657 2488 712 2559 Ἦν
725 2498 752 2557 δί
766 2498 871 2567 τοιόςδε·
888 2526 904 2557 α
918 2496 993 2564 Ὅσα

162 2610 189 2648 τι
218 2619 229 2640 ιι
246 2590 294 2665 μὲν
318 2587 421 2648 ἰδιῶταί
445 2610 513 2653 τινες
538 2577 610 2666 είχον
639 2588 670 2646 ἐκ
693 2586 796 2647 δικαίου
820 2588 993 2666 κτησόμενοι,

218 2704 230 2727 ιι
246 2684 330 2736 ταῦτα
353 2675 413 2741 τοὺς
432 2673 536 2753 κυρίους
561 2671 701 2754 κατέχειν,
725 2672 774 2734 ὅσα
794 2675 821 2733 δὲ
839 2676 994 2754 βιασάμενοί

219 2793 231 2815 ιι
247 2787 312 2830 τινες
326 2764 344 2835 ἢ
358 2767 444 2842 κλοπῇ
462 2760 588 2829 λαύόντες
607 2761 826 2844 ᾠκοδομήσαντο,
845 2765 992 2845 κομισαμί-

173 2881 176 2887 ·
219 2877 232 2904 ιι
245 2874 303 2919 νους
314 2849 362 2918 τδις
375 2850 511 2922 δαπάνας,
527 2849 557 2916 ἀς
572 2850 603 2907 ἂν
617 2851 641 2907 οἱ
657 2850 791 2923 διαιτηταὶ
801 2855 882 2929 γνῶσι
897 2856 935 2932 τῷ
949 2852 994 2926 δη-

218 2969 231 2995 ιι
247 2966 290 3021 μῳ
299 2939 488 3019 παραδιδόναι·
501 2937 535 2996 τδι
549 2939 576 2996 ol
593 2940 677 3011 ἄλλα,
690 2937 740 2998 ὅσα
755 2939 812 3018 [διν]
824 2932 855 3012 ἦν
868 2943 994 3017 δημόσια,

164 3060 191 3099 ³0
218 3033 326 3110 «χωρὶς
341 3030 409 3097 ὠνῆς
430 3026 474 3084 τὸν
499 3029 582 3102 δῆμον
604 3025 797 3106 παραλαύόντα
823 3028 964 3090 διελέσθαι.
982 3057 994 3083 ιι

218 3118 359 3180 Ἐδίδασκέ
372 3138 417 3186 τε,
432 3114 471 3172 ὅτι
488 3119 565 3172 τοῦτο
581 3113 610 3171 τό
625 3113 773 3188 πολίτευμα
794 3117 830 3182 εἰς
842 3116 929 3175 πολλὰ
948 3118 997 3194 μὲν

219 3208 264 3266 καὶ
279 3208 348 3266 ἄλλα
368 3204 534 3280 συνοίσειτῇ
555 3201 647 3273 πόλει,
663 3201 781 3278 μάλιστα
804 3204 827 3262 δ’
850 3208 885 3272 είς
905 3207 936 3266 τὸ
958 3206 995 3285 μὴ

219 3295 369 3363 στασιάζειν
383 3293 421 3352 ἔτι
433 3290 494 3371 περί
506 3295 554 3362 τῆς
566 3292 693 3366 δημοσίας
703 3291 792 3373 χώρας
802 3291 861 3363 τούς
871 3294 995 3370 πένητας,

218 3385 251 3455 ἢν
265 3387 288 3442 ol
299 3382 433 3461 πατρίκιοι
443 3389 576 3460 κατεῖχον.
604 3380 763 3458 Ἀγαπήσειν
778 3383 830 3464 γάρ
845 3385 938 3452 αὐτοὺς
951 3391 998 3457 τῆς

165 3499 191 3535 ns
220 3475 322 3539 πόλεως
336 3474 467 3552 λαχόντας
477 3471 570 3550 μέρος,
586 3470 677 3542 ἐπειδὴ
693 3477 740 3544 τῆς
753 3472 843 3552 χώρας
855 3477 902 3533 οὐκ
915 3475 997 3544 ἔξεστι

222 3562 265 3618 διὰ
285 3559 345 3626 τοὺς
357 3558 588 3639 ἐσρετερισμιίνους
603 3559 705 3639 αὐτὴν,
725 3561 837 3629 πολλοὺς
860 3563 936 3630 ὄντας
951 3563 997 3622 καὶ

220 3646 354 3715 δυνατούς.
396 3647 530 3708 Τοιούτων
554 3646 683 3727 ῥηθέντων
705 3649 749 3706 ὑπ’
769 3650 849 3710 αὐτοῦ
867 3651 995 3728 λόγων,θ

221 3736 266 3811 μὲν
283 3736 424 3816 ἀντιλέγων
440 3738 518 3802 Γάϊος
540 3737 669 3802 Κλαύδιος
687 3728 719 3808 ἦν
742 3739 835 3814 μόνος,
850 3742 874 3800 οἱ
889 3742 917 3799 δὲ
938 3767 997 3802 συν·

221 3825 399 3904 αγορεύοντες,
413 3824 520 3896 πολλοὶ,
533 3823 585 3882 Καὶ
601 3826 670 3894 ἔδοξε
688 3826 787 3886 διδόναι
806 3831 845 3907 τῷ
864 3829 940 3910 δήμῳ
954 3830 998 3888 τὸν

167 3935 193 3972 lo
221 3914 311 3973 τόπον.
356 3914 433 3973 Μετὰ
458 3918 534 3973 τοῦτο
556 3915 716 3993 ἱεροφαντῶν
737 3939 766 3974 τε
789 3915 926 3997 παρόντων
950 3917 995 3976 καί

222 4001 404 4060 οἰωνοσκόπων
422 4000 468 4060 καὶ
483 4004 618 4081 ἱεροποιῶν
639 4003 722 4075 δυεῖν,
744 4004 789 4062 καὶ
811 4005 997 4081 ποιησαμένων

221 4086 268 4151 τὰς
285 4090 411 4163 νομίμους
426 4090 505 4168 εὐχάς
523 4112 551 4147 τε
569 4090 614 4148 καί
628 4091 707 4171 ἀράς,
725 4093 751 4149 ἐν
771 4098 803 4172 τῇ
826 4095 938 4173 λοχίτιδι
954 4098 998 4153 ἐκ·

222 4175 319 4252 κλησίῳ
343 4178 501 4257 συναχθείσῃ
517 4177 568 4235 inl
592 4181 644 4237 τῶν
662 4177 769 4236 ὑπάτων
798 4183 812 4237 ό
834 4181 911 4257 νόμος
933 4184 994 4240 ἐκυ-

224 4262 307 4342 ρώθη,
332 4262 358 4328 ὅς
375 4266 443 4322 ἐστιν
463 4267 489 4322 ἐν
512 4267 596 4346 στήλη
621 4270 710 4346 χοιλκῗ1
740 4270 936 4347 γεγραμμένος,
963 4271 995 4343 ἣν

167 4377 193 4415 cn
224 4355 347 4410 ἀνέθεσαν
367 4354 392 4409 ἐν
420 4357 456 4429 τῷ
483 4356 630 4434 Αὐεντίνῳ,
659 4354 812 4431 κομίσαντες
837 4359 872 4424 εἷς
898 4359 927 4416 τὸ
951 4363 998 4429 τῆς

224 4441 372 4520 Ἀρτέμιδος
386 4441 465 4519 ίερόν.
513 4444 681 4521 Κυρωθέντος
696 4443 722 4502 δὲ
738 4448 783 4502 τοῦ
796 4445 892 4519 νόμου,
908 4450 999 4505 συνελ-

224 4530 309 4594 θόντες
323 4529 344 4583 οἳ
367 4528 504 4602 δημοτικοὶ
528 4532 561 4588 τά
578 4531 601 4588 τ’
623 4530 746 4589 οἰκόπεδα
763 4534 934 4611 διελάγχανον
951 4532 996 4591 καὶ

224 4615 438 4697 κατῳκοδόμουν,
451 4616 510 4676 ὅσον
522 4619 627 4678 ἕκαστοι
640 4627 717 4678 τόπον
732 4622 863 4692 δυνηθεῖεν
877 4623 998 4695 ἀπολαμ-

225 4707 353 4771 όοίνοντες.
403 4707 461 4765 Ιίίσὶ
478 4708 505 4764 δὲ
525 4710 549 4765 οἳ
575 4709 666 4766 σύνδυο
690 4708 735 4767 καὶ
751 4709 867 4789 σύντρεις
893 4711 937 4767 καὶ
961 4711 998 4768 ἔτι

170 4818 196 4850 ιιι
223 4798 328 4862 πλείους
344 4798 472 4859 συνιόντες
494 4795 577 4853 οἰκίαν
598 4800 819 4867 κατεσκευάζοντο
845 4799 924 4876 μίαν,
938 4801 997 4857 ἑτέ-

225 4910 277 4962 ρων
304 4885 351 4961 μὲν
369 4885 402 4943 τὰ
426 4884 554 4960 κατάγειοι
578 4886 780 4963 λαγχανόντιιιν,
804 4887 898 4966 ἑτέρων
924 4887 950 4943 δὲ
966 4886 999 4946 τά

224 4977 341 5053 ὑπερῷα.
387 4972 422 5032 ‘0
439 4973 486 5048 μὲν
503 4963 547 5030 σύν
563 4973 679 5039 ἐνιαυτὸς
695 4978 790 5042 ἐκεῖνος
804 4979 837 5041 εἷς
851 4976 896 5038 τδις
915 4997 999 5031 κατα·

224 5061 317 5125 σιευάς
328 5064 379 5118 τῶν
392 5061 519 5131 οἰκήσεων
533 5062 697 5132 ἐδαπανήθη.

264 5149 395 5209 illiti.
418 5148 453 5208 Ὁ
482 5152 508 5208 δὲ
535 5154 601 5226 μετὰ
626 5157 731 5224 τοῦτον,
751 5153 776 5208 ἐν
797 5142 818 5229 ᾧ
836 5151 882 5222 τὴν
900 5151 997 5211 ὕπατον

733 333 902 397 utouttsu
924 333 1305 399 unttcnttunsslsltsts
1331 334 1333 338 ’

1045 477 1194 538 potestatem
1225 476 1391 529 inviolabilem
1411 476 1479 539 lore,
1502 476 1525 527 ai
1549 490 1623 530 omne
1649 478 1794 537 dissidium
1808 498 1841 538 ex

1045 585 1092 623 suo
1105 572 1208 639 collegio
1230 573 1359 625 sublatum
1381 576 1456 626 csaet.
1496 575 1549 625 liac
1564 575 1644 638 igliur
1655 579 1840 642 coniuratione

1045 671 1158 729 serrato,
1173 668 1300 731 jusserunt
1316 669 1431 721 lictorem
1444 667 1547 732 obduci,
1561 669 1678 724 dcentes
1689 674 1716 724 id
1731 675 1792 728 lieri
1807 678 1842 730 de

1046 765 1171 816 communi
1186 766 1266 817 totius
1283 766 1378 831 collegii
1397 767 1528 818 cententio.
1561 768 1636 819 liaud
1661 775 1751 824 lunam
1770 774 1796 824 in
1807 787 1840 825 ca

1047 863 1083 915 im
1111 868 1320 928 pennensemnl‚
1344 863 1388 914 sed
1417 862 1523 913 hominis
1547 867 1703 930 supplicium
1735 874 1840 935 potrum

1048 967 1107 1014 natu
1117 964 1233 1014 maximis
1244 964 1434 1030 deprecantibus
1445 965 1635 1018 condonarunt:
1656 968 1695 1019 rei
1709 967 1839 1018 inridiotn

1047 1061 1135 1122 reniti,
1150 1062 1217 1125 qnod
1237 1065 1309 1127 primi
1322 1067 1402 1115 morte
1419 1064 1564 1117 rnulcuturi
1579 1072 1666 1118 essent
1689 1068 1838 1129 bominem,

1040 1160 1094 1224 oui
1105 1160 1263 1225 magistratus
1273 1161 1343 1225 jusaa
1357 1160 1469 1221 iecisset;
1485 1161 1657 1223 renitietiom,
1672 1177 1705 1215 nc
1715 1164 1752 1214 ob
1761 1163 1839 1215 tatem

1048 1265 1201 1316 occasionem
1219 1264 1323 1329 patricii,
1337 1264 1369 1316 nd
1382 1265 1581 1331 desperationem
1599 1269 1711 1331 reducti,
1721 1272 1838 1321 extremo

1047 1357 1138 1410 cudere
1147 1364 1302 1423 cogerentur.

1084 1618 1182 1668 xxxu.
1206 1621 1262 1677 Quo
1284 1618 1350 1668 iacto
1374 1618 1501 1679 consulas,
1519 1625 1607 1672 coacto
1631 1626 1731 1683 sonitu.
1756 1623 1832 1687 boga

1052 1723 1163 1775 cretione
1177 1724 1202 1774 in
1213 1724 1325 1775 tribunos
1338 1729 1397 1775 sunt
1413 1723 1512 1774 inrectl.
1546 1723 1631 1775 icilius
1646 1738 1714 1785 vcro,
1723 1729 1831 1790 excepta

1058 1816 1180 1878 oratione,
1197 1815 1297 1867 immin
1311 1816 1424 1867 lictorem
1445 1817 1552 1868 eltnsorn
1572 1820 1712 1880 excusarit,
1727 1819 1831 1869 sacratis

1058 1906 1153 1969 lenibus
1163 1908 1187 1959 in
1196 1910 1305 1960 medium
1316 1909 1417 1974 prolatis
1427 1927 1434 1958 ε
1446 1929 1459 1953 ιι
1471 1912 1557 1975 licque
1567 1912 1734 1977 magistratui,
1751 1925 1833 1977 neque

1059 2022 1071 2044 ιι
1086 2002 1178 2053 bomini
1192 2004 1286 2066 privato
1305 2003 1379 2054 licere
1392 2002 1491 2055 tribuno
1506 2003 1556 2054 ullu
1576 2004 1602 2056 tu
1616 2019 1643 2057 ne
1665 2006 1804 2057 aremari.
1818 2026 1830 2049 ι

1058 2093 1133 2153 Quod
1152 2098 1233 2146 autem
1253 2100 1341 2147 senatu
1359 2110 1495 2148 ωιιιοσετε
1515 2110 1642 2162 segressus
1665 2097 1764 2155 luisset,
1785 2098 1832 2147 de·

1058 2189 1204 2238 monstrarit
1223 2202 1250 2238 sc
1267 2187 1323 2239 ideo
1336 2189 1395 2240 nibil
1414 2189 1513 2241 absurdi
1528 2188 1626 2250 [σαντες
1642 2189 1718 2255 idque
1728 2189 1831 2253 prolixa

1060 2283 1177 2347 variaque
1188 2282 1299 2333 oratione
1314 2282 1345 2333 ad
1358 2282 1406 2333 boc
1425 2283 1505 2348 ipsura
1520 2286 1654 2347 ρταρατιιι
1673 2281 1830 2347 persuadere

1060 2378 1163 2425 conotus
1185 2379 1231 2427 est.
1264 2375 1312 2427 tibi
1329 2389 1389 2428 nero
1404 2374 1460 2427 huc
1470 2372 1660 2434 aiuhsdiluit
1673 2376 1829 2426 mentionem

1059 2482 1113 2520 sum
1126 2469 1257 2534 rogationis
1278 2468 1371 2519 intulit.
1403 2470 1463 2519 lirul
1473 2468 1539 2519 enlin
1555 2466 1695 2532 huiusmodi
1711 2486 1745 2518 :n
1764 2470 1832 2526 Quos

1060 2582 1072 2605 ν
1085 2562 1174 2627 privati
1194 2560 1305 2612 homines
1323 2563 1379 2625 June
1392 2565 1463 2626 parto
1479 2560 1644 2626 possiderunt,
1657 2574 1688 2612 ea
1701 2567 1833 2614 manerent

1060 2673 1073 2703 ιι
1090 2668 1165 2719 ροισι
1174 2654 1292 2719 pristinos
1304 2653 1416 2703 dominos
1428 2672 1434 2703 :
1447 2666 1505 2718 quaa
1518 2667 1577 2705 vero
1586 2667 1631 2719 per
1639 2654 1703 2714 rim,
1713 2659 1758 2705 aut
1770 2656 1833 2706 trau·

1063 2772 1075 2796 ι
1094 2751 1164 2811 dem,
1190 2749 1302 2801 adificiis
1319 2748 1429 2798 nonnulli
1446 2750 1611 2813 occupsssent
1622 2761 1662 2808 ca,
1677 2749 1792 2800 restltmn
1802 2763 1833 2800 επ

1064 2836 1238 2886 «arbitrorum
1272 2832 1393 2883 sententia
1424 2832 1504 2897 pretio
1535 2832 1720 2893 edificationis,
1743 2833 1835 2898 populo

1064 2949 1076 2973 ι
1091 2928 1264 2980 addicerentur
1280 2946 1287 2975 ι
1315 2926 1409 2990 reliquo
1423 2938 1495 2985 vero.
1511 2938 1570 2989 quo
1584 2924 1684 2990 publica
1695 2930 1788 2985 esseut,
1801 2938 1834 2975 es

1064 3042 1076 3064 «
1094 3021 1147 3070 sinc
1167 3020 1247 3086 pretio
1258 3019 1349 3084 populo
1361 3016 1541 3068 dividerentur.
1557 3037 1570 3061 ιι
1585 3016 1752 3081 uocebetqne,
1768 3015 1835 3069 lunc
1847 3029 1882 3060 ν

1064 3111 1142 3173 tegern
1152 3110 1294 3174 reipublicae
1304 3124 1361 3159 cum
1373 3108 1459 3158 mullis
1471 3107 1526 3158 aliie
1541 3109 1566 3157 in
1581 3107 1658 3158 rebus
1673 3108 1759 3160 utilem
1769 3109 1834 3169 lore,

1063 3211 1118 3257 tum
1134 3219 1194 3255 vero
1209 3206 1331 3269 praecipue
1344 3204 1374 3253 ad
1390 3201 1523 3253 tollendum
1535 3215 1673 3266 pauperum
1692 3202 1837 3254 seditionem

1059 3302 1190 3364 obagrum
1216 3299 1356 3364 publicum,
1379 3310 1454 3360 quem
1472 3295 1570 3354 oalncii
1595 3296 1740 3347 retinebuut.
1773 3298 1838 3346 Nam

1062 3394 1191 3442 contentos
1209 3390 1262 3440 lore
1276 3387 1386 3447 dicebat,
1399 3385 1422 3436 si
1438 3384 1505 3436 urbis
1519 3383 1629 3449 aliquam
1641 3390 1736 3450 partem
1747 3388 1840 3438 sortito

1062 3481 1220 3540 habuissent,
1236 3479 1334 3544 quando
1347 3478 1399 3543 agri
1411 3477 1503 3542 publici
1514 3477 1621 3529 nullom
1631 3482 1735 3542 partem
1746 3478 1840 3531 trabere

1062 3578 1170 3639 possent,
1188 3572 1254 3636 quod
1266 3568 1374 3621 amultis
1382 3568 1752 3635 atquepotentibucoecupatua
1763 3576 1837 3626 esset.

1062 3672 1113 3719 linc
1131 3666 1241 3717 oratione
1257 3664 1289 3715 ab
1306 3663 1347 3713 illo
1359 3662 1454 3725 habita,
1475 3662 1543 3712 solus
1560 3664 1589 3713 (l.
1604 3662 1724 3713 Claudius
1738 3668 1840 3715 coutro-

1061 3763 1146 3813 disit:
1169 3765 1192 3810 at
1212 3759 1285 3809 multi
1303 3760 1329 3809 iu
1347 3757 1402 3818 ejus
1417 3756 1563 3808 sententiam
1583 3757 1692 3808 iverunt.
1731 3759 1841 3810 Tandem

1060 3854 1301 3904 senatusconsultum
1340 3850 1446 3910 lactum,
1477 3854 1505 3900 ul
1530 3850 1596 3915 plebi
1627 3850 1698 3902 locus
1726 3851 1840 3903 dunelm.

1060 3958 1158 4013 Postea,
1169 3949 1332 4017 praesentibus
1341 3946 1528 4012 pontificibuset
1540 3944 1683 4008 auguribus,
1692 3946 1841 4011 duobusque

1060 4046 1215 4101 sacrificulis,
1241 4043 1319 4100 rotis,
1339 4039 1501 4105 precibusque
1520 4038 1552 4089 dc
1574 4051 1643 4090 more
1665 4041 1753 4101 lactis,
1778 4054 1841 4093 ceu·

1059 4139 1155 4191 toriatis
1181 4136 1296 4195 comitiis,
1310 4149 1366 4198 quae
1378 4133 1493 4184 consules
1507 4131 1655 4193 bobuerant,
1670 4132 1710 4183 lex
1722 4136 1761 4184 cst
1780 4148 1841 4199 per.

1058 4234 1117 4291 lota,
1132 4245 1189 4296 quoa
1215 4231 1297 4280 exstat
1328 4227 1351 4276 in
1378 4240 1443 4276 nerea
1464 4224 1576 4275 columna
1600 4224 1691 4284 incisa,
1717 4237 1794 4287 quam
1813 4224 1842 4275 in

1058 4327 1204 4379 Auentinum
1226 4325 1351 4383 tulerunt,
1369 4325 1395 4371 et
1416 4321 1440 4370 iu
1460 4320 1543 4369 Diome
1561 4318 1653 4382 templo
1665 4320 1838 4380 reposuerunt.

1058 4424 1110 4471 liae
1126 4421 1178 4482 lege
1209 4417 1312 4482 perlato.
1340 4414 1427 4479 plebeii
1448 4415 1632 4472 convenerunt,
1653 4410 1746 4473 solique
1763 4425 1841 4462 areos

1058 4516 1162 4565 intense
1184 4516 1249 4564 sorte
1274 4511 1428 4569 diviserunt,
1452 4513 1477 4560 ct
1505 4507 1539 4558 ibi
1562 4507 1684 4556 ceeiitieore
1706 4510 1841 4568 ceperunt

1057 4610 1153 4667 locum,
1175 4613 1295 4672 quantum
1320 4608 1424 4670 quisquc
1442 4608 1553 4669 poterut,
1578 4604 1736 4666 occupantes.
1770 4601 1842 4649 lt'on·

1058 4704 1116 4752 nulli
1129 4703 1201 4751 etium
1216 4701 1265 4751 (lero
1283 4700 1355 4751 simul
1374 4704 1398 4749 et
1417 4703 1475 4758 tres,
1494 4697 1608 4761 pierresre
1623 4709 1686 4744 tantos
1702 4694 1771 4744 eccles
1785 4693 1840 4743 eol·

1056 4796 1112 4850 tatis
1127 4792 1257 4857 impendiis
1270 4795 1459 4845 exstruxerunt.
1477 4789 1634 4839 aliisinlmas
1645 4802 1732 4839 eurum
1746 4791 1840 4851 partes.

1055 4888 1110 4937 otiis
1124 4886 1264 4950 superiores
1282 4886 1327 4936 sibi
1357 4884 1518 4949 capientibus.
1553 4885 1591 4931 lla
1610 4881 1684 4943 igitur
1710 4884 1779 4931 totus
1798 4881 1841 4930 ille

1055 4996 1132 5031 annm
1143 4981 1167 5029 in
1181 4979 1293 5030 aediliciis
1306 4978 1465 5029 exstruendis
1476 4978 1622 5027 consumtus
1630 4977 1677 5025 est.

1089 5165 1196 5211 ltililtl.
1217 5166 1302 5211 Annus
1316 5172 1437 5222 scqtreus,
1447 5158 1491 5222 qui
1511 5157 1626 5208 eonsules
1639 5154 1726 5206 babuit
1741 5158 1771 5206 T.
1788 5160 1841 5207 lio·
