3772 5828
593 376 888 450 ANTIQUITATUM
911 378 1058 440 ROMAN.
1081 379 1154 441 LIB.
1178 382 1215 446 V.
1660 398 1720 460 279

114 510 228 584 δυνατδ,
244 512 332 589 ἀγρῶν
352 504 445 567 τεκαὶ
465 507 554 568 οἰκιῶν
570 506 615 567 καί
633 507 821 587 βοσκημάτων,
843 509 889 568 καί

113 593 151 661 ὧν
164 604 194 660 ἐκ
217 601 265 676 γῆς
284 594 430 676 ἀνῄρηνται
446 596 554 675 καρπῶν
575 595 623 663 τὰς
648 593 738 673 ἀξίας,
759 596 889 677 ὁποτέρως

115 690 146 749 διν
166 689 252 754 αὐτοῖς
279 685 339 764 δόξῃ
361 682 522 765 συμφέρειν,
536 682 622 743 ἐάντε
644 682 703 752 τοὺς
726 685 889 765 κατέχοντας

114 779 179 839 αύτδ
202 774 249 835 καί
278 773 477 852 καρπουμένους
495 771 638 854 εἰσφέρειν,
665 772 710 832 ἐάν
734 775 759 831 τ’
785 774 816 832 έιι
842 778 889 833 τοῦ

72 893 85 930 s
114 865 240 945 δημοσίου
257 861 382 922 διαλύειν.
425 859 788 942 ’1ἀῦταμὲνὸτιίρέκιίνων·
803 863 889 945 έαυτῷ

112 954 140 1016 δέ
162 956 291 1014 αἰτεῖσθαι
315 950 483 1031 διαλυομένῳ
494 950 543 1022 την
564 949 660 1030 ἔχθραν
676 950 735 1018 τοὺς
752 952 889 1029 καλουμέ-

111 1067 171 1111 νους
195 1039 282 1103 Ἑπτά
309 1039 424 1118 πάγους·
446 1032 671 1122 αὸτηἾυρρηνῶν
693 1044 710 1110 ἡ
732 1040 809 1120 χώρα
821 1045 889 1122 τάρ-

111 1141 189 1212 χαῖον
209 1121 257 1204 ἦν,
275 1128 406 1207 Ῥωμαῖοι
421 1129 445 1188 δ’
460 1126 543 1200 αύτλν
563 1128 692 1207 κατέσγον
706 1128 815 1210 πολέμῳ
829 1128 889 1198 τυδς

112 1223 220 1301 ἔχοντας
238 1216 409 1300 ἀφελόμενοι·
424 1217 470 1277 καί
493 1215 537 1276 Ira
560 1215 658 1294 μένωσι
675 1215 806 1293 Ῥωμαῖοι
820 1220 889 1300 Τυρ-

60 1333 85 1372 10
113 1318 197 1389 ρηνοῖς
214 1306 316 1386 βέὸαιοι
337 1306 428 1386 φίλοι,
444 1307 542 1373 παῖδας
558 1304 589 1362 έκ
607 1307 659 1363 τῶν
674 1306 888 1382 ἐπιφανεστάτων

112 1399 200 1457 οἰκιῶν
220 1395 280 1463 τοὺς
305 1393 500 1474 ὁμηρεύσοντας
522 1390 588 1473 ὁπὸρ
612 1397 660 1466 τῆς
681 1392 783 1461 πολιως
807 1396 889 1456 αίτιίν

110 1488 174 1565 παρ’
190 1487 285 1547 αύτῶν.
305 1511 318 1536 ιι

155 1576 280 1636 XXXII.
304 1569 758 1652 Ἄφικομένηςδδτῆςπρεσάείαςείς
770 1567 892 1643 Ῥώμην,

111 1667 129 1736 ἡ
148 1664 230 1742 βουλὴ
245 1662 292 1740 μὲν
307 1660 453 1741 έψηφίσατο
469 1656 625 1739 Ποπλικόλα
640 1658 742 1742 θατέρῳ
756 1663 810 1718 τῶν
824 1656 892 1716 trt-

62 1776 85 1815 ιι
111 1774 165 1811 των
183 1757 322 1811 πεισθεῖσα
344 1749 432 1809 πάντα
453 1757 615 1830 συγχωρεῖν,
639 1749 690 1809 ὅσα
712 1753 727 1807 ὁ
755 1747 892 1829 Τυρρηνδς

111 1840 201 1912 ἠξίου,
226 1839 335 1916 κάμνειν
355 1836 398 1896 τδν
421 1836 538 1913 δημότην
554 1836 599 1897 καί
616 1837 714 1919 άπαρον
737 1835 816 1918 ὄχλον
838 1838 891 1895 oto·

114 1928 228 2008 μένητῇ
253 1924 346 1987 σπάνει
362 1928 414 1985 τῶν
435 1927 604 2000 ἐπιτηδείων,
630 1927 673 1986 καί
691 1930 835 2007 ἀγαπητῶς
849 1924 891 1985 δέ·

114 2016 208 2087 ξασθαι
223 2016 271 2088 τὴν
287 2021 331 2075 τοῦ
346 2017 462 2094 πολέμου
477 2016 566 2088 λύσιν,
578 2019 619 2095 ἀφ’
634 2006 670 2083 οἷς
682 2014 712 2074 δν
732 2016 842 2093 γένηται
854 2012 892 2071 δι-

112 2106 205 2172 καίοις.
248 2102 283 2166 ‘0
296 2105 323 2164 δέ
338 2106 420 2183 δῆμος
435 2104 467 2164 τδι
481 2105 529 2181 μίν
543 2103 612 2163 ἄλλα
627 2111 673 2166 τοῦ
688 2102 891 2185 πρυὸυυλεύμα·

60 2213 87 2251 so
111 2217 155 2263 τος
168 2192 315 2275 έψηφίσατο
326 2193 406 2274 κύρια
418 2183 502 2267 εἶναι,
520 2192 568 2265 τὴν
583 2194 607 2252 δ’
619 2192 744 2253 ἀπόδοσιν
756 2196 809 2253 τῶν
822 2216 891 2274 χρη-

113 2283 205 2360 μάτων
228 2285 274 2343 αάκ
294 2283 436 2363 ἠνέσχετο,
451 2282 521 2341 ἀλλὰ
540 2282 668 2341 τάναντία
683 2282 762 2360 ἔγνω,
781 2282 843 2359 μήτ’
862 2284 892 2340 ἐκ

111 2375 163 2432 τῶν
177 2372 250 2437 ἰδίων
265 2371 327 2449 μήτ’
344 2373 374 2430 έκ
387 2374 439 2430 τῶν
456 2373 549 2431 κοινῶν
568 2378 621 2436 τοῖς
635 2370 794 2449 Ταρκυνίοις
810 2368 892 2446 μηδέν

114 2462 282 2532 ἀποδιδόναι,
296 2459 459 2540 πρεσὸευτθις
474 2457 500 2518 δέ
515 2458 689 2537 περὶτούτων
704 2458 768 2538 πρὸς
782 2457 892 2537 βασιλέα

114 2551 248 2629 Πορσίναν
273 2549 443 2625 ἀποστεῖλαι,
468 2545 559 2612 οίτινες
585 2544 739 2613 ἀξιώσουσιν
759 2545 837 2603 αὐτὸν
859 2543 893 2603 τίι

59 2654 86 2691 ao
115 2635 163 2713 μέν
180 2636 267 2715 ὁμηρα
282 2635 328 2694 καί
349 2635 397 2706 τὴν
413 2632 502 2714 χώραν
520 2631 702 2714 παραλαύείν,
714 2631 776 2712 περὶ
798 2632 825 2691 δέ
841 2633 893 2690 τῶν

117 2723 266 2805 χρημάτων
291 2723 368 2783 αθτὸν
390 2722 518 2793 δικαστὴν
535 2723 673 2799 γενόμενον
697 2717 852 2801 Ταρκυνίοις
864 2742 892 2778 τε

114 2812 160 2872 καί
175 2810 335 2889 Ῥωμαίοις,
354 2811 416 2870 ὁταν
437 2810 591 2892 ἀμφοτέρων
611 2809 729 2891 ἀκούσῃ,
749 2814 837 2890 κρῖναι
859 2807 893 2869 τθ

114 2899 204 2959 δίκαια
219 2899 380 2979 [δοκοῦντα]
399 2898 467 2976 μήτε
489 2899 580 2979 χάριτι
608 2897 671 2974 μήτ’
696 2897 778 2980 έχθρφ
791 2919 894 2979 παραχ-

114 2987 202 3051 θέντα.
247 2986 379 3066 Ἀπῇεσαν
396 2989 421 3047 σί
440 2986 574 3068 Τυρρηνοί
589 2984 636 3054 τάς
659 2984 811 3067 ἀποκρίσεις
826 2985 893 3046 ταύ-

61 3101 88 3139 so
113 3101 158 3145 τας
172 3075 236 3157 πρὸς
252 3074 363 3156 βασιλέα
386 3073 536 3152 κομίζοντες
549 3119 558 3148 ,
576 3074 622 3135 καί
636 3075 683 3135 σὺν
705 3077 793 3142 αὐτοῖς
805 3076 830 3135 οί
844 3098 892 3135 κα-

114 3161 284 3230 τασταθέντες
298 3161 350 3221 ὁπὸ
364 3166 410 3221 τοῦ
426 3159 512 3238 δήμου
528 3160 666 3240 πρέσῶιις,
682 3161 788 3239 ἄγοντες
799 3161 829 3219 έκ
840 3162 893 3225 τῶν

115 3252 227 3334 πρώτων
239 3254 329 3312 οίκιῶν
342 3249 425 3310 είκοσι
441 3250 552 3320 παῖδας,
565 3247 609 3316 οὸς
626 3247 679 3307 ἔδει
693 3248 754 3330 περὶ
768 3253 816 3322 τῆς
835 3272 891 3308 πα-

114 3341 201 3421 τρίδος
223 3343 386 3421 ὁμηρεῦσαι,
415 3342 469 3398 τῶν
491 3338 599 3398 ὑπάτων
620 3337 731 3418 πρῶτων
760 3337 794 3397 τδ
815 3338 893 3397 τέκνα

117 3429 276 3501 ἀπιδόντων,
292 3428 404 3510 Μάρκου
420 3427 469 3503 μέν
483 3425 609 3507 Ὁρατίου
627 3426 672 3485 τδν
685 3427 756 3501 υίὸν,
772 3427 893 3488 Ποπλίου

62 3537 88 3577 :ts
117 3517 144 3578 δέ
169 3516 315 3598 Οὐαλερίου
337 3519 385 3588 τὴν
409 3516 539 3597 θυγατέρα
562 3516 656 3595 γάμων
672 3513 786 3596 έχουσαν
809 3513 892 3590 ὥραν.

117 3604 294 3685 Ἀφικομένων
314 3604 455 3665 δίτούτων
476 3603 519 3665 ἀπὶ
532 3604 563 3664 τδ
586 3604 895 3683 στρατόπεδον,ἥσθητι

118 3696 132 3750 ὁ
160 3690 282 3772 βασιλεύς
306 3693 352 3771 καί
376 3690 463 3753 πολλδ
487 3691 545 3761 τοὺς
577 3691 727 3770 Ῥωμαίους
756 3692 895 3759 έπαινέσας

118 3779 217 3859 ἀνοχὰς
239 3780 377 3841 σπένδεται
399 3780 463 3863 πρδς
491 3780 583 3848 αύτούς
606 3782 642 3849 είς
668 3779 813 3860 ὡρισμένον
835 3779 895 3841 τινδ

117 3873 223 3950 ἡμερῶν
239 3870 364 3951 ἀριθμδν,
379 3869 425 3930 καί
438 3870 486 3943 τὴν
501 3871 576 3942 δίκην
591 3872 666 3937 αύτδς
681 3869 838 3949 ἀναδέχεται
857 3870 895 3929 δι-

62 3985 89 4022 ro
116 3960 215 4028 κάζειν.
259 3958 404 4042 Ταρκύνιοι
427 3960 452 4020 δ’
478 3960 592 4040 ἤχθοντο
613 3960 661 4037 μίν
694 3958 746 4018 aet
769 3958 896 4038 μειζόνων

116 4048 268 4115 έκπεσόντις
282 4048 410 4123 ἐλπίδων,
423 4048 454 4119 ἀς
466 4041 537 4129 εἶχον
551 4049 596 4110 ἀπὶ
608 4053 646 4129 τῷ
656 4051 776 4128 βασιλεῖ,
790 4073 892 4134 καταχ-

116 4140 191 4209 θῆναι
216 4135 334 4206 δόξαντες
355 4137 399 4197 έπί
415 4135 463 4209 τὴν
485 4137 570 4219 ἀρχὴν
589 4135 633 4195 ὁπ’
649 4136 760 4197 ἐκείνου·
777 4138 893 4220 στέργειν

116 4223 143 4285 δέ
154 4225 188 4284 rt
206 4225 316 4306 παρόντ’
331 4227 529 4305 ἠναγκάζοντο,
546 4226 592 4287 καί
607 4228 640 4287 τὰ
657 4227 780 4304 διδόμενα
800 4228 895 4308 δέχεσ-

116 4317 167 4375 θαι.
208 4312 385 4397 Ἀφικομένων
398 4313 422 4373 δ’
436 4316 472 4382 είς
492 4315 536 4374 τδν
553 4315 687 4397 ὁρισθέντα
700 4315 792 4398 χρόνον
805 4318 835 4378 έκ
849 4320 896 4391 τῆς

64 4423 89 4461 ιι
115 4404 216 4471 πόλεως
234 4407 287 4464 τῶν
313 4403 552 4483 ἀπολογησομένων
576 4403 625 4478 τὴν
649 4405 725 4481 δίκην
750 4407 828 4487 [καί]
842 4407 895 4468 ἀπδ

117 4495 163 4564 τῆς
186 4494 283 4573 βουλῆς
301 4496 353 4554 τῶν
367 4493 574 4574 πρισὸυτάτων,
587 4495 696 4565 καθίσας
713 4496 757 4557 ἀντὶ
779 4503 826 4557 τοῦ
843 4497 895 4578 βτί·

117 4603 199 4658 ματος
212 4587 227 4642 ὁ
244 4584 368 4662 βασιλεὺς
390 4580 460 4660 perd
474 4586 527 4644 τῶν
541 4580 623 4667 φίλων
641 4587 688 4646 καί
701 4585 745 4648 τὸν
760 4586 815 4647 ύιὸν
832 4611 895 4649 ουν-

116 4668 230 4738 δικάζιιν
244 4671 386 4748 κελεύσας,
402 4670 539 4732 ἀπέδωκεν
557 4674 644 4742 αὐτοῖς
658 4673 745 4755 λόγον.

158 4758 292 4820 ΧΧΧΙΙΙ.
314 4757 380 4821 Ἔτι
415 4759 443 4820 δέ
469 4765 517 4833 τῆς
540 4760 715 4841 δικαωλαγίας
745 4762 895 4840 γινομένης,

64 4873 91 4914 to
116 4835 168 4918 ἧκέ
185 4867 225 4912 ‘itt
250 4847 425 4929 ἀπαγγέλλων
452 4848 501 4924 τὴν
526 4849 612 4934 φυγλν
632 4854 684 4912 τῶν
711 4855 894 4932 ὁμηρευουσῶν

117 4932 266 5014 παρθένων.
311 4938 452 5017 dietatem
476 4939 528 5022 γάρ
552 4942 604 5000 τῶν
627 4943 825 5024 φυλαττόντων,
850 4940 894 5000 ἵνα

119 5025 328 5106 συγγωρήσωσιν
364 5028 455 5098 αθταῖς
491 5030 636 5090 λούσασθαι
671 5028 895 5112 παραγενομέναις

120 5114 156 5177 είι
169 5112 212 5172 τὸν
228 5113 367 5193 ποταμδν,
379 5116 470 5190 insedi
487 5117 517 5177 τδ
531 5118 686 5199 συγχύρημ*
701 5117 797 5177 bado
812 5123 895 5180 ἀποσ-

120 5203 197 5272 τῆναι
212 5203 306 5286 μικρὸν
322 5203 377 5266 seb
396 5209 443 5267 τοῦ
455 5211 580 5284 ποταμοῦ
595 5215 649 5276 τοῖς
664 5207 788 5287 ἀνδράσιν
806 5208 896 5268 ιίποῧ·

945 521 983 570 sia
1003 519 1101 584 minus,
1117 525 1162 584 ut,
1184 523 1270 575 saltem
1294 531 1415 591 quantum
1433 530 1486 581 fieri
1509 539 1606 597 posset,
1626 537 1722 603 Integre

945 625 1095 677 rusticorum
1107 625 1308 694 urbanorumque
1326 633 1420 697 predio
1432 634 1486 687 sire
1500 649 1515 686 a
1526 641 1720 708 possessoribus,

945 731 989 794 qui
1010 731 1042 782 tis
1061 731 1214 795 fruebantur,
1236 737 1357 800 conferri,
1377 739 1430 790 sire
1453 754 1482 791 er
1508 744 1595 794 aerario
1618 748 1722 810 persolvi

944 839 1053 893 mallent.
1086 843 1118 892 Et
1138 842 1192 894 brec
1213 844 1315 907 quidem
1342 860 1386 912 pro
1399 848 1509 902 inisstbi
1527 867 1587 904 vero
1600 870 1644 920 pro
1664 870 1722 920 pace

945 945 996 1009 peti
1016 945 1090 997 iussit
1105 948 1205 1013 Septem
1222 964 1313 1016 pagos,
1335 966 1398 1017 quos
1420 956 1455 1007 Ita
1479 962 1580 1020 rocunt3
1598 959 1639 1011 bic
1657 961 1724 1014 enim

946 1061 1004 1114 ager
1017 1049 1076 1101 olim
1095 1054 1256 1105 Etruscorum
1274 1056 1363 1118 tuerat,
1384 1058 1428 1109 sed
1448 1061 1552 1112 bomani
1569 1076 1627 1114 eum
1648 1065 1724 1118 armis

946 1160 1105 1218 occuparant,
1125 1158 1308 1220 possessoribus
1325 1161 1426 1223 eiectis;
1450 1168 1526 1231 utque
1537 1170 1639 1221 Romani
1653 1184 1724 1223 cons·

947 1267 1028 1316 tanter
1037 1265 1061 1314 in
1073 1267 1234 1317 Etruscorum
1249 1266 1357 1319 amicitia
1365 1279 1546 1338 permanerent,
1557 1277 1590 1327 ab
1600 1279 1649 1330 illm
1662 1280 1722 1333 libe·

948 1383 990 1420 ros
1013 1370 1222 1422 nobilissimorum
1255 1374 1404 1428 familiarum
1428 1392 1473 1444 pro
1501 1382 1602 1436 civitate
1624 1387 1724 1440 obsides

946 1475 1009 1527 dni.
1022 1495 1034 1520 tt

979 1552 1137 1626 xxx11.⁸ttbt
1151 1580 1233 1627 autem
1242 1581 1344 1632 tiomsm
1357 1582 1513 1639 devenissent
1524 1589 1607 1654 iegati,
1626 1597 1725 1645 sendus

949 1677 1073 1739 decrerit,
1088 1689 1120 1726 ex
1133 1676 1264 1741 Poplicola
1278 1681 1382 1734 alterius
1396 1689 1507 1740 consults
1520 1695 1656 1755 sententia,
1670 1709 1725 1747 orn·

949 1779 990 1829 nir
1014 1777 1148 1829 concedere
1170 1792 1327 1845 quaecunque
1348 1785 1468 1839 Etruscus
1488 1794 1644 1858 postulabat;
1667 1799 1727 1862 quia

949 1883 1105 1936 eristtmsbat
1118 1884 1215 1949 plebem
1228 1892 1255 1939 et
1268 1886 1415 1954 indigentem
1431 1894 1529 1947 turbam
1541 1913 1625 1950 rerum
1637 1901 1670 1951 ad
1687 1902 1726 1952 ri-

949 1997 1020 2046 ctum
1042 1994 1236 2072 necessariarum
1268 1997 1349 2062 inopia
1366 1997 1493 2063 laborem,
1519 2004 1545 2053 et
1565 2002 1726 2057 libentisstme

948 2111 1034 2163 pscenr
1047 2099 1235 2164 quibuscunque
1245 2098 1426 2153 condItionibns
1448 2107 1615 2167 accepturam.
1634 2107 1666 2156 Et
1679 2119 1726 2170 po-

948 2203 1023 2268 pules
1039 2204 1148 2269 reliquas
1159 2204 1260 2268 quidem
1277 2207 1361 2270 partes
1371 2209 1473 2258 senatus
1488 2208 1595 2259 consulti
1608 2213 1674 2262 ratas
1688 2212 1724 2262 te·

949 2306 998 2370 cit;
1017 2311 1044 2357 at
1057 2307 1139 2358 vetuit
1154 2320 1203 2358 non
1221 2306 1302 2358 solum
1319 2307 1383 2358 boos
1399 2309 1497 2360 restItoI
1511 2311 1668 2377 torquinus,
1683 2314 1726 2366 sed

950 2408 990 2458 rel
1012 2408 1144 2459 miniurum
1165 2413 1261 2474 partem
1285 2423 1385 2472 eorum,
1407 2411 1461 2462 stre
1490 2413 1647 2477 privatorum
1673 2416 1727 2469 sire

948 2511 1133 2571 communium,
1146 2510 1228 2572 reddi3
1246 2511 1278 2561 de
1298 2526 1406 2576 quorum
1417 2513 1528 2565 oesstone
1543 2519 1568 2565 et
1586 2516 1617 2566 de
1631 2516 1726 2567 obsidi-

948 2611 997 2663 bus
1012 2612 1083 2663 missi
1101 2612 1133 2663 ad
1151 2615 1286 2666 Personam
1303 2615 1378 2678 legati
1403 2629 1461 2665 cum
1488 2630 1546 2681 rege
1570 2616 1725 2682 conterrent;

951 2720 980 2768 ut
994 2716 1047 2780 ipse
1063 2714 1140 2766 iudex
1152 2716 1217 2768 inter
1234 2717 1383 2781 Tarquinios
1394 2722 1421 2769 et
1437 2721 1559 2770 Romanos
1577 2719 1727 2772 constitutus

952 2817 1063 2881 utrisque
1073 2816 1165 2869 auditis
1177 2817 1246 2881 quod
1262 2817 1358 2870 iustum
1372 2833 1427 2872 esse
1440 2819 1569 2873 rideretur
1582 2822 1726 2887 pronuntia·

951 2924 1003 2980 ret,
1016 2932 1096 2984 neque
1114 2920 1192 2982 gratis
1210 2934 1290 2984 neque
1305 2922 1362 2972 odio
1374 2922 1506 2988 impulsus.
1542 2926 1639 2977 Etrusci
1650 2925 1727 2991 Igitur

951 3023 1065 3074 abierunt
1076 3023 1132 3073 brec
1150 3035 1268 3088 respousa
1278 3022 1309 3073 ad
1323 3037 1407 3087 regern
1425 3028 1528 3078 terentes
1538 3066 1544 3091 ,
1555 3030 1580 3079 et
1596 3042 1653 3080 cum
1667 3030 1727 3095 ipsis

952 3125 1056 3190 profecti
1069 3127 1129 3176 snut
1145 3124 1231 3187 legati,
1246 3124 1290 3189 qul
1304 3138 1319 3177 a
1336 3127 1427 3192 populo
1439 3127 1538 3181 fuerant
1552 3130 1661 3196 decretl,
1678 3133 1725 3183 ad·

952 3230 1072 3282 ducentes
1087 3242 1120 3280 ex
1135 3229 1259 3294 primariis
1271 3229 1369 3281 familiis
1384 3231 1471 3297 viginti
1488 3247 1592 3298 pueros,
1605 3250 1669 3300 quos
1681 3250 1727 3300 pro

952 3335 1033 3399 patria
1044 3334 1144 3385 obsides
1157 3346 1213 3384 esse
1225 3333 1369 3398 oportebat,
1384 3339 1410 3386 et
1419 3337 1482 3387 inter
1497 3336 1590 3401 primos
1599 3339 1728 3391 consulum

952 3437 1045 3488 liberos
1057 3436 1134 3487 Marci
1147 3435 1243 3486 Horatii
1258 3436 1336 3487 titium
1351 3438 1378 3488 et
1388 3439 1416 3488 P.
1430 3439 1522 3491 valerii
1535 3440 1609 3491 iliam
1623 3441 1672 3491 ism
1683 3456 1728 3492 nn·

951 3541 1034 3592 bilem.
1069 3541 1150 3596 Quum
1169 3541 1252 3590 summ
1265 3539 1292 3589 tn
1310 3543 1391 3592 castra
1408 3542 1547 3606 reniment,
1568 3557 1611 3595 rea
1628 3545 1728 3597 lutatus

950 3640 1038 3694 multis
1047 3638 1162 3691 laudibus
1177 3642 1301 3692 Romanos
1314 3643 1419 3707 extulIt,
1442 3648 1468 3697 et
1478 3646 1590 3698 inducias
1605 3661 1663 3698 curu
1680 3648 1728 3700 illis

951 3742 1010 3795 tecit
1028 3742 1061 3792 ad
1075 3741 1171 3793 oertnm
1185 3753 1215 3792 ac
1234 3742 1403 3807 prostitutum
1420 3745 1516 3797 dierum
1533 3761 1680 3812 numerum,
1696 3746 1727 3798 il·

954 3846 1053 3911 linoque
1070 3847 1244 3899 controversia
1264 3846 1383 3899 iudicium
1403 3851 1503 3914 recepit.
1548 3854 1581 3900 At
1601 3850 1728 3916 Tarannii

951 3956 1108 4022 iniquissimo
1130 3953 1242 4006 terebant
1260 3953 1343 4006 animo
1363 3968 1390 4006 se
1411 3968 1501 4018 magns
1521 3968 1564 4020 spo
1581 3956 1727 4018 frustratos,

953 4074 1030 4127 quam
1043 4061 1071 4113 in
1086 4073 1145 4126 rege
1158 4059 1294 4124 ponebant3
1311 4059 1402 4124 quippe
1414 4059 1459 4125 qui
1475 4059 1646 4113 existimarant
1655 4075 1684 4113 so
1696 4062 1730 4121 ab

953 4167 998 4219 illo
1016 4167 1042 4218 iu
1053 4181 1155 4233 reguum
1168 4166 1312 4218 restitutum
1321 4165 1368 4216 iri:
1382 4169 1554 4219 verumtamen
1571 4167 1598 4218 tn
1609 4171 1726 4234 prasenti

955 4288 1031 4339 quem
1050 4274 1149 4327 torinna
1162 4275 1319 4340 acquiescere
1332 4275 1359 4325 et
1375 4271 1529 4325 coudItiones
1542 4272 1597 4325 illas
1616 4275 1728 4339 accipere

953 4379 1111 4443 cogebantur.
1146 4382 1229 4440 Quum
1249 4380 1331 4430 autern
1344 4376 1377 4428 ad
1390 4375 1557 4442 prmstItutam
1568 4376 1633 4427 diem
1644 4373 1726 4425 venis·

953 4481 1114 4535 sentexurbe
1121 4481 1154 4534 ad
1164 4495 1278 4534 caussam
1286 4480 1415 4532 dimndam
1422 4482 1541 4541 oratores,
1552 4475 1727 4530 securioribus

952 4590 1012 4641 natu
1020 4589 1131 4654 maximi,
1142 4603 1239 4654 rexpro
1247 4586 1362 4640 tribunali
1372 4599 1431 4637 cum
1440 4585 1528 4636 amicis
1536 4583 1634 4644 sedens,
1643 4584 1669 4632 ct
1680 4581 1726 4632 ba·

951 4689 1004 4742 bito
1012 4690 1087 4744 etiam
1095 4691 1131 4750 ,ed
1140 4691 1166 4742 ld
1179 4690 1297 4741 indicium
1309 4690 1368 4752 itio,
1383 4688 1481 4741 dicendi
1491 4686 1587 4752 coptam
1596 4684 1645 4736 iltis
1659 4681 1724 4734 tecit.

982 4796 1095 4849 xxxnt.
1113 4798 1179 4848 Dum
1189 4799 1271 4847 antun
1281 4793 1365 4845 adbuc
1374 4792 1431 4845 bac
1441 4807 1528 4844 caussa
1541 4786 1725 4854 dlscoptarctur,

949 4903 1132 4969 renItquldam
1151 4903 1196 4968 qut
1220 4901 1342 4953 nuntiavit
1366 4901 1466 4952 obsides
1489 4900 1596 4961 virgines
1625 4892 1725 4957 fugisse

951 5011 1036 5068 Quum
1046 5008 1111 5060 enim
1122 5007 1238 5060 custodes
1247 5008 1361 5074 precibus
1371 5006 1503 5066 adiissent,
1515 5006 1544 5056 ut
1554 5018 1582 5055 se
1592 5004 1619 5055 in
1627 5003 1727 5056 flumine

952 5113 1035 5164 tavers
1058 5113 1241 5177 permitterent,
1259 5112 1332 5175 idque
1350 5111 1534 5173 impetrassent,
1552 5113 1682 5176 rogarunt,
1698 5114 1727 5162 ut

953 5217 1072 5283 tantisper
1087 5230 1103 5267 a
1123 5216 1223 5268 flumine
1241 5215 1398 5277 recederent,
1412 5213 1491 5266 donec
1502 5229 1531 5268 se
1550 5217 1681 5272 lavissent.
1701 5216 1729 5273 et

899 5348 1327 5490 Ᾰ
