3772 5828
682 349 976 422 mittodltnldll
996 351 1144 412 Rolthh.
1168 352 1243 415 tlh.
1266 356 1290 413 Ι.
1752 361 1792 420 ss

183 479 296 542 Λεύκιον
310 478 457 559 Ταρκύνιον
474 480 652 552 Κολλατῖνον,
666 479 725 548 τοὺς
746 480 864 561 πρώτους
886 486 957 540 ότα-

184 570 328 634 τεύσαντας
347 570 374 626 ἐν
389 566 485 646 Ῥώμη
508 565 576 644 μετὰ
595 566 642 639 τλν
657 569 798 628 κατάλυσιν
813 572 865 626 τῶν
881 573 958 647 βασι-

186 661 268 733 λέων,
283 657 329 727 ἔτη
346 655 511 735 περιείληφεν
526 655 609 714 είκοσι
623 656 687 736 πρὸς
702 661 756 723 τοῖς
771 656 875 717 ἑκατόν.
892 663 950 729 Δη-

187 749 279 807 λσῦται
293 745 316 803 δ’
331 743 357 813 ἐξ
374 742 460 802 ἄλλων
481 766 510 801 τε
531 746 635 803 πολλῶν
654 747 699 804 καί
721 749 774 805 τῶν
790 744 959 820 καλουμένων

143 845 157 883 s
183 837 332 909 τιμητικῶν
357 832 568 907 ὑπομνημάτων,
590 831 606 889 δ
632 832 780 913 διαδέχεται
803 842 865 898 παῖς
887 832 960 910 παρά

185 923 286 1002 πατρὸς
306 921 351 980 καί
372 920 431 1000 περὶ
452 920 548 978 πολλοῦ
574 927 687 981 ποιεῖται
709 929 761 986 τοῖς
786 923 843 996 μεθ’
867 920 959 979 ἑαυτὸν

184 1008 320 1085 ἐσομένοις
333 1005 421 1086 ὥσπερ
435 1005 494 1087 lepis
519 1010 631 1089 πατρῷα
645 1007 827 1086 παραδιδόναι·
869 1007 961 1066 πολλοί

186 1099 211 1154 δ’
223 1096 288 1156 είσίν
303 1094 354 1153 άπδ
374 1098 426 1154 τῶν
445 1098 590 1169 τιμητικῶν
615 1094 692 1154 οίκων
714 1096 807 1175 ἄνδρες
825 1097 959 1176 ίπιρανεῖς

186 1189 211 1244 οἱ
229 1184 444 1265 διαφυλάττοντες
462 1183 536 1242 αύτά·
550 1186 576 1243 ἐν
592 1175 628 1251 οἷς
640 1184 752 1262 εὑρίσκω
769 1182 880 1264 δευτίρῳ
897 1183 961 1263 πρύ-

131 1285 156 1322 1⁰
186 1295 259 1348 τερον
282 1266 334 1329 ίτει
356 1276 403 1343 τῆς
418 1269 541 1338 ἁλώσεως
561 1272 668 1347 τίμησιν
689 1273 739 1331 ὑπὸ
760 1277 805 1330 τοῦ
817 1271 959 1347 Ῥωμαίων

187 1362 272 1438 δήμου
282 1361 440 1439 γενομένην,
450 1353 467 1439 ᾗ
478 1361 698 1440 παραγέγραπται
713 1362 831 1441 καθάπερ
845 1363 889 1421 καί
902 1363 959 1429 ταῖς

187 1451 279 1517 άλλαις
299 1453 389 1530 χρόνος
400 1440 484 1516 οἶτος·
503 1448 714 1516 «Ὑπατεύοντος
730 1450 843 1512 Λευκίου
857 1453 960 1511 Οὐαλε-

185 1564 198 1591 ι
216 1538 393 1618 ρίουΙΙοτίτου
403 1538 448 1596 καὶ
461 1542 486 1599 Τ
488 1538 542 1596 ίτου
555 1538 676 1598 Μαλλίου
688 1539 883 1612 Καπιτωλίνου,
892 1539 960 1615 μετά

186 1652 199 1678 ι
214 1625 263 1698 τὴν
280 1625 391 1696 ίκὸολὴν
407 1629 458 1683 τῶν
472 1624 600 1703 βασιλέων
618 1626 673 1692 ἑνός
690 1625 773 1684 δέοντι
793 1628 902 1707 εἰκοστῷ
914 1627 959 1686 καί

131 1742 155 1780 te
186 1743 199 1765 ι
216 1716 351 1793 ἑκατοστῷ
367 1713 428 1772 ἔτει.
447 1711 555 1772 ιὬστε
568 1712 615 1784 τὴν
628 1711 961 1795 hiltinisheimensis?

186 1801 298 1882 δευτίρῳ
311 1801 378 1878 μετά
392 1802 441 1874 τὴν
454 1801 561 1879 τίμησιν
577 1801 629 1861 ἔτει
637 1803 779 1883 γενομένην
795 1807 959 1885 εὑρίσκομεν,

189 1889 434 1968 ἐκπεπληρωμένων
443 1892 495 1947 τῶν
508 1888 590 1948 εἴκοσι
601 1891 645 1948 καὶ
656 1890 748 1950 ίκατδν
760 1892 960 1969 δτῶνγενίσδαι.

185 1983 220 2040 Ei
236 1980 262 2039 δὲ
277 1984 352 2038 τοῦτο
366 1979 396 2038 τδ
416 1979 548 2054 διάστημα
562 1983 607 2036 τοῦ
621 1979 715 2059 χρόνου
730 1977 861 2058 τριάκοντ’
877 1980 959 2054 ὀλυμ·

183 2069 285 2127 πιάδων
299 2067 448 2148 εὑρίσκεται
467 2066 622 2143 γενόμενον,
646 2067 747 2144 ἀνάγκη
768 2066 827 2131 τοὺς
841 2065 960 2146 πρώτους

128 2181 155 2217 ao
184 2155 385 2234 ἀποδειχθέντας
402 2154 515 2221 ὑπάτους
529 2155 667 2232 ὁμολογεῖν
682 2155 808 2234 ἄρχοντος
820 2154 958 2227 Ἀθήνησιν

183 2241 320 2320 Ἰσαγόρου
334 2241 525 2322 παρειληφέναι
545 2241 592 2311 τὴν
610 2240 710 2320 ἀρχὴν,
726 2242 795 2301 κατδι
809 2242 838 2300 τό
854 2246 958 2322 πρώτον

182 2332 238 2396 ἔτος
252 2334 298 2400 τῆς
317 2332 410 2407 ὀγδόης
432 2329 477 2387 καί
497 2330 637 2402 ἑξηκοστῆς
657 2331 824 2404 ὀλυμπιάδος,

223 2419 341 2479 LXXV.
352 2417 407 2478 Kal
421 2416 473 2494 μὴν
485 2418 538 2474 άπό
548 2440 578 2494 γε
589 2421 636 2487 τῆς
647 2415 756 2486 ἐκβολῆς
765 2422 817 2475 τῶν
831 2418 959 2494 βασιλέοιν

184 2507 231 2562 ἐπί
243 2505 287 2562 τδν
301 2508 405 2582 πρῶτον
416 2504 528 2582 ἄρξαντα
543 2509 590 2576 τῆς
601 2505 700 2570 πόλεως
714 2503 851 2580 Ῥωμύλον
866 2505 960 2563 duadi-

120 2627 149 2664 25,
186 2592 294 2657 δασδεὶς
308 2595 321 2648 δ
335 2592 426 2670 χρόνος
440 2591 485 2662 ἔτη
499 2591 611 2672 τίτταρα
626 2591 690 2671 πρδς
705 2591 896 2670 τετταράκοντα
913 2595 957 2653 καί

190 2677 331 2743 διακοσίοις
346 2680 478 2739 ἀποτελεῖ.
497 2682 519 2739 Γ
520 2677 655 2758 νωρίζεται
667 2679 693 2738 δὲ
708 2684 784 2739 τοῦτο
796 2684 853 2748 ταῖς
868 2683 956 2742 διαδο·

177 2764 248 2843 χαῖς
270 2767 321 2822 τῶν
334 2765 463 2844 βασιλέων
476 2765 521 2826 καί
535 2775 589 2834 τοῖς
602 2765 684 2824 ἔτεσιν
705 2757 743 2835 οἷς
757 2764 864 2828 ἕκαστον
877 2770 960 2831 κατί-

180 2873 249 2929 σχον
259 2851 306 2922 τήν
315 2852 412 2932 ἀρχήν.
428 2853 563 2932 Ῥωμύλος
576 2852 623 2932 μὲν
634 2853 685 2935 γάρ
696 2857 711 2913 ὁ
723 2854 813 2924 κτίσας
826 2855 875 2928 τὴν
883 2858 959 2918 πάλιν

181 2939 251 2998 emt
266 2942 312 2998 καί
334 2941 463 3021 τριάκοντ’
481 2945 526 3016 ἔτη
546 2943 650 3022 λέγεται
665 2953 806 3024 κατασχεῖν
820 2945 869 3019 rip
884 2947 959 3006 δυνα·

122 3062 148 3098 3,
182 3028 281 3089 στείαν·
296 3029 363 3104 μετά
376 3029 405 3088 δὲ
416 3031 458 3090 τὸν
471 3031 612 3108 Ῥωμύλου
629 3033 737 3092 θάνατον
755 3033 926 3102 ἀβασίλευτος
942 3041 958 3108 ἡ

180 3117 257 3181 πόλις
277 3117 396 3194 γενέσθαι
415 3119 505 3199 χρόνον
526 3120 663 3180 ἐνιαύσιον.
721 3120 836 3182 Ἔπειτα
861 3124 955 3200 Νόμας

181 3205 331 3278 Πομπίλιος
347 3209 456 3286 αίρεδελς
479 3208 529 3267 ὑπὸ
552 3212 598 3268 τοῦ
612 3209 696 3286 δήμου
716 3209 776 3291 τρία
798 3211 842 3269 καί
861 3234 954 3270 τεττα-

183 3294 288 3369 ράκοντ’
303 3292 348 3364 ίτη
364 3297 528 3373 βασιλεῦσαι.
581 3297 683 3363 Τάλλος
697 3299 725 3356 δὲ
741 3296 874 3367 Ὁστίλιος
889 3298 957 3376 μετά

183 3378 277 3456 Νόμαν
290 3380 336 3439 δύο
346 3382 391 3439 καί
402 3384 552 3464 τριάκοντα.
567 3383 602 3445 Ὁ
614 3385 635 3442 δ’
650 3385 694 3444 ἐπὶ
705 3384 789 3466 τούτῳ
800 3387 956 3464 βασιλεύσας

127 3502 152 3539 ,η
181 3463 278 3543 Ἄγκος
292 3468 410 3546 Μάρκιος
424 3471 536 3552 τέτταρα
552 3471 616 3550 πρὸς
633 3480 687 3539 τοῖς
701 3470 791 3535 είκοσι.
836 3473 913 3534 Μετὰ
929 3473 957 3534 δὲ

183 3555 301 3631 Μάρκιον
327 3557 437 3624 Λεύκιος
462 3559 625 3638 Ταρκύνιος,
653 3564 667 3619 δ
692 3562 796 3633 κληθεὶς
820 3562 956 3639 Πρίσκος,

183 3639 252 3698 ὀκτὼ
264 3642 309 3700 καί
323 3643 474 3722 τριάκοντα.
486 3650 586 3707 Τοῦτον
601 3647 626 3706 δί
638 3647 818 3724 διαδεξάμενος
836 3649 959 3726 Σερούϊος

181 3728 294 3798 Τύλλιος
319 3734 512 3814 τετταράκοντα
533 3736 579 3793 καί
600 3735 723 3814 τέτταρα.
786 3736 917 3816 Σιρούῖονζ
934 3738 957 3796 δ’

182 3818 283 3878 ἀνελὼν
300 3821 409 3888 Λεύκιος
421 3824 594 3902 Ταρκύνιοςό
612 3823 777 3904 τυραννικός,
788 3827 834 3884 καὶ
849 3824 892 3885 δεδι
907 3827 955 3897 τὴν

126 3926 154 3964 νο
180 3910 228 3964 τοῦ
252 3907 352 3966 δικαίου
371 3909 513 3991 ὑπεροψίαν
533 3912 638 3983 κληθεὶς
662 3910 833 3992 Σούπερόος,
855 3913 904 3980 ἕως
920 3917 957 3973 εί·

179 3998 276 4053 somn
289 3995 334 4055 καί
347 3995 468 4074 πίμπτου
483 3995 641 4078 π’ροαγοιγεῑν
656 3999 704 4072 τὴν
720 3998 816 4081 ἀρχήν.
854 4003 956 4063 Τεκτά-

181 4103 233 4161 ρων
257 4081 285 4140 δὲ
306 4084 353 4143 καί
366 4088 557 4166 τετταράκοντα
575 4088 620 4146 καί
635 4088 774 4147 διακοσίων
788 4091 955 4171 ἀναπληρου-

180 4169 268 4244 μίνων
290 4171 368 4245 ἐτῶν,
383 4174 401 4232 δ
414 4175 543 4255 κατέσχον
558 4181 582 4236 οἱ
597 4178 730 4255 βασιλεῖς,
745 4178 912 4252 ὀλυμπιάδων
928 4181 954 4238 δὲ

180 4266 243 4332 μιᾶς
253 4257 299 4317 καί
313 4257 455 4337 tilenses,
467 4265 532 4323 πᾶα*
544 4265 646 4344 ἀνάγκη
659 4263 702 4323 τὸν
721 4268 824 4344 πρῶτον
839 4265 954 4344 ἄρξαντα

129 4364 152 4400 ⁶⁵
179 4350 227 4416 ‘tlt
237 4345 339 4414 πολεων
352 4347 491 4426 Ῥωμύλον
505 4350 557 4411 ἔτει
568 4352 666 4432 πρώτῳ
677 4355 724 4423 τῆς
737 4351 853 4425 ἕόδύμητ
867 4355 950 4430 diop-

179 4433 274 4499 πιάδος
287 4438 476 4517 παρειληρίναι
495 4439 543 4510 τὴν
563 4440 719 4521 βασιλείαν,
735 4441 858 4520 άρχοντος
871 4441 953 4514 Ἀθή-

180 4543 242 4594 νησι
264 4526 312 4594 τῆς
332 4520 468 4595 δεκαετίας
489 4527 612 4611 Χάροπος
629 4528 686 4595 ἔτος
706 4531 821 4606 πρῶτον.
864 4531 951 4590 Τοῦτο

176 4606 257 4688 γάρὸ
272 4610 397 4689 λογισμὸς
410 4617 461 4672 τῶν
480 4617 543 4674 ίτῶν
558 4617 675 4676 ἀπαιτεῖ.
717 4613 783 4675 Ὀτι
800 4616 827 4676 δὲ
844 4617 951 4678 τοσαῦθ’

176 4694 287 4762 immor
301 4703 353 4757 τῶν
373 4701 504 4779 βασιλέων
523 4692 598 4782 ἧρξεν
613 4703 658 4775 ἔτη
680 4704 712 4761 δι’
729 4704 826 4763 ἐκείνου
841 4706 952 4777 δεδήλω-

128 4808 152 4848 εο
175 4783 220 4842 ταί
234 4809 281 4862 μοι
295 4789 443 4867 τοῦλόγου.
471 4793 497 4850 Τ
498 4788 515 4847 ά
530 4789 577 4868 μίν
589 4790 620 4861 δὴ
636 4791 696 4871 περί
710 4796 756 4850 τοῦ
771 4792 875 4872 χρόνου,
891 4790 952 4850 καθ’

177 4872 205 4932 δν
220 4877 295 4946 ἡνῦν
308 4879 498 4939 δυναστεύουσα
512 4880 585 4947 πόλις
597 4881 707 4961 ᾠκίσθη,
717 4883 770 4949 τοῖς
783 4905 811 4941 τε
820 4881 871 4961 πρδ
887 4883 951 4957 ἐμοῦ

175 4959 325 5036 γενομίνοις
347 4966 471 5043 είρημίνα
497 4970 578 5043 κεἰμοί
603 4971 727 5029 δοκοῦντα
749 4969 831 5028 τοιάδ’
864 4969 945 5028 ίστίν.

175 5049 303 5108 οίκισταί
318 5050 343 5109 δ’
351 5055 430 5125 αὐτῆς
448 5053 539 5121 οἵτινες
559 5047 627 5127 ἦσαν
643 5057 688 5114 καί
711 5057 764 5115 τίσι
778 5057 870 5135 τύχαις
885 5080 950 5136 χρη-

175 5134 286 5213 σάμενοι
296 5138 345 5210 τλν
356 5141 478 5201 ἀποικίαν
492 5141 630 5220 ἔστειλαν,
641 5146 691 5204 δσα
703 5149 727 5203 τ’
748 5147 816 5204 άλλα
829 5144 889 5224 περί
903 5144 948 5215 τὴν

1013 493 1055 556 qui
1068 495 1151 543 ltomae
1173 494 1327 543 consulatum
1349 494 1421 557 primi
1443 497 1572 557 gesserunt
1592 499 1648 559 post
1671 498 1793 548 sublatam

1013 608 1097 657 regum
1117 594 1321 656 dominationem,
1342 597 1441 644 contum
1463 598 1489 644 et
1508 595 1594 657 viginti
1619 609 1695 647 annos
1726 613 1792 649 com·

1012 696 1136 761 plectitur.
1168 698 1222 747 lloc
1234 701 1319 747 autem
1338 710 1394 746 cum
1404 710 1436 749 εκ
1448 696 1502 746 aliis
1516 698 1602 747 multis
1613 703 1723 762 apparet.
1736 704 1790 751 tum

1014 798 1087 847 etiam
1106 811 1138 847 ex
1158 797 1340 847 commentarhs
1358 798 1497 858 censoriis,
1520 813 1583 862 quos
1599 800 1639 848 tilii
1655 814 1668 849 a
1682 801 1794 863 patribus
1815 786 1824 899 β

1013 899 1145 962 accipiunt,
1162 902 1187 950 et
1202 900 1310 949 muima
1324 913 1383 950 cura
1394 901 1500 964 posteris
1519 905 1638 966 tanquam
1652 916 1724 952 sacra
1743 917 1790 967 pa-
1823 946 1826 950 Α

1013 1005 1083 1052 terna
1095 1002 1192 1053 tradere
1208 1003 1295 1053 solent.
1321 1003 1393 1053 Multi
1405 1006 1487 1054 autem
1502 1010 1561 1055 sunt
1572 1005 1681 1057 illustres
1700 1008 1748 1058 riri
1765 1021 1795 1058 ex

1014 1099 1131 1149 cernoriis
1145 1099 1243 1149 familiis
1263 1100 1307 1164 qni
1324 1100 1372 1151 boc
1387 1101 1515 1163 diligenter
1525 1107 1625 1155 servent
1642 1105 1687 1154 :in
1702 1104 1794 1168 quibus

1014 1200 1112 1252 invenio
1120 1201 1217 1252 duobus
1230 1203 1301 1252 annm
1312 1204 1369 1253 ante
1381 1205 1479 1266 captam
1495 1203 1582 1253 urbem
1592 1217 1694 1255 censum
1708 1200 1806 1269 populi

1014 1303 1115 1355 domani
1135 1302 1262 1364 habitum,
1282 1301 1338 1363 cui,
1352 1303 1561 1366 quemadmodum
1574 1310 1601 1355 et
1619 1307 1673 1357 aliis
1688 1307 1786 1369 lustris,

1015 1411 1111 1470 tompus
1134 1410 1172 1455 est
1197 1405 1364 1469 adscriptum,
1403 1425 1416 1449 c
1433 1406 1508 1456 Lucio
1536 1408 1635 1458 Valerio
1660 1411 1741 1462 Potito
1765 1413 1792 1462 et

1015 1529 1027 1553 t
1043 1508 1099 1565 Tito
1112 1507 1202 1557 Manlio
1215 1508 1352 1572 Capitolino
1364 1509 1514 1570 consulibus,
1531 1513 1586 1574 post
1598 1513 1714 1576 expulsos
1725 1528 1795 1577 reges

1016 1627 1028 1649 a
1042 1618 1106 1655 anno
1115 1605 1250 1655 contesimo
1266 1605 1475 1670 undevigesimo.»
1486 1611 1568 1666 Quare
1584 1610 1711 1661 Gallorum
1719 1625 1794 1677 expe-

1014 1705 1145 1764 ditionem,
1154 1716 1229 1766 quam
1243 1716 1306 1753 anno
1319 1709 1374 1767 post
1386 1718 1486 1754 censum
1498 1705 1610 1756 habitum
1617 1710 1727 1760 secundo
1740 1712 1793 1762 lec-

1015 1809 1066 1855 tam
1080 1804 1259 1868 comperimus,
1272 1806 1372 1853 centum
1386 1806 1411 1853 et
1420 1804 1506 1866 viginti
1516 1805 1587 1855 annis
1596 1806 1718 1858 absolutis
1732 1811 1796 1860 acci·

1014 1909 1081 1959 disse
1095 1908 1199 1957 constat.
1244 1909 1279 1955 hc
1296 1905 1315 1954 si
1336 1905 1382 1954 hoc
1397 1907 1514 1969 temporis
1527 1908 1634 1972 spatium
1650 1924 1701 1960 xxx
1711 1913 1791 1974 olym·

1018 2014 1103 2080 piadas
1119 2013 1240 2064 conficere
1264 2015 1373 2073 constat,
1396 2026 1494 2063 neoesse
1517 2018 1555 2065 est
1575 2016 1659 2077 interl,
1679 2032 1736 2081 eos,
1751 2021 1794 2084 qut

1014 2117 1088 2184 primi
1107 2118 1192 2166 ltomae
1212 2114 1325 2163 consules
1338 2116 1423 2164 menti
1436 2116 1549 2178 luerunt,
1566 2119 1736 2182 magistratum
1754 2123 1793 2172 in·

1014 2220 1073 2271 iisse
1085 2218 1201 2269 archonte
1219 2214 1323 2266 amonis
1333 2217 1446 2280 lsegors,
1461 2232 1528 2268 anno
1539 2222 1619 2283 primo
1632 2226 1792 2287 sexagesima

1013 2327 1108 2375 oemvae
1117 2323 1269 2388 olympiadis.

1044 2440 1138 2489 Lxxv.
1157 2439 1182 2490 Si
1195 2446 1278 2490 autern
1292 2441 1375 2489 indea
1392 2438 1490 2502 regibus
1498 2437 1607 2501 expulsis
1619 2436 1650 2487 ad
1661 2440 1795 2490 Romulum

1013 2538 1119 2601 primum
1139 2539 1304 2588 homanorum
1329 2549 1411 2598 regem
1431 2538 1528 2598 tempus
1543 2537 1681 2594 revocetur,
1700 2535 1726 2586 id
1748 2548 1793 2585 an·

1013 2649 1100 2686 norum
1118 2648 1201 2685 ccrerr
1220 2648 1342 2685 summam
1356 2632 1468 2683 conficiet
1485 2648 1490 2677 ι
1510 2632 1577 2696 quod
1593 2636 1662 2696 patet
1681 2646 1710 2683 ex
1733 2633 1793 2697 ipsis

1013 2747 1098 2805 regum
1116 2732 1313 2791 successionibus
1325 2736 1350 2781 et
1362 2746 1393 2781 ex
1407 2730 1477 2780 anuis
1494 2730 1586 2793 quibus
1612 2744 1697 2780 eorum
1713 2745 1791 2780 unus-

967 2843 970 2847 ·
1013 2830 1117 2894 qouque
1137 2843 1238 2894 regnum
1254 2829 1367 2880 obtinuit.
1382 2826 1502 2879 Romulus
1520 2827 1585 2878 enim
1597 2828 1665 2878 urbis
1680 2828 1793 2878 eonditor

1014 2929 1113 2992 triginta
1128 2932 1154 2978 et
1170 2931 1264 2991 septem
1283 2941 1359 2976 annos
1375 2939 1476 2988 regnum
1492 2926 1601 2976 tenuisse
1612 2925 1717 2975 dicitur:
1737 2928 1793 2990 post

1013 3025 1110 3075 tlomuli
1123 3038 1182 3076 rero
1197 3027 1303 3074 mortem
1317 3027 1401 3073 homae
1412 3036 1455 3087 per
1467 3023 1587 3086 integrum
1608 3035 1699 3071 annum
1711 3022 1790 3095 inter·

1014 3136 1116 3186 regnum
1134 3121 1209 3172 tuisse
1220 3121 1305 3170 tertur.
1338 3118 1432 3169 Deinde
1452 3121 1533 3169 Nursia
1546 3118 1689 3182 Pompilius,
1706 3117 1792 3181 populi

1013 3219 1138 3280 suffragiis
1155 3230 1199 3266 rex
1214 3217 1327 3276 creatus,
1339 3216 1501 3279 quadraginta
1516 3219 1567 3267 tres
1579 3229 1656 3266 annos
1675 3228 1790 3279 regnasse

1013 3314 1110 3366 dicitur.
1156 3313 1242 3363 'rullus
1262 3327 1322 3364 vero
1349 3313 1470 3364 Hostilius
1491 3315 1671 3378 posthumam
1705 3326 1786 3363 xaxn.

1011 3415 1072 3462 Post
1081 3425 1138 3460 enm
1147 3416 1230 3463 Ancus
1240 3409 1348 3460 Marcius
1359 3410 1470 3473 regnarit
1484 3424 1555 3460 xxrv.
1590 3412 1649 3459 Post
1666 3408 1787 3459 Marcium

1012 3510 1101 3559 Lucius
1119 3508 1281 3570 Tarquinius,
1297 3510 1458 3571 cognomento
1478 3508 1590 3565 Priscus,
1612 3519 1720 3556 xxxurn.
1754 3508 1786 3556 Et

1013 3604 1112 3656 Servius
1122 3605 1233 3667 Tullius,
1251 3605 1294 3668 qui
1307 3605 1330 3656 ei
1349 3605 1482 3666 successit,
1495 3618 1563 3655 κειν.
1577 3608 1609 3654 ht
1620 3604 1712 3655 Lucius
1725 3606 1789 3654 Tar-

1011 3701 1125 3766 quinius,
1146 3701 1220 3752 homo
1237 3703 1395 3766 tyrannicus,
1415 3705 1459 3768 qui
1480 3705 1583 3768 propter
1602 3702 1664 3753 iuris
1679 3705 1787 3753 contem·

1011 3800 1119 3864 ptionem
1144 3798 1268 3863 superbus
1281 3799 1384 3851 uocatus
1405 3804 1451 3862 est,
1468 3801 1553 3851 Servio
1582 3801 1680 3851 sublato
1700 3801 1733 3851 ad
1746 3816 1789 3851 an·

1010 3911 1069 3948 num
1077 3910 1155 3960 usquo
1163 3896 1306 3947 vicesimum
1317 3898 1430 3960 quintum
1444 3912 1557 3961 regnasse
1569 3897 1666 3948 dicitur.
1681 3898 1785 3948 donteo

1012 3995 1044 4045 tis
1058 3995 1131 4059 igitur
1146 4008 1241 4045 cesam
1255 3996 1334 4055 annis,
1347 4009 1409 4058 quos
1426 4010 1495 4062 regas
1509 3999 1649 4059 regnarunt,
1668 4001 1693 4044 et
1706 3995 1786 4057 ohan-

1009 4093 1122 4157 piadibus
1137 4107 1194 4154 uxr,
1207 4094 1307 4143 omnino
1319 4107 1418 4143 necesse
1428 4102 1466 4142 cst
1474 4092 1603 4143 hornutum
1612 4093 1721 4156 prhnum
1733 4097 1784 4144 Ro-

1009 4204 1138 4241 manorum
1154 4204 1236 4254 regem
1248 4189 1327 4253 primo
1336 4190 1448 4252 septimas
1455 4189 1601 4253 olympiadis
1608 4205 1671 4241 anno
1683 4205 1785 4255 regnum

1008 4287 1163 4351 auspicatum
1191 4299 1261 4348 esse,
1278 4285 1396 4336 archonte
1419 4287 1521 4336 Athenis
1545 4288 1673 4352 Charops,
1704 4289 1784 4353 primo

1008 4384 1104 4449 imperii
1125 4383 1263 4436 decennalis
1291 4397 1361 4434 anno.
1404 4386 1458 4435 Hoc
1481 4385 1545 4435 enim
1567 4400 1687 4435 annorum
1717 4397 1783 4434 com-

1008 4477 1082 4536 putus
1094 4473 1211 4537 postulat.
1247 4475 1450 4535 unumquemque
1465 4475 1547 4522 autem
1562 4487 1648 4537 regum
1661 4475 1698 4524 tot
1707 4486 1783 4523 annos

1007 4584 1133 4635 regnasse,
1147 4570 1285 4636 expositum
1303 4574 1341 4620 est
1358 4571 1384 4622 in
1399 4570 1442 4622 illo
1460 4571 1529 4622 libro.
1563 4575 1623 4622 Haec
1634 4572 1709 4634 igitur
1725 4574 1783 4620 sunt

1006 4683 1062 4732 quae
1074 4668 1106 4718 de
1119 4671 1228 4731 tempore
1240 4681 1290 4731 quo
1301 4668 1367 4729 urbs,
1382 4681 1438 4731 qum
1450 4683 1515 4720 nnnc
1526 4672 1566 4719 est
1576 4682 1661 4719 rerum
1671 4667 1779 4726 domina,

1005 4766 1102 4817 condita
1120 4763 1201 4824 buerit,
1215 4764 1370 4816 tradidemnt
1380 4767 1513 4830 scriptores
1525 4766 1567 4829 qui
1585 4780 1664 4815 meam
1680 4766 1779 4814 etatem

1004 4865 1202 4920 antecesserunt,
1214 4874 1318 4925 quaque
1329 4861 1390 4912 mihi
1402 4875 1499 4925 qunque
1509 4861 1560 4910 risa
1573 4864 1637 4910 sunt.
1673 4859 1778 4916 Quinam

1004 4973 1062 5010 vero
1073 4959 1162 5008 tuerint
1173 4959 1228 5010 eins
1239 4959 1387 5020 conditores,
1400 4961 1426 5010 et
1437 4959 1525 5021 quihus
1538 4957 1586 5006 acti
1599 4955 1697 5005 casibus
1710 4957 1778 5007 colo·

1003 5055 1067 5105 niam
1074 5053 1235 5114 detexerint,
1246 5059 1272 5105 et
1279 5068 1441 5118 quacumque
1450 5054 1505 5112 alia,
1515 5050 1703 5116 dnmcouditur,
1715 5055 1778 5106 acci·

1003 5152 1068 5202 disse
1080 5155 1217 5211 narrantur,
1227 5151 1298 5201 rnulti
1311 5152 1358 5200 iarn
1369 5151 1494 5209 dixerunt,
1508 5150 1534 5199 ot
1542 5148 1652 5199 nonnulli
1664 5165 1713 5204 non
1725 5155 1778 5204 sino
