3772 5828
609 353 901 428 ANTIQUITATUM
924 358 1069 423 leontis.
1096 365 1170 426 LlB.
1195 369 1228 427 il.

120 490 227 567 κρατεῖ,
245 491 278 567 τῆ
291 487 313 544 δ’
326 485 451 565 εὐωνύμῳ
465 485 571 566 κατέχει
594 487 693 557 πέλτην
712 490 849 567 θριγκίον·
875 495 891 559 ἠ

121 574 144 634 δ’
167 575 222 635 ε’στί
237 574 383 655 ρομῦοειδεὶ
407 576 489 653 θυρεῷ
513 573 671 654 στενωτέρας
685 574 773 653 ἔχοντι
787 575 832 642 τδς
848 577 893 634 λα·

118 662 196 739 γόνας
212 661 338 742 ἐμρερὴς,
362 659 417 728 οἵας
438 661 560 740 λέγονται
577 660 664 742 ρίρειν
686 665 709 721 el
730 660 762 720 τά
788 665 892 743 Κουρή-

116 774 167 809 των
187 752 253 830 παρ’
273 747 407 821 Ἕλλησιν
433 751 611 816 ἐπιτελοῦντες
634 749 702 827 ίεροί.
747 751 803 812 Καί
826 754 891 811 είσιν

116 841 140 896 oi
168 839 265 899 Σαλιοι
287 839 355 897 κατὰ
371 843 434 914 γοῦν
451 837 501 908 τὴν
527 837 594 916 ἐμὴν
616 837 724 915 γνώμην
743 837 892 921 Ἑλληνικῷ

118 925 367 1006 μεθερμηνευθέντες
384 926 494 1002 ὀνόματι
510 927 655 1008 Κούρητες,
679 928 723 1001 ὑφ’
746 931 821 1002 ἡμῶν
844 925 891 1005 μίν

117 1014 163 1072 toi
184 1018 231 1085 τῆς
251 1017 354 1088 ἡλικίας
373 1013 456 1082 otro<
471 1015 654 1093 ὠνομασμένοι
672 1013 746 1096 παρδι
758 1015 817 1082 τοὺς
830 1018 891 1077 κού·

119 1123 192 1178 ρους,
211 1101 261 1159 ὑπὸ
278 1101 304 1160 δέ
319 1099 462 1179 Ῥωμαίων
480 1101 523 1160 ἐπί
545 1106 590 1172 τῆς
605 1102 729 1162 συντόνου
749 1104 890 1174 κινήσεως·

117 1189 147 1247 ἰδ
169 1188 219 1268 γδρ
233 1187 386 1257 ἐξάλλεσθαί
406 1213 435 1248 τε
461 1190 505 1249 καί
527 1191 614 1261 πηδᾶν
635 1192 726 1270 σαλῖρε
741 1190 785 1249 ὑπ’
806 1194 891 1251 αὐτῶν

117 1276 232 1356 λέγεται.
274 1275 338 1338 ’Λπδ
354 1277 381 1338 δὲ
397 1284 444 1350 τῆς
470 1278 649 1350 αὖτῆςαίτίας
666 1280 783 1346 καὶτοὺς
798 1280 891 1349 ἄλλους

118 1364 236 1433 ἅπαντας
247 1365 394 1446 ὀρχηστάς,
410 1368 466 1425 lusi
489 1371 538 1425 κάν
560 1365 660 1433 τούτοις
678 1367 745 1426 πολὺ
763 1368 793 1425 τδ
817 1367 891 1445 ἅλμα

114 1453 159 1512 καί
181 1454 307 1533 σκίρτημ’
333 1454 430 1526 ἔνεστι,
453 1455 615 1535 παράγοντες
635 1455 689 1513 ἀπὸ
713 1459 765 1513 τῶν
784 1457 890 1514 Σαλίων

114 1539 227 1616 τοῦνομα
246 1543 420 1621 σαλτάτωρας
438 1545 575 1602 καλοῦσιν.
619 1545 654 1603 Ei
681 1544 705 1600 δ’
722 1545 801 1620 ὀρθῶς
816 1543 889 1603 ὑπεί-

115 1629 185 1708 ληρσι
206 1627 305 1699 ταύτην
326 1630 413 1694 αθτοῖς
430 1628 477 1700 τῆν
498 1628 676 1711 προσηγορίαν
692 1626 839 1704 ἀποδιδοὺς,
861 1629 890 1687 ίκ

75 1764 80 1776 .
116 1718 168 1774 τῶν
186 1715 347 1793 γιγνομένων
363 1717 408 1776 ὑπ’
433 1718 516 1775 αὐτῶν
536 1721 551 1775 δ
572 1717 726 1795 βουλόμενος
746 1714 887 1790 συμόαλεῑ.

118 1807 259 1864 Κινοῦνται
283 1803 334 1884 γδρ
355 1804 418 1887 πρὸς
437 1804 514 1864 αῦλδν
535 1808 561 1864 έν
584 1807 674 1885 ῥυθμῷ
696 1803 743 1869 τὰς
758 1803 889 1872 ἐνοπλίους

113 1891 245 1962 κινήσεις,
270 1892 328 1950 τοτὲ
349 1892 397 1964 μὲν
420 1896 503 1969 ὁμοῦ,
527 1892 587 1952 τοτί
611 1893 638 1951 δὲ
665 1890 818 1973 παραλλάξ,
842 1893 889 1952 καὶ

114 1979 240 2059 πατρίους
264 1980 334 2047 τινδις
352 1980 446 2057 θμνους
467 1981 571 2063 ᾅδουσιν
601 1981 657 2056 ἅμα
680 1988 738 2045 ταῖς
760 1980 886 2060 χορείαις.

114 2067 230 2147 Χορείαν
250 2068 277 2127 δέ
306 2068 351 2130 καί
371 2070 474 2140 κίνησιν
499 2069 617 2129 ίνόπλιον
643 2068 688 2127 καί
710 2069 754 2128 τδν
773 2072 799 2128 ἐν
830 2070 888 2136 ταῖς

60 2183 65 2193 ·
113 2155 220 2214 ἀσπίσιν
244 2157 451 2233 ἀποτελούμενον
465 2157 516 2216 ῦπδ
539 2161 591 2214 τῶν
611 2156 772 2236 ἐγχειριδίων
792 2155 887 2238 ψόρον,

111 2244 135 2303 εί
152 2270 178 2304 τι
204 2248 244 2304 δεῖ
260 2256 313 2314 τοῖς
338 2247 460 2325 ἀρχαίοις
474 2249 681 2322 τεκμηριοῦσθαι
695 2244 797 2321 λόγοις,
819 2246 888 2304 Κού-

112 2357 185 2412 ρητες
213 2326 280 2403 ῆσαν
310 2339 333 2393 οἱ
360 2338 461 2411 πρῶτοι
484 2333 725 2407 καταστησάμενοι.
777 2331 830 2390 Τδν
861 2331 888 2390 δὲ

109 2420 169 2498 περί
181 2425 266 2479 αὐτῶν
285 2427 367 2497 μῦθον
384 2420 457 2479 οὐδέν
480 2420 573 2497 δέομαι
592 2421 657 2499 πρὸς
682 2419 781 2484 εἰδότας
801 2420 888 2493 ὀλίγου

108 2509 161 2565 δεῖν
177 2511 276 2574 πάντας
293 2509 414 2586 γράφειν.

70 2613 82 2646 f»
151 2597 253 2656 LXXI.
277 2596 325 2656 Ἐν
348 2595 376 2654 δὲ
405 2600 461 2662 ταῖς
487 2594 612 2666 πέλταις,
632 2595 661 2660 ἃς
690 2594 716 2653 οί
741 2618 769 2652 τε
798 2596 888 2654 Σάλιοι

110 2686 234 2760 φοροῦσι,
254 2682 300 2739 καὶ
322 2682 353 2748 ἃς
381 2679 509 2762 ὑπηρέται
533 2683 600 2748 τινές
628 2683 713 2738 αὐτῶν
739 2682 888 2760 ἠρτημένας

109 2773 163 2830 ἀπὸ
187 2769 302 2828 κανόνων
323 2770 476 2848 κομίζουσι,
500 2771 609 2836 πολλαῖς
634 2771 700 2829 πάνυ
714 2767 803 2835 ούσαις
825 2769 887 2845 μίαν

108 2850 175 2917 ε’ίναι
206 2858 311 2937 λέγουσι
343 2859 464 2929 διοπετῆ·
497 2861 632 2938 εὑρεθῆναι
657 2857 680 2917 δ’
702 2857 785 2927 αιἰτῆν
809 2880 887 2938 ρασιν

107 2947 132 3003 ἕν
148 2949 201 3012 τοῖς
218 2946 361 3024 βασιλείοις
377 2946 430 3011 τοῖς
446 2944 524 3022 Νόμα
549 2944 657 3022 μηδενὸς
672 2945 814 3025 ἀνθρώπων
831 2949 885 3004 ale-

107 3031 282 3110 ενίγκαντος,’
295 3034 357 3108 μηδ’
383 3032 544 3109 ἐγνωσμένου
574 3033 699 3113 πρότερον
725 3034 752 3090 ἐν
777 3031 888 3098 Ἰταλοῖς

105 3120 219 3179 τοιούτου
249 3121 402 3200 σχήματος,
440 3119 466 3189 ἐξ
501 3112 538 3180 ῶν
566 3119 719 3200 ἀμφοτέροιν
745 3120 886 3178 ὑπολαόεῖν

106 3207 252 3284 Ῥωμαίους
277 3208 440 3284 θεόπεμπτον
457 3199 524 3268 εἶναι
546 3207 577 3267 τδ
602 3208 699 3268 ίίπλον·
727 3208 886 3287 βουληθέντα

107 3294 134 3354 δὲ
146 3296 190 3354 τὸν
207 3295 302 3372 Νόμαν
322 3297 450 3372 τιμᾶσθαί
472 3298 495 3353 τ’
519 3296 583 3354 αὐτὸ
604 3297 745 3374 φερόμενον
769 3295 820 3353 ὑπὸ
835 3298 886 3353 τῶν

107 3381 251 3460 κρατίστων
270 3380 335 3440 νέων
355 3384 382 3439 έν
396 3386 478 3461 ίεραῑς
493 3384 604 3460 ἡμέραις
624 3383 673 3443 sit
686 3383 736 3454 τῆν
750 3381 826 3440 πολιν
841 3382 886 3440 καί

108 3474 201 3530 θυσιῶν
221 3469 342 3530 ίπετείων
365 3472 520 3552 τυγχάνειν,
543 3472 676 3530 δεδοικότα
698 3469 718 3527 δ’
744 3468 886 3536 ἐπιόουλάς

109 3580 139 3615 τε
157 3558 202 3624 τδις
221 3561 267 3617 ἀπ’
288 3562 388 3639 ίχθρῶν
413 3559 458 3618 καί
476 3560 622 3639 ἄρανισμδν
645 3561 725 3617 αὐτοῦ
745 3559 884 3629 κλοπαῖον,

110 3646 181 3703 όπλα
201 3646 302 3726 λέγουσι
327 3646 413 3706 πολλδι
435 3647 683 3707 κατασκευάσασθαι
710 3649 748 3724 τῷ
775 3649 887 3704 διοπετεῖ

110 3733 298 3810 παραπλήσια,
326 3736 468 3815 Μαμορίου
493 3735 563 3802 τινδς
586 3737 744 3811 δημιουργοῦ
763 3733 791 3790 τὸ
811 3733 885 3812 ἔργον

110 3819 316 3896 ἀναδεξαμένου,
330 3821 395 3880 ὥστ’
411 3822 514 3900 ἄσημον
528 3822 647 3901 γενέσθαι
667 3821 712 3879 καλ
726 3818 887 3896 δυσδιάγνω-

110 3931 171 3968 στον
191 3917 245 3977 τοῖς
266 3910 405 3987 μέλλουσιν
431 3909 607 3971 ἐπιδουλεύειν
629 3909 677 3980 τὴν
703 3911 747 3968 τοῦ
775 3907 887 3985 θεοπέμ-

109 4018 176 4055 πτου
205 3997 280 4077 φύσιν
321 3997 364 4058 διά
394 3996 442 4068 τῆν
479 3999 681 4078 ἀπαράλλακτον
709 4001 759 4056 τῶν
792 3998 888 4075 άνθρω·

111 4085 192 4144 σείων
219 4083 301 4164 ἔργων
320 4086 472 4163 ὁμοιότητα.
516 4085 675 4166 Ἐπιχώριον
696 4084 723 4144 δὲ
742 4084 886 4161 Ῥωμαίοις

111 4172 156 4232 καλ
170 4173 239 4232 πάνυ
254 4173 369 4249 τίμιονθ
388 4174 577 4254 κουρητισμός,
602 4177 637 4240 ῶς
660 4176 689 4231 ἐκ
711 4173 816 4230 πολλῶν
839 4170 886 4247 μέν

112 4260 157 4319 καὶ
184 4262 273 4320 ἄλλων
291 4262 344 4338 ίγδι
370 4263 572 4339 συμόάλλομαι,
593 4261 711 4338 μάλιστα
735 4259 756 4319 δ’
783 4262 812 4317 ἐκ
836 4263 887 4317 τῶν

73 4369 86 4402 s
112 4350 172 4427 περί
193 4350 241 4415 τὰς
259 4347 369 4427 πομπάς
389 4350 435 4415 τάς
453 4352 476 4407 τ’
498 4352 524 4408 ἐν
549 4349 706 4429 ἱπποδρόμῳ
729 4348 775 4407 καὶ
800 4346 846 4414 τδις
861 4352 886 4408 lu

111 4444 164 4504 τοῖς
185 4438 303 4515 θεάτροις
327 4437 473 4516 γινομένας.
515 4437 563 4513 Ἐν
586 4437 703 4504 άπάσαις
728 4435 779 4516 γδρ
797 4437 888 4504 αθταῑς

113 4525 243 4602 πρόσηόοι
257 4530 345 4605 κοῦροι
358 4525 528 4606 χιτωνίσκους
549 4524 711 4591 ἐνδεδυκότες
733 4526 885 4604 ἐκπρεπεῖς,

109 4613 193 4692 κράνη
209 4614 253 4670 καὶ
276 4613 336 4694 ξίρη
350 4614 395 4672 καί
414 4614 523 4694 πάρμας
544 4612 661 4693 ἔχοντες,
677 4613 817 4692 στοιχηδὸν
837 4636 886 4672 πο·

112 4699 239 4780 ρεύονται,
253 4702 298 4761 καί
308 4702 372 4763 εἰσίν
386 4695 457 4760 οῦτοι
466 4707 513 4775 τῆς
522 4707 630 4778 πομπῆς
640 4701 775 4780 ἡγεμόνες,
790 4702 886 4761 καλού·

110 4813 184 4865 μενοι
209 4791 272 4868 πρδς
292 4793 378 4851 αὐτῶν
393 4792 436 4851 ἐπί
455 4796 503 4864 τῆς
526 4793 632 4859 παιδιᾶς
658 4795 704 4862 τῆς
723 4790 774 4849 ὑπὸ
794 4791 887 4851 Λυδῶν

110 4876 262 4958 ἰξιυρῆσθαι
274 4879 399 4952 δοκούσης
411 4880 657 4952 Λυδίωνες,είκο’νες
671 4884 706 4945 όις
735 4880 793 4954 ίμοί
817 4880 886 4946 δοκεῖ

108 4970 160 5025 τῶν
177 4966 297 5026 Σαλίων·
310 4968 366 5027 tout
377 4972 428 5029 τῶν
445 4991 475 5046 γι
491 4971 661 5046 Κουρητικῶν
676 4966 748 5026 οῦδὲν
762 4966 851 5044 ὥσπερ
861 4969 885 5024 οί

109 5054 204 5116 Σάλιοι
213 5058 309 5137 δρῶσιν
321 5057 374 5116 οὔτ’
383 5060 410 5117 ἐν
421 5057 509 5134 ὕμνοις
520 5056 573 5117 οὔτ’
588 5057 740 5138 ίνδρχήοει.
783 5056 884 5136 Ἐχρῆν

109 5141 138 5201 δί
151 5143 256 5212 τούτους
268 5145 412 5225 ίλενθίρους
421 5147 445 5204 τ’
455 5136 521 5204 ε’ίναι
532 5147 578 5205 καί
593 5148 733 5225 αὐθιγενεῖς
746 5145 792 5203 καὶ
803 5146 883 5224 οίμρι·

1667 384 1723 444 tlt)

948 501 1040 564 peltam
1067 506 1210 558 Thracicum
1238 514 1333 571 gestat,
1368 527 1425 576 quae
1459 515 1544 567 similis
1579 527 1616 570 est
1650 528 1722 575 scuto

947 609 1051 654 cuneuto
1082 606 1159 657 latera
1184 612 1324 674 augustiora
1347 612 1464 677 habenti,
1490 620 1627 671 cuiusmodi
1657 625 1722 689 apud

947 707 1046 754 Graecos
1068 707 1090 756 ei
1110 710 1205 771 gestare
1225 711 1344 773 teruntur,
1368 716 1410 776 qui
1434 717 1551 767 Curetum
1571 719 1648 770 sacris
1666 736 1723 787 ope·

946 809 1038 856 rantur.
1072 806 1130 856 salit
1151 812 1243 870 autem,
1266 816 1386 874 quantum
1410 828 1454 877 ego
1469 815 1585 878 intelligo,
1604 818 1624 867 si
1638 819 1723 872 Graece

946 919 1035 956 uonren
1056 907 1233 972 interpreteris,
1253 914 1313 960 sunt
1331 913 1442 975 Curetes,
1455 929 1517 978 quos
1532 916 1564 965 ab
1582 918 1635 981 ipsu
1651 919 1723 970 unni-

946 1018 1001 1056 rum
1017 1008 1091 1057 estate
1104 1008 1139 1058 ita
1156 1022 1282 1075 remmus,
1305 1025 1391 1062 vocem
1412 1017 1516 1078 Κούρους
1532 1017 1690 1069 immutantes
1715 1057 1721 1070 .

945 1122 959 1155 a
975 1108 1091 1158 nonnanis
1103 1124 1188 1161 veroa
1202 1112 1323 1162 concitato
1332 1117 1402 1164 motu
1411 1114 1446 1165 ita
1456 1116 1616 1179 appellantur.
1650 1118 1722 1176 Quod

944 1211 1009 1262 euim
1024 1226 1069 1261 uos
1084 1215 1219 1270 ἐξάλλεσθαι
1231 1219 1256 1264 et
1268 1217 1346 1273 πηδᾶν
1362 1215 1475 1275 dicimus,
1493 1217 1519 1266 id
1538 1218 1572 1267 illi
1585 1219 1666 1268 sotira
1678 1233 1722 1269 ro·

944 1316 1009 1364 suut.
1024 1316 1055 1364 at
1069 1314 1101 1364 ob
1118 1315 1220 1365 eandem
1237 1330 1348 1367 caussam
1368 1317 1477 1381 reliquos
1498 1320 1604 1371 artifices
1625 1336 1720 1381 omnes,

944 1429 1006 1476 quos
1019 1416 1099 1465 Graeci
1114 1415 1232 1479 ὀρχηστὰς
1249 1417 1379 1480 appellant,
1400 1419 1458 1481 quia
1477 1419 1504 1469 hi
1523 1434 1619 1483 quoque
1641 1421 1722 1486 tripu·

943 1515 991 1564 diis
1017 1518 1043 1564 et
1069 1514 1171 1565 saltibus
1200 1517 1283 1567 multis
1313 1522 1426 1581 utuntur,
1457 1518 1554 1569 delicio
1579 1520 1675 1571 nomine
1707 1536 1722 1570 a

942 1614 1013 1665 Saliis
1037 1615 1175 1665 saltatores
1192 1622 1293 1669 vocant.
1331 1623 1419 1669 Utrum
1439 1622 1521 1671 autem
1545 1624 1612 1670 recte
1626 1633 1658 1669 au
1670 1632 1720 1669 nou

944 1730 1033 1766 nomeu
1056 1730 1142 1766 eorum
1175 1720 1208 1769 ita
1240 1720 1416 1785 interpretatus
1445 1722 1492 1772 siru
1520 1722 1602 1786 quiuis
1629 1736 1658 1774 ex
1686 1722 1717 1773 iis

943 1831 1000 1881 qua
1019 1818 1111 1868 iaciunt
1127 1821 1238 1872 conicere
1263 1824 1361 1885 poterit.
1400 1827 1463 1874 itam
1483 1824 1515 1873 ad
1542 1824 1610 1874 tibias
1633 1823 1720 1874 modus

943 1922 1031 1972 armati
1054 1922 1159 1984 saitem,
1185 1924 1259 1974 modo
1281 1939 1365 1976 omnes
1387 1927 1469 1990 simul,
1490 1928 1563 1976 molo
1585 1941 1628 1990 per
1644 1927 1720 1988 vices,

943 2027 969 2075 et
977 2023 1055 2088 patria
1066 2025 1180 2086 quatiam
1188 2026 1296 2075 carmina
1306 2026 1371 2077 iuter
1381 2027 1521 2078 saltandum
1533 2032 1632 2078 canunt.
1665 2029 1720 2078 Tri·

943 2108 1045 2194 pultium
1061 2135 1144 2182 autem
1157 2134 1182 2180 ct
1196 2130 1352 2181 saltationem
1365 2130 1492 2180 homiuum
1510 2134 1677 2193 armatorum,
1695 2133 1721 2180 et

943 2228 1074 2291 strepitum
1083 2226 1126 2290 qui
1135 2226 1227 2277 collisis
1236 2226 1268 2277 ad
1282 2231 1352 2278 scuta
1362 2227 1449 2290 gladiis
1463 2228 1553 2289 editur,
1569 2228 1592 2277 si
1607 2241 1638 2277 ca
1652 2231 1718 2277 auti·

942 2324 999 2385 quis
1011 2323 1108 2387 scriptis
1120 2324 1250 2374 coniectari
1262 2325 1333 2386 licet,
1348 2323 1420 2387 primi
1432 2326 1536 2374 Curetes
1549 2322 1718 2373 instituerunt.

943 2421 996 2468 lton
1013 2422 1052 2469 est
1065 2423 1147 2469 autem
1163 2433 1226 2483 opus
1242 2419 1349 2470 tabulam
1362 2419 1394 2470 de
1408 2417 1447 2469 his
1462 2419 1587 2483 uulgatum
1601 2431 1718 2481 usmaro,

944 2529 1002 2565 cum
1016 2529 1102 2566 ornnes
1114 2516 1291 2580 propemodum
1302 2530 1357 2567 eum
1368 2516 1454 2566 sciant.

973 2621 1056 2670 Lxxr.
1088 2623 1155 2671 tuter
1172 2624 1243 2671 scuta
1266 2624 1363 2683 autem,
1383 2624 1481 2683 quaest
1505 2621 1562 2670 Salii
1580 2623 1677 2683 gestant
1695 2624 1720 2669 et

942 2716 1041 2778 quidam
1060 2729 1145 2766 eorum
1165 2717 1269 2766 ministri
1291 2716 1349 2765 loris
1371 2730 1489 2779 suspensa
1516 2717 1614 2777 terunt,
1639 2718 1717 2777 (quo-

942 2825 998 2861 rum
1013 2825 1160 2875 permagnus
1178 2816 1217 2862 cst
1229 2811 1360 2875 numerus)
1380 2826 1455 2861 unum
1476 2811 1573 2861 coelitus
1590 2811 1717 2874 delapsum

941 2908 1017 2958 aiunt.
1051 2910 1104 2957 lloo
1125 2912 1208 2957 autern
1235 2908 1362 2957 inventum
1380 2907 1456 2956 luisse
1473 2907 1557 2956 ‹licuut
1584 2907 1608 2956 in
1632 2909 1717 2956 Numen

942 3007 1015 3070 regia
1040 3020 1056 3056 a
1086 3006 1153 3057 nullo
1189 3005 1285 3056 mortali
1308 3007 1419 3070 illatum,
1446 3021 1475 3055 uc
1503 3021 1532 3055 nu
1559 3006 1638 3055 risam
1663 3006 1717 3071 qui·

941 3103 997 3153 dem
1016 3105 1088 3153 antea
1102 3102 1176 3154 talem
1192 3106 1217 3153 in
1232 3102 1303 3153 ltalia
1320 3115 1374 3152 esse
1398 3104 1501 3152 tonnam
1518 3122 1524 3151 ι
1549 3102 1613 3152 unde
1633 3101 1718 3151 conic-

941 3202 1004 3250 cisse
1026 3204 1150 3252 Romanos
1165 3202 1214 3250 hoc
1232 3204 1332 3249 scutum
1354 3214 1369 3249 a
1388 3199 1436 3249 diis
1458 3199 1554 3250 nalitus
1573 3198 1716 3249 demissum.

940 3301 1118 3366 volentemque
1131 3305 1236 3351 Numam
1261 3299 1322 3349 illud
1349 3299 1449 3350 lionoris
1470 3311 1557 3349 caussa
1572 3311 1615 3361 per
1630 3297 1716 3348 urbem

940 3398 1180 3460 aproestautissimis
1202 3400 1318 3447 iuvenum
1344 3397 1413 3446 lestis
1433 3395 1521 3446 diebus
1549 3393 1716 3455 circumferri,

941 3498 1017 3557 atque
1041 3494 1129 3543 annuis
1153 3492 1280 3543 sacriticiis
1303 3493 1436 3554 celebrari,
1457 3489 1610 3541 inimicorum
1632 3492 1715 3540 autem

940 3591 1041 3641 insidias
1053 3595 1078 3640 et
1091 3590 1208 3639 turtivarn
1222 3589 1275 3638 eius
1287 3589 1433 3638 ablationem
1445 3588 1565 3648 veritum,
1578 3585 1657 3636 multa
1668 3585 1717 3635 aliu

941 3690 1012 3737 scuta
1025 3687 1060 3736 illi
1076 3685 1173 3736 coelitus
1193 3685 1299 3734 demisso
1312 3685 1399 3735 similia
1415 3685 1546 3734 tabutasse
1563 3684 1653 3742 lerum,
1665 3688 1716 3735 Ha·

941 3784 1021 3833 murio
1039 3781 1148 3845 quodam
1166 3781 1260 3831 artifice
1280 3793 1343 3844 opus
1360 3779 1421 3830 illud
1443 3779 1601 3841 suscipiente,
1613 3779 1642 3828 ut
1659 3777 1717 3828 irai·

941 3881 1079 3931 uiatoribus
1097 3880 1138 3930 illa
1156 3878 1263 3929 coelestis
1273 3879 1338 3928 scuti
1352 3878 1446 3943 species
1463 3880 1529 3928 esset
1541 3877 1634 3925 ineerta
1646 3879 1672 3926 ct
1684 3874 1717 3924 ad

940 3981 1131 4047 dignoscendum
1161 3979 1266 4031 diffluis
1290 3981 1322 4031 ob
1346 3979 1426 4043 operis
1437 3978 1538 4028 humani
1560 3977 1716 4027 indiscretam

941 4081 1131 4131 similitudinem.
1170 4079 1222 4129 Ista
1244 4081 1328 4128 autem
1355 4077 1470 4127 Curetica
1499 4075 1596 4124 saltatio
1627 4078 1715 4126 Roma·

941 4193 1026 4229 uorum
1055 4177 1166 4228 moribus
1201 4178 1240 4227 est
1278 4180 1376 4240 recepte
1404 4188 1556 4238 magnoque¹
1573 4174 1599 4224 tu
1624 4174 1716 4223 honore

940 4276 1032 4336 habita,
1045 4282 1075 4325 ut
1085 4288 1115 4324 ex
1128 4275 1214 4325 multis
1227 4274 1283 4324 aliis
1300 4273 1384 4333 rebus,
1404 4273 1529 4337 praecipue
1542 4286 1599 4322 vero
1619 4285 1646 4321 ex
1661 4272 1715 4321 cir-

940 4372 1055 4422 censibus
1071 4375 1097 4421 et
1114 4370 1218 4421 scenicis
1239 4368 1335 4434 pompis
1350 4371 1376 4418 et
1400 4369 1548 4432 spectaculis
1569 4366 1714 4418 conicio.1u

941 4467 990 4518 iltis
1008 4468 1073 4518 euim
1082 4467 1197 4517 omuibus
1208 4465 1278 4530 pueri
1287 4464 1402 4529 puberes,
1412 4463 1491 4514 induti
1510 4464 1600 4514 tunicis
1617 4458 1713 4524 specio·

940 4565 975 4617 sis
988 4565 1069 4630 galeas
1088 4568 1114 4615 et
1133 4577 1204 4615 enses
1222 4567 1248 4613 et
1262 4575 1361 4626 parmas
1384 4565 1522 4626 gestantes,
1539 4559 1623 4609 orlliuc
1649 4557 1714 4605 ince-

940 4661 1003 4711 dunt
1012 4673 1177 4724 pompamque
1186 4657 1296 4719 ducunt,
1307 4672 1322 4707 a
1334 4656 1403 4720 ludo,
1418 4657 1489 4707 cuius
1500 4655 1642 4705 inventores
1653 4651 1712 4712 Lydi

940 4771 994 4809 esse
1017 4755 1159 4815 creduntur,
1179 4753 1300 4806 Ludioues
1325 4753 1458 4818 appellati,
1481 4749 1611 4811 imaginem
1632 4758 1709 4807 quun·

939 4855 997 4906 dam
1007 4854 1125 4904 Saliorum
1134 4867 1189 4903 meo
1197 4852 1297 4916 quidem
1308 4850 1398 4900 iudicio
1408 4849 1551 4905 relerentes,
1562 4854 1711 4906 quamquam

939 4953 1000 5004 nihil
1011 4951 1161 5010 curetieum,
1174 4954 1202 4998 ut
1220 4949 1285 5008 Salii,
1300 4947 1400 5005 faciunt,
1419 4954 1499 5006 neque
1519 4939 1545 4987 in
1562 4935 1712 4988 eauniutlrus

939 5064 1016 5115 neque
1039 5051 1063 5099 iu
1082 5048 1217 5099 saltatione.
1250 5045 1385 5109 Oportebat
1403 5042 1487 5092 autem'
1500 5039 1579 5089 Salios
1594 5039 1711 5102 ingenuos

938 5161 993 5199 esse
1016 5149 1041 5198 et
1063 5143 1189 5208 indigenas
1211 5145 1236 5193 et
1254 5141 1373 5205 patrimus
1396 5138 1575 5200 matrimosque
1589 5149 1595 5180 z
1609 5134 1636 5187 lii
1652 5147 1712 5195 rago
