3772 5828
599 335 895 412 att'ttQuttntttltt
917 334 1067 398 uentu.
1088 334 1165 397 tis.
1194 335 1261 396 vti.
1669 334 1728 396 409

117 512 129 537 ιι
145 485 249 550 ἀληθεῖς
262 479 314 558 ἀρῶ
324 473 382 542 τοῦς
392 474 496 553 λόγους.
509 471 620 550 Ὑμεῖς,
635 462 658 530 ὦ
675 470 804 547 δημόται,
815 471 893 529 διαλ-

118 600 131 625 ιι
146 572 300 644 λαττόμενοι
318 565 384 645 πρὸς
404 562 452 636 τὴν
473 562 570 644 βουλὴν
593 564 714 642 ἀποχρῆν
734 565 795 640 ὑμῖν
810 559 893 641 ᾤεσθε

118 687 131 712 ιι
145 662 195 719 τῶν
220 652 329 714 δανείων
352 652 493 732 ἀφεῖσθαι,
525 652 570 712 καί
598 651 719 731 βοηθείας
745 651 822 710 ίνεκα
841 652 893 709 τῶν

119 743 360 826 «κατισχυομένων
381 741 502 814 πενήτων
525 741 656 819 ἀρχοντοις
670 739 697 808 ἐξ
716 744 803 800 αύεῶν
827 736 894 818 ᾐτή-

78 857 91 893 ε
118 841 222 894 ιισασθε
246 827 439 889 ἀποδεικνύναι·
466 827 615 886 καὶταῦτα
639 829 775 909 ἀμφότερα
792 825 894 897 πολλὴν

117 950 130 976 ιι
144 920 240 984 εἰδότες
253 921 316 994 ἡμῖν
329 915 406 997 χάριν
417 912 534 975 έλάόετε·
547 915 698 976 καταλῦσαι
710 917 737 977 δί
749 912 797 986 τὴν
810 912 895 994 ἀρχὴν

117 1039 130 1066 ιι
144 1013 196 1069 τῶν
216 1006 337 1078 ύπιίτων,
361 1005 379 1076 ἢ
403 1002 450 1074 τὴν
474 1001 571 1082 βουλὴν
597 1001 691 1083 ἀκυρον
716 1006 827 1074 ποιῆσαι
850 1005 895 1072 τῆς

118 1127 131 1154 ιι
151 1097 217 1176 ὑπὲρ
244 1098 295 1154 τῶν
318 1096 410 1153 κοινοῦν
433 1092 610 1171 προστασίας,
638 1093 656 1164 ἢ
681 1092 728 1166 τὴν
744 1090 816 1161 τάίιν
830 1093 894 1149 ἀνα-

119 1215 131 1242 ιι
146 1187 240 1267 τρέψαι
270 1190 317 1256 τῆς
344 1181 456 1260 πατρίου
492 1180 643 1254 πολιτείας,
674 1181 728 1242 οὔτ’
760 1179 896 1258 ᾐτήσασθε

119 1305 131 1331 ιι
146 1275 205 1335 οὔτε
220 1273 354 1353 ἐμέλλετε.
377 1269 412 1331 Τί
427 1261 471 1329 οὖν
492 1268 617 1336 παθόντες
633 1272 790 1352 ἐπιχειρεῖτε
808 1270 896 1329 πάντα

118 1372 251 1443 «συγχεῖν
273 1367 357 1422 ταῦτα
377 1359 453 1432 νυνί,
479 1359 525 1417 καὶ
546 1359 596 1416 τίνι
614 1360 707 1440 δικαίῳ
733 1359 895 1426 πιστεύοντες

117 1452 189 1519 ιιτάς
204 1450 282 1527 τιμάς
304 1452 380 1527 ἡμῶν
406 1451 506 1519 ζητεῖτε
526 1448 712 1527 ἀφαιρεῖσθαι,
732 1452 755 1509 τί
769 1448 820 1528 γὰρ
842 1454 896 1514 τοῖς

951 507 963 531 ι
981 490 1033 537 vos
1044 500 1103 534 vero
1119 485 1288 547 considerate,
1301 498 1334 535 aa
1349 483 1462 536 modeste
1477 486 1504 536 et
1521 497 1578 535 rere
1597 482 1644 532 sim
1655 481 1726 532 tocn-

950 583 1059 630 «turus.
1093 585 1160 641 Vos,
1184 580 1310 641 Quirites,
1330 580 1429 643 quando
1450 579 1556 631 rediistis
1582 579 1728 642 ingratiam

950 692 961 716 ι
976 687 1034 722 τοττι
1047 678 1148 734 senatu,
1158 674 1222 723 satis
1232 673 1303 722 robis
1315 674 1367 723 tore
1380 673 1529 737 putavistis,
1542 672 1631 723 sisere
1650 672 1730 722 alieno

950 767 1367 830 ι1ἰοετιτυιτιίιιί,εῑίιιοιιιιίίίιιτιι
1387 781 1539 832 pauperum,
1555 766 1598 830 qui
1616 766 1668 816 rim
1684 779 1731 831 pa-

951 883 962 905 ιι
978 864 1099 923 terantur,
1112 866 1141 912 ut
1155 861 1314 925 magistratus
1324 861 1356 910 de
1370 863 1453 910 restro
1466 859 1551 909 ordine
1564 871 1648 909 creare
1660 858 1731 909 robis

951 977 962 999 ι
980 956 1079 1017 liceret,
1107 956 1235 1021 petiistis:
1261 958 1286 1006 et
1309 958 1440 1018 utromque
1468 954 1634 1017 impetrastis,
1660 955 1731 1005 nobis

951 1069 963 1094 ιι
979 1062 1094 1114 magnam
1105 1049 1209 1111 gratiam
1221 1048 1350 1098 habentes.
1386 1050 1417 1096 Ut
1426 1060 1485 1096 rero
1495 1046 1566 1095 robis
1576 1046 1731 1097 consulatum

952 1158 963 1181 ιι
980 1138 1082 1199 toliere,
1100 1142 1143 1188 aut
1157 1137 1253 1187 senatui
1265 1136 1405 1202 reipublicae
1418 1134 1657 1185 administrationem
1676 1136 1729 1186 adi·

952 1245 964 1269 ιι
981 1239 1062 1286 mers,
1085 1228 1130 1276 aut
1150 1225 1231 1289 ipsum
1248 1223 1359 1274 ordinem
1385 1221 1458 1287 patrii
1482 1220 1622 1284 reipublice
1650 1225 1731 1273 status

952 1317 1118 1378 «pervertere
1139 1312 1238 1373 liceret,
1270 1324 1350 1374 neque
1372 1309 1479 1375 petiistis
1504 1324 1584 1373 neque
1608 1309 1730 1361 notuistis.

951 1421 962 1445 ι
978 1401 1043 1460 Quid
1057 1400 1131 1464 igitur
1142 1399 1214 1451 vobis
1227 1399 1332 1458 accidit,
1344 1402 1371 1448 ut
1383 1411 1448 1448 nune
1464 1397 1611 1447 haecomnia
1626 1399 1731 1449 contnu-

952 1506 963 1530 ι
978 1484 1037 1536 dere
1058 1485 1198 1536 conemini:
1214 1487 1258 1534 aut
1272 1498 1322 1548 quo
1336 1483 1389 1534 iure
1404 1483 1460 1533 freti
1483 1482 1618 1531 honoribus
1640 1482 1732 1534 nostris

117 1569 130 1596 ιι
145 1542 285 1620 μετέχουσι
309 1541 355 1608 τῆς
380 1538 475 1616 βουλῆς
502 1534 612 1614 φοῦερδν
631 1536 754 1606 ποιήσετε
778 1535 809 1594 εδ
826 1532 893 1608 μττά

117 1660 130 1687 ιι
144 1635 306 1713 παρρησίας,
331 1628 348 1686 ἀ
370 1631 504 1708 φρονοῦσι,
525 1623 626 1702 λέγειν,
650 1625 676 1683 τί
697 1624 729 1683 ἀν
753 1625 849 1684 εἴποιεν
871 1626 895 1684 οἱ

117 1747 130 1774 ι
143 1717 336 1801 προεστηκότες
362 1717 434 1792 ὑμῶν
451 1711 578 1786 ἐπιεικές,
599 1710 617 1784 ἢ
640 1712 710 1794 ποίῳ
731 1712 895 1794 χρησόμενοι

952 1592 964 1616 ιι
981 1586 1026 1623 nos
1038 1573 1136 1636 privare
1158 1573 1268 1635 cupitis?
1288 1572 1314 1623 Si
1336 1572 1401 1621 enim
1414 1570 1504 1620 vestris
1518 1571 1592 1621 minis
1607 1575 1732 1622 senatores

951 1681 964 1705 ιι
977 1675 992 1711 a
1007 1661 1135 1711 sententiis
1155 1660 1247 1719 tibere,
1268 1663 1345 1724 prout
1367 1660 1490 1718 sentiunt,
1511 1659 1623 1711 dicendis
1648 1660 1731 1712 deter·
1783 1699 1787 1711 .

952 1767 966 1795 ιι
981 1763 1035 1801 rere
1054 1748 1145 1808 vultis,
1162 1746 1250 1811 ecquid
1267 1748 1333 1810 astrui
1356 1747 1431 1797 restri
1447 1748 1608 1811 magistratus
1630 1748 1732 1800 dicunt?

117 1838 130 1864 ιι
145 1809 218 1888 νόμῳ
235 1804 339 1884 θανοίτορ
361 1807 469 1881 ζημιοῦν
485 1801 503 1874 ἢ
526 1805 595 1885 φυγῇ
612 1806 664 1860 τῶν
681 1803 828 1882 πατρικίων
849 1824 892 1859 τι·

117 1924 130 1951 ιι
145 1897 190 1962 νδις
212 1892 384 1964 ἀξιώσουσιν,
411 1887 541 1968 οὔτεγὰρ
561 1892 585 1948 οἱ
610 1891 718 1951 παλαιοὶ
743 1889 818 1967 νόμοι
834 1887 896 1948 ταῦ·

118 2010 131 2037 ι
146 2008 193 2056 την
207 1981 321 2041 διδόασιν
337 1984 397 2059 ύμῖν
411 1979 460 2053 τὴν
476 1978 595 2047 ίξουσίαν
611 1983 671 2038 οὔτε
688 1982 715 2038 αἱ
733 1979 828 2038 νεωστί
847 2001 894 2055 γε·

119 2100 131 2127 ιι
148 2073 255 2150 νόμεναι
276 2071 341 2151 πρὸς
359 2069 406 2142 τὴν
429 2069 526 2149 βουλὴν
551 2068 700 2147 ὁμολογίαι.
744 2070 785 2130 Τὸ
809 2067 831 2128 δ’
851 2071 894 2128 ἐκ·

61 2185 91 2223 ao
119 2190 132 2216 ιι
147 2161 244 2220 ῦαίνειν
259 2160 318 2227 τοὺς
330 2159 457 2237 νομίμους
471 2158 546 2237 ὅρους
560 2158 605 2216 καὶ
619 2158 667 2229 τὴν
686 2158 744 2238 βίαν
759 2156 894 2237 κρείττονα

117 2278 130 2304 ιι
144 2245 287 2322 ποιεῖν’τῆς
308 2248 381 2323 δίκης
401 2247 489 2307 οὐκέτι
515 2246 654 2322 δημοτικόν
678 2251 763 2324 ἐστιν,
787 2245 848 2306 ἀλλ’
871 2248 893 2305 εί

115 2365 128 2392 ιι
141 2341 242 2410 τάληθῆ
269 2338 391 2418 βούλεσθε
413 2336 534 2409 ἀκούειν,
554 2333 717 2412 τυραννικόν.
767 2332 841 2411 Ἐγὼ
866 2333 894 2393 δί

115 2427 334 2506 ιπαραινέσαιμε
357 2425 388 2484 δν
409 2430 490 2500 ὑμῖν,
507 2415 544 2482 dr
560 2421 607 2500 μὲν
631 2421 736 2503 εὕρεσθε
754 2420 828 2502 παρὰ
846 2426 893 2494 τῆς

115 2543 128 2571 ιι
145 2519 239 2596 βουλῆς
260 2513 451 2596 φιλανθρώπων
477 2511 588 2588 μηδενὸς
611 2510 780 2591 ἀφίστασθαι·
805 2500 842 2569 ὗν
864 2509 892 2570 δδ

59 2624 87 2663 τε
116 2633 129 2659 ιι
144 2607 190 2663 οὐκ
204 2603 338 2675 ἠξιώσατε
353 2601 521 2677 διαλυόμενοι
539 2598 587 2670 τὴν
609 2598 705 2679 ἔχθραν
729 2597 788 2657 τότε
802 2607 890 2679 τυχεῖν

116 2722 129 2748 ιι
146 2692 213 2771 μηδὲ
229 2698 273 2751 νῦν
291 2694 493 2751 ἀντιποιεῖσθαι.

153 2784 257 2844 xxxi.
280 2807 292 2834 ι
317 2775 377 2840 Ἵνα
392 2777 419 2837 δὲ
443 2778 543 2856 μᾶλλον
559 2781 620 2852 ὑμῖν
636 2776 745 2856 γίνηται
761 2773 887 2856 φανερδν,

114 2897 127 2924 ιι
142 2870 182 2930 ὅτι
199 2869 272 2930 οὐθέν
291 2868 350 2929 οῦτε
366 2866 470 2948 μέτριον
485 2865 545 2925 οὔτε
559 2866 658 2925 δίκαιον
679 2862 792 2932 ἀξιοῦσιν
805 2867 830 2923 οἱ
847 2865 892 2937 δη-

114 2988 127 3013 ιι
143 2961 278 3040 μαγωγοί,
299 2955 369 3017 ἀλλά
384 2954 546 3036 παρανόμων
560 2978 589 3013 τε
602 2956 646 3014 καί
657 2950 792 3012 ἀδυνάτων
804 2950 891 3034 ἀφίεν-

60 3075 87 3115 an
114 3078 127 3102 ιι
141 3072 203 3122 ται,
227 3045 424 3127 μετενεγκόντες
443 3043 474 3103 τδ
495 3052 607 3125 πρᾶγμα
633 3042 672 3124 ἀφ’
692 3044 798 3109 έαυτοῦς
823 3042 891 3104 οῦτοι

115 3166 127 3190 ιι
142 3140 281 3209 σκοπεῖτε,
304 3135 350 3195 καί
366 3131 512 3193 ύπολοίόετε
526 3131 585 3200 τοὺς
599 3130 758 3211 μετέχοντας
780 3135 824 3191 τοῦ
841 3155 890 3190 συ·

115 3254 127 3280 ιι
142 3228 241 3307 νεδρίου
259 3233 312 3293 τοῖς
331 3225 357 3283 ἀν
374 3224 435 3301 ύμῖν
455 3220 667 3295 πολιτευομένοις
689 3220 828 3298 ἀγκαλεῖν,
850 3218 891 3279 ὅτι

116 3340 128 3366 ιι
142 3311 270 3393 ποηνροῦς
289 3310 359 3369 κατδι
381 3315 429 3381 τῆς
450 3312 547 3388 βουλῆς
568 3307 726 3367 διατίθενται
749 3307 839 3384 λόγους
863 3310 890 3366 ἀν

116 3430 128 3454 ιι
143 3406 221 3478 ὑμῖν,
252 3399 299 3460 καί
326 3396 488 3457 καταλύουσι
515 3398 563 3468 τὴν
595 3396 706 3474 πάτριον
738 3396 893 3476 ἀριστοκρα·

117 3517 129 3542 ιι
143 3492 217 3562 τίαν,
233 3488 278 3547 καί
292 3485 506 3555 διαστασιάζουσι
521 3485 569 3558 τὴν
581 3484 673 3557 πόλιν,
687 3481 794 3541 ἅπαντα
809 3488 892 3545 ταῦτα

118 3605 130 3630 ιι
144 3578 266 3654 λέγοντας
286 3577 380 3646 ἀληθῆ·
402 3580 506 3633 ποιοῦσι
522 3572 576 3653 γδρ
597 3578 692 3632 ταῦτα·
710 3571 758 3630 καί
778 3574 808 3630 τὸ
821 3573 893 3632 πάν-

119 3695 131 3718 ιι
146 3689 198 3722 των
216 3659 424 3742 χαλεπώτατον,
447 3658 486 3719 ότι
514 3660 669 3720 δυναστείαν
688 3658 894 3738 περιῦοίλλονται

119 3783 131 3807 ιι
146 3753 251 3830 μείζονα
265 3753 313 3820 τῆς
326 3747 562 3828 συγκεχωρημίνης
579 3753 677 3823 αὐτοῖς,
689 3750 795 3828 ἄκριτον
809 3754 892 3812 ἀποκ-

117 3869 130 3895 ιι
145 3843 236 3900 τείνειν
270 3840 462 3918 ίπιχειροῦντες
488 3837 516 3898 ὃν
547 3836 579 3896 ἂν
611 3837 735 3897 ἀθίλωσιν
757 3836 783 3906 ἐξ
807 3843 893 3917 ἡμῶν·

117 3960 129 3985 ιι
144 3933 189 3990 καί
214 3928 253 3988 ότι
276 3929 317 3986 δεῖ
338 3923 397 3993 τοῦ,
432 3933 516 3989 ταῦτα
540 3930 678 3996 ποιοῦντας
703 3931 823 3991 τεθνάναι
849 3957 894 4005 νη-

117 4050 129 4075 ιι
145 4022 223 4080 ποινί·
237 4024 294 4088 πῶς
312 4018 344 4077 ἀν
372 4019 445 4095 ὑμεῖς
465 4017 595 4096 ένέγιιοιτε
624 4020 672 4091 τὴν
691 4020 831 4080 αὖθάδειαν
849 4027 894 4081 τοῦ

117 4139 129 4164 ιι
146 4109 294 4188 συνεδρίου,
308 4109 354 4167 καί
370 4105 396 4166 τί
421 4107 454 4167 ἀν
476 4107 592 4186 εἴποιτε,
606 4101 649 4189 ἀρ’
669 4112 715 4168 οὐκ
735 4108 766 4169 δν
782 4111 894 4188 ἀγανακ-

116 4228 129 4252 ιι
142 4199 253 4270 τήσαιτε
274 4197 320 4257 καὶ
340 4195 411 4256 δεινδ
432 4196 528 4275 φαίητε
548 4196 681 4278 ποίσχειν,
707 4202 730 4258 εἰ
750 4199 798 4270 τδν
821 4225 892 4280 παρ·

116 4316 128 4342 ιι
145 4290 238 4370 ρησίαν
258 4287 434 4370 ἀφαιρήσεταί
460 4312 499 4357 τις
521 4292 591 4368 ὑμᾶς
605 4288 712 4362 κοίτην
733 4290 894 4371 ἐλευθερίαν,

952 1846 1022 1895 «ant
1043 1856 1093 1907 qua
1113 1840 1182 1906 tege,
1206 1839 1325 1904 supplicio
1351 1840 1449 1903 capitati
1476 1844 1520 1890 aut
1536 1841 1622 1892 arsitio
1638 1843 1732 1908 aliquos

952 1949 964 1972 ι
978 1929 1076 1995 patricii
1090 1929 1183 1980 ordinis
1196 1927 1231 1978 ilii
1247 1928 1367 1977 mulctare
1384 1927 1484 1978 rotent?
1501 1931 1564 1979 tiam
1578 1943 1623 1979 nee
1635 1935 1732 1982 veteres

952 2036 964 2058 ιι
979 2017 1045 2082 teges
1058 2017 1118 2068 dant
1136 2017 1206 2067 robis
1225 2016 1288 2066 itane
1309 2019 1473 2079 potestatem,
1488 2030 1534 2067 nec
1554 2019 1611 2067 nori
1633 2018 1732 2070 toederis

952 2123 965 2148 ιι
978 2118 1037 2155 eum
1054 2107 1140 2155 senatu
1155 2104 1213 2154 tacti
1231 2101 1391 2153 conditiones.
1406 2105 1500 2167 Legum
1513 2117 1572 2155 τετυ
1587 2107 1732 2171 praescripta

952 2211 965 2236 ιι
979 2190 1130 2256 transgredi,
1143 2193 1169 2241 et
1180 2192 1230 2241 vim
1241 2189 1295 2239 inre
1306 2190 1428 2253 potiorem
1441 2192 1537 2251 tacere,
1551 2196 1618 2244 certe
1630 2207 1678 2245 non
1693 2199 1731 2246 est

953 2299 966 2324 ι
981 2280 1087 2344 amptius
1103 2279 1236 2344 poputara,
1257 2278 1302 2327 scd
1322 2276 1360 2341 (si
1381 2279 1512 2331 veritatem
1533 2281 1618 2332 audire
1639 2282 1730 2347 ruitis)

953 2385 966 2410 ι
982 2365 1144 2428 tyrannicum.
1179 2367 1230 2428 Ego
1250 2364 1324 2428 igitur
1337 2364 1406 2413 robis
1424 2371 1510 2416 auctor
1525 2368 1589 2429 sim,
1608 2371 1636 2419 ut
1654 2370 1731 2421 bene·

953 2474 965 2497 ι
981 2452 1052 2512 tieia,
1065 2466 1121 2515 qnae
1131 2455 1232 2502 senatus
1244 2451 1394 2515 benignitate
1408 2452 1566 2518 impetrastis,
1583 2457 1729 2509 retineatis:

953 2561 965 2585 ι
980 2555 1036 2607 quaa
1051 2554 1109 2591 rero
1129 2545 1188 2591 tnnc
1204 2542 1229 2590 in
1248 2542 1351 2603 gratiam
1370 2556 1428 2593 cum
1447 2549 1535 2594 senatu
1557 2546 1658 2595 redituri
1680 2561 1729 2597 non

953 2649 965 2672 ιι
981 2630 1141 2693 postulastis.
1155 2643 1186 2681 ne
1199 2644 1263 2680 nunc
1276 2631 1377 2693 quidem
1386 2631 1458 2682 robis
1472 2632 1609 2685 vindicetis.

983 2815 1067 2863 itttxt.
1088 2831 1101 2855 ιι
1117 2811 1166 2861 Sed
1185 2814 1214 2862 ut
1228 2813 1316 2863 melius
1332 2813 1490 2879 intelligatis,
1503 2818 1598 2867 rastros
1614 2816 1728 2869 tribunos

953 2903 1036 2954 anitiil
1059 2903 1195 2965 moderati,
1210 2904 1270 2955 nitrit
1291 2906 1357 2971 aequi
1377 2907 1521 2971 postutare,
1537 2907 1581 2958 sed
1600 2909 1686 2972 iniqua
1706 2914 1731 2963 et

953 3020 965 3042 ι
979 3014 1037 3065 quoa
1056 3000 1109 3050 tieri
1136 3003 1259 3064 nequeant
1282 3015 1389 3066 cupere,
1411 3016 1524 3054 caussam
1545 3004 1576 3053 ad
1597 3016 1643 3054 vos
1664 3005 1731 3071 ipsos

953 3112 966 3134 ι
981 3092 1120 3154 transferte,
1133 3091 1266 3155 attingite,
1286 3107 1301 3143 a
1320 3094 1475 3145 senatoribus
1497 3095 1658 3158 magistratus
1672 3111 1729 3148 res·

953 3205 965 3227 ιι
979 3189 1031 3235 tros
1045 3185 1171 3247 accusari,
1194 3185 1262 3251 quod
1283 3187 1379 3238 senatui
1400 3187 1564 3249 maledicant,
1585 3193 1611 3239 et
1622 3192 1730 3254 patrium

951 3298 964 3321 ι
979 3282 1087 3339 statum,
1108 3293 1158 3342 quo
1176 3292 1216 3330 res
1238 3279 1337 3344 publiea
1358 3281 1390 3331 ab
1406 3283 1567 3348 optimatibus
1588 3285 1728 3349 regebatur,

951 3391 964 3416 ι
979 3374 1107 3430 erertant,
1132 3377 1157 3422 et
1179 3373 1312 3425 seditiones
1333 3375 1359 3425 in
1385 3376 1486 3426 civitate
1507 3378 1630 3429 concitent
1658 3380 1730 3445 (quse

952 3488 964 3512 ι
978 3467 1060 3517 omnia
1081 3481 1140 3518 sane
1160 3483 1219 3518 rera
1240 3471 1312 3528 sunt,
1335 3469 1390 3519 brec
1402 3471 1466 3520 enirn
1482 3471 1593 3534 iaciunt)
1607 3478 1632 3524 et
1644 3512 1650 3534 ,
1662 3476 1730 3538 quod

951 3579 963 3603 ι
976 3558 1087 3610 omnium
1099 3562 1136 3608 est
1149 3560 1322 3622 gravissimum
1339 3563 1487 3624 potestatem
1499 3565 1637 3627 maiorum,
1654 3579 1730 3629 quam

954 3678 966 3701 ι
983 3657 1044 3722 ipsis
1065 3668 1179 3706 concessa
1204 3657 1238 3707 sit
1257 3656 1304 3708 sibi
1331 3657 1465 3718 usurpent,
1491 3654 1627 3718 quemlibet
1650 3659 1729 3710 nostri

954 3775 965 3797 ι
980 3750 1075 3805 ordinis·
1085 3751 1178 3801 indicta
1188 3764 1274 3801 caussa
1285 3749 1423 3800 intertioere
1433 3752 1565 3799 conantes:
1578 3763 1608 3800 ao
1615 3751 1727 3815 fingite,

952 3870 964 3893 ι
978 3850 1101 3899 senatum
1114 3844 1219 3906 dicere,
1239 3842 1282 3907 qui
1295 3842 1359 3905 naec,
1375 3855 1419 3892 eos
1432 3838 1532 3900 iaciunt,
1548 3840 1648 3905 impune
1659 3845 1727 3896 occi-

950 3965 962 3988 ι
977 3939 1079 3993 dendos.
1123 3944 1236 4000 Quonam
1256 3936 1330 3987 modo
1352 3935 1416 3986 banc
1442 3941 1542 3989 senatus
1563 3938 1727 4000 arrogantiam

950 4063 962 4087 ι
981 4043 1097 4095 terretis?
1120 4039 1242 4099 Quidnam
1263 4034 1393 4085 diceretis?
1417 4035 1503 4083 ttonne
1527 4029 1728 4098 indignaremini,

952 4158 964 4182 ι
978 4142 1004 4190 et
1025 4142 1133 4189 atrocem
1147 4135 1262 4187 iniuriam
1275 4132 1326 4198 poti
1341 4131 1475 4190 diceretis,
1495 4128 1517 4178 si
1537 4126 1592 4190 quis
1614 4130 1640 4178 et
1653 4126 1729 4181 tibere

951 4253 963 4277 ιι
975 4234 1092 4300 loquendi
1108 4234 1229 4284 licentiam
1241 4233 1268 4280 et
1286 4230 1366 4294 ipsam
1385 4225 1525 4277 libertatem
1540 4225 1612 4276 robis
1631 4225 1726 4276 adime·

952 4349 965 4374 ι
980 4335 1032 4394 ret,
1050 4332 1174 4398 proposito
1203 4327 1291 4392 capitis
1311 4325 1422 4390 periculo
1448 4321 1552 4372 liberam
1575 4335 1662 4371 vocem
1684 4333 1727 4383 pro

952 4449 964 4472 ι
979 4427 1049 4493 piebe
1061 4427 1173 4478 emittere
1190 4420 1364 4476 audientibus?
1379 4421 1439 4469 itaee
1448 4430 1537 4482 negare
1554 4429 1602 4465 non
1616 4413 1725 4480 potestis.

950 4541 962 4565 ι
978 4524 1011 4573 Et
1029 4535 1141 4587 quaros
1160 4521 1208 4585 ipsi
1227 4520 1289 4569 terre
1309 4514 1419 4574 noitetis,
1440 4525 1540 4578 aequum
1555 4524 1611 4561 esse
1623 4507 1727 4573 putatis,

951 4639 963 4663 ι
980 4618 1042 4671 alios
1056 4631 1086 4668 ea
1116 4617 1197 4668 terre?
1208 4613 1324 4664 Haeccine
1344 4613 1417 4669 sunt,
1441 4607 1564 4667 Quirites,
1581 4604 1623 4655 itta
1645 4601 1727 4653 civilia

61 4394 88 4434 ts
117 4402 129 4428 ιι
143 4375 186 4434 τὸν
205 4375 271 4457 θπίρ
287 4381 340 4436 τῶν
365 4377 484 4458 έοχάτων
508 4377 626 4438 κίνδυνον
646 4378 740 4446 ἐπιθείς
754 4388 806 4447 τοῖς
825 4380 896 4439 ἀλευ-

116 4491 129 4517 ιι
143 4466 220 4545 θέραν
238 4466 326 4548 φωνὴν
351 4465 417 4545 ὑπὲρ
443 4469 488 4526 τοῦ
512 4465 596 4543 δήμου
625 4464 826 4547 φθεγξαμένοις,
847 4468 895 4525 οῦκ

117 4553 245 4615 «ἔνεστιν
265 4558 352 4627 ἀλλως
376 4562 470 4620 εἰπεῖν.
514 4554 629 4618 Ἔπειτα
649 4555 667 4615 ἀ
694 4558 786 4616 παθεῖν
800 4557 848 4615 οὐκ
863 4553 894 4614 δν

118 4667 131 4693 ιι
149 4644 312 4718 ὑπομείναιτε
336 4649 426 4717 αὐτοὶ,
445 4651 528 4706 ταῦτα
545 4645 647 4724 ἑτέρους
669 4644 822 4726 πάσχοντας
834 4644 894 4705 ἀνέ-

118 4756 131 4781 ιι
145 4736 238 4809 χεσθαι
264 4734 409 4811 δικαιοῦτε,
436 4733 561 4797 πολιτικά
585 4757 631 4814 γε,
653 4722 676 4792 ὦ
700 4733 826 4810 δημόται,
847 4733 893 4792 καί

63 4839 90 4878 τι)
118 4845 130 4872 ιι
145 4817 239 4899 μέτρια
268 4823 339 4898 ὑμῶν
356 4824 390 4883 rit
415 4822 602 4904 βουλεύματα,
623 4826 732 4883 τοιαῦτα
748 4820 893 4894 ἀξιοῦντες,

118 4935 130 4961 ιι
146 4911 192 4968 οὐκ
224 4907 297 4968 αὗτοί
325 4909 462 4989 βιῦαιαῦτε
487 4909 533 4980 τδς
556 4910 617 4971 καθ’
645 4912 745 4970 ίαυτῦιν
769 4908 893 4976 διαόολδς

951 4712 1147 4766 «atmoderate
1169 4713 1251 4761 restra
1272 4706 1393 4757 consilia?
1411 4707 1496 4755 Nonne
1515 4701 1563 4750 troc
1586 4700 1658 4762 paeto
1676 4692 1725 4741 cri·

949 4827 963 4853 ιι
977 4807 1057 4867 mina,
1070 4820 1127 4871 qum
1139 4803 1210 4855 robis
1220 4801 1379 4867 objiciuntur,
1393 4812 1451 4848 cera
1472 4807 1526 4845 esse
1539 4783 1689 4842 oonnrrnatta
1700 4783 1726 4831 et

949 4921 963 4946 ιι
976 4898 1037 4965 ipsis
1049 4897 1196 4957 declaratis,
1212 4907 1269 4955 eos,
1284 4893 1329 4957 qui
1346 4888 1466 4946 suadent,
1486 4898 1517 4933 ne
1531 4884 1593 4932 trane
1616 4875 1725 4925 vestram

949 5012 962 5038 ι
978 4990 1095 5041 iniustam
1116 4987 1253 5053 potenttarn
1276 4995 1386 5035 crescere
1407 4980 1533 5035 sinamus,
1552 4972 1614 5021 bene
1638 4966 1725 5031 reipu-

117 5027 130 5052 ιι
144 5001 249 5071 ἀληθεῖς
268 4986 345 5072 εἶναι,
364 4999 410 5060 καί
424 5000 483 5068 τοὺς
497 4999 723 5080 συμῦουλεῦοντας
734 4997 783 5072 τὴν
801 4997 893 5080 παροί-
1480 5067 1486 5079 .

117 5114 130 5141 ,,
145 5112 221 5166 νυμον
248 5090 321 5164 ὑμῶ,
348 5087 501 5148 gwmg„
525 5087 564 5168 μ,
585 5096 711 5171 π,,,,,ᾶ,
736 5087 891 5164 αὐξομγη,
947 5106 961 5133 ιι
976 5084 1049 5137 blico
1069 5082 1214 5134 consulere?
1232 5081 1304 5132 certe
1324 5073 1385 5124 mihi
1407 5071 1442 5120 ita
1462 5067 1571 5116 indetur.
1605 5062 1677 5123 Quod
1703 5061 1726 5114 si

117 5203 130 5230 ιι
145 5175 178 5236 τά
203 5176 292 5236 δίκαια
310 5174 356 5235 καλ
375 5173 543 5258 συμφίροντα
569 5181 609 5259 τῷ
631 5177 711 5259 κοινῷ
732 5178 889 5259 φρονοῦντας
916 5196 921 5261 t
946 5200 959 5226 t
976 5181 1075 5240 comsa·
1086 5189 1161 5240 qum
1173 5168 1362 5229 3⁰⁵i¹¹¹¹¹¹³¹¹¹i¹¹¹'
1377 5165 1456 5215 [ΜΝ
1468 5159 1557 5220 vums’
1570 5172 1611 5210 me
1623 5161 1724 5210 mum
