3772 5828
158 344 218 403 reu

682 336 851 398 nrosrsrr
872 323 1251 400 rrr'urcsrrn'nsssusrs

158 476 242 532 ἱκανοὶ
261 470 378 549 ἐγίνοντο
404 470 523 528 κωλυταὶ
546 472 593 540 τῆς
619 478 770 549 συμρορᾶς,
794 469 842 536 τὰς
867 469 934 549 μετά
962 482 963 536 l
992 478 1056 529 banc
1069 479 1236 530 calamitatem
1256 479 1399 544 propulsare
1413 494 1462 530 non
1486 482 1638 545 potuerant,
1659 480 1786 535 defuneto

160 562 201 620 τδν
213 559 323 619 θάνατον
334 555 505 636 terdoratus<
519 558 635 633 ἔγνωσαν
648 556 801 615 t'²²t0t3lt30'l‘ll
814 556 936 636 χᾶρῑταςν
962 568 963 619 3
991 575 1099 627 debitam
1117 577 1224 641 gratiam
1249 576 1342 628 referre
1363 577 1512 639 voluerunt,
1528 578 1628 629 collatis
1648 579 1678 631 iu
1697 580 1785 633 lorum

158 648 334 728 συμδὲδθνῃί
351 646 449 723 ‘stibi'
462 642 583 725 θίοθθνν
598 644 666 704 3⁶⁰³*
694 646 747 703 ἔδει
762 644 816 712 ἵθῖ(
833 645 939 723 l'‘iioi’fi
991 674 1079 736 rebus,
1094 675 1285 741 quibuscunque
1297 689 1360 741 opus
1380 680 1435 727 erat
1452 676 1484 727 ad
1495 677 1618 728 honorem
1629 679 1696 730 viris
1709 680 1785 732 bonis

160 735 283 816 ἀνδράσιν
298 735 333 801 εἰς
351 732 399 806 τὴν
412 733 559 809 ἀναγκαίαν
576 733 665 808 τιμήν.
682 730 794 803 Ἐπειδὴ
808 730 835 790 δέ
850 731 937 791 πάντα

119 853 132 891 ς
159 823 328 902 εὐτρέπιστο,
341 820 426 888 θέντες
437 819 483 878 ἐπὶ
496 823 635 898 στρωμνῆς
659 818 863 898 ἐκπρεπεστάτῳ
884 821 938 889 ήσ-

159 912 277 988 κημένης
290 908 385 990 κόσμῳ
399 912 448 981 τὴν
469 906 691 991 αὐτοκρατορικὴν
710 907 805 988 έχοντα
823 910 938 980 ἐσθῆτα,

160 1004 205 1059 καὶ
227 1000 279 1080 πρὸ
292 1003 339 1072 τῆς
353 997 443 1070 κλίνης
458 1000 539 1058 αὐτοῦ
556 997 680 1079 ρίρεσθαι
704 995 873 1063 κελεύσαντες
890 995 939 1054 λά·

161 1091 229 1172 ρυρά
251 1113 281 1149 τε
302 1088 347 1148 καλ
363 1090 449 1147 σκῦλα
473 1086 518 1145 καὶ
539 1085 681 1167 στεράνους
702 1084 748 1145 καὶ
772 1085 877 1163 μνήμας
901 1075 938 1143 ὧν

161 1172 215 1239 εἷλε
234 1179 349 1257 πόλεων,
361 1177 461 1257 ἤραντο
482 1176 530 1247 τὴν
542 1177 632 1247 κλίνην
652 1176 675 1234 οἱ
687 1176 872 1257 λαμπρότατοι
884 1178 938 1234 τῶν

110 1290 135 1330 lo
160 1269 225 1330 νέων
240 1272 266 1328 ἐν
283 1276 337 1333 τοῖς
350 1264 420 1325 κατά
443 1265 573 1339 πολέμους
593 1264 695 1343 ίργοις·
715 1264 760 1323 καὶ
785 1263 939 1339 κομίσαντες

161 1362 197 1427 εἰς
221 1358 252 1417 ab
275 1346 449 1436 προάστειον,
470 1352 618 1430 δμάλιστα
639 1344 672 1424 ἦν
695 1353 831 1431 έπιρανές,
848 1351 938 1411 ἐθεσαν

162 1449 205 1507 ἐπὶ
219 1446 267 1517 τήν
281 1440 533 1522 παρεσκευασμένην
554 1438 658 1517 πυράν,
675 1439 938 1519 συμπροπεμπούσης

162 1534 191 1591 τὸ
203 1535 281 1608 σῶμα
302 1537 349 1603 τῆς
372 1529 474 1595 πολεως
488 1526 550 1599 ὅλης
570 1532 627 1603 μετ’
640 1528 758 1605 οἰμωγῆς
771 1551 800 1586 τε
825 1528 870 1586 καλ
894 1528 941 1586 δα-

163 1621 260 1699 κρύων.
315 1617 431 1679 Ἔπειτα
458 1615 671 1695 κατασφάξαντές
696 1641 725 1677 τε
754 1618 825 1696 αύτῷ
853 1615 939 1676 πολλά

112 1733 135 1770 rs
164 1708 323 1787 βοσκήματα
345 1707 391 1765 καλ
413 1706 466 1762 τῶν
489 1703 576 1762 ἀλλων
603 1704 782 1783 ἀπαρξάμενοι
809 1703 933 1778 πάντων,

162 1795 230 1855 dome
243 1796 374 1875 ἄνθρωποι
389 1790 568 1871 βασιλεῦσινδ,
581 1803 706 1872 στρατιᾶς
716 1793 842 1870 ἡγεμόσιν
854 1794 939 1872 ἀπάρ-

163 1908 274 1964 χονται,
296 1881 459 1963 παρέμειναν
478 1883 502 1939 οἱ
525 1882 641 1957 μάλιστα
660 1881 704 1939 τὸν
723 1882 805 1961 ἀνδρα
820 1880 938 1950 ἀαπαζό·

165 1996 238 2049 μενοι
264 1972 344 2052 μέχρι
365 1974 411 2030 τοῦ
438 1972 604 2048 μαρανθῆναι
633 1968 680 2038 τὴν
704 1969 803 2048 φλόγα·
825 1970 938 2028 κάπειτα

164 2064 353 2141 συναγαγόντες
363 2060 397 2119 τάι
411 2056 524 2138 λείψανα
539 2055 639 2138 ἔθαψαν
655 2060 681 2115 ἐν
695 2060 733 2114 τῶ
748 2058 818 2135 αὐτῷ
831 2058 938 2137 χωρίῳ,

111 2180 137 2219 20
163 2149 270 2227 χώματι
294 2148 388 2228 ὑψηλῷ
412 2144 454 2203 διά
475 2142 646 2223 πολυχειρίας
671 2144 822 2222 ἐργασθέντι
847 2149 940 2223 μνῆμα

165 2238 294 2312 ἐπίσημον
311 2233 498 2314 ἐργασάμενοι.

206 2327 264 2386 lx.
278 2324 396 2405 Μάρκιος
405 2321 453 2399 μέν
463 2322 496 2393 δή
509 2319 632 2392 τοιαύτης
644 2327 827 2404 καταστρυρῆς
839 2323 939 2404 ἔτυχεν,

165 2415 232 2493 ἀνὴρ
246 2413 292 2473 καὶ
307 2414 340 2471 τά
363 2410 476 2487 πολέμια
494 2411 597 2489 ἀριστος
613 2413 666 2469 τῶν
686 2416 745 2471 καθ’
760 2413 881 2487 ἡλικίαν,
892 2411 939 2472 καλ

164 2503 228 2581 πρὸς
243 2497 347 2569 δπάσας
359 2501 406 2569 τὰς
418 2498 511 2571 ήδονάς
526 2498 585 2558 ὅσαι
596 2499 707 2580 άρχουσι
723 2502 786 2561 νέων
800 2503 940 2581 ἐγκρατής,

111 2624 138 2663 25
164 2594 197 2651 τά
214 2618 242 2651 τε
254 2592 343 2650 δίκαια
356 2592 404 2650 ούκ
423 2588 476 2648 ἀπὸ
493 2588 574 2666 νόμου
597 2591 698 2665 μᾶλλον
713 2591 826 2670 ἀνάγκης
839 2591 883 2650 διά
897 2615 938 2648 τι-

165 2684 270 2759 μωριῶν
286 2681 341 2746 δέος
363 2677 484 2743 ἀκούσιος
504 2676 662 2754 ἀποδιδούς,
682 2681 741 2738 ἀλλ’
758 2679 824 2738 ἑκών
844 2703 873 2738 τε
894 2678 939 2738 καὶ

165 2769 286 2848 περυκὼς
299 2769 362 2847 πρὸς
378 2767 444 2827 αύτάι
464 2756 493 2825 td
510 2766 555 2824 καλ
579 2768 633 2824 οὐδ’
651 2770 676 2825 ἐν
694 2770 787 2844 ἀρετῆς
810 2768 888 2849 μοίριρ
909 2767 939 2825 τὸ

165 2855 248 2932 μηδὲν
265 2855 368 2913 ἀδικεῖν
383 2856 533 2929 τιθέμενος,
552 2854 581 2910 οὗ
597 2858 675 2925 μόνον
689 2857 713 2911 τ’
733 2855 809 2921 αὐτὸς
823 2855 939 2930 ἁγνεύειν

165 2943 218 3003 ἀπὸ
237 2944 324 3014 πάσης
349 2942 443 3007 κακίας
469 2940 699 3020 προθυμούμενος,
724 2943 793 3001 ἀλλά
813 2942 858 3000 καὶ
883 2942 941 3010 τοὺς

111 3065 138 3104 30
166 3033 259 3099 ἀλλους
277 3029 503 3110 προσαναγκάζειν
519 3030 642 3100 δικαιῶν,
658 3030 831 3110 μιγαλόρρων
852 3031 939 3088 τεκαὶ

167 3119 351 3202 δωρηματικὸς
361 3117 406 3175 καὶ
415 3117 448 3181 εἷς
459 3115 648 3194 ἐπανόρθωσιν,
659 3108 695 3174 ὧν
708 3116 811 3196 ἑκάστῳ
821 3118 875 3176 δέοι
888 3124 939 3176 τῶν

165 3211 265 3292 φίλων,
288 3207 365 3267 θπότε
385 3203 458 3283 γνοίη
481 3205 694 3284 προχειρότατος,
708 3206 740 3262 τά
765 3229 793 3262 τε
817 3208 940 3265 πολιτικὰ

165 3302 289 3380 πράττειν
307 3293 405 3360 οὐδενὸς
424 3294 519 3372 χείρων
534 3295 586 3351 τῶν
602 3297 841 3374 ἀριστοκρατικῶν·
857 3296 902 3355 καὶ
915 3300 938 3355 εἰ

166 3387 204 3462 μή
216 3388 246 3447 τδ
260 3383 400 3450 στασιάζον
418 3385 464 3451 τῆς
480 3380 578 3447 πόλεως
593 3382 714 3456 ἐμποδὼν
730 3387 808 3444 αὐτοῦ
824 3392 876 3451 τοῖς
891 3410 939 3445 πο-

112 3504 139 3543 ας
165 3477 319 3549 λιτεύμασιν
334 3472 455 3549 ἐγένετο,
475 3469 601 3545 μεγίστην
617 3468 648 3529 διν
670 3476 687 3544 ἡ
702 3470 845 3550 Ῥωμαίων
867 3473 941 3544 πόλις

166 3564 280 3623 ἐπίδοσιν
299 3564 335 3627 εἰς
350 3557 492 3637 ἠγεμονίαν
507 3562 536 3618 ἐκ
550 3563 602 3617 τῶν
625 3560 724 3621 ἐκείνου
739 3563 939 3641 πολιτευμάτων

166 3651 272 3712 ἔλαύεν.
316 3648 385 3709 Ἀλλ’
410 3650 439 3706 ού
454 3646 504 3727 γάρ
520 3649 545 3706 ίν
560 3649 662 3729 δυνατῷ
680 3643 710 3723 ἦν
722 3651 778 3728 ἅμα
796 3653 883 3721 πάσας
896 3655 941 3720 τάς

167 3741 260 3816 ἀρετὰς
275 3741 300 3796 ἐν
320 3736 458 3815 ἀνθρώπου
472 3736 592 3814 γενέσθαι
610 3738 702 3817 φύσει·
718 3739 776 3797 οὐδὲ
792 3742 886 3815 φύεταί
903 3767 941 3809 τις

167 3827 219 3883 ἀπὸ
242 3829 341 3897 θνητῶν
362 3824 407 3882 καὶ
429 3823 561 3903 ἐπικήρων
582 3825 742 3903 σπερμάτων
767 3830 827 3906 περὶ
855 3830 941 3889 πάντα

168 3914 274 3990 ἀγαθός.

209 4002 280 4059 ixl.
304 4000 416 4080 Ἐκείνῳ
430 4005 492 4079 γοῦν
509 3996 606 4066 ταύτας
627 3999 756 4074 δδαίμων
776 4000 823 4067 τάς
847 4003 942 4082 ἀρετάς

167 4088 355 4165 χαρισάμενος,
373 4091 462 4167 ἐτέρας
475 4091 521 4146 οὐκ
535 4088 650 4166 εὐτυχεῖς
664 4087 745 4165 κῆράς
765 4111 794 4145 τε
816 4089 862 4147 καί
879 4093 943 4158 ἄτας

168 4179 299 4255 προσῆψε.
342 4176 382 4234 Τὸ
398 4177 449 4255 γάρ
460 4173 532 4255 πραύ
545 4174 590 4234 καὶ
604 4175 711 4255 φαιδρὸν
726 4177 773 4235 οὐκ
790 4178 850 4249 ἐνῆν
862 4181 942 4240 αὐτοῦ

167 4267 220 4330 τοῖς
235 4265 351 4341 τρόποις,
377 4266 433 4324 οὐδὲ
452 4265 481 4324 τὸ
505 4265 690 4341 θεραπευτικὸν
711 4268 762 4324 τῶν
778 4268 861 4334 πέλας
875 4269 902 4327 ἔν
916 4274 942 4328 τ’

167 4356 316 4430 ἀσπασμοῖς
329 4353 372 4407 καὶ
384 4351 620 4430 προσαγορεύσεσι,
632 4354 689 4412 οὐδὲ
700 4353 730 4424 δή
744 4355 773 4413 rb
786 4357 942 4418 εὐδιάλλακ-

166 4465 210 4498 τον
225 4440 270 4498 xci
293 4444 483 4517 μετριοπαθές,
509 4443 587 4502 ὁπότε
608 4443 641 4500 δι’
663 4446 740 4522 όργής
763 4469 801 4523 τῳ
824 4446 940 4523 γένοιτο,

165 4529 218 4587 οὐδ’
233 4534 249 4598 i,
264 4529 350 4586 πάντα
361 4528 393 4585 τὰ
410 4530 560 4607 ἀνθρώπινα
577 4534 755 4608 ἐπικοσμοῦσα
769 4538 859 4613 χάρις·
875 4539 942 4596 ἀλλὰ

166 4618 370 4699 intermicant
386 4620 502 4698 χαλεπὸς
518 4613 562 4692 ἦν.
619 4622 710 4683 Ταῦτά
731 4645 759 4680 τε
774 4623 805 4694 δὴ
824 4626 900 4683 αὐτὸν
916 4629 941 4684 ἐν

166 4709 271 4775 πολλοῖς
290 4707 402 4786 ἔύλαψε,
421 4708 466 4764 καὶ
485 4709 589 4767 πάντων
611 4712 759 4787 μάλισταὴ
780 4713 885 4791 περὶτὰ
900 4714 940 4772 δί-

166 4821 229 4856 καια
246 4798 291 4858 καὶ
313 4794 360 4867 τήν
386 4796 505 4876 ρυλακήν
527 4801 579 4855 τῶν
598 4800 685 4875 νόμων
712 4801 826 4878 ἄκρατός
849 4825 877 4861 τε
896 4804 941 4861 καὶ

166 4888 374 4965 ἀπαράπειστος,
391 4886 436 4943 καὶ
453 4886 525 4944 οὐδὲν
541 4890 578 4965 τῷ
601 4889 713 4947 ἐπιεικεῖ
725 4890 831 4949 διδοῦσα
846 4892 941 4950 ἀποτο-

166 4971 230 5045 μία·
248 4974 315 5035 ἔοικέ
328 4978 353 5033 τ’
364 4973 458 5048 άληθές
475 4963 542 5031 εἶναι
556 4976 586 5033 τό
604 4975 653 5034 ὑπὸ
668 4980 719 5034 τῶν
732 4977 849 5054 ἀρχαίων
864 4976 940 5053 λεγό-

166 5080 243 5132 μενον
258 5064 415 5142 ριλοαόρων,
426 5063 466 5121 δτι
480 5060 622 5138 μεσότητές
636 5067 716 5135 εἶσιν,
731 5065 790 5121 ἀλλ’
805 5067 852 5124 οὐκ
865 5063 941 5146 ἀκρό-

166 5171 241 5222 τητες
256 5153 283 5208 αἱ
299 5155 350 5209 τῶν
363 5155 435 5221 ἠθῶν
451 5150 558 5229 ἀρεταὶ,
571 5149 689 5223 μάλιστα
704 5153 727 5210 δ’
746 5158 762 5225 ἡ
778 5155 938 5229 δικαιοσύνη.

990 778 1161 828 necessarium.
1196 780 1296 842 lamque
1308 776 1383 827 rebus
1393 775 1510 826 omnibus
1523 776 1630 841 paratis,
1643 791 1704 827 euru
1719 794 1781 833 curn

990 867 1015 917 irr
1025 868 1089 919 lecto
1099 868 1295 933 splendidissime
1305 871 1394 919 ornato
1404 881 1463 917 cum
1472 867 1637 933 imperatoria
1646 876 1722 922 ursle
1731 873 1781 923 col·

993 965 1129 1025 locassent,
1152 964 1265 1028 lectoque
1286 963 1341 1014 elus
1358 961 1472 1027 pralorrl
1492 962 1628 1015 iussissent
1647 966 1779 1019 manubias

993 1065 1020 1113 et
1032 1062 1110 1127 spolia
1122 1064 1148 1113 et
1158 1075 1260 1111 coronas
1270 1064 1297 1111 et
1308 1059 1428 1122 imagines
1441 1059 1543 1112 urbium
1552 1061 1588 1112 ab
1596 1076 1628 1113 eo
1638 1068 1776 1128 captarum,

994 1161 1095 1211 iuvenes
1112 1158 1266 1210 fortitudinis
1286 1158 1312 1207 iu
1330 1157 1396 1208 bello
1408 1158 1602 1222 spectatissima
1614 1160 1712 1211 lectum
1730 1163 1774 1212 bn·

993 1257 1068 1309 meris
1080 1256 1224 1308 extulerunt
1246 1274 1252 1304 :
1276 1258 1303 1305 et
1320 1268 1379 1305 cum
1397 1268 1455 1305 euru
1470 1254 1623 1307 detulissent
1638 1258 1672 1308 ad
1687 1260 1773 1310 subur-

994 1354 1078 1412 bium,
1101 1352 1168 1419 quod
1192 1353 1299 1403 maxime
1325 1356 1379 1403 orat
1408 1353 1515 1418 insigne,
1540 1369 1602 1420 rogo
1635 1362 1775 1409 constructo

993 1454 1177 1517 imposuemnl,
1190 1455 1244 1501 loto
1255 1451 1346 1516 populo
1358 1465 1416 1502 cum
1427 1452 1523 1516 gemitu
1535 1458 1562 1504 et
1577 1454 1691 1506 lacrimis
1702 1456 1773 1507 funus

995 1553 1168 1616 prosequente.
1203 1548 1289 1599 llultis
1307 1548 1397 1599 deinde
1413 1550 1531 1600 mactatis
1544 1551 1673 1612 victimis,
1689 1553 1781 1604 oblatis

996 1660 1046 1711 que
1063 1646 1178 1696 omnibus
1199 1645 1344 1696 muneribus
1364 1659 1421 1710 qnoe
1440 1646 1556 1699 homines
1579 1649 1607 1699 in
1626 1664 1710 1714 regum
1736 1649 1773 1700 vel

996 1744 1175 1808 imperatorum
1200 1743 1327 1808 exsequiis
1343 1756 1418 1807 super
1440 1757 1500 1809 rogo
1531 1744 1626 1797 ollorre
1644 1747 1733 1808 solent,
1756 1747 1773 1795 ii

995 1841 1088 1905 quibus
1099 1844 1153 1892 erat
1169 1841 1313 1892 carissimus
1324 1846 1505 1905 remanserunt,
1519 1842 1603 1894 donec
1614 1844 1713 1895 damma
1723 1845 1774 1895 larr-

996 1950 1114 1999 guesrens
1128 1938 1269 1989 subsideret
1289 1958 1295 1988 :
1319 1941 1344 1989 et
1365 1937 1454 1990 delude
1474 1939 1594 1991 collectas
1614 1941 1734 2007 reliquias
1752 1942 1775 1991 in

992 2036 1078 2089 eodem
1091 2037 1145 2087 loco
1163 2039 1299 2088 humarunt
1312 2074 1318 2095 ‚
1333 2037 1442 2087 tumulto
1452 2038 1551 2091 excelso
1561 2053 1639 2105 supra
1653 2055 1697 2091 eas
1712 2042 1777 2091 mul·

995 2138 1080 2185 torum
1097 2148 1171 2185 runnu
1189 2148 1233 2199 pro
1248 2139 1408 2185 monumento
1421 2135 1510 2201 insigni
1520 2142 1659 2188 exstructo.

1031 2336 1080 2386 Lx.
1099 2334 1208 2385 Marcius
1228 2332 1304 2397 igitur
1318 2333 1387 2384 hunc
1408 2331 1496 2384 hebuit
1518 2330 1577 2383 vilre
1593 2333 1702 2395 exitum,
1724 2335 1776 2395 vir,

997 2425 1042 2491 qui
1056 2437 1142 2473 omnes
1154 2423 1237 2472 aetatis
1257 2435 1310 2472 suae
1331 2421 1443 2472 homines
1457 2420 1551 2472 virtute
1566 2420 1656 2471 bellica
1670 2436 1776 2488 supera·

997 2514 1051 2574 vit,
1064 2515 1090 2563 et
1100 2510 1145 2576 qul
1155 2511 1270 2560 omnibus
1292 2509 1473 2574 voluptatibus,
1491 2522 1548 2574 qure
1559 2509 1686 2562 iuventuti
1697 2512 1776 2579 impe·

998 2604 1068 2660 rant,
1085 2599 1198 2664 superior
1210 2597 1265 2656 luit,
1280 2597 1452 2662 iustitiamque
1466 2597 1558 2659 coluit,
1571 2611 1622 2649 non
1639 2598 1723 2665 legum
1733 2616 1778 2666 po-

998 2690 1049 2740 tius
1060 2688 1206 2739 necessitate
1215 2687 1247 2738 ob
1256 2700 1334 2751 prena
1344 2685 1517 2748 formidinem,
1532 2700 1610 2752 qnam
1622 2693 1711 2752 sponte
1721 2704 1775 2749 sua,

997 2777 1057 2842 quia
1067 2776 1099 2827 ad
1112 2788 1167 2826 earn
1182 2779 1255 2838 aptus
1268 2778 1342 2824 natus
1361 2777 1426 2836 erat,
1443 2778 1469 2824 et
1489 2774 1613 2825 nerninem
1632 2775 1725 2828 ludere
1744 2792 1776 2827 ne

997 2866 1062 2915 inter
1076 2864 1142 2928 ipsas
1163 2863 1266 2927 quidem
1290 2862 1394 2912 virtutis
1414 2866 1500 2927 partes
1520 2863 1696 2915 mseudum
1719 2878 1775 2916 esse

997 2953 1127 3013 censebat,
1142 2966 1188 3003 nec
1209 2953 1289 3003 solum
1317 2952 1369 3017 ipse
1383 2952 1415 3001 ab
1430 2951 1499 3002 omni
1519 2951 1675 3019 improbitate
1695 2953 1774 3005 veho·

996 3045 1092 3090 menter
1112 3040 1207 3090 alienus
1228 3043 1298 3101 erat,
1312 3054 1401 3091 rernm
1420 3039 1497 3091 etiam
1513 3040 1621 3091 aliosrrd
1637 3042 1710 3092 idem
1729 3044 1774 3106 lo-

997 3129 1119 3179 cteudum
1133 3129 1184 3191 rogi
1197 3143 1298 3191 aequum
1318 3142 1372 3179 esse
1388 3127 1516 3179 iudicabat
1529 3142 1535 3173 ι
1550 3132 1653 3193 eratque
1671 3144 1776 3193 magna-

997 3219 1079 3269 nimus
1091 3232 1120 3266 ac
1136 3216 1266 3266 munilicus
1291 3221 1317 3266 et
1340 3216 1372 3268 ad
1385 3216 1524 3267 amicorum
1545 3216 1668 3281 inopiam,
1695 3220 1777 3270 sicubi

998 3321 1053 3359 eam
1073 3307 1240 3371 cognovisset,
1258 3304 1436 3356 sublevandam
1450 3307 1512 3355 nulli
1525 3307 1677 3371 optimatum
1691 3322 1776 3359 secun·

994 3391 1057 3447 dus;
1078 3397 1102 3441 ot
1119 3393 1163 3442 nisi
1185 3394 1265 3442 ciuilis
1285 3397 1375 3446 seditio
1396 3397 1450 3447 eius
1468 3395 1559 3447 studiis
1579 3398 1774 3462 promptissima,

997 3482 1023 3530 in
1036 3493 1121 3531 rerum
1133 3479 1289 3544 publicarum
1301 3478 1517 3528 administratione
1527 3477 1707 3542 impedimento
1718 3480 1776 3529 tuis·

997 3573 1049 3630 set,
1075 3570 1214 3634 respublica
1236 3571 1345 3618 Romana
1374 3566 1432 3617 inde
1458 3568 1566 3616 maxima
1587 3567 1620 3617 ad
1645 3568 1776 3632 imperium

999 3660 1147 3710 incrementa
1162 3659 1273 3722 cepisset.
1311 3655 1359 3706 Sed
1374 3654 1428 3706 lieri
1445 3669 1493 3704 non
1512 3658 1625 3718 poterat,
1647 3659 1676 3706 ut
1693 3670 1778 3707 omnes

998 3749 1071 3798 simul
1083 3748 1191 3797 virtutes
1206 3747 1350 3795 inhumana
1367 3747 1457 3794 natura
1472 3747 1573 3793 essent:
1589 3757 1636 3794 nec
1650 3745 1718 3795 ullus
1729 3760 1777 3795 un·

997 3851 1072 3900 quarn
1094 3851 1108 3886 e
1125 3835 1223 3885 nrortali
1248 3838 1273 3883 et
1291 3835 1385 3885 caduco
1400 3834 1492 3885 semine
1507 3834 1548 3883 vir
1564 3833 1679 3885 absolute
1696 3834 1779 3887 bonus

997 3925 1114 3974 nascitur.
1711 3904 1721 3915 “

1027 4015 1088 4062 Lxr.
1105 4015 1171 4061 Deus
1187 4012 1272 4075 igitur,
1291 4013 1335 4076 qui
1348 4013 1393 4063 lras
1407 4013 1515 4063 viniules
1529 4012 1565 4063 illi
1580 4012 1687 4079 largitus
1706 4019 1777 4075 erat,

997 4101 1045 4150 alia
1054 4101 1076 4149 ei
1089 4100 1151 4150 vitia
1159 4099 1267 4150 inlausta
1277 4105 1302 4149 et
1312 4101 1412 4151 morbos
1421 4100 1574 4165 perniciosos
1583 4101 1704 4152 adiunxit.
1720 4104 1775 4152 Non

997 4190 1076 4239 inerat
1090 4189 1217 4238 enimeius
1235 4189 1348 4239 moribus
1366 4188 1532 4240 mansuetudo
1551 4192 1577 4239 et
1592 4188 1712 4247 hilaritas,
1727 4202 1775 4238 nec

997 4279 1022 4327 iu
1034 4277 1224 4328 salutationibus
1236 4282 1260 4327 ot
1279 4278 1407 4341 colloquiis
1427 4277 1534 4327 aliorum
1547 4275 1664 4335 comitas,
1675 4288 1720 4324 nec
1731 4275 1774 4324 in-

996 4368 1094 4431 genium
1108 4366 1240 4430 placabile,
1254 4369 1296 4415 aut
1312 4367 1337 4415 in
1355 4365 1488 4416 aflectibus
1505 4364 1656 4424 moderatio,
1669 4365 1774 4426 quoties

997 4456 1070 4506 alicui
1087 4456 1165 4505 iratus
1181 4458 1261 4514 esset,
1278 4468 1323 4503 nec
1342 4455 1399 4517 illa,
1420 4469 1477 4519 quae
1497 4468 1583 4505 ornnes
1597 4452 1706 4503 actiones
1721 4454 1774 4504 bu-

997 4559 1082 4595 manas
1100 4547 1188 4604 ornat,
1205 4544 1308 4606 gratia:
1337 4543 1379 4592 sed
1404 4544 1508 4593 acerbus
1530 4556 1625 4607 seraper
1645 4546 1670 4592 et
1699 4556 1774 4607 asper

996 4638 1058 4683 orat.
1092 4638 1172 4696 mque
1193 4633 1246 4682 lucc
1269 4634 1290 4681 oi
1316 4647 1381 4695 saepo
1401 4631 1548 4694 obfuerunt,
1567 4631 1691 4697 praecipue
1713 4647 1774 4683 uero

997 4722 1037 4772 illa
1050 4722 1179 4770 immo-lica
1192 4727 1216 4771 el
1230 4722 1330 4770 nirrrium
1347 4721 1424 4783 rigida
1437 4735 1515 4784 noque
1530 4724 1582 4771 ulla
1597 4720 1696 4772 leuitate
1710 4725 1771 4770 tem·

996 4814 1079 4875 perata
1091 4810 1117 4859 in
1132 4811 1185 4859 iure
1198 4810 1340 4872 legibusque
1354 4810 1450 4858 luendis
1463 4810 1593 4861 seueritas.
1618 4810 1774 4869 videturque

996 4899 1020 4948 id
1032 4913 1117 4949 rerum
1130 4912 1184 4948 esse
1194 4937 1200 4957 ,
1212 4898 1281 4960 quod
1290 4897 1321 4946 ab
1333 4898 1441 4959 antiquis
1451 4898 1604 4963 pbilosophis
1618 4899 1711 4949 dictunr
1724 4901 1773 4957 est,

996 4988 1188 5049 mediocritates,
1199 5000 1246 5035 non
1257 4986 1433 5046 extremitates,
1445 5001 1499 5037 osse
1513 4988 1635 5048 virtutes,
1646 4984 1774 5050 precipue

997 5092 1056 5128 vero
1071 5077 1200 5127 iustitiam.
1212 5077 1274 5124 Num
1287 5088 1336 5122 non
1347 5074 1435 5131 solum,
1453 5076 1474 5124 si
1487 5076 1551 5125 inira
1563 5078 1663 5126 modum
1674 5074 1717 5131 sil,
1729 5088 1774 5126 re-

997 5180 1054 5217 rum
1066 5167 1140 5217 etlam
1151 5165 1172 5217 sl
1181 5162 1283 5215 modum
1293 5162 1406 5226 excedat,
1418 5163 1477 5228 ipsis
1486 5163 1627 5215 lronrinibus
1637 5163 1776 5215 conducere
