3772 5828
655 398 947 472 Antiquitatum
968 402 1114 465 ROMAN.
1137 407 1211 466 Lib.
1234 410 1257 471 l.
1714 425 1752 481 43

158 553 174 582 ι
195 549 241 601 μεν
262 529 374 608 ἀπορίφ,
393 531 457 594 θεοῖς
476 527 503 586 δὲ
522 528 656 587 κελεύουσι
675 530 837 605 πειθόμενοι,
857 534 926 613 δεῦρ’

159 641 172 668 ο
193 615 338 695 ἀφίγμεθα·
353 617 397 673 καί
411 621 491 693 ἡμῖν,
507 619 542 682 ὡς
554 615 588 673 τδι
606 616 720 696 θέσφατα
735 617 824 696 λέγει,
846 619 926 691 λιμὴν

157 729 171 759 ι
192 709 238 774 τῆς
258 703 360 774 πλάνης
385 701 428 772 ἥδ’
443 706 508 780 ἡγῆ
531 702 598 780 μόνη
614 702 744 766 λείπεται.
787 705 925 785 Ἐποριζό·

156 819 170 845 ι
193 796 260 868 μεθα
274 793 297 850 δ’
317 795 347 850 ίκ
361 795 408 860 τῆς
424 789 514 869 χώρας
534 782 572 849 ὧν
589 794 654 869 ἡμῖν
669 793 708 850 δεῖ
722 792 926 870 δυστυχέστερον

118 899 131 938 t
157 908 169 933 ι
193 882 292 954 μᾶλλον
306 880 323 949 ἢ
339 880 561 959 εὐπρεπέστερον,
574 883 609 944 ὡς
623 879 719 950 ἥκιστα
733 880 798 948 τέως
815 881 840 960 γ’
855 880 929 941 toou-

158 996 170 1019 ι
192 967 303 1044 λόμεθα.
346 967 522 1047 ’.ἀμειψόμεθα
532 967 555 1025 δ’
567 965 634 1025 αὐτὰ
644 969 752 1035 πολλαῖς
763 970 809 1028 καί
820 971 929 1046 ἀγαθαῖς

159 1085 170 1107 a
194 1056 275 1133 ἔργων
288 1053 427 1130 ἀμοιόαῖς,
440 1054 600 1133 παρέχοντες
614 1057 675 1132 ὑμῖν
690 1055 736 1114 καί
750 1055 862 1132 σώματα
881 1057 927 1115 καί

159 1172 171 1195 ι
191 1142 276 1224 ψυχὰς
297 1134 325 1202 ed
345 1143 410 1222 πρὸς
430 1141 463 1200 τὰ
486 1143 558 1203 dated
579 1142 793 1220 πεπαιδευμένας
814 1149 927 1224 χρῆσθαι

159 1260 170 1282 ι
192 1229 261 1296 dam<
286 1228 426 1309 βούλεσθε,
448 1229 496 1298 τὴν
522 1229 650 1308 ύμετέραν
672 1235 722 1309 γῆν
753 1231 926 1310 φυλάττοντες

106 1343 132 1381 ιο
158 1346 169 1370 ι
192 1316 327 1396 ἀδῄωτον,
344 1315 391 1387 τὴν
406 1315 434 1375 δὲ
456 1319 508 1374 τῶν
523 1317 656 1394 πολεμίων
675 1316 815 1398 προθύμως
830 1341 927 1396 συγκα·

158 1434 169 1458 ι
193 1404 368 1481 τακτοθμενοι.
411 1402 508 1461 Ἱκέταν
530 1405 552 1460 δ’
567 1408 640 1479 ὑμῶν
664 1405 788 1482 γινόμεθα
810 1406 848 1481 μὴ
863 1406 927 1485 πρὸς

156 1520 168 1546 ι
191 1492 270 1572 ὀργλν
282 1492 315 1551 sd
332 1490 507 1571 πεπραγμένα
516 1492 661 1567 λαμάάνειν
671 1539 679 1567 ,
691 1494 880 1569 ίνθυμηθέντας
892 1498 927 1561 ὡς

158 1607 169 1629 ι
192 1581 221 1636 ού
244 1577 290 1636 σὺν
306 1576 395 1655 θέρει,
410 1577 469 1634 ἀλλ’
484 1579 529 1637 ὑπ’
543 1579 658 1655 ἀνάγκης
672 1583 756 1637 ταῦτα
779 1581 927 1659 βιασθέντες

160 1693 171 1716 ι
194 1669 353 1741 ἐποιοῦμεν·
386 1664 456 1722 ἅπαν
487 1661 516 1722 dd
549 1664 703 1743 σύγγνωμον
735 1666 765 1724 ad
789 1667 926 1725 ἀκούσιον·

94 1775 129 1814 -ta
157 1780 170 1806 ι
193 1750 239 1812 καί
255 1755 294 1811 δεῖ
310 1757 378 1826 ὑμᾶς
391 1750 472 1827 μηδίν
489 1753 603 1812 ίναντίον
622 1755 760 1830 βουλεῦσαι
773 1753 832 1831 περὶ
849 1758 925 1828 ἡμῶν

158 1869 169 1891 ι
192 1849 283 1921 χεῖρας
297 1837 493 1920 προεχομένων·
513 1841 534 1897 εί
550 1839 577 1897 δέ
591 1839 645 1915 μὴ,
658 1839 729 1908 θεούς
743 1842 788 1898 καὶ
802 1840 926 1918 δαίμονας

156 1952 170 1980 ιι
191 1926 215 1984 οἳ
229 1928 369 2005 κατέχουσι
382 1926 457 1998 τήνδε
471 1925 519 1998 τὴν
534 1931 581 2005 γῆν
595 1929 797 2005 παραιτούμενοι
811 1929 926 2006 συγγνιίι·

159 2043 171 2066 ιι
193 2037 273 2090 μονας
293 2020 358 2091 ἡμῖν
372 2013 491 2089 γενέσθαι
508 2015 574 2092 [καί]
592 2005 628 2072 ὧν
648 2017 842 2092 ἠναγκασμένοι
858 2017 925 2094 δρῶ-

158 2130 169 2152 ι
192 2125 255 2174 μεν,
271 2103 448 2178 πειρασόμεθα
462 2103 578 2176 πολέμου
594 2102 721 2182 ἄρχοντας
736 2107 804 2179 ὑμᾶς
825 2103 924 2181 ἀμύνε-

101 2209 130 2247 oo
158 2217 170 2243 ι
192 2197 262 2249 σθαι.
305 2193 345 2251 Οθ
377 2190 426 2270 γδιρ
457 2188 487 2247 δν
509 2196 553 2249 νῦν
580 2191 686 2268 πρώτου
716 2190 773 2251 otti
800 2192 924 2271 μεγίστου

156 2304 169 2330 ιι
190 2278 305 2354 πολέμου
331 2276 399 2335 τοῦδ’
422 2275 631 2352 ἀπολαύσαιμεν.
654 2304 665 2329 ιι
695 2276 742 2344 Ὡς
763 2277 792 2337 δὲ
814 2281 888 2337 ταῦθ’
911 2286 925 2339 ό

157 2371 267 2432 Λατῖνος
284 2365 415 2439 ἤκουσεν,
433 2364 601 2441 ἀποκρίνεται
621 2363 684 2441 πρὸς
707 2364 799 2423 αὐτόν·
824 2394 836 2416 ιι
855 2365 923 2424 Ἀλλ’

157 2478 168 2500 ι
191 2451 266 2528 ἔγωγ’
282 2451 383 2509 εὔνοιάν
401 2472 430 2507 τε
441 2451 517 2527 ,πρὸς
539 2450 610 2508 tras
628 2451 657 2508 τὸ
678 2448 832 2520 Ἑλληνικὸν
853 2452 925 2530 γένος

157 2565 169 2589 ιι
191 2538 261 2616 ἔχω,
282 2538 328 2596 καί
349 2537 493 2613 συμφοραῖς
513 2535 654 2615 ἀνθρώπων
680 2538 834 2614 ἀναγκαίαις
856 2538 924 2598 πάνυ

118 2642 130 2677 ο
160 2655 169 2673 ι
193 2625 322 2703 ἄχθομαι·
340 2623 467 2692 σώζεσθαί
486 2627 509 2680 θ’
523 2628 592 2699 Ιὐμᾶς
604 2625 663 2701 περὶ
684 2627 780 2683 πολλοῦ
802 2624 833 2684 ἀν
848 2649 924 2699 ποιη-

161 2738 173 2763 ι
196 2711 311 2786 οαίμην,
327 2711 351 2770 εί
368 2733 413 2786 μοι
431 2711 504 2782 δῆλοι
526 2710 635 2791 γένοισθ’
658 2712 784 2781 οἰκήσεως
808 2713 924 2790 δεόμενοι

158 2826 169 2848 ι
192 2797 263 2868 ἥκειν
283 2801 311 2856 ἐν
326 2798 467 2876 ἀποχρώσῃ
484 2821 512 2856 τε
532 2801 580 2874 γῆς
596 2798 687 2877 μοίρᾳ,
701 2798 745 2857 καί
759 2800 823 2880 πρὸς
836 2802 923 2883 φιλίαν

157 2913 169 2937 ι
190 2890 243 2973 τοῦν
264 2884 444 2960 δοθησομένων
469 2885 630 2961 μεθέξοντες,
650 2886 710 2945 ἀλλ’
732 2891 761 2947 οὔ
781 2887 829 2960 τὴν
857 2890 923 2964 ἀμὴν

156 3003 167 3023 ι
191 2972 341 3031 δυναστείαν
364 2972 568 3052 ἀφαιρησόμενοι
582 2972 645 3050 πρδς
657 2974 726 3051 βίον.
771 2977 805 3035 Εἰ
821 2975 845 3035 δ’
860 2980 923 3037 ἀπα-

94 3080 98 3087 ’
155 3091 166 3112 ι
188 3059 324 3133 ληθεύεται
341 3064 401 3135 ύμῖν
418 3057 457 3118 ὅδ’
476 3063 490 3117 d
513 3060 603 3137 λόγος,
620 3061 718 3127 πίστεις
739 3064 837 3121 τούτοιν
858 3065 923 3131 ἀξιῶ

154 3177 167 3199 ιι
188 3149 275 3207 δοῦναι
286 3148 331 3206 καί
344 3146 451 3220 λαθεῖν,
466 3146 495 3206 αἳ
508 3147 663 3226 φυλάξουσιν
677 3155 741 3224 ἡμῖν
756 3152 863 3216 ἀδόλους
879 3151 924 3213 τὰς

153 3265 166 3289 ι
188 3237 335 3312 ὁμολογίας.

191 3324 266 3384 Llll.
278 3323 381 3383 Αἰνείου
389 3323 412 3379 δ’
422 3322 605 3390 ἐπαινέσαντος
613 3322 644 3381 τὰ
656 3324 795 3400 λεγόμενα,
808 3326 923 3400 γίνονται

154 3414 282 3480 συνθῆκαι
294 3417 348 3475 τοῖς
361 3408 456 3468 ἔθνεσιν
471 3413 510 3489 ἀφ’
524 3412 617 3489 ὁρκίων
635 3410 746 3469 τοιαίδε·
762 3411 923 3492 Ἀύοριγῑνας

92 3507 125 3547 ³⁵
156 3499 204 3576 μίν
217 3499 306 3577 Τρωσί
320 3498 407 3557 δοῦναι
417 3496 507 3577 χώραν
520 3497 583 3569 δσην
597 3496 700 3570 ἠξίουν,
713 3498 781 3577 ἀμφί
795 3499 855 3564 τοὺς
866 3522 922 3558 τετ-

153 3583 301 3665 ταράκοντα
315 3585 435 3651 σταδίους
451 3590 588 3664 πανταχοῦ
602 3584 784 3664 πορευομένοις
802 3584 855 3644 ἀπὸ
877 3592 921 3646 τοῦ

153 3674 249 3754 λόφου·
262 3673 358 3750 Τρῶας
375 3673 397 3730 δ’
411 3671 553 3751 Ἀύοριγῖσι
566 3672 648 3730 τοῦτ’
669 3674 695 3729 ἐν
712 3673 787 3751 χερσί
806 3671 922 3750 πολέμου

152 3759 331 3821 συλλαόέσθαι
344 3760 389 3817 καί
399 3759 463 3817 ὅπου
476 3759 507 3818 διν
519 3762 585 3837 ἄλλῃ
596 3761 800 3835 παρακαλῶνται
812 3784 923 3840 συστρα·

89 3917 94 3929 1
151 3849 251 3907 τεύειν·
261 3850 333 3925 κοινῇ
346 3846 368 3903 δ’
380 3845 541 3926 ἀμφοτέρους
551 3845 586 3903 τά
598 3846 714 3924 κράτισθ’
725 3846 788 3922 ὑπὲρ
803 3848 922 3916 ἀλλήλων

91 3943 124 3982 ⁴⁰
150 3934 333 4013 πράττεινκαὶ
347 3935 416 4014 χειρὶ
430 3933 475 3992 καί
486 3932 591 4012 γνώμῃ.
632 3931 788 4010 Συνθίμενοι
798 3933 825 3992 δέ
840 3941 923 3993 ταῦτα

150 4022 198 4081 καί
210 4021 306 4080 τέκνων
319 4020 454 4100 ὁμηρείαις
464 4020 511 4087 τάς
520 4020 619 4086 πίστεις
632 4019 839 4093 θεύαιώσαντες,
849 4029 922 4103 κοινῇ

152 4108 339 4186 στρατεύουσιν
353 4106 396 4165 tat
410 4107 456 4174 τδς
467 4108 556 4173 πόλεις
567 4110 618 4164 τῶν
633 4105 778 4167 Ῥοτόλων·
790 4107 824 4166 δι’
836 4109 922 4186 ὀλίγου

150 4197 182 4257 δέ
201 4197 276 4255 τάκεῖ
291 4194 379 4253 πάντα
394 4196 585 4275 χειρωσάμενοι
598 4202 720 4276 παρῆσαν
742 4196 786 4253 ἐπί
803 4196 833 4253 τό
847 4198 922 4255 πόλι-

148 4308 211 4362 σμα
223 4283 254 4342 ab
268 4282 390 4362 Τρωῖκδν
405 4282 528 4359 ἡμιτελὲς
547 4282 584 4341 ἔτ’
602 4281 647 4353 δν,
662 4283 707 4342 καί
723 4292 771 4363 μιᾷ
789 4283 921 4364 προθυμίφ

89 4383 119 4421 ⁴⁵
147 4372 248 4437 πάντες
261 4371 424 4451 χρησάμενοι
436 4370 590 4448 τειχίζουσιν
603 4371 678 4429 αὐτό.
720 4366 827 4446 Ὄνομα
844 4373 871 4430 δὲ
885 4377 922 4448 τῷ

147 4458 277 4534 κτίσματι
296 4456 402 4525 Αἰνείας
425 4458 522 4516 τίθεται
547 4452 699 4516 Λαουίνιον·
721 4459 756 4524 ὡς
778 4457 825 4535 μὲν
850 4460 922 4518 αὐτοὶ

147 4546 283 4623 Ῥωμαῖοι
293 4543 422 4622 λέγουσιν,
435 4545 487 4604 ἀπὸ
500 4549 546 4617 τῆς
555 4545 668 4604 Λατίνου
679 4544 810 4623 θυγατρὸς,
822 4538 840 4621 ᾗ
854 4551 922 4606 Ase-

146 4658 199 4694 ναν
214 4626 282 4693 εἶναί
296 4655 361 4714 φασι
373 4631 503 4712 τοῦνομα·
518 4637 553 4699 ὡς
567 4633 591 4690 δ’
612 4634 687 4692 ἄλλοι
706 4633 773 4698 τινὲς
786 4636 838 4691 τῶν
855 4632 922 4693 Ἓλ-

145 4725 265 4794 ληνικῶν
280 4722 451 4800 μυθογράφων
465 4719 568 4795 ἔλεξαν,
583 4720 636 4779 ἀπὸ
649 4724 695 4792 τῆς
709 4718 791 4780 Ἀνίου
801 4726 848 4778 τοῦ
863 4726 921 4793 Δη-

88 4825 118 4865 so
144 4811 215 4874 λέων
231 4808 358 4888 βασιλέως
374 4809 514 4888 θυγατρὸς,
530 4807 636 4876 Λαύνας
649 4808 694 4865 καὶ
708 4808 781 4879 τῆσδ’
796 4812 920 4885 ὀνομαζο-

145 4896 249 4980 μένης,
266 4890 297 4969 ἧς
319 4897 496 4967 ἀποθανούσης
516 4896 583 4977 νόσῳ
596 4895 657 4975 περί
672 4894 716 4954 τδν
737 4897 854 4972 οἰκισμὸν
875 4903 920 4968 τῆς

146 4985 253 5052 πόλεως
279 4985 385 5064 πρώτης
408 4986 454 5044 καί
479 4987 506 5044 έν
533 4973 555 5066 ᾧ
579 4986 660 5060 ἔκαμε
684 4985 775 5064 χωρίῳ
799 4987 923 5066 ταφείσης

146 5079 247 5151 μνῆμα
269 5071 389 5150 γενέσθαι
411 5073 459 5144 τὴν
478 5072 567 5132 πόλιν.
611 5074 783 5149 Συμπλεῒισαι
802 5071 824 5131 δ’
840 5074 921 5144 αὐτὴν

145 5171 204 5228 τοῖς
217 5162 311 5241 Τρωσὶ
328 5158 436 5239 λέγεται
448 5161 565 5219 δοθεῖσαν
585 5162 635 5219 θπδ
648 5165 695 5218 τοῦ
715 5159 814 5239 πατρὸς
829 5163 920 5243 Atreis

982 564 993 585 ι
1011 543 1056 593 bac
1076 544 1256 607 habitabimus,
1269 548 1420 613 deorumque
1438 553 1558 604 inundatis
1573 565 1684 618 parentes
1704 562 1753 613 huc

982 654 993 676 ιι
1013 637 1166 697 pervenimus
1182 657 1188 686 :
1207 638 1248 687 hic
1262 639 1327 687 enim
1342 640 1484 704 aolusager,
1502 647 1530 693 ut
1547 649 1644 699 oracula
1657 653 1750 715 signill-

983 748 993 767 ιι
1014 731 1115 786 rerunt,
1133 733 1271 778 nostrorum
1288 744 1398 780 errorum
1415 736 1500 795 portus
1514 736 1585 785 noble
1600 740 1751 804 relinquitur.

982 838 994 861 ιι
1013 820 1059 867 lies
1080 832 1139 868 vero
1154 820 1224 869 nobis
1239 822 1389 872 necessarias
1402 836 1433 873 ex
1452 823 1499 874 boc
1517 840 1574 887 agro
1588 832 1751 893 parabamus,

982 931 994 953 ιι
1012 911 1164 960 miseriarum
1186 916 1326 962 nostrarum
1346 914 1462 965 maiorem
1475 932 1550 980 quaru
1564 920 1697 974 honestetis
1722 940 1752 976 ac

982 1018 993 1042 ιι
1011 1000 1093 1051 decori
1108 1003 1227 1052 rationem
1240 1003 1358 1054 babentes
1377 1020 1383 1049 :
1401 1007 1465 1070 quorl
1481 1014 1547 1058 certe
1565 1010 1693 1076 bucusque
1708 1029 1752 1065 ne·

982 1115 993 1137 ι
1012 1107 1135 1157 quaquam
1150 1094 1252 1144 libenter
1269 1096 1379 1148 lecimus.
1414 1098 1461 1146 sed
1481 1098 1526 1147 bas
1541 1100 1643 1152 iniurias
1662 1106 1749 1157 multis

982 1207 994 1228 a
1012 1185 1154 1248 magnisque
1164 1186 1291 1236 beneficiis
1303 1190 1532 1254 compensabimus,
1550 1193 1689 1257 praebentes
1708 1212 1752 1247 νο-

983 1297 995 1321 ιι
1012 1277 1087 1327 biset
1101 1291 1202 1341 corpora
1214 1282 1239 1327 et
1251 1278 1344 1328 ammos
1355 1279 1417 1330 bene
1432 1281 1457 1330 iu
1470 1284 1584 1346 periculis
1596 1289 1752 1349 exercitatos,

983 1389 994 1410 ιι
1014 1372 1041 1417 ul
1059 1367 1120 1432 ipsis
1131 1382 1176 1431 pro
1191 1368 1293 1419 arbitrio
1304 1371 1406 1419 utamini
1422 1392 1428 1421 ι
1443 1386 1578 1436 agrumque
1592 1381 1702 1427 restrum
1714 1380 1751 1428 in·-

983 1480 994 1503 ι
1013 1463 1107 1510 tactum
1120 1460 1289 1521 servabimus,
1303 1464 1328 1511 et
1341 1462 1364 1510 in
1381 1461 1491 1513 bostium
1508 1477 1568 1527 agro
1585 1468 1691 1529 parando
1707 1484 1751 1519 ros
1801 1453 1805 1459 ¹

982 1569 994 1593 ιι
1013 1551 1126 1602 alacriter
1143 1551 1291 1602 lavabimus.
1324 1556 1424 1616 Vosque
1447 1556 1590 1619 suppliciter
1607 1573 1707 1629 oramus
1723 1576 1754 1611 ne

983 1664 995 1688 a
1013 1641 1046 1692 ob
1067 1645 1124 1691 ante
1137 1646 1192 1691 acta
1209 1642 1356 1703 irascamini,
1375 1647 1517 1707 reputantes
1536 1661 1584 1697 uon
1603 1651 1697 1700 iniurias
1715 1652 1753 1702 la-

982 1755 993 1777 ιι
1013 1734 1107 1785 ciendos
1117 1748 1206 1793 causa,
1217 1734 1261 1784 sel
1270 1735 1416 1787 necessitate
1428 1741 1529 1788 coactos
1539 1754 1583 1789 nos
1593 1741 1648 1790 llaec
1658 1742 1752 1792 iecisse.

981 1846 993 1870 ιι
1011 1828 1179 1876 οιιιιιοουίοοι
1189 1829 1317 1887 peccatum
1329 1839 1377 1875 uon
1386 1826 1551 1878 voluntarium
1563 1831 1631 1880 renis
1642 1831 1748 1894 dignum.

981 1938 992 1960 ιι
1010 1920 1090 1979 Atque
1102 1916 1175 1967 decet
1185 1931 1229 1965 vos
1239 1916 1299 1965 nibil
1311 1917 1409 1979 gravius
1418 1919 1444 1967 iu
1457 1932 1500 1968 nos
1515 1922 1631 1982 statuere,
1646 1923 1688 1985 qui
1703 1938 1742 1973 ma

980 2024 993 2050 ιι
1010 2019 1057 2055 uus
1069 2005 1189 2068 supplices
1201 2005 1271 2055 vobis
1281 2004 1414 2056 tendimus.
1448 2007 1544 2071 Alioqui
1555 2010 1614 2059 deos
1624 2025 1653 2061 ac
1666 2014 1751 2074 genios

980 2115 992 2138 ι
1012 2096 1055 2159 qui
1072 2096 1136 2145 lianc
1151 2097 1272 2159 regionem
1291 2099 1374 2145 teuent
1388 2097 1551 2161 precabimur.
1564 2104 1593 2150 ut
1605 2102 1677 2153 nobis
1693 2105 1750 2154 deut
1845 2094 1848 2101 ¹

980 2206 992 2229 ι
1010 2185 1106 2235 reniam
1130 2185 1267 2234 laciuorum
1288 2198 1345 2249 qum
1363 2186 1444 2236 coacti
1471 2187 1589 2251 iacimus,
1609 2194 1683 2252 etque
1707 2205 1752 2242 ros

981 2298 992 2320 a
1012 2277 1106 2326 initium
1129 2275 1188 2327 balb
1212 2277 1327 2326 iacientes
1344 2277 1486 2340 propulsare
1507 2280 1659 2331 conabimur.
1698 2285 1751 2333 tluc

980 2387 992 2410 ι
1011 2368 1076 2417 enim
1096 2367 1187 2418 bellum
1204 2381 1249 2417 nec
1268 2366 1374 2431 primum
1392 2381 1438 2418 nec
1459 2369 1594 2418 maximum
1606 2370 1653 2420 erit
1665 2384 1749 2423 eorum

980 2476 991 2498 ιι
1009 2470 1065 2520 quta
1073 2458 1121 2508 iam
1132 2470 1218 2506 sumus
1233 2457 1334 2520 experti.
1351 2476 1363 2501 ιι
1376 2460 1438 2515 Qum
1450 2472 1507 2507 cum
1517 2459 1617 2509 Latinus
1628 2459 1750 2521 audisset,

979 2544 1146 2606 respondite«
1162 2544 1281 2606 Equidem
1303 2545 1425 2594 universas
1441 2545 1508 2608 genti
1526 2548 1668 2597 Graecorum
1688 2548 1748 2598 bene

981 2650 992 2671 ιι
1010 2631 1066 2677 voto
1078 2633 1102 2679 et
1113 2629 1227 2679 tatalibus
1236 2630 1363 2680 bominum
1372 2631 1473 2681 casibus
1486 2632 1643 2683 vehementer
1655 2649 1731 2698 angor
1744 2657 1750 2685 ι

979 2737 991 2760 ιι
1008 2720 1164 2778 vestramque
1178 2718 1281 2767 salutem
1295 2719 1390 2782 plurimi
1410 2720 1511 2778 tactam,
1529 2720 1550 2768 si
1563 2721 1623 2770 mibi
1636 2735 1748 2785 comper·

978 2826 990 2849 ιι
1008 2811 1060 2856 tum
1072 2807 1145 2856 luerit
1159 2820 1203 2856 vos
1213 2806 1313 2858 sedibus
1328 2808 1352 2857 in
1371 2810 1422 2870 agri
1433 2810 1544 2871 portione
1556 2810 1685 2859 sullicienti
1700 2813 1750 2862 tore

978 2914 990 2938 ο
1008 2899 1148 2953 contentae.
1161 2899 1186 2944 et
1197 2895 1279 2945 auimo
1293 2896 1372 2945 amico
1385 2899 1528 2958 accepturos
1546 2909 1603 2958 qua
1621 2898 1691 2946 vobis
1702 2899 1750 2947 da·

978 3001 991 3024 ιι
1007 2982 1105 3040 buntur,
1119 2994 1163 3029 uec
1175 2994 1257 3030 meum
1271 2982 1401 3044 imperium
1413 2995 1457 3044 per
1471 2981 1521 3031 vim
1531 2986 1667 3045 erepturus.
1703 2986 1750 3033 Sed

978 3089 989 3111 ι
1008 3068 1028 3117 si
1040 3082 1097 3118 uera
1109 3072 1166 3118 suut
1179 3081 1237 3131 quea
1257 3069 1345 3127 dicitis,
1367 3075 1424 3132 peto
1438 3074 1465 3119 ut
1482 3084 1526 3133 pro
1539 3069 1577 3119 bis
1596 3071 1670 3120 rebus
1689 3072 1751 3121 srdes

978 3175 990 3198 ι
1008 3156 1073 3206 ultro
1084 3157 1276 3220 citroquedetur
1286 3160 1312 3206 et
1325 3157 1465 3220 accipiatur,
1479 3170 1535 3220 quae
1549 3158 1629 3207 ludus
1639 3161 1750 3209 nostrum

978 3258 990 3281 ι
1010 3241 1062 3289 siue
1072 3240 1129 3290 doto
1142 3242 1207 3290 malo
1222 3242 1315 3291 tactum
1326 3242 1427 3293 sauciet.

1006 3330 1067 3377 Llll.
1079 3331 1143 3377 Cum
1156 3332 1239 3378 autem
1255 3331 1343 3379 AEneas
1359 3329 1424 3379 dictu
1436 3329 1578 3394 probasset,
1592 3332 1672 3381 trcdus
1685 3333 1750 3383 inter

977 3429 1019 3465 eos
1033 3415 1192 3466 iureiurando
1203 3417 1326 3465 sarmatum
1344 3417 1384 3465 his
1402 3418 1580 3467 conditionibus
1593 3419 1668 3468 ictum
1686 3422 1724 3469 est
1740 3441 1747 3469 ι

977 3506 1006 3551 ut
1016 3502 1157 3565 Aborigines
1168 3506 1264 3552 tautum
1276 3503 1328 3565 egri
1337 3503 1445 3552 troianis
1458 3504 1543 3552 darant
1552 3506 1671 3566 quantum
1681 3509 1750 3569 pete·

976 3590 1049 3644 baut.
1064 3604 1078 3637 a
1095 3590 1156 3638 colle
1174 3602 1362 3652 quoquoversus
1377 3591 1491 3640 casulibus
1505 3591 1584 3641 studia
1597 3593 1695 3642 circiter
1709 3608 1751 3652 aa,

976 3680 1072 3728 Troiani
1084 3692 1142 3728 raro
1150 3682 1177 3728 et
1189 3680 1214 3727 iu
1226 3678 1339 3742 presenti
1351 3679 1415 3728 bello
1428 3679 1569 3742 Aborigines
1582 3679 1711 3741 iuvarent,
1722 3687 1748 3732 et

977 3780 1033 3816 cum
1050 3766 1110 3829 ipsis
1121 3766 1255 3815 militarent
1270 3779 1418 3829 quocunque
1435 3771 1597 3830 occaecatum
1610 3773 1636 3819 et
1650 3771 1748 3834 utrique

977 3855 1085 3904 uicissim
1103 3858 1155 3904 tam
1168 3868 1243 3904 mauu
1254 3867 1329 3916 quam
1345 3854 1447 3904 consilio
1460 3857 1569 3906 lacerent
1585 3857 1701 3920 quicquid
1716 3858 1748 3908 ad

975 3956 1130 3992 communem
1141 3942 1271 3992 utilitatem
1282 3943 1387 3992 maxime
1401 3945 1531 4006 spectaret.
1575 3947 1635 3994 llaec
1648 3946 1712 3997 inter
1721 3960 1748 3996 se

975 4031 1057 4094 pacti,
1074 4030 1196 4093 sudemque
1216 4044 1258 4094 per
1273 4030 1362 4080 liberos
1377 4030 1474 4081 obsides
1489 4031 1616 4082 lirmantcs
1634 4047 1746 4083 rotumu-

979 4132 1035 4168 uem
1055 4118 1233 4182 expeditionem
1254 4122 1339 4168 mutua
1366 4120 1510 4169 Rutulorum
1533 4120 1607 4171 urbes
1628 4121 1746 4173 lecerunt.

978 4208 1040 4257 Cum
1062 4210 1145 4256 autem
1169 4206 1238 4255 breui
1260 4207 1340 4256 ornnia
1353 4207 1449 4256 illorum
1464 4207 1488 4256 iu
1509 4221 1580 4258 suam
1603 4213 1748 4272 potestatem

976 4297 1140 4359 reslegissent,
1153 4296 1184 4345 ad
1195 4297 1392 4359 semiperfectum
1404 4297 1565 4348 Troianomm
1582 4298 1699 4361 oppidum
1710 4311 1747 4347 re·

976 4385 1090 4444 dierunt,
1112 4396 1243 4446 omnesque
1262 4384 1286 4432 id
1307 4384 1359 4447 pari
1376 4385 1501 4435 alacritate
1525 4386 1745 4436 courmuuivemot.

977 4473 1041 4520 tluic
1050 4474 1132 4520 autem
1141 4471 1254 4521 absoluto
1265 4474 1353 4521 AEncas
1364 4486 1452 4523 nomeu
1460 4474 1587 4523 Lavinium
1600 4472 1705 4524 iudidita
1719 4477 1746 4521 ut

975 4560 1023 4622 ipsi
1047 4559 1144 4620 quidem
1163 4561 1265 4609 ltomaui
1281 4560 1381 4619 dicunt,
1400 4574 1415 4608 a
1435 4562 1513 4611 Latini
1528 4561 1592 4620 lilia,
1615 4576 1670 4624 quaa
1692 4581 1698 4609 ι
1718 4562 1746 4608 ut

975 4646 1060 4709 aiunt)
1074 4650 1157 4698 Lauua
1169 4648 1309 4709 vocabatur,
1322 4653 1350 4698 ut
1365 4649 1406 4698 alii
1424 4663 1483 4698 vero
1498 4650 1597 4712 quitiam
1613 4648 1690 4697 Grecci
1706 4648 1745 4694 la·

974 4734 1087 4785 bolarum
1102 4737 1234 4800 scriptores
1245 4737 1414 4796 tradiderunt,
1430 4738 1461 4787 ab
1474 4739 1528 4786 Auii
1544 4736 1666 4783 Deliomm
1679 4735 1744 4794 regis

975 4823 1040 4881 lilia,
1060 4823 1100 4873 cui
1115 4829 1140 4874 et
1156 4824 1201 4888 ipsi
1215 4827 1304 4875 Lauues
1314 4839 1402 4876 nomeu
1417 4828 1484 4882 erat,
1498 4824 1543 4872 bac
1554 4822 1641 4870 morbo
1656 4819 1745 4868 exstin-

974 4911 1015 4958 cta
1028 4909 1088 4959 dum
1110 4910 1176 4973 prior
1187 4910 1248 4960 urbs
1262 4911 1416 4969 conderetur,
1435 4913 1461 4958 et
1479 4909 1545 4957 ineo
1560 4907 1613 4968 ipso
1634 4905 1686 4952 loco
1700 4918 1741 4955 se·

973 4997 1042 5060 pulta
1054 4997 1078 5045 iu
1095 5012 1144 5061 quo
1152 4998 1275 5049 laborarat
1284 5037 1290 5059 ,
1300 5012 1388 5047 nomeu
1399 4997 1424 5046 id
1436 4997 1460 5044 iu
1469 4992 1610 5042 memoriam
1620 4992 1672 5041 eius
1686 4991 1743 5042 urbi

973 5096 1027 5133 csse
1042 5084 1191 5147 impositum.
1225 5087 1283 5133 Earn
1298 5086 1381 5133 autern
1398 5095 1455 5130 cum
1474 5079 1583 5151 Troianis
1600 5080 1741 5143 raugam,

974 5185 989 5220 a
1000 5175 1070 5235 patre
1083 5170 1166 5231 datam
1177 5173 1259 5220 AEuea
1274 5169 1368 5231 roganti
1375 5202 1383 5230 ,
1396 5166 1463 5231 quod
1476 5168 1546 5216 vates
1561 5170 1635 5233 atque
1646 5168 1742 5231 sapiens
