3772 5828
316 464 759 725 arour'aror
796 449 801 461 ¹
835 676 840 689 ,
879 690 885 699 ,

416 781 668 843 ΑΛΕΞΑΝΔΡΟΥ

249 960 837 1055 ΑΛΙΚΑΡΝΑΣΕΩΣ

264 1166 488 1235 eunuruua
510 1170 820 1247 nexuronorur

409 1343 512 1390 ΛΟΓΟΣ
529 1342 665 1391 ΠΡΩΤΟΣ.

191 1666 213 1723 Ι.
237 1663 306 1731 Tol<
328 1664 449 1729 είωθότας
473 1664 640 1722 ἀποδίδοσθαι
661 1666 687 1722 έν
712 1675 764 1729 τοῖς
784 1663 928 1744 προοιμίοις

147 1758 204 1813 τῶν
218 1757 342 1834 ἱστοριῶν
356 1752 446 1830 λόγους
461 1753 557 1823 ἥκιστα
572 1753 726 1832 βουλόμενος
747 1754 928 1831 ἀναγκάζομαι

148 1844 213 1922 περὶ
231 1847 344 1918 ἐμαυτοῦ
367 1850 516 1921 προειπεῖν,
540 1840 593 1898 οὔτ’
609 1844 635 1899 ἐν
658 1842 712 1919 τοῖς
733 1841 805 1909 ἰδίοις
824 1841 926 1918 μέλλων

149 1932 307 1999 πλεονάζειν
323 1928 454 2002 ἐπαίνοις,
475 1928 518 1995 οῦς
538 1932 660 2008 ἐπαχθεῖς
684 1922 742 1989 οἱδα
758 1929 926 2011 ραινομίνους

105 2046 120 2083 ε
147 2020 204 2084 τοῖς
225 2018 379 2089 ἀκούουσιν,
398 2017 456 2077 οὔτε
477 2018 601 2084 διαάολάς
622 2019 680 2077 καθ’
695 2019 790 2097 έτέρων
810 2017 929 2097 ἐγνωκὼς

147 2107 286 2165 ποιεῖσθαι
306 2107 493 2185 συγγραφέων,
509 2105 599 2186 ὥσπερ
616 2107 784 2181 Ἀναξιμένης
798 2109 842 2167 καί
859 2110 928 2170 Θεό-

148 2217 257 2269 πομπος
283 2199 309 2254 ἐν
334 2197 385 2262 τοῖς
404 2197 550 2273 προοιμίοις
573 2200 624 2254 τῶν
648 2201 767 2276 ἱστοριῶν
784 2199 929 2270 ἐποίησαν,

150 2282 224 2343 ἀλλά
249 2282 308 2348 τοῦς
331 2285 445 2358 ἐμαυτοῦ
469 2282 610 2359 λογισμοὺς
632 2284 862 2361 ἀποδεικνύμενος,
890 2275 927 2351 οἷς

148 2372 311 2450 ἐχρησάμην
326 2369 362 2429 ὅτ’
379 2370 422 2427 ἐπί
434 2369 531 2437 ταύτην
543 2369 656 2449 ὥρμησα
672 2371 720 2442 τὴν
734 2373 928 2450 πραγματείαν,

103 2470 121 2511 lt
147 2460 275 2537 καὶπερὶ
295 2461 346 2515 τῶν
364 2460 488 2536 ἀρορμῶν
505 2456 642 2523 ἀποδιδοὺς
664 2458 762 2534 λόγον,
779 2459 806 2527 ἐξ
828 2450 865 2517 ιῖιν
881 2459 928 2530 τὴν

147 2546 298 2625 ἐμπειρίαν
327 2543 421 2602 έλαύον
449 2546 500 2601 τῶν
525 2544 742 2623 γραφησομένων.
786 2545 928 2617 ‘hosteim

144 2634 210 2713 γὰρ
230 2633 269 2689 ὅτι
285 2633 323 2689 δεῖ
336 2630 395 2697 τοὺς
408 2631 628 2711 προαιρουμένους
642 2640 758 2709 μνημεῖα
770 2637 816 2703 τῆς
834 2637 930 2692 ἑαυτῶν

145 2724 247 2804 ψυχῆς
260 2721 313 2786 τοῖς
327 2719 531 2796 ἐπιγιγνομένοις
542 2721 711 2792 καταλιπεῖν,
730 2720 747 2779 ἀ
761 2722 798 2798 μὴ
813 2745 927 2802 συναρα-

145 2810 308 2879 νισθήσεται
331 2808 384 2873 τοῖς
407 2806 527 2885 σώμασιν
553 2809 638 2867 αὐτῶν
667 2811 719 2867 ύπὸ
747 2815 792 2868 τοῦ
816 2810 929 2890 χρόνου,

103 2918 122 2959 is
146 2900 196 2957 καὶ
209 2898 317 2955 πάντων
338 2896 455 2972 μάλιστα
474 2896 533 2964 τοὺς
547 2900 742 2979 ἀναγράφοντας
757 2900 882 2977 ἱστορίας,
903 2905 928 2960 ἐν

147 2978 194 3052 αἱς
205 2987 378 3063 καθιδρῦσθαι
393 2985 440 3057 τὴν
456 2986 579 3057 ἀλήθειαν
592 2982 717 3071 [ἅπαντας
744 2989 930 3065 ύπολαμθάνο·

152 3097 203 3149 μεν
220 3073 305 3152 ἀρχὴν
324 3073 471 3153 φρονήσεώς
486 3099 514 3133 τε
537 3076 582 3132 καὶ
603 3074 694 3154 σορὶας
709 3099 810 3154 ουσαν,
826 3080 930 3156 πρῶτον

150 3162 202 3237 μὲν
217 3164 353 3227 ὑποθέσεις
369 3168 551 3241 προαιρεῖσθαι
564 3164 645 3232 καλάς
665 3164 710 3222 καὶ
724 3166 931 3245 μεγαλοπρεπεῖς

149 3250 198 3308 καί
217 3248 317 3320 πολλὴν
332 3250 458 3330 ῶρέλειαν
477 3259 530 3317 τοῖς
551 3251 772 3331 ἀναγνωσομένοις
786 3254 930 3334 φερούσας·

103 3364 125 3406 η
151 3337 249 3394 ἔπειτα
263 3340 507 3415 παρασκευάζεσθαι
521 3339 567 3405 τάς
581 3340 741 3411 ἐπιτηδείους
754 3343 790 3408 εἱς
805 3342 852 3411 τὴν
868 3344 931 3400 ἀνα-

150 3426 259 3506 γραρην
284 3430 330 3497 τῆς
347 3427 491 3494 ὑποθέσεως
516 3428 635 3508 ἀρορμίις
659 3429 726 3504 μετὰ
749 3432 849 3498 πολλῆς
872 3431 931 3487 άπι-

152 3513 264 3591 μελείας
280 3538 308 3573 τε
334 3516 378 3572 καὶ
401 3516 563 3596 φιλοπονίας.
607 3520 642 3577 Οἱ
660 3517 707 3592 μὲν
719 3518 769 3596 γάρ
786 3516 851 3594 ύπέρ
873 3518 933 3576 ἀδό·

151 3603 207 3671 ξων
237 3601 396 3680 πραγμάτων
423 3604 441 3675 ἢ
471 3608 592 3680 πονηρῶν
618 3604 635 3675 ἢ
661 3606 791 3680 μηδεμιᾶς
821 3606 934 3676 σπουδῆς

151 3689 238 3758 ἀξίων
263 3690 394 3769 ἱατορικάς
421 3690 634 3769 καταῦαλόμενοι
661 3692 858 3771 πραγματείας,
883 3691 933 3751 εἴτε

103 3806 124 3847 η
151 3783 202 3839 τοῦ
234 3781 368 3858 προελθεῖν
400 3781 434 3846 εἱς
463 3783 558 3858 γνῶσιν
591 3779 740 3861 ὀρεγόμενοι
769 3780 814 3837 καὶ
845 3789 933 3860 τυχεῖν

151 3867 341 3936 ῦπαιοοδῆπστ*
353 3866 491 3944 ὀνόματος,
512 3868 565 3926 εἴτε
584 3869 734 3948 περιουσίαν
749 3866 934 3936 ἀποδείξασθαι

152 3959 203 4026 τῆς
218 3954 281 4031 περὶ
296 3953 387 4032 λόγους
400 3957 535 4033 δυνάμεως
547 3956 712 4035 βουλόμενοι,
735 3955 793 4015 οὔτε
805 3960 852 4027 τῆς
868 3956 933 4034 γνώ-

151 4065 222 4103 σεως
248 4044 385 4112 ζηλοῦνται
410 4043 483 4122 παρά
507 4047 558 4102 τῶν
585 4045 774 4121 ἐπιγενομένων
801 4043 861 4104 οὔτε
887 4049 934 4116 τῆς

153 4128 295 4203 δυνάμεως
320 4132 502 4201 ἐπαινοῦνται,
530 4130 604 4199 δόξαν
632 4131 850 4209 ἐγκαταλιπόντες
882 4132 934 4197 τοῖς

103 4246 127 4287 ,3
152 4213 388 4291 ἅναλαμὸάνουσιν
411 4219 497 4276 αὐτῶν
522 4216 567 4284 τάς
588 4218 724 4296 ἱστορίας,
739 4218 779 4276 ὅτι
801 4219 933 4285 τοιούτους

154 4305 295 4375 ἐζήλωσαν
311 4302 384 4361 αὐτοὶ
406 4304 493 4381 Ιθίους,
521 4304 576 4370 οἱας
598 4304 726 4372 ἐξέδωκαν
749 4305 795 4373 τάς
820 4307 934 4385 γραράς·

153 4394 281 4456 ἐπιεικῶς
304 4389 356 4470 γάρ
382 4391 494 4459 ἅπαντες
512 4393 659 4470 νομίζουσιν
683 4392 783 4459 εἰκόνας
807 4384 874 4453 εἶναι
888 4398 935 4466 τῆς

155 4481 274 4540 έκάστου
295 4481 381 4559 ψυχῆς
403 4479 460 4545 τοῦς
474 4481 574 4558 λόγους.
618 4484 655 4541 Οἱ
681 4482 707 4540 δὲ
732 4480 934 4562 προαιρούμενοι

155 4568 205 4641 μὲν
234 4569 283 4633 τὰς
295 4568 437 4647 κρατίστας
452 4568 606 4645 ὑποθέσεις,
628 4571 686 4639 εἰκῆ
700 4571 727 4627 δὲ
747 4571 792 4627 καὶ
814 4571 934 4650 ῥαθύμοις

104 4676 128 4716 δ
155 4657 242 4721 εὖτ-ἂς
265 4654 427 4721 συντιθέντες
442 4658 472 4715 ἐκ
487 4660 537 4714 τῶν
550 4658 726 4736 ἐπιτυχόντων
741 4658 932 4735 ἀκουσμάτων,

152 4745 250 4806 ούδένα
275 4743 342 4822 ἐπέρ
368 4749 414 4816 τῆς
443 4746 617 4826 προαιρέσεως
641 4745 746 4803 έπαινυν
769 4746 934 4822 κομίζονται·

149 4842 179 4895 οὗ
200 4831 257 4912 γάρ
282 4832 404 4909 ἀξιοῦμεν
425 4834 605 4913 αὐτοσχεδίους
630 4834 687 4893 siit
709 4832 837 4914 ῥᾳθύμους
867 4824 933 4894 εἶναι

147 4924 195 4990 τὰς
214 4922 280 5000 περί
293 4944 321 4979 τε
335 4920 437 4980 πόλεων
454 4920 561 4991 ένδοζων
576 4920 620 4980 καί
640 4923 739 5002 ἀνδρῶν
754 4926 780 4981 ἐν
796 4922 934 5006 δυναστεία

148 5011 304 5092 γεγονότων
320 5008 537 5091 ἀναγραφομένας
553 5010 678 5089 ἱστορίας.
720 5013 746 5070 Τ
747 5014 815 5068 αῦτα
838 5007 870 5080 δέ,
887 5033 932 5069 νο-

103 5112 127 5151 ts
151 5101 236 5178 μίαας
256 5100 393 5175 ἀναγκαῖα
414 5098 458 5155 καὶ
476 5101 567 5177 πρῶτα
584 5098 745 5179 θεωρήματα
759 5105 811 5165 τοῖς
831 5099 931 5178 ἱστορι·

230 5216 357 5257 monitu.

1168 546 1553 689 ‚blhhlsll

1237 790 1457 854 huuxnuuut
1476 795 1510 855 F.

1002 884 1748 1133 unereluulssuusrs

1061 1168 1335 1241 ROllANARUM
1360 1169 1685 1255 ANTIQUITATUM

1254 1346 1345 1395 LIBER
1362 1340 1488 1394 Pthlb'S.

1016 1678 1035 1725 l.
1054 1675 1168 1725 llatioues
1181 1689 1241 1739 qua
1251 1676 1277 1726 in
1288 1675 1449 1729 historiarum
1460 1679 1586 1741 prommiis
1599 1678 1668 1729 reddi
1681 1681 1765 1731 solent

988 1776 1050 1827 licet
1060 1776 1160 1827 minime
1170 1778 1261 1837 selim,
1277 1779 1369 1828 tamen
1388 1777 1422 1829 ἀσ
1437 1791 1480 1829 me
1493 1792 1592 1842 quoque
1608 1780 1708 1843 preclari
1724 1795 1763 1830 ne

990 1890 1059 1927 cesse
1081 1877 1181 1927 habco:
1205 1890 1291 1927 rerum
1315 1891 1361 1927 nee
1379 1878 1526 1942 inpropriis
1548 1879 1680 1933 laudibus.
1702 1894 1764 1944 quas

990 1977 1113 2027 audituris
1128 1977 1244 2027 molestus
1267 1977 1345 2027 rideri
1364 1977 1430 2030 seio.
1448 1978 1543 2029 (liutius
1557 1978 1697 2039 immorari,
1719 1993 1764 2030 nee

989 2077 1051 2127 alios
1060 2077 1193 2142 scriptores
1207 2077 1337 2127 calumniis
1355 2078 1480 2139 exagitare
1493 2078 1585 2139 statui,
1603 2079 1762 2141 qrreuradmo

989 2177 1050 2227 dum
1062 2177 1226 2228 Anaximenes
1248 2182 1274 2228 ct
1286 2179 1459 2242 Theopompus
1475 2178 1500 2226 iu
1515 2177 1673 2228 historiarum
1683 2193 1762 2242 prooe·

988 2278 1044 2328 miis
1059 2280 1186 2339 iecerunt;
1200 2278 1243 2327 sed
1256 2291 1310 2327 rusa
1324 2277 1426 2327 consilia
1438 2277 1535 2341 aperire
1544 2276 1656 2333 decrevi.
1670 2278 1763 2340 quibus

989 2377 1110 2441 impulsus
1124 2379 1233 2426 animum
1249 2377 1281 2426 ud
1299 2377 1427 2440 hocopus
1445 2376 1642 2440 componendum
1662 2377 1767 2441 appule-

987 2479 1049 2540 rim,
1068 2480 1094 2528 et
1111 2479 1232 2527 rationem
1247 2476 1351 2528 reddere
1367 2478 1523 2540 lucullutum,
1539 2493 1583 2543 per
1601 2492 1664 2541 quus
1680 2492 1762 2528 rerum

986 2578 1173 2629 scribendarum
1197 2579 1360 2641 cognitionem
1380 2580 1485 2643 adeptus
1512 2592 1576 2629 sum.
1610 2581 1761 2629 Persuasum

987 2680 1052 2728 euim
1071 2677 1131 2727 inibi
1151 2682 1204 2737 est,
1224 2678 1252 2728 iis
1271 2679 1314 2741 qui
1333 2680 1419 2729 roluut
1436 2679 1474 2728 sui
1491 2679 1580 2743 ingenii
1601 2685 1757 2729 monumenta

986 2779 1091 2841 posteris
1111 2779 1263 2843 relinquere,
1276 2792 1333 2842 quae
1354 2778 1454 2829 minime
1470 2793 1518 2828 una
1540 2793 1597 2829 eum
1618 2779 1760 2842 corporibus

987 2882 1112 2929 vetustate
1125 2879 1260 2940 deleamur,
1270 2892 1299 2928 ae
1313 2878 1436 2943 principue
1451 2878 1483 2928 iis
1497 2878 1540 2941 qui
1558 2878 1669 2928 scribunt
1684 2877 1761 2927 histo·

988 2984 1052 3043 rias,
1067 2985 1196 3048 inquibus
1212 2985 1355 3046 resiluisse,
1376 2984 1513 3049 prudentius
1527 2988 1553 3034 ct
1563 2983 1689 3047 sapientire
1710 2984 1762 3033 luu-

988 3084 1147 3149 damentum,
1172 3087 1296 3136 conditum
1310 3100 1404 3138 ,omnes
1433 3086 1621 3145 existimamus,
1654 3085 1760 3148 primurn

986 3187 1096 3251 eligenda
1120 3202 1174 3238 esse
1192 3192 1335 3250 argumenta
1352 3188 1469 3252 prseelaru
1496 3190 1520 3237 et
1538 3186 1761 3251 metuendumque·

987 3299 1035 3348 que
1058 3300 1170 3349 muguum
1201 3286 1331 3336 utilitatem
1351 3285 1484 3336 lectoribus
1511 3286 1616 3335 ullerant
1640 3304 1646 3332 ι
1672 3282 1761 3332 deinde

987 3399 1044 3434 eum
1056 3399 1144 3447 magna
1156 3385 1280 3449 diligentia
1292 3387 1317 3434 et
1327 3384 1446 3435 industria
1463 3383 1574 3433 subsidia
1587 3383 1619 3431 ud
1632 3395 1762 3445 argumen-

987 3490 1041 3537 tum
1053 3486 1255 3551 pertractandum
1264 3486 1351 3536 idonee
1362 3486 1479 3549 paranda.
1510 3485 1558 3542 Qui
1568 3484 1633 3534 enim
1643 3484 1675 3535 de
1687 3484 1762 3536 rebus

990 3586 1103 3637 obscuris
1121 3590 1165 3636 out
1189 3587 1270 3649 pruris
1295 3590 1339 3635 eut
1356 3585 1423 3636 nullo
1445 3585 1528 3635 studio
1547 3585 1628 3647 dignis
1647 3586 1762 3636 historias

988 3687 1203 3750 conscripserunt,
1217 3687 1269 3736 sive
1287 3685 1482 3751 concupiverunt
1503 3684 1654 3735 innotescere
1666 3690 1690 3736 et
1702 3699 1761 3749 qua·

988 3788 1109 3853 lecunque
1123 3801 1211 3837 nomen
1233 3787 1349 3851 adipisci,
1373 3787 1426 3839 sire
1450 3788 1544 3850 copiam
1567 3791 1592 3836 et
1609 3788 1660 3836 rim
1682 3787 1707 3835 iu
1719 3788 1760 3837 dr·

989 3891 1067 3941 ceudo
1079 3892 1203 3939 ostentare
1221 3888 1366 3949 coluerunt,
1378 3901 1421 3938 eos
1437 3887 1469 3937 ab
1482 3887 1545 3937 hune
1560 3887 1649 3936 lamam
1668 3886 1761 3950 posteri

989 4004 1068 4051 neque
1093 3989 1248 4039 uernuluntur
1277 4001 1356 4050 neque
1385 3987 1417 4037 ab
1441 3987 1605 4050 eloquentiam
1628 3987 1729 4036 lauduni
1753 4007 1760 4036 ι

989 4091 1047 4153 quia
1075 4091 1099 4140 in
1125 4090 1212 4140 urdmis
1245 4102 1332 4139 eorum
1356 4089 1400 4152 qui
1422 4088 1537 4138 historias
1560 4089 1667 4152 ipsorum
1691 4088 1760 4137 erol-

988 4195 1049 4243 ruut
1061 4192 1199 4256 opinionem
1208 4190 1374 4253 reliquerunt,
1391 4191 1439 4239 tule
1451 4203 1479 4240 se
1497 4190 1561 4239 riiue
1575 4202 1651 4251 genus
1661 4191 1761 4238 secutos

988 4306 1056 4355 esse,
1070 4293 1145 4356 quale
1165 4291 1263 4356 scriptis
1285 4292 1466 4354 expresserunt.
1499 4289 1572 4339 llaud
1591 4289 1672 4351 inepte
1695 4287 1760 4337 enim

989 4407 1073 4444 omnes
1098 4393 1291 4455 uniuscuiusque
1307 4392 1382 4441 animi
1405 4390 1535 4454 imaginem
1551 4403 1604 4439 csse
1619 4388 1760 4438 existimant

988 4496 1132 4546 orationem.
1166 4497 1198 4543 at
1213 4494 1248 4542 illi
1263 4494 1305 4555 qui
1326 4490 1530 4556 prestantissima
1555 4493 1698 4552 urgumeuta
1715 4488 1758 4537 eli-

988 4601 1061 4661 gunt,
1075 4597 1118 4645 sed
1133 4601 1224 4646 temere
1243 4607 1272 4643 ac
1292 4593 1442 4657 negligenter
1460 4604 1490 4641 ea
1507 4604 1538 4639 ex
1552 4589 1692 4654 quibuslibe
1709 4596 1759 4638 tru-

988 4698 1098 4747 moribus
1112 4697 1276 4758 componunt,
1300 4708 1329 4744 ex
1346 4692 1391 4742 tuli
1407 4691 1531 4756 proposito
1546 4690 1637 4738 nullum
1661 4685 1757 4736 laudem

988 4799 1106 4849 referunt.
1141 4796 1262 4848 llislorias
1274 4794 1353 4854 enim,
1366 4806 1430 4855 quae
1443 4792 1475 4841 de
1495 4790 1568 4839 elaris
1580 4787 1722 4837 ciritulibus
1735 4789 1760 4835 et

987 4898 1047 4949 viris
1058 4911 1154 4947 summu
1172 4894 1280 4960 potentia
1299 4893 1410 4958 preditis
1427 4891 1578 4948 scribuntur,
1593 4902 1638 4936 nee
1650 4901 1681 4936 ex
1694 4890 1756 4937 tem·

987 5015 1046 5066 pore
1069 5015 1114 5051 nee
1137 5005 1230 5050 temere
1250 4995 1440 5049 conscribendas
1456 5005 1594 5043 censemus·
1631 4992 1693 5039 Cum
1717 4989 1759 5052 igi·

989 5108 1029 5154 tur
1044 5117 1125 5153 rerum
1135 5101 1295 5166 scriptoribus
1308 5101 1361 5151 hoec
1372 5095 1507 5148 necessaria
1522 5096 1548 5143 ct
1566 5093 1677 5156 inprimis
1687 5105 1759 5156 spuo·
