3772 5828
172 343 211 400 58
688 335 859 395 broulsrl
882 333 1257 396 HALlCARNASSENSlS

169 469 267 548 τρόπου
278 466 326 540 τὴν
341 468 476 548 ἄνθρωπον
491 466 633 529 ἀτολέσαι.
691 466 739 528 Ἐν
757 467 811 548 ύσιρ
829 465 857 524 δέ
870 469 944 524 ταῦτ’

170 557 287 635 ἐγένετο,
302 562 426 635 παρῆσαν
447 560 471 616 οἱ
492 555 540 623 τὴν
562 559 645 616 ὠδῖνα
663 564 785 638 φρουρεῖν
807 554 947 634 ταχθέντες

170 643 356 724 ἀποφαίνοντες
369 644 465 724 ἀρρενα
482 648 564 725 βρέφη
583 652 666 703 τεκεῖν
679 644 725 715 τὴν
747 643 827 723 κόρην
838 644 946 720 δίδυμα.

173 733 226 793 Καὶ
240 733 334 790 αὐτίκα
350 731 479 810 Νεμέτωρ
492 733 538 809 μέν
548 737 574 792 ἐν
590 736 628 812 τῷ
643 734 714 813 αὐτῷ
725 730 805 798 πολθς
815 722 846 803 ἦν
858 730 946 811 λόγῳ,

129 835 142 872 ε
169 827 213 879 τοῦ
225 824 282 878 θεοῦ
295 817 319 877 τ’
333 819 485 888 ἀποδεικνὺς
500 820 528 878 τό
538 820 626 902 ἔργον,
640 821 686 878 καῖ
701 819 783 896 μηδέν
794 821 831 885 είς
842 816 888 889 τὴν
904 819 948 877 κό-

172 931 219 985 ρην
233 907 347 967 ἀναίτιον
361 899 441 968 οὖσαν
457 909 520 987 [τοῦ
544 909 658 988 πόθους]
674 916 837 988 παρανομεῖν
856 906 945 976 ἀξιῶν.

171 997 285 1076 Ἀμολίῳ
302 998 329 1056 δέ
345 1003 396 1057 τῶν
416 998 581 1077 ἀνθρωπείων
600 1021 625 1055 τι
640 997 842 1079 μηχανημάτων
857 995 903 1055 καῖ
919 995 949 1053 τὸ

62 1150 65 1155 Α
172 1085 231 1164 περῖ
255 1085 299 1144 τθν
322 1087 397 1146 τόκον
423 1088 508 1146 ἐδόκει
525 1088 659 1164 γενέσθαι,
685 1085 949 1164 παρασκευασθέντος

172 1172 259 1252 ἑτέρου
272 1174 329 1241 ταῖς
343 1174 443 1251 γυναιξί
454 1175 574 1255 βρέφους,
589 1172 606 1244 ἢ
622 1172 709 1255 κρύφα
727 1178 778 1234 τῶν
789 1173 915 1256 φυλσίκων
931 1172 948 1243 ἦ

120 1283 144 1321 ευ
172 1260 446 1340 συγκακουργούντων·
466 1263 512 1320 καὶ
526 1263 602 1321 πόλλ’
620 1265 654 1329 τίς
668 1261 738 1323 τοῦτ’
752 1263 858 1342 ἐλέχθη.
899 1260 950 1327 Ὡς

173 1349 200 1407 ἀὲ
211 1352 259 1419 τὴν
274 1350 382 1424 γνώμην
401 1355 446 1408 τοῦ
463 1352 590 1428 βασιλέως
602 1351 700 1427 ἔμαθον
711 1353 736 1409 ol
751 1350 869 1428 σύνεδροι
880 1353 949 1408 ἀπα-

176 1440 292 1516 ραιτήτῳ
307 1440 371 1518 ὀργῇ
394 1437 551 1518 χρωμένου,
574 1440 732 1499 ἐδικαίωσαν
747 1438 792 1498 καῖ
807 1437 881 1497 αῦτοῖ
896 1462 949 1496 κα-

174 1530 257 1604 θάπερ
281 1530 376 1593 ἐκεῖνος
390 1525 463 1598 ἠξίου
481 1526 633 1607 χρήσασθαι
647 1530 685 1607 τῷ
706 1525 792 1608 νόμῳ,
819 1524 951 1593 κελεύοντι

172 1616 220 1685 τὴν
232 1615 279 1691 μέν
293 1613 456 1693 αἰσχύνασαν
470 1614 499 1674 τὸ
509 1618 587 1690 σῶμα
599 1614 702 1694 ροίόθοις
712 1618 874 1674 αἰκισθεῖσαν
885 1615 950 1672 ἀπο·

122 1721 146 1760 νε
173 1708 273 1780 θανεῖν,
287 1701 317 1759 τθ
332 1700 359 1759 δέ
374 1700 493 1777 γεννηθέν
507 1705 543 1769 εἶς
561 1701 592 1761 τθ
611 1706 656 1761 τοῦ
674 1707 794 1779 ποταμοῦ
809 1701 952 1781 palliatae

177 1796 288 1871 ῥεῖθρον·
301 1794 345 1848 νῦν
356 1790 445 1865 μέντοι
458 1788 542 1859 ζώσας
556 1791 760 1871 κατορύττεσθαι
771 1791 817 1857 τθς
832 1790 952 1856 τοιαύτας

173 1884 187 1937 ὁ
208 1882 260 1937 τῶν
281 1882 357 1957 ίερῦιν
378 1879 496 1959 ἀγορεύει
520 1877 607 1957 νόμος.

214 1969 345 2030 LXXIX.
375 1968 463 2047 Μέχρι
503 1966 550 2039 μέν
580 1970 611 2039 δὴ
640 1967 737 2026 τούτων
774 1971 798 2026 οῖ
834 1968 952 2027 πλεῖστοι

174 2057 225 2113 τῶν
262 2053 431 2136 συγγραφέων
459 2054 543 2114 ταῦτὰ
581 2056 598 2127 ἣ
633 2057 725 2133 μικρὸν
752 2054 950 2134 παραλλάττον·

122 2159 148 2198 20
175 2166 230 2216 τες,
253 2145 275 2204 σί
296 2144 343 2220 μὲν
358 2143 401 2203 ἐπὶ
424 2142 454 2202 τὸ
476 2141 681 2222 μυθωδέστερον,
696 2144 721 2202 οἱ
751 2144 773 2201 θ’
799 2144 842 2203 ἐπὶ
865 2143 896 2202 τὸ
919 2145 952 2221 τῇ

175 2233 284 2312 ἀληθείᾳ
307 2231 390 2298 ἐοικὸς
417 2233 529 2306 μᾶλλον,
556 2230 822 2312 ἀποφαίνουσι·περλ
847 2232 875 2290 δέ
903 2234 954 2290 τών

176 2319 234 2386 {iiic
262 2319 438 2399 διαφέρονται.
497 2324 532 2381 Oi
564 2321 612 2398 μέν
656 2318 706 2398 γάρ
735 2319 807 2386 εὐθὺς
846 2321 955 2398 ἀναιρε·

176 2411 252 2478 θῆναι
277 2408 383 2485 λέγουσι
397 2407 445 2478 τὴν
465 2408 602 2488 κόρην,σὶ
629 2410 652 2466 δ’
668 2410 695 2466 ε’ν
711 2410 801 2487 εἱρκτῇ
821 2410 953 2488 φυλαττο-

177 2496 258 2573 μένην
274 2496 542 2575 tillemontium,
563 2496 638 2565 δόξαν
657 2501 773 2578 ἀφανοῦς
789 2500 902 2557 θανάτου
917 2502 954 2578 τῷ

123 2600 149 2639 aa
177 2583 253 2664 δήμῳ
263 2591 461 2664 παρασχοῦσαν.
481 2583 693 2656 Ἐπυιλασθῆναι
707 2587 734 2646 δέ
749 2586 824 2666 [τὸν]
834 2586 955 2662 Ἀμόλιον

178 2674 213 2739 εἰς
226 2676 318 2745 τοῦτο,
334 2673 501 2746 ἱκετευούσης
520 2678 566 2746 τῆς
583 2674 709 2754 θυγατρὸς
722 2674 884 2755 χαρίσασθαι
905 2674 955 2745 τὴν

177 2760 285 2842 ἀνεψιόν
301 2764 376 2842 αὐτῇ·
388 2754 456 2835 ἦσαν
469 2763 496 2821 δέ
508 2762 646 2843 σύντροφοί
659 2763 746 2822 τεκαὶ
760 2761 864 2835 ἡλικίαν
880 2762 954 2840 έχου·

178 2874 222 2911 σαι
236 2848 282 2921 τὴν
298 2851 393 2925 αὐτὴν,
409 2853 589 2928 ἀσπαζόμεναί
602 2853 627 2908 τ’
648 2851 766 2922 ἀλλήλας
781 2854 816 2917 ὡς
829 2848 952 2931 ἀδελφοῖς.

178 2938 357 3019 Χαριζόμενον
370 2929 414 2997 οῦν
426 2939 510 3017 ταύτῃ
522 2940 565 2998 τὀν
576 2938 707 3014 Ἀμόλιον·
722 2940 788 3014 μόνη
799 2940 822 2996 δ’
836 2930 868 3009 ἦν
884 2940 953 3016 αὐτῷ

125 3040 152 3080 to
178 3027 308 3105 dupnirappf
318 3027 429 3084 θαναίτου
442 3024 489 3100 μέν
502 3028 633 3084 ἀπολῦσαι
648 3027 695 3094 τὴν
706 3026 844 3097 astutias,
857 3024 955 3103 φυλέτ-

177 3137 231 3172 τειν
259 3111 285 3170 δέ
313 3110 474 3189 καθείρξαντ’
511 3115 536 3171 έν
565 3113 676 3192 ἀφανεῖ·
692 3115 800 3182 λυθῆναι
822 3114 846 3170 δ’
874 3113 954 3183 αὐτὴν

179 3199 229 3259 ἀνθ
242 3199 352 3280 χρόνον,
369 3198 489 3276 Ἀμολίου
505 3200 719 3272 τελευτήσαντος.
764 3200 831 3280 Περὶ
847 3200 894 3277 μὲν
911 3193 955 3261 σῦν

179 3293 226 3362 τῆς
251 3289 375 3355 Σιλουίας
398 3287 467 3348 οὕτω
490 3289 690 3348 διαλλάττουσιν
712 3289 739 3346 αἱ
762 3291 813 3346 τῶν
833 3292 954 3349 παλαιῶν

178 3380 286 3462 γραφαί·
307 3379 390 3457 λόγσνζ
402 3377 425 3438 θ’
441 3379 545 3459 ἔχουσιν
558 3384 593 3446 ὡς
606 3380 710 3451 ἀληθεῖς
726 3376 859 3459 ἑκάτεραι.
903 3379 953 3438 ael

126 3497 152 3534 ης
178 3475 255 3531 τοῦτο
276 3467 350 3546 κάγὼ
371 3467 479 3547 μνήμην
499 3466 653 3549 ἀμφοτέρων
675 3466 861 3544 ἐποιησάμην,
887 3470 953 3525 dure·

179 3557 241 3633 τέρφι
255 3555 282 3613 δέ
295 3556 348 3634 χρὴ
368 3553 499 3615 πιστεύειν
514 3554 591 3621 αὐτός
606 3579 645 3621 τις
661 3554 758 3614 εἴσεται
773 3555 825 3612 τῶν
837 3556 954 3634 ἀναγνω·

180 3642 308 3718 σομένων.
353 3645 419 3722 Περί
434 3643 462 3702 δὲ
480 3646 533 3702 τῶν
551 3644 581 3702 ἐκ
592 3647 638 3715 τῆς
655 3641 778 3709 Σιλουίας
795 3641 955 3720 γενομένων,

182 3732 290 3797 Κόϊντος
305 3731 352 3807 μέν
369 3731 472 3800 dadila<
486 3735 500 3790 θ
514 3732 623 3812 Πίκτωρ
638 3731 791 3808 λεγόμενος,
806 3721 829 3811 ᾧ
845 3730 955 3799 Λεύκιός

180 3838 207 3874 τε
222 3817 329 3890 Κίγκιος
343 3819 388 3876 καί
399 3819 493 3878 Κάτων
509 3819 622 3898 Πόρκιος
636 3820 680 3878 καί
692 3820 797 3878 Πείσων
810 3818 956 3899 Καλπούρ-

127 3932 154 3970 m
179 3928 232 3972 νιος
242 3906 287 3963 καί
300 3909 351 3965 τῶν
364 3907 448 3966 ἀλλων
464 3906 634 3989 συγγραφέων
649 3909 672 3966 οἱ
684 3906 789 3971 πλείους
802 3906 953 3980 ἠκολούθη-

181 4014 239 4064 σαν,
263 3996 403 4074 γέγραφεν,
430 3999 465 4062 ὡς
488 3998 656 4059 κελεύσαντος
677 3992 798 4071 Ἀμολίου
817 3994 851 4052 τθι
871 3994 954 4075 βρέφη

179 4079 304 4147 λαθόντες
329 4085 356 4140 ἐν
385 4084 474 4164 σκάφῃ
499 4085 607 4159 κείμενα
640 4087 691 4142 τῶν
722 4084 859 4159 ὑπηρετῶν
888 4105 955 4150 τινες

182 4167 270 4246 ἔφερον
295 4170 467 4244 έμόαλοῦντες
489 4175 524 4239 είς
541 4171 586 4230 τόν
600 4171 734 4246 ποταμὸν,
753 4169 887 4249 ἀπέχοντα
908 4175 956 4243 τῆς

182 4254 281 4322 πόλεως
302 4256 370 4335 ἀμφὶ
388 4258 446 4325 τοῦς
472 4258 565 4319 έκατθν
587 4259 669 4319 εἴκοσι
686 4258 817 4324 σταδίους.
878 4257 955 4318 Ἐπεὶ

128 4358 154 4396 ⁴³
182 4347 204 4403 δ’
221 4344 297 4424 ἐγγὺς
320 4345 453 4425 ἐγένοντο,
481 4348 524 4407 καί
547 4336 614 4407 εἶδον
633 4347 683 4416 ἐξω
702 4351 748 4404 τοῦ
767 4344 874 4425 γνησίου
900 4347 955 4426 ῥεί-

182 4439 241 4513 θρου
257 4434 301 4493 τθν
315 4434 425 4513 Τέόεριν
443 4437 492 4495 θπθ
513 4437 651 4515 χειμώνων
672 4437 788 4514 συνεχῶν
812 4435 956 4515 ἐκτετραμ-

181 4532 258 4608 μένον
275 4532 311 4597 εῖς
331 4528 365 4586 τθι
386 4527 477 4602 πεδία,
504 4527 666 4595 καταόάντες
689 4531 742 4586 ἀπὸ
762 4531 807 4584 τοῦ
829 4527 956 4584 Παλλαν-

181 4621 236 4679 τίου
259 4622 305 4689 τῆς
330 4621 444 4698 κορυφῆς
472 4617 515 4675 ἐπὶ
537 4619 567 4676 τὸ
590 4616 797 4697 προσεχέστατον
821 4612 907 4692 ύδωρ·
930 4611 959 4668 οὐ

181 4706 232 4786 γὰρ
251 4705 289 4764 ἔτι
308 4704 467 4785 προσωτέρω
492 4708 588 4785 χωρεῖν
610 4695 697 4764 οἶοίυτ’
712 4694 795 4775 ἦσαν·
812 4701 873 4761 ἔνθα
886 4701 957 4778 πρῶ·

134 4817 160 4855 ου
180 4818 223 4853 τον
245 4798 261 4865 ἡ
285 4798 330 4853 τοῦ
356 4798 478 4870 ποταμοῦ
502 4793 596 4870 πλήμη
624 4797 671 4865 τῆς
692 4790 823 4871 ὑπωρείας
845 4788 959 4861 ἥπτετο,

181 4882 295 4941 τίθενται
311 4881 358 4954 τὴν
378 4881 481 4962 σκάφην
498 4881 542 4940 ἐπὶ
556 4887 601 4940 τοῦ
622 4881 724 4948 θδατος.
787 4877 823 4939 ll‘
838 4875 866 4936 δέ
881 4874 960 4954 μέχρι

185 4969 233 5044 μέν
250 4996 318 5040 τινος
337 4972 469 5054 ἐνήχετο,
493 4973 584 5033 ἔπειτα
598 4978 643 5032 τοῦ
661 4972 761 5054 ῥείθρου
779 4967 848 5028 κατὰ
868 4964 961 5045 μικρὸν

185 5060 379 5138 ὑποχωροῦντος
407 5065 436 5122 ἐκ
458 5064 509 5122 τῶν
539 5061 612 5142 πέριξ
634 5063 769 5142 ἐσχάτων,
788 5057 862 5117 λίθου
882 5076 961 5134 προσ·

185 5146 290 5206 πταίσει
320 5153 501 5233 περιτραπεῖσ’
530 5151 651 5212 ἐκόοίλλει
687 5150 721 5210 τά
751 5147 843 5228 βρέφη.
919 5140 962 5202 T&

1000 475 1087 539 quavis
1098 475 1191 525 ratione
1204 474 1308 539 puellam
1319 474 1420 539 perdere
1428 477 1573 528 conabatur.
1606 480 1704 531 Interea
1716 494 1775 531 vero

1000 562 1061 612 dum
1079 563 1133 612 lane
1145 566 1270 626 geruntur,
1283 563 1317 612 illi
1333 563 1426 627 quibus
1436 569 1523 627 partus
1534 565 1647 616 custodia
1658 568 1775 619 mandata

1000 654 1061 711 erat,
1078 655 1204 711 venerunt,
1217 654 1264 702 eta
1277 651 1358 716 puella
1367 653 1475 714 pommus
1484 653 1589 705 infantes
1599 667 1682 706 mares
1695 657 1775 707 editos

1001 741 1149 792 nuntiarunt.
1181 743 1244 791 'rum
1257 753 1316 790 vero
1334 743 1446 793 Numitor
1461 742 1631 795 vehementius
1651 745 1716 796 idern
1733 759 1773 795 ns·

1001 840 1113 880 severare
1126 828 1209 893 cepit,
1222 827 1296 878 deum
1307 828 1381 897 buius
1404 829 1519 881 laclnoris
1530 835 1658 884 auctorem
1669 833 1776 885 demon-

1002 921 1090 979 straus,
1103 920 1129 968 et
1142 916 1269 981 postulans
1284 916 1375 982 nequid
1388 915 1414 966 in
1428 916 1535 980 puellam
1547 916 1579 967 ab
1590 931 1620 968 ea
1628 920 1702 983 eulpa
1718 921 1777 972 alie·

1001 1019 1056 1056 nam
1070 1005 1160 1057 iniuste
1181 1004 1257 1055 lieret.
1290 1010 1322 1055 m
1344 1005 1455 1056 Amulius
1472 1005 1567 1071 inipso
1583 1021 1680 1072 quoqne
1704 1015 1777 1075 partu

1002 1092 1097 1158 aliquid
1116 1094 1210 1144 fraudis
1235 1093 1267 1144 ab
1289 1093 1429 1145 bominibus
1449 1096 1610 1146 commissum
1633 1099 1773 1161 suspicatus

1002 1185 1105 1235 alterurn
1118 1184 1234 1236 infantem
1246 1184 1430 1248 amulieribus,
1444 1186 1484 1237 rel
1497 1187 1561 1237 clam
1570 1188 1725 1253 custodibus,
1737 1191 1777 1241 rel

1004 1272 1076 1323 etiam
1085 1272 1184 1322 illorum
1194 1285 1284 1336 opera,
1297 1274 1451 1337 suppositum
1465 1274 1542 1327 luisse
1554 1276 1679 1327 credebat.
1688 1281 1719 1328 m
1733 1280 1779 1328 bac

1003 1362 1034 1412 de
1057 1375 1084 1412 re
1104 1360 1181 1411 multa
1200 1361 1225 1411 in
1244 1363 1374 1426 utramque
1395 1367 1489 1428 partem
1507 1364 1660 1416 dicebantur.
1713 1369 1779 1417 cum

1004 1451 1121 1503 autemei
1139 1451 1182 1515 qni
1193 1451 1296 1501 coneilio
1316 1451 1457 1514 adfuerunt,
1474 1454 1538 1517 rogia
1559 1454 1666 1505 animum
1680 1456 1717 1505 ira
1730 1458 1779 1505 im·

1005 1545 1116 1611 placabili
1136 1545 1279 1610 flagrantem
1307 1544 1552 1609 animadvertissent,
1573 1549 1599 1597 et
1619 1546 1666 1611 ipsi
1683 1549 1727 1606 (ut
1739 1546 1780 1596 ille

1004 1638 1116 1700 uolebat)
1127 1641 1274 1689 censuerunt
1294 1651 1323 1688 ce
1334 1637 1386 1699 lnge
1400 1638 1521 1700 egendum
1533 1651 1598 1699 esee,
1611 1651 1668 1702 ςυστ
1679 1637 1779 1688 iubebat

1005 1741 1124 1792 mmqum
1132 1740 1220 1791 eorpus
1234 1730 1319 1790 stupro
1333 1725 1449 1789 polluisse
1459 1726 1535 1790 virgis
1546 1739 1636 1777 cesam
1649 1727 1741 1785 necari,
1756 1732 1782 1776 et

1005 1819 1083 1886 ipsius
1094 1819 1218 1884 prolemirr
1228 1818 1329 1868 nuvium
1340 1819 1424 1882 proici.
1441 1821 1510 1869 Nune
1525 1832 1584 1869 vero
1597 1823 1700 1869 sacrateo
1712 1819 1778 1882 leges

1008 1910 1052 1961 bae
1064 1909 1180 1959 mulieres
1191 1907 1260 1958 vivas
1272 1906 1353 1957 deludi
1370 1906 1455 1957 iubent

1037 2000 1142 2051 nxxlx.
1163 1999 1288 2048 Hactenus
1304 1997 1378 2060 igitur
1395 1994 1504 2057 plerique
1520 1997 1653 2059 scriptores
1673 2009 1779 2046 consen·

1007 2106 1080 2168 tium,
1092 2106 1136 2155 aut
1146 2108 1213 2155 certe
1221 2102 1309 2154 leviter
1318 2103 1382 2153 inter
1389 2116 1416 2153 sc
1427 2101 1577 2152 dissentiunt
1587 2119 1593 2149 ε
1602 2100 1642 2150 alii
1652 2099 1785 2150 adlabulas

1008 2213 1108 2279 propina
1113 2213 1271 2274 declinantes,
1282 2211 1321 2261 alii
1331 2210 1363 2261 ad
1374 2223 1466 2273 eaquae
1472 2211 1528 2260 eunt
1538 2208 1717 2260 verisimiliora.
1735 2211 1783 2260 Sed

1009 2334 1033 2382 in
1046 2331 1076 2382 iis
1086 2342 1142 2396 que
1154 2327 1286 2378 subsecuta
1295 2326 1352 2375 sunt
1362 2323 1501 2388 discrepant
1515 2340 1522 2371 ε
1534 2323 1576 2372 alli
1590 2323 1656 2373 enirn
1678 2323 1784 2388 puellam

1007 2437 1136 2488 confestim
1147 2438 1257 2485 necatam
1264 2431 1372 2492 tradunt,
1380 2429 1487 2480 aliirero
1497 2427 1585 2479 meunt
1594 2442 1650 2479 earn
1659 2427 1683 2479 ln
1694 2429 1786 2480 obscu-

1010 2559 1066 2595 rum
1078 2557 1203 2595 carcerem
1218 2541 1355 2592 coniectam
1369 2552 1399 2590 ac
1409 2537 1454 2589 diu
1464 2537 1640 2598 serratamita
1648 2539 1786 2589 mortisoc·

1009 2656 1083 2705 cnltre
1090 2655 1228 2719 opinionem
1239 2653 1314 2715 vulgo
1324 2649 1467 2716 prebuisse.
1479 2647 1604 2700 Amulium
1613 2648 1679 2699 enim
1687 2649 1783 2713 suppli·

1009 2765 1078 2815 cibus
1090 2763 1148 2813 lilioe
1157 2761 1269 2826 precibus
1281 2761 1396 2819 tractum,
1408 2771 1464 2821 qum
1473 2755 1609 2821 postularat
1621 2759 1650 2806 ut
1659 2756 1778 2820 patruelis

1009 2874 1055 2924 sibi
1067 2871 1262 2932 condonaretur,
1278 2870 1325 2919 boc
1341 2868 1448 2918 iecisse:
1463 2880 1520 2917 nam
1531 2867 1605 2917 simul
1614 2866 1725 2916 educatre
1736 2867 1789 2915 lue·

1010 2989 1079 3046 rant,
1096 2988 1120 3035 et
1132 2985 1235 3034 eandem
1247 2987 1346 3034 relatem
1361 2982 1494 3043 habebant,
1507 2986 1580 3046 alque
1591 2983 1619 3030 ut
1631 2993 1729 3030 sorores
1747 2982 1787 3030 in·

1010 3095 1089 3146 vicem
1102 3107 1128 3143 se
1143 3092 1285 3156 diligebant.
1298 3090 1424 3140 Amulium
1435 3090 1511 3154 igitur
1523 3088 1603 3149 {buius
1615 3089 1693 3153 gratia
1712 3089 1785 3152 (erat

1010 3204 1075 3255 onim
1085 3201 1156 3252 unice
1164 3199 1225 3262 lilia)
1233 3198 1321 3248 mortis
1329 3196 1430 3260 quidem
1440 3197 1550 3260 periculo
1555 3195 1652 3246 Silvium
1660 3194 1788 3256 liberasse,

1010 3311 1053 3362 sed
1067 3308 1204 3360 inocculto
1220 3319 1320 3356 earcere
1343 3319 1397 3355 eam
1417 3319 1529 3356 servasse
1551 3320 1558 3354 ε
1584 3303 1683 3355 tandem
1701 3306 1786 3354 tumen

1010 3422 1065 3486 post
1088 3415 1177 3468 Amulli
1203 3418 1308 3465 mortem
1331 3426 1385 3462 enm
1406 3411 1533 3462 liberatam
1547 3412 1624 3465 aiunt.
1656 3414 1693 3462 lta
1709 3410 1783 3474 igitur

1011 3531 1122 3578 veterum
1135 3524 1227 3587 scripta
1235 3521 1266 3570 de
1278 3520 1353 3571 silvia
1367 3519 1477 3580 variant;
1493 3524 1598 3584 utraque
1614 3523 1695 3570 tamen
1705 3519 1788 3582 opinio

1010 3637 1118 3700 aliquam
1138 3627 1377 3682 verisimilitudinem
1403 3626 1478 3678 babet
1504 3644 1511 3675 z
1539 3632 1668 3691 propterea
1692 3632 1718 3678 et
1742 3641 1788 3690 ego

1010 3745 1137 3806 utriusque
1150 3739 1297 3790 mentionem
1310 3736 1366 3789 leci.
1409 3735 1455 3786 sed
1466 3734 1514 3785 utri
1527 3733 1587 3785 ludes
1597 3734 1679 3798 potius
1693 3735 1725 3784 sit
1745 3736 1786 3786 lra-

1010 3851 1098 3910 beuda,
1112 3850 1217 3898 lectores
1238 3844 1284 3908 ipsi
1304 3842 1433 3893 ridebunt.
1466 3839 1539 3900 Quod
1554 3844 1638 3891 autem
1649 3842 1739 3892 attinet
1753 3842 1782 3892 ad

1011 3957 1073 4008 lilios
1087 3969 1118 4003 ενι
1129 3951 1204 4001 Silvia
1217 3955 1297 4011 natos,
1311 3951 1416 4008 Quintus
1425 3946 1525 4008 rebius,
1534 3947 1577 4011 qui
1584 3947 1664 3997 Pictor
1671 3952 1798 4011 vocatur„

1009 4078 1084 4128 quem
1109 4061 1199 4112 Lucius
1225 4061 1338 4120 Cincius,
1363 4058 1462 4110 Porcius
1486 4059 1567 4118 cato,
1591 4059 1616 4107 et
1635 4056 1782 4120 Calpurnius
1859 4082 1871 4105 a

1010 4170 1066 4221 Piso
1081 4173 1107 4220 et
1128 4167 1232 4219 alierum
1254 4169 1400 4231 scriptorum
1421 4164 1531 4231 plerique
1549 4163 1631 4215 menti
1652 4165 1724 4222 sunt,
1748 4145 1783 4214 ita

1010 4279 1115 4329 scribit:
1131 4279 1221 4329 Amulii
1232 4279 1301 4328 iussn
1317 4277 1423 4329 ministri
1444 4277 1545 4341 quidam
1561 4275 1667 4326 inianter
1678 4272 1703 4323 ln
1718 4274 1789 4326 nlvco

1010 4386 1140 4435 collocatos
1163 4389 1310 4447 acceperunt
1330 4389 1357 4435 et
1375 4386 1549 4449 asportarunt,
1576 4385 1605 4432 ut
1627 4394 1669 4432 eos
1693 4380 1718 4429 in
1741 4381 1787 4429 tlu-

1010 4498 1078 4547 vinm
1093 4497 1191 4546 circiter
1204 4508 1252 4546 cxx
1271 4497 1350 4547 stadia
1366 4496 1398 4547 ab
1415 4496 1476 4548 urbe
1489 4496 1622 4547 distantem
1642 4493 1789 4556 proicerent.

1011 4608 1074 4655 cnm
1086 4607 1168 4655 antem
1181 4619 1210 4655 ec
1219 4606 1392 4669 accessissent,
1402 4611 1427 4659 et
1437 4604 1666 4659 animadvertissent
1677 4602 1786 4653 Tiberim

1011 4713 1043 4764 ob
1060 4714 1188 4763 continuos
1208 4712 1298 4763 imbres
1323 4715 1349 4764 iu
1373 4729 1474 4780 campos
1493 4725 1636 4779 egressum,
1655 4710 1687 4761 de
1705 4709 1790 4760 Palatii

1011 4821 1103 4870 vertice
1111 4817 1143 4867 ad
1156 4831 1244 4879 aquam
1257 4819 1391 4882 proximam
1403 4821 1583 4873 descenderunt
1595 4822 1603 4880 (
1610 4819 1714 4871 ulterius
1726 4815 1791 4867 enim

1013 4924 1126 4991 progredi
1136 4924 1288 4989 nequibant)
1300 4929 1326 4978 et
1340 4928 1460 4980 ubilluvii
1466 4930 1599 4981 exundatio
1616 4927 1686 4980 collis
1695 4925 1791 4977 radices

1011 5032 1128 5092 alluebat,
1137 5030 1172 5081 ibi
1185 5033 1283 5084 alveum
1298 5035 1324 5085 ln
1338 5037 1409 5100 aquis
1419 5041 1563 5102 posuerunt.
1579 5037 1628 5096 Qui
1643 5032 1790 5100 aliquamdiu

1013 5150 1112 5214 quidem
1123 5146 1271 5200 vehebatur·
1288 5151 1333 5202 sed
1347 5155 1433 5216 postea
1445 5190 1451 5214 ,
1470 5153 1543 5217 aquis
1556 5151 1683 5215 paullatim
1695 5164 1726 5200 er
1745 5161 1787 5199 er·
