3772 5828
539 357 550 376 ⁰
633 386 924 465 lunrounlruu
943 383 1092 447 norrun.
1117 388 1190 447 un
1216 388 1266 445 rx.

1707 389 1766 448 563

161 536 316 619 ἅργαιρίσια
333 530 411 612 μέχρι
431 533 477 588 τοῦ
494 530 554 586 καθ’
571 531 641 600 ἡμᾶς
653 526 749 604 χρόνου
765 523 826 599 δίχα
842 523 937 578 οἰωνῶν
986 528 1098 579 reditium
1121 529 1285 579 creandorum
1308 527 1417 581 corrritia.
1435 525 1489 577 sinc
1512 525 1631 589 auspiciis
1649 528 1675 575 et
1701 530 1768 579 omni
1837 542 1839 549 ’

159 627 245 686 τεκαὶ
262 628 309 691 τῇς
323 621 406 691 άλλης
421 617 523 683 ὀττείας
537 617 643 687 ἁπάσης
658 616 685 670 at
701 609 840 692 φυλετικαὶ
849 612 938 689 ψηφο-

156 708 278 784 φοροῦσιν
298 698 446 771 ἐκκλησίαι.
493 697 567 770 Αὑτη
588 695 662 764 λύσις
685 697 787 779 ἐγένετο
805 699 852 768 τῇς
873 694 933 756 τότε

156 787 341 869 κατασχούσης
357 792 477 868 ταραχῆς
491 785 540 858 τὴν
554 786 642 845 πόλιν.

118 909 129 938 ι
198 883 230 938 h.
255 877 307 937 Καὶ
327 875 385 953 μετ’
409 876 439 932 οὐ
454 874 521 934 πολὺ
538 872 663 954 στρατιὰς
682 872 766 932 ἐδόκει
788 871 935 948 Ῥωμαίοις

158 964 338 1047 καταγράφειν
350 961 394 1022 καί
409 961 467 1030 τούς
482 963 597 1027 ὑπάτους
609 961 753 1038 ἐκπέμπειν
771 959 934 1042 ἀμφοτέρους

160 1055 203 1111 ε’πί
215 1075 243 1110 τε
257 1049 386 1117 Αίκσνούς
400 1051 447 1109 καί
461 1046 655 1114 Οὐολούσκους.
699 1047 830 1125 Δυνάμεις
843 1046 894 1127 γὰρ
909 1045 935 1115 ἐξ

160 1140 290 1220 ἑκατέρων
305 1143 356 1197 τῶν
373 1141 452 1198 ἐθνῶν
476 1137 658 1210 ἐξεληλυθέναι
678 1136 839 1217 ἠγγέλλοντο
853 1135 936 1214 μεγαί·

159 1232 204 1286 λαι
231 1229 276 1287 καί
306 1225 476 1305 προνομεύειν
502 1225 563 1293 τούς
591 1224 735 1302 Ῥωμαίων
765 1224 932 1304 συμμάχους.

109 1336 133 1372 ιο
163 1320 436 1395 Παρασκευασθεισῶν
464 1314 492 1375 δέ
512 1317 564 1373 τῶν
595 1315 732 1391 δυνάμεων
762 1313 809 1374 σύν
837 1313 934 1392 τάχει,

160 1401 279 1474 Κοίντιος
292 1404 340 1483 μὲν
353 1408 476 1471 Αἰκανοῖς
490 1403 650 1481 πολεμήσων
665 1401 767 1484 ᾤχετο,
780 1401 892 1468 Ἄππιος
908 1399 936 1461 δέ

160 1494 337 1561 Οὐολούσκοις
348 1492 439 1574 κλήρῳ
459 1492 630 1572 διαλαχόντες
644 1489 691 1555 τδς
703 1493 799 1571 ἀρχάς.
830 1489 936 1563 Συνίύη

161 1584 188 1642 δὲ
205 1588 256 1642 τῶν
280 1585 387 1643 ὑπάτων
403 1581 521 1661 ἑκατέρην
544 1582 577 1642 τδι
602 1582 690 1640 εἰκότα
711 1582 834 1661 πάσχειν·
851 1585 869 1653 ἡ
888 1579 936 1658 μίν

161 1673 210 1753 γάρ
225 1678 263 1753 τῷ
284 1673 398 1753 Κοῐντίῳ
416 1676 630 1751 προσνεμηθεῖσα
652 1660 763 1750 στρατιά
783 1674 832 1744 τὴν
855 1670 935 1731 ἐπιεί·

110 1776 133 1811 ¹⁶
161 1764 233 1821 κειάν
248 1785 276 1819 τε
291 1760 337 1819 καί
352 1760 510 1840 μετριότητα
525 1765 570 1817 τοῦ
585 1758 678 1839 ἀνδρδς
691 1758 862 1838 ἀσπαζομένη
876 1758 938 1839 πρό·

161 1860 240 1926 θυμός
249 1841 282 1918 {ip
298 1848 332 1912 εἷς
343 1845 427 1903 πάντα
441 1842 474 1902 rt
496 1847 692 1920 ἐπιταττόμενα
705 1894 712 1919 ,
725 1851 769 1906 καί
783 1852 815 1906 τὰ
829 1853 938 1909 πλεῖστα

163 1937 365 2003 αὐτοκέλευστος
397 1936 523 2018 ὑφίστατο
547 1935 759 2013 κινδυνεύματα,
789 1934 866 2006 δόξαν
901 1940 938 2016 τῷ

163 2027 272 2104 ἡγεμόνι
286 2025 331 2085 καί
349 2024 429 2102 τιμὴν
449 2026 620 2104 πράττουσα,
642 2025 688 2083 καλ
703 2024 819 2097 διεξῆλθε
836 2022 938 2096 πολλὴν

163 2121 210 2186 τῇς
221 2118 345 2176 Αἰκανῶν
363 2114 453 2196 χώρας
474 2116 656 2187 λεηλατοῦσα,
681 2116 710 2175 οὐ
727 2113 886 2191 τολμώντων
901 2115 938 2182 είς

110 2220 137 2256 2⁰
163 2213 253 2282 χεῖρας
274 2205 356 2264 ἐλθεῖν
375 2207 428 2263 τῶν
449 2202 600 2281 πολεμίων·
627 2202 653 2271 ἐξ
673 2195 705 2275 ἧς
723 2203 828 2283 λάφυρα
851 2201 938 2262 πολλδι

163 2290 209 2351 καί
220 2291 347 2372 ὠφελείας
363 2290 480 2370 μεγάλας
503 2291 644 2364 ἐκτήσατο.
689 2291 790 2370 Χρόνον
808 2292 832 2348 δ’
847 2293 876 2349 οὐ
890 2313 939 2350 πο·

165 2382 209 2438 lta
225 2385 295 2462 ἐντῇ
313 2383 430 2457 πολεμία
444 2381 607 2461 διατρίψασα
627 2383 717 2461 παρῆν
736 2381 772 2446 είς
793 2377 840 2450 τὴν
862 2377 939 2437 πολιν

165 2468 268 2541 ἀπαθὴς
281 2475 387 2540 κακῶν,
401 2469 524 2548 λαμπρὸν
540 2469 583 2529 ἐπὶ
594 2477 648 2537 τοῖς
662 2469 747 2548 ἐργοις
765 2469 809 2527 τὸν
826 2490 940 2550 στρατη·

164 2559 208 2636 γὀν
222 2558 334 2635 ἄγουσα.
377 2556 412 2617 Ἥ
424 2559 451 2617 δέ
460 2560 498 2636 τῷ
511 2555 614 2639 Ἀππίῳ
629 2556 816 2626 συνεξελθοῦσα
830 2556 941 2635 δύναμις

110 2656 135 2691 2⁵
164 2643 237 2720 μίσει
260 2647 298 2724 τῷ
319 2643 384 2723 πρὸς
407 2642 485 2703 αὐτόν
507 2645 582 2703 πολλ’
599 2646 719 2726 ὑπερεῖδε
741 2648 794 2704 τῶν
808 2644 937 2727 πατρίων.

165 2733 208 2794 Τά
223 2756 251 2791 τε
266 2732 317 2813 γάρ
333 2731 390 2791 ἀλλ’
407 2735 598 2793 ἐθελοκακοῦσα
614 2736 640 2792 ἐν
652 2734 701 2814 όλη
712 2738 745 2813 τῇ
756 2735 881 2815 στρατεία
895 2735 941 2794 καί

164 2822 328 2901 ὀλιγωροῦσα
342 2825 389 2882 τοῦ
403 2821 533 2899 ἡγεμόνος
551 2822 695 2894 διετελεσε,
715 2821 761 2882 καί
777 2822 867 2894 ἐπειδὴ
883 2821 940 2900 μά-

163 2914 258 2990 χεσθαι
282 2911 333 2968 ἔδει
358 2914 391 2988 τῇ
411 2905 587 2970 Οὐολούσκων
607 2919 719 2993 στρατιᾷ
746 2911 941 2971 κατασταθεῖσα

163 2999 213 3057 ὑπὸ
228 3001 279 3057 τῶν
293 2999 429 3075 ἡγεμόνων
444 3000 480 3066 εἰς
489 2997 561 3067 τάξιν
574 3001 622 3058 οὐκ
631 2999 727 3072 ἠξίωσε
740 3004 795 3068 τοῖς
806 2998 941 3078 πολεμίοις

109 3096 136 3131 ³⁰
164 3089 199 3153 εἷς
214 3094 305 3167 χεῖρας
321 3086 396 3146 ἰέναι·
412 3087 472 3143 ἀλλ’
487 3082 514 3144 ci
528 3109 556 3145 τε
575 3087 686 3166 λοχαγοί
707 3087 753 3146 καὶ
769 3088 793 3146 οί
805 3086 940 3169 πρόμαχοι

165 3176 264 3247 αὐτῶν,
282 3177 305 3232 ot
322 3174 369 3251 μέν
381 3173 416 3234 τά
430 3177 528 3252 σημεῖα
553 3172 692 3256 ῥίψαντες,
715 3178 738 3234 oi
759 3176 787 3234 δὲ
803 3177 851 3247 τὴν
866 3176 939 3246 τάξιν

164 3262 400 3340 ἐγκαταλιπόντες,
420 3263 463 3322 ἐπί
481 3263 526 3323 τὸν
540 3264 650 3343 χάρακα
663 3262 787 3344 ἐφευγον,
802 3265 847 3323 καί
863 3270 886 3323 εἰ
902 3265 939 3342 μὴ

165 3351 346 3428 θαυμάσαντες
357 3351 388 3408 τὸ
402 3352 552 3430 παράλογον
566 3356 613 3422 τῆς
627 3357 710 3433 φυγῆς
727 3355 811 3410 αὐτῶν
828 3355 851 3412 oi
863 3353 941 3413 πσλί·

165 3462 220 3516 μιοι
235 3441 280 3498 καί
295 3439 439 3514 δείσαντες,
454 3439 491 3516 μὴ
511 3440 602 3521 ἐνέδρα
622 3464 661 3508 τις
680 3431 776 3522 ῇ,τῇς
791 3441 836 3501 ἐπὶ
851 3445 940 3503 πλεῖον

107 3544 134 3581 as
165 3527 275 3595 διώξεως
292 3528 493 3608 ἀπετράποντο,
506 3529 536 3587 τὸ
550 3531 640 3590 πλεῖον
656 3529 687 3589 ἂν
708 3531 785 3611 μέρος
807 3535 858 3591 τῶν
874 3530 941 3593 Ῥω·

166 3615 252 3690 μαίων
277 3616 426 3696 διέφθαρτο.
470 3615 594 3678 Ἐποίουν
618 3617 646 3678 δέ
672 3624 756 3680 ταῦτα
785 3618 871 3700 φθόνῳ
894 3626 940 3680 τοῦ

164 3702 309 3779 ἡγεμόνος,
323 3701 366 3761 ίνα
381 3704 419 3780 μὴ
434 3705 514 3765 καλὸν
530 3706 669 3787 ἀγώνισμα
684 3711 698 3767 ὑ
713 3709 780 3790 ἀνὴρ
792 3709 940 3788 διαπραξά-

167 3813 243 3867 μενος
259 3791 380 3873 θριάμόῳ
393 3815 422 3851 τε
436 3796 482 3853 καί
495 3803 552 3862 ταῖς
572 3795 665 3866 ἄλλαις
679 3800 882 3879 ἐπιλαμπρυνθῇ
899 3823 941 3858 τι·

167 3888 239 3957 μαῖς.
282 3882 324 3959 Τῇ
348 3880 375 3938 δέ
397 3882 508 3941 κατόπιν
527 3885 615 3967 ἡμέρα
638 3885 672 3945 τά
696 3886 743 3964 μέν
769 3889 943 3964 ἐπιτιμῶντος

111 3986 137 4022 ευ
166 3970 252 4033 αὐτοῖς
266 3974 312 4027 τοῦ
324 3967 424 4027 ὑπάτου
435 3974 483 4042 τῇς
497 3972 589 4043 ἀδόξου
608 3979 709 4056 φυγῆς,
724 3974 758 4034 τδι
775 3975 802 4035 δέ
817 4000 941 4057 παρακα-

166 4059 271 4125 λοῦντος
292 4058 428 4138 αἴσχιστον
448 4057 524 4139 ἔργον
551 4061 731 4125 ἀναλύσασθαι
751 4069 826 4147 καλῷ
848 4069 940 4146 ἀγῶνι,

165 4145 198 4204 τὰ
212 4147 233 4204 δ’
251 4149 438 4222 ἀπειλοῦντος,
452 4151 475 4208 εἶ
493 4149 531 4225 μὴ
547 4153 688 4224 στήσονται
704 4156 778 4234 παρὺ
800 4156 833 4216 τδι
849 4159 940 4236 δεινά,

166 4236 311 4314 χρήσεσθαι
335 4244 389 4303 τοῖς
407 4237 509 4316 νόμοις,
535 4241 654 4323 ἀπειθείᾳ
678 4268 707 4304 τε
734 4246 875 4325 διεχρῶντο
898 4246 943 4306 καὶ

166 4324 285 4403 καταύσῇ
296 4326 341 4386 καὶ
356 4325 469 4406 ἀπάγειν
483 4338 551 4409 σφᾶς
565 4332 684 4392 ἐκέλευον
694 4336 725 4392 ἐκ
741 4339 788 4408 τῆς
806 4335 943 4413 πολεμίας,

112 4443 138 4479 ες
166 4416 200 4480 ὡς
228 4414 352 4475 ἀδύνατοι
379 4414 419 4475 tu
449 4417 521 4485 όντες
545 4418 597 4479 tat
622 4421 783 4503 τραυμάτων
812 4421 941 4502 ἀντέχειν.

169 4500 354 4572 Κατεδιίσαντο
363 4501 415 4584 γδρ
430 4506 515 4566 αὐτῶν
528 4509 552 4567 ci
563 4508 658 4569 πολλοί
668 4509 727 4577 τούς
739 4514 818 4591 ὑγιεῖς
827 4514 942 4592 χρῶτας,

167 4588 202 4651 ὥς
216 4590 388 4666 τραυματίαι.
421 4591 501 4656 'tto’
514 4595 649 4665 όἌππιος
662 4599 818 4677 ἠναγκάσθη
833 4599 944 4676 ἀπάγειν

171 4673 216 4731 τὸν
238 4680 348 4756 στρατὸν
372 4685 402 4741 ἐκ
432 4687 480 4755 τῆς
506 4686 645 4764 πολεμίας·
669 4687 714 4746 καί
732 4690 756 4746 σί
781 4688 946 4748 Οὐολοῦσκοι

170 4765 291 4822 ἀπιοῦσιν
306 4767 429 4844 ὑπόμενοι
442 4773 555 4842 πολλοὺς
577 4777 661 4834 αὐτῶν
687 4777 853 4838 ἀπέκτειναν.
896 4775 944 4844 Ὦς

115 4880 144 4922 ευ
171 4853 193 4910 δ’
211 4854 237 4909 ἐν
259 4858 291 4931 τῇ
313 4855 543 4938 quicqum,
567 4865 722 4943 συναγαγὼν
744 4869 781 4934 είς
802 4865 945 4938 ἐκκλησίαν

170 4942 264 5010 αὐτοὺς
277 4947 291 5002 ὁ
305 4944 404 5013 tuaac<
418 4949 464 5009 καί
477 4952 566 5013 πολλὰ
586 4955 714 5023 ὀνειδίσας
729 4955 778 5038 ἐφη
799 4954 946 5036 χρήσεσθαι

169 5032 327 5113 τῇπατρίῳ
352 5035 421 5094 κατὰ
447 5041 499 5098 τῶν
522 5043 702 5102 λειποτακτῶν
727 5042 848 5105 κολάσει.
891 5042 947 5102 Καὶ

171 5121 257 5181 πολλὰ
272 5121 403 5199 δεομένων
417 5125 469 5183 τῶν
483 5128 651 5208 πρεσύευτῦεν
668 5132 776 5192 καὶτῶν
791 5131 878 5190 ἀλλων
893 5134 946 5189 τῶν

171 5209 197 5267 ἐν
212 5209 280 5271 τίλει
302 5211 444 5295 μετριάσαι
463 5214 509 5275 καί
530 5216 568 5294 μὴ
590 5216 727 5302 συμφοράν
753 5219 798 5280 ἰπὶ
823 5229 946 5302 συμφορᾷ

988 617 1035 668 alia
1049 617 1181 682 religione,
1200 616 1309 666 comitiis
1326 614 1428 664 tributis
1442 617 1603 678 peraguntur.
1638 618 1718 679 Atque
1729 617 1769 667 hic

989 703 1036 756 luit
1047 705 1115 756 illius
1129 704 1258 755 seditionis
1272 704 1297 755 in
1310 703 1371 754 urhe
1381 706 1440 753 tuuc
1454 703 1569 752 excitatae
1585 701 1649 753 linis.
1753 767 1756 771 ὓ

1019 899 1047 947 L.
1061 896 1150 946 Paullo
1163 899 1218 961 post
1230 895 1348 946 Romanis
1360 894 1456 958 placuit
1468 894 1594 945 exercitus
1607 895 1768 956 conscribere,

989 992 1015 1039 et
1030 992 1165 1054 utrumque
1180 987 1308 1038 consulem
1324 992 1410 1037 contra
1424 991 1517 1051 ,liquos
1531 989 1556 1038 et
1578 986 1681 1037 Volscos
1696 989 1770 1039 emit·

990 1087 1051 1134 tere.
1104 1086 1181 1133 Erant
1194 1080 1272 1138 enim.
1293 1082 1337 1146 qui
1358 1080 1505 1132 nuntiabant
1519 1096 1620 1147 magnas
1637 1082 1769 1149 utriusque

990 1176 1071 1241 gentis
1084 1177 1166 1240 copias
1190 1188 1304 1237 egressas
1316 1187 1379 1232 esse,
1400 1178 1425 1223 et
1448 1189 1521 1238 agros
1542 1175 1666 1227 sociorum
1685 1177 1772 1243 pqpuli

991 1268 1093 1320 Rornani
1109 1266 1231 1333 populari.
1265 1266 1423 1316 Exercitibus
1436 1267 1513 1330 igitur
1529 1266 1644 1319 celeriter
1666 1271 1770 1333 paratis,
1817 1334 1821 1343 Ι

992 1360 1108 1412 consules
1131 1359 1271 1424 provincias
1295 1360 1377 1409 sortiti
1412 1364 1485 1420 sunt,
1508 1362 1534 1410 et
1555 1360 1657 1418 Quintio
1677 1363 1771 1415 bellurn
1808 1354 1811 1359 ’

983 1455 1196 1517 oontraAEquos,
1211 1452 1289 1516 Appio
1305 1456 1390 1502 contra
1410 1452 1516 1503 Volscus
1536 1453 1634 1519 obtigit.
1667 1459 1773 1521 Utrique

992 1541 1090 1594 consuli
1100 1556 1142 1593 ras
1160 1544 1292 1602 successit,
1310 1550 1337 1594 ut
1353 1560 1397 1609 par
1411 1544 1467 1596 tuit.
1482 1547 1616 1597 Exercitus
1635 1549 1713 1610 euim,
1728 1552 1771 1616 qui

993 1638 1094 1695 Quintio
1118 1636 1193 1687 datus
1207 1638 1294 1699 tuerat,
1312 1637 1345 1688 ob
1361 1638 1490 1689 lenitatem
1505 1640 1560 1703 ejus
1574 1656 1603 1689 ac
1628 1625 1774 1706 aequitatem

993 1733 1106 1794 promtus
1118 1732 1172 1779 erat
1188 1729 1220 1778 ad
1239 1730 1321 1778 omniu
1340 1730 1459 1793 imperata
1476 1732 1605 1792 iacienda,
1628 1738 1653 1783 et
1668 1734 1774 1799 plurima

993 1821 1104 1887 pericula
1118 1825 1205 1887 sponte
1230 1836 1276 1871 sua
1291 1822 1361 1872 nullo
1373 1824 1477 1887 iubente
1499 1824 1594 1885 adibat,
1610 1830 1638 1875 ut
1650 1827 1708 1878 duci
1727 1845 1774 1879 suo

994 1922 1097 1988 gloriam
1120 1920 1147 1967 et
1165 1916 1284 1965 honorem
1300 1919 1422 1979 pararet:
1445 1929 1611 1981 magnamque
1637 1923 1773 1984 AEquorum

994 2015 1047 2080 agri
1075 2013 1171 2077 partem
1191 2007 1376 2071 praedabundus
1403 2013 1443 2059 est
1469 2015 1633 2075 pervagatus,
1657 2012 1774 2065 hostibus

995 2123 1073 2175 quum
1096 2108 1148 2171 ipso
1163 2103 1278 2168 congredi
1291 2116 1340 2154 nun
1352 2102 1417 2163 ausi,
1438 2103 1504 2154 unde
1527 2104 1608 2155 multa
1628 2107 1707 2171 spolia
1719 2123 1773 2161 ma.

995 2214 1119 2267 gnamque
1127 2199 1236 2264 proadem
1252 2197 1346 2249 retulit.
1380 2199 1430 2248 Nec
1446 2197 1488 2246 diu
1503 2198 1528 2247 in
1543 2199 1641 2250 hostico
1654 2207 1773 2264 moratus,

994 2295 1127 2346 incolumis
1141 2291 1168 2342 in
1181 2293 1270 2342 urbem
1292 2290 1376 2347 rediit,
1405 2304 1463 2339 cum
1487 2290 1552 2341 duee
1581 2291 1656 2343 rebus
1680 2297 1776 2360 egregie

995 2387 1072 2453 gestis
1087 2390 1227 2451 conspicuo.
1263 2384 1382 2443 Quinem
1395 2383 1553 2447 Appiiductu
1568 2385 1599 2435 ad
1609 2386 1702 2437 bellum
1717 2404 1774 2453 pro-

996 2482 1053 2533 iecti
1066 2483 1133 2541 sunt,
1152 2480 1217 2535 odio,
1237 2492 1354 2543 quoeum
1375 2458 1599 2540 prosequebantur,
1617 2481 1703 2542 patriae
1721 2482 1774 2531 dis·

996 2573 1093 2638 ciplinrc
1118 2575 1241 2636 praecepta
1273 2583 1422 2634 magnopere
1457 2568 1627 2633 neglexerunt.
1662 2575 1723 2622 llam
1750 2577 1776 2624 et

996 2671 1050 2717 toto
1064 2664 1131 2716 illius
1158 2663 1321 2728 expeditionis
1345 2665 1456 2727 tempore
1477 2661 1536 2711 data
1562 2676 1638 2726 opera
1653 2663 1775 2727 ignaviter

996 2776 1047 2812 rem
1062 2762 1201 2824 gesserunt,
1231 2757 1373 2822 ducamque
1404 2769 1502 2819 semper
1525 2759 1726 2822 contempserunt
1750 2764 1774 2811 et

995 2866 1072 2918 quum
1084 2849 1245 2916 pugnandum
1262 2852 1329 2900 esset
1342 2863 1397 2899 eum
1410 2847 1556 2898 Volscorum
1573 2848 1660 2913 copiis,
1676 2864 1690 2900 a
1704 2850 1774 2902 duci·
1842 2856 1845 2861 '

996 2946 1043 2997 bus
1056 2946 1082 2996 in
1095 2944 1173 2995 aciem
1188 2943 1302 3009 producti
1318 2955 1376 2992 cum
1397 2941 1514 2991 hostibus
1535 2956 1625 2992 manus
1647 2956 1774 2996 conserere

995 3041 1150 3100 noluerunt3
1177 3037 1222 3088 sed
1243 3040 1268 3087 et
1297 3033 1457 3086 centuriones
1489 3039 1514 3086 et
1535 3035 1700 3100 antesignani,
1733 3037 1774 3090 alii

995 3133 1097 3197 abiectis
1108 3132 1195 3195 signis,
1208 3130 1250 3182 alii
1264 3144 1324 3181 vero
1338 3127 1468 3179 ordinibus
1479 3127 1599 3187 desertis,
1614 3129 1639 3178 in
1654 3134 1735 3179 castra
1749 3145 1777 3180 se

996 3226 1153 3288 receperunt,
1178 3225 1203 3273 et
1223 3221 1272 3271 uisi
1290 3221 1376 3270 hostes
1399 3220 1553 3285 inopinatam
1579 3234 1667 3271 eorum
1693 3221 1777 3286 lugam

995 3316 1092 3375 mirati,
1110 3314 1211 3364 insidias
1223 3317 1363 3364 metuentes
1372 3312 1404 3363 ab
1417 3314 1478 3377 ipsis
1497 3313 1605 3364 ulterius
1625 3328 1778 3381 persequen-

995 3410 1035 3460 dis
1048 3407 1237 3464 abstinuissent,
1252 3406 1361 3455 marima
1385 3419 1444 3470 pars
1465 3409 1632 3458 Romanorum
1653 3411 1775 3472 periisset.

998 3503 1026 3554 ld
1039 3505 1123 3552 autem
1141 3499 1277 3560 faciehant,
1294 3499 1360 3563 qnod
1375 3499 1433 3550 duci
1447 3500 1587 3552 inviderent
1602 3516 1633 3553 ne
1646 3502 1697 3565 ille,
1712 3504 1779 3556 hello

996 3594 1115 3661 praeclare
1133 3592 1261 3644 coniecto.
1277 3593 1405 3659 triumpho
1422 3593 1527 3660 aliisque
1550 3596 1688 3647 honoribus
1700 3596 1774 3649 deco·
1826 3573 1828 3577 Α

1002 3700 1107 3748 caretur.
1122 3698 1226 3747 Postero
1234 3695 1319 3743 autem
1325 3691 1375 3751 die,
1383 3704 1461 3754 quum
1468 3688 1558 3740 consul
1572 3695 1598 3741 et
1611 3704 1698 3741 eorum
1714 3693 1776 3756 igno

997 3786 1130 3839 mmiosam
1144 3787 1228 3851 lugam
1251 3785 1400 3849 increparet,
1413 3785 1439 3833 et
1453 3781 1485 3832 ad
1499 3781 1554 3844 eius
1575 3782 1692 3834 iocinoris
1709 3783 1777 3847 igno-

998 3881 1101 3934 miniam
1125 3879 1244 3946 proclam
1271 3877 1357 3943 proeiio
1384 3875 1532 3927 abolendum
1556 3890 1600 3927 eos
1633 3876 1779 3928 hortaretur

997 3975 1110 4041 ipsisque
1123 3973 1270 4031 minaretur,
1283 3969 1331 4021 nist
1351 3970 1376 4019 iu
1394 3957 1515 4034 periculis‘
1528 3982 1555 4019 se
1564 3967 1665 4020 fortiter
1679 3966 1775 4034 gessisss
1823 3984 1826 3991 ·

998 4069 1061 4129 sent,
1072 4079 1099 4117 se
1112 4064 1207 4130 legibus
1220 4076 1341 4123 usurum3
1353 4060 1389 4111 illi
1401 4064 1484 4112 umen
1499 4060 1523 4110 in
1540 4060 1627 4112 eadem
1647 4064 1777 4112 contuma-

998 4166 1036 4217 cia
1045 4164 1237 4232 perseverabant
1248 4167 1271 4214 et
1284 4159 1493 4218 vociferabantur,
1507 4161 1583 4224 atque
1598 4173 1625 4210 se
1639 4174 1669 4211 er
1682 4160 1781 4211 hostico

999 4263 1088 4314 abduci
1094 4262 1214 4328 jubebunt
1224 4299 1230 4319 ‚
1241 4259 1309 4324 quod
1319 4271 1371 4322 prm
1382 4255 1528 4306 vulneribus
1540 4255 1649 4320 amplius
1662 4257 1780 4308 resistere

998 4374 1047 4410 non
1058 4362 1176 4424 possent;
1192 4356 1266 4408 multi
1277 4357 1341 4407 enim
1352 4368 1437 4405 eorum
1451 4353 1560 4418 integras
1570 4354 1681 4419 corporis
1695 4358 1779 4416 partes

999 4451 1073 4516 quasi
1084 4452 1183 4503 saucias
1195 4449 1342 4513 obtigerant.
1377 4450 1466 4513 ltaque
1487 4446 1581 4512 appius
1601 4446 1737 4496 exereitum
1749 4458 1778 4495 er

999 4545 1096 4597 hostico
1108 4546 1230 4597 deducere
1251 4547 1353 4595 coactus
1371 4547 1431 4594 est:
1452 4551 1477 4592 et
1492 4541 1576 4592 Volsci
1595 4555 1638 4591 ecs
1658 4540 1779 4590 εὑειισιοε

1000 4646 1093 4706 secuti,
1123 4645 1218 4697 multos
1249 4641 1435 4695 interfecerunt.
1470 4644 1504 4690 Ut
1526 4653 1584 4690 vero
1607 4640 1633 4689 in
1665 4640 1779 4700 pacatum

1000 4751 1087 4803 agrum
1099 4739 1258 4795 ventumst,
1270 4735 1367 4793 consul,
1379 4735 1410 4785 iis
1420 4734 1453 4785 ad
1464 4734 1606 4783 concionem
1621 4727 1778 4786 mnvocatis,

999 4835 1137 4901 multisque
1143 4833 1310 4899 exprobratis,
1321 4832 1366 4882 sed
1384 4832 1410 4880 in
1425 4845 1468 4880 eos
1480 4833 1509 4879 ut
1527 4831 1552 4878 in
1565 4826 1624 4876 aciei
1638 4824 1779 4873 desertores

1001 4933 1233 4985 animadversurum
1245 4931 1310 4983 dixit
1328 4933 1372 4980 :et
1392 4929 1509 4993 quamvis
1526 4924 1634 4975 seniores
1647 4924 1722 4982 atque
1737 4920 1779 4972 alii

1000 5032 1187 5097 primumcum,
1199 5030 1243 5094 qui
1260 5030 1369 5079 minores
1386 5025 1549 5087 rrragistratus
1567 5021 1592 5070 in
1606 5019 1696 5070 castris
1708 5035 1780 5083 gere·

1000 5129 1068 5189 bant,
1081 5128 1260 5193 cumpluribus
1272 5124 1473 5191 deprecarentur,
1491 5124 1517 5170 et
1531 5119 1604 5170 valde
1618 5121 1733 5177 orarent,
1750 5123 1779 5167 ut

1001 5225 1128 5278 moderate
1135 5230 1224 5291 ageret,
1244 5239 1306 5276 neve
1324 5220 1430 5287 publicae
1445 5217 1593 5269 stadialiam
1605 5231 1694 5268 noram
1712 5214 1778 5265 cala-

1583 5300 1622 5344 36.
