3772 5828
163 305 222 366 464

163 439 238 495 τοῦτο
253 437 417 511 συγκαλέσας
430 440 488 502 τοὺς
501 436 673 519 ίεροράντας,
689 439 733 498 καί
749 440 796 507 τὰς
807 445 867 522 περί
880 449 932 503 τῶν

161 525 238 602 ἰερῶν
254 523 419 606 συγγραρθις,
442 525 473 590 ἀς
495 528 641 601 Πομπίλιος
657 530 852 603 συνεστήσατο,
868 535 933 610 παρ’

162 615 247 671 αάτῶν
265 612 371 682 λαθὼν,
388 613 532 690 ἀνέγραψεν
549 614 584 679 είς
603 614 706 680 δέλτους
720 617 765 674 καί
788 617 932 698 προύθηκεν

160 703 187 758 έν
205 702 290 780 ἀγορᾷ
309 710 375 758 πᾶσι
396 705 448 766 τοῖς
465 700 636 779 βουλομένοις
651 712 774 776 σκοπεῖν,
792 705 822 774 ἀς
840 708 932 786 ἀφανι-

119 805 133 843 s
160 791 256 859 σθῆναι
272 787 367 859 συνέόη
382 792 419 867 τῷ
441 789 543 868 χρόνῳ·
557 788 670 867 χάλκεαι
683 792 734 869 γάρ
747 791 820 850 οὔπω
835 797 932 865 στῆλαι

159 876 213 936 τότ’
227 866 310 948 ἦσαν,
327 878 386 934 ἀλλ’
401 878 426 932 έν
440 871 553 954 δρυΐναις
567 877 741 955 ἐχαράττοντο
754 880 855 941 σανίσιν
869 881 896 942 οἵ
904 906 932 942 τε

158 965 235 1042 νόμοι
249 969 294 1023 καὶ
310 968 337 1022 αἱ
353 965 412 1042 περὶ
423 967 475 1022 τῶν
489 967 565 1043 ίερῶν
581 966 735 1047 διαγραφαί·
757 968 824 1043 part
839 971 866 1029 δί
881 971 928 1042 τὴν

159 1053 270 1124 ἐκόολῆν
284 1055 335 1110 τῶν
351 1052 478 1130 βασιλέων
496 1054 530 1118 είς
546 1053 699 1132 ἀναγραφὴν
715 1055 844 1131 δημοσίαν
860 1049 932 1127 αάθις

158 1143 277 1224 ἤχθησαν
298 1143 343 1197 ὑπ’
359 1139 450 1217 ἀνδρὸς
464 1139 617 1220 ίεροράντου
638 1143 660 1200 Γ
661 1137 720 1200 orion
736 1143 870 1224 Παπιρίου
882 1145 930 1216 τὴν

104 1247 129 1286 tn
158 1231 281 1289 ἁπάντων
296 1232 348 1287 τῶν
359 1231 436 1305 ἱερῶν
449 1228 592 1306 ἡγεμονίαν
607 1227 723 1308 ἔχοντος.
765 1231 930 1306 ’Λνακτησά-

158 1339 234 1393 μενος
251 1315 279 1374 δί
302 1312 336 1372 τά
357 1315 611 1393 κατερρᾳθυμημένα
626 1317 678 1372 τῶν
701 1318 793 1393 ἱερῶν,
817 1318 862 1376 καί
886 1319 929 1377 τὸν

157 1405 235 1485 ἀργδν
248 1403 326 1482 ὄχλον
342 1403 386 1460 ἐπὶ
400 1402 445 1466 τάς
458 1400 523 1466 ἰδίας
540 1401 663 1482 ἐργασίας
677 1403 850 1477 ἀποστείλας,
864 1407 930 1488 ἐπῄ-

72 1508 75 1513 ’
156 1515 195 1551 νει
218 1492 266 1568 μίν
289 1488 348 1557 τοὺς
366 1489 498 1566 ἐπιμελεῖς
510 1488 658 1568 γεωργούς,
674 1491 804 1571 ἐμέμφετο
820 1493 848 1553 δὲ
870 1494 931 1562 τοὺς

156 1581 246 1644 κακῶς
263 1577 471 1658 προϊσταμένους
490 1581 543 1637 τῶν
561 1575 632 1637 ἰδίων
648 1576 831 1659 [κτημάτων]
847 1585 883 1649 ὡς
899 1583 928 1642 οὐ

102 1690 126 1730 ει
156 1666 278 1747 βεόαίους
300 1666 415 1731 πολίτας.

195 1754 444 1816 ΧΧΧλίίί.Ταῦτα
453 1752 642 1828 καθιστάμενος
650 1753 930 1832 τάπολιτεύματα,καί

156 1842 224 1922 [διά]
236 1836 332 1904 παντὸς
344 1840 451 1917 μάλιστ’
463 1839 571 1907 ίλπίσας
582 1840 643 1899 ἀνευ
652 1843 769 1919 πολέμου
782 1842 829 1901 καί
838 1846 928 1903 κακῶν

156 1931 263 1991 ἀπαντα
283 1929 326 1988 τόν
343 1930 400 2009 βίον
416 1929 574 1988 διατελέσειν
597 1929 686 2010 ὥσπερ
703 1936 717 1990 θ
737 1931 927 2014 μητροπάτωρ,

154 2021 202 2078 οὐκ
210 2017 286 2097 ἔσχεν
296 2015 389 2093 θμοίαν
403 2019 436 2095 τῇ
451 2017 600 2096 προαιρέσει
610 2017 656 2087 τὴν
667 2017 765 2096 τύχην,
775 2021 843 2078 ἀλλὰ
851 2022 926 2100 παρά

99 2146 127 2186 w
153 2105 202 2174 τλν
223 2109 316 2165 ἑαυτοῦ
329 2105 437 2183 γνώμην
457 2104 619 2179 πολεμιστής
638 2106 790 2180 ἠναγκάσθη
806 2107 925 2183 γενέσθαι

154 2195 200 2254 καί
215 2193 316 2271 μηδένα
329 2192 422 2271 χρόνον
439 2193 499 2251 ἀνευ
525 2191 643 2252 κινδύνου
661 2192 706 2251 καί
720 2198 838 2272 ταραχῆς
858 2199 927 2272 βιῶ-

92 2344 95 2351 ,
154 2304 209 2342 σαι.
256 2279 340 2345 Εὐθὺς
354 2277 406 2358 γάρ
430 2279 486 2353 ἅμα
507 2283 545 2358 τῷ
558 2282 697 2358 παρελθεῖν
718 2282 795 2339 αὐτὸν
814 2282 858 2340 ίπί
879 2283 927 2353 τήν

154 2367 298 2445 ἠγεμονίαν
308 2367 353 2424 καί
364 2370 412 2437 τὴν
426 2366 583 2446 ἀπράγμονα
596 2367 770 2430 καθίστασθαι
780 2369 926 2444 πολιτείαν,

155 2454 402 2534 καταφρονήσαντες
428 2456 508 2513 αὐτοῦ
530 2459 639 2515 Λατῖνοι
659 2455 702 2512 καί
723 2455 876 2532 νομίσαντες
894 2459 928 2516 δι’

99 2583 126 2624 2,
156 2539 296 2619 ἀνανδρίαν
318 2540 369 2618 οὐχ
392 2540 480 2600 ἱκανόν
504 2531 571 2598 ε’ίναι
596 2542 728 2618 πολέμους
751 2552 926 2621 στρατηγεῖν,

154 2628 284 2709 λῃστήρια
299 2626 442 2703 διέπεμπον
456 2629 491 2695 εἰς
502 2630 549 2700 τήν
559 2631 707 2709 δμοροθσαν
720 2630 808 2696 αὐτοῖς
820 2631 928 2692 ίιιαστοι

155 2717 265 2798 χώραν,
278 2715 321 2795 ὑφ’
335 2707 371 2773 ών
382 2716 474 2776 πολλοὶ
486 2715 628 2792 Ῥωμαίων
643 2716 815 2778 ίὸλάπτοντο.
859 2720 929 2802 Ἀρι·

155 2801 275 2882 κομίνων
290 2801 318 2861 δὲ
332 2802 406 2882 παρδι
424 2810 469 2863 τοῦ
486 2803 614 2882 βασιλέως
628 2804 812 2883 πρεσύιυτῶν,
827 2806 872 2864 καί
892 2806 926 2864 τὰ

155 2893 244 2953 δίκαια
258 2891 402 2967 Ῥωμαίοις
415 2890 554 2960 ἀξιούντων
567 2892 673 2972 ὑπέχειν
687 2893 757 2951 κατὰ
771 2891 820 2960 τάς
831 2894 925 2965 συνθή-

49 2978 54 2997 '
98 3009 126 3048 aa
154 3004 218 3053 κας,
233 2978 292 3037 οὔτε
307 2980 444 3057 γινώσκειν
459 2978 621 3049 ἀσκήπτοντο
635 2982 688 3038 τῶν
704 2979 766 3059 περί
780 2981 814 3038 τά
829 2982 926 3059 λῃστή·

159 3094 203 3151 ρια
217 3068 452 3146 κατηγορουμένων
471 3066 563 3138 οὐδὲν,
579 3070 613 3131 ώς
630 3068 660 3125 οὐ
675 3066 742 3141 μετδι
756 3071 844 3138 κοινῆς
857 3069 924 3146 γνώ-

153 3181 205 3234 μης
218 3156 376 3233 γεγονότων,
402 3156 457 3212 οὔθ’
471 3155 588 3212 θπόδικοι
601 3152 746 3229 Ῥωμαίοις
757 3153 818 3232 περί
827 3154 927 3222 οὐθενὸς

153 3237 223 3305 εἶναι
239 3245 408 3324 πράγματος·
426 3241 548 3322 οὐδὲγάρ
564 3241 627 3320 πρδς
639 3240 751 3309 ἐκείνους
765 3242 924 3314 ποιήσασθαι

154 3340 201 3403 τὰς
220 3332 367 3405 συνθήκας,
383 3331 452 3390 ἀλλά
466 3333 529 3409 πρὸς
547 3329 667 3402 Τύλλον,
681 3329 884 3402 τελευτήσαντος
898 3332 924 3391 δὲ

111 3450 124 3487 τ
152 3429 198 3482 τοῦ
213 3423 319 3482 Τύλλου
333 3419 456 3479 λελύσθαι
472 3421 543 3497 opion
557 3418 604 3485 τάς
618 3417 679 3499 περί
690 3421 738 3491 τῆς
748 3417 851 3499 εἰρήνης
863 3424 925 3496 δμο-

153 3509 254 3590 λογίας.
299 3507 484 3589 ’ἀναγκασθεὶς
497 3506 528 3577 δή
546 3508 590 3567 διδ
604 3505 702 3573 ταύτας
717 3505 763 3573 τάς
777 3510 926 3587 ἀποκρίσεις

152 3601 204 3657 τῶν
219 3596 340 3657 Λατίνων
354 3600 369 3655 θ
383 3600 504 3677 Μάρκιος
519 3595 605 3673 ἐξάγει
620 3594 746 3674 στρατιάν
761 3598 803 3654 ἐπ’
817 3597 922 3664 αὐτούς·

153 3685 198 3743 καί
213 3684 452 3762 προσκαθεζόμενος
464 3688 502 3764 τῷ
516 3684 690 3764 Πολιτωρίῳ,
703 3684 764 3763 πρὶν
775 3685 924 3764 ἀπικουρίαν

152 3770 211 3832 τινδι
231 3773 285 3837 τοῖς
307 3773 537 3852 πολιορκουμένοις
559 3774 659 3831 ἐκτῶν
682 3773 769 3831 ἀλλων
787 3772 924 3851 ἀρικίσθαι

96 3888 124 3925 aa
152 3859 286 3931 Λατίνων,
299 3860 504 3938 παραλαμὸάνει
516 3859 650 3938 τλνπόλιν
659 3861 718 3917 καθ’
731 3857 884 3935 ὁμολογίας·
895 3859 923 3916 ού

153 3944 242 4022 μέντοι
268 3945 373 4018 διέθηκε
394 3946 451 4013 τοθς
474 3947 622 4026 ἀνθρώπους
646 3944 727 4004 δεινὸν
752 3943 840 4018 οὐθὲν,
864 3946 924 4002 ἀλλ’

150 4032 260 4113 ἔχοντας
274 4031 307 4090 τά
325 4034 438 4112 σφέτερα
452 4033 585 4108 πανδημεί
600 4032 747 4110 μετήγαγεν
764 4033 799 4095 εἰς
814 4028 923 4106 Ῥώμην

150 4119 196 4179 καί
211 4120 363 4194 κατένειμεν
376 4123 412 4187 εἰς
424 4122 471 4186 τάς
486 4121 574 4199 φυλάς.

189 4208 352 4269 XXXVIII.
361 4208 409 4286 Τῷ
421 4208 443 4265 δ’
457 4207 515 4277 ἑξῆς
524 4209 635 4284 ἐνιαυτῷ
646 4202 765 4264 Λατίνων
775 4203 810 4268 είς
825 4203 921 4282 ἔρημον

93 4313 120 4351 os
149 4294 181 4354 τδ
187 4293 349 4373 Πολιτώριον
361 4295 477 4360 ἐποίκους
485 4292 695 4354 ἀποστειλάντων
703 4290 860 4362 καὶτὴντῶν
871 4293 922 4349 ilo·

148 4383 292 4462 λιτωρίνων
300 4381 391 4462 χώραν
400 4382 627 4459 ἐπεργαζομένων,
640 4378 920 4449 ἀναλαάώντήνδύνα-

150 4494 195 4548 μιν
204 4475 218 4528 δ
228 4472 348 4548 Μάρκιος
357 4461 573 4547 ήγενέπάἀτούς.
603 4469 787 4548 Προελθάντων
795 4468 818 4524 δ’
831 4469 860 4525 ίκ
874 4471 921 4525 τοῦ

147 4559 249 4640 τείχους
265 4564 317 4618 τῶν
342 4559 460 4617 Λατίνων
480 4557 525 4614 καί
545 4556 789 4637 παραταξαμένων,
813 4554 923 4624 νικήσας

148 4650 242 4716 αύτοθς
256 4645 462 4726 παραλαμύάνει
476 4645 523 4713 τήν
537 4646 612 4702 πολιν
627 4645 657 4702 τδ
671 4644 799 4721 δεύτερον.
844 4641 919 4718 Ἐμ-

96 4753 125 4794 bo
147 4737 252 4815 πρήσας
272 4737 299 4794 δὲ
313 4735 360 4799 τάς
374 4733 456 4797 οἰκίας
470 4732 515 4789 καί
528 4732 557 4789 τὸ
577 4739 662 4811 τεῖχος
676 4732 862 4811 κατασκάψας,
874 4733 918 4787 ίνα

148 4823 230 4898 μηδὲν
244 4816 316 4889 αάθις
330 4820 489 4901 ὁρμητήριον
504 4819 588 4898 ἔχοιεν
602 4825 625 4878 oi
636 4820 757 4896 πολέμιοι
770 4817 832 4895 μηδ’
843 4818 920 4896 ἐργά-

148 4910 232 4976 ζοιντο
246 4917 293 4980 τήν
315 4915 379 4988 γῆν,
404 4912 489 4986 ἀπῆγε
506 4909 553 4976 τήν
575 4907 709 4984 στρατιάν.
753 4908 801 4984 Τῷ
824 4904 846 4962 δ’
863 4903 920 4974 ἑξῆς

147 4994 201 5054 ίτει
217 4999 324 5054 Λατῖνοι
343 4999 390 5073 μὲν
406 4997 449 5057 isi
467 4997 633 5057 Μεδύλλειαν
648 4996 724 5053 πολιν
738 4991 915 5072 στρατεύσαν·

145 5109 208 5165 τίς,
224 5087 249 5142 tr
263 5072 281 5158 ᾗ
294 5084 437 5161 Ῥωμαίων
452 5079 519 5156 ἦσαν
540 5085 660 5156 ἄποικοι,
684 5079 920 5162 προακοθεζόμενῡς

679 305 844 368 lllONYSli
868 310 1243 379 HALlCARNASSENSIS

986 454 1125 506 industrias·
1135 459 1258 521 bonerto,
1282 463 1366 513 necitis
1379 467 1435 527 post
1449 466 1472 514 id
1489 469 1657 534 pontificibus,
1673 486 1757 527 sacro·

986 581 1041 618 rum
1060 573 1249 624 commentarios
1273 576 1305 626 ab
1320 577 1379 640 ipsis
1396 583 1524 642 acceptos,
1546 596 1610 646 quos
1625 586 1758 651 Pompilius

985 682 1168 740 composuerat,
1193 680 1219 729 in
1240 681 1336 732 tabulas
1363 684 1530 749 transcripsit,
1550 701 1642 752 easque
1656 690 1683 741 in
1703 692 1757 742 ioro

985 784 1112 847 proposuit
1123 786 1273 863 quibuslibet
1286 788 1520 855 inspiciendarum
1536 797 1621 857 postea
1633 799 1756 850 vetustate

985 891 1122 956 absumptas
1138 897 1205 955 aunt,
1229 896 1354 959 (nondum
1374 897 1438 948 eninr
1458 912 1533 949 annea
1556 902 1678 953 ooturnnoe
1697 907 1756 955 tunc

984 1003 1088 1051 orantia
1097 1003 1311 1067 usn,sedquernis
1321 1005 1411 1056 tabuiis
1421 1007 1757 1074 insculpebantnretlegeset

984 1122 1067 1159 rerum
1082 1123 1210 1160 sacrarum
1217 1115 1407 1177 commentarii),
1420 1115 1464 1166 sed
1475 1120 1531 1180 post
1541 1130 1610 1181 reges
1617 1123 1715 1169 exactos
1724 1119 1756 1169 ad

984 1218 1108 1282 publicum
1123 1234 1196 1270 usum
1211 1227 1333 1272 revocatas
1348 1227 1406 1273 snut
1422 1238 1437 1274 a
1455 1226 1517 1274 Gaio
1533 1226 1630 1290 Papirio
1642 1227 1757 1291 pontifice

985 1325 1103 1375 marimo.
1139 1326 1283 1376 instauratis
1305 1331 1386 1378 autem
1403 1330 1479 1379 saeris
1498 1344 1555 1394 quae
1569 1345 1611 1394 per
1631 1331 1756 1396 negligen-

984 1435 1044 1484 tiam
1057 1436 1128 1485 erant
1138 1433 1293 1495 intermissa,
1305 1438 1330 1485 ot
1341 1435 1451 1501 ablegata
1459 1437 1538 1488 otiosa
1552 1438 1624 1489 turba
1637 1439 1668 1488 ad
1681 1453 1756 1503 opera

983 1545 1088 1606 privata,
1107 1542 1223 1593 laudabat
1236 1542 1353 1605 agricolas
1367 1542 1503 1608 dlbgentes,
1513 1547 1540 1596 et
1554 1545 1698 1611 obiurgabat
1711 1560 1756 1597 eos

983 1653 1026 1717 qui
1038 1666 1084 1703 sua
1094 1653 1158 1703 male
1174 1654 1306 1714 curabant,
1318 1652 1345 1704 'nt
1359 1654 1426 1706 cives
1444 1654 1544 1706 minime
1557 1655 1642 1706 bonos.

1013 1773 1134 1822 xxxvii.
1159 1772 1211 1820 liae
1231 1770 1339 1822 civitatis
1359 1772 1438 1822 torma
1459 1773 1584 1828 instituta.
1606 1787 1705 1838 sperans
1724 1786 1752 1822 se

982 1879 1035 1929 sine
1047 1878 1112 1929 bollo
1122 1882 1148 1928 et
1161 1878 1281 1928 molestiis
1299 1881 1378 1929 totam
1396 1880 1472 1930 vitam
1487 1885 1604 1945 perpetuo
1618 1885 1755 1934 transactu-

982 1998 1047 2046 rum,
1062 1988 1090 2034 ut
1103 1984 1193 2032 leoerat
1208 1996 1269 2033 anus
1282 1989 1422 2045 maternus,
1438 1985 1559 2035 lortunam
1568 1986 1694 2049 proposito
1705 2001 1753 2037 suo

981 2090 1110 2139 adversam
1128 2091 1165 2137 est
1174 2091 1299 2151 expertus,
1315 2093 1340 2138 et
1351 2093 1435 2139 eontra
1453 2103 1528 2152 quam
1546 2092 1666 2139 statuerat
1683 2104 1752 2139 onne-

982 2199 1023 2246 tus
1035 2198 1075 2246 est
1096 2195 1201 2246 bellator
1221 2208 1275 2244 osse
1291 2196 1317 2244 ot
1334 2208 1459 2258 nunquam
1471 2195 1524 2244 sine
1540 2193 1648 2258 periculo
1660 2198 1686 2243 et
1704 2198 1745 2243 tu-

980 2298 1061 2350 multu
1078 2300 1169 2350 rirere.
1181 2299 1269 2349 statim
1280 2298 1345 2348 enim
1356 2297 1504 2361 simulatque
1517 2297 1547 2347 ad
1564 2295 1695 2360 imperinm
1711 2311 1751 2345 ac-

981 2408 1055 2458 cessit
1064 2412 1088 2458 et
1098 2407 1256 2470 tranquillum
1269 2405 1409 2473 reipublicae
1422 2408 1514 2455 statum
1525 2404 1660 2479 constitnit,
1671 2403 1753 2453 Latini

982 2525 1039 2562 enm
1057 2512 1257 2568 oontemnentes,
1277 2512 1303 2557 ot
1315 2508 1481 2558 existimantes
1494 2507 1574 2572 ipsum
1587 2507 1619 2558 nb
1631 2507 1751 2571 ignauiam

982 2630 1030 2666 non
1041 2629 1095 2665 esse
1111 2613 1226 2665 idoneum
1239 2612 1271 2662 arl
1284 2612 1374 2662 bellum
1382 2611 1616 2674 administrandum,
1629 2611 1754 2662 latronum

981 2735 1067 2771 manus
1086 2734 1130 2785 per
1149 2731 1220 2782 agros
1232 2717 1337 2780 quaque
1348 2714 1396 2766 sibi
1413 2715 1529 2767 finitimos
1548 2716 1719 2777 dirnittobant,
1738 2730 1753 2765 n

981 2828 1070 2893 quibus
1090 2826 1165 2877 multi
1190 2824 1291 2875 Romani
1311 2822 1459 2873 detrimenta
1479 2821 1639 2886 accipiebant.
1671 2822 1756 2871 Missis

980 2935 1089 2982 autema
1103 2943 1160 2992 rege
1173 2929 1259 2992 legalla
1271 2928 1296 2976 et
1311 2925 1492 2989 postulantibus
1503 2929 1532 2974 ut
1545 2939 1576 2975 ειι
1592 2924 1685 2973 loedere
1701 2926 1749 2974 itu·

981 3035 1061 3086 manis
1072 3034 1111 3085 ius
1122 3048 1197 3085 snum
1210 3031 1357 3088 tribuerent,
1369 3028 1517 3079 simulabant
1530 3042 1556 3079 se
1572 3031 1670 3093 penitus
1682 3027 1751 3093 igna-

980 3155 1021 3191 ros
1033 3153 1087 3189 esse
1097 3137 1280 3188 latrociniorum
1297 3135 1328 3185 de
1346 3133 1437 3197 quibus
1448 3127 1617 3198 (inurerentur,
1631 3135 1701 3196 quasi
1710 3135 1752 3184 ni-

979 3246 1015 3296 hii
1029 3258 1115 3296 eorum
1134 3243 1232 3307 publico
1248 3253 1369 3292 consensu
1388 3239 1478 3290 lactum
1491 3243 1569 3300 esset,
1587 3253 1662 3302 seque
1680 3240 1752 3289 nulla

978 3351 1004 3401 in
1016 3363 1043 3400 ro
1058 3348 1141 3412 populi
1163 3347 1264 3397 Romani
1285 3345 1376 3396 iudicio
1393 3344 1510 3394 obnoxios
1530 3357 1584 3394 esse
1607 3343 1720 3393 dicebant
1743 3358 1749 3387 ι

978 3453 1138 3518 nequeenim
1155 3466 1181 3502 se
1198 3465 1254 3500 eum
1274 3465 1304 3501 eo
1322 3449 1402 3499 losdus
1418 3448 1518 3507 lenisse,
1531 3446 1575 3496 sed
1595 3460 1650 3495 eum
1664 3447 1749 3505 Tulto;

979 3567 1076 3618 mortno
1084 3567 1167 3614 autem
1178 3560 1249 3612 Tullo
1259 3563 1346 3623 ruptas
1357 3571 1411 3608 osso
1421 3558 1486 3620 panis
1496 3555 1655 3605 conditiones.
1687 3558 1752 3606 btur·

978 3675 1032 3724 eins
1047 3674 1120 3738 igitur
1139 3673 1178 3722 his
1194 3670 1317 3735 responsis
1336 3671 1437 3718 coactus
1456 3665 1590 3716 exercitum
1605 3666 1689 3714 oontrs
1707 3678 1750 3714 eos

978 3786 1058 3844 duxit,
1069 3788 1092 3833 et
1107 3780 1222 3832 Politorio
1234 3780 1322 3845 oppido
1336 3777 1446 3834 obsesso,
1458 3776 1587 3837 antequam
1598 3771 1648 3822 ulla
1660 3773 1754 3824 auxilia

978 3890 1008 3939 ab
1027 3889 1080 3939 aliis
1098 3886 1189 3936 Latinis
1205 3886 1337 3941 venissent,
1348 3879 1466 3945 oppidum
1480 3879 1504 3927 in
1518 3877 1664 3927 deditionem
1679 3890 1752 3927 acce·

977 3993 1021 4055 pit.
1054 3989 1125 4041 Nullo
1134 3992 1216 4038 tamen
1227 3988 1292 4036 malo
1302 3986 1413 4034 homines
1427 3981 1523 4039 atleoit,
1538 3981 1580 4030 sed
1595 3994 1679 4030 omnes
1692 3994 1752 4029 curn

978 4103 1031 4153 suis
1044 4097 1146 4150 lortnnis
1159 4099 1260 4146 Romam
1269 4093 1390 4152 traduxit,
1404 4096 1478 4155 atque
1488 4091 1513 4140 in
1522 4089 1600 4139 tribus
1614 4086 1751 4139 distribuit..

1008 4207 1138 4259 xxxviii.
1155 4203 1276 4265 seuuemo
1289 4203 1369 4250 autern
1381 4206 1444 4249 anno
1458 4205 1515 4248 oum
1525 4195 1637 4247 Latialia
1650 4196 1746 4247 Polito-

976 4320 1040 4368 rium
1050 4316 1176 4366 desertum
1182 4312 1280 4360 colonos
1289 4307 1421 4367 misissent,
1430 4305 1653 4358 etPolitorinornm
1658 4317 1748 4365 agrum

975 4427 1093 4485 solerent,
1103 4422 1208 4473 biareius
1215 4435 1271 4470 cum
1279 4417 1354 4482 raptis
1366 4418 1449 4465 contra
1459 4429 1500 4466 eos
1509 4416 1634 4477 protectus
1644 4415 1689 4461 ost.
1702 4414 1746 4460 La-

975 4543 1034 4595 tinis
1053 4544 1135 4592 autom
1154 4540 1196 4601 qui
1214 4552 1244 4587 ex
1255 4536 1332 4586 muris
1351 4534 1376 4582 in
1396 4533 1472 4582 aciem
1494 4530 1590 4594 prodire
1607 4529 1659 4578 ansi
1675 4531 1744 4577 erant

974 4654 1046 4705 riotis
1055 4687 1062 4711 ,
1072 4649 1188 4714 oppidum
1200 4648 1289 4698 iterum
1299 4645 1371 4707 oepit.
1385 4638 1491 4691 lanensis
1504 4640 1587 4687 autom
1597 4635 1708 4685 adificiis
1719 4638 1744 4682 et

973 4770 1050 4823 muris
1059 4766 1111 4817 solo
1124 4763 1238 4824 aequatis,
1246 4765 1273 4810 ut
1286 4758 1370 4807 hostes
1380 4755 1413 4804 ibi
1424 4752 1515 4802 nullam
1527 4750 1632 4813 amplius
1642 4748 1698 4797 belli
1706 4761 1741 4796 so-

974 4848 1740 4923 domhaberentnereagrnmoolerent,oopiasdomnmredurit.

972 4975 1094 5039 Sequente
1108 4982 1170 5021 anno
1185 4963 1280 5023 Latini,
1295 4958 1409 5021 suscepta
1421 4952 1575 5016 expeditione
1589 4955 1673 5001 contra
1687 4951 1740 4997 blo·

972 5082 1089 5140 dubiam,
1101 5076 1126 5126 in
1138 5072 1267 5141 quaerant
1280 5064 1358 5119 uoloni
1371 5065 1545 5119 Romanomm,
1559 5059 1641 5106 urbem
1656 5055 1739 5103 obses·
