3772 5828
614 340 904 414 eunouimruu
926 340 1074 407 noman.
1098 347 1170 407 ιιυ.
1198 352 1245 412 ιι.

120 461 161 540 ἦν.
202 471 293 528 Tetra
312 472 336 530 ol
354 468 415 549 περί
440 466 589 550 Σερουίλιον
608 471 653 530 καὶ
665 468 780 532 Ἄππιον
798 470 895 531 ὑπατοι

121 554 246 637 ἔπραξαν.

160 644 299 706 XXXIV.
324 644 403 704 Μετδι
417 651 501 704 ταῦτα
512 647 751 726 παραλαμύάνουσι
762 649 808 719 τὴν
827 651 894 707 ὑπο·

121 729 195 802 τικιλν
206 728 293 811 ἀρχὴν
306 721 392 799 aine<
403 733 553 812 Οὐεργίνιος
565 736 782 810 Καιλιμοντανὸς,
793 737 837 796 καί
846 740 895 798 Τῖ-

81 853 93 890 ς
121 843 163 885 τος
173 819 330 900 Οὐετούριος
345 819 468 897 Γέμινος,
484 821 609 901 ἄρχοντος
628 822 751 901 Ἀθήνησι
764 826 895 902 Θεμιστο-

120 909 229 980 κλέους,
253 906 384 989 ἑξηκοστῷ
404 909 449 967 καὶ
470 911 642 989 διακοσιοστῷ
658 913 725 987 μετὰ
743 913 791 983 τλν
810 921 894 973 κτίσιν

120 996 189 1069 ἔτει,
210 997 354 1072 μελλούσης
373 998 409 1065 είς
434 999 540 1058 τούπιὸν
562 1002 609 1069 τῆς
628 1001 825 1076 έὺδομηκοστῆς
847 1002 893 1062 κοιλ

121 1086 244 1163 δευτέρας
260 1085 437 1162 ὀλυμπιάδος,
459 1087 490 1157 ἣν
501 1086 575 1145 ίνίκα
595 1088 714 1168 δεύτερον
733 1089 894 1170 Τισικράτης

120 1174 317 1251 Κροτωνιάτης,
360 1173 426 1234 Ἐπί
436 1175 536 1233 τούτοιν
551 1175 662 1235 Σαὺινοι
672 1178 752 1237 πάλιν
772 1177 813 1236 inl
826 1176 895 1239 Ῥω·

67 1300 93 1337 1,,
120 1262 347 1342 μαίουςστρατιδν
363 1261 461 1341 ίξάγιιν
473 1263 578 1338 μείζονα
593 1268 833 1343 παρεσκευάζοντο·
848 1267 894 1328 καί

119 1353 279 1411 Μεδυλλῖνοι
293 1350 438 1429 Ῥωμαίων
462 1352 623 1421 ἀποστάντες
642 1353 706 1431 πρδς
725 1353 754 1412 τὸ
772 1352 894 1415 Σαθίνιον

119 1440 188 1506 ἔθνος
198 1441 289 1519 ὅρκους
300 1440 456 1511 ἐποιήσαντο
472 1438 532 1518 περὶ
550 1442 712 1521 συμμαχίας.
755 1444 892 1502 Πυνθανό-

120 1554 193 1607 μενοι
208 1531 236 1589 δὲ
247 1530 295 1601 την
307 1530 421 1589 διάνοιαν
442 1529 528 1586 αὑτῶν
543 1532 566 1587 ot
581 1531 714 1609 πατρίκιοι
728 1531 893 1609 παρεσκευά-

122 1624 195 1689 ζοντο
206 1616 353 1697 διαταχέων
365 1615 458 1684 ίξιίναι
467 1626 646 1698 πανστρατιᾷ·
663 1619 693 1677 τὸ
711 1621 737 1677 δέ
754 1619 894 1695 δημοτικὸν

68 1739 92 1778 15
119 1711 169 1788 οὐχ
188 1708 318 1778 ὑπήκουεν
339 1707 439 1777 αὐτοῖς,
461 1706 519 1765 ἀλλ’
534 1705 724 1782 ἐμνησικάκουν
739 1711 786 1778 τῆς
808 1711 891 1787 ψευσ-

118 1799 206 1868 θείσης
218 1798 303 1862 αὑτοῖς
316 1795 442 1862 πολλάκις
454 1794 619 1873 ὑποσχέσεως
637 1794 698 1875 περὶ
718 1797 769 1852 τῶν
789 1795 893 1853 έπικου-

120 1887 176 1965 ρίας
202 1883 329 1960 δεομένων
361 1886 481 1964 ἀπύρων,
513 1884 748 1962 ἀντιδιεπαγόντων
776 1885 828 1941 τῶν
848 1886 893 1942 ὑπ’

120 1974 225 2038 ἐκείνοις
236 1970 430 2052 ψηφιζομένων.
473 1973 544 2033 Κατ’
554 1971 693 2050 θλίγουςδέ
708 1970 893 2050 συλλεγόμενοι

119 2062 204 2142 θρκοις
213 2062 339 2132 ἀλλήλους
351 2061 553 2138 κατελάμὸανον
564 2061 630 2142 ὑπὲρ
641 2068 688 2122 τοὺ
703 2061 800 2140 μηκέτι
810 2064 898 2122 συνεῖ-

65 2180 92 2217 20
118 2157 179 2210 σθαι
202 2160 255 2218 τοῖς
274 2152 420 2229 πατρικίοις
441 2150 559 2227 πολέμου
578 2152 705 2231 μηδενὸς,
720 2152 765 2211 καὶ
789 2151 893 2231 ίκάατῳ

117 2243 168 2298 τῶν
190 2241 294 2320 ἀπόρων
315 2239 519 2321 κατισχυομένιρ
535 2245 608 2316 κοινῇ
628 2242 674 2301 καί
691 2242 756 2321 πρδς
771 2239 831 2309 τοὺς
851 2244 893 2300 έν-

116 2329 295 2407 τυγχοίνοντας
316 2329 467 2407 βοηθήσειν.
513 2327 567 2388 Καὶ
591 2328 689 2406 ίγίνετο
702 2333 825 2410 πολλαχῇ
845 2329 895 2404 μίν

117 2417 162 2476 καὶ
176 2418 243 2495 ἄλλῃ
259 2417 289 2476 τδ
308 2417 457 2493 συνώμοτον
469 2420 495 2475 έν
516 2417 678 2496 ἁψιμαχίαις
695 2419 779 2498 λύγων
799 2443 828 2478 τε
848 2419 895 2477 καί

118 2505 201 2581 ἔργων
220 2503 348 2584 ἐμφανές,
369 2507 485 2581 μάλιστα
502 2507 526 2563 δ’
546 2505 662 2576 ίδήλωσε
689 2513 743 2571 τοῖς
767 2505 893 2581 ὑποίτοις,

65 2619 91 2656 οι
121 2594 211 2662 ἐπειδὴ
227 2594 256 2649 οὐ
270 2591 422 2671 προσῄεσαν
433 2595 456 2650 ol
467 2592 624 2669 καλούμενοι
638 2593 701 2671 πρὸς
715 2592 763 2665 τὴν
778 2614 894 2671 στρατο-

117 2679 219 2750 λογίαν.
264 2679 437 2754 Συναρπάσαι
451 2681 502 2761 γάρ
517 2703 575 2739 τινα
595 2684 647 2740 τῶν
657 2684 687 2741 ίκ
696 2686 740 2741 τοῦ
751 2681 836 2760 δήμου
850 2705 893 2742 κε·

118 2768 283 2833 λευαίντων.
295 2771 319 2827 οἱ
329 2767 437 2837 πένητες
448 2769 535 2839 ἀθρόοι
546 2771 736 2848 συστραφέντες
746 2768 790 2830 τόν
806 2793 835 2828 τε
844 2792 892 2847 φε-

118 2865 227 2933 ρόμενον
245 2860 405 2936 ἀρηροῦντο,
425 2861 471 2917 καί
484 2861 544 2924 τούς
558 2860 689 2937 ὑπηρέτας
707 2865 760 2917 τῶν
780 2866 887 2919 ὑπάτων

116 2946 146 3002 ού
162 2945 329 3020 μεθιεμένους
346 2947 424 3004 αὑτοῦ
441 2946 561 3013 παίοντες
581 2945 747 3019 ἀπήλαυνον,
767 2947 813 3006 καί
833 2945 893 3006 οὔτε

64 3067 93 3106 30
118 3034 220 3092 ἱππέοιν
236 3033 295 3092 οὔτε
315 3032 479 3113 πατρικίων,
498 3034 554 3096 ὅσοι
573 3035 700 3114 παρόντες
717 3036 750 3095 τί
769 3035 893 3113 γινόμενα

116 3123 224 3181 κωλύειν
238 3123 341 3195 ἠξίουν,
355 3120 495 3201 ἀπείχοντο
508 3123 545 3199 μὴ
560 3127 589 3183 ού
609 3124 711 3182 παίειν·
725 3123 771 3182 καὶ
791 3124 826 3183 δι’
839 3125 894 3185 ὀλί-

117 3231 163 3281 γου
177 3213 281 3282 πᾶσαί,
298 3210 372 3276 πόλις
390 3200 422 3280 ἦν
442 3210 573 3281 ἀκοσμίας
592 3210 693 3290 πλήρης
707 3211 752 3269 καὶ
771 3212 891 3286 θορύὺου.

117 3298 189 3375 Ἅμα
200 3300 227 3356 δὲ
237 3303 270 3378 τῇ
280 3299 372 3358 στοίτει
390 3303 423 3376 τῇ
442 3297 511 3356 κατθ
526 3296 573 3369 τὴν
589 3298 665 3357 πόλιν
688 3299 833 3377 αὐξομένη,
848 3298 894 3357 καί

117 3386 150 3444 τδι
174 3392 225 3445 τῶν
245 3386 378 3463 πολεμίων
402 3385 467 3465 πρὸς
494 3386 661 3459 κατασκευὴν
688 3388 893 3469 παρασκευαζό-

65 3490 91 3529 aa
119 3499 201 3551 μενα,
225 3475 304 3549 μείζω
327 3480 375 3547 rip
397 3475 513 3534 ἐπίδοσιν
534 3475 697 3551 έλάμὺανεν,
716 3475 893 3537 Οὐολούσκων

119 3564 199 3620 ποίλιν
218 3564 362 3621 ἀπόστασιν
374 3564 590 3641 βουλευσαμένων
601 3564 708 3622 καὶτῶν
726 3562 893 3640 καλουμένων

120 3652 295 3724 nineven...
317 3650 444 3729 πρεσύεία
455 3673 486 3710 τε
496 3651 549 3709 άπὸ
560 3651 665 3709 πάντων
678 3655 730 3708 τῶν
749 3649 893 3726 Ῥωμαίοις

121 3737 243 3807 ὑπηκόων
253 3740 341 3815 παρῆν
358 3737 496 3807 ἀξιούντων
514 3738 587 3816 σφίσι
603 3747 752 3816 συμμαχεῖν
771 3738 797 3794 ἐν
812 3735 895 3817 τρίὸυρ

120 3830 166 3884 τοῦ
187 3825 304 3902 πολέμου
328 3827 465 3905 κειμένοις.
509 3832 617 3888 Λατῖνοι
643 3826 689 3904 μίν
710 3826 762 3906 γδρ
781 3825 894 3906 ἔφασκον

120 3913 250 3983 Αἰκανοὺς
262 3913 425 3990 ίμθαλύντας
439 3918 476 3983 είς
491 3916 539 3987 τὴν
553 3916 643 3996 χώραν
657 3918 743 3974 αὐτῶν
756 3915 893 3988 λεηλατεῖν

119 4000 177 4066 τοὺς
193 3999 286 4079 ἀγρούς
307 4002 442 4087 [αθτῷν],
457 4004 502 4063 καί
516 4004 605 4072 πόλεις
621 4003 692 4071 τινδς
714 4006 767 4076 ἤδη
781 4004 894 4083 διηρπα-

119 4091 205 4149 κέναι·
225 4094 248 4150 ol
263 4092 291 4150 δέ
301 4092 328 4149 ίν
343 4093 557 4174 Κρουστομερείᾳ
571 4096 678 4174 φρουροὶ
695 4095 806 4166 πλησίον
826 4084 893 4153 εἷναι

120 4178 249 4246 Σαύίνους
264 4181 451 4261 ἀποφαίνοντες
463 4185 508 4239 καί
519 4184 606 4262 πολλῇ
624 4182 778 4262 χρωμένους
798 4189 894 4262 προθυ-

120 4265 167 4346 μίᾳ
189 4268 218 4325 τὸ
243 4268 363 4349 φρούριον
380 4271 518 4347 πολεμεῖν·
539 4270 613 4328 ἄλλοι
633 4272 661 4330 δέ
679 4294 706 4330 τι
729 4272 794 4331 ἄλλο
812 4271 892 4331 κακὸν

119 4356 327 4432 ἀπαγγέλλοντες
340 4356 443 4434 γεγονὸς
462 4353 480 4427 ἢ
496 4358 686 4436 γενησόμενον,
707 4360 753 4419 καί
772 4361 893 4439 βοήθειαν

119 4444 265 4523 διαταχέων
287 4447 466 4517 αἰτησόμενοι.
512 4446 691 4524 Παρεγένοντο
704 4447 732 4506 δέ
744 4449 787 4508 ἐπί
796 4450 826 4507 τὸ
846 4473 892 4508 συ-

1661 368 1717 429 ‘alt

950 482 1138 536 instrumentum
1151 493 1210 541 erat.
1256 494 1334 556 Atque
1348 494 1387 544 hae
1403 508 1442 545 res
1460 510 1475 547 a
1492 499 1594 549 Servilio
1605 508 1630 552 et
1643 505 1721 570 appio

950 572 1092 624 oonsulibus
1104 580 1179 638 gestes
1193 582 1259 627 sunt.

980 661 1087 710 ltltxlv.
1106 665 1164 713 Post
1183 663 1228 714 hos
1249 666 1324 716 creati
1345 670 1402 717 eunt
1419 669 1534 719 eonsules
1553 673 1583 721 λ.
1598 673 1724 734 Virginius

949 757 1139 809 Caelimontanus
1163 765 1188 809 et
1207 763 1278 812 Titus
1299 766 1417 816 Veturius
1450 766 1582 830 Geminus,
1606 769 1723 824 archonte

948 854 1051 906 Athenis
1059 856 1236 917 Themistocle,
1251 874 1314 910 anno
1328 863 1358 912 eb
1377 864 1436 915 urbe
1448 866 1547 915 condita
1555 866 1725 919 ducentesimo

949 953 1116 1020 sexagesimo,
1130 955 1235 1008 instante
1252 957 1277 1006 in
1289 963 1430 1021 sequentem
1442 975 1534 1012 annum
1546 965 1726 1029 septuagesima

950 1051 1057 1102 secunda
1070 1051 1221 1117 olympiade,
1241 1067 1291 1116 qua
1304 1054 1394 1106 itemm
1415 1059 1475 1109 vicit
1492 1059 1519 1109 in
1531 1059 1611 1110 stadio
1623 1061 1726 1111 Tisiora-

949 1151 988 1200 tes
999 1151 1162 1201 Crotoniates.
1207 1153 1252 1202 llis
1265 1154 1406 1204 consulibus
1425 1156 1508 1207 Sabini
1528 1159 1618 1209 iterum
1640 1163 1725 1211 contra

949 1247 1065 1309 populum
1095 1250 1231 1297 llomannm
1261 1251 1379 1300 maiorem
1409 1266 1483 1315 quam
1503 1259 1561 1305 ante
1587 1257 1726 1307 exereitum
1776 1280 1779 1285 ·
1812 1278 1816 1285 ·

948 1343 1039 1394 ducere
1059 1344 1177 1409 parabant
1201 1364 1208 1395 ε
1228 1351 1253 1395 el
1268 1347 1410 1410 Medullini,
1432 1350 1497 1400 taeta
1520 1355 1666 1405 allemanie
1679 1354 1725 1404 de·

950 1442 1067 1496 tectione.
1082 1457 1139 1493 cum
1154 1444 1300 1495 sabinorum
1314 1451 1385 1510 gente
1397 1448 1478 1498 tmdus
1487 1450 1644 1500 iureiurando
1655 1452 1723 1502 tece-

947 1542 1014 1589 runt,
1047 1539 1149 1589 Patricli
1163 1553 1231 1601 vero,
1245 1543 1344 1604 cognito
1357 1555 1444 1593 eorum
1458 1545 1574 1605 oonsilio,
1590 1559 1644 1597 sese
1657 1547 1726 1597 ocius

947 1634 1097 1698 apparabant
1106 1638 1134 1684 ut
1147 1638 1205 1685 totis
1216 1638 1343 1689 viribuslu
1356 1652 1399 1690 eos
1411 1639 1625 1703 proticisoerentur
1638 1628 1726 1705 :plebs

951 1742 1011 1779 rero
1022 1729 1058 1780 eis
1071 1729 1171 1779 minume
1188 1729 1304 1780 obediens
1313 1737 1382 1793 eret,
1395 1733 1440 1783 sed
1456 1734 1633 1785 recordabatur
1645 1750 1672 1785 se
1684 1738 1723 1785 to·

951 1828 999 1877 ties
1019 1841 1103 1878 eorum
1126 1827 1341 1890 pollicitationibus
1361 1829 1392 1879 de
1416 1830 1568 1881 sublevando
1594 1844 1725 1894 egenorum

952 1922 1032 1986 inopia
1041 1921 1169 1986 deceptam
1183 1923 1268 1984 luisse,
1281 1928 1307 1974 et
1320 1928 1402 1976 omnia
1412 1942 1469 1992 quoe
1485 1942 1529 1992 pro
1540 1928 1588 1978 illis
1602 1930 1725 1981 decrevis-

951 2024 1006 2071 sent
1025 2019 1057 2070 ab
1075 2021 1134 2084 lpsis
1153 2021 1222 2071 irrita
1238 2021 1314 2073 misse
1332 2024 1405 2074 tacta.
1440 2027 1526 2090 ltaque
1551 2027 1679 2091 paullatim
1699 2032 1726 2080 et

949 2119 1021 2183 pauci
1033 2122 1150 2169 οοθυιιῖεε
1167 2120 1327 2171 iureiurando
1347 2121 1494 2172 seinvicem
1518 2123 1722 2189 obstrinxerunt,

948 2218 1045 2281 nequis
1056 2218 1162 2281 amplius
1180 2217 1298 2282 patricios
1315 2219 1341 2267 iu
1354 2219 1403 2270 ullo
1419 2220 1483 2271 betto
1502 2221 1644 2282 adiuvaret,
1656 2228 1682 2274 et
1696 2229 1725 2274 ut

948 2315 1079 2379 unicuique
1093 2329 1227 2380 pauperum
1240 2321 1325 2367 eontra
1347 2317 1461 2368 cuiusvis
1474 2320 1617 2370 uiolentiam
1638 2335 1726 2373 omnes
1743 2316 1746 2327 '

948 2403 1068 2454 auxiium
1090 2404 1187 2455 terrent
1221 2407 1307 2469 ltaque
1326 2407 1475 2469 conspiratio
1496 2421 1553 2456 oum
1569 2408 1653 2459 multis
1669 2409 1725 2461 alito
1824 2399 1826 2404 ’

947 2493 972 2542 in
985 2493 1071 2553 rebus,
1084 2497 1137 2542 tum
1149 2493 1223 2543 etiam
1237 2492 1263 2543 in
1275 2493 1407 2543 verborum
1420 2496 1618 2546 contentionibus
1630 2502 1655 2548 et
1664 2499 1725 2549 rixis

949 2582 1075 2645 apparuit,
1090 2581 1213 2643 principue
1234 2594 1293 2630 vero
1316 2582 1458 2633 consulibus
1470 2583 1592 2634 indeleotu
1605 2599 1663 2635 euru
1686 2586 1724 2636 ci·

949 2676 994 2727 tati
1003 2675 1118 2725 addenda
1128 2676 1224 2724 nomina
1232 2690 1280 2725 non
1289 2677 1409 2737 venirent,
1421 2690 1478 2726 cum
1488 2679 1553 2728 euim
1561 2678 1661 2730 liotores
1667 2694 1723 2730 oon·

949 2769 1028 2820 sulum
1040 2771 1110 2818 iussu
1127 2769 1260 2832 querndam
1270 2770 1302 2818 de
1314 2770 1385 2832 plebe
1396 2770 1586 2835 corripuissent,
1604 2785 1724 2838 pauperes

949 2864 1051 2916 contorti
1063 2867 1089 2912 et
1100 2863 1237 2925 conglobati
1249 2877 1307 2913 eum
1323 2865 1366 2926 qui
1382 2864 1554 2915 abducebatur
1565 2868 1722 2935 eripuerunt,

948 2959 974 3006 et
984 2955 1097 3016 botones,
1110 2956 1153 3019 qui
1167 2970 1223 3006 eum
1232 2956 1358 3006 dimittere
1368 2957 1482 3007 nolebant
1492 2997 1498 3019 ,
1509 2961 1635 3023 pulsantes
1648 2975 1722 3027 repu-

948 3050 1043 3111 lerunt,
1056 3064 1134 3114 ireque
1144 3050 1175 3099 ab
1185 3049 1245 3114 ipsis
1258 3050 1383 3112 equitibus
1396 3055 1421 3100 et
1438 3052 1565 3117 patriciis,
1580 3056 1723 3118 quicunque

947 3145 1062 3204 aderant,
1079 3145 1171 3207 quique
1186 3145 1211 3194 id
1220 3144 1340 3207 impedire
1355 3144 1485 3207 volebant,
1497 3158 1586 3195 manus
1598 3148 1723 3199 abstinue-

948 3241 1024 3289 runt:
1039 3243 1066 3288 et
1086 3238 1154 3287 brevi
1167 3241 1218 3287 tota
1235 3240 1295 3286 urbs
1309 3238 1461 3287 contusionis
1473 3240 1499 3286 et
1513 3238 1637 3288 tumultus
1652 3241 1742 3303 plene·

945 3332 1000 3382 tuit.
1033 3335 1065 3380 tit
1085 3331 1182 3380 iuterim
1200 3329 1260 3378 dum
1287 3329 1377 3379 seditio
1402 3331 1427 3379 in
1451 3330 1511 3380 urbe
1533 3331 1640 3392 erescit,
1664 3332 1723 3383 lotis

943 3436 1041 3487 quoque
1063 3424 1157 3475 bessum
1177 3423 1228 3472 iam
1248 3425 1306 3472 ente
1325 3422 1358 3472 ab
1377 3420 1493 3471 hostibus
1513 3426 1628 3485 paratum
1650 3424 1723 3476 ratde

942 3523 1044 3569 auctum
1066 3521 1117 3579 est,
1129 3516 1226 3567 Volscis
1247 3519 1273 3566 et
1294 3515 1383 3578 AEquie
1401 3514 1432 3565 ad
1451 3514 1614 3567 detectionem
1629 3517 1722 3568 iterum

947 3614 1130 3680 spectantibus3
1143 3615 1169 3662 et
1178 3611 1251 3675 legati
1263 3611 1295 3662 ab
1308 3611 1426 3661 omnibus
1435 3614 1601 3662 Romanomm
1616 3613 1722 3665 subditis

956 3712 1092 3777 venerunt,
1102 3707 1144 3770 qui
1159 3706 1276 3769 petebant
1284 3711 1313 3756 ut
1326 3705 1372 3756 sibi
1381 3719 1453 3769 opem
1468 3706 1571 3767 terrent,
1582 3722 1643 3758 nere
1654 3722 1681 3758 se
1697 3710 1723 3760 iu

949 3800 1045 3864 ipsanio
1057 3800 1170 3851 hostibus
1190 3799 1299 3851 obiectos
1311 3799 1463 3851 desererent.
1497 3800 1578 3850 Latini
1592 3803 1659 3850 enim
1680 3802 1722 3853 di·

947 3892 1050 3953 eobani,
1065 3896 1176 3955 Aequos,
1190 3890 1326 3955 irruptione
1344 3892 1409 3941 tactu
1423 3892 1448 3941 iu
1466 3906 1540 3942 suum
1555 3907 1654 3957 agrum,
1666 3908 1721 3946 om-

947 3987 987 4038 nia
995 3987 1123 4052 populari,
1135 3990 1160 4036 et
1168 3986 1299 4037 nonnullas
1311 3985 1385 4036 urbes
1395 3986 1445 4035 iam
1454 3985 1586 4049 diripuisse
1599 4003 1606 4033 τ
1621 3990 1723 4041 crustu·

947 4082 1034 4133 meriui
1053 4095 1152 4145 quoquo
1176 4079 1320 4145 praesidiarii
1340 4078 1509 4143 significabant
1523 4080 1627 4131 Sabinos
1646 4096 1722 4147 prope

948 4189 1016 4240 esse,
1034 4180 1166 4226 etsummo
1190 4174 1274 4226 studio
1297 4175 1363 4225 illiue
1387 4175 1470 4240 oppidi
1484 4176 1628 4240 praesidinm
1642 4191 1722 4245 oppo-

947 4288 1021 4340 gnare
1039 4297 1045 4325 ι
1058 4275 1099 4325 elii
1111 4289 1171 4325 uero
1181 4274 1255 4324 adem
1267 4274 1432 4326 calamitatem
1450 4280 1577 4340 aceeptam
1589 4276 1627 4326 rel
1640 4276 1721 4326 unmi-

947 4373 1046 4421 neutem
1056 4368 1219 4429 nuntiabant,
1232 4372 1258 4418 el
1269 4369 1298 4417 ut
1311 4368 1381 4417 onius
1399 4367 1449 4418 sibi
1465 4368 1571 4419 terretur
1585 4368 1721 4418 subsidium

947 4466 1113 4531 postulabant.
1145 4468 1273 4516 Venerunt
1297 4466 1373 4521 etiem
1400 4464 1432 4515 ad
1468 4469 1582 4516 mustum
1607 4465 1681 4528 legati
1706 4478 1722 4513 a

118 4531 214 4608 νέδριον
223 4533 269 4591 καὶ
278 4533 352 4613 πορθ
361 4531 537 4593 Οὐολούσκων
547 4534 679 4613 πρέσὺεις,
689 4536 817 4606 ἀξιοῦντες
828 4540 893 4597 eino·
945 4559 1043 4611 volscis
1054 4558 1136 4622 missi,
1150 4560 1194 4623 qui
1205 4558 1322 4623 petebant
1333 4562 1362 4608 ut
1378 4571 1437 4622 ager
1450 4558 1497 4608 sibi
1511 4557 1542 4608 ab
1561 4557 1609 4607 iltis
1623 4556 1720 4620 ademp

117 4618 207 4676 λαθεῖν
226 4620 259 4690 ἣν
281 4620 451 4701 θρηρέθησαν
470 4625 515 4681 ὑπ’
533 4626 618 4682 αὐτῶν
636 4623 726 4705 χώραν
746 4626 806 4709 πρίν
842 4625 891 4707 έρ-

120 4705 212 4772 Ιἷςοισθαι
226 4710 353 4785 πολέμου.

160 4794 280 4855 XXXV.
301 4799 483 4879 Συναχθείσης
494 4799 521 4858 δέ
533 4801 592 4881 περί
602 4800 694 4863 τούτου
707 4805 817 4882 βουλῆς,
829 4808 892 4877 κλη-

118 4882 171 4950 θεὶς
190 4886 292 4960 πρῶτος
303 4884 353 4945 ὑπὸ
366 4891 418 4946 τῶν
429 4890 535 4949 ὑποίτων
546 4893 625 4959 Τῖτος
644 4892 773 4971 Λάρκιος,
788 4892 893 4961 ἀξιώσει

117 4996 147 5031 τε
156 4971 282 5051 προῦχειν
288 4976 371 5032 δοκῶν
381 4977 426 5035 καὶ
435 4981 565 5058 φρονῆσαι
575 4977 608 5037 nd
617 4977 708 5039 δέοντα
714 4979 891 5060 ἱκανώτατος,

118 5061 250 5139 προελθὼν
270 5060 368 5130 ἔλεξεν·
389 5086 405 5119 ιι
420 5064 513 5142 Ἐμοί,
531 5056 554 5125 ιθ
569 5067 665 5146 βουλὴ,
677 5067 694 5127 θ
708 5069 755 5145 μίν
770 5072 795 5129 ot
817 5072 893 5130 ἄλλοι

63 4833 90 4870 bt)

946 4653 989 4701 tus
998 4649 1181 4708 restitueretur,
1195 4652 1327 4711 antequam
1341 4647 1400 4697 belli
1413 4647 1511 4697 initium
1523 4645 1602 4696 tieret.

978 4811 1074 4861 XXXV,
1092 4812 1185 4860 coacto
1197 4812 1279 4860 autem
1291 4811 1379 4859 senatu
1397 4812 1425 4858 ut
1438 4809 1485 4857 trac
1502 4806 1534 4854 do
1546 4818 1573 4854 re
1593 4801 1719 4851 consulta·

946 4903 1023 4959 retur,
1036 4901 1065 4949 T.
1077 4900 1178 4948 laroius
1192 4899 1314 4962 priinusa
1330 4895 1472 4948 oonsulibus
1493 4890 1638 4942 senteutiam
1651 4903 1720 4955 roga·

947 4991 1001 5047 tus,
1015 4992 1067 5036 tum
1080 4987 1140 5050 quia
1159 4986 1246 5038 ceteris
1261 4985 1381 5051 dignitate
1395 4980 1555 5041 antecellere,
1577 4982 1632 5030 tum
1646 4981 1721 5033 etiam

947 5075 1004 5139 quie
1015 5074 1221 5139 prudentissimus
1242 5072 1440 5130 existimabatur,
1462 5080 1607 5134 progressus
1621 5068 1647 5119 iu
1666 5083 1720 5124 me·

122 5152 269 5212 «δοκοῦσιν
293 5141 359 5211 εἶναι
381 5152 480 5236 ροθερὺ
499 5156 545 5214 καὶ
569 5159 676 5238 ταχείας
698 5160 807 5231 δεόμενα
829 5163 892 5236 [ton-
946 5165 1016 5217 dium
1025 5164 1060 5213 sio
1069 5169 1108 5215 est
1116 5164 1214 5214 locutus
1227 5181 1233 5213 ι
1248 5183 1261 5206 n
1277 5160 1336 5212 ltilri
1350 5162 1432 5219 certe,
1446 5161 1531 5210 Patres
1539 5159 1721 5224 eoueeripti,ea
