3772 5828
188 353 247 412 lot

189 483 329 564 «φέρωσιν
349 485 435 546 ὅσα4
423 510 455 544 αν
482 487 569 593 αθτρῖς
592 485 675 562 δοκῇ,
703 506 749 541 και
768 482 859 560 μηδεις
879 485 893 539 ὁ
912 505 964 538 κω-

189 575 305 632 «λύσων
336 573 381 640 τδις
407 571 589 682 παρανομίας
598 572 683 629 αὐτῶν
708 562 741 650 ᾖ,
767 569 836 647 μήτε
859 567 966 639 ἰδιώτης

189 657 283 736 «μήτε
311 658 399 738 ἀργων
423 658 543 726 δεδοικὼς
565 657 610 717 τὸν
638 658 788 734 νόμον,ς
761 655 788 723 θς
816 658 967 736 ἀφαιρεῖται

188 774 201 800 ιι
215 747 306 806 καί
283 769 326 806 τον
349 746 464 824 λόγον’
455 750 528 823 υμῶν
558 745 616 823 ἀμα
645 753 699 812 τοῖς
722 744 822 826 ἔργοις,
855 747 966 805 θάνατον

148 862 161 900 ς
188 863 201 890 ιι
215 835 335 900 ἐπιτιθείς
360 836 456 911 ζημίαν
481 839 534 901 τοῖς
562 831 700 914 ἐλευθέραν
731 833 818 915 φωνὴν
846 833 964 913 ἀφιεῖσι,

187 951 201 977 ι
215 923 241 983 τί
240 927 385 1034 πρφσῆκεν
405 923 488 1000 ὄνομα
501 923 591 982 θέσθαι
604 928 638 1003 τῇ
653 921 791 1002 δυναστείᾳ
808 920 891 1000 ταύιῃ
907 919 967 990 τοῦς

187 1040 201 1067 ιι
213 1018 272 1072 νοῦν
292 1011 400 1092 ἔχοντας
414 1012 443 1071 ἔτ
429 1035 519 1092 ερον,
532 1010 550 1082 ἢ
564 1016 641 1070 τοῦτο
652 1008 723 1159 ὁιτερδ
732 982 803 1069 ἐστίν
814 1007 909 1081 ἀληθὲς
920 1010 966 1068 καί

186 1102 308 1168 «πάντες
326 1101 356 1160 ἀν
371 1101 581 1180 ὁμολογήσαιτε,
599 1101 758 1184 τυραννίδ,
724 1122 756 1160 ιι·
774 1104 797 1160 εἰ
814 1099 883 1159 δί’
857 1123 907 1180 ουχ
921 1103 965 1182 ὑφ’

186 1189 269 1257 ιὸνθς
292 1191 399 1271 ἀνδρὸς,
421 1189 514 1250 ἀλλΗ
504 1215 538 1273 υφ
539 1188 630 1250 ’dico
646 1190 840 1270 τυραννούμεθα
863 1188 965 1266 δήμου,

39 1274 42 1279 ’
135 1314 160 1353 00
186 1278 240 1337 «rt
267 1283 345 1338 τοῦτο
369 1278 500 1359 διαφέρεις
531 1277 562 1337 το
572 1277 634 1391 γίιρ
657 1278 731 1359 ἔργον
751 1276 778 1347 ἐξ
807 1280 904 1358 ἀμφοῖν
935 1277 965 1337 ab

186 1391 200 1420 u
214 1367 286 1426 αυτό
331 1366 503 1447 Κράτιστον
498 1357 588 1426 μέν’
558 1361 645 1441 ουνήν
661 1367 728 1444 μηδ
750 1390 779 1426 το
766 1365 862 1448 σιτέρ
864 1390 903 1443 μα
917 1372 965 1439 τῆς

186 1456 330 1565 ιέξρυσίας
364 1454 460 1528 ταύτης
497 1460 575 1516 ἐᾶσαι
607 1456 856 1533 καταῦαλλύμινον,
893 1455 963 1515 ἀλλά

186 1569 199 1596 ιι
212 1543 301 1603 πάντα
311 1548 449 1620 ὑπομεῖναι
466 1544 608 1625 πρότερον,
625 1548 660 1612 ὡς
673 1541 786 1611 Ἄππιος
800 1548 814 1602 ὁ
830 1544 965 1623 βέλτιστος

186 1657 198 1686 ι
214 1634 244 1692 ἀοι
258 1632 357 1692 πολλοῦ
373 1631 407 1690 rit
426 1631 497 1691 δεινά
512 1634 694 1714 προορώμενος
714 1632 803 1704 ἠξίου·
818 1636 841 1692 εί
860 1632 888 1692 δέ
910 1634 964 1710 μὴ,

132 1749 157 1788 ts
185 1726 257 1781 ιινῦν
288 1744 317 1799 γε
345 1723 512 1798 ὁμοθυμαδὸν
540 1722 659 1791 ἅπαντας
683 1721 853 1801 ἐξορύξαντας
879 1721 963 1794 αὐτὴν

185 1837 198 1864 ιι
212 1809 295 1891 πρδρρ
298 1810 710 1884 ιζονέκτῆςπολιωςάκῦαλεῖν,
721 1809 892 1884 έωςάσθινής
907 1815 964 1871 ἔστι

184 1900 257 1959 ικαὶ
279 1899 612 2012 προσπολεμηθῆναιρφδ
603 1922 639 1962 ια.
682 1856 738 1961 liat
753 1897 822 1958 τοῦτ’
845 1901 873 1958 οῦ
888 1899 963 1977 πρώ-

184 2013 198 2041 ιι
213 2010 264 2055 τοις
286 1991 364 2063 ὑμῖν,
381 2013 403 2046 ω
384 1976 515 2067 βουλή,
536 1987 594 2046 οὐδὲ
612 1986 698 2064 μόνοις
702 1985 841 2090 ‘itepivero
853 1990 960 2063 παθεῖν,

184 2076 317 2142 «πολλοῖς
337 2075 365 2133 δὲ
388 2077 433 2134 καί
452 2072 580 2141 πολλάκις
600 2074 651 2146 ἤδη
672 2076 726 2139 τοῖς
749 2075 784 2138 εἶς
802 2071 961 2182 ἀθυυλήτρυς

129 2191 157 2232 20
184 2190 197 2216 ιι
213 2163 329 2241 ἀνάγκας
349 2173 513 2237 καταστᾶσι,
535 2163 642 2241 γνώμης
661 2161 810 2242 ἁμαρτοῦσι
823 2163 871 2230 τῆς
886 2159 963 2242 ἀρίσ-

184 2278 197 2305 ιι
212 2277 259 2324 της
274 2250 383 2329 περίιθι
397 2252 527 2330 μέγιστα,
549 2250 640 2322 ἀπιιδὴ
663 2249 710 2318 τάς
732 2249 816 2331 ἀρχάς
830 2251 878 2309 οῦκ
892 2248 961 2310 ἐκώ-

183 2343 292 2400 ιιλυσαν
315 2345 360 2399 τοῦ
383 2345 483 2415 κακοῦ,
505 2338 552 2408 τὰς
569 2338 690 2412 αὐξήσεις
707 2343 848 2419 πειρᾶσθαι
868 2342 961 2397 καθαι·

182 2454 197 2482 ιι
211 2437 277 2509 ptis·
297 2429 372 2487 καί
359 2452 376 2500 η
392 2428 578 2540 μετάνοια”
543 2452 595 2488 των
609 2426 658 2510 epi
676 2426 831 2507 ἀρχομένων
852 2449 961 2540 σωφρο-

182 2543 197 2572 ιι
208 2525 261 2577 νεῖν
275 2506 408 2629 beaupr*
377 2540 444 2577 ουσα
458 2521 504 2588 τῆς
517 2515 657 2597 προνοίας,
675 2517 733 2575 καθ’
750 2505 886 2596 tropeo*
852 2539 885 2574 αυ
901 2539 960 2595 τρο-

127 2634 154 2674 25
181 2630 195 2658 u
208 2629 258 2665 πον
273 2608 301 2664 οὐ
314 2603 410 2685 χείρων
430 2594 497 2664 ουσα
519 2604 760 2686 ἀναφαίνεται,”
727 2628 760 2685 τη
783 2603 897 2663 κωλύσει
913 2610 959 2664 τοῦ

181 2694 298 2760 ιιτέλους
313 2693 513 2773 ἀφανίζουσα
489 2718 519 2754 το
533 2696 613 2754 ἀν
579 2718 613 2774 τῃ
628 2697 699 2775 ἀρχη
681 2692 865 2774 ”ἀγνοηθέν.

219 2784 325 2844 XXIII.
350 2809 362 2837 ιι
384 2786 419 2844 Ei
434 2781 463 2843 δέ
479 2808 546 2844 τισιν
559 2786 632 2862 ὑμῶν
648 2782 719 2843 δεινά
735 2782 783 2860 μὲν
802 2782 836 2842 τά
850 2787 895 2843 τοῦ
911 2783 959 2858 δή·

182 2898 195 2924 ιι
211 2893 261 2948 μου
277 2868 339 2949 ἔργα
355 2861 425 2932 εἶναι
446 2874 534 2947 δοκεῖ,
551 2871 597 2932 καί
617 2872 785 2932 κεκωλῦσθαι
801 2872 877 2931 αὐτὸν
892 2870 959 2931 οίον-

183 2985 197 3014 ιι
210 2981 255 3018 ται
275 2958 327 3019 δεῖν
342 2958 376 3018 τδ
393 2959 475 3018 λοιπά
496 2960 725 3041 ἀξαμαρτάνοντα,
751 2957 806 3026 δέος
829 2957 852 3018 δ’
873 2960 958 3039 είσέρ·

126 3081 154 3122 00
184 3074 198 3101 ιι
210 3070 305 3128 χιται,
330 3047 368 3125 μὴ
386 3047 479 3116 δόξωσι
508 3049 579 3107 λύιιν
599 3046 647 3115 τάς
673 3046 813 3124 ὁμολογίας
837 3045 958 3126 πρότεροι

183 3162 197 3190 ιι
211 3135 256 3195 καί
276 3134 452 3216 παραῦαίνειν
469 3133 528 3203 τοὺς
551 3135 642 3216 ὅρκους
649 3180 658 3208 ,
680 3132 821 3214 γνώτωσαν
836 3133 891 3208 ὅτι,
912 3135 958 3194 οὐκ

182 3251 196 3279 ιι
210 3225 346 3305 ἄρχοντες,
371 3225 430 3282 ἀλλ’
444 3223 621 3301 ἀμυνάμενοι,
644 3226 698 3284 οὐδ’
722 3227 888 3303 ἀναιροῦντες
911 3223 957 3293 τάς

181 3339 195 3368 ιι
209 3313 367 3390 ὁμολογίας,
392 3313 462 3372 ἀλλά
480 3310 539 3380 τοὺς
562 3312 727 3394 ἀνῃρηκότας
746 3310 955 3393 τιμωρούμενοι,

180 3428 194 3455 ιι
208 3400 273 3460 αθτδ
293 3402 404 3481 δρῶσιν,
427 3398 540 3460 ἀναίτιοί
562 3423 591 3459 τε
611 3401 675 3480 πρὸς
698 3398 771 3467 θεοὺς
794 3400 897 3460 ἔσονται
911 3402 955 3460 καί

125 3521 152 3561 00
180 3490 252 3549 utari
274 3492 311 3570 τῷ
335 3488 453 3571 σφετέρῳ
474 3490 634 3572 συμφέροντι
658 3489 691 3548 τά
710 3490 800 3550 δίκαια
814 3489 954 3571 πράξουσι.

179 3606 193 3632 ιι
209 3578 286 3657 Μέγα
308 3578 334 3638 δὲ
360 3582 420 3656 ὑμῖν
439 3578 552 3658 γινέσθω
573 3577 728 3658 τικμήριον,
751 3577 791 3638 ὁτι
814 3585 860 3640 τοῦ
881 3579 954 3641 λύειν

179 3693 193 3720 ιι
206 3666 253 3733 τάς
276 3666 415 3746 ὁμολογίας
437 3667 482 3726 καί
499 3670 693 3748 παρασπονδεῖν
709 3670 759 3749 οὐχ
776 3669 865 3745 ὑμεῖς,
885 3669 954 3730 ἀλλά

180 3780 193 3806 ιι
206 3753 236 3812 ιθ
257 3754 397 3831 δημοτικὸν
414 3754 491 3834 ἀρχει
513 3755 590 3835 μέρος
611 3756 660 3815 οὐκ
675 3755 760 3824 ἀξιοῦν
776 3756 897 3833 ίμμίνειν
912 3759 953 3840 ἀφ’

179 3867 192 3894 ιι
207 3832 245 3908 οἷς
269 3842 357 3922 εῦρετο
383 3841 432 3914 τήν
453 3840 577 3902 κάθοδον·
605 3844 634 3902 σύ
658 3843 709 3921 γάρ
736 3844 780 3901 ἐπὶ
803 3846 841 3921 τῷ
867 3848 955 3911 κακῶς

126 3964 153 4003 00
180 3930 303 4006 «δρᾶσαι
322 3931 368 4002 τήν
395 3926 508 4012 βουλὴν,
531 3931 589 3990 ἀλλ’
615 3931 658 3990 ἐπὶ
680 3954 717 4009 τῳ
698 3931 804 4006 Ημὴ
794 3954 830 3987 υπ
832 3930 955 4002 ’ἐκείνης

180 4024 350 4079 «κακοῦσθαι
369 4019 417 4092 τήν
440 4026 492 4080 τῶν
518 4021 663 4101 δημάρχων
688 3990 804 4088 ἐξουσίαν
813 4018 953 4121 ᾐτήσατο.

180 4129 194 4157 ιι
207 4105 313 4180 Χρῆται
323 4106 397 4164 δέ’
368 4129 435 4187 αυτῃ
418 4107 570 4166 ‘odaiae’
547 4131 583 4174 εις
595 4106 613 4164 θ
629 4110 667 4165 δεῖ
679 4106 757 4165 οῦδΗ
745 4104 785 4186 εφ’
801 4095 838 4173 οἷς
852 4105 952 4186 εὕρετο,

180 4219 194 4246 ιι
209 4192 269 4251 ἀλλ’
291 4192 364 4252 ἐπίδ
351 4196 472 4277 δριαφθο
460 4206 477 4254 ἀ
493 4199 538 4256 καί
553 4196 676 4276 συγχύσει
692 4199 738 4267 τῆς
752 4193 864 4275 πατρίου
876 4196 952 4255 πολι-

179 4308 193 4336 ιι
208 4280 289 4347 τείας.
339 4284 481 4360 Μεμνησθι
503 4285 554 4365 γάρ
578 4287 661 4359 δήπου
684 4283 731 4356 τήν
756 4285 848 4344 νεωστί
875 4308 952 4364 γενο-

125 4405 151 4445 45
179 4398 192 4425 ιι
207 4371 288 4449 μένην
310 4372 468 4446 ἐκκλησίαν,
489 4376 534 4433 καί
558 4373 616 4443 τοὺς
640 4375 690 4434 ὑπὸ
712 4377 764 4434 τῶν
786 4377 952 4453 δημαγωγῶν

179 4485 193 4513 ιι
208 4460 330 4539 ῥηθέντας
345 4462 370 4517 ἐν
386 4463 452 4540 αὐτῇ
473 4463 581 4543 λόγους,
599 4464 663 4536 ὅσην
679 4463 844 4534 ἐπεδείξαντο
866 4464 950 4524 αὐθά-

178 4575 192 4601 ιι
207 4549 277 4605 δειάν
291 4572 319 4606 τε
341 4549 386 4606 καὶ
410 4552 554 4628 ἀκοσμίαν,
574 4554 619 4613 καί
634 4559 677 4613 νῦν
698 4555 737 4635 ἐφ’
755 4552 809 4613 οἵου
824 4555 888 4612 εἰσὶν
904 4555 951 4612 αύ-

179 4666 192 4693 ‘¹
206 4638 326 4719 luparea
340 4640 364 4697 0I
380 4637 461 4714 μηδὲν
482 4640 550 4717 ὑγιὲς
576 4648 744 4723 φρονοῦντες,
760 4642 849 4715 ἐπειδὴ
870 4641 950 4720 ἔγνω·

179 4753 192 4781 ιι
207 4750 257 4786 σαν
277 4731 312 4793 ὡς
330 4727 356 4783 ἐν
383 4731 416 4805 τῇ
439 4727 518 4807 ψήφῳ
542 4730 611 4788 ἐστὶν
633 4730 703 4789 ἅπαν
731 4729 761 4789 τὸ
783 4734 829 4802 τῆς
850 4729 951 4798 πόλεως

125 4845 152 4885 to
179 4841 192 4867 ιι
207 4816 315 4894 κράτος,
338 4808 368 4888 ής
384 4816 458 4873 αὐτοί
474 4816 634 4894 κρατήσουσι
651 4819 757 4888 πλείους
779 4822 853 4895 ἡμῶν
868 4819 948 4887 ὄντες.

181 4928 194 4955 ιι
207 4906 243 4962 Τί
258 4896 301 4963 otiu
316 4906 506 4964 καταλείπεται
520 4918 602 4966 ποιεῖν
617 4913 681 4985 ἡμῖν
697 4906 829 4987 ἀρξάντων
845 4905 949 4965 ἐκείνων

180 5014 195 5043 ιι
207 4997 401 5069 παρασπονδεῖν
415 4995 458 5053 καὶ
472 4997 651 5073 παρανομεῖν,
667 4998 690 5054 εί
705 4995 743 5072 μή
759 4994 789 5053 τὸ
804 4996 948 5073 ἀμύνεσθαι

180 5099 194 5128 ιι
207 5075 265 5142 τοῦς
280 5078 421 5154 ἄρξαντας,
433 5081 479 5141 καλ
493 5082 511 5140 θ
523 5080 586 5149 τέως
597 5083 694 5150 ἀδίκως
709 5081 823 5162 ἔχουσιν,
837 5079 948 5162 ἀφελέσ-

181 5189 194 5219 ιι
210 5166 254 5223 θαι
273 5163 318 5223 σὺν
334 5168 409 5246 δίκῃ,
429 5168 474 5228 κοιλ
488 5172 523 5236 είς
539 5169 569 5228 τὸ
589 5171 680 5228 λοιπὸν
701 5174 801 5229 παῦσαι
823 5167 949 5230 πλειόνων
976 5247 978 5251 .

710 347 875 408 iilONYSii
897 345 1277 411 Huulcultrtnssuusls

1023 490 1182 553 «placuerit,
1193 495 1219 542 et
1232 494 1314 544 nulius
1325 491 1358 543 sit
1361 493 1422 557 ,qui
1432 506 1520 545 eorum
1540 496 1641 551 iniunae
1652 503 1801 571 probibeat,

1022 588 1035 613 ιι
1048 585 1096 622 non
1112 574 1240 639 privatus,
1253 591 1301 627 non
1315 577 1485 641 magistratus,
1506 583 1577 631 metu
1589 581 1648 648 legis
1659 598 1716 649 quae
1728 590 1802 643 vobis

1022 674 1035 699 ιι
1049 659 1074 708 et
1093 658 1191 710 dicendi
1213 665 1238 712 et
1255 662 1360 714 faciendi
1386 662 1524 715 libertatem
1543 666 1628 730 eripit,
1653 672 1679 720 et
1699 686 1801 736 poeuam

1022 759 1035 784 ιι
1049 743 1138 793 mortis
1159 745 1268 796 minatur
1290 746 1394 798 liberam
1412 761 1501 799 rocem
1520 751 1703 815 emittentibus,
1718 760 1801 821 quod-

1022 843 1035 868 ι
1050 839 1107 876 nam
1120 826 1187 877 aliud
1208 844 1296 881 nomen
1315 831 1376 882 huic
1396 832 1514 896 potestati
1533 834 1638 886 decebat
1659 839 1749 904 imponi
1767 843 1800 893 ab

1022 930 1034 953 ιι
1048 910 1093 972 iis,
1107 912 1151 975 qui
1162 925 1247 961 sanam
1258 917 1364 965 mentem
1375 915 1479 978 babent,
1490 930 1564 980 quam
1575 921 1723 985 tyrannidis,
1733 928 1800 989 quod

1022 1007 1137 1045 :verum
1150 1008 1205 1046 esse
1221 997 1259 1046 rel
1279 998 1391 1048 omnium
1412 1002 1524 1050 restrum
1543 1003 1698 1057 confessione
1723 1011 1801 1074 argui·

1020 1078 1110 1126 «turi
1130 1077 1270 1141 quidecim
1287 1080 1378 1144 refert,
1395 1086 1481 1132 utrum
1499 1085 1573 1135 unius
1589 1088 1649 1147 viri,
1669 1104 1701 1140 an
1722 1093 1798 1144 totius

1020 1158 1140 1223 «piebis,
1153 1160 1309 1224 tyrannidem
1320 1161 1445 1215 feramus?
1462 1166 1573 1218 Effectus
1588 1169 1654 1220 enim
1669 1172 1800 1238 utriusque

1022 1263 1035 1287 ι
1049 1245 1115 1295 idem
1137 1247 1184 1296 est.
1236 1247 1364 1311 Optimum
1385 1249 1462 1312 igitur
1484 1251 1584 1313 fuisset,
1606 1255 1627 1304 si
1652 1270 1684 1306 ne
1708 1259 1800 1309 semina

1020 1348 1033 1375 ι
1049 1327 1150 1393 quidem
1162 1328 1237 1380 huius
1250 1332 1381 1394 potestatis
1393 1332 1442 1383 iaci
1457 1336 1645 1399 remisissetis,
1662 1341 1706 1391 sed
1725 1342 1798 1406 qnid·

1020 1431 1034 1456 ι
1048 1412 1087 1462 ris
1101 1413 1183 1478 potius
1196 1416 1374 1480 pertulissetis,
1386 1417 1451 1468 deut
1462 1422 1684 1482 praestantissimus
1697 1426 1797 1490 Appius.

1020 1519 1032 1543 ι
1047 1499 1102 1550 brec
1121 1500 1186 1551 mala
1208 1501 1288 1551 multo
1311 1506 1368 1553 anie
1386 1504 1553 1569 prospiciens,
1577 1507 1720 1561 faciendum
1742 1526 1798 1564 cen-

1020 1582 1127 1634 usebat.
1181 1584 1256 1642 Quod
1275 1584 1400 1647 quianon
1429 1587 1522 1638 factum
1549 1593 1597 1651 est,
1615 1605 1683 1643 nuuc
1710 1596 1798 1646 saliem

1020 1686 1033 1710 ιι
1046 1669 1172 1730 oporteret
1179 1681 1224 1717 nos
1235 1681 1320 1718 omnes
1335 1682 1383 1719 uno
1392 1681 1513 1721 consensu
1524 1671 1589 1722 banc
1601 1675 1719 1727 radicitus
1729 1679 1798 1730 erul-

1020 1765 1098 1801 -sam
1115 1764 1129 1801 e
1147 1751 1274 1817 republica
1285 1752 1392 1816 eiicere,
1405 1752 1484 1806 donec
1503 1757 1587 1808 adbuc
1606 1764 1646 1810 est
1663 1761 1758 1813 insinua
1771 1765 1797 1814 et
1833 1821 1835 1825 .

1020 1855 1032 1878 ι
1046 1839 1187 1901 expugnatu
1201 1837 1287 1887 facilis.
1320 1841 1404 1902 Neque
1415 1853 1484 1904 sero,
1494 1847 1580 1906 patres
1593 1846 1735 1910 conscripti,
1750 1848 1797 1900 boe

1019 1941 1031 1965 ι
1046 1918 1117 1969 ποιοῖο
1132 1918 1218 1984 primis
1231 1924 1276 1981 aut
1290 1921 1350 1971 sads
1371 1924 1487 1988 contigit,
1510 1925 1555 1976 sed
1576 1931 1603 1978 et
1624 1929 1711 1981 multis
1728 1932 1797 1996 aliis,

1019 2028 1031 2051 ιι
1046 2003 1119 2067 idque
1133 2003 1184 2054 iam
1195 2005 1301 2069 sepius,
1315 2011 1346 2057 ut
1363 2021 1407 2075 per
1421 2009 1653 2064 inconsiderantiam
1667 2015 1700 2064 ad
1714 2031 1804 2069 neces.

1018 2107 1031 2132 ι
1045 2087 1131 2137 sitntes
1145 2087 1241 2149 adacti,
1258 2088 1281 2139 ic
1296 2089 1373 2142 rebus
1390 2093 1492 2144 maximi
1512 2097 1630 2146 momenti
1650 2097 1684 2147 ab
1704 2101 1797 2164 optima

1018 2195 1030 2217 ιι
1043 2172 1164 2222 sententia
1185 2172 1340 2237 aberrantes,
1361 2176 1428 2239 quod
1446 2178 1508 2229 mali
1529 2178 1655 2246 principiis
1678 2197 1728 2234 non
1747 2185 1794 2236 ob·

1018 2273 1030 2297 ι
1047 2254 1181 2321 stitissent,
1200 2263 1285 2322 postea
1301 2260 1356 2311 eius
1370 2261 1523 2315 incrementa
1535 2264 1621 2317 tollere
1634 2273 1792 2321 conarentur.

1018 2340 1165 2396 «Quamvis
1185 2344 1269 2392 autern
1282 2343 1425 2404 punitentia
1445 2359 1545 2409 eornm,
1558 2347 1601 2412 qni
1626 2363 1682 2401 sero
1705 2365 1793 2418 sapere

1019 2440 1032 2466 ι
1044 2423 1177 2489 incipiunt,
1189 2438 1238 2475 non
1251 2425 1284 2476 sit
1295 2428 1445 2480 conferenda
1456 2444 1515 2482 cnm
1527 2432 1698 2498 pmridentie,
1711 2441 1793 2492 tamen

1018 2525 1030 2548 ι
1044 2508 1142 2557 constat
1173 2521 1228 2559 earn
1250 2508 1298 2558 aiio
1319 2509 1393 2561 modo
1419 2511 1463 2564 iila
1483 2528 1534 2566 non
1553 2528 1609 2567 esse
1632 2517 1793 2585 inferiorern,

1017 2589 1103 2654 «quin
1125 2590 1192 2642 delet
1213 2591 1319 2657 priorem
1344 2594 1519 2663 ignorantiam,
1547 2600 1608 2655 dum
1631 2601 1736 2670 impedit
1765 2622 1795 2660 ne

1017 2697 1029 2720 ιι
1043 2690 1083 2728 res
1099 2677 1131 2728 ad
1145 2678 1218 2731 finem
1231 2681 1388 2744 perducatur.

1047 2779 1135 2828 lilllll.
1154 2798 1166 2822 ι
1184 2777 1257 2836 Quod
1275 2781 1297 2830 si
1308 2780 1352 2843 qui
1360 2784 1472 2835 restrum
1481 2785 1588 2839 moiesle
1600 2788 1684 2844 ferunt
1693 2807 1794 2857 gravem

1017 2891 1029 2915 ι
1044 2871 1122 2935 piebis
1141 2872 1311 2934 inscientiam,
1332 2877 1358 2925 et
1381 2888 1435 2927 earn
1464 2883 1669 2944 compescendam
1690 2889 1793 2950 putant,

1017 2983 1030 3008 ιι
1042 2978 1074 3015 ne
1085 2967 1202 3030 peccandi
1222 2968 1318 3019 licentia
1331 2970 1436 3022 ulteria
1455 2975 1640 3041 progrediatur5
1655 2980 1697 3029 sed
1709 2984 1791 3033 tamen

1015 3075 1028 3100 ιι
1042 3060 1111 3109 metu
1133 3063 1254 3121 tenentur,
1279 3076 1308 3113 ne
1332 3064 1453 3128 prioresa
1468 3050 1595 3119 conventis
1615 3071 1743 3124 discedere
1766 3080 1791 3127 et

1016 3171 1028 3195 ιι
1042 3150 1212 3203 iusiurandum
1226 3155 1317 3207 viciare
1340 3157 1468 3208 videantur
1490 3176 1497 3208 z
1517 3160 1597 3213 sciant
1618 3164 1675 3226 isti,
1696 3183 1792 3221 senon

1016 3262 1028 3286 ιι
1042 3243 1153 3294 illaturos
1168 3243 1294 3306 iniuriam,
1309 3246 1355 3296 scd
1372 3248 1466 3299 illatam
1478 3250 1635 3317 repulsurus,
1651 3270 1698 3306 nec
1711 3259 1791 3310 viola-

1014 3340 1110 3387 uteros
1125 3337 1249 3401 pacta‚sed
1263 3351 1347 3387 eorum
1362 3340 1494 3394 violatores
1506 3342 1617 3408 ulturos,
1632 3361 1708 3412 seque
1724 3353 1790 3416 apud

1013 3451 1025 3474 ι
1040 3430 1100 3482 deos
1113 3432 1138 3480 in
1154 3431 1220 3481 nulia
1233 3430 1306 3495 culpa
1319 3431 1375 3483 ideo
1391 3434 1503 3498 futuros,
1522 3441 1549 3489 et
1563 3439 1603 3503 pie
1619 3455 1648 3491 ac
1662 3443 1726 3494 iuste
1738 3447 1791 3496 suis

1012 3542 1025 3566 ιι
1040 3521 1176 3572 commodis
1207 3521 1372 3573 consulturos.
1424 3528 1478 3577 ilco
1504 3531 1590 3580 autem
1618 3544 1733 3595 maguum
1758 3537 1792 3588 sit

1009 3640 1022 3664 ιι
1037 3620 1108 3670 ιοὸῖε
1124 3623 1295 3684 argumentum
1310 3634 1357 3670 non
1372 3635 1388 3671 a
1402 3621 1472 3673 robis
1488 3624 1611 3688 prioribus
1623 3629 1722 3683 traderis
1735 3647 1792 3685 con·

1011 3738 1025 3764 ιι
1038 3716 1144 3767 ditiones
1159 3713 1257 3773 violari,
1277 3714 1320 3765 sed
1332 3729 1348 3764 a
1359 3715 1443 3779 plebe,
1463 3719 1531 3781 quod
1546 3722 1609 3772 nolit
1621 3728 1688 3776 stare
1704 3731 1791 3781 condi·

1011 3833 1024 3858 ιι
1038 3809 1162 3868 tionibus,
1175 3807 1264 3871 quibus
1283 3808 1390 3859 reditum
1408 3810 1559 3876 impetrarit.
1595 3820 1649 3869 Non
1661 3821 1739 3883 enim,
1762 3829 1789 3876 ut

1011 3935 1024 3959 ιι
1043 3914 1153 3964 senatum
1166 3909 1290 3967 alliceret,
1311 3909 1352 3958 sed
1373 3921 1404 3959 ne
1417 3909 1449 3959 ab
1465 3910 1664 3977 illoafticeretur,
1683 3921 1788 3972 tribuni-

1011 4026 1023 4050 ιι
1037 4005 1097 4055 tiam
1111 4004 1257 4067 potestatem
1278 3999 1358 4063 petiit.
1396 4001 1448 4049 lam
1461 4014 1521 4052 vero
1542 4008 1739 4070 matitunum
1756 4013 1788 4064 ad

1011 4116 1024 4142 ιι
1036 4109 1093 4160 qrrra
1109 4095 1147 4145 uti
1166 4093 1249 4156 debet,
1264 4105 1343 4156 neque
1366 4091 1397 4141 ad
1410 4092 1567 4158 impetravit,
1586 4099 1629 4150 sed
1640 4102 1672 4151 ad
1684 4117 1787 4170 eorrup-

1009 4205 1023 4230 ιι
1035 4185 1110 4237 θείοιο
1126 4187 1152 4234 et
1164 4182 1331 4233 confusionem
1349 4179 1422 4245 patrii
1441 4181 1585 4246 reipublicae
1603 4193 1692 4241 status.
1725 4196 1786 4244 Narra

1011 4301 1023 4325 ιι
1035 4285 1101 4333 certe
1124 4281 1269 4331 meministis
1288 4279 1413 4330 concionis
1433 4293 1510 4343 nuper
1529 4279 1634 4348 habitae,
1649 4287 1785 4352 eteorum,

1009 4395 1022 4419 ιι
1036 4388 1119 4440 quea
1136 4374 1239 4424 tribunis
1258 4372 1293 4422 ibi
1312 4372 1379 4422 dicta
1403 4373 1470 4432 sunt,
1489 4378 1606 4435 quantam
1623 4379 1785 4443 armgautiam

1007 4480 1021 4506 ιι
1035 4466 1109 4526 atque
1120 4461 1277 4526 petulantiam
1295 4458 1459 4520 ostenderiut3
1472 4464 1498 4510 et
1514 4476 1579 4513 nunc
1593 4465 1700 4531 videtis,
1711 4480 1785 4530 quam

1009 4578 1022 4602 ιι
1036 4556 1171 4608 eiierantur
1194 4557 1272 4607 insani
1300 4557 1430 4615 homines,
1453 4554 1496 4605 ubi
1517 4559 1686 4618 cognorerunt
1708 4558 1786 4606 iotam

1008 4667 1020 4689 ι
1035 4644 1176 4709 reipublice
1189 4648 1323 4710 potentiam
1335 4646 1360 4696 iu
1373 4644 1501 4710 suffragiis
1516 4645 1624 4709 positam
1636 4658 1786 4710 essequam

1008 4755 1021 4780 ιι
1035 4733 1106 4786 facilc
1126 4735 1288 4797 obtinebunt,
1305 4737 1372 4800 quod
1395 4750 1499 4786 numero
1511 4749 1555 4784 nos
1576 4734 1686 4784 vincant.
1720 4733 1787 4792 Quid

1007 4846 1019 4869 ιι
1034 4825 1110 4890 igitur
1122 4825 1191 4875 nobis
1205 4825 1346 4877 iaciendum
1358 4830 1449 4886 restat,
1462 4823 1580 4890 quoniam
1590 4823 1638 4889 ipsi
1654 4825 1748 4887 priores
1759 4826 1786 4872 et

1007 4933 1020 4958 ι
1034 4914 1126 4964 ioedera
1137 4917 1163 4964 ct
1177 4915 1231 4964 iura
1247 4915 1376 4971 violarunt.
1392 4915 1439 4964 nisi
1450 4919 1477 4964 ut
1490 4912 1605 4963 iniuriam
1618 4912 1710 4962 illatam
1726 4922 1784 4972 pro·

1007 5001 1177 5066 «pulsemus,
1194 5004 1220 5051 et
1240 5015 1295 5064 quae
1308 5001 1437 5066 bucusque
1456 5001 1548 5052 iniuste
1564 5000 1655 5051 babent
1665 5035 1671 5057 ,
1683 5008 1712 5047 ea
1734 4993 1785 5044 iilis

1005 5108 1018 5134 ιι
1036 5089 1089 5140 iure
1102 5086 1251 5146 adimamus,
1265 5091 1289 5137 et
1305 5087 1330 5136 in
1345 5090 1473 5151 posterum
1488 5087 1553 5138 hauc
1565 5101 1647 5138 rerum
1660 5081 1783 5134 maiorum

1005 5197 1018 5223 ι
1035 5176 1195 5244 cupiditatem
1217 5189 1402 5240 compescamus
1426 5197 1432 5227 :
1452 5176 1500 5228 diis
1523 5176 1626 5241 gratiam
1648 5171 1779 5230 babentes,
