3772 5828
165 343 203 403 lo
682 339 851 400 DlONYSll
873 341 1253 406 lraulcaariassaasrs

165 473 294 545 ώιτησαν,
310 470 445 549 Οἰνώτρου
459 471 505 531 καί
516 469 660 530 Πευκετίου
670 472 848 546 μιμνήσκεται
860 472 943 550 λέγων

190 566 231 623 δε·
246 584 261 617 ε
276 561 321 619 καὶ
332 560 475 636 Οἴνωτρος,
487 558 533 638 ἀρ’
548 550 576 617 οὐ
591 559 720 637 Οἴνωτροι
732 559 870 620 καλέονται
880 565 903 620 ol
918 565 943 619 ἓν

167 676 182 710 α
198 650 299 726 Ἰταλίῃ
314 646 452 722 οἰκέοντες,
468 647 513 705 καί
528 647 686 724 Πευκέτιος,
700 650 745 729 ἀρ’
760 641 790 705 οὐ
807 650 944 709 Πευκέτιοι

169 763 185 799 ει
198 736 336 797 καλέονται
346 739 369 797 ol
377 739 403 795 ε“ν
415 740 453 815 τῷ
464 735 547 814 Ἰονίῳ
556 736 647 817 κόλπῳ
656 762 683 796 ιι.
724 739 749 796 Τ
751 737 768 796 ἀ
776 736 823 812 μέν
835 729 879 796 οὐν
892 739 944 797 ὑπὸ

123 849 137 887 ο
165 832 218 888 τῶν
232 828 353 886 παλαιῶν
368 824 493 903 εἰρημένα
515 829 633 895 ποιητῶν
652 825 738 885 τεκαὶ
754 827 942 906 μυθογράροιν,

165 915 227 996 περί
240 914 266 973 τ’
281 913 407 984 οἰκήσεως
422 912 467 971 καὶ
487 913 575 991 γένους
590 915 642 970 τῶν
669 913 828 990 Οἰνώτρων,
843 918 943 972 τοιαῦτ’

165 1008 252 1064 ἐστιν·
272 992 309 1067 οίς
323 1000 375 1079 έγόι
389 1000 555 1075 πειθόμενος,
570 1002 593 1058 εἰ
608 1004 644 1080 τῷ
659 1000 714 1059 όντι
726 999 883 1070 Ἑλληνικόν
895 1008 943 1081 ρύ·

165 1094 209 1150 λον
223 1083 255 1161 ἧν
270 1090 299 1147 τό
309 1094 360 1148 τῶν
378 1089 567 1165 Ἀθοριγίνων,
585 1091 621 1154 ῶς
637 1092 743 1149 Κάτωνι
753 1091 798 1147 καὶ
811 1092 943 1168 Σεμπρω·

165 1179 212 1257 νίιρ
226 1181 272 1237 καί
286 1179 392 1243 πολλοῖς
405 1177 492 1242 ἄλλοις
508 1175 610 1255 είρηται
617 1223 627 1252 ,
643 1175 741 1235 τούτοιν
762 1177 865 1254 ἔγγονον
880 1176 944 1235 αὐτὸ

112 1288 138 1328 lo
164 1271 216 1326 τῶν
246 1263 387 1344 Οἰνώτρων
416 1266 537 1335 τίθεμαι.
575 1266 617 1324 Τὸ
639 1265 689 1343 γδιρ
719 1265 750 1334 δὴ
780 1266 943 1343 Πελασγικὸν

165 1356 210 1414 καί
231 1357 260 1414 τὸ
282 1353 412 1431 Κρητικὸν
433 1352 478 1409 καί
501 1355 541 1410 ὅτ’
570 1352 638 1411 ἀλλα
661 1355 687 1410 ἐν
715 1353 816 1432 Ἰταλία
839 1353 943 1434 ᾤκησεν

166 1441 283 1520 θατέροις
311 1441 424 1519 εὑρίσκω
448 1440 549 1519 χρόνοις
578 1441 744 1523 άρικέμενα·
770 1444 943 1522 παλαιότερον

166 1531 194 1589 δί
215 1530 307 1588 τούτου
322 1529 413 1589 στόλον
433 1530 624 1589 ἀπαναστάντα
639 1535 686 1599 τῆς
706 1528 835 1598 Ἑλλάδος
858 1533 894 1598 είς
909 1530 942 1588 τά

170 1618 345 1697 προσεσπέρια
369 1621 415 1684 τῆς
441 1617 570 1694 Εὐρώπης
597 1619 689 1676 οὐδένα
717 1617 830 1696 δύναμαι
860 1645 944 1679 κατα·

112 1736 139 1780 it
167 1710 270 1782 μαθεῖν.
312 1702 381 1769 Τούς
396 1706 418 1762 δ’
443 1705 591 1784 Οἰνώτρους
606 1710 651 1777 τῆς
675 1709 698 1765 τ’
727 1706 809 1779 άλλης
829 1711 945 1775 Ἰταλίας

166 1794 252 1853 πολλὰ
264 1792 350 1874 χωρία
363 1791 453 1868 οἴομαι
468 1796 628 1872 κατασχεῖν,
645 1794 735 1871 τὰμὲν
751 1795 852 1873 ἔρημα,
868 1799 901 1856 τδ
916 1799 944 1858 δὲ

166 1883 271 1961 φαύλως
295 1879 433 1956 οἰκούμενα
460 1881 672 1954 καταλαθόντας,
701 1885 745 1942 καί
771 1884 803 1957 δὴ
830 1885 876 1944 καί
895 1890 944 1955 τῆς

168 1971 325 2054 Ὀμύρικῶν
341 1975 388 2047 γῆς
416 1973 485 2029 ἔστιν
506 1971 538 2042 ἢν
558 1970 757 2047 ἀποτεμέσθαι,
774 1975 902 2043 κληθῆναι
922 1973 943 2031 δ’

167 2059 330 2141 Ἀύοριγὶνας
343 2060 387 2118 ἐπὶ
402 2064 447 2129 τῆς
464 2063 489 2117 ἐν
505 2067 559 2123 τοῖς
572 2060 657 2137 ὄρεσιν
678 2061 819 2130 οἰκήσεως·
845 2061 942 2141 ’elpra-

111 2177 139 2219 20
165 2148 236 2206 δικδν
252 2148 302 2226 γδιρ
319 2149 350 2206 τὸ
365 2148 522 2227 γιιλοχοιρεῖν
544 2147 649 2227 ὄρεσιν·
667 2151 701 2213 ὡς
720 2149 893 2225 ὑπερακρίους
904 2173 943 2208 τι-

164 2237 210 2304 νδις
222 2240 266 2295 καί
278 2237 423 2315 παραλίους
438 2236 585 2306 Ἀθήνησιν.
632 2237 664 2295 Ei
681 2236 709 2293 δέ
726 2259 793 2301 τινες
811 2236 942 2316 περύκασι

166 2324 204 2402 μὴ
229 2326 319 2404 ταχεῖς
338 2315 405 2383 εἶναι
419 2324 479 2403 περί
499 2324 664 2405 πραγμάτοιν
679 2325 801 2382 παλαιῶν
815 2324 944 2383 ἀόασανί-

165 2434 232 2478 στοις
244 2412 277 2470 τά
288 2412 417 2489 λεγόμενα
435 2413 567 2490 δέχεσθαι,
582 2410 620 2486 μὴ
634 2419 723 2490 ταχεῖς
746 2412 864 2471 ἔστωσαν
877 2412 943 2490 μηδὲ

165 2500 265 2576 Λίγυας
286 2502 304 2569 ἢ
322 2499 482 2578 Ὀμόρικούς
500 2500 518 2569 θ,
538 2499 632 2566 σίλλους
645 2503 717 2566 τινδις
728 2500 876 2580 όαρύοίρους
892 2504 945 2560 αὐ-

110 2605 137 2644 25
165 2590 224 2656 τιύς
236 2591 354 2665 νομίσαι,
371 2587 564 2667 περιμείναντες
586 2589 612 2645 δὲ
636 2590 681 2646 καί
698 2590 730 2649 τά
755 2592 836 2649 λοιπά
853 2598 944 2667 μαθεῖν

164 2678 323 2752 κρινέτωσαν
340 2676 365 2744 ἐξ
378 2676 501 2736 ἀπάντων
516 2677 545 2734 τό
557 2678 750 2739 πιθανώτατον.

202 2766 281 2828 xlv.
294 2769 356 2827 Τῶν
368 2766 395 2826 δὲ
410 2768 521 2837 πολεων,
537 2767 563 2822 ἐν
579 2756 618 2832 αἷς
627 2766 657 2822 τὸ
668 2767 885 2847 πρῶτονῷκησαν
897 2770 943 2828 Ἀ·

163 2856 298 2935 δοριγῖνες,
310 2855 395 2932 ὀλίγαι
409 2860 535 2934 περιῆσαν
545 2852 585 2911 ἐπ’
599 2855 664 2929 ἐμοῦ
672 2879 678 2890 ·
687 2857 714 2913 αἱ
727 2855 753 2913 δὲ
761 2859 883 2913 πλεῖσται
893 2858 944 2915 ὐπό

162 2967 192 3001 τε
210 2943 333 3018 πολέμων
342 2943 387 2999 καὶ
404 2944 491 3001 άλλοιν
507 2945 594 2997 κακῶν
610 2944 834 3021 οἰκορθορηθεῖσαι
850 2947 943 3021 ἔρημοι

108 3052 137 3091 ao
162 3033 292 3110 ἀφεῖνται.
306 3019 396 3088 Ἦσαν
410 3029 432 3087 δ’
445 3030 472 3087 ίν
487 3033 519 3107 τῇ
536 3027 659 3105 ‘l‘scrzims¹
670 3033 704 3108 γῇ
714 3032 766 3086 τῶν
783 3029 942 3094 Ἀπεννίνων

162 3119 229 3197 δρῶν
237 3120 264 3175 οὐ
276 3116 392 3195 μακρδιν,
404 3120 437 3182 ώς
445 3115 554 3196 Βάρρων
562 3119 587 3175 Τ
589 3117 698 3192 ερέντιος
708 3118 734 3173 ἐν
745 3118 943 3196 ἀρχαιολογίαις

163 3205 274 3284 γράφει,
287 3203 339 3261 ἀπὸ
358 3208 405 3268 εἰς
421 3202 564 3279 Ῥωμαίων
576 3206 677 3268 πόλεως
692 3208 719 3262 ai
732 3204 762 3263 τὸ
774 3205 940 3283 βραχύτατον

165 3293 314 3372 ἀπέχουσαι
324 3291 469 3368 ἡμερησίαν
482 3291 617 3368 διάστημα
628 3293 703 3350 όδού·
716 3282 752 3349 διν
765 3292 817 3369 ε’γὼ
832 3293 878 3359 τάς
888 3295 944 3350 ε’πι-

168 3380 346 3460 φανεστάτας,
369 3382 403 3444 ώς
422 3381 520 3443 ἐκεῖνος
533 3381 648 3455 ἱστορεῖ,
670 3378 842 3456 διηγήσομαι.
887 3383 944 3440 lia·
977 3391 982 3401 '

110 3492 138 3530 ατ
165 3468 253 3526 λα’τιον
270 3468 318 3542 μέν
330 3467 407 3526 πέντε
421 3468 488 3547 πρὸς
502 3474 557 3534 τοῖς
573 3469 654 3526 εἴκοσι
671 3467 784 3535 σταδίοις
801 3472 943 3549 ἀφεστῶσα

166 3554 294 3633 Ῥεάτου,
315 3559 415 3623 πόλεως
431 3557 585 3631 οἰκουμένης
609 3557 661 3615 ὑπὸ
682 3557 826 3634 Ῥωμαίων
841 3558 879 3615 ἔτι
897 3558 942 3617 καὶ

165 3647 200 3708 εἷς
219 3644 277 3718 ἐμὲ,
301 3646 422 3709 Κοϊντίας
440 3645 500 3704 δδού
519 3645 642 3716 πλησίον.
687 3645 806 3725 Τριόόλα
826 3645 848 3702 δ’
872 3646 940 3727 ἀμρὶ

166 3729 224 3798 τούς
240 3732 364 3801 ἐξήκοντα
380 3732 500 3798 σταδίους
520 3735 567 3802 τῆς
583 3735 662 3804 αὐτῆς
677 3732 778 3799 πολεως
791 3736 942 3814 ἀριστῶσα,

166 3819 243 3898 λόρον
270 3821 449 3897 ἐπικαθημένη
476 3820 636 3902 σύμμετρον.
681 3823 820 3882 Συεσόόλα
852 3822 879 3881 δὲ
911 3824 941 3882 τδ

111 3920 139 3960 ευ
169 3909 233 3965 αὐτὸ
248 3910 381 3980 διάστημα
396 3915 443 3978 τῆς
457 3911 590 3987 Τριύόλας
606 3912 754 3989 ἀπέχουσα,
771 3916 822 3969 τῶν
839 3916 942 3992 Κεραυ·

169 3994 230 4054 νίων
244 3999 309 4074 ἀρῶν
324 3999 446 4067 πλησίον,
492 3996 561 4058 Ἀπὸ
585 3997 612 4055 δέ
629 4001 727 4071 ταύτης
748 4001 941 4080 τετταράκοντα

170 4085 284 4149 σταδίοις
298 4085 441 4163 διῃρημένη
454 4085 527 4152 πόλις
541 4087 668 4166 έπιρανὴς
684 4086 786 4157 Σούνα,
801 4088 863 4146 ἔνθα
876 4086 941 4154 νεὼς

166 4172 235 4230 πάνυ
260 4174 368 4250 ἀρχαῖός
389 4177 458 4232 ἔστιν
478 4172 577 4254 νΑρεος.
623 4178 742 4255 Μηρτιλα
764 4179 786 4236 δ’
810 4182 845 4244 ώς
866 4178 941 4258 τριά·

166 4284 246 4319 κοντα
269 4260 386 4326 σταδίους
401 4262 502 4320 άποιθεν
515 4268 563 4333 τῆς
578 4266 693 4337 Σούνης·
709 4267 838 4324 δείκνυται
856 4268 878 4323 δ’
894 4268 941 4323 αὐ-

111 4372 137 4411 as
164 4353 211 4419 τῆς
230 4347 332 4427 ἐρείπιά
343 4371 371 4405 τε
390 4350 435 4407 καί
456 4351 560 4428 τείχους
576 4353 650 4430 ἴχνη.
695 4355 900 4432 Τετταράκοντα
913 4354 941 4413 δέ

166 4436 286 4502 σταδίους
301 4435 438 4513 ἀπέχουσα
454 4441 586 4516 Μηρύλης
602 4438 764 4516 Ὀρουΐνιον,
790 4445 813 4500 εί
836 4443 883 4500 καί
898 4466 938 4511 τις

165 4524 234 4596 άλλη
260 4528 311 4582 τῶν
343 4524 432 4583 αὐτόθι
461 4527 562 4586 πολεων
598 4528 724 4608 έπιρανὴς
752 4532 797 4588 καί
826 4532 939 4608 μεγάλη·

165 4613 238 4683 δῆλον
254 4614 304 4691 γάρ
317 4615 382 4671 εἰσιν
406 4615 486 4685 αὐτῆς
499 4614 525 4673 οἵ
536 4640 565 4673 τε
584 4617 696 4693 θεμέλιοι
711 4622 763 4675 τῶν
777 4624 871 4698 τειχῶν
895 4620 940 4678 καί

165 4704 243 4781 πάροι
258 4703 324 4769 τινὲς
349 4707 553 4782 ἀρχαιοπρεπεῖς
573 4706 617 4762 καί
638 4706 817 4785 πολυανδρίων
832 4709 858 4765 έν
872 4712 940 4788 ὐθη-

112 4805 139 4844 ου
166 4794 219 4857 λοῖς
232 4791 342 4870 χώμασι
359 4793 548 4867 μηκυνομένων
565 4792 712 4870 περίβολον
729 4799 790 4854 ἔνθα
808 4797 854 4854 καί
875 4798 939 4862 νεώς

167 4879 280 4952 Ἀθηνᾶς
306 4885 376 4940 ἔστιν
403 4884 510 4959 ἀρχαῖος
539 4882 673 4960 ἱδρυμένος
706 4885 750 4941 ἐπὶ
774 4889 820 4956 τῆς
848 4886 939 4962 άκρας.

167 4967 237 5026 ’Κπύ
253 4971 279 5027 δὲ
294 4970 406 5029 σταδίοιν
425 4969 585 5047 ὀγδοήκοντα
599 4969 709 5030 Ῥεάτου
723 4982 776 5040 τοῖς
805 4977 874 5031 ίούσι
896 4973 939 5031 διδ

166 5063 213 5127 τῆς
241 5061 354 5137 Κουρίας
377 5062 435 5118 ὁδοῦ
470 5060 542 5138 παρὰ
569 5059 686 5139 Κόρητον
712 5059 768 5141 δρας
804 5061 940 5138 Κόρσουλα

167 5145 259 5203 νεωστί
275 5148 462 5226 διερθαρμένη.
506 5147 644 5208 Δείκνυται
671 5150 699 5207 δέ
719 5173 758 5216 τις
784 5148 829 5207 καί
847 5154 939 5222 νῆσος,

1000 485 1098 534 OEnotri
1112 489 1137 535 et
1147 487 1256 538 Peucetii
1272 487 1311 536 his
1327 487 1411 539 verbis
1423 490 1548 549 menrinit3
1565 511 1577 535 ι
1592 493 1625 542 Et
1639 492 1774 548 OEnobus.

1000 591 1012 615 κ
1028 586 1102 635 aquo
1109 576 1205 624 OEnotri
1211 576 1373 635 nominantur,
1381 576 1458 639 quiin
1472 577 1542 628 italia
1548 577 1707 631 babitantzot
1715 583 1777 634 Peu·

1000 690 1011 713 α
1028 673 1113 731 cetius,
1127 686 1142 721 a
1155 686 1205 735 quo
1226 674 1335 724 l‘cuoetii
1350 674 1515 738 appellantur,
1536 674 1578 738 qui
1593 675 1624 724 ad
1638 676 1719 727 sinum
1735 679 1775 726 lo·

1000 789 1012 814 ι
1028 772 1541 837 ιιίιιωίιιοοίιιιιῑν,ουιοίιςίευταίιτιιιῑίιγοίι
1551 775 1629 838 poetis
1639 774 1771 826 ettabula·

997 881 1053 917 rum
1062 869 1259 931 scriptoribusde
1268 869 1367 919 sedibus
1376 874 1496 932 otgeuere
1503 873 1663 920 OEnotrorum
1674 873 1774 937 seriptis

998 969 1056 1014 sunt
1063 965 1167 1028 prodita.
1177 966 1231 1016 hac
1242 970 1300 1016 suut
1309 987 1315 1016 ι
1324 980 1381 1040 quae
1390 972 1547 1030 reposcentes,
1556 967 1577 1015 si
1585 981 1642 1017 rere
1656 967 1772 1031 Aborigi-

998 1076 1055 1111 num
1071 1076 1129 1125 gcns
1146 1065 1233 1113 Graeca
1246 1063 1307 1125 tuit,
1320 1067 1347 1113 ut
1361 1066 1422 1113 Cato
1442 1068 1466 1114 ct
1475 1065 1632 1127 Sempronius
1653 1064 1773 1128 multique

998 1160 1039 1209 alii
1060 1159 1190 1221 dixerunt,
1212 1160 1299 1211 borum
1323 1162 1483 1210 OEnotrorum
1508 1160 1599 1223 prolem
1623 1174 1678 1210 earn
1699 1160 1776 1211 luisse

998 1257 1081 1307 credo.
1116 1257 1230 1320 Pelasgos
1244 1257 1309 1307 enim
1327 1262 1351 1307 er
1370 1259 1500 1307 cretenses
1515 1258 1625 1321 aliosque
1638 1257 1681 1320 qui
1693 1258 1718 1306 iu
1730 1260 1777 1309 lta·

998 1358 1031 1407 lia
1051 1357 1194 1407 habitarunt
1220 1357 1396 1420 posterioribus
1420 1357 1571 1421 temporibus
1591 1358 1687 1408 venisse
1706 1371 1776 1409 com-

998 1448 1074 1510 perio.
1103 1447 1271 1510 Antiquiorom
1282 1449 1365 1495 autern
1374 1446 1421 1495 irae
1430 1446 1546 1506 classem,
1558 1459 1615 1508 quar
1622 1446 1647 1495 in
1658 1445 1776 1495 occiduas

998 1547 1104 1608 Europae
1118 1548 1198 1607 partes
1212 1558 1243 1594 ea
1257 1543 1352 1594 Gracia
1367 1544 1473 1606 venerit,
1492 1543 1585 1593 nullam
1601 1544 1708 1606 reperire
1721 1558 1777 1608 pos·

998 1657 1062 1693 sum.
1097 1644 1168 1706 ipsos
1181 1655 1239 1691 sero
1250 1644 1368 1691 OEnotros
1389 1654 1445 1690 cum
1458 1640 1537 1690 multa
1560 1640 1607 1690 alia
1624 1641 1702 1692 ltaliae
1722 1643 1777 1693 loca

998 1752 1132 1804 occupasse
1154 1737 1266 1799 arbitror,
1288 1752 1345 1802 quio
1368 1739 1456 1802 μετείω
1482 1739 1580 1789 deserta
1600 1739 1690 1803 partim
1712 1739 1778 1792 male

998 1837 1062 1887 culta
1073 1836 1227 1894 invenerant,
1240 1837 1293 1884 tum
1306 1835 1380 1885 ctiam
1389 1832 1487 1884 Umbris
1497 1836 1548 1897 agri
1560 1838 1655 1899 partem
1668 1835 1777 1898 aliquam

998 1929 1119 1981 ademisse
1132 1949 1140 1979 ε
1155 1928 1298 1990 Aborigines
1309 1931 1391 1977 autern
1403 1928 1503 1976 vocatos
1517 1941 1579 1988 csse,
1594 1926 1662 1989 quod
1671 1927 1695 1976 iu
1704 1940 1776 1977 mon·

999 2027 1065 2076 tibus
1081 2025 1221 2076 habitarent
1237 2023 1401 2087 (Arcadicum
1415 2024 1480 2074 enim
1499 2027 1538 2074 est
1552 2023 1671 2073 montium
1684 2022 1777 2073 habita·

999 2119 1064 2168 tione
1078 2116 1210 2177 delectari)
1231 2119 1258 2166 ut
1274 2115 1290 2165 ii
1305 2117 1347 2178 qui
1372 2116 1472 2166 Atlrenis
1487 2114 1629 2178 lipperacrii
1645 2118 1671 2164 et
1690 2114 1773 2164 Parati

999 2214 1173 2287 uocabantur.
1206 2211 1312 2270 Quodsi
1336 2211 1377 2273 qui
1398 2213 1485 2259 natura
1504 2209 1536 2258 ita
1552 2208 1683 2270 rornparali
1702 2210 1777 2269 sunt,

999 2312 1025 2358 ut
1043 2309 1074 2359 cle
1101 2309 1174 2359 rebus
1196 2307 1284 2372 priscis
1311 2309 1404 2355 temere
1428 2304 1497 2355 haud
1515 2303 1586 2353 facile
1611 2301 1725 2356 medaat.
1754 2303 1777 2353 ei

998 2403 1071 2451 etiam
1095 2401 1168 2452 velim
1189 2414 1220 2450 ne
1246 2403 1339 2450 temere
1354 2396 1458 2447 credant
1480 2409 1523 2447 σοι
1545 2399 1589 2446 aut
1614 2396 1714 2458 Ligures
1735 2397 1779 2446 aut

1001 2494 1105 2544 Umbros
1121 2499 1164 2543 aut
1187 2493 1248 2542 alios
1267 2490 1396 2556 quospiam
1421 2489 1538 2539 barbaros
1554 2488 1630 2537 tuisse
1649 2507 1656 2536 ι
1673 2486 1717 2537 sed
1734 2484 1779 2536 ubl

998 2582 1710 2652 exspecter-intiloncccteeieracoproverint,tuncdemura
1717 2581 1778 2644 quid

998 2682 1108 2731 omnium
1133 2682 1237 2729 manime
1259 2678 1385 2743 probabile
1405 2678 1477 2727 luerit
1490 2676 1605 2727 iudicent.

1029 2776 1094 2823 xlv.
1113 2773 1207 2836 Oppida
1217 2777 1298 2821 autern
1321 2770 1449 2833 inquibus
1466 2768 1608 2831 Aborigines
1623 2767 1777 2827 habitarunt,

998 2895 1075 2947 pauca
1098 2885 1170 2929 aetate
1194 2892 1249 2928 mea
1275 2882 1432 2942 supererant;
1459 2879 1576 2942 pleraque
1603 2877 1667 2927 enlm
1689 2888 1780 2925 eorum

1000 2989 1069 3042 bellis
1095 2988 1195 3050 aliisque
1226 2985 1405 3036 calamitatibus
1426 2998 1542 3049 oppressa
1571 2983 1680 3033 desolata
1708 2984 1776 3033 suut.

1004 3097 1078 3143 Erant
1097 3098 1178 3144 autem
1206 3094 1230 3142 in
1245 3106 1303 3152 apro
1315 3093 1431 3154 Reatino,
1443 3106 1491 3141 non
1511 3092 1581 3155 longe
1600 3091 1631 3140 ab
1646 3091 1779 3154 apenninis

998 3202 1131 3261 montibus,
1141 3204 1169 3250 ut
1176 3199 1303 3250 Terentius
1317 3202 1394 3249 Varro
1405 3200 1428 3249 in
1442 3200 1622 3264 Antiquitatum
1634 3197 1702 3248 libris
1713 3197 1776 3246 scri-

998 3306 1041 3366 bit,
1055 3308 1205 3370 aberantquc
1226 3309 1342 3366 alloma‚
1365 3320 1415 3369 qrra
1436 3306 1566 3356 minimum
1579 3305 1710 3365 distabant,
1730 3303 1779 3354 iter

1001 3415 1072 3464 unius
1084 3413 1142 3464 dici.
1172 3417 1284 3471 Quorum
1298 3413 1423 3475 praecipua
1435 3427 1487 3475 ego,
1499 3415 1527 3461 ul
1536 3411 1577 3460 illc
1587 3409 1705 3474 prouidit,
1718 3423 1780 3461 ειιιι·

998 3521 1106 3570 mutabo.
1132 3521 1258 3579 Palatium,
1268 3519 1333 3583 quod
1345 3533 1395 3568 τκν
1404 3519 1480 3569 stadia
1488 3519 1564 3569 ‹listal
1573 3518 1680 3576 alleate,
1694 3515 1777 3567 nrboa

996 3613 1777 3680 Romanismeisetiamtemporibushabitata‚propoviamQraiu·

997 3726 1064 3775 tiara.
1097 3724 1203 3774 Trebula
1215 3724 1246 3773 ab
1262 3724 1349 3775 eadem
1364 3724 1427 3775 urbe
1439 3724 1533 3773 circiter
1544 3735 1573 3770 ιιι
1592 3718 1670 3768 stadia
1686 3718 1776 3778 d‘strt,

997 3833 1021 3881 in
1042 3830 1140 3880 modico
1152 3829 1215 3879 colle
1233 3830 1288 3879 sita.
1321 3828 1449 3886 Suesbola,
1471 3823 1625 3889 quarendum
1645 3823 1775 3874 intervallo

995 3934 1133 3984 aTrebula
1166 3932 1251 3991 abest,
1278 3946 1352 3996 prope
1375 3930 1508 3980 Ceraunios
1536 3929 1640 3977 montes.
1681 3925 1719 3976 Ab
1745 3942 1775 3978 ea

996 4047 1077 4092 autem
1096 4040 1257 4105 quadraginta
1276 4040 1362 4100 startia,
1382 4041 1457 4098 Sana,
1477 4036 1537 4086 urbs
1555 4035 1667 4098 insignis,
1680 4035 1723 4085 ubi
1737 4041 1776 4088 est

997 4150 1084 4198 llartis
1111 4147 1229 4211 tempium
1251 4149 1426 4209 pierreiustum.
1461 4143 1574 4207 llcplryia
1594 4156 1653 4192 vero
1678 4143 1775 4206 triginta

995 4251 1093 4303 circiter
1111 4251 1190 4303 stadia
1215 4251 1283 4300 abest
1308 4265 1322 4299 a
1343 4253 1408 4300 suna
1434 4271 1440 4299 ι
1464 4251 1536 4299 euius
1555 4250 1631 4299 ruinae
1651 4252 1675 4299 et
1688 4262 1774 4300 muro-

995 4364 1051 4400 rum
1081 4351 1181 4414 restigia
1209 4354 1314 4401 enatant.
1359 4349 1526 4413 Quadraginta
1546 4352 1629 4400 autem
1656 4349 1736 4400 stadia
1759 4364 1775 4400 a

995 4452 1107 4517 Mephyla
1120 4452 1261 4513 Orsinium,
1283 4452 1343 4500 rrrbs
1359 4452 1428 4514 siqua
1451 4453 1498 4502 alia
1515 4453 1538 4501 in
1560 4467 1589 4502 co
1613 4456 1691 4501 tractu
1711 4452 1773 4501 insi-

995 4556 1048 4617 gnis
1073 4557 1097 4604 ct
1122 4566 1218 4617 magna.
1251 4557 1374 4617 apparent
1399 4555 1464 4605 enirn
1490 4555 1543 4605 eius
1563 4558 1588 4604 et
1613 4553 1774 4605 fundamenta

995 4669 1130 4720 murorum,
1153 4660 1178 4707 et
1193 4661 1351 4707 monumenta
1372 4659 1486 4721 quaedam
1508 4672 1566 4722 quac
1588 4660 1696 4707 veterem
1715 4670 1771 4705 ma·

996 4753 1157 4817 guiticentiam
1172 4756 1290 4816 retincat,
1302 4760 1327 4805 ei
1342 4756 1491 4807 columbaria
1512 4771 1556 4820 per
1572 4756 1652 4805 celsos
1666 4769 1767 4813 aggeres

996 4860 1117 4919 porrecta.
1151 4857 1196 4905 llic
1219 4858 1293 4908 ctiam
1313 4863 1351 4909 cst
1364 4863 1491 4909 uetustum
1506 4860 1623 4909 alinerra·
1639 4857 1771 4921 templum,

995 4957 1019 5006 in
1044 4970 1100 5007 aroc
1121 4961 1281 5008 exstructum.
1315 4961 1443 5023 Octoginta
1468 4965 1550 5009 autern
1568 4962 1671 5009 alleato
1684 4959 1771 5022 stadia,

995 5061 1112 5110 euntibus
1138 5060 1279 5120 (luciaria,
1296 5062 1365 5111 iuxta
1386 5065 1501 5112 Coretum
1521 5068 1643 5121 montem,
1666 5062 1771 5113 coraula

998 5173 1075 5224 nuper
1093 5160 1183 5211 cliruta.
1217 5160 1359 5212 Ostendiiur
1378 5166 1403 5212 ct
1426 5163 1540 5227 qrraedam
1562 5159 1653 5222 insula,
1668 5163 1709 5212 cui
1725 5175 1771 5212 no·
