3772 5828
192 308 250 365 las

190 436 327 518 φιλοτιμία
338 438 383 495 καί
392 436 520 518 λοχαγούς
532 436 577 495 καὶ
590 437 768 517 στρατιώτας,
778 439 883 496 πολλῶν
898 438 966 496 πόνυ

191 526 412 606 προθυμουμένων
426 526 608 604 ἐξενέγκασθαι
622 524 655 582 sd
671 529 716 595 τῆς
732 527 819 605 μάχης
834 528 965 606 ἀριστεῖα,

190 612 235 672 καλ
247 615 276 671 ού
291 614 361 694 λόγῳ
371 613 567 681 σπουδαζόντων
586 612 683 689 μόνον,
698 614 767 671 ἀλλὰ
782 613 826 672 καὶ
842 614 910 695 έργῳ
924 639 966 694 φι-

189 701 310 772 λοτιμίας
324 703 562 778 ἀποδεικνυμένων,
574 700 640 759 ὥστε
652 698 773 779 χαλεπὴν
784 701 904 780 γενέσθαι
914 712 967 769 τοῖς

56 828 58 833 -
148 807 161 847 ι
191 789 316 869 ἡγεμόσιν
342 792 427 847 αὐτῶν
444 789 490 860 τὴν
505 793 556 847 τῶν
576 790 794 860 ἐπιτηδειοτάτων
816 791 964 866 διοίγνωσιν.

191 880 224 939 Ei
238 879 289 959 γάρ
309 901 348 944 τις
366 870 397 949 ἦν
414 878 430 948 ἢ
445 880 566 958 πατέρων
582 879 721 959 ἐπιφανείᾳ
743 879 860 958 λαμπρὸς
879 878 966 950 λαώ-

190 990 273 1043 ματος
287 966 364 1047 ῥώμῃ
379 965 526 1046 διαπρεπὴς
540 965 557 1038 ἢ
573 967 666 1046 πράξει
679 971 712 1046 τῇ
725 966 794 1026 κατά
810 968 888 1047 χίῖρα
903 991 965 1047 γεν-

188 1063 271 1129 ναῐος,
292 1056 309 1126 ἢ
324 1060 384 1114 κατ’
398 1057 480 1125 ἄλλην
495 1056 553 1114 τινὰ
568 1056 651 1134 τύχην
670 1055 687 1127 ἢ
703 1058 802 1134 τόλμαν
822 1055 965 1134 ἐπίσημος,

188 1144 280 1204 ίαυτδν
294 1144 367 1216 ἠξίου
380 1144 483 1203 τάττειν
498 1149 603 1225 πρῶτον
618 1148 643 1202 ἐν
664 1146 715 1211 τοῖς
736 1147 816 1224 τρισί.
856 1143 965 1218 Ταύτην

136 1249 160 1287 ιο
189 1234 232 1291 έπλ
255 1232 322 1293 πολύ
337 1241 474 1314 χωροῦσαν
489 1234 515 1291 ἐν
535 1233 690 1312 ἀμφοτέροις
711 1244 762 1300 τοῖς
787 1232 966 1314 στρατεύμασι

187 1321 235 1393 τὴν
253 1321 403 1403 φιλοτιμίαν
420 1325 433 1380 δ
455 1325 507 1380 τῶν
531 1321 663 1383 Ἀλόανῶν
682 1322 780 1382 ἔπαυσε
801 1323 964 1404 στρατηγὸς,

188 1409 340 1485 ἔνθυμηθεὶς
359 1408 400 1466 ὅτι
418 1408 474 1466 θεία
495 1433 533 1475 τις
556 1409 665 1489 πρόνοια
686 1413 715 1468 ἔκ
731 1412 828 1470 πολλοῦ
845 1432 964 1491 προορω·

188 1497 255 1575 μένη
270 1497 313 1556 τόν
330 1499 460 1574 μέλλοντα
482 1497 664 1574 συμύήσεσθαι
678 1507 734 1565 ταῖς
750 1499 857 1558 πόλισιν
875 1501 964 1579 ἀγῶνα

188 1585 247 1652 τοίας
261 1585 525 1664 προκινδυνεύσοντας
545 1585 611 1667 ύπίρ
626 1587 710 1644 αὐτῶν
728 1586 903 1646 κατεσκεύασε
919 1609 964 1664 γε·

136 1692 160 1730 ια
189 1673 277 1734 νέσθαι
294 1673 371 1732 οἴκων
385 1677 409 1731 τ’
424 1679 470 1733 οὐκ
488 1676 594 1753 ἀφανῶν
609 1675 653 1733 καὶ
675 1673 708 1733 τά
730 1672 836 1752 πολέμι’
854 1673 965 1754 ἀγαθοὺς

188 1764 298 1845 ὀφθῆναί
312 1787 340 1820 τε
354 1763 525 1836 καλλίστους,
538 1762 584 1819 καί
598 1762 656 1822 οὐδέ
668 1762 794 1841 γενέσεως
808 1763 900 1842 ὁμοίας
911 1767 965 1831 τοῖς

187 1851 293 1917 πολλοῖς
310 1852 512 1930 μετειληφότας,
530 1851 599 1908 ἀλλά
613 1853 723 1911 σπανίου
742 1852 788 1911 καὶ
811 1855 964 1927 θαυμαστῆς

188 1936 231 1996 διὰ
250 1938 279 1997 τό
295 1937 450 2019 παράδοξον.
495 1935 614 2020 Ὁρατίῳ
635 1939 685 2018 γοίρ
707 1963 756 1997 τινι
773 1939 902 2019 Ῥωμαίῳ
919 1938 964 1997 καλ

187 2027 322 2108 Κοριατίῳ
344 2028 375 2087 τδ
395 2027 468 2105 γένος
491 2025 609 2107 ’λλόανῷ
623 2027 692 2086 κατὰ
711 2029 754 2086 τὸν
774 2029 851 2085 αὐτὸν
872 2027 963 2107 χρόνον

133 2131 160 2170 τυ
187 2117 310 2194 ἀνεγύησε
338 2116 481 2196 θυγατέρας
523 2114 645 2190 διδύμους
680 2116 793 2180 Σικίνιος
829 2115 963 2184 'bitume

185 2204 295 2269 Τούτοις
312 2203 467 2285 ἀμφοτέροις
483 2203 511 2262 αἱ
525 2204 647 2282 γυναῖκες
662 2203 803 2282 έγκύμονες
819 2204 875 2281 ἅμα
888 2204 964 2279 γενό-

188 2316 265 2370 μεναι
277 2292 323 2358 τὰς
338 2293 519 2372 πρωτοτόκους
531 2294 668 2375 ἀκφὲρουσι
681 2293 759 2370 γονλς
770 2293 865 2372 ἄρρενα
881 2293 964 2374 βρέφη

187 2379 321 2460 τρίδυμα,
338 2379 383 2438 καὶ
401 2381 468 2439 αὐτὰ
482 2382 506 2438 οί
520 2381 668 2456 γεινάμενοι
684 2379 748 2459 πρδς
762 2382 853 2441 οἰωνοῦ
868 2381 964 2441 λαύόν-

188 2491 229 2534 τες
243 2469 342 2545 ἀγαθού
354 2468 399 2526 καλ
414 2469 490 2528 πόλει
504 2469 550 2526 καὶ
564 2467 628 2548 οίκῳ
641 2472 681 2548 τῷ
695 2469 812 2550 σφετέρῳ
828 2469 964 2550 τρέφουσιν

132 2570 158 2609 2⁵
189 2558 292 2617 ἅπαντα
307 2559 353 2617 καλ
367 2561 508 2616 τελειοῦσι·
524 2557 579 2623 θεὸς
591 2558 614 2615 δ’
627 2559 730 2630 αὐτοῖς,
745 2558 835 2637 ὥσπερ
847 2562 907 2617 κατ’
921 2562 965 2635 ἀρ-

188 2646 237 2724 χὰς
253 2645 333 2727 ἔφην,
354 2646 445 2705 δίδωσι
466 2647 562 2712 κάλλος
582 2669 609 2705 τε
625 2645 670 2705 καί
685 2647 776 2727 ῥώμην
798 2646 844 2706 καὶ
866 2646 897 2719 δὴ
921 2648 965 2706 καί

188 2735 276 2813 ψυχῆς
297 2733 468 2812 γενναιότητα
492 2732 602 2810 μηδενὸς
625 2737 677 2792 τῶν
695 2734 790 2814 ἄριστα
812 2736 964 2814 πεφυκότων

187 2824 289 2902 χείροσι
313 2821 442 2900 γενέσθαι.
487 2821 597 2889 Τούτοις
625 2822 691 2901 ἔγνω
717 2830 769 2890 τοῖς
800 2824 923 2903 ἀνδράσιν
951 2827 965 2881 d

187 2908 349 2990 Φουφέττιος
360 2909 507 2988 ἐπιτρέπειν
519 2908 563 2967 τδν
575 2909 643 2988 θπλρ
654 2911 701 2980 τῆς
709 2911 850 2988 ἡγεμονίας
860 2912 963 2988 ἀγῶνα·

131 3019 157 3056 su
186 2996 232 3057 καὶ
250 2997 481 3079 προκαλεσάμενος
493 2999 529 3064 είς
543 2997 634 3074 λόγους
646 2997 691 3055 τὸν
707 2999 818 3076 βασιλέα
830 3002 881 3055 τῶν
896 2998 964 3058 Ῥω·

186 3085 272 3160 μαίων
285 3085 355 3165 λέγει
370 3087 433 3164 πρὸς
447 3085 542 3144 αὐτόν·

226 3174 305 3235 XIV.
322 3202 334 3227 n
353 3173 420 3240 Θεός
442 3196 480 3240 τις
493 3163 631 3243 testandi
653 3173 753 3243 Τύλλε,
775 3172 963 3250 προνοούμενος

185 3289 197 3314 α
219 3265 271 3321 τῶν
291 3264 392 3322 πόλεων
413 3262 553 3341 ἑκατέρας,
572 3265 598 3320 ἔν
624 3261 712 3328 ἀλλοις
738 3285 766 3320 τε
791 3263 896 3330 πολλοῖς
919 3265 964 3322 καὶ

185 3378 197 3404 ι
220 3352 250 3422 δέ.
265 3351 309 3412 καί
325 3351 394 3411 κατδι
415 3351 486 3409 τόνδε
502 3359 545 3408 τ“ον
564 3353 654 3428 ἀγῶνα
668 3349 781 3431 φανερδιν
797 3350 844 3421 τὴν
862 3350 963 3409 ε’ύνοιαν

131 3459 156 3497 aa
185 3465 197 3492 ι
219 3445 390 3512 πεποιῆσθαι.
434 3437 474 3500 Τό
493 3437 543 3517 γὰρ
562 3442 697 3521 εὑρεθῆναι
719 3441 778 3506 τοὺς
801 3440 961 3518 ἀγωνιουμέ-

185 3552 198 3579 e
219 3549 276 3592 νοος
302 3528 367 3608 ὑπὲρ
383 3526 489 3586 πόντων
510 3527 580 3605 γένει
603 3551 632 3587 τε
650 3527 759 3605 μηδενός
781 3528 901 3609 χείρονας
918 3531 963 3589 καὶ

185 3644 197 3666 «
218 3616 251 3672 τά
273 3618 376 3692 πολέμι’
400 3616 511 3696 ἀγαθούς
535 3619 645 3700 ὀφθῆναί
663 3641 690 3676 τε
715 3619 886 3693 καλλίστους,
900 3620 963 3700 πρὸς

116 3754 120 3761 .
186 3734 196 3753 «ι
221 3705 247 3762 δὲ
274 3704 373 3774 τούτοις
408 3706 433 3774 ἔξ
458 3706 512 3775 ἐνὸς
537 3707 685 3788 πεφυκότας
713 3709 812 3788 πατρὸς
839 3711 884 3769 καὶ
913 3711 964 3770 ὑπὸ

186 3820 197 3841 ι
219 3801 281 3867 μιᾶς
299 3795 500 3871 γεγεννημένους
522 3795 619 3873 μητρὸς
646 3794 709 3868 καί,
724 3795 755 3853 τό
776 3796 959 3872 θαυμασιώτα·

131 3899 157 3939 ιυ
187 3907 198 3929 n
220 3903 280 3952 τον,
306 3883 337 3959 ,έν
368 3892 415 3959 μιᾷ
435 3885 608 3963 προελθόντας
632 3885 667 3947 εἷς
688 3885 741 3962 φῶς
763 3883 877 3958 γενέσει,
897 3886 961 3962 παρ’

186 3993 198 4019 «
222 3971 281 4042 ύμῖν
296 3969 342 4046 μέν
354 3968 506 4050 Ὁρατίους,
518 3973 581 4049 παρ’
593 3975 658 4045 ἡμῖν
673 3970 699 4027 δὲ
714 3970 881 4048 Κοριατίους,
897 3975 963 4027 θαυ-

186 4080 198 4106 «
222 4063 312 4134 μαστῇ
332 4061 443 4118 τινικαὶ
465 4059 520 4141 θεία
536 4058 705 4117 παντοίπασιν
721 4057 802 4116 ἔοικεν
817 4059 961 4137 εὐεργεσίᾳ.

187 4170 199 4195 ι
221 4143 256 4203 Τί
280 4137 324 4201 ούν
344 4149 372 4205 ού
393 4146 523 4226 δεχόμεθα
544 4147 591 4217 τὴν
617 4145 747 4219 τοσαύτην
769 4151 814 4204 τοῦ
830 4147 963 4222 δαιμονίου

187 4259 198 4284 ν
221 4233 362 4314 πρόνοιαν,
379 4235 424 4292 καὶ
436 4237 642 4314 παρακαλοῦμεν
658 4234 700 4293 tel
712 4233 757 4293 τθν
769 4233 833 4314 ὑπὲρ
845 4237 890 4306 τῆς
902 4240 963 4314 ἡγε-

131 4347 156 4386 ta
187 4350 199 4375 ι
221 4322 312 4399 μονίας
331 4324 418 4399 ἀγῶνα
435 4323 494 4389 τοὺς
516 4324 655 4402 τριδύμους
680 4322 806 4403 ἀδελφούς
824 4324 961 4403 ἑκάτεροι,

187 4440 199 4464 n
222 4412 255 4470 τοί
264 4435 290 4468 τε
301 4410 351 4490 γὰρ
359 4411 426 4483 ἀλλ’,
437 4412 476 4469 do’
487 4414 513 4469 ἐν
527 4415 578 4477 τοῖς
591 4411 685 4491 ἀριστα
696 4415 891 4492 μαχησομένοις
903 4417 963 4493 βου-

187 4528 199 4552 ι
222 4501 324 4575 λοίμεθ’
340 4499 371 4557 ἂν
388 4489 470 4575 εἶναι,
487 4503 536 4558 κᾶν
553 4499 652 4566 τούτοις
667 4499 751 4558 ἔνεστι
765 4505 817 4568 τοῖς
838 4501 962 4579 ἀνδράσι,

188 4613 200 4641 ι
222 4588 267 4646 καὶ
281 4589 310 4644 τὸ
334 4586 371 4663 μὴ
394 4590 531 4666 προλιπεῖν
545 4586 604 4653 τοὺς
618 4586 803 4669 παρασπιστὰς
817 4590 964 4665 κάμνοντας

189 4703 200 4726 s
222 4676 321 4740 τούτοις
340 4678 440 4751 μᾶλλον
465 4675 591 4754 ὓποίρίει,
614 4677 734 4753 ἀδελφοῖς
749 4667 822 4753 οθσι,
843 4679 906 4757 παρ’
922 4677 964 4745 ούς

132 4790 158 4824 sn
188 4792 199 4816 ι
222 4789 293 4831 τινας
309 4766 402 4829 ἀλλους
418 4763 561 4837 Ῥωμαίων
577 4789 605 4822 τε
620 4765 667 4823 καί
682 4764 829 4824 ’Aliassum
844 4765 862 4836 ἥ
877 4787 905 4823 τε
921 4789 962 4845 φι·

189 4879 200 4904 ε
224 4855 332 4931 λοτιμία
354 4857 405 4911 τῶν
428 4854 515 4911 ἄλλων
529 4853 594 4913 νέων
609 4853 714 4933 χαλεπὴ
730 4856 840 4924 λυθῆναι
858 4854 891 4912 δι’
908 4855 963 4914 ἑτέ·

187 4968 200 4991 «
224 4966 267 5020 pou
283 4944 350 5010 τινὸς
367 4934 433 5003 οάσα
448 4942 545 5022 τρόπου
566 4947 675 5020 ταχεῖαν
689 4942 738 5010 {Zet
752 4944 848 5020 κρίσιν.
892 4946 961 5002 Τεκ·

189 5054 200 5077 ι
224 5032 354 5107 μαίρομαι
377 5037 427 5110 γάρ
444 5055 501 5090 τινα
523 5030 567 5090 καί
583 5035 647 5109 παρ’
665 5035 725 5102 ὑμῖν
747 5031 800 5110 ἔριν
815 5034 841 5090 έν
859 5032 965 5097 πολλοῖς

189 5141 200 5166 ι
225 5104 358 5173 εἶναιτῶν
376 5117 597 5196 ἀντιποιουμένων
614 5120 723 5196 ἀρετῆς,
739 5117 828 5196 ὥσπερ
842 5117 887 5175 καὶ
902 5119 964 5196 παρ’

714 306 882 367 DtONl'SlI
905 305 1282 370 ttittannilnsses'sts

1022 447 1149 512 probasset
1160 452 1185 500 et
1200 451 1266 499 ratas
1280 448 1393 507 iecisset,
1408 448 1470 498 mira
1483 447 1549 497 iltius
1560 446 1660 496 bonoria
1673 446 1795 511 cupiditas

1020 546 1047 590 et
1061 540 1216 591 centuriones
1229 545 1255 591 et
1269 541 1360 591 milites
1375 540 1477 600 invasit,
1493 528 1622 603 pennuliis
1640 539 1796 603 cupientibus

1021 630 1095 681 buius
1117 645 1204 696 pugna
1221 633 1328 696 palmam
1342 631 1419 691 terre,
1437 633 1462 682 et
1478 644 1525 680 non
1547 630 1630 681 verbis
1650 634 1747 681 lanium
1763 633 1794 681 ad

1021 721 1047 772 id
1068 722 1247 786 aspirantibus,
1269 723 1311 772 sed
1336 723 1410 772 etiam
1433 723 1504 773 tactis
1526 722 1610 787 glorias
1634 723 1794 787 cupiditatem

1020 812 1216 874 ostentantibus,
1230 814 1266 864 lta
1278 819 1308 864 ιιι
1320 827 1406 864 eorum
1420 814 1496 864 duces
1508 828 1556 864 nnn
1569 814 1622 865 sine
1631 827 1718 878 magna
1729 814 1794 866 diffi-

1020 904 1112 954 cultate
1130 908 1231 968 possent
1242 905 1398 969 dignoscere,
1411 906 1513 970 quinam
1531 908 1614 956 essem
1627 906 1659 956 ad
1674 919 1729 955 earn
1742 920 1794 956 rem

1019 995 1129 1045 omnium
1141 996 1270 1060 aptissimi.
1303 995 1386 1061 siquis
1398 995 1463 1045 enirn
1482 999 1535 1046 erat
1550 999 1594 1046 aut
1611 996 1732 1045 maiorum
1747 1009 1794 1045 no·

1019 1085 1114 1136 bilitate
1126 1087 1221 1147 clarus,
1234 1089 1278 1137 aut
1287 1088 1396 1152 corporis
1411 1086 1499 1136 robore
1513 1086 1648 1149 excellens,
1658 1090 1703 1137 aut
1720 1101 1793 1138 mauu

1019 1185 1149 1241 strenuus,
1160 1188 1204 1231 aut
1217 1180 1301 1243 atique
1312 1180 1359 1230 alia
1369 1193 1396 1230 re
1407 1182 1451 1230 aut
1466 1179 1575 1230 facinore
1585 1180 1672 1230 audaci
1683 1180 1792 1244 insignis,

1020 1287 1046 1325 sc
1060 1274 1166 1339 primum
1187 1275 1213 1324 in
1226 1274 1324 1324 illorum
1339 1273 1415 1324 trium
1434 1286 1565 1324 numerum
1583 1272 1666 1323 reterri
1686 1273 1792 1323 roteiml.

1018 1365 1067 1418 Sed
1088 1366 1240 1417 Albanorum
1261 1366 1312 1416 dus
1330 1366 1403 1417 istam
1424 1366 1579 1417 ambitiosam
1599 1366 1794 1425 contentionem,

1019 1473 1076 1523 quaa
1090 1461 1114 1508 in
1129 1464 1234 1524 utruque
1247 1458 1358 1510 exercitu
1372 1458 1468 1523 ιοιηςιιιε
1480 1458 1609 1523 serpebat,
1624 1455 1769 1521 compressit
1786 1474 1791 1502 :

1019 1553 1215 1603 animadvertens
1232 1552 1339 1601 (lisinam
1358 1549 1537 1614 providentiam
1553 1551 1632 1600 mullo
1648 1555 1705 1602 ante
1728 1566 1792 1616 prac-

1019 1644 1095 1692 sciam
1109 1641 1249 1692 certaminis
1261 1640 1326 1690 inter
1338 1641 1383 1690 bus
1394 1640 1457 1690 duas
1477 1639 1590 1690 civitates
1601 1640 1678 1690 luluri
1691 1655 1734 1692 eos
1749 1642 1794 1707 qui

1019 1749 1064 1799 pro
1077 1734 1136 1798 ipsis
1149 1735 1231 1783 esseut
1242 1731 1404 1795 periclitaturi
1421 1744 1521 1795 parasse
1535 1745 1567 1781 ex
1588 1731 1684 1782 inmittis
1694 1732 1794 1782 minime

1018 1827 1218 1887 obscuris,uiros
1232 1824 1325 1875 bellicis
1340 1824 1414 1874 rebus
1435 1828 1594 1889 prestantes,
1610 1828 1636 1875 el
1652 1825 1729 1874 torma
1743 1825 1793 1874 exi·

1018 1921 1068 1971 mia
1089 1919 1222 1985 praeditos,
1241 1922 1266 1970 et
1283 1917 1406 1968 natalibus
1426 1930 1475 1967 nou
1496 1917 1655 1979 irrigaribus,
1672 1917 1716 1967 sed
1732 1917 1793 1967 raris

1019 2014 1045 2063 el
1056 2010 1207 2062 admirandis
1222 2011 1254 2061 ob
1268 2011 1304 2060 rei
1314 2011 1457 2062 novitatem.
1489 2009 1593 2060 Sicinius
1603 2012 1669 2060 enim
1685 2010 1794 2061 Albanus

1018 2108 1136 2172 gemellas
1150 2107 1226 2169 litias,
1247 2108 1349 2157 atteram
1366 2106 1466 2156 iteratio
1478 2104 1575 2154 cuidam
1594 2107 1715 2165 Romano,
1729 2105 1792 2154 atle-

1017 2215 1071 2253 ram
1084 2200 1202 2259 curiatio,
1218 2199 1260 2263 qui
1276 2201 1329 2248 erat
1347 2210 1434 2260 genere
1449 2195 1572 2257 Αιιιοιιιιε,
1586 2196 1671 2245 eodem
1682 2199 1793 2257 tempore

1017 2292 1187 2358 desponderat.
1220 2294 1314 2342 tiorum
1335 2289 1463 2341 amborum
1486 2303 1577 2339 uxores
1595 2287 1704 2351 gravidae
1719 2287 1792 2336 simut

1018 2384 1091 2434 laclia
1107 2383 1186 2448 primo
1196 2387 1268 2447 partu
1281 2382 1375 2446 protem
1390 2381 1523 2432 nocuum
1534 2380 1675 2440 ediderunt,
1689 2393 1793 2442 eamque

1018 2480 1188 2544 trigeminam,
1208 2491 1282 2541 quam
1294 2477 1341 2542 ipsi
1354 2477 1484 2541 parantes,
1498 2477 1527 2526 ut
1543 2473 1673 2538 augurium
1691 2474 1750 2524 ιειικ
1768 2461 1794 2527 et

1017 2570 1104 2634 patria>
1127 2574 1152 2620 et
1171 2569 1269 2619 iambica
1290 2581 1342 2618 suas
1366 2568 1490 2630 oblatum,
1512 2569 1589 2616 lolam
1612 2565 1793 2628 educaverunt,

1018 2660 1095 2712 donec
1118 2660 1275 2713 adolesceret.
1309 2663 1377 2710 Deus
1398 2673 1457 2711 reto
1481 2659 1528 2722 (ut
1548 2657 1619 2707 tnilio
1637 2656 1708 2720 ‹liril
1725 2655 1794 2706 dedit

1017 2753 1065 2803 iilis
1079 2754 1218 2804 aliermont
1234 2756 1259 2803 et
1274 2753 1358 2812 robur,
1369 2751 1502 2815 qartuetiam
1513 2748 1587 2799 animi
1596 2748 1792 2813 generositatem,

1018 2844 1052 2895 lla
1067 2847 1096 2896 ut
1110 2847 1183 2896 nullis
1192 2847 1292 2909 optima·
1306 2845 1397 2894 indolis
1411 2847 1439 2894 ιιι
1445 2841 1553 2893 uersibus
1566 2843 1648 2890 essent
1656 2839 1792 2890 interiores.

1018 2937 1098 2992 Quare
1119 2933 1239 2983 Fuitetius
1260 2933 1298 2982 tris
1316 2932 1374 2982 viris
1390 2934 1514 2981 certamen
1532 2942 1577 2992 pro
1594 2928 1679 2990 patria
1702 2924 1794 2988 prinei·

1018 3026 1075 3087 palu
1091 3022 1244 3072 committere
1255 3021 1357 3081 statutt,
1373 3024 1399 3070 el
1412 3022 1527 3069 vocatum
1539 3018 1569 3067 nd
1585 3014 1734 3078 colloquium
1745 3017 1793 3062 tto

1017 3126 1144 3163 manorum
1158 3125 1240 3174 regem
1250 3114 1283 3161 ila
1299 3111 1422 3160 allocutus
1430 3112 1469 3160 est
1481 3128 1487 3159 :

1049 3205 1113 3252 x1v.
1139 3221 1151 3244 n
1175 3204 1242 3250 Deus
1265 3200 1362 3262 aliquis,
1381 3198 1460 3257 Tulle,
1480 3198 1608 3258 utriusque
1621 3194 1729 3244 civitatis
1748 3206 1794 3241 cu·

1019 3309 1031 3331 n
1048 3303 1100 3339 ram
1124 3300 1226 3352 gerens,
1250 3301 1305 3337 cum
1323 3287 1348 3334 in
1367 3285 1451 3334 multis
1473 3284 1528 3334 aliis
1547 3283 1621 3333 rebus
1645 3285 1698 3330 tum
1719 3280 1794 3329 etiarn

1019 3396 1031 3419 n
1047 3375 1073 3424 in
1097 3374 1145 3424 ιιοο
1169 3374 1223 3438 ipso
1244 3372 1377 3423 certamine
1395 3384 1465 3420 suam
1483 3372 1506 3420 in
1535 3384 1579 3420 uos
1600 3366 1793 3418 benevolentiam

1018 3482 1031 3506 n
1048 3462 1195 3526 patefecisse
1211 3460 1314 3511 ridetur.
1346 3462 1408 3508 Num
1419 3458 1486 3521 quod
1498 3457 1588 3506 lucenti
1605 3457 1673 3514 suut,
1692 3452 1733 3516 qui
1748 3466 1793 3515 pro

1019 3568 1031 3593 ι
1048 3561 1132 3600 rerum
1147 3559 1245 3598 summa
1259 3547 1404 3607 decernant,
1417 3545 1466 3594 riri
1480 3557 1568 3608 genere
1585 3541 1675 3592 nemini
1692 3539 1793 3590 secimdi

1018 3638 1157 3689 «ethelin
1183 3637 1272 3703 egregii
1301 3639 1327 3686 ct
1347 3637 1424 3687 tonna
1451 3632 1653 3699 prestantissima
1678 3630 1791 3695 prediti,

1018 3745 1030 3768 α
1049 3730 1169 3790 praterea
1189 3726 1275 3776 eodem
1300 3727 1369 3788 patre
1397 3722 1531 3785 mdentqne
1555 3724 1633 3769 maire
1657 3716 1746 3782 geniti,
1767 3718 1794 3766 el

1019 3833 1030 3855 n
1048 3812 1057 3875 (
1072 3811 1138 3875 quod
1159 3812 1265 3862 manime
1293 3814 1332 3860 est
1357 3807 1548 3869 admirandum)
1568 3805 1655 3855 eodem
1675 3806 1746 3866 partu
1767 3802 1792 3850 in

1018 3920 1030 3943 a
1048 3898 1128 3947 lucem
1150 3896 1256 3947 editi-
1278 3895 1343 3959 apud
1367 3909 1411 3945 ros
1424 3893 1533 3954 ttoratii,
1556 3889 1621 3955 apud
1645 3887 1792 3940 nosemia-

1018 4005 1030 4029 ι
1048 3985 1077 4034 ιιι
1096 4009 1126 4021 -
1139 3984 1186 4032 troc
1206 3988 1273 4031 certe
1296 3980 1467 4030 admirandum
1490 3977 1615 4040 quoddam
1634 3980 1660 4026 et
1682 3975 1793 4024 divinum

1018 4094 1030 4118 a
1047 4071 1192 4123 beneficium
1213 4070 1312 4119 omniuo
1331 4068 1435 4118 ridetur.
1469 4065 1533 4124 Quin
1555 4066 1629 4128 igilur
1650 4063 1792 4126 complecti·

1018 4182 1031 4207 ε
1050 4175 1107 4211 mur
1127 4161 1190 4209 lianc
1211 4161 1304 4208 tantam
1331 4156 1409 4207 divini
1428 4155 1535 4205 numinis
1554 4153 1749 4219 providentiam,
1768 4156 1792 4201 et

1020 4269 1031 4292 ι
1048 4249 1146 4313 utrique
1162 4246 1304 4310 trigeminos
1317 4245 1405 4294 iratres
1416 4244 1447 4293 ad
1468 4246 1591 4293 certarnen
1607 4240 1638 4290 da
1656 4240 1793 4303 principatu

1020 4358 1032 4381 ιι
1049 4335 1205 4387 subeundum
1215 4334 1558 4396 adhortamuriquascuuque
1572 4330 1637 4380 enim
1650 4329 1697 4378 alia
1711 4328 1735 4377 in
1750 4327 1793 4377 bo·

1021 4445 1033 4469 u
1049 4423 1157 4473 minibus
1183 4422 1314 4471 fortissime
1338 4420 1492 4470 dimicaturis
1506 4433 1560 4471 esse
1579 4419 1707 4477 volumus,
1723 4430 1753 4466 ea
1768 4416 1792 4464 in

1020 4533 1032 4555 «ι
1051 4511 1089 4561 tris
1105 4523 1204 4574 quoque
1215 4509 1275 4558 siris
1292 4509 1389 4567 insunt,
1407 4512 1433 4558 cl
1446 4508 1493 4556 hoc
1505 4505 1661 4555 commodum
1673 4506 1793 4568 praeterea

1019 4622 1031 4644 n
1048 4599 1158 4660 aceedit,
1169 4598 1237 4663 quod
1247 4599 1270 4647 bi
1286 4611 1341 4647 cum
1353 4598 1438 4647 iratres
1451 4596 1513 4654 sint,
1529 4595 1609 4643 miuus
1620 4593 1689 4643 tacite
1703 4594 1728 4640 in
1739 4590 1791 4653 ipsa

1020 4709 1032 4731 ει
1049 4687 1205 4736 dimicatione
1225 4686 1365 4735 laborantes
1382 4683 1561 4734 commilitones
1575 4682 1700 4738 deserent,
1716 4692 1791 4739 quem

1019 4795 1030 4818 u
1049 4773 1089 4823 alii
1104 4774 1206 4823 Romani
1214 4772 1252 4823 rei
1260 4771 1362 4829 nloani;
1373 4773 1399 4820 et
1407 4769 1533 4818 aemulatio
1541 4769 1581 4816 illa
1593 4767 1741 4828 reliquorum
1754 4764 1792 4810 iu-

1020 4882 1031 4905 «
1049 4875 1153 4917 renum,
1165 4873 1239 4922 ‹puam
1251 4859 1298 4908 alia
1306 4858 1400 4906 ratione
1410 4856 1496 4905 sedare
1508 4858 1547 4903 est
1556 4853 1663 4911 ιιιιιιοιιο,
1674 4853 1710 4901 sic
1719 4850 1789 4898 ocius

1020 4969 1032 4993 ν
1050 4948 1184 5000 sedabitur.
1218 4945 1318 4995 Conicio
1333 4942 1397 4993 eninr
1410 4942 1476 5005 apud
1493 4955 1537 4989 ros
1553 4940 1627 4990 eliam
1641 4935 1722 4986 multis
1735 4948 1789 4984 essa

1020 5057 1032 5082 ε
1049 5037 1128 5095 rixas,
1139 5036 1180 5099 qui
1194 5035 1225 5083 de
1239 5033 1331 5081 uirtute
1342 5028 1490 5092 disceptent,
1505 5031 1533 5078 ut
1546 5030 1571 5077 et
1585 5024 1650 5089 apud
1664 5023 1788 5072 suanos:

1021 5147 1033 5170 u
1050 5125 1146 5190 quossi
1161 5121 1327 5182 docuerimus,
1338 5116 1461 5179 quomodo
1478 5114 1559 5165 divina
1569 5112 1680 5176 qrrrodam
1693 5108 1791 5160 lortuna
