3772 5828
606 1051 914 1123 EXPLICATIO
947 1050 1213 1121 SIGLORUM

308 1323 437 1383 QUIBUS
463 1306 557 1372 1213}ss
584 1326 796 1374 FRAGMENTA
816 1326 981 1373 nlonssn
1008 1325 1244 1373 CON'I'INENTES
1272 1323 1498 1371 INDICANTUR.

313 1730 401 1789 thecae
427 1729 622 1789 Ambrosianae
649 1730 749 1789 codice
773 1731 809 1800 Q.
839 1734 872 1789 13

313 1846 393 1906 sup.,
426 1846 489 1886 saeo.
520 1825 580 1897 XV,
607 1825 644 1884 ab
661 1826 772 1903 Angeio
800 1830 874 1885 Maio

312 1925 398 1985 edita.
416 1926 518 1983 Denuo
536 1925 612 1984 bunc
627 1924 755 1983 codicem
772 1937 875 1982 conin-

312 2025 345 2083 lit
359 2024 558 2101 Kiossiingius.
587 2022 795 2101 Apographutn
810 2022 875 2100 ejus

314 2124 344 2179 in
382 2120 513 2198 ejusdem
554 2117 737 2177 bibliothece
777 2120 876 2178 codice

314 2218 348 2277 d.
367 2220 404 2277 so
419 2236 485 2296 sup.

313 2418 400 2476 Athoi
419 2418 525 2479 codicis
542 2433 679 2503 excerpta
695 2420 755 2502 περὶ
769 2423 874 2503 πολιορ-

313 2515 390 2583 κιῶν,
416 2535 480 2593 qoae
503 2516 614 2595 primus
638 2518 728 2576 edidit
741 2538 777 2578 ex
792 2518 875 2576 Minae

313 2611 481 2689 apographo
491 2611 613 2673 Carolus
624 2616 765 2675 Miiiiesus
775 2615 810 2674 ad
821 2616 875 2673 cai·

315 2719 375 2757 cesn
386 2699 504 2780 dosephi
519 2704 630 2779 (Poris.
654 2706 750 2785 1855).
764 2704 875 2764 Deinde

312 2797 411 2854 eodeni
434 2817 470 2855 ex
499 2803 562 2876 ipso
587 2800 700 2871 codice,
728 2822 787 2880 quo
810 2814 875 2880 post

312 2906 431 2950 mortem
444 2898 529 2953 Minae
542 2894 718 2955 bibliotheca
734 2900 874 2956 Porisien·

939 2268 1034 2326 Ursin,
1058 2299 1098 2309 —

311 2989 349 3044 sis
372 2992 463 3065 podio
486 3004 546 3059 est,
571 2994 666 3049 denuo
692 2993 782 3051 edidit
806 3004 873 3051 We-
934 2997 1027 3052 Voles.
1050 3027 1089 3038 —

308 3082 424 3142 scherus
438 3089 467 3143 in
479 3086 555 3146 libro
572 3091 622 3166 qui
633 3089 801 3148 inscribitur
815 3095 871 3147 Po·

310 3182 469 3257 liorcdeiqne
481 3186 530 3239 des
544 3186 634 3244 Grecs.
651 3187 745 3257 Paris,
766 3176 849 3244 issod.

102 1633 227 1690 Ambros.
252 1663 292 1677 -
313 1632 457 1710 Excespta
474 1650 511 1689 ex
535 1631 742 1691 Mediolanensi
765 1632 872 1693 biblio·
934 1637 1029 1692 Escor.
1053 1665 1092 1676 -
1140 1629 1348 1689 Escosialensis
1363 1629 1471 1688 codicis
1486 1631 1510 1701 l,
1524 1629 1562 1701 Ω,
1579 1651 1625 1699 ιι,
1642 1649 1707 1689 saeo.

1144 1733 1223 1801 xvl,
1240 1741 1375 1807 excerpta
1385 1729 1446 1806 περὶ
1462 1727 1626 1799 ἐπιὸουλῶν,
1645 1749 1711 1806 qnae

1146 1829 1257 1904 primus
1277 1824 1367 1882 edidit
1376 1824 1499 1883 Carolus
1520 1825 1661 1883 Miiderus
1680 1828 1709 1881 in

1146 1920 1382 1996 Frognieniorum
1406 1920 1609 1980 historicorum
1626 1923 1710 1980 soln-

1147 2023 1222 2077 mine
1243 2021 1371 2079 secundo
1390 2021 1503 2097 (1848),
1528 2019 1632 2078 deinde
1656 2018 1710 2078 Fe-

1149 2117 1235 2176 derus
1250 2137 1296 2175 an.
1317 2117 1400 2175 1835.

1146 2264 1289 2344 Excerpln
1314 2263 1373 2345 περὶ
1397 2262 1542 2342 πρεσὸειῶν
1567 2284 1584 2323 a
1609 2263 1710 2322 Fulvio

1144 2359 1251 2419 Ursino
1285 2381 1332 2419 on.
1363 2359 1435 2417 1582
1463 2360 1538 2418 edito
1565 2381 1582 2418 e
1614 2359 1712 2418 codice

1144 2456 1280 2516 Vaticano
1313 2461 1405 2536 1418,
1431 2476 1495 2518 saec.
1526 2456 1602 2518 xvi.
1629 2456 1711 2515 Alios

1143 2578 1243 2617 eornm
1284 2556 1376 2614 codex
1405 2569 1497 2615 exstat
1531 2540 1711 2613 Monacensis

1145 2656 1213 2732 267,
1231 2673 1294 2711 saec.
1311 2651 1385 2724 xvi,
1410 2651 1495 2728 cujus
1519 2654 1614 2709 varias
1637 2653 1709 2706 scri-

1144 2762 1245 2826 pturas
1260 2752 1288 2805 in
1305 2767 1388 2806 osum
1407 2746 1571 2822 Kiesslingii
1582 2748 1710 2803 enotavit

1142 2845 1290 2906 Nissenus.
1403 2840 1426 2909 ⁸.

1143 2993 1285 3074 Excerpta
1297 2993 1357 3072 περὶ
1370 2997 1463 3077 ἀρετῆς
1473 2991 1517 3052 καὶ
1529 2992 1620 3057 κακίας
1628 3011 1646 3048 e
1656 3013 1707 3049 oo-
1740 3030 1746 3038 ·

1109 3150 1113 3157 ,
1141 3092 1205 3151 dice
1224 3094 1404 3165 'l'ni·onensi,
1424 3112 1488 3150 saec.
1516 3089 1557 3161 X,
1576 3090 1651 3148 edita
1670 3088 1707 3146 ois

1141 3189 1266 3248 ilenrico
1280 3186 1413 3257 valesio,
1432 3207 1480 3246 an.
1501 3186 1585 3253 1634.
