3772 5828
183 318 241 374 356

184 445 229 504 καὶ
261 447 468 524 προκυλιόμενος
493 445 545 500 τῶν
567 443 716 518 δημοτικῶν
752 440 863 499 ἑκάστου
893 436 961 514 μετὰ

184 534 317 615 δακρύων,
331 533 406 610 μυλις
420 531 513 598 αὐτούς
535 529 638 590 ίπεισεν
654 528 753 600 ἐκείνην
770 528 817 603 μὲν
833 529 879 594 τῆν
890 526 958 601 ἡμέ·

186 646 233 700 ραν
255 624 383 701 έπισγεῖν,
405 624 440 687 τίς
460 619 487 678 δέ
513 620 561 692 τὴν
589 622 713 677 ἀπιοῦσαν
730 617 816 689 ἥκειν,
846 621 881 682 ὡς
911 620 959 686 τῆς

186 714 281 784 βουλῆς
310 709 464 786 ἐπιμέλειάν
492 732 549 767 τινα
577 707 638 782 περί
655 709 742 765 αὐτῶν
767 705 956 780 ποιησομένης.

145 817 158 854 ⁵
186 803 280 860 Ταῦτα
293 799 373 859 εἰπὼν
385 800 430 857 καὶ
445 798 489 856 τὸν
501 797 604 875 κήρυκα
621 801 735 855 ἀνειπεῖν
749 796 884 865 κελεύσας,
904 817 958 870 μη-

120 947 125 977 ,
187 891 250 950 δένα
262 894 313 948 τῶν
328 889 469 947 δανειστῶν
481 885 575 951 ἐξεῖναι
585 887 664 960 σῶμα
677 884 811 944 πολιτικὸν
819 885 883 962 πρὸς
892 884 957 942 ίδιον

187 984 263 1063 γρέος
279 981 403 1056 ἀπάγειν,
420 977 469 1043 ἕως
488 975 520 1034 διν
540 979 557 1045 ἡ
583 974 664 1054 βουλὴ
688 974 749 1054 περὶ
774 976 862 1033 αὐτῶν
884 977 958 1053 διαγ-

187 1049 256 1145 νδίη,
271 1064 329 1132 τοὺς
342 1064 369 1122 δέ
384 1063 516 1143 παρόντας
530 1062 590 1120 όποι
604 1062 739 1142 βούλοιντο
751 1062 833 1129 ἀδεῶς
843 1061 958 1135 ἀπιέναι,

186 1157 290 1216 διέλυσε
303 1154 348 1212 τδν
366 1151 482 1230 θόρυόον.

134 1254 159 1293 ¹⁰
224 1245 344 1306 XXVII.
370 1239 439 1300 Τότε
459 1237 507 1318 μέν
526 1230 569 1297 oio
584 1238 684 1319 ᾤχοντο
704 1241 735 1297 ἐκ
746 1242 792 1310 τῆς
803 1241 959 1320 &popae-ri]

185 1333 208 1391 δ’
229 1333 286 1404 ἑξῆς
306 1328 394 1409 ἡμέρα
410 1331 497 1406 παρῆν
512 1330 541 1384 οὖ
552 1326 629 1403 μόνον
654 1326 752 1384 όκατδι
773 1326 849 1385 πολιν
869 1326 958 1407 ὄχλος,

135 1411 140 1420 ’
186 1415 254 1474 ἀλλά
269 1416 315 1474 καί
330 1421 359 1476 ἐκ
379 1419 431 1474 τῶν
450 1413 573 1491 σύνεγγυς
587 1415 674 1494 ἀγρῶν
688 1413 718 1472 τδ
733 1415 873 1491 δημοτικὸν
888 1417 960 1486 πλῆ-

186 1510 238 1576 θος,
264 1503 309 1562 καί
323 1495 354 1574 ῆν
371 1503 397 1573 ἐξ
423 1507 530 1562 ἑωθινοῦ
548 1503 652 1580 πλήρης
673 1505 690 1573 ἡ
714 1501 809 1582 ἀγορά.
851 1505 908 1575 Τῆς
933 1502 960 1562 δέ

188 1594 283 1671 βουλῆς
306 1589 489 1669 συναχθείσης,
505 1588 549 1647 ίνα
572 1589 749 1669 περὶτούτων
771 1588 962 1668 βουλεύσειενά

133 1712 158 1752 15
187 1703 212 1738 τι
225 1677 277 1757 χρὴ
301 1678 469 1757 πράττειν,δ
496 1679 545 1753 μὲν
569 1676 681 1746 Ἄππιος
701 1676 850 1753 δημοκόπον
873 1680 962 1740 ἐκάλει

186 1767 231 1826 τδν
247 1765 410 1846 συνάρχοντα
433 1768 478 1826 καῖ
497 1771 545 1838 τῆς
560 1766 683 1834 ἀπονοίας
697 1769 748 1825 τῶν
773 1767 879 1844 ἀπόρων
898 1773 962 1845 ἡγε-

188 1854 268 1930 μόνα·
285 1856 341 1913 ὁδί
355 1851 505 1935 Σερουίλιος
529 1858 625 1915 ἐκεῖνον
642 1853 769 1933 αὐστηρόν
793 1854 839 1913 καί
859 1856 961 1928 αὐθάδη

186 1943 298 2002 καὶτῶν
316 1943 453 2023 παρόντοιν
468 1948 501 2018 τῆ
517 1945 591 2002 πόλει
606 1946 695 2002 κακῶν
712 1942 811 2003 αίτιον·
839 1943 912 2011 τέλος
934 1945 962 2002 δὲ

187 2028 259 2089 οῖιδῖν
275 2031 373 2108 ἐγένετο
397 2034 449 2089 τῶν
463 2030 558 2108 λόγων.
601 2029 649 2090 Ἐν
676 2028 703 2088 δέ
727 2028 811 2110 τούτῳ
841 2031 962 2091 Λατίνων

712 306 877 367 DIONYSII
900 303 1273 367 uniicnunassnn'sts

1011 443 1118 495 lacrimis
1131 448 1309 510 procumbens,
1324 450 1366 498 virs
1380 449 1480 501 tandem
1498 450 1547 502 illis
1567 458 1698 518 persuasit,
1712 462 1740 509 nt
1758 474 1789 511 eo

1012 549 1259 614 dissecantinerent,
1269 557 1295 604 et
1304 556 1572 621 postemdiercdircnt,
1580 563 1724 625 pmmittens
1733 580 1788 618 rem

1011 670 1096 708 eorum
1108 660 1202 710 senatui
1219 675 1284 711 curas
1304 663 1363 714 lore.
1397 667 1457 715 liaac
1469 666 1579 730 locutus,
1592 683 1647 720 cum
1661 685 1705 735 per
1718 689 1786 738 pras·

1013 773 1097 811 eonem
1121 763 1245 820 edixisset.
1269 765 1360 816 nemini
1373 768 1522 819 creditorum
1548 771 1623 824 licere
1638 789 1786 841 quemquam

1013 869 1091 918 civem
1107 871 1240 920 itomanam
1252 872 1285 922 ob
1296 873 1373 936 ipsius
1386 886 1421 924 ass
1431 875 1537 926 αίῖεααω
1549 892 1642 928 nexum
1654 882 1786 949 abducere,

1013 972 1091 1023 donec
1108 978 1207 1025 senatus
1229 975 1261 1025 de
1277 976 1326 1026 illis
1339 978 1499 1042 cognovisset,
1514 984 1540 1031 et
1557 991 1693 1044 presentes
1718 1002 1789 1052 posse

1011 1077 1135 1127 tutoabire
1144 1092 1291 1141 quocunque
1302 1080 1424 1142 libuisset,
1438 1085 1573 1134 tumultum
1589 1086 1660 1138 illurn
1674 1091 1787 1151 ¹sedavit.

1049 1272 1148 1322 xxvii.
1158 1273 1226 1321 Tunc
1237 1271 1312 1336 igitur
1323 1273 1357 1323 illi
1368 1288 1398 1324 ex
1411 1276 1463 1324 roro
1476 1275 1650 1330 discesserunt.
1683 1284 1787 1336 Postero

1019 1371 1102 1418 summ
1118 1367 1157 1417 die
1181 1368 1318 1418 adtuitnon
1341 1369 1421 1420 solum
1443 1371 1497 1436 ipsa
1512 1373 1605 1424 urbana
1623 1377 1698 1429 turba
1718 1399 1724 1429 ι
1745 1382 1789 1432 scd

1019 1461 1094 1511 etiam
1109 1474 1140 1510 cx
1151 1461 1270 1524 proximis
1290 1463 1354 1525 agris
1365 1464 1487 1527 populans
1501 1467 1642 1529 multitudo,
1656 1474 1682 1521 et
1693 1487 1790 1523 summo

1018 1573 1090 1610 mane
1105 1564 1184 1611 totum
1197 1561 1278 1610 torum
1294 1562 1392 1624 plenum
1403 1567 1465 1615 erat.
1498 1567 1589 1616 coacto
1602 1573 1686 1619 antem
1701 1576 1787 1622 senatu

1018 1660 1123 1724 utquid
1141 1659 1222 1710 bisde
1243 1661 1317 1711 rebus
1329 1663 1487 1714 statuendum
1505 1669 1584 1726 esset,
1598 1670 1787 1731 consultaretur,

1020 1757 1111 1821 Appius
1119 1756 1298 1821 quidemsuum
1308 1758 1633 1829 collegamarguebatqnasi
1643 1766 1719 1830 plebis
1729 1769 1789 1819 adu·

1019 1858 1121 1908 latorem
1133 1862 1158 1909 et
1169 1858 1258 1911 ducem
1273 1874 1408 1925 pauperum
1422 1863 1562 1915 insolentia
1573 1867 1707 1926 ;Serrilius
1728 1884 1785 1920 vero

1019 1968 1077 2004 eum
1087 1959 1249 2007 austerumet
1259 1961 1423 2022 arrogantem,
1438 1964 1464 2011 et
1475 1963 1634 2025 presentium
1650 1966 1791 2030 reipubbcu

1015 2047 1136 2098 malorum
1149 2052 1272 2100 auctorem
1287 2055 1329 2100 :et
1345 2051 1430 2103 nullus
1438 2053 1625 2107 altercationum
1638 2057 1693 2107 finis
1703 2058 1787 2109 tiebat.

133 2151 159 2189 ω
186 2121 279 2186 ίππεῖς
293 2119 361 2178 κατὰ
372 2119 489 2190 σπουδὴν
503 2117 655 2185 ἐλαύνοντες
667 2116 726 2186 τοὺς
736 2116 830 2184 ἵππους
843 2123 967 2199 παρῆσαν
1016 2143 1112 2193 putere,
1126 2145 1208 2193 autem
1228 2144 1307 2194 Lapjnp
1318 2149 1415 2208 equites
1434 2148 1505 2212 equi,
1527 2148 1654 2200 Μηρώ,
1669 2152 1694 2200 pn
1707 2151 1787 2202 forum

188 2208 224 2274 εἰς
238 2206 286 2278 τῆν
299 2206 408 2286 ἀγορδιν,
423 2205 609 2277 ἐξεληλυθότας
630 2204 799 2284 ἀγγέλλοντες
814 2204 874 2274 τοὺς
887 2210 968 2266 πολε-

188 2295 261 2371 μίους
273 2296 375 2373 μεγάλῃ
391 2305 502 2375 στρατιᾷ
514 2294 559 2353 καί
574 2293 650 2361 ὄντας
660 2292 704 2351 ἐπὶ
714 2299 766 2359 τοῖς
774 2295 873 2352 ἑαυτῶν
887 2298 918 2374 όρ

187 2384 248 2455 ἤδη.
294 2382 347 2443 Καί
359 2384 382 2442 οί
398 2381 445 2459 μέν
459 2389 558 2442 ταῦτα·
573 2385 597 2440 ol
612 2381 639 2440 δί
654 2380 786 2462 πατρίκιοι
801 2381 846 2440 καί
867 2382 897 2441 τὸ
911 2387 964 2442 τῶν

187 2473 290 2531 ἱππίων
303 2473 401 2542 πλῆθος
411 2475 463 2531 τῶν
488 2496 517 2530 τε
534 2472 621 2533 ἀλλων
638 2469 694 2531 ὅσοι
708 2469 834 2537 πλούτους
849 2470 867 2541 ῆ
889 2470 964 2540 δόξας

133 2589 158 2626 25
189 2560 347 2641 προγονικὰς
360 2551 443 2640 εἶχον,
458 2551 500 2617 οἷα
513 2559 546 2632 δὴ
562 2559 623 2639 πιρλ
635 2559 758 2637 μεγάλων
773 2558 964 2626 κινδυνεύοντες

189 2650 333 2719 ὡπλίζοντο
354 2649 397 2707 διθ
421 2648 600 2727 τάχους·όσοι
613 2649 636 2706 δ’
658 2640 727 2720 ἦσαν
744 2648 829 2705 αὐτῶν
853 2648 962 2729 ἄποροι,

189 2739 305 2814 μάλιστα
330 2738 395 2797 δῖοί
409 2746 461 2803 τοῖς
479 2736 587 2805 δανείοις
609 2736 772 2812 πιεζόμενοι,
793 2734 852 2795 οὔτε
873 2736 963 2795 ὅπλων

190 2825 312 2896 ἥπτοντο,
319 2826 376 2884 οὔτε
383 2825 468 2892 άλλως
473 2823 632 2906 παρείχοντο
640 2827 695 2891 τοῖς
704 2831 798 2891 κοινοῖς
809 2824 963 2904 πράγμασιν

188 2913 341 2992 ἐπικουρίαν
367 2914 505 2992 οὐδεμίαν·
531 2913 655 2989 ἡδόμενοι
677 2910 704 2970 δέ
729 2911 774 2970 καί
796 2915 856 2971 κατ’
881 2914 962 2993 εὐχὴν

132 3025 160 3064 ao
189 3001 325 3081 δεχόμενοι
352 3003 396 3061 τὸν
430 3003 522 3071 ἔξωθεν
546 3002 673 3075 πολεμον,
693 3003 727 3067 ὡς
746 3003 797 3056 τῶν
824 3001 962 3079 παρόντων

187 3099 255 3171 σφᾶς
269 3095 356 3149 κακῶν
375 3089 602 3169 ἐλευθερώσοντα,
618 3096 671 3154 τοῖς
689 3087 716 3145 δὲ
745 3087 875 3163 δεομένοις
890 3089 962 3164 ἀμύ-

190 3203 240 3238 νειν
263 3180 450 3245 ἐπιδεικνύντες
470 3178 516 3243 rt<
534 3177 637 3243 ἁλύσεις
659 3175 704 3233 καί
727 3174 774 3241 τθις
798 3176 877 3242 πέδας
905 3181 962 3236 ἐπι-

188 3277 372 3348 κερτομοῦντες
388 3266 506 3345 ἠρώτων,
520 3267 542 3323 εί
555 3263 669 3334 τούτων,
686 3265 804 3342 φυλακῆς
817 3263 893 3322 ἕνεκα
910 3268 962 3323 τῶν

188 3359 292 3433 ἀγαθῶν
311 3355 380 3423 ἀξιον
405 3354 444 3426 εἴη
471 3353 545 3433 σφίσι
570 3353 703 3427 πολεμεῖν.
747 3353 845 3412 Πολλοὶ
870 3351 963 3413 δὲκαὶ

133 3463 158 3502 aa
187 3444 271 3523 λέγειν
283 3446 412 3519 ἐτόλμων,
424 3446 458 3508 ύις
469 3443 574 3517 ἄμεινον
589 3440 629 3512 εἴη
643 3439 817 3507 Οὐολούσκοις
834 3443 963 3502 δουλεύειν

188 3536 287 3609 μᾶλλον
315 3533 332 3603 ἢ
356 3532 402 3598 τδις
422 3531 507 3609 θόρεις
527 3533 579 3588 τῶν
603 3530 749 3610 πατρικίων
769 3533 921 3606 ὑπομένειν·
943 3533 961 3604 II

186 3644 212 3678 τε
227 3623 301 3686 πολις
324 3622 439 3697 οἰμωγῆς
458 3620 503 3678 καὶ
528 3618 637 3699 θορύόου
655 3617 701 3678 καί
722 3620 851 3677 παντοίων
869 3644 960 3698 γυναι-

186 3709 262 3767 κείων
275 3711 394 3788 ὀδυρμῶν
408 3708 568 3783 ἐπίμπλατο.

227 3800 362 3859 XXVIII.
386 3800 480 3858 Ταῦτα
494 3799 603 3875 δρῶντες
616 3799 640 3855 οί
655 3797 792 3874 βουλευταί
805 3801 851 3854 τοῦ
871 3798 960 3876 έτέρου

133 3898 159 3937 ευ
188 3887 238 3942 τῶν
254 3888 361 3944 ὑπάτων
379 3883 590 3964 Σερουιλίου,δς
604 3888 630 3944 έν
655 3887 693 3963 τῷ
711 3883 820 3962 παρόντι
840 3885 959 3945 πιθανώ-

190 3994 261 4049 τερος
276 3965 408 4041 εἶναιτοῖς
435 3976 541 4039 πολλοῖς
558 3971 654 4046 ἐδόκει,
671 3976 773 4050 βοηθεῖν
800 3970 903 4031 ἐδέοντο
926 3977 960 4053 τῇ

189 4059 306 4137 πατρίδι.
354 4061 388 4121 ‘0
403 4063 429 4120 δὲ
442 4060 606 4140 συγκαλέσας
630 4059 674 4119 τόν
689 4062 771 4136 δῆμον
788 4064 824 4127 εῖς
838 4058 885 4130 τῆν
897 4063 961 4139 ἀγο-

190 4145 247 4224 ρθν,
260 4173 272 4197 ι
284 4152 328 4203 τοῦ
343 4148 471 4229 παρόντος
484 4154 576 4230 καιροῦ
601 4147 649 4219 τῆν
664 4149 781 4226 ἀνάγκην
795 4149 961 4209 ἐπεδείκνυεν

192 4262 202 4286 ο
223 4233 309 4294 οὐκέτι
331 4238 545 4316 προσδεχομένην
567 4236 704 4303 πολιτικὰς
729 4238 900 4317 φιλονεικίας,
916 4238 962 4297 καί

133 4344 157 4380 aa
190 4348 204 4378 u
222 4324 294 4395 ἠξίου
309 4331 352 4381 νῦν
375 4325 421 4400 μὲν
436 4326 518 4402 όμόσε
538 4327 591 4392 τοῖς
612 4326 746 4403 πολεμίοις
768 4328 864 4406 χωρεῖν
887 4332 961 4407 κοινῆ

192 4441 203 4461 ο
224 4414 317 4493 γνώμη
341 4416 537 4491 χρησαμένους,
554 4415 599 4473 καλ
616 4413 652 4490 μὴ
672 4418 795 4492 περιιδεῖν
816 4417 961 4477 ἀνάστατον

191 4526 203 4559 a
221 4505 267 4564 τὴν
281 4502 396 4575 πατρίδα
406 4505 557 4580 γενομένην,
574 4495 627 4580 ἕνῇ
640 4503 691 4562 θεοῖ
702 4507 819 4583 πατρῷοι
828 4509 873 4565 καὶ
883 4511 961 4578 θῆκαι

191 4619 202 4642 ν
221 4593 354 4668 προγόνων
366 4590 485 4657 έκάστοις
496 4584 602 4665 ῆσαν,θ
617 4589 765 4668 τιμιιύτατά
780 4597 849 4652 ἐστιν
864 4596 960 4654 ἅπασιν

192 4706 204 4729 ο
222 4677 380 4756 ἀνθρώποις·
396 4679 492 4755 γονέων
503 4703 531 4736 τε
544 4682 609 4737 αῖδῶ
623 4681 713 4739 λαάεῖν
731 4683 780 4760 οὐχ
792 4684 887 4740 ίκανῶν
903 4685 959 4741 Ico-

131 4788 159 4826 nn
191 4769 307 4840 «μένων
333 4770 434 4834 ἑαυτοῖς
458 4766 500 4825 διὰ
527 4772 609 4845 γῆρας
631 4770 747 4846 ἀμύνειν,
769 4770 813 4827 καῖ
832 4774 961 4845 γυναικῶν

191 4878 203 4903 τ
225 4854 295 4914 ἔλεον
312 4856 342 4923 ἃς
363 4856 454 4916 αὐτίκα
471 4856 543 4932 μάλα
559 4858 642 4923 δεινὰς
656 4858 701 4915 καῖ
715 4859 858 4938 ἀφορήτους
876 4858 961 4936 ύόρεις

192 4966 203 4987 ν
223 4943 494 5023 ἀναγκασθησομένων
513 4945 666 5023 ὑπομένειν·
682 4948 797 5023 μάλιστα
817 4945 844 5004 δὲ
859 4945 959 5003 παίδοιν

193 5049 208 5077 ιι
227 5027 264 5083 ἔτι
276 5033 375 5101 νηπίων
390 5037 436 5093 οὐκ
447 5035 490 5093 ἀπὶ
501 5035 634 5099 τοιαύταις
650 5035 750 5092 ἐλπίσιν
763 5034 961 5113 ἀνατραφέντων

194 5139 206 5161 s
232 5117 358 5196 οἰκτεῖραι
383 5122 469 5188 λύνύας
500 5127 544 5183 καί
575 5120 808 5203 προπηλακισμούς
834 5123 965 5194 ἀνηλεεῖς·

93 5364 172 5490 λε’

1017 2235 1177 2297 advenerunt,
1191 2238 1385 2304 nuntiorumque
1400 2240 1486 2291 hostes
1497 2255 1553 2293 cnm
1567 2241 1658 2306 ingenti
1674 2245 1787 2294 cxercitu

920 2294 969 2364 ἶνις
1017 2328 1091 2380 domo
1102 2344 1222 2394 egressos.
1240 2336 1265 2383 et
1287 2333 1333 2382 ianr
1346 2346 1400 2384 essa
1414 2335 1438 2383 in
1450 2334 1490 2384 sni
1508 2334 1561 2399 “dli
1573 2334 1672 2386 ffibm·
1705 2340 1786 2400 Atque

1011 2424 1048 2476 illi
1056 2425 1156 2489 quidem
1170 2427 1224 2476 hcc
1237 2427 1390 2477 nuntiarunt.
1426 2427 1525 2478 Patricii
1540 2441 1615 2490 nero,
1629 2434 1655 2479 et
1666 2431 1788 2494 equestris

1017 2517 1112 2570 ordinis
1123 2520 1179 2577 viri,
1193 2523 1219 2569 et
1231 2520 1307 2569 ceteri
1321 2523 1437 2584 quoquot
1451 2520 1546 2572 divites
1559 2523 1600 2573 rel
1612 2523 1704 2574 nobiles
1719 2532 1790 2576 erant

1019 2606 1104 2677 utpote
1115 2613 1158 2678 qui
1172 2627 1216 2677 pro
1229 2614 1323 2677 magnis
1334 2613 1408 2664 rebus
1420 2615 1627 2677 periclitarentur,
1641 2631 1710 2668 arma
1723 2618 1790 2668 ocius

1018 2712 1152 2770 ceperunt:
1166 2711 1192 2758 at
1202 2709 1323 2770 quotquot
1334 2711 1404 2757 erant
1422 2707 1517 2772 inopes,
1534 2710 1658 2774 praecipue
1679 2724 1738 2761 vero
1748 2714 1792 2772 qni

1018 2811 1075 2849 aere
1084 2798 1162 2849 alieno
1176 2799 1356 2863 premebantur,
1371 2813 1450 2863 neque
1462 2814 1531 2850 arma
1547 2803 1693 2865 tangebant,
1711 2815 1790 2864 ncqne
1859 2804 1862 2809 '

1014 2892 1090 2942 ullum
1114 2892 1180 2942 aliud
1205 2890 1346 2956 retpublicae
1377 2893 1496 2942 auxilium
1518 2892 1642 2953 terebaut;
1662 2894 1708 2944 sed
1731 2907 1788 2944 curn

1013 2982 1103 3045 gaudio
1117 2986 1143 3032 et
1153 2983 1275 3032 desiderio
1287 2982 1378 3033 bellum
1399 2986 1527 3034 externum
1540 2984 1701 3048 accipiebant,
1716 2987 1787 3049 qnasi

1014 3083 1028 3119 e
1040 3067 1201 3130 praesentibus
1213 3067 1285 3116 malis
1303 3066 1463 3118 liberaturum
1475 3070 1557 3118 esser:
1581 3070 1654 3131 atque
1672 3071 1710 3131 iis,
1723 3070 1785 3133 quis

1015 3173 1057 3209 eos
1072 3159 1268 3210 adhortabantur
1288 3159 1319 3210 acl
1331 3162 1434 3224 patriam
1447 3159 1630 3221 defendendam,
1648 3165 1749 3212 catenas
1760 3166 1787 3212 ct

1012 3255 1143 3319 compedes
1168 3269 1227 3304 curn
1253 3255 1375 3305 conviciis
1390 3254 1560 3316 ostendebant,
1584 3259 1658 3320 atque
1681 3268 1712 3304 ex
1722 3259 1782 3321 ipsis

1015 3348 1173 3413 quaerebant,
1186 3363 1245 3398 num
1267 3347 1355 3398 borum
1367 3348 1488 3399 bonorum
1506 3346 1685 3398 servandorum
1699 3360 1787 3397 caussa

1014 3455 1112 3505 aequum
1123 3443 1188 3492 esset
1199 3455 1225 3492 se
1234 3441 1325 3491 bellum
1334 3454 1427 3505 gerere.
1459 3440 1525 3498 Quin
1536 3440 1611 3492 etiarn
1621 3440 1693 3490 multi
1703 3440 1785 3493 dicere

1014 3535 1147 3599 audebant,
1159 3536 1236 3586 satius
1249 3548 1303 3585 esse
1318 3535 1409 3584 servire
1428 3533 1524 3586 volscis
1545 3547 1619 3598 quam
1630 3533 1787 3598 patriciorum

1018 3629 1178 3681 contumelias
1192 3630 1308 3693 perterre.
1341 3631 1372 3676 nt
1385 3630 1438 3678 tota
1450 3627 1511 3678 urbs
1532 3627 1641 3679 ululatus
1655 3632 1680 3678 et
1693 3627 1789 3677 tumul-

1018 3724 1060 3771 tus
1080 3723 1241 3772 aerariorum
1258 3719 1413 3770 muliebrium
1429 3717 1631 3770 lamentationum
1642 3720 1715 3783 plena
1728 3721 1789 3769 erat.

1049 3813 1159 3862 lillvtli.
1174 3814 1301 3867 Quacum
1312 3813 1395 3858 Patres
1408 3807 1529 3868 viderent,
1544 3807 1674 3857 Servilium
1686 3807 1789 3857 alterum

1018 3908 1156 3966 consulem,
1175 3908 1246 3957 cuius
1267 3907 1291 3955 in
1317 3920 1346 3955 eo
1360 3918 1442 3954 rerum
1461 3907 1527 3954 statu
1549 3918 1637 3968 magna
1655 3905 1787 3954 auctoritas

1017 4006 1082 4072 apud
1093 4006 1188 4070 plebem
1202 4005 1332 4056 ridebatur
1347 4018 1410 4065 esse,
1433 4003 1552 4067 rogarunt
1564 4006 1593 4051 ut
1614 4001 1701 4065 patria
1713 4014 1786 4066 opem

1018 4102 1100 4152 terret.
1135 4099 1178 4149 ille
1192 4113 1258 4159 rero,
1277 4098 1346 4161 plebe
1360 4098 1391 4148 ad
1417 4097 1559 4148 concionem
1580 4098 1725 4157 mnrocata,
1744 4095 1788 4147 dc·

1016 4192 1165 4243 monstrabat
1182 4211 1193 4234 ο
1210 4190 1337 4254 praesentis
1352 4189 1469 4253 temporis
1481 4189 1653 4239 necessitatem
1675 4203 1723 4238 non
1737 4189 1787 4251 patr

1018 4306 1029 4330 ι
1045 4285 1149 4348 amplius
1164 4283 1247 4333 civiles
1267 4282 1448 4343 contenfiones,
1472 4286 1498 4332 ct
1517 4294 1559 4331 cos
1573 4282 1660 4330 orabat
1676 4284 1703 4330 ut
1725 4291 1789 4328 nunc

1017 4402 1029 4424 ο
1044 4379 1143 4442 quidem
1160 4377 1286 4426 unanimos
1311 4378 1335 4425 in
1354 4375 1449 4425 bostem
1475 4376 1555 4432 irent,
1579 4388 1659 4436 neque
1681 4375 1787 4440 patriam

1018 4493 1028 4514 ο
1045 4471 1155 4521 funditus
1166 4470 1244 4520 cverti
1255 4470 1414 4532 paterentur,
1429 4469 1514 4530 inqua
1530 4466 1564 4516 dti
1575 4467 1649 4529 patrii
1663 4471 1688 4517 et
1698 4480 1787 4517 monu-

1017 4593 1029 4615 ο
1043 4573 1124 4620 menta
1140 4570 1260 4618 maiorum
1269 4567 1370 4631 singulis
1382 4568 1477 4626 essent,
1494 4578 1550 4627 quae
1561 4564 1674 4612 omnibus
1696 4565 1788 4613 morta·

1016 4685 1028 4709 α
1044 4665 1108 4715 libus
1128 4662 1304 4726 pretiosissima
1323 4662 1395 4721 sunt,
1411 4661 1490 4721 utque
1502 4659 1615 4721 parentes
1631 4660 1787 4713 vererentur,

1017 4781 1028 4802 ι
1045 4758 1088 4821 ηιιῖ
1108 4770 1135 4807 sc
1151 4770 1194 4818 per
1208 4758 1307 4805 aetatem
1324 4768 1372 4802 non
1388 4754 1487 4816 possent
1500 4748 1640 4801 detondere.
1655 4752 1730 4808 atque
1741 4747 1788 4796 mi-

1017 4874 1028 4894 «ι
1043 4849 1174 4899 soricordia
1193 4847 1350 4895 moverentur
1362 4843 1504 4900 mulierum,
1523 4854 1578 4904 quus
1596 4852 1654 4886 ruox
1669 4836 1785 4899 gravissi·

1016 4961 1028 4984 r
1042 4955 1095 4990 mas
1107 4945 1131 4991 et
1143 4939 1210 4990 haud
1223 4937 1361 4989 tolerabiles
1376 4935 1539 4985 contumelias
1556 4935 1647 4981 coactae
1659 4931 1740 4979 essent
1750 4927 1787 4975 la-

1015 5056 1026 5077 «
1045 5040 1125 5093 turae,
1143 5035 1264 5097 praecipue
1276 5045 1335 5082 vero
1349 5029 1488 5090 infantium,
1503 5040 1550 5075 non
1568 5025 1598 5074 ad
1617 5023 1696 5074 talem
1717 5033 1786 5085 spem

1016 5147 1027 5169 υ
1043 5130 1210 5186 educaturum,
1236 5126 1338 5176 iniurias
1361 5127 1385 5173 et
1403 5120 1514 5171 crudeles
1530 5117 1690 5169 contumelias
1712 5116 1786 5165 mise·
