3772 5828
42 1291 65 1328 ro
93 1262 119 1321 δὲ
132 1265 273 1334 καθῆκενό
289 1265 336 1333 τῆς
355 1263 446 1341 ἑορτῆς
467 1257 571 1337 καιρός,
587 1254 698 1316 Ἰουλίου
712 1280 741 1315 τε
753 1256 798 1316 καλ
816 1260 866 1320 [ls-
902 1292 907 1302 ·

572 336 866 413 auttQUturtTtttt
889 339 1035 401 ROMAN.
1061 341 1131 402 tto.
1152 343 1230 405 vttl.

95 496 108 521 ο
128 465 242 533 ὑπάτους
256 465 301 526 καλ
316 465 351 523 δι’
366 459 523 544 ἀπορρήτων
546 463 644 534 εἰπεῖν,
660 461 701 520 δτι
727 462 866 540 μέλλουσιν

95 587 107 612 ιι
126 556 286 616 ἐπιτίθεσθαι
306 552 428 634 τῇπόλει
441 553 601 612 θύολοῦσκοι
621 552 738 629 νύκτωρ,
755 553 800 610 καί
823 554 867 613 inl

94 676 106 699 α
126 654 200 706 τοῦτο
219 643 312 716 ἥκουσι
333 641 364 700 τδ
388 639 463 721 ίργον
479 637 578 719 αἰθρόοι.
623 629 663 698 Εύ
684 638 736 719 γάρ
752 642 825 714 ἴσθι,
843 642 866 699 ελ

94 760 106 783 ο
124 737 201 791 τοῦτο
216 727 445 796 άκούαειαν,οθδδν
460 726 499 785 έτι
513 724 692 792 ἐνδοιάσαντες
712 725 866 787 ίκόαλοῦσιν

94 848 106 872 s
125 823 193 894 ὑμᾶς
214 820 245 877 ἐκ
265 822 312 890 τῆς
343 814 461 892 πόλεως,
495 813 540 874 καὶ
564 813 719 895 παρέξουσιν
745 816 867 898 ἀφορμὴν

95 937 107 961 a
124 908 228 973 δικαίας
245 908 335 988 ὀργῆς.
346 934 359 956 ν

134 999 185 1057 lll.
208 995 259 1063 Ὡς
277 994 299 1054 δ’
311 993 408 1066 ἤκουσε
427 995 512 1051 ταῦτα
529 991 544 1048 ό
564 986 682 1062 Τύλλος,
697 992 867 1071 ὑπερηγάσθη

92 1109 120 1145 τε
135 1083 236 1144 καὶτὸν
250 1082 368 1164 παρόντα
378 1080 470 1161 καιρδν
484 1084 532 1153 τῆς
550 1077 689 1160 στρατείας
704 1080 868 1159 άναόαλόμε-

92 1197 132 1243 νος
146 1174 208 1254 περὶ
227 1172 273 1247 τὴν
284 1168 455 1251 παρασκευὴν
472 1168 571 1247 ἐγένετο
583 1171 629 1226 τοῦ
643 1168 771 1244 πολέμου.
782 1168 865 1230 ’Ἐπεί

91 1352 180 1431 ναρίου
191 1353 237 1425 τὴν
252 1348 380 1410 ὑπατείαν
396 1347 448 1421 ἤδη
469 1343 684 1427 παρειληφότων,
704 1349 721 1416 θ,
736 1345 865 1428 κρατίστη

91 1443 143 1498 τῶν
165 1440 342 1502 Οὐολούσκων
365 1437 455 1509 νεότης
479 1435 511 1503 ίξ
531 1436 636 1508 ἁπάσης
661 1435 779 1510 πόλεως,
795 1439 830 1504 ὡς
853 1438 867 1493 ὑ

93 1534 118 1592 Τ
119 1531 195 1600 ύλλος
215 1531 305 1607 ἠξίου,
321 1530 409 1608 παρῆν
424 1526 469 1585 iat
483 1524 531 1598 τὴν
549 1527 601 1584 τῶν
616 1524 723 1604 ἀγώνων
734 1524 804 1586 θέαν·
823 1523 869 1585 καλ

94 1622 269 1692 κατεσκήνουν
294 1620 318 1677 οἱ
340 1615 445 1682 πλείους
462 1615 490 1673 όν
512 1615 590 1695 ἱεροῖς
607 1638 636 1674 τε
665 1613 711 1673 καλ
735 1612 871 1691 δημοσίοις

44 1733 67 1768 ro
94 1708 194 1782 τόποις,
209 1709 256 1767 οὐκ
265 1706 370 1786 ἔχοντες
383 1699 540 1782 καταγωγδς
554 1704 581 1763 έν
593 1700 688 1769 οἰκίαις
701 1725 729 1761 τε
740 1706 785 1762 καλ
797 1699 871 1782 παρδ

95 1796 180 1864 ξένοις·
195 1797 240 1855 καὶ
255 1794 336 1856 ὁπότε
351 1791 395 1852 διδ
408 1795 460 1851 τῶν
475 1795 616 1853 στενωπῶν
631 1791 783 1872 πορεύοιντο
800 1792 870 1851 κατδι

95 1883 243 1962 συστροφὰς
259 1883 306 1941 καί
321 1879 436 1961 ἑταιρίας
449 1881 537 1960 άθρόαι
560 1877 710 1958 διεξῄεσαν,
733 1878 803 1942 ὥστε
823 1880 869 1941 καί

96 1971 173 2048 λόγον
192 1971 243 2045 ἤδη
262 1971 378 2049 γίνεσθαι
405 1970 467 2049 περλ
488 1970 575 2029 αὐτῶν
595 1969 645 2029 aab
668 1968 715 2042 τῆν
729 1970 805 2032 πόλιν
824 1969 870 2030 καί

97 2060 208 2143 ὑποψίας
231 2061 352 2128 ἀτόπους.
396 2057 445 2120 Ἐν
468 2055 497 2117 δὲ
510 2056 595 2138 τούτῳ
618 2057 794 2141 προσέρχεται
816 2063 870 2127 τοῖς

97 2150 230 2217 ὑπάτοιςὺ
245 2144 467 2214 κατασκευασθεὶς
482 2145 534 2205 aab
548 2151 594 2206 τοῦ
604 2145 709 2207 Τύλλου
734 2147 868 2224 μηνυτὴς,

97 2241 154 2304 ebed
166 2237 286 2319 Μάρκιος
301 2235 429 2313 ὑπίθετο,
444 2233 491 2295 καλ
510 2237 546 2302 ὡς
559 2232 592 2306 δὴ
614 2233 761 2316 ἀπόρρητον
776 2238 870 2316 πρᾶξιν

97 2325 166 2384 κατά
187 2330 238 2385 τῶν
267 2330 348 2385 αὑτοῦ
372 2324 454 2407 φίλων
478 2324 580 2403 ἐχθροῖς
613 2320 718 2399 μέλλων
739 2322 871 2406 δκφίρειν,

96 2415 180 2496 όρκοις
192 2413 430 2490 καταλαμόάνιται
445 2408 505 2478 τούς
519 2409 632 2476 ὑπάτους
647 2409 713 2490 ὑπὲρ
728 2412 872 2492 ἀσφαλείας

96 2526 125 2562 τε
149 2507 196 2572 τῆς
209 2502 402 2580 [αύτδςψαὺτοῦ
428 2497 475 2559 καί
498 2502 545 2558 τοῦ
567 2497 670 2575 μηδένα
699 2499 872 2560 Οὐολούσκων

98 2596 205 2668 μαθεῖν,
220 2591 293 2658 όστις
311 2581 369 2662 ῆνὺ
385 2587 434 2660 τὴν
451 2587 562 2664 μήνυσιν
584 2591 644 2647 κατ’
664 2589 749 2647 αὐτῶν
761 2611 872 2663 πεποιη·

98 2681 183 2758 με’νος·
194 2681 240 2738 καὶ
254 2678 321 2758 μετὰ
331 2682 408 2738 τοῦτο
417 2674 591 2760 όπιφίρειτῆν
604 2675 665 2757 περὶ
675 2680 722 2747 τῆς
733 2677 872 2747 taratara<

96 2776 145 2841 τῆς
158 2766 370 2847 κατεψευσμένης
385 2765 508 2844 μήνυσιν.
551 2764 656 2826 Ἐδόκει
671 2773 724 2832 τοῖς
745 2767 869 2847 ἀνδράσιν

98 2859 196 2933 ἀληθὴς
209 2847 274 2918 εἶναι
292 2855 407 2935 θλόγος,
419 2854 465 2915 καλ
480 2853 576 2914 αὐτίκα
590 2857 608 2926 ἡ
624 2854 706 2933 βουλὴ
718 2856 778 2915 κατ’
790 2857 872 2936 άνδρα

98 2948 149 3007 ὑπὸ
162 2951 214 3006 τῶν
231 2945 339 3005 ὑπάτων
356 2945 485 3016 κληθεῖσα
506 2944 635 3020 συνῆκτο,
658 2941 704 3001 καλ
727 2943 873 3024 παραχθείς

42 3062 69 3091 .ι
97 3037 243 3114 θμηνυτὴς
264 3032 324 3100 τούς
347 3031 439 3098 αὐτούς
463 3022 520 3091 εἷπε
539 3031 585 3089 καί
609 3032 674 3112 πρὸς
695 3032 814 3104 ἱκείνην,
834 3032 869 3094 εδ

97 3125 177 3186 πιστδι
189 3123 296 3199 λαθών,
319 3120 418 3199 λόγους.
460 3122 525 3187 Τοῖς
540 3118 569 3178 δδ
585 3120 631 3180 καλ
646 3120 730 3181 πάλαι
744 3116 793 3198 μίν
804 3109 871 3181 εἶναι

97 3212 127 3273 τδ
137 3221 249 3291 πρᾶγμα
260 3210 344 3270 ἐδόκει
364 3205 460 3287 μεστδν
473 3207 604 3288 ὑποψίας,
617 3207 747 3280 τοσαύτην
762 3207 872 3282 νεότητα

98 3301 124 3370 ἐξ
138 3299 192 3368 ένδς
206 3301 292 3364 ἔθνους
312 3298 436 3379 διαφόρου
462 3294 551 3377 σφίσιν
576 3295 621 3355 inl
639 3294 686 3368 τὴν
704 3294 764 3355 θίαν
778 3297 871 3358 έλθεῖν·

96 3387 290 3468 προσελθούσης
306 3385 333 3445 δὲ
347 3385 500 3463 μηνύσεως,
514 3375 546 3457 ῆς
561 3384 610 3457 τὴν
626 3384 729 3459 ιἰπάτην
745 3386 869 3463 ἠγνόουν,

55 3502 68 3537 r,
97 3475 174 3555 ῑογὺν
201 3475 312 3555 βεύαίαν
331 3478 348 3545 ἡ
364 3473 426 3543 δόξα
449 3471 555 3535 ίλαόεν.
600 3471 704 3534 Ἐδόκει
724 3494 753 3530 τε
772 3469 871 3531 ἅπασιν

98 3564 275 3622 ἀπαλλάττειν
289 3561 348 3628 aab<
372 3561 468 3640 ἄνδρας
483 3563 513 3619 ἔκ
526 3564 573 3634 τῆς
594 3562 695 3629 πόλεως
719 3558 782 3641 πρίν
795 3559 870 3633 ἥλιον

98 3656 188 3726 ὢναι,
205 3651 258 3718 τοῖς
282 3649 309 3709 δέ
332 3649 369 3728 μὴ
394 3654 537 3709 πεισθεῖσιν
560 3649 718 3730 ἐπικηρύξαι
742 3647 863 3718 θάνατον,

97 3742 287 3818 ἐπιμεληθῆναι
306 3738 334 3798 dl
352 3742 400 3808 τῆς
423 3738 584 3818 ἀπαλλαγῆς
608 3739 707 3811 αὐτῶν,
732 3734 776 3795 ίνα
791 3737 873 3819 χωρὶς

96 3829 195 3910 ὑόρεως
208 3829 255 3887 καῖ
270 3827 327 3906 μετ’
345 3827 490 3909 ἀσφαλείας
501 3826 616 3905 γίνοιτο,
631 3827 691 3895 τοὺς
706 3827 830 3894 ὑπάτους.

62 3952 67 3979 ι
135 3920 186 3980 tv.
209 3919 304 3977 Ταῦτα
318 3918 364 3988 τῆς
381 3917 478 3996 βουλῆς
492 3914 693 3998 ψηφισαμένης,
709 3918 733 3974 ol
750 3913 797 3992 μὲν
812 3914 875 3988 taol-

37 4839 67 4878 60

97 4030 187 4089 ρυττυν
209 4005 251 4064 διδ
273 4008 325 4064 τῶν
349 4007 492 4065 στενωπῶν
512 4003 647 4074 διεξιόντες
676 4003 784 4064 άπιέναι
805 4007 873 4067 Ούο-

94 4097 220 4160 λούσκους
244 4096 274 4153 ἐκ
291 4096 337 4164 τῆς
361 4092 464 4162 πόλεως
488 4092 582 4154 αι’ντύια
610 4095 683 4171 μάλα
710 4093 780 4155 κατὰ
808 4095 873 4172 μίαν

96 4186 214 4249 ἅπαντας
232 4181 346 4253 ἐξιόντας
366 4183 452 4258 πύλην
468 4181 517 4255 τὴν
537 4184 704 4263 καλουμένην
720 4179 871 4258 Καπυΐνην·

98 4274 180 4351 ἕτεροι
194 4272 221 4332 δὲ
233 4270 407 4354 παρέπεμπον
418 4270 478 4340 τυὺς
488 4273 737 4352 ἀπαλλαττομένους
748 4271 806 4351 άμα
820 4274 874 4342 τοῖς

95 4365 209 4430 ὑπάτοις·
223 4362 285 4425 ἔνθα
301 4363 420 4441 μάλιστα
431 4360 505 4442 ὤφθη
516 4361 578 4424 ὅσον
588 4365 674 4424 αὐτῶν
687 4362 718 4422 τδ
732 4364 830 4435 πλῆθος
840 4355 872 4437 ῆν

94 4451 138 4510 καὶ
151 4455 186 4519 ιὺς
204 4453 320 4528 άκμαῖον
340 4449 482 4525 ἁπάντων,
493 4453 537 4532 ὑφ’
550 4449 598 4512 ένα
616 4454 708 4533 καιρδν
723 4451 794 4511 κατδι
809 4452 872 4527 μίαν

95 4540 212 4609 ἐξιόντων
229 4540 326 4614 πύλην.
371 4542 482 4622 Πρῶτος
495 4541 522 4601 δέ
544 4541 658 4601 αὖτῶνό
678 4539 782 4606 Τύλλος
801 4539 873 4619 ἐξῄει

95 4628 137 4685 δι’δι
151 4630 271 4707 ταχέων,
285 4629 332 4688 καλ
355 4628 517 4689 καταλαόὼν
533 4631 563 4690 οὗ
581 4628 673 4711 πρόσω
697 4633 746 4703 τῆς
772 4629 874 4696 πόλεως

94 4715 173 4774 τόπον
189 4717 343 4792 ἐπιτήδειον,
359 4718 385 4777 δν
397 4717 483 4799 τούτῳ
495 4718 554 4788 ταὺς
568 4721 745 4800 ὑστεροῦντας
758 4720 872 4799 άνελάμ·

95 4802 183 4861 όανεν.
225 4802 337 4876 Ἐπειδὴ
357 4805 385 4865 δδ
398 4807 497 4874 πάντες
519 4807 705 4888 συνήχθησαν,
726 4808 872 4882 ίκκλησίαν

94 4892 270 4969 ποιησάμενος
293 4895 380 4976 πολλῆ
403 4896 525 4979 καταόοῇ
544 4901 591 4970 τῆς
604 4896 749 4976 Ῥωμαίων
770 4900 873 4969 πόλεως

94 4983 243 5061 ἐχρήσατο,
258 4981 344 5055 δεινῆν
354 4982 400 5043 καλ
411 4986 542 5067 δφόρητον
554 4986 708 5068 ἀποφαίνων
717 4986 767 5060 τὴν
782 4986 871 5070 θόρεν,

95 5068 126 5140 ῆν
141 5069 294 5152 ὑόριαμένοι
319 5069 385 5151 πρδς
407 5074 496 5134 αὐτῶν
521 5065 590 5149 ἦσαν
610 5077 774 5138 Οὐολοῦσκοι
794 5074 871 5154 μόνοι

84 5158 137 5215 τῶν
147 5158 235 5218 ἄλλων
254 5159 334 5230 ξένων
347 5156 510 5232 όξελαθίντες
523 5165 554 5224 ia
568 5166 617 5238 τῆς
628 5162 748 5235 πόλεως·
762 5161 810 5225 καὶ
824 5162 870 5226 λί-

173 5276 285 5317 aronssu.

1634 360 1694 420 ctu

919 490 931 512 a
949 470 1035 522 orbern
1051 485 1211 537 aggressuros
1233 478 1259 528 et
1274 475 1331 528 ideo
1347 479 1445 530 tanturn
1463 493 1548 533 corum
1568 499 1696 540 numerum

920 589 932 612 ν
947 570 973 622 iu
988 571 1074 625 urbem
1088 575 1240 628 convenisse.
1275 581 1349 631 certo
1360 582 1426 633 enirn
1442 584 1521 647 scias,
1539 587 1559 636 si
1581 587 1630 639 hoc
1650 605 1695 641 au·

923 696 936 720 ι
953 676 1055 740 dierint,
1069 680 1098 730 ut
1109 679 1162 731 siue
1176 681 1226 732 ulla
1240 686 1395 737 cunctatione
1415 701 1461 739 sos
1473 703 1503 740 ex
1515 691 1576 742 urbe
1591 694 1696 758 pellant,

922 802 935 825 s
951 786 1026 848 atque
1041 783 1076 835 ita
1090 785 1134 836 ira
1147 787 1219 839 iusta
1232 803 1332 841 causam
1345 793 1478 857 prebeant.
1497 818 1508 841 υ

954 1030 997 1079 tu.
1013 1030 1114 1094 Tullus,
1134 1033 1173 1084 bis
1189 1037 1295 1100 auditis,
1312 1042 1402 1094 mirum
1425 1045 1450 1095 iu
1474 1047 1575 1098 modum
1599 1049 1699 1102 tataros

923 1127 977 1185 est,
987 1127 1062 1190 atque
1074 1129 1229 1194 expeditione
1243 1134 1328 1193 diluta.
1339 1138 1363 1187 iu
1378 1137 1434 1190 belli
1449 1147 1592 1205 apparatum
1606 1144 1699 1194 lucum·

925 1221 1006 1272 bebat.
1040 1224 1133 1276 Deinde
1147 1241 1203 1278 curn
1218 1234 1314 1296 ternpus
1326 1234 1440 1286 ludorum
1455 1240 1569 1299 venisset,
1585 1246 1610 1292 el
1621 1243 1699 1294 tulius

927 1330 957 1368 ac
972 1317 1086 1371 Pinarius
1100 1325 1255 1378 consulatum
1274 1330 1322 1381 iam
1335 1333 1460 1395 iniissent,
1479 1336 1611 1388 lectissima
1624 1341 1698 1391 Vols-

926 1434 1013 1475 corum
1027 1425 1144 1481 inventus
1161 1446 1192 1483 ex
1209 1433 1325 1484 omnibus
1338 1434 1487 1495 civitatibus,
1506 1443 1606 1490 auctore
1619 1442 1699 1503 Tullo,

927 1520 959 1571 ad
975 1522 1088 1578 ludorum
1108 1534 1275 1595 spectaculum
1293 1534 1376 1596 scnit3
1392 1550 1524 1602 eorumque
1543 1542 1621 1602 major
1643 1556 1700 1607 pars

926 1618 1024 1672 divertit
1039 1623 1064 1674 iu
1080 1625 1134 1677 loca
1146 1642 1215 1681 sacra
1227 1634 1253 1681 et
1268 1630 1381 1695 publiea,
1393 1633 1461 1695 quod
1482 1634 1590 1699 hospitia
1606 1638 1701 1699 privata

928 1729 977 1767 non
990 1718 1131 1773 sufficerent
1158 1726 1191 1777 ad
1212 1741 1298 1779 omues
1316 1731 1483 1795 recipiendos3
1508 1739 1533 1783 et
1547 1734 1645 1796 quotics
1657 1748 1702 1800 per

929 1822 982 1875 vias
996 1824 1080 1887 ibant,
1094 1830 1237 1881 catervatim
1252 1836 1278 1883 et
1287 1834 1416 1885 confertim
1431 1835 1574 1900 trequentes
1588 1837 1700 1888 ambula-

929 1924 1001 1990 bant,
1012 1928 1049 1978 ita
1061 1932 1090 1980 ut
1098 1944 1141 1995 per
1151 1934 1228 1984 totam
1237 1934 1323 1986 urberu
1339 1935 1389 1986 iam
1402 1937 1486 2000 sugens
1497 1941 1579 1988 esseut
1589 1952 1702 1992 murmur

929 2024 1004 2085 alque
1017 2025 1177 2089 suspiciones.
1198 2031 1294 2081 Interea
1304 2029 1483 2082 indcxaTullo
1490 2031 1640 2083 subornatus
1650 2034 1704 2088 adit

929 2121 1056 2182 eonsules,
1079 2129 1108 2174 ut
1119 2127 1226 2179 Marcius
1242 2131 1386 2190 monuerat,
1399 2132 1426 2179 et
1438 2129 1509 2192 quasi
1525 2143 1577 2180 reru
1594 2130 1702 2195 aliquam

928 2223 1048 2271 secretam
1063 2226 1150 2274 contra
1160 2227 1252 2278 amicos
1263 2227 1376 2280 hostibus
1390 2227 1572 2290 declaraturus,
1589 2231 1703 2282 consules

928 2311 1085 2367 iureiurando
1097 2317 1241 2384 obstringit,
1255 2325 1285 2374 ut
1297 2336 1349 2373 suae
1363 2322 1437 2373 saluti
1457 2325 1627 2389 consulerent,
1641 2340 1704 2378 uere

930 2409 986 2471 quis
999 2410 1146 2464 Volscorurn
1161 2417 1319 2480 rescisceret,
1337 2417 1450 2481 quisnam
1466 2419 1571 2482 luisset,
1587 2421 1630 2484 qui
1643 2422 1704 2474 indi-

931 2502 1064 2557 ciacoutra
1076 2508 1141 2572 ipsos
1158 2510 1308 2564 detulisset:
1323 2516 1349 2562 et
1368 2513 1423 2563 tutu
1436 2513 1538 2564 demum
1559 2514 1630 2565 lictas
1649 2516 1704 2567 illas

930 2601 1032 2657 iusidias
1043 2606 1151 2660 declarat
1193 2608 1337 2660 senuoiltls
1352 2621 1427 2659 verus
1441 2609 1581 2673 videbatur,
1599 2625 1629 2661 ac
1647 2626 1704 2663 mox

930 2699 1022 2752 viritim
1034 2717 1050 2754 a
1060 2706 1205 2757 consulibus
1218 2708 1319 2757 senatus
1335 2707 1437 2756 coactus
1456 2709 1533 2758 estet
1552 2708 1625 2760 iudex
1646 2722 1704 2773 pro·

929 2795 1036 2860 ductus,
1052 2805 1200 2865 acceptoque
1213 2801 1261 2852 lide
1275 2800 1335 2851 buic
1354 2815 1454 2864 quoque
1467 2802 1535 2854 idem
1558 2804 1702 2856 declararit.

931 2893 982 2944 lllis
993 2908 1051 2946 raro
1064 2900 1090 2947 et
1098 2897 1243 2962 iampridem
1258 2909 1298 2950 res
1312 2898 1459 2963 suspicionis
1480 2900 1550 2964 plena
1564 2901 1705 2965 videbatur,

929 2988 997 3051 quod
1011 2991 1080 3041 nuta
1093 2990 1226 3042 multitudo
1236 2991 1373 3044 iuventutis
1388 3005 1420 3042 εκ
1439 3007 1487 3043 una
1507 2997 1579 3057 geute
1592 2995 1636 3045 sibi
1655 2996 1702 3047 iui-

930 3081 994 3133 mica
1012 3083 1044 3134 ad
1056 3085 1223 3149 spectaculum
1240 3086 1366 3145 venissen
1390 3089 1416 3137 et
1434 3088 1566 3139 accedente
1579 3088 1627 3140 hoc
1640 3089 1706 3142 indi-

930 3176 985 3238 cio,
999 3177 1071 3231 cuius
1084 3181 1197 3232 troadem
1209 3181 1370 3246 ignorabant,
1385 3182 1467 3248 opinio
1478 3184 1519 3233 illa
1533 3183 1605 3234 valde
1617 3185 1706 3236 contir-

929 3280 997 3329 mata
1009 3281 1056 3331 est.
1090 3279 1234 3344 placuitque
1252 3279 1381 3342 omuibus,
1396 3284 1426 3330 nt
1442 3295 1474 3332 ex
1488 3281 1549 3333 urbe
1559 3283 1707 3334 excederent

929 3377 1013 3426 Volsci
1034 3379 1091 3427 ante
1112 3378 1171 3427 sotis
1185 3391 1316 3439 occasum,
1336 3381 1362 3429 el
1383 3379 1429 3441 iis,
1441 3379 1485 3443 qul
1499 3394 1585 3445 parere
1597 3382 1705 3446 nollent,

929 3485 1009 3536 poena
1022 3472 1134 3537 ospitalis
1146 3487 1190 3537 per
1208 3487 1346 3538 preconem
1360 3474 1546 3529 denuntiaretur
1560 3491 1567 3521 τ
1583 3480 1707 3529 utentem

929 3568 983 3618 siue
997 3569 1048 3619 ulla
1061 3569 1209 3620 contumelia
1232 3573 1258 3621 et
1273 3572 1329 3621 tulo
1341 3570 1496 3625 discederent
1508 3574 1622 3626 consules
1633 3589 1707 3627 cura·

928 3668 991 3716 rent.

962 3925 1003 3974 tv.
1020 3925 1074 3976 ltoc
1092 3924 1308 3978 senatusconsulto
1319 3925 1401 3990 lacto,
1417 3939 1544 3992 precones
1562 3941 1606 3992 per
1621 3930 1705 3980 omnia

930 4031 1140 4098 compitadiusissl
1153 4033 1272 4096 suut,qui
1282 4033 1407 4086 edicerent
1418 4073 1425 4095 ,
1438 4038 1467 4085 ut
1482 4034 1589 4086 Volscis
1601 4036 1707 4101 vestigio

930 4152 959 4191 ea
969 4139 1032 4191 urbe
1040 4138 1202 4199 dlsoedereut,
1214 4140 1288 4202 atque
1295 4151 1381 4190 omues
1389 4151 1514 4203 peronam
1525 4143 1622 4205 portam
1632 4144 1707 4208 cape·

929 4257 987 4295 nam
996 4241 1170 4306 egrederentur
1184 4260 1191 4290 :
1204 4241 1245 4293 alii
1259 4256 1318 4294 vero
1329 4256 1387 4294 cum
1399 4243 1545 4295 consulibus
1555 4259 1599 4296 cos
1612 4246 1706 4297 abeun-

929 4351 968 4399 tes
982 4346 1143 4400 doducebaut.
1176 4347 1245 4396 Tunc
1258 4345 1363 4398 marinae
1374 4346 1503 4411 apparuit,
1517 4351 1625 4411 quantus
1639 4351 1706 4400 esset

927 4465 1014 4505 eorum
1028 4455 1185 4503 numerasset
1203 4453 1323 4515 quantum
1343 4454 1410 4502 esset
1422 4451 1534 4502 omnium
1555 4452 1638 4514 robur,
1657 4465 1706 4502 uuo

927 4554 1063 4618 eodemque
1086 4556 1195 4618 ternpore
1215 4555 1242 4604 cl
1268 4564 1407 4616 perunum
1430 4557 1527 4616 portam
1553 4551 1705 4607 exeuntium.

927 4660 1025 4713 Primus
1038 4674 1097 4712 vero
1116 4657 1308 4711 Tullusexiarst
1332 4669 1447 4721 propere,
1467 4660 1494 4707 et
1515 4658 1635 4718 occupato
1656 4668 1703 4703 uon

926 4763 1011 4828 procul
1022 4762 1054 4813 ab
1063 4761 1124 4813 urbe
1136 4761 1191 4812 loco
1202 4759 1302 4821 idoneo,
1316 4757 1359 4810 hic
1380 4757 1524 4809 recedentes
1548 4754 1702 4818 excipiebam

926 4864 1018 4931 qulbus
1035 4865 1060 4917 iu
1074 4879 1153 4916 unum
1169 4863 1326 4926 convocatis,
1348 4875 1438 4924 magno
1454 4861 1560 4911 elamore
1578 4861 1703 4907 nomano-

926 4982 983 5019 mm
993 4966 1121 5019 οἰνὶιιῑεω
1141 4966 1281 5028 accusarit,
1299 4967 1409 5018 atrocem
1426 4965 1503 5027 atque
1523 4955 1702 5010 intolerabilem

926 5069 994 5123 iltius
1006 5069 1155 5123 denuntians
1165 5068 1298 5135 biurisnr,
1312 5079 1363 5132 qua
1370 5065 1416 5116 solt
1426 5063 1491 5115 tuter
1502 5072 1588 5110 omnes
1598 5060 1658 5111 alios
1669 5074 1703 5113 ex

925 5170 987 5227 urbs
1001 5169 1087 5238 pulsos
1104 5168 1188 5223 Vulsci
1205 5165 1292 5223 sliectl
1309 5165 1423 5219 luissent.
1457 5160 1553 5215 Deinde
1564 5161 1702 5214 arbitratus

1575 5260 1606 5306 29
