3772 5828
218 326 279 386 oet

217 484 230 510 ι
246 460 272 516 ἐν
287 460 325 535 τῷ
340 455 501 536 προσήκοντι
513 456 655 518 καλοῦντις
669 451 780 512 ίκαστον
795 454 882 533 τόπῳ.
904 454 993 535 Τριῶν

218 575 230 597 ι
246 546 273 604 δέ
288 542 500 621 ἀποδειξαμένων
517 542 625 620 γνώμας
640 540 797 623 διαφόρους,
819 541 954 602 Κλαυδίου
967 564 996 601 τε

219 634 292 694 ικαὶ
317 631 479 714 Κορνηλίου,
505 630 551 691 καί
578 631 726 709 Οθαλιρίου
750 629 917 705 τελευταίου,
944 631 996 690 διέ-

220 752 232 774 «
247 747 330 802 γνωτε
350 721 411 800 περὶ
440 724 525 780 αὐτῶν
554 724 627 796 ὑμεῖς
656 721 680 778 οἱ
705 718 801 792 λοιποί,
825 720 871 778 καί
893 716 996 800 παριάιν

181 820 193 857 ⁵
222 842 233 865 ι
249 813 358 879 έκαστος
374 809 527 890 ἀπεφήνατο
544 808 651 867 πάντων
674 800 854 888 ἀκουόντωνῇ
872 811 997 887 προσετί-

220 928 232 953 s
249 906 307 962 θςτα
320 898 425 978 γνώμη.
471 894 607 955 Ἁπάντων
620 895 652 967 δὴ
667 897 811 977 γεγονότων
826 897 896 956 κατδι
907 896 997 975 νόμον,

220 989 338 1060 «ἐπειδὴ
365 994 418 1055 τοῖς
444 984 560 1044 πλείοσιν
584 987 658 1060 ὑμῶν
683 985 828 1065 Κορνήλιος
857 982 942 1044 ἐδόκει
963 984 997 1045 τδι

221 1076 375 1157 ικράτιστα
401 1075 560 1143 ὑποθέσθαι,
584 1076 676 1132 τοῦτον
700 1072 894 1152 ἀπερηνάμεθα
920 1079 996 1130 νικᾶν

220 1164 291 1224 «καί
316 1164 364 1237 τὴν
387 1165 588 1243 ἀποδειχθεῖσαν
610 1161 662 1220 θπθ
684 1161 778 1220 τούτου
793 1159 902 1240 γνώμην
929 1161 998 1240 γρά-

168 1268 192 1306 ιο
219 1257 342 1334 «ψαντες
364 1252 517 1333 δκρέρομιν.
562 1248 707 1329 Οὐαλέριος
717 1247 745 1308 il
760 1251 842 1308 solut
858 1248 917 1325 μετ’
930 1249 999 1308 ἀκτί-

219 1369 231 1395 s
248 1365 292 1400 νου
309 1345 484 1414 συνεστῶτες,
502 1341 563 1400 όταν
578 1337 652 1398 αιἰτοί
665 1338 780 1418 τύχωσιν
792 1336 908 1407 ἔξουσίας
923 1340 995 1397 ὑπα-

220 1459 231 1482 «
246 1435 335 1502 τικῆς,
351 1429 425 1496 δίκας
440 1429 462 1485 τ’
476 1427 528 1500 ἤδη
543 1426 617 1494 τίλας
631 1428 743 1507 ίχούσας
756 1425 892 1494 ἀναδίκους
906 1427 997 1486 ποιεί-

221 1547 234 1572 s
247 1543 352 1593 τωσαν,
378 1519 422 1577 liv
461 1519 546 1582 αὐτοῖς
579 1516 653 1597 φίλον
679 1509 712 1597 ᾖ,
748 1515 794 1576 καί
830 1516 996 1597 βουλεύματα

220 1635 232 1658 ι
247 1606 424 1685 διεγνωσμένα
445 1607 496 1663 ὑπὸ
510 1605 616 1664 πάντων
632 1609 704 1682 ὑμῶν
727 1605 811 1685 ἀκυρα
827 1603 995 1663 καθιστάτω-

166 1705 190 1745 Ισ
218 1721 230 1746 ι
246 1717 305 1754 σαν.
320 1724 331 1746 ι
347 1697 442 1755 Ταῦτα
455 1691 555 1762 εἰπὼν,
571 1693 617 1751 καί
631 1692 675 1750 τὸν
688 1691 851 1808 γραμματέα
869 1690 995 1759 κελεύσας

218 1784 366 1862 ἀναγνῶναι
389 1782 420 1841 τὸ
440 1780 642 1861 προύούλευμα,
658 1783 686 1840 έν
708 1807 730 1862 ῳ
749 1781 798 1854 τὴν
820 1777 993 1861 καταγραρὴν

217 1874 262 1929 τοῦ
290 1877 401 1949 στρατοῦ
424 1869 470 1929 καί
491 1869 539 1940 τὴν
560 1869 703 1949 ἡγεμονίαν
730 1873 776 1927 τοῦ
798 1868 916 1946 πολέμου
935 1865 993 1934 τοθς

218 1959 282 2017 δέκα
297 1957 461 2040 παραλαόεῖν
475 1959 616 2029 έτέτακτο,
634 1957 737 2017 διέλυσε
750 1957 795 2016 τὸν
812 1957 948 2034 σύλλογον.

258 2050 347 2109 ΧΧΙΙ.
372 2048 447 2108 lissi
469 2052 547 2106 τοῦτο
564 2049 587 2105 οί
603 2046 651 2123 μέν
673 2052 720 2118 τῆς
736 2048 907 2126 ὀλιγαρχικῆς
923 2047 993 2103 ίται·

165 2145 190 2183 2⁰
220 2135 276 2214 ρίας
291 2136 400 2215 σοάαροί
416 2134 460 2194 καί
475 2141 579 2216 θρασεῖς
591 2135 750 2215 περιῄεσαν,
765 2137 800 2198 ab<
812 2133 844 2206 δὴ
859 2133 992 2213 κρείττους

217 2227 268 2282 τῶν
289 2225 383 2302 ἑτέρων
407 2224 557 2302 γεγονότες,
578 2223 623 2283 καὶ
646 2224 872 2304 διαπεπραγμένοι
897 2221 992 2301 μηκέτι

217 2315 397 2382 καταλυθῆναι
417 2315 489 2393 σρῶν
508 2312 556 2386 τὴν
590 2312 760 2385 δυναστείαν,
783 2310 888 2371 έπειδάν
923 2309 993 2380 ἀπαξ

216 2399 305 2460 ὅπλων
319 2399 365 2459 καὶ
386 2410 511 2481 στρατιᾶς
530 2400 658 2480 γίνωνται
679 2402 777 2482 κύριοι·
797 2403 820 2459 υί
836 2399 863 2459 δέ
879 2398 913 2459 τά
928 2397 994 2478 βέλ-

218 2509 294 2548 τιστα
308 2493 346 2570 τῷ
366 2494 446 2564 κοινῷ
467 2495 619 2571 φρονοῦντες
641 2492 754 2570 ἀνιαρῶς
770 2488 927 2568 διακείμενοι
949 2488 995 2548 καὶ

163 2585 188 2626 ¹⁵
218 2576 383 2657 περιρόόως,
405 2581 440 2644 ῶς
462 2579 565 2646 υῦδενδς
584 2583 637 2638 τῶν
655 2582 747 2638 κοινῶν
773 2578 812 2638 ίτι
826 2577 995 2659 γενησόμενοι

217 2666 317 2746 κύριοι·
329 2667 375 2727 καί
390 2666 530 2737 διέστησαν
542 2669 578 2734 είς
590 2667 658 2749 μέρη
676 2666 773 2738 πολλά,
786 2671 837 2727 τῶν
857 2667 904 2745 μίν
917 2667 994 2746 ἀγεν-

216 2754 343 2834 νεστέρων
358 2753 404 2823 τάς
420 2755 508 2836 ρύσιις
522 2754 628 2815 ἅπαντα
643 2756 788 2837 συγχωρεῖν
807 2763 861 2824 τοῖς
878 2757 992 2836 κρατοῦ-

217 2864 258 2901 σιν
279 2843 517 2921 ἀναγκαζομένων,
533 2846 578 2904 καί
597 2844 754 2921 κατανέμειν
770 2842 877 2912 ἑαυτοὺς
899 2844 935 2911 εἷς
948 2841 994 2910 τάς

215 2933 386 3014 ὀλιγαρχικός
409 2931 539 3010 ἑταιρίας·
555 2936 607 2992 τῶν
627 2932 655 2990 δέ
675 2924 754 3003 ἧττον
775 2932 909 3012 ψοροδεῶν
935 2932 994 3011 ἀρι-

162 3038 188 3078 nn
216 3023 353 3098 σταμίνων
367 3025 413 3091 τῆς
428 3019 493 3098 ὑπέρ
510 3023 563 3079 τῶν
584 3022 676 3079 κοινῶν
699 3021 846 3099 ρροντίδος,
861 3020 907 3079 καί
922 3019 991 3099 [τίς]

215 3113 259 3171 τόν
284 3111 446 3190 ἀπράγμονα
480 3107 536 3187 βίον
563 3107 832 3185 μεθαρμοττομένων·
865 3105 933 3175 όσοις
963 3109 992 3167 δέ

215 3200 281 3259 πολὺ
305 3200 334 3258 τὸ
356 3208 472 3274 γενναῖον
499 3199 525 3254 ἐν
541 3199 595 3264 τοῖς
617 3194 721 3276 τρόποις
742 3187 774 3267 ἦν
789 3195 855 3263 ἰδίας
876 3196 992 3276 ἑταιρίας

215 3286 482 3363 κατασκευαζομένων
506 3285 552 3344 καί
577 3285 793 3367 συμρρυνούντων
816 3285 860 3345 ἐπί
885 3287 988 3367 φυλακῇ

214 3403 242 3438 τε
258 3379 379 3448 ἀλλήλοιν
393 3376 438 3434 καί
449 3375 609 3451 μεταστάσει
621 3379 667 3444 τῆς
680 3372 822 3442 πολιτείας.
836 3373 944 3435 Τούτων
961 3374 989 3434 δὲ

161 3481 187 3520 an
214 3472 265 3525 τῶν
281 3470 401 3546 ἑταιριῶν
415 3462 540 3542 ἡγεμόνες
562 3455 630 3537 ἦσαν
652 3465 675 3521 oi
691 3465 792 3543 πρῶτον
809 3463 988 3540 τολμήσαντες

215 3559 241 3614 ἐν
259 3560 298 3637 τῷ
317 3554 441 3633 συνεδρίῳ
469 3553 528 3634 περί
553 3550 723 3619 καταλύσεως
741 3557 789 3625 τῆς
813 3551 989 3634 δεκαδαρχίας

215 3648 314 3717 εἰπεῖν,
344 3643 452 3711 Αεύκιος
478 3643 623 3721 Οὐαλέριος
653 3644 697 3702 καί
717 3645 825 3721 Μάρκος
847 3640 986 3723 Ὁράτιος,

215 3732 375 3814 ρραξάμενυί
391 3758 418 3791 τε
433 3733 478 3798 τάς
497 3731 582 3798 οἰκίας
601 3730 691 3798 ὅπλοις
715 3732 760 3791 καί
775 3730 894 3813 φυλακὴν
916 3736 990 3810 θερα·

215 3825 316 3882 πόντων
329 3822 374 3880 καί
388 3824 510 3880 πελατῶν
526 3819 655 3900 καρτερὰν
675 3819 735 3902 περί
752 3821 858 3888 έαυτοῦς
867 3820 989 3901 ἔχοντες,

161 3913 188 3951 ⁴⁰
215 3915 249 3975 ῶς
265 3913 332 3985 μήτε
346 3935 371 3967 τι
387 3912 416 3968 ἔκ
430 3914 476 3968 τοῦ
494 3909 577 3987 βιαίου
592 3910 684 3967 παθεῖν
707 3913 802 3985 μηθὲν,
819 3910 881 3987 μήτ’
902 3913 931 3970 ἐκ
946 3919 991 3971 τοῦ

216 3999 301 4056 δολίου
312 3998 390 4075 [μήτ’
403 4002 433 4057 ἐκ
446 4004 490 4056 τοῦ
507 4003 617 4076 φανεροῦ
634 3997 733 4056 δειλίαν
747 4003 989 4077 καταγνωσθῆναι].

214 4085 309 4150 Ὅσας
322 4085 349 4142 δέ
361 4085 420 4146 ούτε
440 4085 591 4166 θεραπεύειν
606 4085 654 4158 τὴν
671 4090 724 4145 τῶν
741 4085 906 4165 κρατούντων
922 4087 992 4155 ἐξου.

216 4172 274 4230 σίαν
300 4174 464 4250 βουλομένοις
495 4167 542 4247 ἦν,
569 4173 628 4234 οὔτε
656 4176 767 4252 μηδενὸς
792 4176 992 4258 ἐπιστρέφεσθαι

215 4267 266 4321 τῶν
282 4265 391 4333 κοινῶν,
406 4262 451 4321 καί
467 4265 493 4321 ἐν
513 4263 641 4345 ἀπράκτῳ
663 4267 709 4333 ζῆν
725 4263 824 4343 ἡσυχία
839 4266 919 4323 καλὸν
935 4268 991 4327 ἐδό-

162 4364 186 4402 ti
215 4374 271 4422 κει,
287 4352 410 4425 πολεμεῖν
425 4374 453 4410 τε
469 4353 517 4410 ἀνθ
535 4353 630 4431 κράτος
651 4353 777 4424 ἀνόητον,
792 4352 849 4411 ἐπεὶ
869 4360 991 4434 καθαιρε-

215 4444 291 4509 θῆναι
316 4438 469 4496 δυναστείαν
495 4439 655 4513 τηλικαύτην
692 4444 720 4500 οὐ
753 4442 842 4520 ῥᾴδιον
874 4444 991 4523 ἔραίνετο

215 4522 296 4599 εἶναι,
311 4528 450 4587 κατέλιπον
464 4528 510 4598 τὴν
523 4530 610 4589 πόλιν.
631 4528 756 4609 Ἥγεμὼν
775 4530 802 4588 δέ
816 4530 914 4590 τούτων
925 4534 991 4616 ἀνὴρ

214 4610 245 4690 ἦν
260 4617 387 4699 ἐπιφανὴς
407 4617 485 4683 Γάϊος
507 4617 654 4690 Κλαύδιος,
674 4624 687 4676 ό
710 4624 756 4677 τοῦ
782 4621 989 4700 κορυφαιοτάτου

213 4713 259 4779 τῆς
280 4707 454 4786 δεκαδαρχίας
474 4705 585 4764 Ἀππίου
609 4711 693 4782 θεῐυς,
713 4710 833 4786 ἐμπεδῶν
855 4711 902 4777 τὰς
926 4713 989 4769 ὑπο·

161 4814 186 4852 νυ
214 4798 330 4876 σχέσεις,
350 4796 378 4862 ἀς
393 4796 436 4854 ἐπὶ
451 4801 498 4866 τῆς
513 4797 607 4872 βουλῆς
622 4797 764 4868 ἐποιήσατο
777 4799 840 4875 πρὸς
854 4799 898 4856 τὸν
913 4801 989 4857 ἀδελ-

214 4888 317 4961 φιδοῦν,
348 4885 388 4943 ότε
406 4888 480 4944 αὐτόν
508 4883 650 4942 ἀποθέσθαι
671 4886 717 4957 τὴν
740 4888 824 4966 ἀρχὴν
842 4888 918 4955 ἀξιῶν
942 4891 988 4947 οὐκ

213 4971 325 5033 ἔπειτεν.
366 4976 520 5034 Ἠκολούθει
548 4974 574 5031 δέ
603 4976 674 5053 αὐτῷ
698 4975 778 5039 πολὺς
805 4974 851 5047 μὲν
879 4973 987 5053 ἑταίρων

211 5058 303 5135 ὄχλος,
318 5063 398 5127 πολύς
415 5064 442 5120 δὲ
458 5067 589 5123 πελατῶν.
620 5061 722 5122 Τούτου
739 5063 766 5119 δὲ
782 5062 926 5139 ἀρξαμένου
942 5063 987 5121 καί

210 5145 240 5202 τὸ
259 5149 322 5207 ἄλλο
344 5152 478 5210 πολιτικὸν
505 5155 603 5221 πλῆθος
626 5149 711 5210 οὐκέτι
737 5151 820 5228 λάθρα
849 5150 894 5209 καὶ
918 5151 987 5210 κατδι

738 319 906 382 Dionysii
928 319 1312 382 nanlcaltllasslinsls

1052 481 1064 505 κ
1084 458 1202 510 claudius
1227 461 1253 510 et
1280 456 1409 508 cornelius
1434 455 1508 518 atque
1540 452 1655 505 valerius
1674 452 1841 516 μοειςειιιυε,

1050 571 1063 596 s
1082 551 1217 602 sententias
1235 549 1381 600 differentes
1399 545 1561 612 protulerint,
1577 557 1624 594 ros
1642 541 1736 604 relicui
1760 543 1797 592 de
1813 541 1844 592 ris

1052 661 1065 686 α
1079 639 1230 706 cognovistis
1256 643 1283 690 et
1307 637 1478 702 unusquisque
1495 637 1626 694 restrum,
1651 631 1778 684 omnibus
1800 644 1843 681 au-

1051 753 1064 777 ι
1079 732 1211 790 dicniibos,
1226 730 1368 793 declaravit,
1381 729 1408 779 in
1419 740 1494 792 quam
1506 724 1656 777 sententiam
1673 726 1732 776 iret
1747 724 1842 777 omui·

1053 846 1065 870 κ
1081 827 1127 876 bus
1150 824 1224 888 igitur
1248 822 1324 873 rebus
1344 820 1453 885 legitime
1469 818 1593 884 peractis,
1620 816 1725 882 quando
1751 816 1841 880 majori

1054 939 1066 963 ι
1081 922 1194 969 vestrum
1206 917 1271 982 parti
1287 914 1416 965 Cornelius
1440 911 1561 977 optimum
1577 910 1713 961 consilinm
1738 910 1841 962 dedisse

1053 1032 1065 1056 s
1081 1013 1150 1062 risus
1163 1015 1214 1072 est,
1231 1011 1298 1060 hunc
1317 1005 1645 1072 vincerepronuneiamus,
1672 1006 1839 1057 senteutiam·

1053 1126 1066 1149 «ι
1079 1120 1129 1171 que
1145 1106 1200 1169 ejus
1214 1103 1331 1168 scriptam
1347 1100 1474 1153 efferimus
1490 1116 1522 1153 ac
1540 1102 1758 1166 promulpomus.
1786 1102 1839 1151 lla·

1054 1219 1067 1243 ι
1080 1197 1155 1249 terius
1180 1210 1248 1256 vero,
1263 1198 1292 1246 ic
1309 1193 1351 1259 qui
1372 1194 1425 1257 ejus
1439 1192 1550 1258 pertibus
1576 1193 1678 1253 tareni,
1693 1206 1776 1256 quum
1790 1191 1837 1257 ipd

1054 1312 1066 1335 ιι
1082 1291 1238 1342 consularem
1251 1290 1399 1353 potestatem
1414 1287 1506 1338 tuerint
1529 1286 1622 1351 adepti,
1649 1287 1728 1349 tunc,
1745 1286 1768 1336 si
1788 1284 1838 1336 illia

1053 1380 1368 1449 «inpraesentialiter
1386 1381 1438 1446 jam
1460 1383 1559 1444 peracta
1586 1379 1732 1430 rescindant
1749 1383 1776 1431 et
1796 1379 1838 1431 de·

1054 1500 1066 1523 a
1084 1480 1161 1541 creta,
1180 1489 1237 1540 qua
1251 1488 1296 1525 ros
1307 1487 1393 1525 omncs
1416 1473 1534 1536 feceritis,
1554 1473 1626 1523 irrita
1645 1473 1774 1524 radant.»
1794 1472 1838 1526 His

1052 1573 1133 1633 dictis,
1154 1572 1272 1635 jussoque
1296 1569 1377 1619 scriba
1400 1568 1504 1619 recitare
1529 1568 1793 1631 senatusconsultum,
1812 1569 1838 1619 in

1051 1679 1102 1732 qno
1113 1664 1241 1715 decretum
1260 1665 1324 1725 crat,
1339 1665 1367 1712 nt
1382 1660 1530 1712 decemviris
1542 1660 1653 1711 miiitum
1677 1662 1835 1713 conscriben-

1052 1758 1140 1809 dorum
1152 1732 1262 1823 potestas
1290 1758 1365 1819 atque
1388 1755 1445 1806 belli
1464 1755 1593 1820 imperium
1608 1755 1778 1820 mandaretur,
1792 1770 1833 1808 se·

1051 1854 1138 1902 natum
1153 1849 1255 1902 dimisit.

1081 2082 1159 2130 xxii.
1177 2081 1265 2131 Postea
1281 2079 1413 2129 insolentes
1430 2079 1456 2127 et
1466 2073 1695 2152 audacasbomincs
1709 2090 1741 2127 ex
1762 2078 1837 2129 soda-

1051 2169 1104 2221 litio
1115 2184 1209 2232 eorum,
1229 2171 1273 2234 qui
1293 2183 1430 2235 paucorum
1442 2167 1578 2219 dominatui
1598 2167 1721 2228 invemat,
1737 2169 1832 2221 urbem

1051 2262 1250 2321 obambulabant,
1265 2265 1294 2312 ut
1306 2262 1349 2325 qui
1372 2261 1511 2325 superiores
1524 2258 1575 2311 utu
1596 2258 1734 2309 erasisscnt
1748 2263 1783 2321 et,
1796 2274 1830 2311 oe

1053 2354 1261 2407 suusdomiuatus
1281 2351 1417 2412 tolleretur,
1435 2348 1580 2412 effecissent,
1600 2351 1731 2413 matonam
1747 2351 1827 2401 semet

1052 2447 1130 2498 armis
1142 2446 1213 2510 potiti
1233 2447 1323 2495 essent.
1358 2443 1407 2501 Qui
1423 2456 1482 2492 roro
1493 2441 1586 2506 optimc
1598 2439 1628 2492 dn
1639 2440 1764 2506 republica
1775 2455 1830 2494 sen·

1053 2539 1156 2598 tiebant,
1179 2535 1249 2587 valde
1270 2534 1350 2587 moesti
1365 2539 1391 2584 ei
1412 2534 1491 2585 territi
1518 2532 1660 2598 αθίετυιιί,
1672 2533 1741 2598 quod
1763 2535 1833 2589 uuita

1053 2630 1159 2696 amplius
1178 2629 1316 2694 reipublice
1331 2626 1495 2691 gubernacula
1508 2627 1535 2678 iu
1555 2641 1603 2679 sna
1611 2629 1735 2692 potestate
1751 2635 1835 2683 essent

1053 2722 1169 2775 babituri.
1202 2725 1234 2772 Et
1254 2721 1279 2770 in
1295 2720 1484 2784 mutiaspartes
1504 2718 1579 2771 dirisi
1609 2724 1681 2780 sunt3
1707 2721 1769 2785 quia
1791 2725 1834 2789 qui

1053 2817 1124 2865 erant
1145 2813 1232 2862 natura
1248 2811 1400 2875 ignaviores,
1427 2810 1510 2861 omnia
1536 2810 1674 2863 victoribus
1697 2813 1833 2868 concedere

1053 2903 1201 2970 cogebantur
1220 2902 1282 2966 :qui
1300 2915 1359 2952 raro
1373 2900 1538 2953 missiserant
1555 2902 1712 2967 meticulosi,
1725 2905 1757 2956 ab
1766 2909 1835 2961 omui

1052 2995 1193 3061 reipublicae
1204 3005 1264 3043 eura
1280 2993 1446 3056 abstinebant,
1459 2996 1486 3044 ct
1500 3006 1527 3044 se
1539 2994 1569 3044 ad
1585 2995 1665 3046 vitam
1676 2999 1835 3062 tranquillam

1053 3084 1236 3136 convertebant.
1271 3087 1419 3147 inquorum
1439 3098 1499 3136 nero
1513 3087 1601 3136 animis
1617 3102 1706 3152 magna
1728 3105 1833 3154 genou-

1052 3180 1112 3230 sitas
1129 3178 1210 3227 innata
1223 3180 1277 3227 erat
1289 3215 1295 3238 ,
1307 3178 1341 3227 ilii
1356 3179 1465 3242 privatas
1477 3178 1623 3231 sodalitates
1640 3182 1688 3232 sibi
1699 3198 1834 3249 eompara-

1052 3276 1120 3333 bant,
1133 3280 1159 3328 ct
1172 3277 1203 3328 ad
1223 3280 1340 3327 mutuum
1355 3273 1507 3340 presidium,
1528 3278 1553 3325 ct
1573 3276 1714 3341 reipublicae
1726 3278 1832 3329 sormam

1051 3369 1195 3420 mutandam
1224 3369 1347 3419 communi
1372 3380 1494 3418 consensu
1520 3381 1547 3418 se
1574 3370 1700 3432 parabant.
1734 3371 1830 3421 Harum

1052 3464 1134 3511 nutem
1155 3460 1313 3510 sodalitatem
1327 3459 1402 3508 ‹lrrces
1414 3460 1492 3520 mant,
1509 3458 1553 3522 qui
1566 3460 1641 3523 primi
1658 3460 1681 3510 in
1696 3465 1782 3511 senatu
1799 3461 1832 3514 de

1051 3551 1231 3604 decemviratus
1253 3551 1410 3616 abrogatione
1433 3551 1508 3601 rerba
1539 3549 1620 3601 lacere
1640 3552 1695 3603 ausi
1723 3554 1831 3617 suemnt,

1050 3645 1078 3696 b.
1094 3646 1206 3698 valerius
1217 3647 1243 3696 et
1260 3646 1294 3694 Μ.
1310 3642 1432 3704 lloratius,
1448 3642 1491 3707 qui
1506 3641 1594 3693 domos
1610 3658 1669 3694 suas
1684 3647 1759 3696 amnis
1773 3660 1831 3698 mu·

1052 3737 1174 3800 diverunt,
1202 3740 1227 3788 et
1248 3735 1353 3786 cirrose
1378 3733 1477 3785 firmum
1503 3748 1634 3786 serrorum
1656 3739 1682 3787 et
1704 3738 1831 3791 clientium

1050 3827 1194 3890 praesidinm
1214 3824 1352 3885 habebant,
1376 3836 1408 3874 nc
1426 3837 1502 3887 quam
1526 3824 1577 3874 viru
1592 3829 1744 3888 paterentur,
1766 3843 1829 3881 nere

1049 3921 1133 3980 aperie
1150 3916 1254 3979 ignavia
1274 3915 1457 3965 damnarentur.
1474 3914 1523 3971 Qui
1538 3928 1691 3978 veronaque
1706 3917 1831 3970 victorum

1048 4011 1195 4072 potestatem
1218 4010 1314 4070 colore,
1329 4021 1375 4058 nec
1392 4006 1535 4073 reipublicae
1550 4008 1626 4058 uliam
1649 4023 1734 4059 curam
1746 4026 1832 4075 gerere

1049 4104 1171 4164 rotabant,
1187 4118 1232 4154 nec
1245 4104 1270 4154 in
1283 4104 1362 4155 otiosa
1376 4102 1459 4166 quieto
1479 4102 1563 4153 rivere
1586 4101 1718 4155 honestum
1732 4106 1830 4169 judica·

1049 4190 1116 4252 bani,
1135 4207 1179 4243 nec
1195 4197 1279 4244 tamen
1301 4193 1359 4245 iotis
1373 4192 1468 4243 viribus
1486 4191 1575 4242 bellum
1597 4206 1656 4243 cum
1675 4193 1729 4243 iilis
1741 4207 1827 4256 gerere

1050 4280 1120 4330 tacite
1136 4286 1257 4344 poimnnt,
1273 4298 1351 4346 quum
1366 4285 1460 4332 tantam
1484 4282 1618 4346 potentiam
1637 4285 1744 4331 evertere
1758 4282 1825 4333 stul-

1048 4372 1130 4418 torum
1154 4384 1208 4419 esse
1239 4372 1374 4431 sisteretur,
1409 4369 1494 4420 urbem
1525 4370 1693 4421 deseruerunt.
1727 4371 1827 4422 Horum

1046 4462 1128 4508 autem
1139 4459 1190 4507 (lux
1207 4463 1256 4507 erat
1271 4461 1309 4508 rir
1324 4460 1434 4519 illustris,
1454 4462 1483 4509 c.
1504 4458 1630 4516 Claudius,
1642 4457 1710 4520 appii
1722 4457 1826 4511 deceru-

1046 4548 1141 4597 viratus
1156 4547 1271 4611 principis
1294 4551 1415 4611 patruus,
1438 4550 1490 4598 rota
1508 4549 1595 4599 taciens
1613 4546 1751 4611 promissa,
1768 4564 1827 4613 quar

1047 4636 1129 4686 fratris
1141 4636 1190 4684 lilio
1200 4637 1224 4684 in
1238 4640 1322 4687 senatu
1341 4638 1440 4697 iecerat,
1454 4637 1555 4699 qrrnndo
1572 4636 1622 4687 suis
1634 4636 1750 4700 precibus
1768 4652 1825 4689 eum

1044 4724 1166 4774 adducere
1190 4739 1236 4772 nou
1254 4726 1346 4788 poluit,
1370 4729 1398 4774 ut
1428 4726 1560 4789 imperium
1587 4726 1729 4790 deponeret.
1763 4730 1825 4778 Eum

1044 4815 1126 4860 nulum
1142 4814 1224 4860 secuta
1239 4814 1276 4862 esi
1287 4827 1373 4875 magna
1391 4813 1525 4863 amicorum
1544 4828 1681 4878 magnaque
1699 4814 1825 4866 clientium

1043 4899 1122 4949 turba.
1157 4904 1238 4957 errrm
1258 4905 1340 4950 aulem
1368 4902 1412 4949 iste
1427 4900 1524 4951 initium
1542 4903 1649 4963 iecisset,
1669 4905 1824 4968 aliaqnoque

1043 4988 1135 5037 urbana
1150 4989 1280 5038 urrritiludo
1298 5005 1345 5038 non
1359 4989 1465 5052 arnpiius
1483 4990 1648 5051 clandestine,
1670 5006 1749 5056 neque
1765 4996 1823 5050 rari,

1044 5075 1085 5124 sed
1099 5079 1182 5138 aperte
1197 5081 1222 5125 et
1249 5078 1389 5138 frequentes
1414 5078 1519 5139 patriam
1544 5078 1721 5140 deseruerunt,
1737 5093 1824 5130 secum

1014 5211 1016 5217 ,
1044 5162 1133 5212 liberos
1163 5162 1328 5226 coniugesque
1351 5163 1509 5215 abducentes.
1553 5169 1712 5230 Quanquam
1737 5167 1824 5232 iniquo
