3772 5828
584 333 874 409 an't'tottttnttittt
894 331 1042 394 Roman.
1066 334 1138 394 LlB.
1160 335 1211 394 Χῖ.
1658 336 1713 397 titt

108 501 120 527 ι
139 475 186 533 οὐκ
204 473 258 553 ἔχω
271 471 302 531 εδ
323 471 398 545 ἴσον,
416 468 485 530 elit
504 471 672 548 δημαρχικῆς
695 466 810 535 ἐξουσίας
825 465 881 526 δίο·

108 592 120 614 ι
136 587 202 640 μοις
222 563 262 622 Οὗ
278 559 331 636 μὴν
343 559 402 619 ἀλλ’
418 557 475 618 ἐπεί
490 560 536 629 τῆς
555 559 640 638 ἀρχῆς
656 556 757 628 ἐκείνης
771 559 882 615 ἀπεστε·

110 651 253 732 νρῆμεθα,
278 653 347 727 ὑμᾶς
367 645 426 714 τοὺς
446 645 504 723 ἅμα
522 645 607 726 τούτῳ
626 643 821 724 παρειληφότας
838 642 883 702 καῖ

109 771 119 789 =·
136 742 183 813 τῆν
199 739 301 813 ἐκείνης
316 736 436 805 ῖξουσίαν
448 740 495 808 τῆς
516 739 600 816 ἀρχῆς
614 734 660 794 καί
680 731 883 798 δυναστεύοντας

74 875 79 893 .
108 859 119 879 ν
134 835 181 902 τῆς
196 829 301 894 πόλεως
317 828 435 892 ἅπαντας
455 825 547 884 καλῶ·
571 825 619 883 οὐκ
635 825 736 902 ἀγνοῶν
762 821 829 898 μίν,
843 820 884 881 ότι

109 947 119 965 ν
138 917 180 976 διὰ
195 907 271 989 κενῆς
286 921 361 976 τοῦτο
374 917 458 987 ποιῶ,
475 912 592 994 ρανερδιν
606 912 635 972 di
648 912 802 992 βουλόμενος
816 918 883 969 πᾶσι

107 1033 120 1055 «ι
134 1003 255 1081 γενίσθαι
277 1003 325 1074 τῆν
341 999 510 1075 συνωμοσίαν
531 1002 621 1078 ὑμῶν,
645 1000 686 1058 ότι
701 997 882 1080 συγκεχύκατε

109 1120 120 1142 ι
137 1092 170 1150 τδι
191 1096 237 1164 τῆς
254 1091 353 1159 πόλεως
374 1089 420 1148 καί
444 1087 507 1167 μίαν
523 1087 638 1156 ἅπαντες
662 1087 771 1167 γνώμην
792 1087 882 1167 ἔχετε·

110 1208 120 1229 n
137 1182 236 1256 μᾶλλον
260 1179 287 1239 δὲ
312 1179 342 1239 σί
361 1177 440 1256 μόνον
458 1179 656 1254 ῖπικαλοῦμαι,
679 1177 771 1237 Κόϊντε
791 1174 882 1236 <bitu

56 1298 82 1337 tu
110 1296 121 1318 ν
140 1267 302 1342 Οὐῖόολανὲ,
316 1269 360 1327 τὸν
379 1265 423 1327 tri
438 1267 497 1334 ταῖς
507 1265 591 1345 τρισίν
606 1264 743 1332 ὑπατείαις
759 1264 883 1341 κοσμού-

110 1385 120 1406 a
137 1379 232 1433 μενον,
249 1357 271 1416 εί
285 1356 329 1415 τδν
349 1354 427 1415 αὐτόν
441 1358 501 1414 νοῦν
518 1353 557 1414 lat
570 1355 649 1435 ίχεις.
667 1353 737 1413 Ἀλλ’
756 1352 883 1412 ἀνίστασο

109 1472 120 1496 ι
136 1445 180 1502 καὶ
193 1445 282 1524 βοήθει
293 1446 346 1512 τοῖς
361 1442 592 1524 κατισχυομίνοις·
605 1444 641 1508 είς
653 1442 683 1500 σῖ
698 1440 749 1522 γὰρ
770 1437 883 1499 ἀποθλί-

107 1558 120 1579 «
135 1554 177 1590 πει
194 1534 224 1593 τὸ
238 1533 379 1614 συνίδριον.
396 1561 408 1585 ν

148 1621 184 1682 V.
207 1621 254 1688 Ὡς
280 1622 307 1681 δὲ
328 1626 413 1680 ταῦτα
436 1611 507 1680 εἶπεν
520 1619 648 1702 [Λεύκιος
667 1616 884 1699 Οὐαλίριος,],θ

57 1737 82 1774 ιι»
110 1709 214 1778 «litem
229 1710 342 1785 ἐκάθητο
357 1713 402 1769 ὑπ’
421 1710 548 1790 αἰσχύνης
569 1709 642 1768 οὐδὲν
665 1706 882 1786 ἀποκρινόμενος·

108 1797 218 1865 Ἄππιος
233 1800 319 1859 δὲκαὶ
334 1802 358 1859 ui
371 1797 459 1859 λοιποὶ
474 1797 538 1858 δέκα
554 1797 650 1864 πάντες
665 1796 882 1869 ἀναπηδήσαντες

110 1888 222 1948 ἐκώλυον
238 1888 316 1948 αὐτόν
334 1888 430 1969 λέγειν.
475 1886 597 1967 Θορύόου
624 1887 651 1946 δὲ
677 1887 775 1945 πολλοῦ
798 1906 884 1944 κατα·

110 1975 218 2054 σχόντος
231 1978 261 2035 τδ
276 1979 425 2057 συνέδριον,
445 1977 555 2036 καὶτῶν
577 1975 623 2053 μίν
641 1975 771 2036 πλείστων
786 1977 883 2051 ἀγανα-

110 2063 256 2142 κτούντων,
286 2070 337 2125 τῶν
359 2069 383 2125 δ’
409 2069 438 2126 ίκ
459 2069 506 2138 τῆς
529 2065 657 2147 ἑταιρείας
683 2061 776 2130 αὐτοὺς
797 2059 883 2138 λέγειν

56 2181 82 2218 nn
110 2153 191 2225 ὀρθῶς
214 2154 383 2232 ἡγουμένων,
408 2153 548 2214 ἀνίσταται
569 2153 679 2230 ,Μάρκος
704 2151 841 2233 Ὁρότιος,
870 2152 884 2209 ό

115 2241 249 2319 baptiso<
277 2242 441 2318 inexitiabile,
462 2241 587 2316 ἀπόγονος
603 2240 729 2320 Ὁρατίου
743 2244 789 2299 τοῦ
805 2261 881 2298 συνυ-

109 2326 285 2397 πατεύσαντος
319 2329 431 2410 Ποπλίῳ
455 2327 596 2407 Οὐαλερίῳ
626 2326 783 2406 Ποπλικόλα
814 2323 883 2404 μιτδι

109 2415 157 2487 τλν
173 2416 285 2491 ίκόολὴν
305 2420 356 2476 τῶν
376 2416 521 2496 βασιλέων,
544 2415 611 2494 ἀνὴρ
631 2415 677 2476 καὶ
693 2414 728 2474 τδ
750 2414 883 2492 πολεμικὰ

111 2506 190 2571 δεινὸς
204 2508 250 2565 καὶ
263 2506 347 2584 λε’γειν
362 2509 410 2565 οὐκ
425 2505 569 2583 ἀδύνατος,
589 2505 727 2584 Οὐαλερίῳ
745 2503 768 2562 δ’
779 2505 809 2563 ἐκ
828 2527 880 2564 πα-

56 2619 83 2658 ρ,
110 2595 186 2651 λαιοῦ
198 2598 285 2674 ρι’λος·
299 2595 327 2661 θς
347 2593 436 2653 οὐκίτι
458 2588 601 2672 κατασχὼν
618 2593 665 2663 τὴν
687 2593 769 2672 χολὴν
786 2593 882 2673 ίρησε·

112 2708 122 2730 ·
138 2681 243 2742 Θᾶττόν
255 2706 288 2758 με
302 2679 511 2760 ἀναγκόσετε,Ἄ
517 2706 594 2754 ππιε,
605 2679 664 2748 τοὺς
673 2678 795 2762 χαλινούς
809 2683 881 2761 διαρ·

112 2771 234 2847 πρῆξαι,
257 2772 346 2832 οὐκέτι
370 2772 567 2852 μετριόζοντες,
591 2770 660 2830 itti
680 2771 723 2831 τδν
739 2769 884 2850 Ταρκύνιον

111 2885 122 2906 ι
139 2859 235 2919 ἐκεῖνον
260 2860 426 2938 ἐνδυόμενοι,
445 2858 472 2920 oi
492 2882 522 2938 γε
542 2859 600 2919 οὐδὲ
626 2859 704 2940 λόγου
719 2866 808 2940 τυχεῖν
823 2861 883 2918 ἐᾶτε

110 2971 122 2996 ν
138 2946 197 3015 τοθς
210 2948 272 3028 περὶ
281 2947 412 3029 σωτηρίας
425 2949 478 3007 τῶν
491 2950 583 3008 κοινῶν
598 2945 772 3026 βουλομένους
784 2943 881 3027 λίγειν.

113 3062 124 3084 τ
141 3035 256 3118 Πότερον
271 3041 345 3115 ὑμῶν
359 3034 511 3109 ἐξελήλυθεν
530 3038 560 3096 ix
571 3040 617 3106 τῆς
631 3035 762 3108 διανοίας,
779 3034 819 3096 ότι
833 3034 885 3095 σόν·

112 3150 123 3173 ε
140 3126 226 3190 ζονται
240 3126 287 3203 μὲν
301 3129 326 3186 οἱ
336 3126 491 3204 Οὐαλερίων
503 3124 626 3201 ἀπόγονοι
643 3127 695 3183 τῶν
706 3123 884 3193 ίξελασάντων

112 3211 184 3284 ιτὴν
195 3215 353 3296 τυραννίδα,
374 3213 493 3275 λείπεται
516 3212 543 3273 di
566 3212 677 3292 διαδοχὴ
692 3217 739 3285 τῆς
752 3210 884 3295 Ὁρατίων

33 3313 35 3317 “
111 3302 235 3375 νοίκίας,
256 3295 294 3370 οἷς
308 3301 417 3382 πότριόν
434 3305 505 3362 ἐστιν
522 3301 604 3381 ὁμόσε
615 3308 711 3383 χωρεῖν
730 3302 784 3367 τοῖς
797 3324 884 3360 κατα-

111 3416 123 3439 α
139 3389 323 3466 δουλουμένοις
337 3390 385 3462 τὴν
401 3390 576 3469 πατρίδακαὶ
591 3389 724 3468 μετὰτῶν
738 3388 825 3448 ἀλλων
840 3388 885 3448 καί

111 3505 122 3528 ν
139 3478 243 3555 μόνοις,
255 3478 273 3550 ἢ
284 3478 414 3551 τοσαύτην
428 3478 613 3556 κατεγνώκατε
625 3478 670 3538 καί
686 3480 761 3555 ἡμῶν
776 3475 885 3535 καὶτῶν

113 3593 125 3616 α
143 3568 230 3625 ἄλλων
245 3566 389 3644 Ῥωμαίων
413 3567 570 3648 ἀνανδρίαν,
585 3565 654 3626 ὥστε
676 3564 823 3644 ἀγαπήσειν
841 3565 887 3624 iria

111 3680 123 3704 ι
140 3675 179 3720 τις
205 3658 235 3734 id
258 3658 304 3725 ζῆν
322 3659 393 3733 ἡμᾶς
415 3655 602 3729 ὁπωσδήποτε,
616 3653 682 3732 θπίρ
701 3651 846 3733 ίλευθερίας
859 3653 887 3713 di

112 3769 123 3791 ι
139 3742 185 3799 καί
202 3742 352 3821 παρρησίας
372 3742 435 3820 μήτ’
452 3745 520 3823 ipris
540 3741 608 3820 μήτε
628 3743 736 3822 πράξειν
757 3740 886 3818 μηθίνςῆ

112 3858 124 3877 ν
141 3830 249 3906 μεθύετε
262 3834 300 3912 τῷ
310 3831 414 3910 μεγίθει
422 3836 470 3904 τῆς
484 3831 618 3904 ίξουσίαςς
630 3830 724 3909 Ὑμεῖς
739 3830 886 3910 Οὐαλερίου

113 3947 124 3969 ι
140 3920 217 3999 λόγον
228 3923 363 4000 δρελεῖσθε
375 3919 454 3993 ἢτῶν
469 3919 556 3980 ἄλλων
567 3922 634 3989 τινός
645 3922 803 4002 βουλευτῶν,
822 3918 889 3988 τίνες

113 4037 124 4061 ν
141 4008 211 4075 ὄντες
223 4007 241 4082 ἢ
252 4009 329 4070 ποίαν
342 4008 426 4091 ἀρχὴν
438 4008 541 4091 ίχοντες
552 4007 679 4085 νόμιμον;
694 4010 741 4068 ούκ
753 4011 789 4077 είς
801 4012 885 4070 irrotu-

112 4127 124 4150 ι
141 4098 185 4158 τδν
200 4097 374 4178 ἀπεδείχθητε
386 4101 440 4157 τῶν
454 4100 547 4157 κοινῶν
561 4097 725 4178 προστάταις
749 4100 778 4159 οὗ
797 4096 888 4180 παρῴ-

112 4219 123 4240 ‹·
139 4212 221 4270 χηκεν
238 4191 252 4245 ό
271 4191 318 4255 τῆς
336 4189 421 4267 ἀρχῆς
437 4188 509 4263 ὑμῶν
526 4184 635 4266 χρόνοε;
651 4187 699 4246 ούκ
724 4188 826 4246 ἰδιῶται
850 4190 889 4265 τῷ

112 4305 124 4329 ·
139 4278 210 4359 νόμῳ
233 4276 371 4356 γεγόνατε,
394 4278 488 4335 Ἰἀδτα
510 4278 546 4342 εἰς
567 4282 611 4334 τὸν
632 4276 715 4350 δῆμον
737 4275 890 4354 βουλεύεσθε

73 4411 78 4420 ·
113 4367 290 4444 «ἐξενεγκεῖν.
336 4365 370 4424 Τί
390 4363 441 4444 γὰρ
455 4364 487 4437 δὴ
512 4364 557 4423 καὶ
578 4363 608 4424 τδ
621 4366 721 4424 κωλῦον
740 4363 828 4437 ἔσται,
843 4363 888 4422 τδν

114 4455 298 4531 εβουλόμενον
323 4457 400 4530 ἡμῶν
419 4450 467 4523 τὴν
492 4453 635 4525 ίκκλησίαν
658 4452 818 4530 συγκαλεῖν,
843 4450 889 4510 καί

113 4568 125 4593 r
141 4545 186 4612 τῆς
199 4542 315 4612 ίξουσίαε
327 4546 418 4619 ὑμῶν,
429 4543 462 4615 ῆν
473 4540 546 4621 rapi
557 4539 616 4608 τούς
626 4540 719 4618 νόμους
730 4540 820 4621 ίχετε,
836 4564 889 4602 κα·

115 4654 126 4675 ν
143 4634 278 4707 τηγορεῖν;
295 4632 405 4692 treton
420 4639 473 4699 τοῖς
489 4629 612 4698 πολίταις
624 4634 710 4711 ψῆρον
730 4629 795 4711 ὑπὲρ
808 4631 888 4688 αὐτοῦ

114 4745 126 4766 ι
145 4716 254 4790 τούτου,
270 4720 367 4801 πότερα
383 4724 421 4782 δεῖ
435 4720 523 4798 μίνειν
536 4719 585 4793 τὴν
603 4717 779 4799 δεκαδαρχίαν
798 4720 883 4796 ὑμῶν,

114 4803 158 4864 αθ
180 4803 226 4870 τὰς
242 4808 367 4886 πατρίους
385 4809 464 4869 πόλιν
485 4807 689 4868 ἀποδείκνυσθαι
709 4807 810 4889 ἀρχάς·
824 4805 889 4891 [καὶ

114 4921 125 4943 ι
141 4895 163 4951 εί
178 4895 271 4971 τοῦτο]
285 4899 374 4972 μανείς
387 4900 402 4956 ό
415 4897 498 4976 δῆμος
514 4898 662 4977 ὑπομείνῃ,
681 4896 761 4957 πόλιν
775 4894 823 4968 τὴν
838 4897 890 4955 αὖ·

114 4983 188 5053 «τῆν
213 4980 375 5042 κατάστασιν
398 4985 473 5064 ίχετε
500 4985 562 5064 [καί
580 4982 622 5068 ri]
651 4984 767 5046 κωλύετε
791 4984 889 5060 λίγειν,

115 5099 127 5122 α
144 5071 230 5131 ὁπόσα
249 5069 374 5151 βούλεταί
387 5093 425 5138 τις
439 5072 504 5155 θπῖρ
516 5078 564 5147 τῆς
577 5072 721 5155 πατρίδος,
736 5072 800 5151 [καί
815 5074 837 5130 εί
851 5074 890 5133 δι’·

115 5177 127 5197 ⁶
143 5183 206 5217 κιιια
231 5164 313 5216 ταῦτα
335 5153 470 5230 δοξωσινί·
512 5159 591 5231 'bitot
607 5161 659 5244 γὰρ
680 5161 711 5221 διν
735 5160 827 5239 είημεν
841 5160 888 5221 καί

191 5270 307 5306 mesisti.

940 470 1003 521 uiua
1013 484 1095 521 meum
1114 470 1224 520 obtinere
1247 482 1381 533 ινεηιιεαειι,
1395 470 1439 520 sed
1451 473 1573 533 potestate
1586 473 1715 524 tribunitia

940 581 952 603 α
965 559 1026 611 mibi
1045 559 1079 611 sit
1095 564 1174 623 opus?
1189 561 1368 609 Verumtamen
1389 558 1490 623 quando
1508 558 1550 609 illo
1570 561 1716 624 magistratu

939 646 1053 710 «privati
1069 659 1164 703 snmus,
1181 659 1226 695 ros
1237 658 1337 705 omnes,
1352 644 1396 708 qui
1415 658 1472 694 eum
1484 645 1534 695 istu
1550 649 1575 694 et
1589 646 1717 698 illinamu-

940 755 952 779 α
967 735 1084 800 gistratns
1098 737 1246 800 potestatem
1261 734 1405 798 accepistis.
1432 737 1457 784 et
1473 734 1613 799 reipublice
1640 735 1720 801 impe-

941 846 952 867 n
966 826 1030 876 rium
1044 825 1149 885 bebetis,
1171 824 1285 888 imploro.
1319 827 1370 875 lieu
1389 825 1490 888 ignoro,
1505 839 1546 875 me
1562 826 1609 876 boe
1626 828 1720 878 trustra

940 934 952 958 ι
968 915 1056 974 tacere,
1078 916 1120 980 qui
1144 913 1219 964 velim
1239 917 1350 964 nestram
1380 913 1576 974 conjurationem
1602 914 1720 966 omnibus

941 1024 953 1047 «ι
968 1003 1120 1054 {nanifestam
1139 1003 1208 1060 lieri,
1234 1016 1279 1052 ros
1301 1006 1381 1053 totam
1404 1003 1581 1067 rempublicam
1602 1003 1717 1055 turbasse

942 1112 953 1134 ι
967 1095 992 1142 et
1002 1106 1087 1142 ornnes
1102 1094 1129 1141 in
1141 1104 1202 1142 σαοι
1218 1090 1382 1155 conspirasse.
1397 1096 1450 1142 lrno
1465 1095 1561 1142 νειοῖο
1577 1091 1673 1151 solum,
1686 1095 1718 1152 Q.

940 1198 953 1224 ιι
968 1178 1027 1229 Fabi
1039 1179 1172 1240 Vibulane‚
1184 1179 1289 1243 appello,
1308 1179 1350 1241 qui
1369 1178 1450 1229 tribus
1464 1179 1634 1230 consulatibus
1645 1193 1719 1231 orna-

942 1270 1009 1316 ·tus
1023 1266 1106 1327 luisti,
1133 1267 1154 1316 si
1180 1266 1255 1317 modo
1276 1266 1384 1317 eundern
1405 1267 1487 1340 adbuc
1510 1268 1575 1332 geris
1599 1269 1716 1321 animum.

942 1376 954 1400 ι
968 1357 1021 1414 Eia,
1038 1358 1162 1420 surgaset
1187 1358 1312 1421 oppressis
1334 1369 1407 1421 opem
1429 1356 1494 1406 teras
1514 1375 1521 1405 :
1542 1356 1718 1409 senatusenlna

942 1444 1257 1497 «maiestatemne»

974 1625 1004 1673 V.
1020 1624 1065 1673 llis
1085 1637 1099 1674 a
1118 1626 1145 1674 b.
1163 1624 1261 1676 Valerio
1274 1624 1361 1682 dictis,
1383 1624 1475 1675 Fabius
1487 1638 1538 1688 pras
1553 1624 1645 1688 pudore
1660 1623 1719 1674 nibil

942 1713 1105 1777 respondens,
1134 1712 1244 1763 sedebat.
1279 1714 1372 1778 Appius
1394 1727 1455 1763 roro
1476 1718 1501 1763 et
1526 1713 1608 1763 caeteri
1636 1725 1721 1763 omnes

941 1800 1125 1852 decemviratus
1136 1800 1244 1864 collegae,
1255 1813 1290 1850 ear
1305 1803 1360 1851 ειεῖε
1369 1801 1473 1852 sedibus
1490 1800 1647 1860 exsilientes,
1662 1814 1720 1851 eum

942 1889 1009 1953 loqui
1027 1889 1216 1953 prohibuerunt.
1252 1890 1336 1947 Quum
1355 1893 1438 1939 eutem
1459 1888 1544 1953 ingens
1558 1887 1679 1940 tumultus
1694 1888 1719 1938 iu

944 1979 1032 2029 senatu
1045 1982 1146 2028 exortus
1161 1981 1243 2039 esset,
1257 1981 1283 2027 et
1302 1976 1401 2042 plurimi
1417 1976 1602 2042 indignarentur
1616 1981 1642 2029 et
1669 1977 1718 2040 illi,

942 2067 985 2129 qui
1000 2079 1125 2117 erearum
1141 2065 1272 2117 sodalitate
1291 2067 1369 2128 erent,
1390 2069 1458 2117 recte
1477 2079 1520 2117 oos
1532 2066 1612 2118 iecere
1630 2068 1718 2119 existi·

942 2158 1053 2215 marent;
1083 2155 1190 2205 surrexit
1214 2158 1247 2205 ll.
1274 2154 1400 2213 lloratius.
1419 2154 1565 2218 cognomina
1588 2156 1718 2218 Barbatus,

942 2259 1063 2309 pronepos
1083 2243 1177 2294 Horatii
1197 2243 1277 2303 illius,
1302 2244 1346 2307 qui
1362 2247 1417 2307 post
1433 2256 1503 2306 reges
1518 2243 1610 2306 eiectos
1631 2249 1659 2296 P.
1673 2249 1721 2297 lla·

943 2336 998 2387 leril
1007 2336 1139 2401 Poplicolae
1151 2335 1243 2399 collega
1259 2336 1284 2385 in
1301 2335 1431 2385 consulatu
1447 2335 1545 2395 luerat3
1556 2337 1595 2387 uir
1607 2340 1632 2388 et
1646 2339 1720 2389 rebus

943 2425 1036 2478 bellicis
1057 2438 1123 2485 acer,
1137 2429 1162 2474 et
1177 2425 1237 2474 sutis
1249 2424 1383 2485 iucundus,
1396 2429 1422 2475 et
1434 2424 1529 2475 Valerii
1541 2430 1614 2477 retus
1625 2427 1720 2478 amicus

943 2513 996 2579 qui,
1005 2528 1083 2578 quum
1093 2513 1166 2564 bilem
1181 2512 1286 2577 amplius
1300 2513 1425 2563 continere
1438 2526 1487 2563 non
1499 2514 1629 2579 potuisset,
1640 2516 1718 2567 dixit:

945 2623 957 2647 ι
973 2604 1055 2654 ditius
1064 2616 1136 2666 noges
1150 2616 1207 2665 me,
1216 2602 1292 2666 Appi,
1303 2603 1370 2652 trena
1388 2616 1511 2666 rumpere,
1522 2616 1600 2666 quum
1610 2619 1657 2655 non
1666 2618 1719 2655 am·

945 2713 957 2735 ι
970 2691 1035 2757 pilus
1055 2691 1181 2742 moderate
1205 2690 1374 2752 insperatis,
1402 2691 1446 2743 sed
1469 2690 1538 2741 illum
1562 2693 1720 2756 Tarquinium

946 2802 958 2824 ι
971 2780 1087 2839 induatis,
1099 2779 1142 2842 qui
1158 2793 1189 2829 ne
1198 2778 1296 2829 dicendi
1306 2779 1406 2844 quidem
1421 2783 1580 2844 protestatem
1595 2781 1649 2832 lieri
1662 2797 1720 2849 per-

945 2892 957 2915 ι
972 2871 1077 2921 mittatis
1088 2870 1133 2930 iis,
1147 2870 1191 2933 qui
1200 2868 1231 2920 de
1245 2869 1387 2934 reipublice
1401 2870 1480 2920 salute
1490 2883 1561 2920 suam
1575 2872 1721 2923 sententiam

944 2981 957 3005 «ι
969 2960 1053 3012 dicere
1066 2959 1160 3011 volunt.
1195 2963 1283 3009 Utrum
1301 2973 1333 3010 ex
1344 2959 1427 3010 animo
1437 2963 1520 3012 restro
1528 2960 1625 3022 cecidit,
1637 2965 1721 3026 poste·

944 3069 957 3093 ι
969 3062 1011 3100 ros
1025 3048 1197 3107 Valeriorum,
1219 3047 1262 3112 qui
1282 3046 1438 3110 tyrannidem
1455 3049 1617 3113 expulerunt,
1641 3049 1722 3100 salros

946 3156 958 3181 ν
970 3150 1035 3199 esse,
1046 3143 1070 3189 et
1085 3137 1246 3202 superstites,
1260 3130 1314 3187 riso
1334 3137 1432 3187 tamilioe
1447 3138 1607 3189 Horatiorum
1623 3151 1722 3189 sueces-

946 3241 958 3267 u
971 3223 1146 3288 aures‚quibus
1159 3224 1267 3289 patrium
1281 3228 1333 3283 est,
1347 3228 1376 3274 ut
1389 3228 1416 3274 et
1428 3225 1549 3275 cumaliis
1559 3228 1586 3276 et
1598 3225 1656 3286 suli,
1670 3237 1724 3275 sese

946 3330 958 3354 ι
972 3315 1096 3376 opponant
1106 3311 1145 3374 iis,
1157 3311 1200 3374 qui
1213 3310 1299 3374 patrioe
1314 3310 1452 3360 libertatem
1469 3311 1624 3374 opprimunt3
1637 3325 1668 3362 an
1679 3325 1724 3369 nos

946 3419 958 3443 ι
971 3404 1047 3463 atqua
1069 3402 1173 3451 eeteros
1187 3402 1310 3448 ltornanos
1323 3398 1386 3449 adeo
1408 3398 1509 3462 ignavos
1523 3400 1672 3462 judicastis,
1694 3403 1725 3452 ut

946 3507 960 3533 ι
971 3487 1088 3552 praeclare
1105 3487 1233 3536 nobiseum
1248 3487 1286 3548 agi
1298 3485 1462 3536 existimaturi
1474 3486 1566 3548 simus,
1579 3487 1667 3552 siquis
1680 3502 1724 3538 nos

946 3595 960 3620 ι
975 3573 1287 3642 quomodocunquerirere
1300 3573 1373 3632 sinat.
1384 3574 1445 3624 nibil
1459 3578 1542 3626 autem
1556 3590 1600 3640 pro
1611 3577 1724 3628 libertate

948 3684 961 3709 ι
977 3668 1003 3714 et
1013 3662 1114 3712 dicendi
1132 3661 1209 3712 libera
1221 3661 1355 3721 facultate,
1369 3666 1414 3713 aut
1424 3663 1515 3714 dicturi
1527 3665 1621 3714 simus?
1634 3680 1666 3716 en
1679 3680 1723 3731 po·

948 3773 962 3799 ι
975 3752 1072 3804 testatis
1081 3750 1250 3814 magnitudine
1263 3750 1376 3802 inebriati
1386 3751 1464 3802 estis?
1497 3754 1603 3811 Quinam
1618 3769 1664 3806 ros
1683 3769 1722 3805 ea·

948 3861 960 3887 ι
972 3842 1014 3903 tia,
1026 3845 1069 3892 aut
1080 3854 1154 3907 quem
1165 3835 1302 3902 legitimum
1320 3839 1492 3902 magistratum
1508 3842 1618 3903 bebetis,
1631 3848 1661 3894 ut
1671 3849 1724 3895 vn·

947 3950 959 3976 ι
973 3931 1046 3991 Ιοτῖο,
1055 3928 1214 3992 autculpiam
1225 3943 1257 3979 ex
1269 3929 1324 3979 aliis
1345 3930 1501 3980 senatoribus
1519 3931 1618 3982 dicendi
1629 3933 1724 3997 sopiam

946 4039 959 4064 ι
974 4019 1069 4086 eripere
1084 4018 1138 4069 sitis
1153 4018 1227 4069 ausi?
1245 4031 1325 4068 nonne
1343 4018 1367 4069 in
1382 4032 1473 4068 annum
1490 4019 1631 4084 reipublice
1643 4022 1724 4074 admi·

946 4128 959 4153 ι
973 4107 1085 4158 nistratio
1097 4106 1168 4158 rubis
1194 4106 1325 4156 commissa
1345 4106 1411 4156 luit?
1429 4120 1509 4158 nonne
1531 4109 1608 4159 vestri
1634 4111 1724 4174 magis·

946 4217 958 4241 ι
971 4199 1049 4247 iratus
1071 4199 1168 4260 tempus
1187 4199 1226 4246 est
1240 4197 1368 4260 elapsum?
1382 4209 1462 4245 nonne
1481 4210 1513 4246 ex
1525 4197 1578 4261 ipsa
1597 4199 1649 4261 lege
1659 4213 1726 4249 nunc

946 4285 1031 4336 «estis
1047 4285 1155 4349 privati?
1167 4287 1204 4334 De
1218 4283 1257 4334 his
1272 4283 1303 4335 ad
1318 4284 1438 4348 populum
1454 4286 1588 4336 referendis
1608 4287 1724 4350 argitate.

946 4394 958 4417 ι
973 4372 1039 4432 Quid
1051 4374 1117 4422 enim
1133 4372 1281 4436 prohibebit,
1299 4388 1350 4437 quo
1361 4375 1443 4423 minus
1455 4374 1538 4439 quiris
1547 4374 1578 4425 de
1588 4375 1659 4426 nobis
1670 4390 1726 4426 con·

945 4484 957 4507 a
974 4463 1068 4513 cionem
1078 4467 1207 4524 ουιενοοεῖ,
1219 4467 1245 4514 et
1260 4468 1369 4514 vestram
1384 4467 1541 4527 potestatem,
1557 4478 1632 4527 quam
1641 4471 1726 4516 contra

945 4572 957 4594 ν
970 4551 1037 4616 leges
1047 4551 1154 4613 bebetis,
1176 4556 1294 4602 accuset?
1309 4554 1375 4602 eires
1389 4553 1412 4602 in
1433 4553 1555 4617 sutfragia
1574 4554 1667 4603 mittite
1681 4553 1726 4602 bac

945 4658 959 4683 ι
973 4639 1025 4704 ipsa
1042 4638 1074 4690 de
1096 4653 1139 4700 re,
1156 4643 1242 4689 utrum
1266 4644 1379 4702 oporteat
1398 4645 1510 4691 rostrum
1530 4641 1724 4691 decemviratum

946 4740 1090 4788 «manere,
1117 4741 1149 4776 an
1173 4727 1266 4776 iterum
1282 4727 1376 4790 patrios
1401 4729 1565 4792 magistratus
1577 4742 1674 4788 creare,
1697 4740 1725 4776 ac

946 4813 993 4866 «si
1009 4813 1072 4864 torte
1090 4813 1197 4878 pupulus
1212 4812 1337 4864 insaniens
1358 4813 1407 4864 buo
1417 4816 1535 4879 patiatur,
1549 4813 1654 4863 eundem
1671 4818 1724 4863 sta·

946 4923 959 4948 a
974 4906 1029 4953 tum
1045 4901 1136 4952 iterum
1150 4899 1278 4950 obtinete:
1294 4904 1328 4963 et,
1341 4902 1364 4952 si
1376 4901 1447 4964 juste
1462 4902 1517 4952 baec
1529 4901 1667 4962 rideantur,
1683 4915 1723 4952 ve·

946 5010 959 5036 a
971 4992 1024 5043 tate
1035 4987 1154 5054 quioquid
1172 4988 1263 5052 aliquis
1279 5003 1324 5054 pru
1336 4990 1417 5054 patria
1432 4989 1515 5040 dicere
1534 4990 1632 5054 cogitat.
1652 4990 1724 5056 Digni

946 5098 959 5124 ι
973 5079 1066 5129 ilerum
1079 5076 1190 5128 obtinere
1206 5092 1213 5126 ε
1234 5080 1267 5136 et,
1286 5078 1309 5127 si
1326 5077 1395 5139 iusta
1410 5077 1464 5128 Ιιωο
1484 5077 1625 5140 videantur,
1641 5084 1725 5133 vetate

947 5186 960 5210 ι
975 5165 1096 5232 quiequid
1109 5165 1199 5231 abquis
1209 5179 1253 5230 pro
1264 5165 1343 5232 patria
1355 5164 1438 5218 diuers
1447 5166 1547 5233 cogibt.
1580 5168 1725 5234 btgntonim

1601 5261 1630 5311 tt
