3772 5828
212 307 270 364 alo

216 464 228 490 ιι
247 436 431 511 ἀποδείκνυτε,
447 435 506 514 ἐμοὶ
520 434 567 513 μέν
580 433 631 515 γὰρ
646 436 728 493 δοκεῖ.
758 431 829 494 Ἀλλ’
850 439 875 493 εῖ
894 457 925 514 γε
942 436 988 493 τά·

216 552 229 579 ιι
246 525 337 584 ναντία
365 524 507 605 βούλεσθε,
533 514 570 582 ῶν
598 522 776 592 διαόέόλησθε
801 530 899 595 ποιεῖν,
930 521 990 599 ἀμολ

216 639 230 666 ι
247 613 389 693 συμόοόλῳ
404 611 568 692 χρησάμενοι
577 610 747 689 μετριάσατε,
761 608 807 669 καῖ
816 609 875 676 τοὺς
885 609 991 687 λόγους,

200 699 230 753 ἰι
260 702 301 779 ἀφ’
324 691 361 768 οἷς
380 700 506 779 ἄχθεσθε,
530 701 671 763 πολιτικῶς
690 700 735 756 καὶ
761 697 799 774 μὴ
826 696 992 778 δυσοργήτως

174 813 186 852 n
217 815 230 841 ιι
250 786 378 866 ίνέγκετε.
397 787 539 867 Περιέσται
561 789 613 864 γδρ
628 789 689 863 ὑμῖν
703 786 767 859 μὲν,
785 788 809 845 εἰ
823 790 900 845 rouro
915 784 992 856 ποιή-

218 902 230 929 ιι
248 900 321 950 σετε,
343 879 449 954 ἀγαθοῖς
463 866 530 934 εἶναι
555 875 655 947 δοκεῖν,
672 877 725 942 τοῖς
743 873 771 934 δὲ
786 876 908 955 ἀπεχθῶς
933 877 991 934 δια-

217 989 230 1015 ιι
248 965 375 1041 κειμένοις
388 965 454 1044 πρὸς
470 968 539 1039 ὑμᾶς
555 971 700 1040 μετανοεῖν.

256 1059 374 1119 ΧΧΧΙΙ.
401 1083 413 1109 ιι
426 1057 524 1117 Δίκαια
536 1057 584 1134 μὲν
598 1056 630 1128 δὴ
645 1060 728 1115 ταῦτα
741 1055 916 1136 προεχόμενοι
929 1055 994 1136 πρδς

218 1173 231 1199 ιι
248 1149 317 1223 ὑμᾶς
338 1145 458 1224 μεγάλα,
479 1145 514 1211 ῶς
536 1169 565 1223 γε
581 1137 624 1205 οὖν
640 1146 758 1223 οἰόμεθα,
783 1147 907 1223 πείθομεν
926 1147 995 1223 ὑμᾶς

164 1251 189 1290 ιο
217 1257 231 1284 ιι
249 1232 330 1308 μηδὲν
355 1234 553 1312 ἐξαμαρτάνειν·
575 1234 681 1314 χρηστδι
701 1235 729 1294 δὲ
748 1233 793 1293 καὶ
823 1233 994 1314 φιλάνθρωπα

218 1348 231 1375 ιι
248 1321 331 1402 ἔργα,
347 1314 384 1389 οἷς
402 1323 588 1402 ἐχρησάμεθα,
616 1327 664 1381 οὐκ
688 1323 812 1381 ὀνειδίσαι
839 1322 995 1403 βουλόμενοι

218 1435 231 1462 ιι
249 1412 334 1487 ὑμᾶς,
351 1409 408 1467 ἀλλ’
425 1410 631 1490 ἐπιεικεστέρους
641 1415 768 1487 ποιῆσαι,
781 1412 863 1492 χωρίς
872 1414 925 1470 τῶν
940 1433 993 1469 πα-

218 1524 231 1549 ιι
249 1500 331 1556 λαιῶν
346 1499 379 1558 τδι
396 1499 489 1558 νιωστλ
506 1499 631 1575 γινόμενα
644 1498 706 1582 περὶ
726 1499 774 1570 τὴν
785 1499 895 1559 κάθοδον
908 1501 993 1575 ὑμῶν,

218 1613 231 1639 ιι
250 1577 287 1646 ῶν
305 1587 381 1662 ἡμεῖς
405 1587 453 1663 μὲν
480 1590 649 1659 ἐπιλελῆσθαι
675 1589 841 1668 βουλόμεθα,
866 1591 941 1664 ὑμεῖς
963 1587 991 1646 ot

165 1689 188 1727 rs
219 1704 232 1731 ιι
248 1677 343 1736 δίκαιοί
358 1680 417 1736 ἐστι
437 1681 598 1755 μεμνῆσθαι.
643 1677 856 1758 Ἀναγκαζόμεθα
884 1675 912 1735 δδ
927 1676 993 1734 αιίτδι

218 1791 231 1818 ιι
248 1764 410 1847 παραφέρειν
445 1766 518 1838 νυνῖ,
548 1763 689 1845 χρῄζοντες
720 1765 778 1825 ἀντὶ
812 1766 919 1824 πολλῶν
948 1766 993 1825 καὶ

218 1880 231 1907 ι
249 1855 390 1934 μεγάλων,
405 1844 442 1913 ῶν
458 1857 520 1931 ὑμῖν
537 1854 667 1932 δεομένοις
687 1853 881 1936 ἐχαρισάμεθα,
895 1853 993 1926 ταύτην

217 1968 231 1995 ιι
247 1945 311 2025 παρ’
327 1944 401 2021 ὑμῶν
423 1942 573 2002 ἀντιλαόεῖν
586 1944 635 2016 τὴν
651 1943 744 2023 χάριν,
758 1943 822 2020 μήτ’
839 1945 995 2003 ἀποκτεῖναι

217 2058 230 2084 ιι
248 2032 311 2111 μήτ’
326 2031 450 2092 eruatur
464 2037 511 2104 τῆς
529 2034 629 2100 πόλειιις
644 2033 726 2111 ἄνδρα
745 2032 881 2113 φιλόπολιν
896 2032 942 2091 καῖ
961 2031 996 2090 τά

162 2145 189 2186 ιο
218 2146 231 2173 ιι
247 2120 363 2198 πολίμια
376 2120 483 2179 πάντιιιν
494 2120 645 2200 κράτιστον.
684 2120 883 2197 Ζημιωσόμεθα
898 2120 949 2200 γδιρ
963 2122 993 2181 οὗ

218 2237 231 2264 ιι
249 2211 346 2288 μικρδι,
361 2200 389 2268 εὖ
406 2208 477 2284 ίστε,
499 2199 521 2268 ὦ
545 2208 676 2286 δημόται,
699 2208 820 2283 τοιαύτης
846 2208 993 2287 ἀποστερή·

218 2322 231 2348 ιι
249 2318 340 2364 σοντες
364 2299 458 2377 ἀρετῆς
481 2297 530 2369 τὴν
551 2299 638 2356 πόλιν.
683 2297 806 2357 Μάλιστα
823 2296 871 2372 μὲν
895 2291 939 2358 οὖν
960 2295 993 2356 δι’

218 2410 231 2438 ιι
254 2384 333 2444 αὐτὸν
359 2386 456 2445 ἀκεῖνον
488 2389 591 2466 ὑφεῖναι
620 2390 667 2457 τῆς
691 2387 770 2467 ὀργῆς
796 2385 893 2446 δίκαιοί
917 2389 991 2462 ἐστε,

218 2497 231 2527 ιι
249 2471 407 2551 μνησθέντες
431 2474 507 2541 δσους
530 2477 603 2550 ὑμῶν
622 2476 719 2535 ἔσωσεν
735 2476 761 2532 ἐν
781 2479 834 2543 τοῖς
849 2475 990 2554 πολέμοις,

162 2580 188 2619 uo
217 2562 295 2622 ιικαλ
321 2562 359 2639 μὴ
373 2563 458 2642 λόγων
481 2572 655 2638 μνησικακεῖν
680 2561 805 2646 φαύλων,
828 2563 887 2622 ἀλλ’
908 2565 991 2645 ἔργων

217 2679 230 2705 ι
248 2655 399 2729 μεμνῆσθαι
422 2655 521 2714 καλῶν.
568 2651 602 2713 ‘0
619 2653 667 2728 μὲν
683 2654 734 2732 γδιρ
759 2654 835 2731 λόγος
856 2656 926 2728 ὑμᾶς
945 2659 992 2713 τοῦ

218 2766 231 2792 ιι
249 2741 341 2820 ἀνδρὸς
363 2740 436 2799 οὐδὲν
464 2741 597 2822 ἔόλαψεν,
623 2744 650 2800 αἱ
672 2741 699 2800 δὲ
716 2741 823 2819 πράξεις
845 2744 923 2800 αὐτοῦ
946 2765 992 2819 με·

218 2855 231 2883 ι
248 2829 318 2906 γάλα
338 2830 488 2908 ὠφέλησαν.
534 2834 568 2892 El
584 2829 611 2889 δὲ
628 2829 694 2907 πρὸς
704 2836 797 2890 τοῦτον
812 2831 992 2898 ἀδιαλλάκτως

218 2917 337 2998 ιιέχετε,
371 2921 436 2993 ἡμῖν
468 2917 500 2996 γέ
528 2942 569 2978 τοι
602 2919 648 2976 καῖ
674 2923 706 2996 τῇ
739 2921 820 3000 βουλῇ
844 2921 993 2999 χαρίσασθε

162 3025 190 3065 uo
218 3031 233 3061 ιι
250 3008 327 3066 αὐτὸν
356 3008 500 3082 δεομένοις,
526 3008 572 3066 καί
597 3007 759 3082 διαλλάγητε
787 3008 839 3079 ἤδη
859 3016 922 3067 ποτὲ
945 3013 991 3087 βε·

218 3121 232 3149 ιι
248 3095 347 3170 όαίως,
365 3096 414 3168 τήν
428 3119 458 3154 τε
481 3096 558 3155 πόλιν
583 3092 672 3173 ῶσπερ
696 3094 722 3161 ἐξ
744 3097 827 3174 ἀρχῆς
851 3085 906 3172 εἶχε
928 3095 991 3172 μίαν

218 3209 231 3236 ιι
249 3173 316 3241 εἶναι
328 3182 468 3253 ποιήσατε.
508 3185 540 3243 Εἰ
554 3183 581 3241 δὲ
597 3182 728 3241 πείθουσιν
748 3186 813 3257 ἡμῖν
837 3184 866 3239 οὐ
883 3205 990 3262 συγχω-

217 3300 229 3326 ιι
250 3273 356 3351 ρήσετε,
373 3264 402 3329 εδ
422 3271 497 3340 ἴστε,
515 3273 554 3330 ὅτι
569 3272 621 3331 οὐδ’
635 3276 711 3346 ἡμεῖς
738 3268 901 3348 βιαζομένοις
929 3273 990 3348 ὑμῖν

217 3389 230 3414 ιι
255 3362 370 3438 εἴξομεν,
387 3362 446 3419 ἀλλ’
470 3358 522 3420 εἴτε
539 3360 675 3441 φιλότητος
697 3359 791 3419 ἀδόλου
812 3357 857 3416 καί
872 3356 989 3438 χαρίτων

162 3472 188 3510 ss
218 3476 229 3501 ιι
248 3451 285 3506 ἔτι
301 3449 425 3524 μειζόνων
440 3447 487 3518 ἥδε
507 3453 523 3519 ἡ
546 3448 625 3526 πεῖρα
640 3454 685 3505 τοῦ
708 3445 793 3518 δήμου
816 3454 896 3503 πᾶσιν
918 3445 991 3506 αἰτία

217 3565 230 3590 ιι
251 3537 372 3608 ἔσται,ἢ
394 3537 510 3613 πολέμου
532 3536 660 3617 ἐμφυλίου
680 3528 751 3602 αὖθις
778 3533 850 3614 ἄρξει
874 3532 919 3593 καὶ
942 3558 990 3593 κα·

217 3653 229 3677 ιι
246 3631 299 3684 κῶν
312 3625 475 3696 ἀνηκέστων.
493 3650 505 3677 ν

234 3716 367 3775 XXXlll.
384 3716 504 3774 Τοιαῦτα
516 3719 560 3771 τοῦ
574 3714 703 3772 Μινυκίου
719 3710 900 3783 διεξελθόντος,
913 3714 990 3791 δρῶν·

213 3825 255 3868 τες
274 3806 297 3861 oi
321 3802 455 3882 δήμαρχοι
469 3805 502 3880 τῇ
515 3824 543 3859 τε
557 3801 710 3881 μετριότητι
727 3803 779 3857 τῶν
794 3798 878 3878 λόγοιν
894 3801 939 3857 καὶ
955 3803 988 3878 τῇ

162 3913 188 3950 ιο
214 3890 397 3971 φιλανθρωπίᾳ
410 3893 462 3950 τῶν
475 3888 643 3968 ὑποσχέσεων
660 3886 825 3965 ὑπαγόμενον
840 3887 869 3944 τὸ
880 3888 988 3957 πλῆθος,

213 3977 325 4054 ἤχθοντο
336 3980 381 4036 καὶ
396 3980 520 4057 χαλεπῶς
537 3977 647 4055 ἔφερον,
666 3975 783 4052 μάλιστα
799 3973 826 4031 δέ
847 3976 869 4033 Γ
871 3974 926 4039 άῖος
940 3975 986 4031 Σι-

214 4062 292 4129 κίνιος
310 4068 465 4142 Βελλοῦτος,
493 4070 507 4124 δ
530 4064 622 4130 πείσας
645 4063 705 4128 τοὺς
725 4062 839 4134 πένητας
866 4065 986 4132 ἀποστῆ-

214 4175 257 4214 ναι
280 4156 330 4210 τῶν
353 4155 497 4235 πατρικίων
516 4154 561 4214 καί
586 4152 730 4233 στρατηγὸς
753 4151 915 4231 ἀποδειχθείς
943 4154 987 4212 ὑπ’

214 4240 315 4315 αὐτῶν,
332 4238 378 4306 ἕως
393 4233 460 4312 ἦσαν
474 4246 499 4300 έν
511 4244 563 4308 τοῖς
578 4240 681 4315 δπλοις,
701 4239 817 4319 ἔχθιστος
833 4237 899 4317 ἀνὴρ
914 4240 987 4317 ἀρισ·

161 4355 185 4389 ιτ
212 4328 339 4409 τοκρατίορ
358 4330 403 4387 καὶ
418 4330 461 4387 διὰ
479 4337 554 4390 τοῦτο
569 4331 732 4410 προηγμένος
752 4328 802 4386 ὑπὸ
816 4332 868 4386 τῶν
882 4329 988 4387 πολλῶν

214 4423 250 4485 εἰς
264 4423 432 4499 ἐπιφάνειαν,
448 4420 496 4491 τὴν
510 4420 536 4479 δὲ
553 4419 721 4499 δημαρχικὴν
734 4417 852 4484 ἐξουσίαν
869 4417 988 4498 δεύτερον

212 4508 263 4580 ἤδη
288 4508 475 4587 παρειληφὼς,
497 4510 618 4568 ἁπάντων
643 4508 739 4580 ἥκιστα
754 4511 805 4565 τῶν
822 4509 988 4585 δημαγωγῶν

212 4600 298 4676 ἑαυτῷ
324 4598 463 4678 συμφέρειν
489 4603 631 4672 ὁμονοῆσαι
650 4598 766 4674 οἰόμενος
789 4597 836 4668 τὴν
851 4599 927 4656 πολιν
943 4597 988 4656 καί

210 4687 254 4746 τὸν
275 4690 383 4765 ἀρχαῖον
409 4687 551 4746 ἀναλαῶεῖν
577 4689 686 4767 κόσμον.
730 4689 770 4748 Οὐ
793 4686 843 4764 γδιρ
858 4685 918 4745 ὅσον
943 4686 988 4752 τὰς

159 4797 185 4833 so
209 4775 287 4850 τιμδις
301 4775 346 4832 καὶ
366 4774 412 4840 τδις
427 4776 549 4850 δυνάμεις
572 4776 636 4844 ἕξειν
651 4776 689 4834 ἔτι
710 4774 758 4843 τάς
772 4775 852 4842 αὐτδις
869 4772 987 4847 ὑπελάμ-

211 4862 287 4920 όανεν
308 4864 511 4944 ἀριστοκρατίας
531 4865 753 4939 πολιτευομένης,
768 4863 879 4942 γεγονώς
894 4885 922 4921 τε
935 4885 987 4919 κα-

211 4954 261 5015 κῶς
290 4955 333 5010 καί
368 4955 547 5035 τεθραμμένος
575 4953 671 5022 ἀδοἜως
697 4953 742 5012 καὶ
769 4952 890 5032 λαμπρόν
916 4951 987 5010 οὐθὲν

212 5036 413 5116 ἀποδειξάμενος
433 5043 493 5103 οὔτε
510 5041 579 5103 κατδι
604 5044 736 5119 πολέμους
757 5039 813 5098 οὔτ’
825 5041 852 5097 έν
877 5038 985 5119 εἰρήνῃ,

212 5122 280 5182 ἀλλδι
294 5127 338 5183 καὶ
355 5131 481 5209 περὶτῶν
502 5131 621 5212 ἐσχάτοιν
641 5127 830 5201 κινδυνεύσειν,
847 5131 882 5194 ῶς
899 5129 981 5187 ἐστα-

733 298 900 360 lthNYSlI
926 297 1308 365 HALICARNASSENSIS

1048 463 1061 488 ι
1075 444 1181 497 modesti
1195 447 1249 497 sitis
1264 465 1271 496 ι
1286 449 1312 498 et
1326 447 1348 498 si
1368 460 1418 511 qus
1441 448 1466 499 in
1483 463 1511 508 re
1527 451 1612 503 verbis
1634 455 1728 509 nostris
1749 460 1831 512 oileu-

1047 560 1175 620 «dimini,
1205 562 1253 613 boc
1281 564 1388 615 civiliter
1407 579 1458 616 nou
1478 570 1563 619 autern
1590 570 1707 624 iracunde
1727 575 1828 628 ieratis.

1047 694 1060 719 ι
1077 677 1131 726 llos
1143 677 1209 728 enim
1227 679 1301 731 modo
1322 682 1523 747 consequemini,
1547 688 1576 736 ut
1589 687 1616 737 et
1629 685 1675 750 ipsi
1697 686 1756 739 boni
1772 704 1832 744 esse

1048 792 1226 856 «rideamini,
1250 796 1276 845 et
1297 795 1410 849 inimicos
1423 801 1521 850 vestros
1543 800 1576 851 ad
1597 801 1767 866 peanitentiam
1783 807 1831 857 ad·

1049 928 1062 952 ιι
1078 907 1186 960 ducatis.

1080 1062 1179 1111 XXXII.
1198 1081 1211 1105 ιι
1226 1064 1263 1112 De
1277 1061 1331 1113 iure
1345 1063 1420 1127 igitur
1438 1064 1492 1116 baec
1510 1080 1598 1132 magna
1622 1069 1728 1133 (nostro
1740 1075 1830 1126 saltem

1051 1142 1185 1208 eludicio)
1205 1148 1349 1208 arguments
1364 1146 1531 1214 proterentes,
1550 1151 1701 1212 suademus,
1717 1168 1748 1205 ne
1768 1158 1830 1220 quid

1051 1230 1168 1293 spraeter
1182 1228 1286 1279 lactatis.
1331 1231 1453 1282 Beneficia
1479 1235 1563 1284 autem
1584 1233 1727 1288 humaniter
1743 1240 1768 1289 in
1784 1220 1830 1293 vos

1050 1309 1178 1371 «rodata,
1193 1312 1284 1374 praeter
1295 1314 1397 1375 retem,
1417 1314 1472 1365 brec
1487 1328 1588 1381 qnoque
1606 1318 1632 1368 in
1643 1324 1730 1370 nestro
1747 1322 1829 1375 reditu

1051 1412 1064 1443 ιι
1077 1409 1155 1461 παρετ
1169 1396 1237 1456 dats,
1253 1410 1360 1460 quorum
1385 1414 1431 1450 nos
1445 1401 1547 1466 quidem
1567 1403 1681 1456 oblivisci
1702 1409 1827 1471 volumus,

1051 1497 1064 1530 ιι
1078 1494 1124 1532 sos
1138 1485 1220 1532 tameo
1231 1494 1330 1545 coquum
1345 1487 1384 1536 est
1405 1498 1460 1536 esse
1477 1500 1602 1540 memores
1613 1503 1662 1541 non
1675 1497 1703 1543 ut
1715 1507 1744 1542 en
1760 1492 1829 1546 robis

1051 1582 1064 1613 ι
1080 1565 1271 1630 exprobremus,
1282 1566 1327 1617 sed
1335 1571 1363 1617 ut
1373 1582 1416 1617 ros
1425 1572 1548 1632 aequiores
1559 1585 1668 1638 erganos
1677 1576 1828 1632 reddamus:

1051 1667 1064 1692 ι
1078 1648 1188 1712 cogimur
1199 1653 1283 1699 autem
1297 1664 1364 1700 nunc
1385 1653 1536 1704 mentionem
1554 1656 1635 1707 lacere
1659 1658 1718 1708 illud
1737 1666 1827 1724 poten·

1050 1749 1064 1774 ιι
1078 1734 1131 1792 tes,
1152 1733 1180 1780 nt
1192 1743 1236 1795 pro
1257 1731 1343 1782 multis
1363 1736 1390 1784 et
1410 1736 1504 1799 magnis
1527 1736 1668 1802 beneiciis,
1685 1755 1740 1804 qum
1753 1745 1828 1794 vobis

1051 1815 1222 1880 «rogantibus
1234 1815 1315 1881 largiti
1330 1832 1434 1882 sumus,
1457 1820 1521 1872 hauc
1536 1837 1612 1874 unam
1631 1827 1733 1890 gratiam
1756 1829 1828 1880 robis

1050 1918 1062 1944 ι
1077 1900 1232 1964 rependatis,
1250 1906 1279 1952 ut
1295 1915 1376 1968 neque
1389 1903 1557 1967 interficiatis,
1574 1921 1654 1973 neque
1672 1910 1732 1960 urbe
1748 1911 1829 1976 erpel-

1052 2000 1066 2034 c
1081 1984 1138 2035 latis
1161 1987 1242 2037 sirum
1262 1989 1348 2051 patriae
1365 1993 1489 2041 amantem
1504 2028 1510 2052 ,
1526 1993 1551 2042 et
1563 1992 1637 2043 rebus
1649 1993 1744 2045 bellicis
1758 1997 1829 2062 longe

1051 2087 1064 2111 ιι
1080 2069 1192 2120 omnium
1207 2073 1439 2134 praestantissimum
1488 2076 1541 2124 lton
1565 2076 1631 2124 enim
1655 2091 1757 2140 parrum
1774 2081 1829 2131 iao-

1052 2157 1160 2205 «turam
1178 2156 1312 2218 iaciemus,
1325 2172 1473 2222 persuasum
1486 2158 1546 2209 illud
1562 2159 1687 2220 babeatis,
1704 2164 1826 2223 Quirites,

1051 2258 1064 2285 ιι
1079 2240 1102 2290 si
1114 2241 1292 2306 rempublicam
1306 2243 1348 2293 tali
1363 2243 1456 2295 virtute
1468 2243 1669 2296 insudaverimus,
1703 2250 1826 2310 AEqnissi·

1051 2342 1064 2368 ι
1080 2337 1149 2374 mum
1163 2324 1238 2388 igitur
1251 2327 1298 2383 est,
1313 2328 1343 2376 ut
1361 2326 1427 2377 illius
1441 2325 1596 2391 potlsslmum
1609 2340 1711 2390 caussa,
1727 2344 1824 2380 onemo·

1051 2427 1065 2453 ι
1078 2420 1117 2458 res
1129 2411 1192 2472 quot
1204 2408 1237 2459 de
1252 2408 1324 2460 vobis
1334 2409 1359 2459 in
1370 2410 1442 2461 bellis
1457 2409 1549 2461 serrati
1558 2409 1664 2461 salutem
1675 2411 1699 2461 ei
1708 2411 1825 2470 debeant,

1052 2509 1065 2534 ιι
1077 2491 1141 2540 liano
1161 2491 1223 2540 iram
1247 2492 1395 2552 remittatis,
1410 2505 1493 2558 nequo
1510 2505 1586 2559 pram
1604 2493 1761 2556 simonetta,
1783 2496 1828 2547 sed

1053 2575 1175 2639 segregio
1192 2574 1300 2626 facinora
1319 2577 1344 2626 in
1360 2577 1506 2629 memoriam
1526 2579 1656 2629 revocetis.
1680 2579 1749 2629 lllins
1763 2581 1829 2631 enim

1052 2680 1065 2703 ι
1080 2659 1155 2710 verba
1171 2658 1231 2709 nibil
1250 2659 1321 2710 vobis
1334 2660 1482 2724 obluemnt,
1495 2664 1522 2711 at
1533 2662 1643 2712 facinora
1656 2664 1753 2727 egregia
1764 2663 1827 2712 mul·

1052 2763 1064 2794 ι
1079 2749 1134 2796 tum
1149 2745 1219 2795 robis
1235 2747 1389 2810 protuerunt.
1423 2747 1533 2808 Quodsi
1555 2749 1616 2800 huic
1635 2748 1670 2800 ita
1690 2750 1780 2800 intensi
1793 2765 1830 2799 es

1051 2850 1063 2874 ι
1082 2832 1122 2891 tis,
1135 2834 1233 2880 utrum
1249 2844 1279 2881 eo
1295 2830 1438 2894 ingratiam
1451 2831 1533 2884 redire
1552 2832 1645 2894 nolitis,
1663 2833 1751 2884 saltem
1766 2848 1829 2884 nos·

1051 2932 1063 2956 ιι
1081 2913 1126 2963 tris
1140 2916 1165 2963 et
1182 2915 1281 2963 senatus
1300 2912 1416 2976 precibus
1434 2928 1492 2966 eum
1509 2914 1659 2973 condonate,
1685 2918 1711 2966 et
1727 2917 1827 2966 tandem

1051 3013 1064 3037 ιι
1079 2993 1212 3055 aliqnando
1231 2993 1255 3042 in
1279 2992 1376 3044 firmam
1400 2996 1427 3043 et
1446 2991 1558 3052 stabilem
1571 2992 1676 3056 gratiam
1695 2994 1827 3045 nobiscum

1050 3090 1063 3113 ιι
1079 3069 1171 3129 redite,
1186 3086 1215 3121 ac
1230 3071 1325 3122 civitati
1345 3070 1471 3135 pristinam
1491 3070 1611 3120 unitatem
1630 3071 1734 3121 reddite.
1751 3074 1826 3131 Quod

1050 3169 1063 3193 ιι
1078 3149 1099 3198 si
1125 3149 1195 3198 notris
1218 3148 1376 3201 suadentibus
1400 3162 1448 3209 uon
1479 3148 1618 3209 cesseritis,
1642 3149 1747 3212 scitule,
1781 3166 1827 3201 nos

1051 3246 1062 3275 ιι
1079 3241 1177 3291 quoque
1193 3229 1316 3279 violentias
1333 3229 1423 3279 vestrm
1441 3226 1541 3278 minime
1555 3241 1689 3278 cessuros:
1714 3229 1758 3279 sed
1782 3231 1826 3279 ubi

1051 3299 1158 3363 «plebis
1182 3300 1335 3351 voluntatem
1354 3299 1450 3363 experti
1471 3299 1607 3360 fuerimus,
1630 3298 1694 3350 hauc
1714 3301 1751 3350 sel
1774 3303 1827 3351 sin-

1051 3401 1063 3425 ι
1080 3394 1143 3430 ceres
1172 3380 1287 3430 airricitiae
1327 3382 1352 3430 et
1374 3379 1453 3430 molto
1473 3378 1574 3430 maioris
1599 3379 1683 3444 palia
1712 3394 1827 3432 caussam

1051 3480 1062 3509 ιι
1076 3461 1190 3512 omnibus
1208 3461 1275 3522 lore,
1297 3461 1337 3511 vel
1356 3459 1439 3529 denuo
1462 3460 1520 3513 belll
1537 3460 1617 3512 civilis
1631 3464 1657 3513 et
1670 3462 1828 3527 gravissum-

1050 3561 1061 3590 ιι
1078 3557 1134 3592 rum
1152 3543 1272 3593 malorum
1287 3541 1393 3592 initium.
1409 3561 1422 3586 ιν

1078 3708 1189 3757 XXXlll.
1208 3707 1271 3754 cnrn
1283 3704 1357 3768 igilur
1373 3704 1497 3755 Minucius
1513 3704 1538 3754 in
1551 3704 1618 3755 huuc
1633 3706 1735 3757 modum
1748 3707 1826 3761 disse·

1047 3797 1149 3853 ruisset,
1175 3793 1266 3844 tribuni
1296 3791 1409 3841 videntes
1434 3791 1500 3842 illius
1531 3791 1644 3843 modesta
1670 3793 1780 3844 oratione
1800 3798 1824 3845 et

1047 3882 1162 3931 immanis
1172 3875 1393 3943 pollicitationibus
1407 3875 1505 3940 plebem
1519 3876 1601 3940 flocti,
1618 3877 1643 3927 ld
1655 3891 1718 3942 segre
1733 3878 1823 3929 moles·

1046 3975 1119 4035 toque
1131 3967 1253 4025 terebant,
1270 3965 1314 4015 sed
1327 3964 1487 4029 praecipitet)
1510 3965 1616 4015 Sicinius
1635 3966 1758 4028 Bellutns,
1780 3969 1823 4031 qui

1046 4059 1194 4124 pauperibus
1217 4059 1305 4107 auctor
1333 4055 1429 4115 lucrat,
1454 4054 1484 4102 ut
1506 4052 1643 4117 apatriciis
1662 4055 1824 4105 secessionem

1044 4152 1167 4210 lacerent,
1182 4151 1208 4197 ct
1219 4147 1267 4195 dux
1284 4145 1315 4194 ab
1334 4142 1395 4206 ipsis
1416 4142 1513 4192 orestus
1528 4145 1565 4191 est
1577 4141 1697 4206 quamdiu
1712 4145 1736 4192 in
1749 4145 1824 4194 anuis

1045 4243 1159 4298 luerunt,
1184 4236 1222 4285 vir
1244 4228 1423 4282 intensissimus
1449 4227 1612 4292 optimatibus
1627 4233 1651 4278 et
1667 4231 1825 4293 propterera

1044 4332 1140 4383 civibus
1159 4328 1211 4377 suis
1237 4323 1268 4372 nd
1290 4321 1427 4369 claritatem
1450 4321 1592 4381 promotus,
1621 4318 1824 4382 tribunitiamque

1044 4423 1106 4472 bane
1118 4417 1264 4483 potestatem
1277 4412 1367 4460 iterum
1382 4408 1429 4457 iam
1442 4407 1547 4471 adeptus
1566 4411 1592 4458 et
1604 4407 1704 4459 rninime
1714 4407 1823 4458 omnium

1043 4519 1191 4583 collegarum
1215 4513 1322 4565 civitatis
1337 4506 1495 4559 concordiam
1523 4507 1549 4553 ot
1564 4502 1661 4566 pristini
1684 4500 1824 4565 reipublicae

1044 4611 1124 4656 status
1134 4604 1342 4668 recuperationem
1352 4599 1400 4649 sibi
1416 4594 1528 4659 expedire
1542 4595 1619 4641 ratus.
1641 4593 1746 4640 Tantum
1757 4591 1823 4641 euim

1043 4700 1137 4761 aberat,
1153 4701 1180 4747 ut
1194 4698 1300 4747 bonores
1310 4700 1336 4746 cl.
1350 4696 1498 4757 potestatem
1523 4686 1626 4736 eandem
1643 4698 1671 4735 se
1682 4684 1764 4734 adhuc
1777 4683 1822 4733 lm-

1042 4787 1152 4838 bilurnm
1165 4790 1287 4850 speraret,
1310 4784 1330 4834 si
1353 4782 1493 4846 respublica
1508 4782 1540 4830 ab
1558 4776 1719 4842 optimatibus
1736 4774 1824 4837 guber·-

1043 4877 1152 4937 naretur,
1164 4873 1231 4938 quod
1246 4872 1297 4936 ipse
1312 4874 1378 4920 esset
1387 4867 1462 4918 homo
1471 4866 1585 4930 ignobilis
1598 4867 1624 4915 et
1637 4864 1662 4913 in
1672 4860 1821 4913 obscuritate

1043 4965 1173 5023 educatus,
1187 4960 1263 5024 etqui
1275 4958 1370 5011 nullum
1381 4956 1506 5020 egregium
1526 4955 1635 5015 lacinus,
1651 4955 1697 5001 aut
1708 4946 1803 4998 militiae
1815 4987 1820 5007 ,

1043 5059 1086 5107 eut
1098 5054 1123 5105 in
1135 5066 1208 5117 pace,
1226 5049 1361 5110 edidisset,
1376 5051 1403 5097 ut
1420 5046 1494 5096 etium
1508 5061 1533 5096 se
1546 5049 1571 5095 in
1584 5055 1708 5095 summum
1720 5041 1820 5104 pericu-

1043 5145 1094 5195 lum
1106 5140 1194 5205 capitis
1211 5141 1344 5190 venturum
1359 5138 1475 5199 putaret,
1488 5134 1554 5195 quod
1569 5130 1715 5185 seditionem
1725 5129 1750 5180 in
1760 5127 1821 5179 ciri-
