3772 5828
190 335 249 393 ull

191 464 337 539 ἐκύρωσαν.
380 454 436 524 Ἦν
451 461 478 522 δὲ
503 463 610 523 τοιόνδε·
626 490 638 516 ι
658 463 715 530 Ti<
733 461 813 540 τιμθις
835 452 968 523 εἶναιτῶν

194 575 207 604 ιι
223 551 309 610 ὠνίων
323 555 377 611 τῶν
398 551 463 630 πρὸς
477 551 522 609 τὸν
544 554 604 611 καθ’
615 550 718 632 ἡμέραν
731 552 787 630 βίον
799 551 966 629 ἀναγκαίων,

194 666 208 693 ιι
227 638 323 706 αἵτινες
337 639 457 720 ἐγένοντο
465 641 606 720 ἐλάχισται
618 640 669 718 πρὸ
696 644 742 712 τὴς
758 640 885 722 ἐμφυλίου
903 640 968 701 στά-

195 755 208 781 u
224 752 299 796 σεως.
316 757 329 780 ι
342 727 421 808 [lupi
436 727 464 786 δὲ
479 731 532 786 τῶν
548 730 693 808 δημάρχων
706 727 794 787 πολλά
808 728 970 808 λιπαρήσαν-

151 826 164 864 ⁶
191 841 234 886 τες
247 818 295 890 τήν
316 818 364 895 μὲν
382 819 511 896 ὁλοσχερῆ
537 819 647 894 πάρεσιν
672 821 721 898 οὐχ
736 817 854 894 εὕροντο,
876 818 925 889 τήν
940 817 968 876 δέ

192 909 229 974 είς
252 906 345 987 χρόνον
370 904 430 963 ὅσον
442 903 529 975 ἠξίουν
554 904 687 975 ἀναόολήν
712 904 818 964 ἐλαύον·
843 905 918 964 αιἰτοί
938 927 967 963 τε

191 994 465 1076 προσεμηχανήσαντο
480 993 618 1076 διατριόήν
634 994 725 1073 ἑτέραν
742 998 851 1076 ἀφορμῇ
875 995 967 1075 τοιᾷδε

189 1085 363 1168 χρησάμενοι.
408 1082 477 1148 Τούς
500 1086 531 1142 ἐκ
556 1085 679 1151 Σικελίας
704 1083 902 1151 ἀποσταλέντας
916 1084 967 1144 tri

131 1166 133 1171 Ι
188 1180 235 1234 τοῦ
248 1171 376 1252 τυράννου
388 1170 512 1249 πρέσόεις
527 1170 573 1230 καί
583 1173 821 1252 παρακομίσαντας
836 1174 874 1252 τῷ
888 1170 966 1252 δήμῳ

138 1273 163 1311 ¹⁰
188 1260 236 1334 τήν
248 1263 294 1319 τοῦ
304 1258 377 1317 σίτου
394 1260 511 1339 δωρεὰν,
526 1260 710 1330 ἀποπλέοντας
726 1259 815 1319 οίκαδε
831 1258 965 1320 Ἀντιάται

118 1388 122 1403 2
187 1347 356 1430 πειρατήριον
368 1346 516 1414 στειλαντες
526 1346 695 1428 κατήγαγον,
711 1349 923 1418 ἀποσαλεύοντας
934 1350 964 1408 ού

187 1438 279 1520 πρόσω
290 1439 343 1494 τῶν
359 1436 491 1512 λιμένων,
512 1436 558 1494 καὶ
580 1434 613 1494 τό
630 1459 659 1496 τε
675 1435 802 1516 χρήματα
825 1438 911 1496 αὐτῶν
926 1438 963 1504 ὡς

187 1525 319 1602 πολεμίοιν
335 1527 368 1583 δι’
384 1524 511 1605 ἀφελείας
538 1524 643 1604 ἔθεντο,
668 1527 713 1584 καί
729 1525 763 1584 τθι
778 1524 892 1601 σώματα
912 1548 963 1584 κα-

187 1613 374 1678 τακλείσαντες
389 1603 460 1691 είχον
476 1614 503 1671 ἐν
523 1615 641 1695 φυλακῇ.
685 1615 782 1672 Τοιῒιτα
799 1612 925 1688 μαθόντες
939 1614 963 1671 οῖ

137 1709 161 1745 ¹⁶
188 1700 283 1762 ύποιτοι
296 1699 382 1768 ἔξοδον
395 1698 559 1780 ἐψηφίσαντο
573 1701 617 1759 ἐπί
631 1697 692 1768 τούς
707 1700 854 1773 Ἀντιάτας,
869 1701 961 1773 ίπειδὴ

187 1787 406 1871 πρεσόευομένοις
436 1789 526 1855 αὐτοῖς
553 1789 628 1848 οὐδέν
655 1789 742 1862 ἡξίουν
772 1792 824 1848 τῶν
852 1789 961 1849 δικαίων

185 1888 279 1938 ποιεῖν·
305 1877 352 1935 καί
378 1877 553 1954 ποιησόμενοι
568 1881 621 1936 τῶν
650 1882 676 1938 ἐν
705 1882 779 1958 ἀκμῇ
812 1881 959 1956 κατάλογον

184 1965 295 2045 ἐξήισαν
315 1964 477 2044 ἀμρότεροι,
497 1963 623 2043 ψήφισμα
637 1963 803 2045 κυρώσαντες
817 1965 960 2045 ύπέράνα-

184 2055 266 2126 όολής
281 2056 333 2112 τῶν
343 2075 371 2109 τε
387 2051 459 2111 ἰδίων
470 2049 516 2109 καί
529 2055 581 2109 τῶν
594 2051 728 2126 δημοσίων
742 2053 838 2130 δικῶν,
850 2051 909 2110 ὅσον
928 2051 960 2112 ἀν

135 2145 165 2183 ⁹⁰
183 2143 278 2224 χρόνον
292 2131 357 2199 ὦσιν
372 2143 398 2199 ἐν
413 2139 466 2205 τοῖς
478 2139 579 2206 ὅπλοις.
631 2138 754 2219 Ἐγίνετο
773 2139 799 2199 δέ
815 2133 889 2207 ούτος
911 2142 962 2221 οὖχ

183 2231 244 2290 δσον
259 2227 408 2302 ιἰπὲλαόον,
424 2225 494 2285 ἀλλὰ
508 2229 598 2309 πολλῷ
613 2226 740 2289 ἐλάττων.
783 2231 820 2290 οί
834 2225 886 2309 γάρ
899 2227 959 2288 Ἀν-

182 2319 274 2378 τιοίται
298 2317 424 2394 μαθόντες
445 2315 694 2396 ἐξεττρατευμίνους
724 2317 858 2397 πανδημεί
885 2317 958 2379 Ῥω-

186 2407 280 2478 μαίους
293 2403 352 2463 οὐδὲ
363 2403 407 2463 τὸν
423 2403 561 2485 ἐλάχιστον
581 2405 707 2486 ἀντέσχον
721 2406 825 2486 χρόνον·
841 2404 958 2482 δεόμενοι

183 2495 213 2555 δί
229 2494 274 2554 καὶ
294 2495 466 2573 λιπαροῦντες
481 2494 515 2552 τά
529 2516 558 2552 τε
572 2493 686 2573 σώματα
700 2497 752 2554 τῶν
770 2493 887 2553 ἁλόντων
908 2496 959 2554 Σι-

45 2574 49 2589 '
130 2593 159 2637 2⁶
182 2585 316 2646 κελιωτῶν
331 2581 464 2642 ἀπέδοσαν
482 2582 527 2641 καί
547 2581 581 2643 τά
600 2583 738 2664 χρήματα.
779 2582 865 2644 Ὥστε
878 2587 960 2662 ἡναγ-

182 2673 319 2743 κάσθησαν
335 2675 359 2731 οί
373 2669 503 2743 Ῥωμαῖοι
518 2672 553 2738 είς
567 2671 615 2744 τήν
636 2673 712 2733 πολιν
724 2671 897 2754 ἀναστρέψαι.

221 2759 387 2819 XXXVIII.
409 2758 583 2831 Διαλυθείσης
604 2759 632 2818 δὲ
658 2764 705 2832 τῆς
729 2763 892 2840 ατρατιᾶς,ύ
912 2756 960 2836 μέν

182 2846 313 2913 Σικίννιος
326 2845 488 2927 ύδήμαρχος
497 2848 651 2927 συναγαγὼν
664 2850 694 2910 ei
705 2851 803 2921 πλῆθος
816 2851 851 2914 είς
866 2850 961 2919 ἐκκλη-

185 2935 262 3007 σίαν,
282 2938 407 3016 προεῖπεν
424 2933 549 3012 ἡμέραν,
571 2941 597 2996 ἐν
612 2928 630 3016 ἡ
645 2940 777 2996 συντελεῖν
801 2936 896 3012 έμελλε
910 2936 958 3007 τήν

132 3035 160 3080 ιν
184 3024 299 3103 περὶτοῦ
315 3023 438 3102 Μαρκίου
452 3023 546 3095 κρίσιν·
559 3023 605 3082 καῖ
619 3025 762 3103 παρεκάλει
778 3023 837 3088 τούς
849 3045 877 3079 τε
890 3022 957 3081 κατὰ

183 3112 260 3173 πόλιν
281 3113 447 3194 ὑπάρχοντας
462 3111 568 3191 ἀθρόους
584 3110 658 3182 ήκειν
681 3112 724 3169 ἐπί
749 3110 797 3182 τήν
819 3109 958 3185 διάγνωσιν

183 3205 230 3273 τῆς
255 3201 344 3273 δίκης,
366 3200 412 3258 καί
434 3196 493 3264 τοὺς
518 3198 564 3258 ἐπί
584 3200 636 3255 τῶν
661 3200 750 3280 ἀγρῶν
776 3196 956 3275 διατρίόοντας

184 3289 327 3371 ἀρεμίνους
339 3291 392 3346 τῶν
407 3287 490 3366 ἔργων
500 3289 535 3353 είς
550 3286 598 3359 τήν
610 3285 691 3358 αὐτὴν
705 3284 809 3366 ἡμέραν
824 3286 956 3358 ἀπαντᾶν,

184 3380 220 3446 ὡς
240 3377 304 3456 ὑπὲρ
321 3376 466 3455 ἐλευθερίας
490 3375 535 3434 καί
555 3375 687 3454 σωτηρίας
703 3376 765 3447 ὅλης
786 3377 832 3444 τ’ής
856 3371 958 3441 πόλεως

132 3480 159 3518 ³³
184 3468 329 3548 τήνψήραν
345 3464 567 3544 ἀναληψομένους.
612 3463 787 3543 Μαρήγγελλε
808 3462 835 3519 δέ
853 3461 898 3519 καί
919 3465 958 3543 τῷ

184 3558 299 3637 Μαρκίῳ
326 3561 450 3633 παρεῖναι
465 3553 530 3632 πρὸς
551 3551 598 3624 τήν
613 3554 778 3631 ἀπολογίαν,
799 3555 834 3618 ὡς
857 3551 959 3618 οὐδενὸς

184 3647 341 3725 ἀτυχήσοντι
358 3644 410 3699 τῶν
426 3639 486 3719 περί
500 3639 546 3707 τάς
568 3641 665 3723 κρίσεις
680 3642 810 3718 νομίμων.
854 3645 917 3710 Τοῖς
930 3641 957 3702 δέ

184 3735 290 3799 ὑπάτοις
313 3731 397 3790 ἐδόκει
421 3729 639 3808 βουλευσαμένοις
663 3731 730 3808 μετὰ
754 3736 801 3789 τοῦ
827 3732 960 3813 συνεδρίου

185 3821 221 3895 μή
237 3828 361 3901 περιορᾶν
384 3818 428 3877 τὸν
443 3819 527 3895 δῆμον
544 3818 659 3886 ἐξουσίας
681 3820 841 3891 τηλικαύτης
867 3817 956 3898 κύριον

131 3923 159 3961 lu
184 3907 334 3982 γενόμενον.
387 3906 493 3985 Εύρητο
506 3908 533 3966 δέ
548 3908 634 3970 αὐτοῖς
644 3910 690 3976 τῆς
699 3906 837 3973 κωλύσεως
853 3907 958 3987 ἀρορμὴ

185 3993 274 4051 δικαία
300 3994 346 4052 καί
369 3995 495 4069 νόμιμος,
522 3986 540 4072 ᾖ
565 3994 698 4074 χρώμενοι
719 3995 806 4053 πάντα
824 3993 955 4054 διαλύσειν

182 4083 264 4162 ᾤοντο
291 4082 325 4139 τά
349 4086 401 4140 τῶν
428 4084 565 4142 ἀντιδίκων
589 4083 768 4162 βουλεύματα.
819 4083 872 4141 Καὶ
888 4083 956 4159 μετά

181 4176 258 4230 τοῦτο
271 4171 454 4247 παρεκάλεσαν
470 4176 504 4239 είς
520 4174 611 4251 λόγους
630 4174 711 4231 ἐλθεῖν
725 4172 783 4240 τοὺς
793 4174 956 4253 προεστηκό-

180 4285 227 4326 τας
248 4265 293 4317 rob
318 4257 419 4334 δήμου,
446 4261 574 4320 συνόντων
601 4263 687 4329 αὐτοῖς
711 4267 762 4321 τῶν
788 4262 953 4335 ἐπιτηδείων.

131 4379 157 4416 ln
181 4349 237 4410 liet
260 4347 330 4414 ἔλεξε
345 4350 477 4419 Μηνύκιος
496 4351 592 4411 τοιάδε·
612 4381 624 4407 ιι
643 4351 742 4428 Ἡμῖν,
762 4342 784 4412 ὦ
808 4352 955 4434 δήμαρχοι,

184 4463 197 4489 ιι
214 4438 286 4495 δοκεῖ
295 4438 394 4515 χρήνοιι
409 4435 456 4506 τήν
474 4439 566 4497 στάσιν
590 4439 733 4508 ἐξελαύνειν
750 4442 779 4499 ἐκ
793 4445 839 4513 τῆς
855 4443 956 4511 πόλεως

183 4549 197 4578 ιι
217 4524 308 4604 ἁπάσῃ
334 4523 458 4600 δυνάμει,
484 4526 529 4584 καί
554 4526 590 4603 μή
618 4530 771 4610 ριλονεικεῖν
792 4530 896 4588 ἐναντία
917 4534 956 4612 τῷ

183 4613 290 4693 «δήμῳ
314 4613 374 4692 περὶ
394 4615 503 4691 μηδενὸς
529 4618 674 4696 χρήματος·
701 4620 817 4694 μάλιστα
843 4619 870 4678 δὲ
893 4620 956 4679 ὅταν

182 4730 195 4757 ιι
212 4707 315 4782 δρῶμεν
338 4706 406 4779 ὑμᾶς
427 4703 480 4762 ἀπὸ
499 4710 550 4764 τῶν
576 4709 668 4784 βιαίων
693 4709 735 4768 ἐπὶ
756 4709 790 4768 τδι
809 4708 897 4767 δίκαια
909 4707 955 4767 καί

131 4817 158 4856 uu
183 4819 194 4841 ι
214 4793 271 4859 τοὺς
286 4793 379 4872 λόγους
393 4791 514 4863 ήκοντας.
527 4794 633 4866 Ταύτης
648 4795 767 4875 μέντοιγε
786 4801 833 4868 τῆς
848 4795 955 4873 γνώμης

183 4906 195 4930 ιι
213 4883 376 4951 ἐπαινοῦντες
395 4885 480 4958 ὑμᾶς,
495 4880 542 4953 τὴν
563 4883 660 4962 βουλήν
679 4886 785 4961 οἰόμεθα
810 4888 862 4945 δεῖν
878 4886 954 4966 ἀρξαι

183 4992 195 5013 ιι
212 4969 399 5047 προύοθλευμα
413 4970 617 5048 ποιησαμένην,
634 4973 724 5052 ὥσπερ
740 4973 811 5032 ἐστίν
824 4978 888 5050 ἡμῖν
900 4973 952 5032 πά-

182 5076 194 5100 ιι
211 5074 292 5128 τριον.
317 5057 445 5120 Δύναιοθε
462 5059 489 5118 δὲ
505 5059 537 5118 ἀν
554 5060 599 5118 καὶ
616 5059 689 5117 αὐτοί
705 5066 781 5118 τοῦτο
794 5065 951 5143 μαρτυρεῖν,

711 330 880 395 DIONYSII
902 332 1281 394 HrlLICXItNXSSENSIS

1022 477 1107 524 antem
1119 474 1191 525 tale:
1210 493 1223 517 ιι
1239 473 1321 524 Pretia
1339 486 1423 524 rerum
1439 476 1563 526 renalium
1576 476 1607 527 ad
1628 479 1813 542 quotidianum·

1024 579 1036 602 ιι
1053 561 1147 611 rictum
1156 560 1335 625 pertinentium
1345 574 1394 610 non
1407 561 1504 612 maiora
1519 576 1588 625 esse,
1599 578 1673 628 quam
1684 581 1744 630 quae
1756 570 1804 620 mi·

1023 667 1036 691 ι
1053 649 1119 699 nima
1129 648 1291 700 autecirilcm
1301 647 1446 700 seditionem
1454 650 1565 702 tuissent.
1574 674 1585 695 υ
1597 656 1616 703 Α
1626 654 1731 706 tribunis
1740 670 1804 708 vero

1022 737 1106 788 multis
1124 737 1248 800 precibus,
1259 749 1318 786 cum
1337 736 1506 788 remissionem
1529 739 1648 802 integram
1667 742 1803 808 impetrare

1021 837 1069 872 non
1090 825 1240 887 potuissent,
1260 824 1404 876 dilutionem
1421 826 1508 878 iudicii
1523 829 1700 893 impetrarunt,
1719 846 1801 896 quau·

1021 912 1073 961 tam
1089 913 1213 974 petierunt
1224 931 1231 975 ;
1242 912 1338 976 ipsique
1355 913 1429 964 aliam
1441 928 1536 966 moram
1554 919 1737 981 exmgitarunt,
1753 922 1800 973 bac

1020 1001 1148 1050 occasione
1162 1003 1211 1052 usi.
1246 1005 1350 1067 Legatos
1360 1017 1392 1053 ex
1408 1003 1514 1054 Siciliae
1531 1008 1637 1068 tyranno
1659 1007 1764 1067 missos,
1775 1013 1803 1058 ct

1020 1086 1063 1151 qui
1076 1087 1226 1139 trumentum
1237 1090 1326 1155 populu
1339 1094 1450 1143 llomano
1461 1092 1527 1144 douo
1538 1094 1625 1145 datum
1639 1098 1801 1158 advexerant,

1020 1173 1122 1224 domurn
1135 1174 1280 1234 redeuntes,
1296 1178 1408 1228 Antiates
1429 1178 1507 1231 missa
1519 1181 1657 1244 plratarum
1670 1197 1746 1234 mauu
1761 1184 1799 1234 in-

1019 1261 1183 1324 tcrceperunl,
1199 1261 1358 1326 ipsorumque
1371 1277 1447 1314 naves
1459 1265 1485 1316 in
1497 1276 1556 1319 suos
1566 1271 1668 1332 portus,
1684 1271 1800 1336 aquibus

1020 1360 1068 1396 non
1081 1346 1152 1412 longe
1162 1347 1264 1399 aberant
1272 1348 1298 1398 iu
1310 1349 1373 1401 laiso
1388 1354 1482 1403 stantes
1496 1353 1665 1418 deduxerunt,
1673 1359 1700 1409 et
1712 1370 1800 1409 eurum

1019 1435 1137 1498 pecunias
1153 1438 1182 1486 ιιι
1198 1435 1308 1488 hostium
1321 1438 1491 1504 diripuerunt,
1507 1443 1624 1508 ipsosque
1637 1445 1662 1494 in
1676 1459 1799 1499 carcerem

1019 1523 1142 1575 coniectos
1167 1524 1348 1577 custodiebant.
1383 1527 1504 1580 consules
1532 1531 1571 1582 liis
1593 1532 1670 1583 rebus
1693 1534 1799 1598 cognitis

1018 1613 1200 1676 expeditionem
1212 1614 1237 1665 in
1259 1616 1370 1667 Antiates
1385 1617 1565 1681 decreverunt,
1581 1621 1664 1683 quod,
1677 1621 1752 1671 missa
1764 1622 1796 1671 ad

1018 1712 1062 1750 cos
1083 1701 1220 1766 legatione,
1242 1703 1302 1753 nibil
1333 1705 1401 1768 quod
1418 1720 1521 1770 equum
1549 1712 1630 1771 esset,
1651 1713 1730 1761 lacere
1742 1707 1795 1760 rel·

1018 1789 1091 1841 lente
1115 1790 1248 1856 habitoque
1278 1792 1403 1844 iuniorum
1417 1794 1517 1846 delectu
1542 1798 1656 1849 exierunt
1676 1798 1794 1864 utrique,

1019 1876 1087 1928 lactu
1107 1881 1334 1942 senatusconsulto,
1361 1885 1390 1933 ut
1411 1883 1510 1947 omnia,
1534 1888 1587 1937 tam
1606 1888 1703 1952 priuata
1719 1902 1795 1952 quam

1021 1964 1117 2028 publica
1130 1965 1220 2016 iudicia
1230 1968 1450 2033 suspenderentur,
1461 1971 1581 2036 quamdiu
1588 1972 1614 2024 iu
1623 1975 1699 2025 umis
1709 1975 1797 2027 tonent.

1020 2053 1073 2102 Hoc
1086 2055 1170 2104 autem
1181 2055 1281 2119 tempus
1304 2069 1358 2106 non·
1376 2062 1500 2120 quantum
1523 2059 1572 2124 ipsi
1592 2064 1734 2126 sperarant,
1753 2064 1796 2114 scd

1017 2138 1097 2190 multo
1117 2139 1217 2191 breuius
1246 2142 1301 2193 luit.
1335 2144 1398 2195 llam
1424 2146 1469 2197 ubi
1492 2148 1602 2200 Antiates
1626 2156 1796 2214 cognorerunt

1017 2225 1139 2274 llomsnos
1152 2224 1212 2275 totis
1226 2226 1321 2277 uiribus
1340 2242 1371 2278 ex
1388 2229 1480 2281 tinibus
1493 2232 1545 2283 suls
1563 2244 1690 2297 egressos,
1708 2246 1739 2284 ue
1752 2235 1793 2284 uel

1017 2310 1145 2362 minimum
1161 2310 1259 2375 quidem
1273 2314 1392 2379 temporis
1407 2301 1684 2382 spatium'restiterunn
1696 2320 1740 2371 sed
1749 2333 1793 2370 eos

1023 2400 1118 2463 precari
1131 2403 1157 2450 et
1179 2400 1323 2465 suppliciter
1341 2417 1414 2456 orara
1425 2411 1569 2472 coepcrunt,
1586 2408 1679 2474 etipsa
1696 2408 1793 2459 Siculu-

1018 2499 1074 2537 rum
1088 2499 1191 2552 corpora
1202 2490 1228 2538 et
1240 2488 1356 2552 pecunias
1369 2491 1544 2557 restitueruut;
1553 2506 1603 2558 quo
1616 2494 1683 2546 lactu
1693 2495 1796 2546 Romani

1017 2573 1103 2625 urbem
1112 2577 1223 2640 repetere
1234 2577 1313 2628 coacti
1325 2581 1391 2632 suut.

1048 2750 1183 2801 XXXVIIl.
1202 2749 1311 2801 Dimisso
1325 2754 1410 2803 autem
1425 2754 1534 2806 exercitu
1543 2793 1551 2817 ,
1561 2754 1668 2807 Sicinius
1683 2757 1798 2808 tribunus

1017 2834 1088 2898 plebe
1108 2836 1139 2886 ad
1162 2835 1306 2887 concionem
1317 2842 1404 2889 coactu
1422 2841 1515 2891 biarcio
1528 2840 1594 2892 diem
1614 2841 1692 2903 dixit,
1707 2843 1795 2905 inqua

1018 2935 1113 2972 caussae
1129 2922 1183 2972 eius
1198 2921 1318 2974 iudicium
1331 2925 1472 2979 iaciendum
1490 2929 1563 2977 erat:
1580 2928 1732 2991 rogabatque
1745 2941 1793 2978 nou

1016 3011 1096 3062 solum
1109 3026 1167 3073 eos,
1179 3014 1221 3076 qui
1244 3014 1268 3064 iu
1282 3014 1342 3066 urbe
1363 3020 1446 3077 οεειιι,
1469 3022 1496 3068 ut
1519 3017 1661 3081 trequentes
1673 3018 1706 3068 ad
1727 3018 1794 3069 illius

1017 3116 1112 3152 caussae
1133 3102 1297 3165 cognitionem
1320 3117 1349 3154 ac
1373 3103 1492 3154 iudicium
1505 3103 1633 3163 venirent,
1654 3103 1793 3156 sedetiam

1015 3188 1084 3249 illos,
1097 3187 1140 3251 qui
1154 3188 1178 3237 iu
1192 3189 1257 3252 agris
1270 3188 1397 3254 degebant,
1410 3191 1437 3239 ul
1448 3189 1590 3240 intermisso
1601 3202 1677 3252 opere
1689 3189 1721 3240 ad
1736 3204 1794 3241 cau·

1014 3276 1073 3327 dem
1083 3275 1147 3326 diem
1163 3279 1253 3338 prmsto
1270 3277 1364 3338 essent,
1386 3275 1453 3342 quod
1471 3290 1515 3342 pro
1530 3276 1645 3327 libertate
1670 3281 1696 3327 et
1711 3277 1791 3328 salute

1014 3365 1091 3417 totius
1103 3363 1245 3428 reipublicae
1259 3364 1377 3430 sutfragia
1390 3364 1450 3430 ipsis
1466 3369 1548 3417 essent
1564 3365 1673 3416 terenda.
1690 3368 1791 3416 Denun-

1015 3455 1085 3505 tiauit
1097 3452 1172 3505 ctiam
1192 3454 1298 3515 Marcio,
1314 3457 1341 3504 ut
1353 3454 1384 3504 ad
1405 3468 1519 3506 caussam
1537 3454 1666 3505 dicendam
1682 3453 1792 3513 veniret,

1014 3543 1137 3607 pollinitus
1155 3541 1222 3600 lore,
1238 3544 1266 3591 ut
1281 3543 1374 3594 nullius
1386 3542 1421 3594 rei
1434 3543 1549 3609 legitimae
1561 3543 1586 3593 in
1603 3542 1703 3593 iudiciis
1716 3543 1795 3607 repul·

1015 3646 1068 3682 sam
1081 3631 1215 3695 pateretur.
1250 3628 1398 3679 Consulibus
1415 3633 1487 3690 rerof,
1512 3633 1568 3694 post
1591 3630 1793 3680 consultationum

1014 3733 1072 3769 cum
1083 3716 1194 3783 patribus
1205 3714 1332 3777 habitam,
1349 3717 1427 3780 plebis
1448 3717 1549 3769 arbitrio
1571 3721 1666 3768 tantam
1684 3722 1792 3782 potesta·

1015 3823 1065 3872 tem
1078 3822 1178 3871 minime
1191 3816 1333 3881 permittere
1347 3815 1447 3880 placuit.
1481 3818 1580 3866 iustam
1596 3819 1679 3865 autem
1694 3818 1718 3863 et
1730 3813 1788 3877 legi-

1014 3903 1099 3955 timam
1110 3904 1162 3953 cius
1178 3899 1317 3951 inhibendus
1338 3900 1456 3950 rationem
1472 3900 1631 3959 inuenerunt,
1650 3914 1699 3964 qua
1710 3898 1790 3948 omnin

1013 3992 1209 4043 aduersariorum
1223 3988 1323 4038 consilia
1344 4003 1358 4037 a
1386 4002 1413 4038 se
1436 3987 1581 4053 dissipatum
1609 3988 1638 4037 iri
1664 3987 1789 4052 putabant.

1013 4083 1145 4141 Quotacto
1163 4079 1274 4131 tribunus
1296 4077 1372 4141 plebis
1392 4091 1513 4127 unacum
1536 4091 1622 4128 corum
1647 4077 1792 4127 necessariis

1013 4170 1045 4221 ad
1056 4172 1206 4235 colloquium
1222 4174 1349 4219 vocarunt.
1371 4170 1400 4217 Et
1425 4167 1547 4217 Minucius
1562 4167 1587 4216 in
1609 4166 1675 4216 bunc
1690 4167 1791 4216 modum

1012 4271 1050 4317 est
1063 4267 1161 4317 locutus
1175 4287 1180 4316 :
1203 4283 1215 4313 ιι
1228 4264 1316 4331 Nobis,
1333 4261 1440 4321 tribuni,
1461 4259 1593 4311 seditiosu
1607 4261 1668 4310 urbe
1683 4260 1739 4310 lolIs
1752 4260 1789 4310 ri·

1015 4362 1111 4413 unibus
1135 4363 1255 4422 tollenda,
1282 4373 1327 4409 nec
1343 4372 1400 4408 curn
1425 4356 1496 4420 plebe
1523 4358 1671 4421 pertinacius
1691 4357 1742 4407 ulla
1760 4358 1792 4410 de

1015 4471 1028 4501 ιι
1043 4466 1070 4502 re
1090 4451 1285 4502 contendendum
1310 4448 1568 4514 rideturgpraeserlim
1594 4461 1652 4496 reru
1672 4462 1727 4496 cum
1754 4449 1790 4497 ri·

1015 4557 1026 4585 ιι
1044 4539 1160 4599 deauurs,
1174 4552 1230 4596 ros,
1248 4537 1389 4595 omissuri,
1406 4535 1459 4586 iure
1473 4549 1503 4584 ac
1517 4534 1599 4584 uerbis
1617 4547 1697 4596 agere.
1712 4538 1792 4593 Quam

1014 4644 1026 4673 ιι
1039 4629 1145 4676 vestram
1158 4625 1310 4675 voluntatem
1319 4623 1377 4674 licet
1392 4621 1534 4679 laudemus,
1548 4626 1631 4671 tamen
1640 4633 1794 4691 [capessens-

1014 4731 1026 4762 ιι
1041 4713 1195 4764 tusconsulto
1216 4727 1285 4762 more
1307 4709 1470 4774 patriurchis
1486 4712 1600 4758 auctores
1616 4708 1670 4757 fueri
1692 4723 1793 4772 aequum

1014 4822 1026 4851 ιι
1041 4815 1114 4864 aequo
1129 4816 1183 4852 csse
1203 4813 1338 4852 censemus.
1374 4796 1479 4848 Potestis
1502 4801 1585 4846 autern
1604 4799 1629 4847 ut
1650 4797 1697 4860 ipsi
1715 4800 1793 4846 testes

1013 4911 1025 4941 ιι
1041 4905 1106 4949 esse,
1120 4906 1152 4942 er
1161 4904 1212 4955 quo
1225 4891 1277 4940 limo
1290 4889 1374 4939 urbsa
1388 4884 1521 4935 maioribus
1534 4889 1626 4936 nostris
1637 4884 1733 4936 condita
1742 4887 1790 4943 est,

1013 5005 1025 5027 ιι
1043 4997 1139 5047 semper
1155 4984 1220 5033 lrunc
1239 4981 1356 5030 lruuorcru
1370 4977 1466 5028 senatui
1479 4976 1606 5037 habiturn,
1623 4981 1648 5029 et
1664 4988 1790 5037 nunquam

1013 5090 1025 5120 ιι
1037 5074 1138 5137 plebem?
1151 5073 1182 5123 de
1200 5072 1250 5122 ulla
1267 5085 1293 5120 re
1305 5070 1398 5132 ubsque
1425 5073 1550 5134 praeeunte
1576 5066 1791 5121 senatusconsulto

176 5161 193 5187 ν
212 5136 251 5194 ὅτι
266 5137 291 5204 ἓξ
306 5131 334 5196 οὗ
348 5143 427 5213 τήνδε
448 5145 496 5215 τὴν
516 5148 593 5205 πόλιν
619 5147 727 5204 ἔκτισαν
744 5149 821 5223 ἡμῶν
845 5150 869 5208 oi
893 5148 959 5229 πρό·
1008 5174 1020 5204 ιι
1035 5160 1172 5221 iudicasse,
1185 5170 1265 5222 neque
1278 5156 1415 5222 quidquem
1430 5156 1481 5207 suis
1500 5156 1622 5222 suffragiis
1635 5152 1794 5207 decreuisse,
