3772 5828
558 373 850 448 ANTIQUITATUM
872 371 1019 434 ROMAN.
1044 371 1114 434 LlB.
1141 373 1216 433 Vlll.
1611 380 1672 443 483

65 538 77 562 ιι
92 513 185 586 λομαι·
196 511 257 585 μηδ’
267 506 403 588 ύπολάθῃς
416 506 463 581 τήν
476 510 586 566 σεαυτοῦ
599 504 701 585 μητέρα
713 505 842 578 τοσαύτης

65 626 77 649 ιι
94 601 294 670 ἀναπεπλῆσθαι
306 595 477 662 θεοόλαύείας
484 640 493 670 ,
505 592 574 654 ῶοτε
588 594 632 654 τὸν
647 592 784 671 ἀγαπητὸν
796 592 842 654 καί

65 716 78 740 ιι
92 687 169 765 μόνον
184 686 239 745 υἱὸν
255 689 292 753 εἰς
307 684 420 766 αίσχρδις
440 683 487 744 καί
501 682 620 750 ἀνοσίους
635 681 741 761 πράξεις
754 704 842 762 παρα-

66 804 78 828 ιι
93 773 271 847 καλεῖν,ἀλλδι
283 771 350 851 μετδι
362 776 451 845 κοινῆς
465 771 573 850 γνώμης
584 768 732 841 ἀποστῆναί
742 769 766 829 σ’
779 768 842 837 ἀξιῶ

66 893 78 916 ιι
93 868 137 924 τοῖν
150 863 284 940 πολέμου,
295 861 423 923 πείσαντα
438 858 498 928 τούς
510 857 690 927 Οὐολούσκους
701 857 843 938 μετριάσαι

66 952 154 1034 ιπερὶ
184 953 230 1019 τάς
254 948 398 1030 διαλλαγάς
416 950 462 1009 καλ
484 947 644 1019 ποιήσασθαι
668 950 716 1021 τήν
737 946 841 1028 εἰρήνην

67 1070 79 1095 ιι
95 1041 250 1124 ἀμφοτέροις
260 1049 312 1108 τοῖς
327 1040 411 1100 ἔθνεσι
421 1037 506 1110 καλήν
519 1036 564 1096 καί
575 1037 741 1118 πρέπουσαν.
756 1038 843 1097 Τοῦτο

67 1158 80 1182 ιι
97 1131 124 1189 δὲ
136 1129 234 1209 γένοιτο
249 1127 296 1206 ἀν,
312 1130 336 1187 εἰ
355 1132 400 1187 νῦν
416 1127 464 1206 μέν
481 1125 631 1197 ἀναστήσας
645 1124 694 1197 τὴν
717 1123 843 1205 στρατιάν

68 1246 80 1272 ιι
95 1218 240 1296 ἀπαγάγοις
262 1216 407 1283 ἐνιαυσίους
429 1213 608 1290 ποιησάμενος
629 1212 745 1296 ἀνοχάς·
767 1216 794 1271 ἐν
815 1210 843 1272 δὲ

68 1334 80 1359 ιι
94 1309 131 1387 τῷ
146 1305 243 1382 μεταξύ
257 1306 344 1386 χρόνῳ
364 1303 488 1385 πρίούεις
508 1303 676 1362 ἀποστίλλων
695 1326 724 1362 τε
742 1301 787 1361 καλ
805 1303 843 1361 δε·

67 1424 79 1449 ιι
93 1395 205 1475 χόμενος
220 1397 305 1466 ἀληθῆ
328 1394 416 1473 φιλίαν
431 1390 556 1473 πράττοις
575 1391 621 1451 καί
637 1389 779 1470 διαλλαγάς
795 1394 842 1470 βε-

67 1511 79 1537 ιι
96 1484 182 1551 ὐαίας.
214 1482 269 1543 Καὶ
284 1473 313 1540 εὐ
331 1481 401 1542 ίσθι·
417 1479 548 1558 Ῥωμαῖοι
570 1478 634 1558 μὲν,
660 1479 710 1539 ὅσα
732 1479 800 1557 μήτε
813 1479 844 1540 τύ

67 1597 80 1623 ιι
95 1571 222 1630 ἀδύνατον
241 1569 303 1647 μήτ’
319 1569 387 1644 άλλη
406 1593 444 1637 τις
467 1569 557 1640 ἀδοξία
569 1573 705 1649 προσοῦσα
718 1565 842 1640 κωλύσει,

68 1687 81 1713 ιι
96 1658 184 1718 πάντα
205 1662 365 1734 ὑπομενοῦσι
383 1659 508 1737 πράττειν
526 1658 597 1739 λόγῳ
618 1655 664 1717 καί
678 1657 845 1736 παρακλήσει

68 1775 81 1802 ιι
95 1748 260 1825 πειθόμενοι,
282 1746 490 1826 ἀναγκαζόμενοι
509 1749 532 1807 δ’
546 1744 637 1827 ῶσπερ
651 1745 683 1806 σύ
702 1752 744 1806 νῦν
766 1744 844 1814 ἀξιοῖς

69 1865 81 1891 ιι
96 1837 168 1898 οὐδὲν
184 1837 214 1895 ἀν
228 1835 335 1896 πώποτε
352 1836 509 1917 χαρίσαιντο
522 1839 584 1915 ύμῖν
603 1835 663 1897 οὐτε
676 1839 765 1913 μεῖξον
782 1834 844 1895 οὐτε

69 1954 82 1980 ιι
97 1925 215 1997 ἔλαττον,
231 1926 265 1990 όις
278 1923 305 1993 ἐξ
315 1923 402 1984 ἀλλων
415 1947 445 1983 τε
459 1926 564 1985 πολλῶν
578 1923 692 2005 πάρεστί
706 1945 747 1983 σοι
760 1946 845 1982 κατα-

70 2041 83 2067 ιι
99 2019 191 2090 μαθεῖν
212 2014 257 2072 καί
270 2013 305 2073 al
323 2015 451 2074 τελευταῖ’
471 2012 498 2083 ἐξ
510 2003 547 2072 ῶν
562 2015 684 2081 Λατίνοις
696 2012 845 2093 συνεχάρη·

70 2130 83 2155 ιι
97 2125 147 2163 σαν
164 2104 309 2161 ἀποστᾶσιν
330 2101 383 2162 ἀπὸ
404 2107 456 2162 τῶν
473 2100 571 2162 ὅπλων.
596 2105 760 2164 Οὐολοῦσκοι
781 2102 804 2161 δ’
820 2103 844 2162 οί

69 2220 81 2246 ιι
95 2189 161 2249 πολὺ
174 2190 203 2250 τὸ
225 2188 335 2259 αὔθαδες
350 2190 466 2271 ἔχουσιν,
483 2188 652 2270 θσυμάαίνει
671 2199 725 2258 τοῖς
738 2190 843 2271 μεγάλα

69 2308 81 2334 ιι
97 2281 291 2360 εὐτυχήσασιν,
304 2279 350 2338 ἐὰν
371 2278 498 2357 διδάσκῃς
512 2278 625 2355 αὐτούς,
640 2279 682 2339 ότι
700 2289 775 2340 πᾶσα
796 2280 844 2355 μέν

69 2397 81 2421 ιι
99 2369 190 2449 εἰρήνη
216 2369 316 2437 παντός
334 2371 391 2428 ἐστι
417 2367 532 2445 πολίμου
553 2369 697 2448 κρείττων,
713 2368 846 2446 σύμόασις

70 2488 82 2512 ιι
97 2461 125 2519 δὲ
145 2459 226 2538 φίλων
252 2455 322 2515 κατὰ
341 2455 386 2514 τὸν
403 2451 520 2516 ἑκούσιον
540 2457 665 2533 γινομίνη
678 2457 775 2535 τρόπον
793 2461 845 2516 τῶν

893 532 906 557 ι
925 515 976 563 tum
988 512 1049 562 deos
1067 513 1103 562 sic
1114 526 1214 563 omnem
1229 513 1339 562 mentem
1357 511 1497 574 ademisse,
1517 518 1546 564 ut
1557 515 1674 569 dilectum

898 621 911 644 ιι
925 605 952 652 et
965 602 1066 651 unicum
1081 601 1161 651 lilium
1177 601 1209 651 ad
1231 601 1313 665 turpia
1329 601 1440 666 etimpia
1457 600 1569 653 facinora
1582 605 1673 657 adhor-

898 711 910 735 ιι
926 691 974 742 tari
989 692 1057 742 velit.
1071 691 1119 741 Sed
1137 696 1191 741 ate
1211 695 1283 755 peto,
1301 694 1331 740 ut
1354 690 1387 742 de
1406 693 1531 742 communi
1553 696 1675 748 sententia

898 800 911 824 ιι
927 779 959 829 ab
972 779 1049 829 armis
1071 779 1189 841 recedas,
1213 778 1363 830 auctoritate
1376 782 1421 830 tua
1434 780 1542 832 inductis
1563 783 1672 847 Volscis,

898 887 911 913 ιι
927 871 955 919 ut
977 867 1106 933 adaequas
1120 867 1273 919 conditiones
1292 867 1458 932 descendant,
1476 874 1502 922 et
1516 884 1602 936 pacem
1615 873 1677 924 utri·

899 975 912 1000 ιι
928 968 978 1021 que
997 956 1064 1021 genti
1088 955 1217 1006 honestam
1236 959 1262 1006 et
1282 956 1469 1008 convenientem
1491 957 1591 1011 faciant.
1624 964 1678 1013 Hoc

898 1066 910 1090 ι
926 1050 1011 1098 autem
1025 1047 1078 1098 lieri
1094 1047 1194 1111 poterit,
1212 1046 1233 1095 si
1245 1060 1312 1096 nune
1327 1048 1403 1097 motis
1419 1048 1508 1099 castris
1532 1051 1615 1114 copias
1631 1051 1675 1103 ad-

899 1154 912 1179 ιι
928 1134 1047 1195 duxeris,
1067 1134 1173 1186 induciis
1193 1134 1219 1184 in
1230 1147 1320 1185 aunum
1339 1134 1418 1188 iactis.
1453 1140 1619 1190 intereavero
1632 1154 1677 1204 per

898 1243 911 1269 ιι
926 1222 1036 1287 legatos,
1056 1225 1125 1274 ultro
1138 1223 1252 1287 citroque
1263 1227 1445 1285 commeantes,
1462 1225 1495 1276 de
1508 1240 1567 1277 rere
1587 1229 1676 1279 amici-

900 1331 912 1356 ι
930 1311 965 1361 tia
984 1310 1108 1372 ineunda,
1131 1314 1156 1361 et
1172 1312 1242 1361 θεῖοι
1261 1324 1322 1375 pace
1342 1310 1455 1362 iacienda
1479 1328 1551 1376 agero
1574 1316 1675 1380 poteris.

900 1420 913 1444 ιι
927 1400 959 1449 nt
970 1403 1040 1450 certo
1059 1399 1120 1449 illud
1135 1400 1215 1450 scias:
1227 1400 1346 1464 populum
1360 1404 1504 1460 Romanum,
1521 1417 1677 1470 quecunque

901 1487 980 1538 «fieri
995 1491 1099 1553 possunt
1121 1501 1201 1552 neque
1221 1501 1280 1538 cum
1303 1489 1435 1554 ignominia
1456 1489 1586 1540 coniuncta
1603 1496 1677 1551 sunt,

900 1596 912 1619 ι
928 1577 1012 1625 omnia
1029 1575 1112 1627 verbis
1133 1579 1159 1626 et
1170 1576 1285 1641 precihus
1302 1577 1459 1640 adductum,
1473 1579 1614 1642 iacturum,
1634 1580 1679 1630 sed

901 1683 913 1706 ιι
930 1667 1055 1724 coactum,
1076 1669 1105 1714 ut
1127 1668 1155 1714 lu
1174 1665 1305 1723 nunonis,
1324 1666 1385 1717 uilril
1409 1681 1518 1731 unquam
1541 1668 1611 1718 rolris
1635 1672 1679 1718 aut

900 1772 912 1796 ιι
928 1753 1023 1812 maius,
1037 1756 1081 1802 aut
1100 1752 1183 1802 minus
1200 1754 1366 1818 largiturum,
1386 1755 1455 1819 qnod
1475 1770 1532 1805 curu
1549 1771 1577 1805 οι
1592 1757 1679 1808 rnultis

901 1860 913 1884 ιι
928 1840 985 1891 aliis
995 1843 1067 1905 potos
1077 1854 1233 1905 cognoscere,
1248 1844 1302 1892 tum
1313 1856 1345 1892 en
1363 1842 1402 1901 iis,
1416 1857 1474 1906 quae
1483 1845 1617 1896 novissimo
1628 1848 1677 1896 La-

901 1949 914 1973 ι
927 1929 986 1979 linis
1005 1930 1143 1990 concessit,
1166 1944 1224 1980 cum
1244 1930 1277 1980 ab
1294 1930 1371 1980 armis
1391 1931 1556 1982 recessissent.
1596 1934 1680 1985 volsci

902 2037 915 2062 ι
932 2030 992 2070 vero
1009 2032 1073 2070 nunc
1085 2018 1187 2083 quidem
1205 2018 1280 2069 valde
1299 2018 1448 2082 insolentes,
1470 2023 1499 2070 ut
1518 2021 1548 2071 iis
1561 2022 1624 2072 solet
1634 2036 1680 2073 ac·

903 2126 915 2150 ι
928 2105 1026 2169 cidere,
1043 2109 1087 2172 qui
1100 2106 1176 2157 nimia
1190 2106 1308 2159 ielicitate
1320 2110 1434 2166 utuntur,
1457 2111 1479 2157 si
1492 2107 1596 2168 doceas,
1616 2125 1680 2176 qua·

902 2214 915 2238 ιι
928 2194 1077 2260 lemouuque
1100 2209 1188 2259 pacem
1211 2196 1302 2261 quovis
1331 2196 1396 2247 bello
1413 2197 1536 2262 potiorem
1557 2212 1626 2260 esse,
1654 2204 1680 2250 et

902 2302 914 2326 ι
929 2284 1065 2334 amicorum
1083 2282 1320 2344 reconciliationem,
1335 2284 1356 2333 si
1375 2287 1462 2349 sponte
1477 2285 1528 2346 dat,
1542 2300 1570 2337 ea
1584 2287 1680 2337 trrruio-

902 2393 916 2417 ι
931 2387 984 2424 rem
1002 2387 1065 2435 esse,
1080 2388 1138 2440 quaa
1149 2375 1295 2425 necessitate
1306 2378 1499 2440 extorqueatur,
1522 2379 1548 2428 et
1569 2377 1680 2429 virorum

903 2480 916 2505 ιι
930 2473 985 2511 esse
1003 2459 1163 2525 prudentium
1183 2474 1242 2511 eum
1265 2475 1305 2512 res
1328 2461 1388 2525 ipsis
1409 2475 1526 2526 prospere
1548 2465 1681 2516 succedere

903 2568 916 2593 ιι
931 2548 1055 2607 ridentur,
1070 2550 1168 2600 tortuna
1181 2548 1308 2600 moderate
1325 2549 1371 2610 uti,
1392 2550 1418 2600 in
1430 2551 1505 2601 rebus
1520 2564 1580 2600 rero
1595 2552 1682 2602 adrer-

904 2653 917 2684 ιι
930 2636 966 2686 sis
979 2640 1005 2688 et
1021 2635 1120 2689 afflictis
1135 2636 1168 2688 nd
1187 2637 1285 2688 nullum
1306 2637 1467 2689 inhonestum
1491 2638 1586 2690 lacinus
1599 2654 1626 2690 se
1641 2640 1680 2692 ‹lt-

904 2745 916 2769 ι
932 2725 1031 2776 mittere
1044 2741 1050 2771 :
1067 2725 1204 2790 sidenique
1216 2725 1342 2777 addideris
1358 2729 1440 2778 cetera
1450 2730 1612 2792 argumenta,
1624 2742 1682 2793 quae

903 2832 917 2859 ιι
931 2813 962 2864 ad
976 2814 1088 2865 homines
1099 2814 1131 2865 nd
1144 2814 1362 2866 mansuetudinem
1376 2818 1402 2866 et
1415 2815 1558 2880 equitatem
1572 2817 1680 2869 allicien-

904 2915 917 2941 ιι
930 2896 976 2947 doe
987 2896 1013 2946 in
1022 2897 1176 2949 orationihus
1185 2912 1292 2965 quarum
1301 2912 1346 2949 ros
1354 2900 1401 2964 qui
1408 2899 1561 2963 respublicas
1571 2903 1684 2955 tractatis

70 2576 81 2600 ιι
98 2546 141 2604 ὐπ’
161 2547 279 2624 ἀνάγκης
299 2544 521 2625 συγχωρηθίντων
542 2544 712 2625 θεύαιοτίρα,
737 2546 784 2606 καί
805 2545 845 2606 ὅτι

69 2663 82 2688 ιι
101 2633 240 2716 σωφρόνων
261 2628 333 2692 ἐστίν
352 2631 515 2713 ἀνθρώπων,
534 2631 597 2692 ὅταν
617 2633 665 2710 μὲν
679 2624 709 2692 εὐ
721 2634 846 2714 πράττειν

71 2752 83 2776 ιι
98 2724 194 2784 δοκῶσι
204 2765 213 2795 ,
225 2720 396 2798 ταμιεύεσθαι
409 2718 455 2787 τάς
471 2718 570 2801 τύχας,
583 2720 647 2779 όταν
666 2721 690 2781 δ’
702 2725 738 2789 εἰς
752 2744 843 2782 ταπει·

71 2841 83 2866 ιι
97 2813 142 2879 νλις
154 2810 198 2869 καὶ
207 2810 307 2892 φαύλας
315 2811 421 2887 ἐλθωσι,
432 2810 514 2887 μηδέν
526 2809 666 2889 ὐπομίνειν
675 2809 789 2889 ἀγενιές,
799 2809 845 2870 καλ

70 2930 82 2955 ιι
97 2900 174 2959 τᾶλλ’
184 2899 223 2958 όσ“
235 2901 271 2966 εἷς
280 2899 433 2978 ἡμερότητα
442 2898 487 2957 καὶ
497 2898 638 2958 ἐπιείκειαν
649 2901 775 2979 ἐπαγωγὰ
784 2923 846 2960 παι·

71 3018 82 3043 ιι
97 2988 216 3066 δείματα
239 2985 349 3068 εθρηται
363 2987 448 3066 λόγων
456 3032 467 3065 ,
482 2987 525 3056 οθς
539 2988 612 3065 ὑμεῖς
626 2990 651 3047 ot
664 2987 698 3046 τά
718 2987 845 3050 πολιτικά

72 3111 84 3136 ιι
100 3078 257 3159 πράττοντες
277 3075 394 3152 μάλιστα
423 3081 542 3153 ἀσκεῖτε,
562 3071 592 3139 εὐ
612 3082 663 3142 ἐσθ’
686 3082 726 3141 ότι
749 3089 794 3144 τοῦ
818 3106 847 3141 τε

71 3198 83 3222 ιι
100 3167 254 3249 αὐχήματος
276 3165 315 3244 ἐφ’
336 3169 364 3225 οὐ
389 3172 433 3225 ν’ῡν
459 3170 523 3228 εἰσιν
545 3168 646 3237 ἑκόντες
667 3171 847 3241 ὐποὸήσονται

71 3287 83 3311 ιι
97 3259 143 3318 καί
157 3256 308 3327 ποιήσουσιν
325 3254 442 3324 ἐξουσίαν
463 3281 505 3317 σοι
525 3265 571 3318 τοῦ
591 3261 725 3339 πράττειν,
745 3259 760 3318 ἀ
776 3285 801 3319 τι
815 3261 847 3320 ἀν

70 3376 83 3402 ιι
98 3352 183 3413 αὐτοῖς
197 3344 388 3424 ὐποληαόάνῃς
404 3346 543 3407 συνοίσειν.
587 3348 652 3410 ’Etr
664 3351 688 3407 δ’
705 3350 848 3421 ἀντιπράτ-

73 3461 85 3484 ιι
99 3433 165 3491 τωσί
186 3456 228 3492 σοι
246 3432 291 3490 καί
304 3431 363 3498 τούς
377 3432 468 3510 λόγους
486 3430 524 3510 μή
545 3432 764 3513 προσδέχωνται,
789 3428 847 3503 ταῖς

74 3547 85 3572 ιι
101 3518 144 3579 διά
162 3522 193 3582 σί
206 3518 251 3579 καί
270 3520 314 3578 διδι
334 3517 382 3591 τήν
400 3519 543 3597 ἡγεμονίαν
557 3521 605 3592 τήν
621 3519 671 3592 σήν
694 3523 848 3600 γενομέναις

74 3634 86 3659 ιι
102 3607 162 3685 περί
173 3606 265 3673 αὐτοὺς
275 3606 368 3687 τύχαις
377 3609 411 3675 ὡς
420 3610 461 3666 ἀεὶ
471 3609 655 3687 διαμενούσαις
666 3611 845 3690 ἐπαιρόμενοι,

74 3723 86 3748 ιι
102 3700 148 3767 τῆς
165 3693 325 3776 στρατηγίας
337 3698 424 3764 αὐτοῖς
438 3697 566 3779 ἀφίστασο
575 3703 703 3782 φανερῶς,
719 3701 766 3760 καί
780 3702 848 3779 μήτι

75 3811 87 3836 ιι
102 3781 229 3862 προδότης
249 3781 320 3862 γίνου
336 3787 389 3843 τῶν
408 3786 618 3846 πεπιστευκότων
641 3786 709 3864 μήτε
724 3789 849 3866 πολέμιος

74 3902 87 3928 ιι
101 3877 153 3932 τῶν
172 3873 399 3953 ἀναγκαιοτάτων·
414 3874 507 3943 ἀσεύὲς
520 3874 573 3956 γάρ
586 3876 717 3958 ἑκάτερον.
753 3881 848 3940 Ταῦτα

74 3991 86 4016 ιι
101 3962 160 4034 ήκω
181 3961 290 4037 δεομένη
305 3985 352 4022 σου
367 3965 489 4040 γενέσθαι
511 3986 555 4043 μοι
573 3965 648 4046 παρὰ
662 3973 725 4045 σοῦ,
743 3965 848 4049 Μάρκιε

74 4082 86 4107 ιι
102 4053 207 4126 τέκνον,
222 4050 277 4111 οὐτ’
288 4050 417 4126 ἀδύνατα,
431 4056 467 4121 ὡς
484 4051 601 4139 οὐίφιῂς,
621 4054 709 4131 πάσης
722 4059 747 4115 τ’
758 4059 848 4121 ἀδίκου

74 4141 147 4200 ικαὶ
165 4139 271 4199 ἀνοσίου
286 4139 456 4212 συνειδήσεως
474 4142 590 4222 καθαρά.

112 4231 216 4292 XLIX.
243 4226 360 4305 «Φίρε,
374 4229 443 4289 ἀλλά
455 4228 531 4299 δόξαν
547 4231 661 4312 αἰσχρὰν
677 4231 794 4294 οίσεσθαι
808 4235 849 4295 δί-

74 4346 87 4373 ιι
101 4320 202 4392 δοικας,
216 4317 262 4378 tio
274 4318 291 4377 ἀ
303 4319 452 4399 παρακαλῶ
466 4341 496 4379 σε
509 4320 628 4398 πράττῃς
638 4365 646 4392 ,
656 4325 691 4390 ὡς
706 4324 849 4403 ἀχάριστος

17 4417 50 4478 ts
74 4437 87 4464 ιι
96 4412 131 4478 εἰς
143 4409 201 4478 τούς
215 4409 352 4491 εὐεργέτας
366 4409 630 4490 ἐξελεγχθησόμενος,
645 4413 672 4472 οἴ
680 4435 710 4472 σε
724 4414 850 4492 πολίμιον

73 4526 85 4550 ιι
102 4498 164 4556 ὄντα
173 4497 360 4575 ὑποδεξάμενοι
368 4496 476 4558 πάντων
485 4496 652 4577 μετέδωκαν,
665 4492 702 4562 ῶν
712 4510 766 4571 τοῖς
775 4502 851 4587 φύσει

76 4614 88 4638 ιι
103 4586 221 4654 πολίταις
234 4587 354 4664 με’τεστεν
372 4589 487 4668 ἀγαθῶν.
532 4590 559 4648 Τ
560 4593 628 4647 αὐτα
643 4590 697 4671 γάρ
718 4596 806 4666 ἐστιν,
833 4594 850 4653 ἀ

74 4704 86 4727 ιι
103 4675 205 4750 μεγάλα
219 4680 300 4743 ποιεῖς
312 4685 366 4745 τοῖς
377 4676 465 4756 λόγοις
481 4676 534 4738 ἀεί.
550 4679 609 4738 Οὐκ
626 4680 795 4752 ἀποδέδωκας
806 4674 851 4744 οὐν

74 4792 86 4816 ιι
104 4764 189 4827 αὐτοῖς
211 4764 309 4832 πολλάς
332 4764 379 4825 καί
402 4766 486 4835 καλὰς
504 4765 617 4844 ἀμοιύδις
640 4767 686 4828 καλ
714 4769 851 4843 νενίκηκας

73 4880 86 4906 ιι
102 4849 202 4930 ἀπείρῳ
223 4850 255 4921 δή
272 4875 322 4910 τινι
334 4853 437 4935 μεγίθει
455 4855 502 4916 καί
518 4858 614 4930 πλήθει
626 4860 743 4942 χαρίτων
759 4861 807 4930 τδις
825 4862 850 4929 ἐξ

74 4968 86 4994 ιι
102 4937 206 5000 ἐκείναιν
228 4941 389 5019 εὐεργεσίας,
409 4944 452 5012 οὐς
468 4946 604 5022 ἀγαπητόν
624 4948 785 5026 ήγουμίνους
806 4949 852 5008 καί

74 5057 86 5082 ιι
101 5028 207 5087 πόντων
224 5028 347 5107 μέγιστον
360 5032 465 5108 ἀγαθῶν
484 5032 531 5093 tto
545 5033 683 5114 ἐλευθίρας
698 5038 790 5097 οἰκῶσι
805 5037 852 5103 τδις

74 5148 86 5170 ιι
102 5114 241 5196 πατρίδες,
259 5118 288 5176 οὐ
304 5116 381 5194 μόνον
405 5123 504 5182 ίαντῶν
520 5121 623 5202 κυρίους
645 5114 712 5183 εῖναι
738 5124 853 5202 βεόαίως

74 5236 86 5261 ιι
102 5209 317 5286 παρεσκεύακας,
350 5205 419 5266 ἀλλά
453 5209 602 5284 πεποίηκας
642 5212 694 5288 ήδη
727 5221 851 5290 σκοπεῖν,

904 3005 917 3030 ιι
933 2985 1076 3050 peritissimi
1090 2986 1162 3048 estis,
1184 2988 1268 3039 doceri
1280 2989 1382 3050 solent,
1402 2992 1497 3053 sponte,
1516 2992 1584 3040 certo
1605 2992 1681 3051 scias,

904 3088 917 3112 ι
932 3067 965 3118 de
978 3069 1094 3133 superbio
1113 3069 1156 3120 illa
1175 3070 1317 3133 remittent,
1333 3085 1385 3136 qua
1399 3085 1465 3123 nunc
1486 3071 1636 3133 efferuntur,
1659 3079 1684 3126 et

905 3171 919 3197 ιι
930 3151 976 3203 tibi
994 3156 1143 3217 potestatem
1154 3153 1251 3206 dabunt
1267 3155 1373 3207 ludendi
1387 3156 1509 3207 arbitratu
1526 3160 1585 3221 tuo,
1605 3158 1682 3224 quid·

906 3255 918 3280 ι
932 3234 995 3301 qnid
1010 3250 1060 3287 ere
1072 3237 1183 3301 ipsorum
1198 3238 1251 3289 sore
1263 3239 1392 3291 iudicaris.
1425 3240 1499 3300 Quod
1512 3241 1533 3291 si
1543 3241 1588 3293 tibi
1600 3241 1685 3293 adver-

906 3322 1027 3381 «sentur,
1043 3332 1088 3369 nec
1108 3323 1176 3369 tuam
1197 3320 1335 3372 orationem
1353 3320 1505 3381 admittant,
1530 3324 1589 3374 eloti
1610 3325 1685 3376 rebus

906 3418 919 3443 ιι
931 3403 975 3450 tuo
985 3399 1064 3451 ductu
1079 3404 1248 3469 auspiciisque
1260 3403 1367 3455 feliciter
1379 3406 1454 3469 gestis
1464 3446 1470 3467 ,
1482 3409 1553 3471 quasi
1565 3412 1684 3473 perpetuo

905 3502 919 3530 ιι
932 3483 1058 3536 iortuuam
1075 3488 1209 3552 propitiam
1234 3489 1358 3549 habituri,
1385 3504 1471 3541 eornm
1490 3492 1621 3558 imperium
1640 3509 1685 3559 pa·

906 3568 985 3619 «lam
1004 3570 1128 3634 deponas,
1152 3585 1198 3623 nec
1219 3573 1254 3623 sis
1271 3574 1383 3638 proditor
1400 3589 1502 3638 eorum,
1515 3579 1559 3641 qui
1573 3578 1621 3628 tide
1642 3584 1684 3629 tna

900 3674 920 3699 ,ι
933 3654 1056 3712 nituntur,
1067 3667 1114 3705 nec
1124 3654 1205 3706 hostia
1224 3670 1321 3720 eorum,
1338 3659 1383 3722 qui
1396 3660 1440 3710 tibi
1454 3663 1513 3711 sunt
1533 3663 1685 3714 coniunctis·

907 3758 920 3784 ιι
937 3739 992 3789 simi
1003 3758 1010 3788 :
1023 3742 1159 3806 utrumqne
1173 3742 1240 3793 enim
1262 3742 1395 3808 imperium
1418 3748 1465 3796 est.
1488 3748 1547 3798 llaec
1559 3747 1636 3811 igitur
1655 3763 1685 3799 en

908 3844 920 3868 ιι
935 3828 1004 3883 sunt,
1025 3824 1060 3876 illi
1076 3827 1164 3887 Marci,
1185 3842 1293 3893 quorum
1311 3842 1400 3881 caussa
1421 3830 1492 3890 reni,
1509 3835 1535 3882 et
1553 3846 1611 3896 quas
1627 3837 1685 3898 peto

907 3928 920 3952 ι
936 3913 966 3959 nt
976 3908 1039 3960 mihi
1059 3912 1181 3963 concedas
1201 3928 1278 3979 :quaa
1295 3930 1343 3967 non
1364 3917 1458 3970 habent
1470 3920 1535 3971 ullas
1548 3919 1686 3972 difficulta-

908 4010 920 4033 ι
937 3992 988 4049 tes,
1012 3993 1042 4040 ut
1063 3995 1091 4042 tu
1117 4006 1254 4053 memoras,
1281 4009 1389 4061 qumque
1413 3999 1444 4050 ab
1462 3999 1529 4049 ornni
1549 4000 1641 4050 iniusto
1657 4014 1686 4053 ac

908 4068 1010 4133 «impio
1028 4068 1137 4122 iocinore
1156 4071 1218 4123 adeo
1235 4078 1293 4124 sunt
1313 4074 1407 4136 aliena,
1426 4080 1455 4128 ut
1476 4092 1505 4128 ea
1523 4078 1593 4130 salva
1612 4094 1684 4131 cons-

908 4174 921 4199 ιι
934 4153 1024 4205 olentia
1044 4153 1125 4206 iacere
1145 4157 1233 4220 possis.

937 4248 1021 4297 xllx.
1041 4266 1053 4292 ιι
1069 4251 1120 4312 Age
1129 4262 1202 4311 vero,
1217 4248 1375 4303 infamiamue
1386 4252 1467 4312 times,
1485 4254 1507 4305 si
1514 4257 1562 4313 ea,
1574 4269 1632 4319 ηοω
1641 4256 1686 4307 tibi

908 4355 921 4381 ιι
936 4336 1043 4397 suadeo,
1063 4335 1166 4400 leceris,
1180 4352 1211 4389 ue
1222 4339 1312 4403 ingrati
1330 4342 1405 4391 animi
1423 4341 1450 4392 in
1468 4342 1531 4395 bene
1547 4344 1579 4394 de
1594 4350 1619 4395 te
1632 4358 1687 4395 τοο·

908 4426 996 4475 ιτίἰοο
1015 4423 1186 4489 redarguaris,
1206 4430 1249 4492 qui
1265 4431 1290 4478 te
1313 4428 1410 4480 hostem
1430 4431 1538 4495 hospitio
1555 4438 1686 4497 exceptum

907 4532 920 4556 ι
935 4510 961 4563 ln
972 4515 1069 4578 partem
1085 4514 1196 4565 omnium
1216 4515 1350 4577 bonorum,
1365 4532 1472 4583 quorum
1497 4521 1564 4570 ciros
1585 4522 1682 4587 ingenui

909 4601 1069 4668 «parciores
1094 4606 1161 4665 sunt,
1188 4609 1346 4670 receperunt.
1363 4609 1423 4658 llaec
1443 4609 1508 4659 enim
1530 4619 1606 4665 sunt.
1628 4624 1686 4674 quae

909 4711 922 4736 ι
937 4705 1034 4757 semper
1046 4694 1130 4745 rerlris
1143 4697 1272 4760 tantopere
1286 4710 1427 4760 exaggeras.
1461 4701 1547 4748 Nonne
1564 4712 1622 4748 vero
1636 4697 1686 4746 illis

907 4799 919 4821 ι
935 4795 1049 4844 magnam
1065 4786 1090 4833 et
1114 4782 1259 4847 praeclaram
1277 4785 1382 4849 gratiam
1406 4785 1528 4839 retulisti.
1547 4789 1573 4834 et
1590 4782 1686 4834 infinita

908 4867 1044 4932 «quadarn
1056 4869 1231 4921 beneticiorum
1253 4873 1424 4937 magnitudine
1445 4872 1545 4922 illorum
1566 4868 1685 4922 beneficia

909 4979 921 5003 ι
938 4956 1080 5022 superasti?
1093 4959 1190 5018 Quibus
1211 4974 1270 5013 oum
1285 4961 1392 5013 antehm
1408 4974 1493 5012 secum
1506 4959 1626 5024 preclare
1643 4975 1686 5013 ao-

908 5050 991 5096 «tnm
1005 5045 1037 5096 iri
1054 5060 1131 5112 seque
1152 5062 1279 5101 summum
1298 5049 1376 5100 honos
1400 5046 1536 5112 adepturos
1556 5048 1685 5102 existima·

908 5154 921 5179 ιι
935 5136 1009 5196 rent,
1028 5134 1051 5185 si
1071 5135 1119 5186 sibi
1134 5136 1161 5186 in
1178 5137 1260 5202 patrie
1279 5136 1359 5189 illm
1375 5134 1463 5187 vim
1485 5134 1614 5215 wne,
1634 5150 1696 5217 mn·

908 5243 921 5268 ιι
934 5222 1212 5291 solnmhanclpsomm
1222 5226 1366 5281 llltulm
1607 5232 1610 5237 '
1694 5220 1697 5227 ’
