3772 5828
165 340 202 397 tt
679 336 849 397 DIONYSll
874 337 1256 398 Haulcaadassubsts

164 471 310 541 ἀνέστησαν
327 468 377 527 ὑπὸ
393 468 546 541 Ῥωμαίων.
591 469 645 529 Καί
663 470 693 528 τὸ
712 467 759 543 μέν
779 472 804 526 ἐν
816 474 855 549 τῷ
870 472 939 530 Σπι-

162 561 222 628 νῆτι
238 558 408 637 καταλειφθέν
418 560 469 615 τῶν
486 560 633 635 Πελασγῶν
651 558 724 636 γένος
738 558 819 627 οὕτως
830 559 939 639 ἐφθάρη.

205 648 283 708 xlx.
314 647 349 706 Οἱ
377 645 403 704 δέ
419 645 461 703 διδι
482 650 528 718 τῆς
551 647 686 724 μεσογείου
711 647 871 726 τραπόμενοι
889 650 938 721 την

167 735 270 813 ὀρεινὴν
285 737 333 804 τῆς
343 733 458 800 Ἰταλίας
470 734 660 813 δπιρύαλόντες
673 737 708 801 εἷς
720 735 767 806 τὴν
784 735 940 816 ’θμύρικῶν

122 838 137 878 t
167 826 333 902 άρικνούνται
345 822 491 903 χώραντῶν
500 824 663 901 ὁμορούντων
674 823 827 902 Ἀύοριγῐσο
870 828 941 886 Πολ-

162 913 200 969 ·λὰ
223 911 250 969 δέ
276 910 321 970 καὶ
346 911 415 970 ἄλλα
429 916 476 975 τῶς
491 904 608 976 Ἰταλίας
627 911 712 990 χωρία
727 911 811 992 ᾤκουν
825 912 941 992 Ὁμόρι-

166 999 223 1066 καὶ,
237 998 282 1056 καί
304 989 336 1070 ἦν
349 1005 424 1058 τοῦτο
441 999 471 1058 τὸ
485 1005 556 1067 έθνος
570 1001 597 1056 έν
611 1001 663 1065 τοῖς
678 999 746 1059 πάνυ
769 1000 837 1077 μέγα
852 1022 880 1057 τε
893 998 939 1058 καί

166 1090 285 1166 ἀρχαῖον.
329 1087 370 1146 Τὸ
385 1087 432 1162 μὲν
447 1078 491 1146 σύν
511 1089 570 1146 κατ’
596 1085 679 1167 άρχδις
701 1087 824 1167 ἐκράτουν
837 1090 861 1147 ol
883 1090 940 1148 Πε·

167 1175 260 1252 λασγοί
282 1179 336 1234 τῶν
359 1175 462 1255 χωρίων
485 1176 544 1234 ἐνθα
561 1175 708 1256 τὸπρῶτον
724 1175 878 1256 ἱδρύσαντο,
894 1175 940 1234 καί

114 1279 139 1317 ιο
166 1262 317 1340 πολίσματα
341 1268 393 1322 τῶν
407 1264 561 1343 Ὀμύρικῶν
587 1263 763 1324 κατελάύοντύ
790 1288 863 1323 τινα·
881 1288 941 1323 σον·

165 1351 282 1419 ελθόντος
297 1351 320 1411 δ’
338 1353 379 1410 ἐπ’
397 1352 489 1421 αὐτοὺς
515 1354 630 1430 μεγάλου
658 1358 789 1430 στρατοῦ,
810 1353 940 1421 δείσαντες

164 1444 216 1499 τῶν
237 1440 371 1516 πολεμίων
385 1442 415 1499 τὸ
429 1445 527 1511 πλῆθος
547 1446 582 1508 εἷς
596 1441 644 1512 τὴν
661 1440 829 1521 Ἀθοριγίνων
843 1441 939 1501 ἀπιόν·

165 1550 207 1594 τες
220 1527 371 1608 τρέπονται.
413 1530 465 1588 Καὶ
478 1534 501 1589 οἱ
518 1530 564 1605 μέν
580 1529 734 1606 Ἀθαριγῖνες
750 1529 794 1588 ἅτε
805 1529 941 1606 πολεμίοις

166 1616 294 1675 ἐδικαίουν
321 1619 407 1683 αὐτοῖς
427 1620 619 1698 προσρέρεσθαι
641 1617 685 1676 καὶ
701 1616 829 1695 συνῄεσαν
842 1620 871 1675 ἐκ
885 1621 937 1675 τῶν

112 1705 137 1745 ¹⁵
165 1701 273 1781 ἔγγιστα
283 1703 387 1784 χωρίων
401 1703 444 1763 διδ
456 1706 551 1783 τάχους
563 1694 598 1771 ῶς
612 1704 828 1776 ἐξαναστήσοντες
839 1704 938 1773 αύτούς.

168 1792 204 1850 Οἱ
219 1792 247 1849 δέ
261 1793 410 1871 Πελασγοί·
425 1795 582 1872 τυγχάνουσι
596 1792 647 1873 γάρ
659 1795 684 1850 ἐν
698 1794 783 1872 τούτῳ
802 1797 839 1872 τῷ
854 1793 939 1872 χρόνῳ

164 1880 234 1938 κατὰ
249 1881 362 1956 δαίμονα
371 1881 430 1961 περὶ
447 1882 576 1941 Κοτυλίαν
587 1885 661 1940 πόλιν
683 1881 849 1960 Ἀθοριγίνων
866 1884 940 1941 αὐλι-

165 1967 274 2044 σάμενοι
295 1969 406 2041 πλησίον
433 1974 480 2041 τῆς
503 1973 573 2050 ἱερᾶς
596 1969 703 2046 λίμνης·
728 1975 763 2037 ὡς
790 1970 821 2041 δὴ
845 1971 895 2040 τήν
910 1995 938 2030 τι

163 2057 258 2126 νησῖδα
283 2056 331 2128 τὴν
345 2060 372 2115 ἐν
392 2057 458 2138 αὐτῇ
472 2059 687 2132 περιδινουμένην
712 2058 879 2134 κατέμαθον,
894 2058 938 2118 καί

111 2163 138 2201 au
163 2145 237 2223 παρὰ
255 2147 306 2203 τῶν
328 2144 522 2223 αἰχμαλώτων,
540 2143 584 2211 ab<
607 2147 636 2203 ἐκ
651 2148 702 2202 τῶν
719 2146 805 2223 ἀγρῶν
829 2143 940 2219 ἔλαθον,

165 2230 283 2303 ἤκουσαν
299 2233 329 2291 τὸ
343 2236 394 2292 τῶν
416 2233 566 2313 ἐπιχωρίων
578 2231 671 2308 ὄνομα,
686 2233 758 2300 τέλος
771 2231 841 2311 ἔχειν
867 2232 940 2312 σρίσι

163 2319 193 2375 τὸ
208 2318 361 2397 θεοπρόπιον
378 2320 521 2379 διέλαθον.
563 2319 597 2379 Ὁ
617 2319 667 2399 γδιρ
687 2322 713 2378 ἐν
731 2321 847 2398 Δωδώνη
864 2320 936 2397 γενό-

164 2430 241 2483 μενος
253 2409 480 2487 αύτοῖςχρησμδς,
497 2409 524 2466 δν
542 2433 606 2487 φησι
618 2410 724 2477 Λεύκιος
742 2411 860 2475 Μάλλιος
875 2407 940 2488 ἀνὴρ

163 2497 211 2552 οὐκ
226 2495 329 2572 ἄσημος
352 2498 427 2562 αὐτὸς
449 2499 510 2555 ἰδεῖν
527 2499 571 2557 ἐπέ
585 2522 652 2566 τινος
674 2501 726 2558 τῶν
746 2499 772 2557 έν
785 2501 824 2578 τῷ
838 2496 940 2575 τεμένει

109 2601 136 2642 ab
163 2587 209 2642 τοῦ
235 2584 298 2652 Διὸς
325 2585 452 2660 κειμένοιν
479 2586 608 2666 τριπόδιον
640 2588 795 2667 γράμμασιν
819 2589 940 2666 α’ρχαίοις

167 2673 415 2752 ἐγκεχαραγμένον,
429 2675 477 2733 ὡδὶ
492 2666 558 2754 εἶχε·
652 2752 655 2757 Ι

287 2838 395 2903 στείχετε
410 2841 532 2904 μαιόμενοι
544 2843 648 2890 Σικελῶν
662 2845 806 2908 Σατουρνίαν
818 2847 883 2903 αἶαν,

287 2912 325 2968 ἠδ’
335 2914 498 2976 Ἀδοριγινέων
512 2914 637 2976 Κοτύλην,
650 2916 678 2965 οὗ
691 2921 764 2970 νᾶσος
778 2917 887 2978 egenor-

288 2983 323 3039 οῖς
336 2984 501 3047 ἀναμιχθέντες
515 2985 614 3044 δεκάτην
630 2986 768 3048 ἐκπέμψατε
782 2987 875 3047 Φοίδῳ,

288 3067 329 3116 καὶ
338 3068 439 3127 κεφαλὰς
445 3067 555 3129 Κρονίδη,
567 3067 649 3130 καὶτῷ
658 3068 730 3128 πατρὶ
739 3067 844 3128 πέμπετε
852 3072 927 3127 pur«.

203 3204 266 3263 XX.
282 3201 404 3263 Ἐλθούσι
412 3204 443 3274 δέ,
455 3207 507 3272 τοῖς
514 3204 656 3282 ’λδοριγῖσι
668 3203 714 3261 σὺν
730 3204 815 3282 πολλῇ
829 3211 941 3284 στρατιᾷ

163 3291 296 3369 ἱκετηρίας
310 3294 334 3349 ol
364 3292 499 3369 Πελασγοὶ
513 3291 689 3370 προτείνοντες
713 3290 793 3366 ὁμόσε
813 3297 941 3369 χωροῦσιν

163 3379 286 3452 ἄνοπλοι,
302 3377 441 3459 φράζοντές
452 3401 481 3436 τε
495 3379 542 3447 τὰς
553 3381 651 3438 ἑαυτῶν
671 3377 752 3456 τύχας
767 3377 813 3437 καί
825 3379 942 3453 δεόμενοι

163 3468 227 3544 πρὸς
236 3468 323 3546 φιλίαν
339 3466 460 3535 δέξασθαι
474 3476 542 3547 σρᾶς
555 3467 687 3533 συνοίκους
695 3468 724 3526 ού
734 3465 867 3546 λυπηροὺς
882 3468 941 3525 ἐσο·

111 3581 137 3622 21,
166 3554 270 3630 μένους,
281 3559 337 3615 ἐπεὶ
352 3557 397 3615 καί
413 3558 443 3614 τὸ
455 3556 588 3633 δαιμόνιον
607 3555 701 3622 αὐτοὺς
714 3557 750 3622 εἰς
764 3556 840 3628 τήνδε
857 3556 939 3633 μάνην

165 3643 222 3716 άγει
242 3643 289 3712 τὴν
315 3642 421 3722 χώραν,
443 3643 610 3720 ἐξηγούμενοι
637 3643 666 3702 τὸ
694 3644 792 3722 λόγιον.
834 3646 897 3709 Τοῖς
919 3644 941 3702 δ’

165 3725 306 3805 Ἀύοριγῖσι
329 3735 412 3788 ταῦτα
437 3730 590 3806 πυθομένοις
620 3730 704 3789 ἐδόκει
735 3729 869 3790 πείθεσθαι
903 3734 941 3810 τῷ

166 3816 313 3896 θεοπροπίῳ
335 3822 380 3875 καὶ
403 3818 494 3878 λαθεῖν
518 3821 674 3898 συμμαχίαν
697 3817 855 3891 Ἑλληνικὴν
872 3819 941 3877 κατὰ

165 3906 217 3962 τῶν
234 3903 363 3983 διαφόρων
380 3907 453 3986 σρίσι
468 3908 627 3987 βαρύάρων,
641 3909 811 3982 πονουμένοις
825 3910 862 3986 τῷ
874 3907 939 3987 πρὸς

112 4020 139 4060 40
165 3989 225 4057 τος
248 3991 373 4061 Σικελοὺς
398 3996 517 4074 πολέμῳ.
561 3995 726 4056 Σπένδονταί
757 4017 784 4051 τε
816 3995 848 4063 δὴ
877 3993 941 4072 πρὸς

166 4078 225 4145 τοὺς
238 4081 393 4158 Πελασγοὺς
415 4085 461 4141 καὶ
484 4084 599 4144 διδόασιν
615 4085 702 4149 αὐτοῖς
720 4084 806 4163 χωρία
818 4087 866 4154 τῆς
880 4085 942 4141 έαυ-

166 4171 217 4227 τῶν
233 4170 431 4247 ἀποδασάμενοι
450 4172 480 4231 τὰ
505 4174 567 4253 περὶ
582 4173 629 4245 τὴν
649 4173 722 4251 ἱεράν
737 4172 848 4246 λίμνην,
865 4172 890 4227 ἐν
905 4161 942 4238 οἷς

166 4246 199 4327 ἦν
212 4255 247 4315 τδι
266 4258 352 4316 πολλὰ
378 4258 478 4332 έλύιδη,
502 4261 582 4319 θινῶν
612 4261 679 4319 κατὰ
705 4259 747 4318 τὀν
770 4263 880 4338 ἀρχαῖον
895 4263 942 4330 τῆς

167 4347 305 4406 διαλέκτου
320 4350 414 4427 τρόπον
430 4350 531 4412 Οὐελια
555 4353 719 4427 ὀνομάζεται,
763 4350 877 4422 Σύνηθες
891 4347 941 4430 γδιρ

112 4463 139 4504 ςς
168 4426 200 4508 ἦν
215 4440 269 4503 τοῖς
292 4437 411 4515 ἀρχαίοις
424 4437 556 4511 Ἕλλησιν
578 4442 614 4506 ὡς
633 4439 666 4496 τδι
691 4436 777 4497 πολλδι
791 4438 941 4517 προτιθέναι

165 4527 218 4584 τῶν
234 4525 387 4603 ὀνομάτων,
402 4527 504 4586 θπόσων
519 4530 544 4587 αἱ
559 4528 640 4608 άρχαὶ
655 4526 706 4584 ἀπὸ
721 4527 873 4608 φωνηέντων
888 4527 941 4604 ἐγί-

166 4635 252 4687 νοντο,
273 4612 321 4684 την
343 4620 371 4672 οῦ
394 4615 528 4688 συλλαθήν
553 4616 590 4674 ἑνὶ
618 4615 739 4696 στοιχείῳ
766 4617 941 4694 γραφομένην.

166 4706 243 4759 τοῦτο
265 4703 288 4758 δ’
311 4693 343 4773 ἦν
361 4700 451 4780 ὥσπερ
471 4705 566 4783 γάμμα
589 4706 687 4768 διτταῖς
709 4703 752 4761 ἐπὶ
777 4702 840 4780 μίαν
863 4703 941 4783 ὀρθὴν

167 4791 382 4867 ἐπιζευγνύμενον
402 4800 460 4859 ταῖς
483 4792 615 4872 πλαγίοις,
643 4796 677 4858 ῶς
702 4793 801 4865 Fateor,
822 4795 867 4852 καὶ
888 4795 942 4855 Fat-

113 4905 139 4942 ιο
168 4876 271 4945 ναίκαὶ
287 4881 381 4948 θὀἳκος
396 4879 442 4940 καὶ
455 4881 530 4960 δαὴρ
550 4881 595 4940 καί
620 4880 706 4940 πολλδι
727 4885 847 4944 τοιαῦτα,
890 4880 942 4942 'E-

167 4987 244 5023 πιιτα
270 4969 349 5047 μοῖρά
363 4992 401 5037 τις
413 4973 497 5028 αὐτῶν
513 4972 560 5029 οὐκ
576 4969 714 5048 ἐλαχίστη,
731 4971 765 5035 ὡς
777 4971 843 5046 ἡγῆ
862 4977 942 5027 πᾶσιν

169 5054 216 5109 οὐκ
234 5056 344 5136 ἀπέχρη,
372 5058 509 5127 πείσαντες
522 5057 582 5126 τοθς
596 5057 764 5136 Ἀὅοριγῖνατ
779 5056 941 5135 συνάρασθαι

169 5141 241 5219 σρίσι
255 5150 302 5216 τῇς
322 5146 408 5214 ἐξόδου
422 5149 607 5229 στρατεύουσιν
630 5147 674 5208 ἐπὶ
692 5148 749 5215 τοὺς
765 5145 941 5225 Ὀμόρικοθς,

993 479 1070 529 manis
1090 477 1146 527 iude
1165 479 1227 541 pulsi
1245 483 1315 536 suut;
1329 482 1403 540 atque
1426 477 1581 539 Pelasgorum
1600 490 1691 539 genus,
1706 477 1774 540 quod

993 564 1025 616 ad
1048 566 1139 615 ostium
1164 566 1315 630 Spineticum
1342 570 1423 614 tuerat
1458 565 1587 624 relictum,
1613 565 1646 613 ita
1671 564 1771 616 interiit.

1024 655 1089 704 ΧΙΧ.
1108 655 1157 712 Qui
1168 667 1228 704 rero
1237 653 1268 703 ad
1283 653 1460 704 mediterranea
1473 666 1500 703 se
1510 654 1688 714 consederant,
1702 666 1773 717 supe

992 751 1052 798 ratis
1064 751 1140 800 ltalia
1156 749 1217 800 locis
1237 750 1366 808 montanis,
1389 751 1413 799 iu
1427 749 1577 799 Umbrorum
1601 749 1773 812 Aborigimbus

993 846 1152 896 srnidmorum
1165 847 1287 911 regionem
1307 849 1482 910 pervenerunt.
1514 847 1612 895 Namet
1626 843 1704 894 multa
1723 845 1773 894 alia

992 946 1071 996 Italiae
1089 945 1144 995 loca
1165 945 1252 996 Umbri
1278 943 1433 1001 incelebant,
1448 945 1522 1008 atque
1539 943 1594 992 laec
1609 955 1668 1005 gens
1683 946 1736 992 erat
1747 941 1774 992 in

993 1043 1082 1107 primis
1097 1041 1179 1108 ampla
1200 1046 1226 1093 et
1247 1043 1356 1106 antiqua.
1392 1040 1466 1091 Initio
1486 1041 1559 1104 igitur
1584 1040 1678 1103 Pelasgi
1700 1054 1774 1105 agros

992 1142 1160 1204 occuparunt,
1179 1139 1307 1202 inquibus
1322 1139 1428 1201 primum
1444 1137 1516 1187 sedes
1528 1137 1645 1188 fixerant.
1659 1142 1685 1187 et
1701 1152 1772 1201 ηοω·

993 1238 1051 1289 dam
1071 1238 1222 1287 Umbrorum
1242 1236 1358 1300 oppidula
1385 1239 1510 1299 ceperunt.
1543 1235 1591 1284 Sed
1609 1226 1674 1285 orani
1688 1236 1774 1299 ingens

994 1335 1114 1387 exercitus
1137 1339 1222 1384 contra
1244 1347 1286 1384 eos
1308 1334 1471 1392 convenisset,
1494 1332 1603 1381 bostium
1617 1332 1774 1383 multitudine

995 1431 1075 1483 territi
1094 1432 1270 1491 discesserunt,
1283 1434 1308 1479 ot
1324 1430 1348 1478 in
1359 1429 1517 1492 Aboriginum
1528 1429 1652 1488 regionem
1673 1442 1700 1479 se
1713 1442 1774 1479 con·

994 1530 1124 1580 tulerunt:
1148 1534 1224 1593 atque
1245 1528 1389 1593 Aborigines
1411 1542 1454 1579 eos
1475 1531 1504 1578 ut
1523 1528 1608 1578 bestes
1630 1528 1775 1578 tractandos

994 1628 1138 1695 oenscbargt,
1161 1631 1187 1678 et
1203 1628 1315 1678 celeriter
1334 1639 1362 1676 ex
1381 1626 1499 1690 proximis
1509 1626 1569 1675 locis
1581 1625 1607 1675 in
1624 1639 1702 1676 unum
1714 1639 1772 1676 eon·

995 1724 1118 1784 tinebant,
1144 1729 1172 1774 ut
1185 1738 1228 1774 eos
1247 1723 1418 1787 reppellereut.
1451 1725 1485 1772 At
1497 1721 1600 1784 Pelasgi,
1621 1722 1774 1773 diverterent

994 1821 1057 1870 enim
1071 1822 1134 1871 torte
1147 1823 1243 1871 fortuna
1257 1820 1288 1870 ad
1301 1820 1410 1880 Outilas,
1426 1819 1585 1882 Aboriginum
1599 1819 1688 1869 urbem
1706 1819 1774 1868 iuxta

995 1930 1092 1965 sacrum
1104 1917 1200 1976 lacum,
1214 1920 1343 1980 postquam
1353 1913 1579 1964 animadverterunt
1588 1928 1689 1978 parmam
1706 1915 1775 1964 iasu-

994 2005 1058 2066 lam,
1074 2018 1131 2067 quac
1146 2005 1170 2053 in
1186 2018 1215 2053 co
1230 2004 1290 2053 lacu
1301 2002 1449 2066 agitabatur,
1463 2005 1489 2052 ct
1503 2015 1534 2051 ex
1549 2002 1662 2065 captivis,
1674 2014 1740 2065 quos
1751 2001 1775 2051 iu

995 2102 1059 2164 agris
1069 2102 1261 2166 interceperant,
1275 2101 1424 2151 audiverunt
1434 2112 1523 2150 nomen
1532 2099 1671 2158 hominurn,
1681 2101 1722 2162 qui
1735 2112 1774 2151 re·

993 2200 1089 2263 gionem
1105 2198 1172 2248 illam
1193 2198 1349 2258 incolebant,
1370 2197 1500 2247 oraculum
1520 2196 1566 2247 sibi
1582 2196 1640 2246 olim
1650 2196 1775 2247 redditum

994 2297 1026 2345 ad
1052 2296 1125 2346 smem
1153 2294 1299 2360 perductum
1333 2293 1497 2344 crediderunt.
1542 2295 1604 2343 Nam
1627 2292 1774 2353 oraculum,

994 2394 1059 2456 quod
1072 2393 1132 2458 ipsis
1151 2394 1257 2442 Dodonae
1277 2390 1400 2442 redditum
1415 2391 1494 2440 tuerat
1510 2388 1592 2454 (quod
1608 2391 1635 2439 L.
1648 2389 1774 2438 Manlius.

995 2490 1034 2538 vir
1047 2502 1096 2537 non
1116 2487 1246 2550 obscurus,
1263 2488 1397 2538 sevidisse
1417 2487 1477 2537 dicit
1491 2487 1516 2536 in
1532 2485 1641 2548 quodam
1664 2484 1774 2548 tripode,

995 2587 1036 2648 qui
1059 2586 1084 2634 in
1103 2585 1168 2635 lovis
1185 2585 1277 2649 templo
1299 2584 1394 2647 positus
1411 2587 1477 2644 orat,
1496 2582 1586 2634 litteris
1605 2582 1713 2645 antiquis
1737 2583 1775 2631 iu·

995 2683 1129 2746 sculptum)
1149 2681 1184 2731 sic
1199 2695 1227 2731 se
1240 2681 1365 2731 babebat:

1102 2851 1280 2905 nequeuntes
1293 2847 1426 2891 Siculorum
1438 2846 1578 2889 Saturarum
1591 2848 1685 2895 terrum,

1100 2915 1180 2969 Atque
1190 2909 1352 2966 Aboriginum
1367 2909 1481 2964 Cotgtcn,
1493 2906 1535 2951 abi
1546 2907 1628 2950 ιιιειιὶιι
1639 2908 1708 2949 rrutot
1721 2916 1726 2946 .“

1105 2980 1197 3039 (taribus
1210 2977 1326 3034 permixti
1336 2977 1438 3022 decianas
1447 2975 1534 3020 mittite
1544 2973 1644 3027 Pindo,

1102 3051 1132 3096 Et
1141 3049 1221 3102 capita
1233 3048 1284 3092 Diti
1292 3080 1300 3102 ,
1311 3051 1334 3091 et
1346 3046 1409 3095 vitri
1418 3045 1603 3091 nrrttitenirrmr.
1612 3106 1615 3111 ν

1019 3211 1070 3258 xx.
1080 3206 1511 3271 Adventantibusigiturcummagno
1519 3205 1629 3255 exoratu
1638 3202 1773 3267 Aborigini-

996 3296 1776 3364 busoccurrer·untPelasgi,suppticesatqueincrmcs,olorem-

995 3409 1050 3444 rnos
1061 3394 1242 3458 praetendentes
1262 3391 1450 3456 :expositisque
1470 3391 1521 3441 suis
1540 3389 1651 3446 casibus,
1672 3401 1775 3439 orarrmt

995 3489 1022 3535 ut
1039 3500 1065 3535 sc
1082 3497 1237 3549 nequaquam
1253 3482 1315 3548 ipsis
1323 3495 1410 3547 graves
1419 3481 1545 3533 tuturosin
1562 3481 1693 3531 anricitiam
1706 3493 1772 3530 com-

995 3579 1184 3641 munionemque
1203 3576 1298 3627 sedium
1320 3576 1472 3640 reciperent,
1499 3578 1523 3625 et
1540 3572 1669 3624 oraculum
1700 3573 1776 3622 inter.

994 3675 1120 3734 pretantes
1139 3684 1166 3721 se
1177 3671 1202 3720 iu
1215 3670 1283 3720 illam
1293 3669 1369 3720 solum
1390 3670 1513 3732 regionem
1530 3668 1579 3719 sibi
1587 3667 1718 3729 reliquum
1735 3664 1775 3716 dol

993 3764 1088 3813 monitu
1104 3764 1199 3814 delatos
1219 3762 1341 3814 dixerunt.
1385 3766 1448 3820 Qum
1472 3775 1529 3811 oum
1541 3758 1680 3820 Aborigines
1703 3756 1774 3808 intei-

994 3855 1122 3916 lexissent,
1138 3855 1311 3905 existimarunt
1328 3850 1589 3916 oraculopareudum,
1611 3851 1636 3898 et
1659 3851 1776 3899 Groecam

993 3948 1137 3997 societatem
1150 3949 1235 3996 contra
1249 3946 1369 3996 barbaros
1386 3944 1432 3993 sibi
1444 3944 1550 3992 intensos
1571 3940 1773 4004 adsumendum,

995 4041 1054 4100 quia
1078 4038 1143 4089 bello
1156 4039 1266 4102 graviter
1287 4035 1470 4101 premebantur,
1487 4032 1554 4096 qrrod
1575 4036 1659 4081 contra
1680 4031 1776 4085 siculos

994 4130 1119 4194 gerebant.
1153 4134 1239 4194 ltaque
1251 4144 1309 4180 eum
1322 4127 1430 4189 Pelasgis
1447 4126 1529 4176 tardus
1544 4127 1642 4188 ineunt,
1656 4129 1682 4176 et
1700 4140 1773 4190 agro·

994 4241 1050 4278 rum
1062 4241 1116 4278 eam
1128 4230 1223 4290 purtem
1233 4227 1291 4290 ipsis
1304 4228 1442 4286 assignant,
1460 4237 1516 4286 ηιιιο
1530 4226 1584 4272 crat
1597 4222 1662 4272 cirta
1674 4224 1774 4272 sacrum

994 4318 1090 4378 lacum3
1103 4333 1208 4382 querum
1226 4331 1314 4382 magna
1338 4320 1464 4380 parserat
1485 4315 1611 4379 palustris,
1634 4327 1691 4378 quae
1710 4326 1776 4365 ιιοιιο

994 4425 1063 4462 more
1082 4412 1171 4477 priscas
1188 4412 1276 4474 linguae
1289 4410 1356 4460 Velia
1375 4413 1503 4459 vocatur:
1528 4421 1585 4457 nam
1605 4407 1678 4471 prisci
1693 4407 1774 4457 Graeci

999 4505 1138 4557 nominibus
1165 4518 1181 4555 a
1198 4505 1278 4555 vocali
1298 4503 1471 4568 incipientibus
1495 4501 1614 4567 syllabam
1640 4517 1686 4561 ου,
1703 4500 1777 4552 unico

994 4604 1112 4667 scriptam
1123 4600 1274 4661 charactere,
1283 4599 1429 4664 plerumque
1436 4609 1580 4664 praeponere
1591 4593 1702 4647 solebant
1711 4595 1775 4658 (erat

995 4699 1079 4745 autom
1092 4697 1120 4743 ut
1131 4707 1238 4755 gamma,
1257 4705 1315 4757 gom
1327 4691 1500 4755 sormobotur
1511 4688 1610 4739 duabus
1629 4687 1697 4738 lineis
1710 4685 1774 4736 obli·

995 4788 1050 4849 quis
1062 4785 1093 4836 ad
1111 4799 1185 4835 unam
1206 4789 1299 4835 rectam
1316 4783 1457 4846 adiunctis)
1473 4786 1501 4832 ut
1520 4781 1605 4838 Felice,
1616 4779 1642 4828 et
1657 4778 1735 4833 Fiant
1751 4780 1776 4828 et

995 4880 1077 4936 Ὲοῖκος
1094 4883 1119 4929 et
1139 4880 1204 4941 Faip
1218 4881 1243 4928 et
1258 4876 1337 4926 multu
1357 4877 1414 4926 olio
1428 4873 1579 4925 huiusmodi.
1614 4868 1708 4921 Deinde
1722 4869 1775 4918 ho-

995 4984 1050 5020 rum
1064 4984 1112 5019 neu
1132 4970 1232 5019 minima
1246 4982 1312 5032 pars,
1325 4967 1383 5031 quia
1397 4980 1453 5030 ager
1474 4966 1519 5016 ille
1532 4963 1647 5015 omnibus
1659 4974 1709 5011 non
1723 4958 1774 5010 sui·

995 5061 1101 5121 fidebat,
1112 5060 1284 5127 Aboriginibus
1296 5062 1484 5124 persuaserunt,
1498 5061 1526 5108 ut
1544 5068 1630 5107 secum
1651 5051 1683 5103 ad
1703 5051 1773 5102 belli·

996 5166 1051 5204 cam
1079 5155 1255 5218 expeditionem
1282 5151 1505 5218 proficiscerentur3
1532 5152 1558 5200 et
1588 5146 1653 5199 bello
1675 5141 1775 5194 Umbris
