3772 5828
663 369 951 443 Anrtodlrnwot
975 370 1108 429 ROMAN
1132 370 1202 430 LlB.
1227 373 1264 431 ll.
1722 391 1760 447 77

180 496 318 570 όπικλήσει
333 496 356 555 τ’
367 500 490 577 εὐπρεπεῖ
508 498 539 558 τό
555 501 656 577 πρᾶγμ’
677 500 821 575 ἐκόσμησε,
839 524 947 578 πατρω-

179 585 251 644 νείαν
263 585 396 662 όνομάσας
411 585 458 656 τήν
476 589 528 645 τῶν
542 586 659 656 πενήτων
681 587 725 644 καῖ
743 590 870 645 ταπεινῶν
882 610 948 665 προ·

180 672 308 746 στασίαν,
332 673 377 731 καῖ
392 672 425 731 τά
439 673 503 749 ίργα
514 674 618 755 χρηστὰ
632 675 791 752 προσέθηκεν
806 674 945 753 έκατέροις,

179 760 374 840 φιλανθρώπους
398 760 443 818 καί
466 760 601 825 πολιτικάς
629 761 840 840 ἀπεργαζόμενος
862 764 946 820 αὐτῶν

137 867 151 904 ν
177 849 224 915 τίις
238 848 367 925 συζυγίας.

218 937 258 997 X.
295 925 346 994 'llo
378 933 405 993 δέ
437 934 470 993 rin
510 937 553 995 ὕπ’
592 935 688 994 ίκείνου
720 935 774 993 τόθ’
815 937 947 1012 ὁρισθέντα

179 1023 227 1082 καί
250 1023 326 1103 μέχρι
350 1024 447 1081 πολλοῦ
465 1025 664 1101 παραμείναντα
689 1030 784 1102 χρόνου
804 1023 948 1100 Ῥωμαίοις

181 1113 229 1183 έθη
247 1111 305 1190 πιρί
326 1112 371 1177 τὰς
391 1111 551 1190 πατρωνείας
577 1111 679 1170 τοιάδε·
703 1114 762 1178 τοὺς
785 1111 833 1189 μίν
852 1136 947 1191 πατρι·

181 1199 252 1266 κίους
266 1198 317 1258 ἱδει
341 1200 394 1265 τοῖς
413 1201 512 1257 ἑαυτῶν
536 1199 663 1265 πελάταις
690 1199 835 1276 ἰξηγεῖσθαι
857 1201 890 1259 τά
910 1202 947 1260 δί-

124 1306 151 1344 to
179 1313 254 1365 κατα,
271 1280 308 1348 ῶν
329 1292 375 1349 οὐκ
391 1279 460 1366 εἰχον
478 1291 571 1346 έκεῖνοι
598 1288 645 1357 τήν
666 1288 828 1364 ἐπιστήμην,
848 1289 947 1364 παρόν·

178 1401 231 1437 των
251 1377 278 1435 τ’
302 1378 386 1435 αθτῶν
408 1375 453 1435 καί
473 1378 511 1451 μὴ
531 1377 667 1455 παρόντων
692 1377 736 1434 τὸν
756 1376 832 1435 αὐτόν
855 1379 947 1452 irnpe-

177 1465 279 1524 λεῖαθαι
298 1462 410 1542 τρόπον,
432 1461 536 1521 ἅπαντα
554 1463 714 1542 πράττοντας
735 1463 784 1522 ὅσα
805 1465 865 1542 περὶ
886 1464 948 1522 παί-

179 1553 231 1610 δων
255 1551 400 1630 πρέπουσι
423 1549 532 1628 πατέρες
558 1555 592 1616 εἰς
612 1552 758 1632 χρημάτων
781 1575 810 1610 τε
835 1554 947 1612 καὶτῶν

179 1639 240 1718 περί
251 1636 378 1717 χρήματα
393 1636 559 1713 συμόολαίων
576 1636 667 1716 λόγον,
686 1640 760 1707 δίκας
779 1642 803 1697 θ’
819 1640 882 1720 θπίρ
895 1644 947 1699 τῶν

124 1747 150 1784 ra
179 1728 301 1784 πελατῶν
321 1725 498 1801 ἀδικουμένων
522 1726 676 1805 λαγχάνειν,
696 1727 721 1787 εῖ
745 1751 784 1793 τις
807 1729 949 1806 βλάπτοιτο

178 1812 241 1893 περὶ
270 1810 303 1871 τά
321 1811 486 1888 συμόόλαια,
510 1812 553 1872 καί
579 1821 632 1881 τοῖς
654 1816 807 1893 ἐγκαλοῦσιν
828 1814 947 1894 ὑπέχειν·

181 1905 216 1966 ῶς
230 1899 253 1958 δ’
272 1899 347 1980 θλίγα
368 1898 427 1975 περλ
450 1901 554 1958 πολλῶν
576 1900 607 1959 άν
631 1924 670 1968 τις
691 1900 777 1973 είποι,
791 1910 880 1960 πᾶσαν
899 1904 948 1961 αὖ·

179 1997 231 2056 τοῖς
250 1988 354 2069 εἰρήνην
372 1992 423 2047 τῶν
445 1991 469 2047 τ’
491 1989 561 2048 ἰδίων
580 1989 625 2048 καί
646 1993 698 2050 τῶν
717 1992 808 2050 κοινῶν
822 1991 948 2068 πραγμά-

182 2100 232 2136 των
251 2082 286 2145 a<
304 2079 411 2155 μάλιστ’
427 2076 549 2138 ίδόναντο
568 2078 705 2158 παρέχειν.
743 2076 810 2144 Τοθς
828 2079 855 2135 δὲ
868 2077 949 2138 πελά-

121 2183 151 2221 ao
181 2188 228 2232 τας
243 2165 295 2225 ἔδει
318 2174 371 2233 τοῖς
389 2169 488 2224 ἑαυτῶν
503 2164 661 2244 προστάταις
683 2167 825 2245 θυγατέρας
838 2189 866 2224 τε
885 2189 945 2226 συν-

179 2248 326 2314 εκδίδδσθαι
355 2251 539 2332 γαμουμένας,
563 2255 586 2312 ιί
619 2253 764 2322 σπανίζοιεν
789 2257 812 2311 σῖ
840 2255 948 2335 πατέρες

180 2343 345 2424 χρημάτων,
371 2347 416 2400 καί
439 2341 521 2420 λότρα
547 2340 723 2400 καταθάλλειν
752 2342 899 2420 πολεμίοις,
926 2343 951 2402 εἰ

181 2453 223 2494 τις
244 2428 361 2498 αθτῶνή
384 2429 487 2485 παίδων
510 2428 675 2505 αἰχμάλωτος
700 2427 812 2504 γένοιτο·
835 2429 908 2496 δίκας
921 2453 950 2488 τε

181 2515 299 2573 ἁλόντων
314 2513 400 2596 [ἰδίας]
422 2514 440 2584 ἢ
457 2513 551 2588 ζημίας
575 2514 705 2593 δρλόντων
726 2513 877 2594 [δημοσίας]
898 2518 947 2596 άρ-

117 2632 152 2666 25
185 2602 291 2679 γυρικδν
308 2602 418 2680 ἰχοόσας
440 2601 544 2676 τίμημα
569 2603 599 2659 ἐκ
616 2604 669 2659 τῶν
686 2601 758 2659 ἰδίων
769 2602 875 2663 λόεσθαι
885 2626 950 2683 χρη·

183 2688 291 2763 μάτων,
323 2690 351 2747 οὐ
390 2687 548 2761 δανείσματα
583 2692 718 2754 ποιοῦντας
737 2688 805 2748 iili
827 2689 949 2770 χάριτας·

181 2775 210 2832 ἔν
231 2775 256 2832 τ’
277 2778 369 2855 ἀρχαῖς
390 2773 436 2834 καλ
458 2773 613 2855 ίεραρορίαις
645 2775 690 2834 καί
711 2779 767 2842 ταῖς
785 2776 876 2842 άλλαις
894 2787 949 2845 ταῖς

182 2866 217 2928 εἰς
243 2862 276 2918 τά
299 2862 372 2920 κοινὰ
401 2861 529 2926 δαπάναις
555 2865 607 2920 τῶν
633 2862 812 2939 ἀναλωμάτων
835 2865 870 2930 ὡς
890 2865 949 2932 τοὺς

181 2950 251 3026 γένει
273 2949 454 3029 προσήκοντας
477 2949 540 3025 μετέ
558 2972 605 3010 ειν.
648 2952 731 3030 Κοινῇ
752 2951 775 3008 δ’
797 2953 950 3032 άμρσεέροις

122 3065 152 3105 ω
179 3037 234 3097 οὗθ’
247 3041 319 3097 ὅσιον
340 3037 400 3098 οὔτε
431 3036 503 3114 θέμις
530 2973 561 3108 ῶν
587 3042 741 3118 κατηγορεῖν
761 3039 883 3110 ἀλλήλων
906 3041 949 3100 lut

180 3127 264 3193 δίκαις
279 3127 297 3198 ἢ
317 3132 527 3207 καταμαρτυρεῖν
542 3123 560 3196 ἢ
573 3129 659 3206 ‹pi-,por
683 3126 804 3186 isaurius
819 3127 948 3208 ἰπιρίριιν

180 3216 198 3284 ἢ
221 3212 358 3291 μετὰτῶν
383 3217 482 3294 ἐχθρῶν
493 3213 680 3283 ’ῖξετάζεσθαιι
724 3215 757 3274 Εἰ
785 3216 813 3273 δέ
832 3238 871 3280 τις
892 3215 948 3285 ἐξε-

180 3301 302 3382 λεγχθείη
324 3301 420 3359 τοότυνν
444 3324 470 3358 τι
494 3301 728 3380 διαπραττόμενος,
752 3301 838 3380 ἔνοχος
861 3294 893 3373 ήν
911 3308 949 3382 τῷ

181 3390 253 3468 νόμῳ
267 3392 314 3458 τῆς
337 3388 489 3468 προδοσίας,
505 3387 533 3446 θν
553 3388 679 3467 ἐκύρωσεν
699 3391 714 3447 θ
733 3386 881 3464 Ῥωμόλος·
904 3390 949 3449 τὸν

125 3491 154 3531 aa
184 3476 207 3532 δ’
229 3477 324 3536 ἁλόντα
351 3479 388 3555 τῷ
418 3474 565 3553 βουλομένῳ
599 3475 707 3533 κτείνειν
736 3475 806 3534 όσιον
836 3466 881 3547 ἦν,
914 3481 950 3545 ὡς

183 3569 253 3640 θῦμα
283 3570 328 3621 τοῦ
353 3561 525 3642 καταχθονίου
551 3563 621 3629 Διός.
677 3564 725 3620 Ἐν
749 3562 799 3619 ῖθει
814 3564 864 3641 γάρ
883 3562 950 3624 Ῥω-

184 3652 286 3721 μαίοις,
308 3651 381 3717 θσσυς
400 3649 537 3708 ἰόοόλοντο
555 3649 657 3720 νηποινί
675 3650 811 3721 τεθνάναι,
839 3650 873 3709 τό
888 3653 949 3710 τοό-

184 3762 234 3796 reon
255 3737 366 3814 stiparet
389 3741 453 3795 θιῶν
477 3735 627 3816 ὁτῳδήτινι,
642 3736 758 3813 μάλιστα
779 3735 806 3794 δὲ
828 3738 881 3805 τοῖς
899 3762 948 3798 κα-

182 3826 325 3905 ταχθονίοις
357 3825 554 3901 κατονομάζειν·
585 3822 599 3882 δ
624 3824 669 3881 καὶ
696 3823 751 3882 τόθ’
776 3826 790 3882 δ
813 3823 949 3896 Ῥωμύλος

129 3928 156 3965 ⁴⁰
184 3913 302 3984 ἐποίησε.
344 3911 482 3990 Τοιγάρτοι
514 3910 644 3988 διέμειναν
669 3913 696 3969 ἐν
720 3912 827 3978 πολλαῖς
850 3921 949 3990 γενεαῖς

183 4001 257 4060 attis
283 4001 449 4080 διαφέρουσαι
485 4001 642 4077 συγγενικῶν
675 4000 886 4076 ἀναγκαιοτήτων
920 4005 947 4060 αἰ

184 4090 237 4145 τῶν
256 4085 377 4144 πελατῶν
393 4107 422 4143 τι
438 4085 483 4144 καί
494 4088 649 4165 προστατῶν
666 4085 783 4160 συζυγίαι
799 4087 875 4144 παισῖ
889 4087 948 4146 παί·

184 4175 235 4233 δων
260 4172 462 4247 συνιστάμεναι·
493 4172 538 4231 καλ
559 4172 641 4249 μέγας
664 4173 767 4239 έπαινσς
789 4164 821 4244 ήν
843 4182 896 4237 τοῖς
918 4178 947 4233 ἐκ

184 4266 236 4321 τῶν
267 4262 397 4338 ἰπιρανῶν
421 4259 499 4319 σίκων
518 4263 553 4327 ὡς
570 4262 706 4326 πλείστους
724 4260 839 4326 πελάτας
861 4262 946 4339 ἔχειν,

135 4372 158 4408 ιτ.
183 4349 230 4415 τάς
249 4371 277 4406 τε
292 4346 446 4426 προγονικὰς
466 4347 622 4427 φυλάττουσι
636 4345 757 4424 διαδοχὰς
777 4349 828 4409 τῶν
840 4369 948 4426 πατρω·

185 4439 275 4509 νειῶν,
298 4434 343 4492 καί
359 4435 402 4493 διὰ
424 4438 470 4506 τ’ής
492 4437 591 4494 έαυτῶν
614 4438 709 4513 ἀρετῆς
731 4434 812 4501 ἄλλας
834 4437 948 4494 ἰπικτω·

184 4522 287 4598 μένοις·
319 4521 335 4580 ό
354 4523 379 4581 τ’
401 4520 471 4601 άγιίιν
494 4523 583 4603 [ὑπὲρ]
603 4526 648 4593 τῆς
676 4521 789 4594 εὐνοίας,
814 4523 879 4601 ὑπέρ
902 4529 948 4583 τοῦ

184 4611 222 4686 μή
235 4611 371 4689 λειφθῆναι
389 4613 436 4679 τῆς
458 4609 579 4680 ἀλλήλων
601 4610 724 4690 χάριτος,
741 4609 845 4676 ἔκτοπος
859 4609 950 4681 ἡλίκος

185 4699 339 4777 ἀμφοτέροις
361 4688 409 4769 ήν,
432 4699 482 4754 τῶν
498 4696 546 4772 μέν
561 4699 681 4756 πελατῶν
695 4697 799 4755 ἅπαντα
821 4698 873 4762 τοῖς
888 4720 952 4773 προ-

144 4797 168 4840 lo
187 4786 294 4850 στάταις
317 4783 455 4851 ἀξιούντων
480 4788 514 4851 ῶς
544 4784 674 4861 δυνάμεως
700 4774 770 4864 εῖχσν
794 4787 949 4864 ὑπηρετεῖν,

184 4877 236 4932 τῶν
259 4875 287 4932 δὲ
310 4870 453 4951 πατρικίων
480 4871 577 4943 ἥκιστα
603 4871 766 4952 βουλομένων
790 4879 842 4939 τοῖς
867 4872 952 4932 πελά·

184 4985 240 5028 ταις
254 4961 385 5040 ἰνυχλεῖν,
399 4959 566 5038 χρηματικήν
580 4961 604 5019 τ’
616 4959 738 5036 σθδεμίαν
756 4959 855 5037 δωρεάν
870 4981 949 5039 προσ·

115 5103 122 5121 ,
184 5049 306 5128 ιεμένων·
331 5047 413 5115 σθτως
428 5051 554 5129 ἰγκρατὴς
567 5049 592 5109 θ
617 5051 672 5128 βίος
686 5038 717 5120 ήν
739 5048 826 5112 αὐτοῖς
847 5046 952 5118 ἁπάσης

183 5141 293 5219 ἡδονῆς,
313 5136 360 5198 καῖ
381 5136 411 5196 τὸ
433 5136 561 5220 μακάριον
577 5138 656 5218 ἀρετῇ
673 5137 796 5214 μετρῶν,
815 5136 843 5192 οὐ
869 5131 948 5213 τόχη.

1004 509 1164 573 appellatione
1175 509 1238 558 hanc
1257 523 1306 557 rem
1327 508 1504 571 cohonestavit,
1521 513 1677 563 Patronatum
1690 528 1769 564 nomi-

1003 609 1064 645 nans
1085 609 1219 658 pauperum
1244 600 1268 645 et
1295 596 1424 645 humilium
1450 598 1610 660 patrocinium
1634 603 1680 649 :et
1701 615 1769 652 nom-

1003 683 1076 733 moda
1086 684 1197 746 utrisque
1216 683 1310 733 addidit
1323 683 1417 745 officia,
1431 699 1563 747 eorumque
1576 686 1769 738 coniunctionem

1002 769 1134 821 bumauam
1149 784 1177 821 ac
1190 771 1285 820 cirilem
1298 771 1411 822 reddidit.
1684 759 1687 764 ¹

1034 953 1064 1002 x.
1081 955 1123 1001 lus
1144 956 1225 1001 autem
1247 955 1390 1014 patmnatns
1406 957 1464 1001 tunc
1484 952 1516 1001 ab
1539 952 1579 1003 illo
1598 955 1771 1015 constitutum,

1001 1048 1069 1112 quod
1097 1047 1164 1110 apud
1188 1051 1308 1096 Romanos
1332 1047 1375 1097 diu
1403 1048 1514 1110 duravit,
1537 1053 1590 1099 erat
1620 1050 1770 1102 huiusmodi.

1002 1146 1136 1210 oportebat
1161 1145 1274 1209 patricios
1300 1144 1428 1213 clientibus
1455 1145 1493 1196 ius
1511 1147 1679 1211 interpretari,
1700 1149 1773 1198 cuius

1001 1243 1036 1294 llti
1055 1247 1126 1294 erant
1139 1241 1258 1305 imperiti,
1278 1245 1303 1290 et
1315 1241 1411 1292 illorum
1429 1246 1454 1293 et
1469 1243 1605 1293 absentium
1620 1249 1644 1295 et
1660 1258 1770 1309 praesen-

1001 1340 1064 1390 tium
1093 1352 1176 1389 curam
1211 1351 1309 1402 gerere,
1341 1338 1457 1389 iacientes
1493 1339 1611 1403 quidquid
1641 1341 1771 1391 liberorum

1001 1454 1088 1490 caussa
1105 1442 1217 1503 parentes
1232 1438 1312 1489 lacere
1324 1437 1403 1489 solent
1424 1442 1450 1489 et
1464 1439 1489 1489 in
1501 1440 1634 1490 rationibus
1656 1441 1771 1504 pecunia·

1001 1550 1057 1586 rum
1077 1538 1103 1586 et
1114 1535 1139 1585 in
1157 1535 1356 1598 obligationibus3
1373 1539 1399 1585 et
1420 1536 1475 1586 lites
1496 1550 1540 1600 pro
1559 1536 1688 1587 clientibus
1708 1537 1773 1587 inin·

1002 1635 1039 1685 ria
1059 1633 1155 1684 allectis
1181 1633 1316 1696 suscipere,
1338 1632 1415 1696 siquis
1441 1633 1465 1682 in
1489 1636 1617 1684 contractu
1640 1634 1772 1684 detrimen-

1001 1736 1056 1784 tum
1070 1732 1213 1794 accepisset,
1237 1734 1263 1781 et
1283 1744 1368 1781 eorum
1383 1745 1483 1780 causam
1508 1736 1593 1782 contra
1617 1738 1775 1784 accusatores

1002 1832 1134 1882 sustinere.
1182 1834 1214 1880 Et
1238 1832 1281 1890 (ut
1307 1829 1390 1893 paucis
1410 1829 1487 1878 muita
1507 1829 1650 1892 expediam)
1671 1833 1772 1894 oporte·

1001 1928 1045 1980 bat
1060 1941 1101 1978 eoa
1116 1926 1245 1977 clientibus
1264 1930 1313 1976 tam
1324 1939 1339 1975 a
1352 1925 1455 1989 privatin
1477 1939 1550 1988 quam
1570 1940 1585 1975 a
1604 1927 1707 1989 publicis
1727 1941 1771 1978 uc·

1002 2027 1074 2091 gotiis
1100 2039 1197 2075 omnem
1218 2023 1324 2086 quietem
1357 2035 1453 2071 summa
1481 2035 1538 2072 cum
1561 2036 1620 2072 cura
1644 2027 1771 2086 prestare.

1001 2126 1071 2187 lpsos
1093 2135 1151 2172 rero
1173 2121 1273 2171 clientes
1286 2119 1416 2182 oportebat
1437 2120 1521 2168 iurare
1541 2122 1655 2182 patronos
1681 2118 1705 2168 in
1726 2120 1773 2168 do·

1002 2218 1082 2269 landis
1095 2218 1199 2277 liliabus,
1224 2217 1245 2266 si
1262 2221 1375 2280 parentes
1393 2218 1474 2265 assent
1492 2215 1588 2279 inopes;
1604 2220 1629 2265 et
1648 2217 1679 2265 ab
1700 2215 1771 2267 hoste

1002 2316 1131 2376 redimere,
1155 2314 1232 2377 siquis
1261 2319 1304 2363 aut
1333 2313 1441 2376 ipsomm
1461 2315 1505 2362 aut
1530 2313 1662 2363 liberorum
1685 2316 1774 2377 captus

1002 2412 1104 2473 [αἰετοῖς
1126 2412 1277 2476 privatarum
1293 2424 1391 2476 quoque
1404 2410 1485 2460 litium
1497 2410 1647 2474 perditarum
1661 2412 1771 2461 artman-

1003 2510 1082 2561 tiones
1096 2513 1122 2560 et
1137 2509 1227 2558 multas
1246 2506 1354 2571 publicas
1378 2506 1530 2570 pecuniarias
1547 2520 1590 2570 pro
1605 2507 1665 2568 ipsis
1676 2508 1773 2571 proprio

1003 2623 1052 2660 aare
1072 2608 1216 2668 dissolvere,
1235 2608 1362 2669 pecuniam
1381 2619 1429 2655 non
1452 2608 1562 2656 mutuam
1576 2604 1619 2654 sed
1641 2605 1773 2654 referendas

1003 2706 1088 2771 gratia
1109 2717 1195 2753 caussa
1218 2704 1316 2763 dantes;
1336 2702 1401 2752 etin
1423 2701 1614 2765 magistratibus,
1627 2698 1771 2750 sacerdotiis

1003 2801 1105 2864 aliisque
1125 2800 1229 2864 publicis
1246 2800 1378 2863 impensis,
1396 2803 1540 2862 sumptuum
1560 2795 1690 2860 participes
1708 2808 1770 2857 esso,

1003 2910 1052 2945 non
1079 2909 1150 2946 secus
1184 2908 1213 2944 ac
1244 2908 1331 2956 genere
1355 2894 1505 2944 coniunctos.
1552 2893 1687 2940 commune
1721 2903 1770 2938 au·

1003 2996 1054 3043 tem
1065 2988 1176 3057 utrisque
1193 2993 1255 3050 erat,
1270 2994 1298 3040 ut
1310 3004 1388 3053 neque
1408 2991 1477 3054 pium
1493 3002 1573 3050 neque
1594 2988 1631 3036 las
1649 2990 1713 3036 esset
1732 2986 1772 3035 al·

1004 3090 1062 3141 teris
1074 3089 1165 3140 alteros
1179 3102 1301 3148 accusare,
1321 3091 1365 3137 aut
1388 3087 1556 3137 testimoninm
1581 3084 1712 3134 adversum
1732 3083 1772 3132 di-

1003 3197 1068 3243 csre,
1083 3188 1125 3234 aut
1146 3182 1288 3247 sullragiurn
1306 3184 1457 3232 contrarium
1480 3184 1550 3243 terre,
1571 3184 1615 3231 aut
1638 3181 1702 3231 inter
1725 3179 1771 3230 ini·

1003 3281 1080 3331 micos
1094 3281 1195 3330 censeri.
1229 3278 1301 3338 Quod
1316 3279 1338 3328 si
1354 3279 1410 3341 quis
1422 3279 1446 3327 in
1466 3279 1548 3342 aliquo
1559 3276 1701 3327 huiusmodi
1714 3275 1773 3324 laci·

1003 3387 1062 3424 nore
1074 3374 1241 3438 deprehensus
1259 3373 1360 3432 luisset,
1383 3372 1529 3436 proditionis
1549 3372 1609 3433 lege,
1632 3381 1706 3432 quam
1725 3370 1773 3417 lto·

1002 3470 1084 3520 mulus
1093 3474 1216 3527 sanxerat,
1230 3468 1368 3519 tenebatur.
1401 3471 1504 3518 Eleum
1526 3467 1568 3530 qui
1588 3468 1641 3516 eius
1662 3463 1770 3514 criminis

1004 3567 1093 3617 luisset
1113 3565 1250 3625 convictus,
1264 3565 1343 3614 cuiris
1360 3567 1389 3614 ul
1402 3563 1450 3613 Diti
1466 3576 1564 3613 sacrum
1582 3560 1720 3611 interlicere
1739 3559 1772 3610 li·

1003 3665 1085 3714 nebat.
1120 3664 1172 3711 llos
1191 3661 1255 3710 enim
1276 3663 1329 3709 erat
1342 3658 1466 3720 Romanis,
1483 3661 1519 3719 ut,
1539 3671 1601 3722 qnos
1621 3656 1711 3706 vellent
1723 3656 1773 3705 im·

1002 3769 1067 3821 pune
1086 3752 1171 3812 occidi,
1184 3765 1272 3803 eorum
1292 3764 1396 3816 corpora
1413 3749 1488 3802 alicui
1503 3749 1559 3811 deo,
1581 3749 1702 3813 praecipue
1715 3760 1774 3798 rero

1002 3847 1092 3907 interis,
1104 3845 1254 3895 devoverent
1273 3861 1279 3892 :
1301 3841 1368 3905 quod
1384 3842 1477 3905 etipse
1494 3840 1611 3890 Romulus
1628 3842 1687 3888 tunc
1706 3838 1772 3888 lecit.

1003 3940 1156 4000 Quapropter
1171 3948 1214 3998 per
1229 3935 1320 3983 multas
1341 3936 1428 3982 earm
1445 3932 1630 3994 permanserunt
1647 3926 1686 3977 ira
1702 3927 1774 3978 clicu-

1002 4031 1064 4080 tium
1074 4034 1099 4079 et
1111 4033 1269 4092 patronorum
1278 4024 1460 4075 coniunctiones
1470 4021 1576 4086 posteris
1586 4019 1773 4080 commendatae,

1002 4123 1037 4172 lta
1050 4126 1078 4172 ut
1091 4120 1150 4171 nibil
1168 4136 1183 4170 a
1204 4122 1361 4182 cognatorum
1383 4112 1604 4165 necessitudinibus
1623 4112 1772 4163 dillerrent:

1002 4217 1028 4270 et
1047 4227 1142 4278 magnae
1172 4211 1313 4262 vertebatur
1332 4207 1401 4258 laudi
1431 4205 1553 4256 nobilibus
1581 4201 1777 4268 quamplurimos

1003 4308 1103 4358 clientes
1120 4306 1217 4364 babere,
1230 4308 1255 4354 et
1266 4300 1426 4352 hereditarias
1437 4299 1558 4348 maiorum
1574 4294 1699 4347 clientelas
1714 4306 1773 4343 cou-

1003 4409 1114 4455 serrare,
1142 4395 1250 4456 aliasque
1271 4391 1363 4441 virtute
1386 4389 1483 4454 pmpria
1508 4401 1594 4452 parare
1615 4406 1622 4436 ι
1643 4386 1776 4449 ingensque

1004 4493 1128 4540 certamen
1141 4491 1194 4537 erat
1205 4486 1317 4547 utrisque
1329 4484 1361 4533 de
1378 4481 1556 4543 benevolentia,
1575 4493 1605 4530 ne
1617 4477 1710 4528 mutuis
1727 4474 1772 4524 be·

1004 4581 1097 4632 nedciis
1116 4580 1186 4630 alteri
1206 4578 1237 4628 ab
1267 4577 1351 4627 alteris
1374 4575 1543 4634 vincerentur;
1570 4569 1700 4623 clientibus
1729 4577 1773 4628 pro

1005 4674 1068 4723 virili
1081 4677 1149 4736 parte
1165 4672 1256 4721 nullum
1268 4669 1429 4720 ministerium
1441 4671 1596 4731 patronorum
1614 4673 1686 4711 causa
1702 4671 1775 4707 recu·

1006 4769 1126 4828 sentibus,
1134 4770 1159 4818 et
1169 4766 1275 4817 vicissim
1286 4764 1393 4829 patronis
1405 4761 1472 4812 nullo
1482 4759 1555 4810 modo
1571 4752 1705 4806 molestlam
1723 4747 1775 4798 suis

1005 4860 1135 4914 clientibus
1146 4858 1261 4910 exbibens
1273 4855 1411 4906 volentibus
1420 4866 1464 4903 uec
1471 4851 1548 4901 ullum
1557 4843 1714 4910 pecuniarum
1726 4838 1758 4887 do

1005 4967 1066 5005 num
1090 4951 1274 5015 accipientibus.
1307 4950 1383 4998 Tanta
1406 4948 1460 4995 erat
1475 4941 1571 4992 illorum
1593 4930 1701 4985 inomni
1722 4932 1774 4981 rita

1006 5045 1176 5111 temperantia,
1192 5046 1219 5094 et
1239 5040 1381 5091 lelieitatem
1399 5036 1490 5085 virtute
1508 5044 1555 5080 non
1577 5028 1674 5077 tortuua
1688 5023 1778 5074 metie-

1006 5138 1103 5189 bantur.
