3772 5828
183 358 241 416 128

183 489 338 561 ἐπίκλησιν·
359 489 490 566 Ῥωμαῖοι
510 493 532 548 δ’
554 491 640 568 ὀλίγον
664 493 788 571 ἐνδοτέρω
809 493 852 552 τδν
870 495 957 568 ἐπιτη·

182 577 313 638 θειότατον
326 583 361 643 εῖς
374 578 578 654 στρατοπεδείαν
590 578 668 637 τόπον
684 579 859 656 ἐκλεξάμενοι.
881 581 959 642 Ἐπεὶ

182 666 210 724 δέ
238 668 352 725 συνεῖδον
380 665 501 737 ἀλλήλων
529 667 670 746 ἀμφότεροι
691 668 738 734 τάς
761 670 882 745 δυνάμεις
899 675 957 729 οὔτε

181 755 277 825 πλήθει
293 756 449 829 λειπομένας
468 753 521 811 οὗθ’
538 756 677 831 ὁπλισμοῖς
691 757 803 822 εὐτελεῖς
820 757 879 815 οὗτε
900 765 958 824 ταῖς

143 860 157 897 ο
184 842 276 908 ἀλλοις
290 841 470 920 παρασκευαῖς
486 838 565 906 οὔσας
579 842 834 919 εὐκαταφρονήτους,
847 847 894 912 τῆς
909 844 954 920 μέν

182 931 290 1010 ταχείας
304 933 347 989 έπλ
361 928 404 987 τδν
416 930 496 1007 ἀγῶν’
511 931 609 1006 ὁρμῆς,
622 928 655 999 ἣν
667 932 726 987 κατ’
743 930 827 1009 ἀρχδις
840 921 910 1011 εἶχον
923 934 958 999 ὡς

182 1024 247 1096 αὐτῇ
265 1018 350 1096 ἐφόδῳ
369 1017 524 1096 τρεψόμενοι
538 1015 597 1082 τούς
613 1018 770 1094 πολεμίους,
787 1019 956 1090 ἀπέστησαν·

182 1110 298 1188 φυλακῆς
329 1104 356 1163 δέ
380 1106 480 1182 μᾶλλον
511 1104 529 1175 ή
564 1105 807 1185 προεπιχειρήσεως
832 1108 955 1187 πρόνοιαν

182 1193 329 1271 ἐλάμόανον
357 1195 534 1273 ὑψηλοτέρους
565 1193 705 1273 ἐγείροντες
737 1194 795 1261 τοὺς
823 1196 953 1274 χάρακας.

132 1297 156 1338 ιο
182 1285 276 1363 Etenim
292 1283 315 1342 τ’
334 1284 419 1341 αὐτῶν
432 1290 485 1347 τοῖς
500 1283 682 1362 χαριεστάτοις
694 1283 819 1360 λογισμὸς
833 1287 868 1351 ὡς
881 1288 910 1343 ού
923 1283 958 1342 τδι

181 1373 310 1452 κράτιστα
325 1369 520 1450 βουλευομένοις
533 1368 578 1426 καὶ
591 1369 759 1450 κατάμεμψις
771 1374 823 1429 τῶν
837 1373 863 1430 ἐν
877 1373 955 1431 τελει.

182 1548 226 1608 καὶ
240 1548 319 1625 λόγου
333 1545 405 1615 ἀξιον
419 1538 451 1618 ἦν
466 1547 647 1626 καταδρομαῖς
658 1548 743 1628 ψιλῶν
755 1547 773 1615 ἢ
794 1550 957 1624 συμπλοκαῖς

182 1637 285 1697 ἱππέων
300 1634 433 1694 ἐόλαπτον
448 1632 594 1705 ἀλλήλους·
609 1639 622 1692 θ
637 1639 681 1693 τοῦ
699 1635 815 1711 πολέμου
831 1633 905 1704 δόξας
920 1637 958 1694 αἶ·

131 1744 155 1781 ιο
182 1749 236 1792 τιος
249 1724 382 1802 γεγονέναι
398 1721 552 1795 Κλουίλιος,
570 1721 714 1801 ἀχθόμενος
727 1723 770 1782 ἐπὶ
782 1727 814 1802 τῇ
830 1723 957 1804 ἀπράκτῳ

181 1814 294 1892 καθέδρᾳ
309 1813 418 1891 γνοίμην
433 1811 510 1891 ἔσχεν
525 1809 624 1890 ἐξάγειν
634 1810 682 1882 τήν
695 1812 820 1890 στρατιθν
835 1813 880 1870 καῖ
892 1834 957 1891 τερο-

181 1904 319 1960 καλεῖσθαι
330 1899 390 1967 τοὺς
403 1898 544 1975 πολεμίους
559 1900 595 1965 εές
607 1899 712 1978 μάχην,
728 1898 772 1956 έόιν
791 1897 818 1958 δὲ
834 1899 871 1975 μή
886 1903 956 1959 bna·

181 1988 296 2048 κούοωσι
309 1988 485 2068 προσύάλλειν
498 1989 584 2045 αὐτῶν
602 1988 666 2064 πρὸς
678 1986 711 2044 τδι
726 1989 857 2065 ἐρύματα.
900 1988 958 2046 ile-

182 2078 411 2158 ρασκευασάμενος
424 2077 452 2134 δέ
467 2075 500 2133 τά
515 2078 579 2153 πρὸς
590 2075 635 2134 τδν
650 2078 739 2152 ἀγῶνα
753 2076 817 2152 καί,
831 2076 854 2134 εἰ
871 2076 958 2147 δεήσει

127 2184 155 2225 ου
180 2165 369 2246 τειχομαχίας,
383 2163 433 2222 ὅσα
448 2166 485 2244 τῷ
500 2163 608 2242 τοιούτῳ
629 2165 756 2244 πρόσφορ’
780 2162 847 2244 ἔργῳ
864 2186 957 2242 μηχα-

180 2255 339 2332 νησάμενος,
355 2253 413 2312 inei
425 2250 470 2322 νύξ
482 2251 584 2331 ἐγένετο
598 2251 731 2309 καθεύδων
747 2254 772 2311 έν
786 2255 820 2328 τῇ
841 2275 957 2332 στρατη-

179 2346 242 2420 γικῇ
264 2344 366 2420 σκηνῇ,
381 2339 515 2418 παρούσης
531 2341 601 2419 αύτῷ
622 2343 668 2408 τῆς
685 2339 803 2405 εἰωθυίας
826 2342 959 2418 φυλακῆτ,

181 2430 241 2509 πιρῖ
257 2430 299 2489 τὸν
314 2429 403 2507 ὄρθρον
419 2429 566 2509 εὑρίσκεται
582 2428 683 2505 νεκρός,
701 2426 759 2485 οὔτε
776 2432 879 2508 σφαγῆς
900 2427 955 2486 οὔτ’

183 2517 297 2596 ἀγχόνης
311 2516 370 2575 ούτε
385 2516 533 2597 φαρμάκων
550 2513 603 2574 οὔτ’
620 2515 702 2586 ἀλλης
717 2516 803 2594 βιαίου
824 2525 959 2595 συμφορᾶς

127 2606 155 2646 ²⁵
182 2614 291 2683 σημεῖον
306 2604 350 2663 ἐπὶ
363 2608 408 2662 τοῦ
422 2603 542 2681 σώματος
554 2600 627 2662 ούδέν
639 2601 718 2682 ἔχων.

220 2695 255 2755 V.
274 2692 428 2774 Παραδόξου
441 2692 468 2751 δέ
486 2699 531 2751 τοῦ
545 2692 651 2765 πάθους,
669 2689 759 2770 ὥσπερ
775 2691 856 2762 εῖκδς,
874 2692 960 2750 άπασι

180 2781 347 2861 φαινομένου,
359 2781 405 2840 καλ
415 2780 575 2857 ζητουμένης
587 2784 634 2851 τῆς
644 2780 728 2846 αἰτίας
735 2803 742 2817 ·
750 2778 807 2838 alli
817 2779 869 2860 γάρ
881 2779 958 2838 νόσον

180 2868 403 2950 προηγησαμένην
418 2860 476 2948 εἶχέ
489 2892 527 2936 τις
547 2869 731 2927 αἰτιάσασθαι·
752 2873 776 2928 ol
793 2868 840 2945 μὲν
855 2868 899 2926 tal
910 2868 959 2939 τήν

180 2959 250 3018 θείαν
267 2960 391 3039 πρόνοιαν
417 2956 521 3022 ἁπάσας
542 2955 590 3021 τάς
610 2955 774 3035 ἀνθρωπίνας
789 2954 959 3034 ἀναφέροντες

127 3059 154 3098 ³0
180 3048 261 3128 τύχας
276 3046 344 3106 κατδ
359 3048 437 3124 χολον
452 3043 584 3119 δαιμόνιον
600 3044 687 3116 ἔλεγον
708 3043 785 3101 αύτδν
800 3045 957 3117 ἀποθανεῖν,

180 3135 220 3193 ότι
232 3134 346 3209 πόλεμον
362 3131 484 3199 ἐξέκαυσε
498 3134 530 3208 τῇ
541 3130 701 3209 μητροπόλει
711 3131 773 3207 πρὸς
786 3130 833 3201 τήν
845 3129 958 3188 ἀπόκτι-

161 3224 221 3276 Ισιν
242 3220 300 3279 οὔτε
321 3221 420 3278 δίκαιον
438 3216 491 3277 οὔτ’
509 3216 665 3294 ἀναγκαῖον·
679 3219 701 3274 οἱ
724 3216 751 3274 δέ
772 3217 959 3295 χρηματισμὸν

179 3309 319 3386 ἡγούμενοι
332 3309 376 3368 τόν
392 3307 507 3379 πολεμον
519 3306 563 3363 καί
579 3304 701 3382 μεγάλων
715 3307 908 3383 ἀπεστερῆσθαι
920 3330 959 3364 νο·

182 3396 435 3478 μίζοντεςώφελειιῗιν
447 3392 633 3464 εῖςέπιόουλήν
644 3393 688 3452 καλ
698 3394 788 3472 φθόνον
799 3394 958 3474 ἀνθρώπινον

127 3500 153 3540 ³⁵
180 3486 296 3565 τὸέργον
312 3488 470 3568 μετέφερον,
487 3485 639 3560 αἰτιώμενοι
658 3488 710 3543 τῶν
728 3483 956 3560 ἀντιπολιτευομέ-

180 3598 229 3633 νων
243 3574 311 3640 τινδις
319 3579 405 3655 ἀφανῆ
417 3575 462 3635 καὶ
473 3573 651 3650 δυσεξέλεγκτ’
664 3571 812 3650 ἐξευρόντας
821 3570 958 3650 φάρμακα,

181 3663 224 3720 δεδι
238 3663 338 3721 τούτοιν
353 3663 396 3720 τόν
412 3663 485 3742 ἄνδρ’
502 3662 679 3742 ἀνῃρηκέναι·
695 3663 719 3718 oi
735 3660 757 3718 δ’
773 3660 824 3717 berb
836 3661 918 3729 λύπης
929 3681 958 3716 τε

180 3751 226 3810 καῖ
247 3751 399 3829 ἀμηχανίας
420 3750 598 3829 κρατούμενον
621 3747 730 3828 ἑκουσίῳ
746 3750 897 3826 χρήσασθαι
917 3771 957 3806 τε·

181 3840 261 3916 λευτῇ
274 3838 351 3895 αύτδν
364 3840 481 3918 ἔφασαν,
494 3838 584 3907 ἐπειδὴ
596 3837 682 3894 πάντα
695 3833 802 3914 χαλεπά
815 3835 860 3892 καὶ
872 3833 957 3913 ἀπορα

127 3949 155 3988 tu
184 3925 336 3984 συνέδαινεν
349 3927 438 4004 αὐτῷ,
455 3926 500 3984 καὶ
516 3923 588 3984 ούδέν
602 3923 697 4005 ἐχώρει
709 3922 778 3980 κοιτά
795 3928 852 3980 νοῦν
865 3925 917 3980 τῶν
931 3923 957 3979 ἐν

182 4016 293 4093 ἀρχαῖς,
309 4013 346 4072 ὅτ’
362 4016 396 4080 είς
406 4014 439 4071 ad
453 4014 590 4093 πράγματ’
604 4013 702 4092 εἰσῄει,
717 4011 957 4089 προσδοκηθέντων.

182 4105 246 4168 Τοῖς
259 4103 281 4159 δ’
296 4101 369 4166 ἐκτὸς
387 4092 445 4160 eder
463 4101 550 4182 φιλίας
564 4124 592 4159 τε
605 4101 649 4159 καὶ
669 4100 763 4179 ἔχθρας
776 4103 822 4170 τῆς
837 4097 901 4175 πρδς
913 4097 957 4156 τόν

183 4188 345 4265 στρατηγὸν,
358 4189 402 4246 καὶ
415 4191 468 4248 ἀπὸ
483 4189 579 4256 παντὸς
591 4195 636 4249 τοῦ
650 4187 786 4267 βελτίστου
801 4186 915 4264 κρίνουσι
928 4185 959 4245 τδ

183 4277 367 4356 συμύεύηκδς,
380 4277 432 4336 οὔθ’
447 4283 464 4348 ἡ
478 4278 534 4336 θεία
549 4279 654 4354 νέμεσις
669 4275 721 4335 οὗθ’
733 4282 747 4334 δ
760 4280 812 4334 τῶν
824 4277 957 4332 ἀντιπολι-

130 4391 155 4428 ιο
183 4363 328 4441 τευομένων
345 4363 434 4444 φθόνος
452 4362 540 4434 οὔθ’ίγ
562 4370 614 4423 τῶν
633 4362 796 4442 πραγμάτων
812 4361 959 4438 ἀπόγνωσις

184 4452 343 4531 ἀνῃρηκέναι
365 4450 409 4507 τὀν
434 4452 506 4531 ἄνδρ’
529 4451 628 4521 ἐδόκει,
652 4452 710 4510 ἀλλ’
736 4455 753 4521 ἡ
783 4453 830 4520 τῆς
858 4449 959 4529 φύσεως

183 4542 284 4619 ἀνάγκη
298 4539 342 4597 καὶ
358 4538 389 4596 τδ
402 4536 502 4615 χρεὼν,
513 4542 547 4605 ὡς
562 4539 785 4617 ἐκπεπληρωκότα
798 4538 846 4609 τήν
859 4540 959 4618 ὀφειλο·

184 4631 264 4707 μένην
285 4635 393 4707 μοῖραν,
415 4619 446 4698 ἧς
470 4628 553 4686 ἀπασι
574 4634 628 4694 τοῖς
653 4627 799 4706 γενομένοις
821 4626 958 4708 πέπρωται

184 4720 282 4799 τυχεῖν.
328 4716 465 4782 Κλουίλιος
486 4715 533 4792 μὲν
564 4715 596 4787 δή
624 4715 685 4795 πρὶν
705 4714 722 4784 ἢ
744 4716 862 4792 γενναῖον
890 4716 958 4772 ἀπο-

132 4826 159 4866 to
183 4806 316 4876 δείξασθαί
338 4829 364 4863 τι
389 4803 511 4875 τοιαύτης
532 4806 656 4876 τελευτῆς
679 4803 784 4883 έτυχεν·
809 4804 845 4868 εἰς
865 4802 892 4859 δέ
914 4801 957 4859 τόν

183 4895 281 4956 ἐκείνου
300 4895 379 4954 τόπον
410 4893 594 4953 ἀποδείκνυται
618 4892 765 4970 στρατηγὸς
789 4889 957 4969 αὐτοκράτωρ

184 4983 235 5041 ὑπὸ
248 4989 300 5044 τῶν
316 4986 358 5044 ε’πῖ
378 4983 554 5064 στρατοπέδου
578 4984 678 5048 Μέττος
693 4980 871 5058 Φουφέττιος,
891 4977 956 5054 ἀνὴρ

183 5073 243 5128 οὐτε
267 5072 381 5148 πολέμου
401 5072 507 5151 ἡγεμὼν
528 5070 630 5140 ῖκανδς,
655 5068 708 5128 οὔτ’
727 5067 830 5145 εἰρήνης
854 5063 959 5144 βέόαιος

184 5154 283 5236 φύλαξ·
297 5156 326 5223 ’ὃς
340 5160 441 5224 οὐδενὸς
454 5153 533 5230 ήττον
548 5157 681 5218 ’alteros
695 5154 827 5234 πρόθυμος
848 5152 884 5212 ὢν
898 5155 957 5210 κατ’

699 359 870 421 uruNYsu
895 362 1270 430 flnurcrub'nssuusls

1012 504 1141 558 dissimum
1154 510 1299 561 iudicarant.
1333 514 1467 577 Postquam
1486 520 1569 566 aulem
1584 516 1683 580 utrique
1697 519 1786 571 altero·

1010 615 1066 652 rum
1101 603 1184 666 copias
1215 604 1385 656 intellexerunt
1411 620 1491 671 neque
1526 622 1629 662 numero
1656 611 1787 664 interiores

1010 709 1090 759 neque
1112 697 1154 747 nili
1173 711 1296 749 armorum
1317 713 1404 763 genere
1425 702 1559 756 instructas
1577 718 1657 768 usque
1675 707 1708 757 ob
1726 708 1784 758 reli·

1010 801 1087 851 quum
1110 797 1255 855 apparatum
1281 796 1486 857 contemnendas,
1503 797 1616 848 ardorem
1641 799 1712 850 illum
1733 815 1784 864 quo

1009 887 1115 948 primum
1127 888 1160 938 ad
1174 892 1298 940 certamen
1315 890 1464 950 terebantur,
1478 894 1508 942 ut
1525 892 1604 956 primo
1621 894 1715 959 impetu
1734 897 1781 946 bo·

1010 990 1061 1036 stes
1076 987 1197 1050 iugatum,
1213 987 1330 1037 sedarunt
1351 1003 1358 1033 =
1379 990 1405 1039 et
1423 989 1455 1039 de
1474 988 1501 1039 ri
1517 990 1683 1054 propulsanda
1703 992 1783 1057 potius

1009 1101 1084 1151 quarn
1097 1087 1221 1139 inserenda
1230 1088 1338 1151 cogitare
1352 1093 1490 1153 ceperunt,
1499 1090 1591 1140 vallum
1600 1093 1699 1154 utrique
1710 1092 1784 1143 altius

1009 1183 1137 1245 erigentes.
1170 1184 1261 1232 Forum
1274 1196 1334 1232 vero
1352 1182 1509 1234 nobilissimis
1525 1184 1665 1249 quibusque
1677 1185 1704 1235 in
1714 1199 1782 1237 meu·

1009 1280 1060 1328 tem
1074 1277 1141 1327 venit
1152 1291 1180 1327 se
1191 1277 1384 1339 haudquaquam
1397 1276 1490 1341 optimo
1502 1277 1594 1328 iudicio
1605 1291 1658 1328 rem
1670 1278 1784 1343 gessisse,

1012 1377 1038 1426 et
1049 1376 1125 1425 duces
1146 1388 1205 1424 suos
1218 1373 1436 1438 reprehenderunt.
1470 1376 1533 1426 curu
1549 1388 1609 1426 vero
1619 1379 1716 1440 tempus
1730 1377 1785 1426 tru-

1010 1477 1061 1524 stra
1073 1472 1212 1522 traheretur
1225 1470 1296 1535 (nibil
1307 1471 1371 1521 enim
1385 1471 1450 1533 quod
1462 1474 1528 1522 esset
1537 1475 1672 1523 mernoratu
1683 1471 1784 1535 dignum

1009 1567 1190 1619 velitationibus
1201 1571 1245 1616 aut
1253 1566 1408 1631 equestribus
1419 1565 1514 1630 praeliis
1523 1579 1550 1616 se
1561 1569 1678 1618 τοιουτου
1690 1567 1782 1618 efficie-

1010 1662 1082 1726 bant)
1096 1661 1215 1720 cluilius,
1237 1661 1280 1723 qui
1300 1659 1358 1709 belli
1374 1664 1460 1710 auctor
1482 1660 1558 1711 tuisse
1574 1660 1713 1721 ridebatur,
1726 1674 1781 1710 mo-

1010 1756 1071 1807 leste
1082 1757 1163 1806 terens
1176 1755 1289 1817 ignarum
1303 1755 1382 1803 otium
1401 1754 1512 1805 decrerit
1526 1755 1659 1805 ererdtunr
1679 1755 1783 1805 educere

1011 1853 1036 1900 et
1055 1851 1140 1901 hostes
1160 1850 1191 1898 ad
1213 1848 1325 1912 prelium
1343 1861 1490 1911 provocare,
1509 1852 1535 1898 et
1552 1848 1575 1898 si
1589 1851 1711 1898 certamen
1734 1848 1781 1898 de-

1012 1947 1145 1995 trectarent
1165 1958 1250 1994 eorum
1271 1942 1418 1993 munitiones
1441 1944 1541 1996 adoriri.
1575 1949 1670 2007 Quare,
1693 1945 1784 2010 paratis

1010 2041 1123 2091 omnibus
1140 2039 1216 2089 rebus
1234 2038 1266 2088 ad
1288 2053 1394 2103 pugnarn
1409 2041 1570 2102 necessariis,
1591 2043 1785 2105 preparatisque

1011 2138 1086 2189 etiam
1095 2174 1103 2200 ,
1113 2136 1136 2188 si
1145 2150 1273 2187 murorum
1286 2136 1466 2201 oppugnatione
1474 2150 1536 2203 opus
1550 2138 1651 2200 inisset,
1661 2138 1692 2188 iis
1705 2140 1784 2188 omni.

1012 2232 1060 2283 bus
1073 2244 1132 2296 que
1142 2230 1174 2281 ad
1189 2244 1244 2281 eam
1253 2244 1305 2281 rem
1319 2231 1456 2292 iaciebant,
1469 2235 1543 2282 noctu
1561 2231 1586 2280 in
1603 2232 1717 2294 pretorio
1735 2247 1782 2282 ου-

1013 2328 1083 2388 bans,
1097 2331 1193 2378 astante
1205 2327 1277 2377 solito
1288 2326 1412 2390 praesidio,
1424 2327 1488 2378 cirea
1496 2327 1643 2377 matutinum
1653 2341 1785 2391 crepuscu-

1012 2423 1063 2472 lum
1083 2424 1196 2472 mortuus
1212 2421 1328 2474 inventus
1347 2428 1400 2485 est,
1422 2436 1501 2488 neque
1520 2421 1596 2473 cauis
1610 2434 1689 2485 neque
1702 2425 1783 2489 laquei

1012 2534 1093 2584 neque
1108 2519 1196 2571 ueneni
1213 2533 1292 2583 neque
1307 2519 1385 2569 ullum
1403 2518 1472 2569 aliud
1485 2518 1599 2569 violente
1614 2519 1682 2569 neeis
1704 2520 1784 2569 resti-

1012 2617 1078 2682 gium
1096 2617 1121 2667 in
1135 2628 1235 2679 corpore
1247 2615 1348 2665 babens.

1043 2718 1073 2764 v.
1093 2715 1251 2764 (tumentem
1276 2713 1323 2761 iste
1346 2725 1417 2761 casus
1444 2711 1522 2760 mirus
1539 2713 1568 2761 ut
1582 2724 1627 2775 par
1642 2714 1695 2761 erat
1705 2712 1785 2761 ouini·

1012 2799 1059 2850 bus
1083 2799 1215 2859 uideretur,
1240 2802 1266 2848 et
1299 2810 1387 2847 caussa
1411 2800 1573 2860 quereretur,
1595 2797 1694 2859 (neque
1721 2796 1785 2844 enirn

1012 2887 1126 2938 morbum
1147 2885 1302 2950 praecessisse
1329 2885 1460 2948 quisquam
1481 2887 1576 2949 poterat
1591 2882 1724 2943 οιυεεοτί),
1742 2884 1785 2945 qui

1012 2972 1044 3023 ad
1064 2972 1172 3021 diuinam
1192 2969 1370 3034 providentiam
1393 2982 1477 3019 ornnes
1502 2969 1622 3018 bunranos
1649 2980 1722 3018 susus
1743 2980 1784 3018 re·

1013 3061 1108 3119 lerunt,
1130 3057 1278 3108 adserebant
1298 3070 1355 3106 eum
1376 3057 1413 3105 ira
1435 3056 1518 3107 divina
1534 3055 1699 3116 exstinctum,
1719 3055 1785 3118 quod

1013 3148 1098 3199 urbem
1112 3146 1238 3209 parentem
1250 3143 1281 3191 ad
1292 3141 1385 3191 bellum
1401 3154 1481 3202 neque
1499 3142 1593 3191 iustum
1608 3155 1688 3206 neque
1700 3154 1785 3192 neem·

1012 3232 1105 3282 sarium
1120 3235 1206 3280 contra
1226 3230 1345 3280 coloniam
1365 3229 1492 3278 incitasset
1515 3247 1521 3276 ι
1548 3230 1592 3292 qui
1607 3243 1668 3279 uero
1689 3229 1715 3279 id
1730 3228 1786 3279 bel-

1012 3322 1064 3373 lum
1085 3321 1131 3371 sibi
1153 3325 1323 3385 questuosum
1338 3319 1390 3369 sore
1403 3318 1577 3369 existimabant
1597 3322 1622 3368 et
1644 3331 1672 3369 se
1692 3321 1787 3377 macaris

1013 3411 1149 3462 commodis
1160 3412 1270 3474 privatos
1284 3407 1476 3468 arbitrabantur,
1490 3406 1514 3456 id
1530 3407 1625 3456 facinus
1642 3407 1672 3456 ad
1683 3405 1786 3456 insidias

1012 3502 1038 3550 et
1051 3497 1168 3549 invidiam
1180 3497 1312 3548 humanam
1323 3495 1477 3556 referebant,
1486 3495 1656 3546 insimulantes
1665 3496 1785 3559 quosdam

1013 3587 1066 3637 eius
1085 3587 1255 3648 aduersarios,
1269 3587 1335 3650 quod
1354 3584 1451 3634 occulta
1465 3587 1490 3634 et
1503 3582 1656 3647 deprebensa
1676 3584 1786 3634 (titurius

1013 3689 1106 3725 venena
1122 3677 1320 3737 comparassent,
1335 3672 1424 3734 bisque
1440 3670 1566 3720 hominem
1582 3675 1712 3720 necassent
1728 3671 1787 3721 :alii

1012 3775 1072 3810 vero
1085 3775 1134 3824 prae
1147 3760 1233 3810 dolore
1246 3763 1271 3809 et
1282 3757 1377 3808 consilii
1394 3756 1475 3820 inopia
1493 3768 1549 3804 cum
1565 3754 1612 3805 sibi
1623 3757 1728 3805 mortem
1741 3768 1785 3805 νο·

1013 3847 1142 3898 luntariam
1155 3843 1301 3895 conscivisse
1315 3841 1429 3902 aiebant,
1440 3838 1503 3901 quod
1517 3851 1601 3888 omues
1615 3850 1673 3888 suos
1684 3841 1787 3887 conatus

1012 3935 1125 3985 difficiles
1140 3936 1165 3982 et
1177 3933 1259 3981 irritos
1273 3931 1353 3979 tactos
1367 3927 1478 3986 rideret,
1492 3929 1517 3976 ot
1531 3939 1560 3974 ex
1574 3925 1651 3975 animi
1667 3925 1787 3975 sententia

1014 4020 1075 4072 nilril
1088 4033 1173 4070 eorum
1184 4018 1229 4081 ipsi
1242 4014 1400 4074 succederet,
1411 4027 1468 4076 quae
1481 4026 1495 4063 a
1512 4012 1645 4076 principio,
1660 4026 1717 4062 curn
1733 4026 1786 4063 rem

1013 4106 1194 4173 aggrederetur,
1207 4106 1324 4165 sperarat.
1359 4105 1391 4150 nt
1401 4101 1442 4162 qui
1452 4114 1530 4165 neque
1542 4112 1626 4149 amore
1637 4111 1717 4162 neque
1731 4098 1787 4147 odio

1012 4193 1083 4242 ducis
1108 4190 1281 4246 movebantur,
1309 4187 1352 4236 sed
1372 4187 1464 4250 optima
1489 4183 1584 4234 ratione
1608 4182 1639 4233 de
1661 4196 1692 4233 eo
1718 4183 1786 4246 quod

1013 4278 1135 4329 acciderat
1151 4276 1306 4333 iudicabant,
1324 4273 1496 4323 existimabant
1515 4274 1596 4322 virum
1617 4273 1687 4322 illum
1708 4287 1787 4336 neque

1012 4369 1117 4420 deorum
1126 4363 1288 4428 indignatione
1304 4376 1382 4424 neque
1397 4363 1593 4413 aduersariorum
1607 4362 1696 4411 invidia
1707 4376 1788 4425 neque

1013 4469 1093 4505 rerum
1106 4451 1275 4515 desperatione
1290 4449 1452 4509 exstinctum,
1465 4449 1509 4499 sed
1522 4448 1575 4512 ipsa
1591 4452 1686 4498 natura·
1699 4461 1786 4497 neces·

1012 4545 1085 4592 situle
1099 4545 1124 4590 et
1135 4541 1185 4589 tato
1197 4559 1202 4589 :
1215 4538 1304 4602 quippe
1314 4537 1380 4600 quod
1393 4536 1503 4587 debitam
1514 4542 1621 4596 sortem,
1631 4549 1687 4600 quae
1706 4537 1785 4586 omni·

1013 4631 1060 4680 bus
1087 4627 1230 4678 mortalibus
1252 4629 1291 4676 cst
1314 4626 1448 4687 destinata,
1476 4625 1636 4689 impleuisset.
1682 4624 1786 4674 Cluilius

1012 4718 1094 4779 igitur,
1108 4719 1239 4776 antequam
1255 4713 1333 4762 ullum
1345 4712 1469 4775 egregium
1481 4712 1576 4762 taciuus
1590 4711 1692 4772 ederet,
1710 4711 1784 4759 talem
1880 4715 1883 4720 '

1013 4804 1070 4853 vitae
1089 4802 1183 4851 exitum
1201 4804 1240 4849 est
1253 4798 1363 4847 sortitus.
1397 4799 1424 4845 lu
1438 4798 1491 4846 eius
1503 4801 1586 4846 autem
1597 4797 1678 4848 locum
1692 4796 1783 4845 suites-

1012 4896 1052 4943 tus
1066 4894 1091 4940 et
1104 4888 1209 4937 dictator
1221 4891 1319 4938 creatus
1331 4888 1370 4936 est
1386 4885 1417 4935 ab
1431 4884 1538 4934 exercitu
1549 4886 1642 4934 Mettus
1655 4881 1783 4940 Futretius,

1012 4981 1051 5029 vir
1062 4991 1140 5040 neque
1154 4976 1211 5026 belli
1224 4974 1274 5023 dux
1287 4974 1389 5023 idoneus
1404 4985 1484 5036 neque
1498 4973 1565 5035 pacis
1582 4975 1666 5020 eustos
1679 4968 1782 5018 tirmus:

1012 5066 1070 5132 qui,
1081 5065 1103 5115 si
1113 5065 1244 5129 quisquam
1256 5062 1318 5110 alius
1333 5061 1495 5121 Albanorum,
1506 5058 1537 5108 ab
1551 5059 1620 5109 initio
1636 5055 1784 5108 discordiam

1014 5152 1077 5202 inter
1100 5149 1211 5199 civitates
1234 5145 1342 5197 excitare
1366 5145 1490 5196 studiosus
1520 5144 1545 5192 ct
1578 5144 1704 5207 propterea
1729 5144 1785 5204 post
