3772 5828
159 335 219 395 522

161 464 328 545 τερέσασθαι,
342 456 396 521 οὔτ’
412 458 477 518 ἄλλο
500 456 625 537 πράττειν
648 455 722 516 οὐδέν
737 454 839 531 ἕτοιμοι
855 445 939 527 ἡσαν,

162 554 189 622 ἐξ
206 544 234 611 οὗ
251 549 331 626 τιμήν
346 570 405 607 τινα
421 543 595 626 δστρατηγδς
607 543 653 603 καλ
668 542 743 612 δόξαν
759 540 861 618 ἀγαθὴν
876 540 940 609 liol-

162 646 252 699 σεσθαι
272 637 378 714 ἔμελλε.
425 635 478 696 Καὶ
497 634 573 694 τᾶλλ’
598 635 700 704 αὐτῶν,
724 631 773 690 ὅσα
792 629 940 709 ύύρίζοντες

162 729 204 787 τόν
222 726 337 804 ἡγεμόνα
362 724 511 799 διετέλουν,
534 720 626 801 ἐκείνῳ
639 745 668 780 τε
690 713 769 791 ἧττον
787 718 893 798 λυπηρά
907 710 940 790 ἠν

123 845 136 883 a
162 816 254 895 καὶτῇ
275 816 349 875 πόλει
366 811 469 891 βλάόης
485 814 513 870 οδ
528 810 645 890 μεγάλης
663 810 749 867 αέτια·
771 807 825 867 tii
847 809 940 865 τελευ-

162 908 255 971 τῶντες
270 903 471 983 ἐξειργάσαντο,
487 901 605 961 κίνδυνον
626 900 655 957 ού
674 898 766 977 μικρὸν
782 897 877 975 ἠνογκι
892 895 937 955 καλ

162 993 263 1065 πολλήν
279 993 406 1072 αἰσχύνην
428 993 536 1071 ἀμροῖν.
582 986 729 1058 Γενομένης
745 986 796 1066 γάρ
818 987 941 1066 παρατά·

162 1082 226 1152 ξεως
238 1085 264 1140 ἐν
283 1086 320 1162 τῷ
336 1080 434 1159 μεταξύ
449 1085 501 1139 τῶν
516 1079 622 1158 λόγων,
641 1075 682 1156 ἀρ’
697 1066 734 1143 οἷς
755 1066 824 1147 ἠσαν
843 1077 941 1153 ἀστρα-

162 1174 348 1238 τοπεδευκότες
372 1169 532 1249 ἀμρότεροι,
553 1166 627 1243 πάσῃ
656 1170 690 1245 τῇ
720 1168 784 1244 παρ’
807 1163 937 1244 ἑκατέρων

113 1280 137 1317 rn
164 1262 291 1338 δυνάμει,
317 1258 404 1318 πολλὰ
419 1257 464 1316 καὶ
488 1255 558 1314 καλά
579 1253 644 1334 ἔργα
668 1252 869 1329 ἀποδειξάμενοι
894 1250 940 1310 καὶ

163 1347 223 1415 τούς
251 1346 390 1422 πολεμίους
423 1344 618 1422 ἀναγκάσαντες
643 1340 720 1420 ἄρξαι
747 1343 846 1421 φυγῆς,
881 1337 940 1398 ούτε

163 1438 344 1509 ἠκολούθησαν
370 1438 476 1494 ἀπιοῦσι
502 1437 547 1492 τοῦ
569 1438 718 1513 στρατηγοῦ
742 1430 829 1490 πολλὰ
850 1433 939 1490 έπικε-

162 1522 298 1596 λεύονιος,
326 1521 386 1582 ούτε
421 1522 632 1604 παραμείναντες
663 1522 869 1597 ἐκπολιορκῆσαι
898 1519 941 1578 τδν

163 1615 272 1695 χάρακα
284 1612 436 1686 ἠθέλησαν,
451 1613 510 1668 ἀλλ’
522 1608 645 1676 έάααντες
657 1609 747 1677 ἀτελές
758 1610 832 1690 ἔργον
848 1611 939 1680 καλὸν,

112 1725 136 1762 ιε
164 1704 284 1781 ἀπῄεσαν
298 1704 334 1768 εἰς
355 1700 402 1772 τὴν
418 1703 504 1759 αὑτῶν
520 1699 737 1778 στρατοπεδείαν.
787 1698 912 1780 Ἐπιχειρ
931 1733 942 1744 -

164 1792 265 1852 σάντων
276 1792 303 1850 δὲ
315 1789 495 1872 αὐτοκράτορα
508 1789 551 1848 τὸν
563 1788 663 1848 ὕπατον
673 1788 846 1867 ἀναγορεῦσαί
856 1811 943 1860 τινων,

164 1878 233 1956 μέγα
257 1877 436 1955 ἐμόοήσαντες
459 1876 548 1956 ἀθρόοι
568 1875 712 1957 κακιζούσῃ
737 1881 771 1955 τῇ
798 1882 871 1959 ρωνῇ
898 1878 942 1937 τδν

163 1968 299 2046 ἡγεμόνα,
332 1967 407 2046 [καὶ]
437 1964 583 2046 ἐλοιδόρουν
611 1968 647 2032 ὡς
673 1966 785 2032 πολλοὺς
800 1970 873 2046 σρῶν
897 1967 943 2026 καὶ

164 2055 277 2136 ἀγαθοὺς
298 2054 486 2115 ἀπολωλεκότα
509 2055 543 2113 δι’
567 2054 690 2134 ἀπειρίαν
708 2061 754 2113 τοῦ
769 2059 942 2137 στρατηγεῖν·

110 2170 138 2209 σο
164 2145 211 2204 καλ
225 2147 294 2223 άλλη
313 2145 400 2223 πολλῗΙ
417 2142 574 2224 βλασρημάερ
589 2143 634 2201 καὶ
651 2143 828 2221 ἀγανακτήσει
842 2143 944 2225 χρησά·

166 2255 249 2310 μενοι,
261 2232 333 2290 λύειν
348 2231 391 2290 τδν
405 2232 516 2311 χάρακα
528 2232 574 2290 καλ
582 2230 694 2309 άπάγειν
706 2238 774 2311 apd:
784 2233 820 2298 εἶς
834 2230 881 2303 τήν
893 2231 942 2292 πό-

164 2322 205 2379 λιν
224 2319 329 2397 ἠξέουν,
345 2323 380 2386 ὡς
393 2321 443 2399 οὐχ
457 2317 564 2385 ἱκανούς
586 2320 743 2396 ἐσομένους,
766 2319 811 2378 tls
833 2322 942 2380 ἐπίωσιν

164 2412 188 2471 οἱ
200 2408 342 2486 πολέμιοι,
359 2408 480 2489 δευτέραν
505 2411 646 2485 ὑπομεῖναι
666 2409 767 2487 μάχην.
813 2411 868 2470 Καὶ
882 2409 944 2470 οὔτε

166 2498 400 2577 μεταδιδάσκοντος
418 2496 551 2556 ἀπείθοντο
573 2501 619 2556 τοῦ
642 2499 787 2574 ἡγεμόνος,
805 2498 863 2558 ούτε
878 2502 941 2558 ὀλο-

111 2613 136 2650 αε
164 2587 310 2670 ρυρομένου
326 2589 372 2648 καὶ
385 2586 545 2653 ἱκετεύοντος
567 2584 686 2666 ἔπασχόν
702 2611 727 2645 τι
742 2586 807 2667 πρὸς
821 2589 869 2654 τὰς
881 2588 941 2660 δεή-

165 2701 218 2743 σεις
228 2724 236 2753 ,
246 2677 305 2736 οὔτε
317 2675 428 2743 ἀπειλάς
442 2675 488 2735 καὶ
504 2676 661 2747 ἀνατάσεις,
678 2677 757 2738 ὁπότε
772 2675 818 2735 καὶ
833 2674 942 2745 ταύταις

164 2764 323 2843 χρήσαιντο,
354 2765 388 2822 δι’
414 2762 553 2830 ιύλαόεέεις
579 2763 745 2840 έλάμδανον,
778 2766 846 2823 ἀλλά
877 2765 922 2848 etp*

165 2853 271 2910 ἅπαντα
284 2852 476 2932 τραχυνόμενοι
498 2859 583 2912 ταῦτα
597 2856 724 2930 διέμενον.
770 2857 796 2913 Τ
797 2853 898 2926 οσαύτη
912 2854 939 2912 δέ

164 2941 279 3021 ἀναρχία
293 2944 339 3001 καὶ
363 2942 557 3023 καταφρόνησις
580 2950 625 3002 τοῦ
649 2943 774 3020 ἡγεμόνος
799 2942 898 3001 άπασιν
913 2943 940 3012 ἐξ

110 3052 137 3092 tn
164 3034 249 3091 αὐτῶν
263 3031 394 3112 παρέστη,
409 3030 478 3087 ὥστε
494 3031 553 3109 περλ
567 3029 649 3105 μέσας
665 3031 760 3096 νύκτας
780 3028 939 3097 ἐξαναστάν-

164 3143 205 3187 τες
220 3121 267 3187 τάς
289 3144 317 3179 τε
342 3117 440 3190 σκηνάς
469 3118 541 3184 ἔλυον
558 3119 602 3175 καὶ
623 3118 656 3175 τά
670 3120 741 3176 ὅπλα
757 3118 940 3194 ἀνελάμύανον

165 3208 209 3267 καὶ
223 3207 281 3271 τοδε
294 3205 458 3286 τραυματίας
473 3203 618 3273 ε’όάσταζον
633 3207 735 3273 οὐδενός
755 3206 937 3275 κελεύσαντος.

206 3298 254 3357 ll'.
278 3299 372 3355 Ταῦτα
386 3299 401 3352 ὁ
417 3294 563 3375 στρατηγὸς
585 3294 675 3369 μαθὼν
697 3295 852 3371 ἠναγκάσθη
874 3304 941 3354 πᾶσι

164 3387 254 3445 δοῦναι
265 3386 296 3444 τό
313 3383 491 3462 παράγγελμα
506 3387 552 3455 τῆς
569 3384 684 3463 άγόδου,
701 3385 845 3456 δείσαςτήν
859 3387 941 3466 ἀναρ·

110 3499 133 3533 ,ε
164 3476 225 3554 χίαν
241 3478 327 3533 αὐτῶν
351 3473 437 3531 καὶτὸ
452 3472 557 3551 θράσος.
600 3476 635 3532 0t
650 3474 690 3546 δέ,
704 3474 794 3553 ὥσπερ
814 3476 845 3533 ἐκ
858 3480 942 3555 ρυγὴς

164 3563 358 3640 ἀνασωζόμενοι
371 3562 448 3642 τάχει
462 3564 553 3642 πολλῷ
571 3564 733 3624 συνάπτουσι
747 3567 779 3643 τῇ
791 3564 866 3624 πολει
879 3567 939 3644 περὶ

164 3652 208 3708 τόν
221 3651 326 3729 ὄρθρον,
338 3652 382 3708 καὶ
400 3652 424 3707 οἱ
438 3650 481 3707 ἐπὶ
496 3652 548 3706 τῶν
569 3654 663 3730 τειχῶν
688 3651 882 3730 ἀγνοήσαντες,
898 3651 939 3710 δτι

165 3741 249 3820 ρίλιον
266 3732 297 3812 ἠν
314 3739 484 3818 στράτευμα,
507 3739 576 3798 ὅπλα
602 3742 625 3798 τ’
648 3741 780 3801 ἐνεδύοντο
803 3744 849 3803 καὶ
863 3744 943 3816 ἀλλή·

164 3829 225 3894 λους
240 3828 399 3900 ἀνεκάλουν,
419 3826 436 3898 ἠ
461 3830 485 3884 τ’
502 3827 569 3899 άλλη
586 3827 676 3901 πόλις,
693 3832 728 3896 ὡς
751 3831 795 3888 ἐπὶ
820 3840 942 3911 συμρορᾷ

165 3918 283 3994 μεγάλη,
298 3922 418 3996 ταραχῆς
432 3917 544 3995 ἐγεγόνει
561 3915 645 3993 μεστὴ
657 3918 701 3976 καὶ
715 3917 840 3999 θορύύου·
856 3921 902 3977 καὶ
914 3923 943 3978 ού

164 4004 289 4081 πρότερον
313 4006 427 4084 ἀνέῳξαν
448 4011 534 4074 αὐτοῖς
555 4006 602 4073 ade
626 4007 712 4073 πύλας
733 4009 758 4066 οἱ
779 4005 941 4086 ρύλακες,ἠ

165 4091 291 4167 λαμπράν
302 4094 439 4172 τεὴμέραν
449 4095 582 4174 γενέσθαι,
593 4095 637 4154 καὶ
648 4099 796 4174 γνωσθῆναι
805 4095 836 4153 τδ
847 4097 943 4155 οἰκεῖον

166 4178 333 4256 στράτευμα·
349 4181 417 4241 ὥστε
432 4184 497 4262 πρὸς
510 4208 543 4263 τη
560 4185 675 4266 αἰσχύνη
686 4229 694 4257 ,
706 4185 738 4258 ἢν
750 4189 780 4245 ἐκ
797 4189 842 4245 τοῦ
856 4208 942 4246 κατα-

165 4269 251 4325 λιπεῖν
274 4268 317 4324 τόν
337 4270 443 4348 χάρακα
460 4274 624 4350 ἠνέγκαντο,
642 4274 687 4332 καλ
712 4274 829 4334 κίνδυνον
854 4277 884 4335 ού
898 4274 943 4333 τὸν

165 4357 305 4435 ἐλάχιστον
317 4357 409 4425 αὐτούς
420 4362 573 4442 ἀναρρίθαι,
588 4363 696 4429 σκότους
710 4364 834 4432 ἀπιόντας
845 4364 888 4423 διά
896 4369 943 4436 τῆς

165 4445 294 4521 πολεμίας
311 4447 441 4514 ἀτάκτοις.
489 4452 522 4511 lit
537 4475 566 4527 γε
588 4443 632 4511 ούν
647 4457 723 4511 τοῦτο
745 4454 943 4530 καταμαθόντες

164 4536 187 4595 οἱ
208 4534 330 4610 πολέμιοι
346 4537 376 4593 ἐκ
390 4538 468 4605 ποδός
484 4544 607 4600 ἀπιοῦσιν
626 4541 714 4608 αὐτοῖς
737 4541 940 4619 ἠκολούθησαν,

164 4621 237 4682 οὐδέν
249 4622 279 4680 ἀν
295 4623 423 4683 ἐκώλυσεν
437 4626 546 4686 ἅπασαν
559 4630 725 4689 ἀπολωλέναι
740 4632 787 4702 τὴν
804 4631 940 4710 στρατιάν.

164 4716 219 4786 Τής
234 4712 256 4772 δ’
272 4713 367 4790 ἀλόγου
384 4715 480 4787 ταύτης
496 4719 633 4797 ἀπάρσεως
647 4719 664 4790 ἡ
682 4725 765 4800 φυγῆς
782 4722 810 4780 τδ
821 4719 883 4798 πρὸς
898 4721 941 4779 τδν

164 4804 282 4882 ἡγεμόνα
298 4807 327 4864 ἐκ
340 4808 386 4863 τοῦ
398 4803 482 4880 δήμου
498 4815 588 4881 μῖσος,
603 4807 693 4889 ὥσπερ
709 4809 790 4888 ἔρην,
805 4807 886 4868 αἴτιον
899 4799 941 4881 ἠν,

164 4895 208 4951 καὶ
233 4899 247 4951 ό
271 4894 362 4975 ρθόνος
387 4898 433 4966 τής
455 4895 554 4954 ἐκείνου
579 4903 674 4974 τιμῆς,
692 4898 735 4955 ἵνα
751 4898 789 4973 μή
812 4897 940 4978 θριάμθου

165 4989 308 5062 καταγωγῇ
319 4986 460 5062 κοσμηθεὶς
476 4986 680 5064 ἐπιρανέστατος
695 4987 812 5062 γε’νηται.
854 4989 897 5065 Τῇ
913 4988 940 5044 δὲ

164 5067 222 5138 ἐξῆε
238 5072 326 5149 ἡμέρα
347 5076 472 5148 μαθόντες
494 5077 517 5134 οἱ
540 5076 669 5154 Τυρρηνοὶ
693 5073 740 5144 τήν
757 5074 874 5153 ἔπαρσιν
889 5078 940 5133 τῶν

164 5155 321 5232 Ῥωμαίων,
336 5162 442 5238 νεκρούς
456 5186 483 5220 τε
499 5164 584 5219 αὐτῶν
604 5162 777 5235 ἐσκύλευσαν,
797 5163 842 5222 καὶ
857 5187 940 5245 τραυ·

680 322 849 385 blontsit
873 321 1254 384 anticannassaltsts

994 468 1091 519 essent,
1109 464 1173 513 clam
1186 462 1300 514 hostibus
1321 462 1346 513 in
1368 464 1519 529 potestatem
1535 464 1691 530 redigenda,
1708 482 1793 534 neqoe

994 550 1105 601 adalind
1126 551 1252 616 quidpiam
1273 551 1394 616 agendum
1407 553 1489 617 parati
1512 559 1604 612 erant.
1624 556 1792 623 uudeimpe·

994 643 1062 689 rator
1076 640 1182 702 aliquem
1200 640 1318 691 honorem
1330 642 1356 691 et
1368 640 1458 691 bonam
1479 642 1697 697 existimationem
1714 648 1788 697 rela-

994 732 1067 781 turus
1077 735 1151 781 esset.
1186 730 1288 795 Reliqua
1303 734 1385 783 tamen
1402 745 1491 783 eornm
1504 738 1630 799 perpetua
1652 737 1789 790 insolentia

995 819 1020 869 in
1039 820 1212 883 imperatorem
1225 833 1298 869 suurn
1311 819 1346 870 illl
1360 821 1443 871 minus
1452 822 1559 873 rumesta
1577 830 1649 885 erat,
1661 830 1689 877 et
1699 827 1789 892 reipu-

996 908 1066 958 blicae
1085 922 1134 958 non
1148 906 1282 958 admodum
1295 908 1370 959 noxia
1384 925 1391 953 :
1403 910 1446 961 sed
1466 914 1624 975 μοειτοειιιιεει
1644 928 1734 965 eorum
1747 916 1785 966 ta-

995 997 1066 1046 elnns
1084 997 1197 1061 utrisque
1208 997 1331 1059 lugentem
1346 998 1503 1060 ignominiam
1517 1013 1579 1052 eum
1592 1015 1644 1053 uon
1661 1003 1786 1055 mediocri

995 1084 1104 1147 periculo
1128 1084 1281 1134 coniunctam
1300 1085 1395 1136 attolit.
1427 1087 1593 1145 Quumenim
1604 1091 1709 1155 utrique
1724 1091 1786 1141 totis

996 1173 1091 1223 uiribus
1100 1173 1213 1238 prolium
1227 1174 1281 1225 acie
1293 1176 1416 1228 instructa
1433 1178 1628 1235 commisissent.
1642 1180 1669 1231 in
1679 1195 1710 1231 eo
1720 1196 1783 1247 spa-

997 1261 1046 1321 tio,
1059 1261 1194 1325 quoderat
1207 1264 1317 1315 medium
1338 1266 1403 1315 inter
1415 1266 1484 1317 duos
1503 1267 1600 1327 colles,
1623 1269 1670 1319 ubi
1685 1271 1784 1335 utrique

996 1354 1077 1401 eastra
1092 1351 1230 1415 lrabebant,
1242 1367 1369 1418 quumque
1382 1354 1485 1404 Rounni
1503 1354 1583 1406 mults
1596 1359 1623 1407 et
1634 1359 1733 1423 egregia
1746 1358 1782 1407 lr-

996 1440 1080 1490 cinora
1097 1438 1246 1499 edidissent,
1266 1445 1293 1493 et
1311 1441 1397 1493 hostes
1413 1441 1513 1494 initium
1529 1444 1597 1506 togae
1619 1443 1706 1497 iacere
1726 1460 1784 1497 eoe-

997 1530 1102 1594 gisseni,
1118 1542 1164 1579 nec
1184 1544 1228 1580 eos
1240 1530 1359 1582 abeuntes
1370 1532 1495 1596 persecuti
1515 1538 1590 1596 snat,
1604 1537 1724 1599 quamvis
1735 1537 1783 1586 im·

997 1623 1098 1683 perator
1107 1619 1264 1670 veliementer
1273 1620 1332 1684 ipsis
1345 1621 1456 1682 basiaret,
1465 1634 1512 1672 nec
1523 1635 1656 1675 remanere
1665 1627 1691 1675 et
1701 1628 1780 1675 eastra

998 1721 1139 1773 expugnare
1154 1708 1299 1766 voluerunt.
1311 1709 1355 1759 sed
1370 1709 1457 1760 relicto
1469 1710 1619 1775 imperfecto
1629 1726 1704 1777 opere
1719 1726 1780 1777 prae·

998 1797 1065 1846 claro
1076 1797 1099 1846 in
1112 1801 1244 1848 anacastra
1256 1797 1393 1850 redierunt.
1406 1800 1491 1856 Quum
1503 1804 1591 1851 autem
1602 1801 1713 1851 nonnulli
1721 1814 1779 1851 enm

998 1887 1171 1950 imperatorem
1194 1886 1316 1950 appellare
1336 1887 1484 1951 erupissent,
1516 1889 1615 1953 maguis
1635 1889 1782 1941 cbroodbns

999 1974 1074 2025 celeri
1089 1975 1197 2025 uniuersi
1210 1976 1321 2025 convicia
1343 1975 1367 2025 iu
1378 1975 1469 2026 ducem
1488 1976 1628 2032 iactabant.
1641 1984 1668 2029 el
1681 1978 1706 2028 in
1725 1991 1782 2029 eum

999 2063 1193 2120 invehebantur.
1211 2064 1282 2127 quasi
1304 2064 1337 2113 ob
1361 2064 1529 2128 imperatorius
1546 2064 1609 2115 artis
1627 2065 1782 2128 imperitiam

999 2153 1090 2203 multos
1111 2156 1136 2202 et
1152 2152 1308 2203 cenesaeos
1326 2152 1423 2202 desuis
1443 2153 1581 2213 amisisset;
1602 2156 1627 2201 el
1650 2157 1708 2216 post
1728 2153 1780 2202 ntia

998 2243 1078 2292 multa
1095 2240 1227 2291 maledieta
1246 2244 1271 2290 et
1292 2240 1367 2290 verim
1383 2239 1554 2305 indignationis
1569 2240 1639 2303 plena
1655 2240 1772 2303 prestula-

1000 2327 1072 2387 bant,
1085 2331 1114 2377 ut
1125 2327 1217 2377 relictis
1228 2328 1316 2378 castris
1326 2329 1388 2379 sein
1399 2329 1488 2381 urbem
1501 2328 1637 2391 reducum,
1651 2328 1775 2391 dicentes,

999 2431 1026 2468 se
1045 2417 1076 2467 ad
1099 2417 1213 2481 pendium
1230 2417 1447 2481 redintegrandum
1469 2417 1571 2469 idoneos
1588 2430 1636 2469 uon
1659 2417 1727 2479 lore,
1750 2420 1774 2469 si

999 2506 1077 2556 bostis
1089 2505 1270 2571 adgrederetur,
1282 2520 1361 2570 neque
1376 2506 1449 2557 ducis
1467 2507 1677 2559 admonitionibus
1688 2522 1779 2559 more·

999 2595 1096 2655 bantur,
1114 2609 1194 2658 neque
1206 2596 1261 2646 eius
1282 2596 1351 2646 luctu
1373 2596 1578 2661 supplicibusque
1597 2598 1714 2664 precibus
1731 2598 1782 2649 ullo

999 2685 1073 2734 morlo
1085 2685 1265 2748 tangebantur,
1279 2698 1359 2748 neque
1370 2686 1491 2749 gravibus
1507 2686 1603 2750 minis,
1615 2687 1659 2738 nbi
1670 2690 1783 2739 uteretur

1000 2773 1168 2831 terrebantur3
1184 2773 1226 2824 sed
1246 2773 1286 2823 lais
1297 2773 1412 2824 cineribus
1433 2774 1513 2839 magis
1533 2788 1564 2827 ae
1578 2776 1659 2837 ιιιεαίε
1677 2788 1780 2827 eucer-

999 2861 1049 2912 bnti
1061 2863 1085 2911 in
1100 2876 1146 2912 sua
1158 2863 1292 2927 pertinacia
1302 2862 1506 2928 perseverabunt.
1538 2866 1620 2916 Tanta
1630 2868 1714 2917 sulen
1727 2863 1778 2915 luit

998 2952 1109 3001 omniurn
1138 2952 1294 3002 contumacia
1325 2955 1349 3002 et
1378 2951 1453 3003 ‹lueis
1474 2955 1643 3017 contemptio,
1668 2959 1696 3005 ut
1716 2954 1781 3004 circa

998 3040 1105 3090 mediam
1125 3044 1221 3091 noctem
1248 3044 1378 3105 surgentes
1397 3042 1502 3092 eoloris
1527 3042 1656 3093 solverent
1679 3045 1782 3093 etarma

997 3129 1163 3192 corriperent,
1184 3134 1208 3179 et
1228 3130 1326 3180 saucios
1338 3130 1404 3180 nullo
1417 3130 1519 3180 iubente
1536 3132 1721 3197 absportarent.

1027 3319 1070 3367 ll'.
1091 3317 1136 3367 liis
1150 3317 1267 3383 cognitis,
1280 3319 1415 3383 imperator
1425 3323 1526 3370 coactns
1543 3323 1582 3369 est
1596 3320 1713 3371 omnibus
1725 3335 1783 3384 pro·

1000 3406 1113 3457 tectionis
1128 3408 1225 3471 signum
1237 3406 1296 3457 dare
1308 3446 1314 3467 ,
1327 3411 1441 3458 metuens
1458 3422 1544 3458 eorunm
1560 3411 1745 3460 contumaciam
1758 3415 1783 3462 et

998 3496 1135 3546 andaciam.
1171 3496 1209 3547 llli
1234 3511 1303 3549 nero.
1322 3497 1393 3561 quusi
1416 3512 1448 3546 en
1471 3497 1528 3559 luga
1546 3499 1653 3562 serrati,
1670 3500 1784 3550 celeriter

999 3585 1046 3633 snb
1059 3585 1198 3636 diluculum
1213 3586 1243 3635 ad
1259 3585 1346 3634 urbem
1369 3588 1539 3636 accesserunt.
1575 3587 1702 3637 Custodes
1714 3603 1780 3641 reru.

997 3675 1039 3736 qui
1050 3674 1146 3724 stabant
1159 3675 1184 3724 in
1199 3687 1278 3731 muro,
1289 3688 1368 3738 quum
1377 3674 1515 3739 ignorarent
1527 3674 1636 3725 amicum
1648 3689 1706 3727 esse
1715 3691 1784 3727 ener-

999 3763 1090 3817 citnm,
1106 3778 1175 3813 arma
1193 3763 1324 3813 induebant
1337 3769 1361 3814 el
1372 3765 1413 3814 ulii
1422 3764 1484 3813 alios
1496 3763 1618 3815 uocabant
1629 3802 1635 3821 ‚
1648 3767 1676 3813 et
1690 3766 1785 3830 reliqna

999 3851 1099 3909 civitas,
1114 3850 1183 3914 aquensi
1207 3850 1232 3898 in
1251 3864 1345 3913 magnac
1358 3847 1436 3897 cladis
1444 3850 1631 3915 exspectatione
1646 3851 1746 3914 pauoris
1757 3856 1783 3901 et

1000 3939 1122 3987 turrrnltus
1138 3938 1207 4001 plenu
1218 3942 1269 3987 erat
1290 3952 1355 3988 :nec
1374 3938 1441 4003 prim
1456 3938 1515 4001 ipsis
1534 3942 1619 4003 portas
1631 3944 1783 4003 aperuerunt

998 4025 1129 4084 custodes,
1144 4040 1218 4088 (priam
1235 4026 1276 4074 lux
1291 4026 1357 4075 clara
1372 4027 1420 4076 iarn
1435 4030 1517 4085 essct,
1541 4030 1567 4077 ct
1586 4027 1734 4079 domesticae
1749 4029 1781 4078 le·

999 4114 1082 4176 glories
1096 4118 1294 4178 agnoscerentur,
1331 4117 1432 4180 ltaque,
1452 4119 1543 4179 premier
1558 4115 1715 4179 ignominiam
1733 4118 1781 4167 ete·

999 4208 1120 4253 sertorum
1132 4208 1285 4261 castrorum,
1302 4204 1326 4253 in
1339 4204 1474 4267 pericnlum
1493 4205 1568 4254 ctiam
1580 4219 1627 4255 non
1648 4206 1779 4256 minimum

998 4307 1025 4341 so
1039 4294 1085 4357 ipsi
1104 4294 1270 4351 conuenerant,
1285 4296 1341 4355 quin
1353 4295 1418 4342 rarallo
1431 4294 1517 4344 ordine
1529 4297 1627 4344 servato
1645 4297 1720 4341 noctu
1732 4306 1780 4355 per

998 4395 1083 4443 aprum
1109 4381 1221 4431 hostilem
1242 4382 1362 4432 aluerant.
1398 4382 1423 4431 Si
1436 4383 1500 4431 enim
1519 4383 1616 4440 hostes,
1629 4381 1674 4430 hae
1690 4395 1716 4429 re
1736 4395 1780 4430 eo·

998 4473 1064 4534 gnita
1078 4472 1197 4521 alieunles
1212 4473 1297 4521 statim
1321 4472 1424 4521 insecuti
1449 4472 1568 4529 inissent,
1588 4470 1652 4520 lraud
1668 4471 1779 4522 rrrultum

998 4560 1134 4623 nliluissel,
1152 4560 1211 4624 quin
1229 4564 1293 4609 intus
1310 4561 1434 4610 exercilus
1450 4561 1613 4610 internecione
1627 4558 1726 4609 deletus
1740 4576 1780 4612 es-

998 4653 1044 4697 set.
1079 4649 1157 4697 liuius
1173 4654 1254 4698 antem
1268 4649 1388 4699 temerarii
1406 4649 1531 4699 discessus
1551 4651 1603 4700 site
1616 4648 1680 4713 luges
1691 4664 1779 4699 caussa

999 4736 1046 4785 init
1058 4736 1066 4797 t
1076 4741 1103 4785 ut
1115 4737 1182 4799 elixi)
1196 4738 1296 4795 ortium,
1313 4752 1362 4800 qno
1377 4738 1446 4801 plebs
1467 4739 1664 4802 prosequebatur
1674 4739 1778 4793 ducem.

997 4830 1021 4875 et
1037 4826 1102 4889 qnod
1120 4828 1142 4876 ei
1166 4825 1284 4877 honorem
1302 4827 1423 4876 invideret
1440 4842 1488 4886 nc,
1508 4828 1635 4891 triumpbo
1646 4829 1779 4879 decoratus

997 4915 1179 4964 illustrissimus
1199 4917 1275 4966 tieret.
1322 4916 1443 4966 l‘ostridic
1467 4931 1526 4985 uerri
1544 4917 1659 4971 lilrusei.
1682 4918 1780 4979 reptalio

998 5009 1161 5055 llnnmnnrnm
1175 5004 1302 5061 discessu,
1316 5010 1341 5054 et
1360 5020 1445 5055 eornm
1458 5007 1578 5056 caelavere
1592 5006 1738 5070 spoliarunt,
1754 5012 1779 5058 el

997 5096 1093 5144 saucios
1105 5095 1258 5143 sustulerunt
1277 5110 1305 5144 ac
1318 5095 1508 5157 alrspntarnnt,
1522 5100 1547 5146 el
1560 5095 1739 5159 impedimenta
1753 5097 1778 5146 in

997 5184 1085 5234 castris
1100 5184 1185 5235 relicta
1198 5183 1292 5246 (irruite
1304 5188 1389 5235 aulem
1404 5189 1487 5242 erurrt,
1504 5187 1533 5234 nl
1552 5184 1576 5233 in
1592 5183 1703 5234 diuturni
1720 5183 1779 5237 belli
