3772 5828
562 359 857 433 ANTIQUITATUM
880 359 1026 425 hohen.
1049 364 1121 426 Lib.
1146 367 1183 425 Χ.

81 486 259 564 ὠνησαμένων
271 489 302 545 έκ
320 491 365 545 τοῦ
380 487 509 564 δημοσίου
522 493 569 558 τῆς
582 488 643 561 ίσης
659 489 803 566 λυσάμενοι
816 515 859 550 τι·

83 581 134 650 μιῆς
149 575 286 635 ἀνέδυσαν.
328 574 384 637 Καὶ
400 575 434 635 τδ
451 576 500 652 μίν
515 578 705 656 κατεπείγοντα
716 577 789 638 δεινδ
803 586 860 641 τοὺ·

82 688 127 723 τον
148 664 192 724 τδν
213 663 311 745 τρόπον
331 665 510 745 χρησαμένων
525 677 578 735 τοῖς
599 667 755 747 πράγμασιν
773 669 859 728 αὐτῶν

83 753 227 814 διελέλυτο.
499 746 528 822 ’.

122 843 231 905 xllll.
259 846 326 904 Μετ’
341 845 372 905 οὗ
388 843 455 903 πολὺ
480 845 508 904 δί
529 847 610 905 πάλιν
635 851 689 906 τῶν
714 845 860 928 δημάρχων

83 934 126 993 τὸν
151 932 217 1013 ὑπέρ
234 937 279 991 τοὺ
305 931 386 1009 νόμου
410 932 579 1012 εἰσφερόντων
605 931 699 1014 λόγον,
726 934 861 1014 αἰφνιδίους

83 1047 123 1089 τις
143 1023 299 1099 ἀγγελθεῖσα
321 1020 455 1097 πολεμίων
479 1021 568 1102 έροδος
590 1023 634 1082 ἐπί
655 1023 702 1096 τὴν
715 1024 790 1103 [τῶν]
805 1024 859 1085 Τυ·

85 1112 206 1169 σκλάνων
222 1111 315 1179 πολιν,
332 1108 404 1167 αἰτία
427 1107 568 1179 κωλύσεως
583 1113 731 1190 ἀποχρῶσα
746 1113 858 1188 ἐγένετο.

85 1203 146 1260 Τῶν
166 1200 216 1279 γάρ
237 1198 398 1259 Τυσκλάνων
421 1195 491 1257 κατίε
513 1200 611 1271 πλῆθος
626 1202 662 1266 εἰς
682 1199 730 1272 τὴν
750 1198 861 1277 Ῥώμην

85 1288 264 1367 ἀφικομένων,
290 1286 336 1345 καί
356 1286 486 1364 λεγόντων
511 1285 551 1346 δτι
570 1285 680 1364 δυνάμει
702 1289 789 1368 πολλῇ
808 1288 862 1348 πά·

85 1400 165 1456 ρεισιν
180 1376 221 1435 ἐπ’
234 1377 327 1442 αὐτοὺς
343 1378 469 1448 Αἰκανοὶ,
485 1376 532 1435 καὶ
548 1376 595 1448 τὴν
613 1377 660 1453 μέν
672 1377 764 1459 χώραν
774 1378 860 1437 αὑτῶν

83 1466 134 1538 ἤδη
151 1465 329 1546 διηρπάκασι,
346 1464 395 1537 τὴν
409 1463 437 1524 δί
452 1465 544 1537 πολιν,
562 1464 608 1525 tls
630 1464 669 1543 μή
692 1488 731 1533 τις
752 1463 862 1544 γένηται

83 1557 177 1636 ταχεῖα
201 1554 354 1633 ἐπικουρία,
380 1554 521 1633 φθάσουσιν
543 1554 613 1618 ἐντδς
637 1552 732 1632 ὀλίγων
755 1557 861 1634 ἡμερῶν

84 1644 235 1724 ἀράμενοι,
256 1649 272 1714 ἡ
295 1642 366 1721 μέν[
386 1633 446 1721 οὑν]
464 1641 545 1721 βουλὴ
559 1643 618 1709 τοὺς
644 1643 757 1709 ὑπάτους
773 1644 862 1710 αὑτοῖς

42 1755 55 1791 a
83 1733 231 1812 ἐψηφίσατο
250 1735 353 1810 βοηθεῖν
377 1731 551 1811 ἀμφοτέρους·
570 1733 594 1790 οἰ
615 1729 642 1789 δέ
668 1728 763 1789 ὑπατοι
777 1753 860 1810 στρα-

83 1822 204 1899 τολογίαν
230 1817 369 1897 προθέντες
395 1818 505 1878 ἐκάλουν
529 1817 588 1886 τοὺς
611 1817 720 1885 πολίτας
743 1818 862 1885 ἅπαντας

84 1909 126 1965 ἐπὶ
141 1908 174 1965 τδι
189 1906 267 1965 ὅπλα.
310 1905 433 1985 Ἐγίνετο
445 1904 493 1982 μίν
513 1897 557 1966 οὖν
574 1930 612 1973 τις
626 1906 672 1965 καί
685 1905 744 1967 τότε
758 1906 861 1981 στάσις,

84 1997 285 2075 ἐναντιουμένων
297 2000 331 2075 τῇ
342 2000 499 2077 καταγραφῇ
514 1999 567 2055 τῶν
578 1996 742 2076 δημάρχων,
754 1994 800 2055 καί
814 1993 861 2062 τδις

85 2090 115 2144 ἐκ
131 2089 184 2144 τῶν
200 2084 286 2163 νόμων
302 2085 431 2167 τιμωρίας
451 2090 480 2144 οὐ
505 2085 713 2167 συγχωρούντων
729 2092 860 2146 ποιεῖσθαι

84 2171 153 2232 κατά
166 2176 219 2232 τῶν
233 2175 426 2236 ἀπειθούντων·
444 2173 562 2256 ἔπραξαν
581 2176 604 2234 δ’
619 2176 703 2235 οὐδέν.
755 2177 862 2236 Συνελ-

84 2267 164 2323 θοὺσα
179 2262 232 2343 γάρ
250 2268 267 2334 ἡ
285 2262 367 2343 βουλὴ
387 2261 497 2340 γνώμην
513 2262 667 2332 ἀπεδείξατο
689 2260 749 2331 τοὺς
764 2286 860 2343 πατρι·

84 2353 153 2419 κίους
168 2353 211 2410 ἐπὶ
227 2353 271 2411 τδν
293 2351 407 2427 πόλεμον
422 2351 515 2419 ἐξιέναι
536 2351 582 2410 σὺν
598 2363 651 2418 τοῖς
665 2355 764 2411 ἑαυτῶν
779 2351 862 2412 πελά-

83 2463 156 2512 ταις,
173 2442 225 2498 τών
249 2439 276 2498 δί
301 2439 388 2498 άλλων
412 2441 525 2498 πολιτῶν
550 2443 604 2507 τοῖς
620 2440 668 2514 μέν
694 2438 861 2518 βουλομένοις

85 2527 205 2605 μετέχειν
228 2530 275 2595 τῆς
295 2525 435 2603 στρατείας
457 2526 502 2584 ἐπί
525 2527 644 2607 σωτηρίᾳ
668 2533 716 2598 τῆς
737 2527 862 2607 πατρίδος

27 2637 56 2671 ·a
84 2616 223 2691 γινομένης
244 2614 304 2673 δσια
325 2605 390 2674 εἶναι
409 2615 444 2675 τδι
460 2616 524 2696 πρὸς
540 2614 628 2690 θεοὺς,
644 2621 699 2683 τοῖς
714 2617 737 2676 δ’
751 2619 862 2695 ἐγκατα·

84 2703 203 2762 λείπουσι
215 2702 274 2768 τοὺς
293 2702 406 2770 ὑπάτους
423 2705 556 2766 τάναντία.
596 2703 647 2773 Ὡς
660 2704 688 2764 δὲ
704 2704 857 2781 ἀνεγνώσθη

86 2792 115 2852 τὸ
130 2791 215 2870 δόγμα
231 2796 279 2863 τῆς
294 2794 390 2870 βουλῆς
404 2793 474 2873 έντῇ
488 2793 630 2876 ἐκκλησίιρ,
643 2795 738 2856 πολλοὶ
754 2794 800 2853 καί
813 2799 859 2854 τοῦ

85 2882 169 2956 δήμου
185 2879 233 2939 τὸν
254 2881 344 2957 ἀγῶνα
365 2880 466 2948 έκόντες
490 2880 647 2958 ὑπέμειναν·
661 2885 686 2942 οἰ
711 2882 759 2961 μίν
778 2887 861 2944 inras-

85 2969 207 3029 κίστατοι
221 2970 253 3027 δι’
267 2969 414 3048 αἰσχύνην,
426 2971 449 3028 εἰ
467 2970 551 3045 μηδέν
566 2972 771 3052 ἐπικουρήσυυσι
785 2970 860 3031 πόλει

30 3100 35 3111 .
85 3060 220 3138 συμμάχῳ
234 3058 278 3119 διδ
303 3057 351 3128 τὴν
366 3058 431 3139 πρὸς
450 3057 544 3127 αὑτοὺς
563 3059 663 3120 εὔνοιαν
689 3060 730 3119 ἀεί
751 3083 776 3118 τι
797 3058 862 3138 πρὸς

85 3151 136 3205 τῶν
160 3149 260 3228 ἐχθρῶν
288 3149 477 3228 βλαπτομένη·
494 3150 521 3207 ἰν
544 3139 582 3217 οἷς
601 3141 695 3221 ἦνκαὶ
712 3152 727 3208 δ
753 3151 860 3215 Σίκκιος

87 3242 196 3310 ἐκεῖνος,
215 3241 229 3296 δ
242 3237 428 3315 κατηγορήσας
445 3239 471 3296 ἐν
485 3241 524 3315 τῷ
546 3237 625 3318 δόμῳ
639 3242 692 3298 τῶν
705 3260 860 3317 σφετεριστ-

86 3324 171 3402 μένων
186 3325 235 3394 τὴν
250 3324 379 3400 δημοσίαν
393 3327 461 3402 γῆν,
479 3332 589 3404 σπεῖραν
607 3324 769 3403 ἐπαγόμενος
784 3325 862 3382 ὀκτα·

85 3414 179 3474 κοσίων
207 3415 323 3492 ἀνδρῶν,
343 3410 369 3471 oi
391 3413 579 3490 στρατεύεσθαι
606 3410 654 3490 μὲν
677 3412 763 3472 einim
790 3411 861 3490 ὥραν

31 3527 50 3555 2.
86 3493 175 3581 εἶχον,
192 3500 282 3580 ὥσπερ
306 3501 361 3559 οὐδ’
390 3504 502 3577 ἐκεῖνος,
528 3503 581 3560 οὐδ’
608 3500 717 3561 έπεπτον
739 3498 791 3559 ὑπὸ
814 3498 861 3567 τίις

87 3591 202 3666 ἀνάγκας
216 3592 267 3647 τῶν
280 3589 384 3665 νόμων,
403 3591 530 3666 τιμῶντες
545 3590 572 3648 δέ
585 3590 629 3649 τὸν
642 3590 724 3669 ἄνδρα
740 3590 784 3648 διδ
798 3589 863 3647 πολ-

86 3681 133 3745 λὰς
149 3680 193 3738 καὶ
217 3678 333 3755 μεγάλας
350 3677 513 3757 εὐεργεσίας,
536 3678 646 3747 ἐξιόντος
662 3679 707 3736 ἐπὶ
724 3677 769 3737 τὸν
783 3676 860 3737 πολε·

88 3790 136 3843 μον
148 3769 194 3826 οὐκ
206 3764 362 3824 ἐδικαίωσαν
381 3764 583 3828 ἀπολείπεσθαι.
630 3767 683 3827 Καὶ
695 3757 728 3838 ἦν
744 3773 819 3826 τοῦτο
833 3764 863 3824 τδ

87 3854 165 3935 μέρος
181 3859 228 3926 τῆς
252 3852 403 3923 ἐξελθούσης
429 3854 489 3913 τότε
511 3854 664 3932 δυνάμεως,
691 3854 816 3937 ἐμπειρίᾳ
833 3877 863 3914 τε

32 3968 58 4001 so
88 3943 196 4020 ἀγώνων
212 3942 258 4001 καί
272 3938 310 4011 τῇ
321 3941 395 4022 παρὰ
411 3940 445 4002 τδι
455 3941 527 4003 δεινδι
542 3945 669 4024 εὐτολμίᾳ
682 3989 690 4018 ,
705 3948 800 4025 μακρῷ
816 3948 864 4004 τοῦ

88 4033 168 4091 ἄλλου
183 4025 316 4108 άμεινονῖ
340 4033 375 4091 Ol
387 4031 414 4090 δέ
427 4031 520 4092 πολλοὶ
534 4032 625 4116 χάριτι
638 4034 684 4093 καί
696 4032 864 4113 παρακλήσει

87 4126 138 4180 τῶν
156 4118 345 4201 πρεσόυτάτων
360 4119 519 4200 ὑπαχθέντες
534 4119 649 4183 εἵποντο.
680 4113 736 4184 Ἦν
752 4122 780 4182 δέ
795 4120 862 4205 [καί]

86 4236 111 4269 τι
127 4210 206 4290 μέρος
222 4207 254 4282 δ,
267 4213 319 4269 τῶν
340 4211 472 4289 ὠφελειῶν
491 4208 568 4270 ἐνεκα
581 4256 589 4282 ,
603 4217 656 4271 τῶν
670 4214 697 4271 ἐν
711 4212 768 4278 ταῖς
782 4234 863 4291 στρα·

85 4301 165 4367 τείαις
179 4297 339 4377 γινομένων,
357 4298 445 4356 πάντα
461 4296 579 4358 κίνδυνον
596 4299 700 4375 έτοιμον
717 4292 749 4372 ἦν
763 4300 863 4375 ὑπομέ·

35 4406 58 4442 ιι
87 4411 150 4449 νειν.
195 4387 248 4448 Καὶ
260 4388 293 4446 δι’
306 4386 396 4464 ὀλίγου
413 4384 508 4465 χρόνου
524 4386 634 4463 δύναμις
649 4388 739 4461 ἐξῆλθέ
751 4411 780 4446 τε
798 4390 864 4446 ἀπο-

86 4480 178 4554 χρῶσα
203 4479 249 4536 καί
268 4483 449 4557 παρασκευαῖς
473 4476 625 4557 κεχρημένη
651 4474 862 4558 λαμπροτάταις.

88 4566 124 4624 Οἱ
147 4564 193 4640 μέν
207 4558 251 4624 οὑν
271 4565 409 4645 πολέμιοι,
427 4564 640 4642 προακούσαντες
659 4566 700 4626 δτι
724 4565 864 4644 μέλλουσιν

89 4649 131 4709 ἐπ’
153 4651 244 4720 αὐτοὺς
267 4653 368 4735 ἐξάγειν
384 4652 517 4730 Ῥωμαῖοι
538 4653 682 4735 στρατιάν,
705 4655 807 4732 ἀπῆγον
820 4653 864 4712 ἐπί

88 4736 160 4796 οἴκου
186 4737 232 4804 τδς
254 4741 385 4818 δυνάμεις.
435 4743 472 4803 Οί
486 4742 513 4802 δέ
536 4742 631 4803 ύπατοι
652 4743 721 4803 κατὰ
748 4739 865 4812 σπουδὴν

35 4842 61 4876 ⁵⁰
89 4827 253 4897 ἐλαύνοντες,
299 4831 553 4910 καταλαμόάνουσιν
592 4831 865 4910 ἐστρατοπεδευκότας

90 4915 181 4982 αὐτοὺς
203 4915 302 4983 πολεως
315 4917 416 4979 Ἀντίου
428 4919 557 4995 πλησίον,
567 4923 603 4980 ἐν
618 4922 713 5001 ὑψηλῷ
734 4921 779 4980 καί
805 4924 868 4978 ἀπο·

89 5004 165 5086 τόμῳ
196 5003 303 5085 χωρίῳ,
326 5006 371 5064 καί
405 5007 519 5068 τίθενται
543 5009 592 5081 την
620 5009 794 5089 παρεμόσλην
823 5012 869 5078 τῆς

89 5094 195 5153 ἐκείνων
215 5094 244 5150 οὐ
263 5091 366 5173 πρόσω.
407 5092 482 5161 Τέως
502 5096 551 5172 μίν
573 5087 617 5157 οὑν
637 5101 664 5156 ἐν
686 5106 743 5163 ταῖς
766 5099 866 5155 ἑαυτῶν

89 5182 217 5261 ὑπέμενον
234 5182 377 5263 ἀμφότεροι
388 5182 583 5262 παρεμύολαῖς·
595 5183 687 5246 ἐπειτα
704 5183 870 5264 καταφρονη-

1635 376 1693 435 bal.

915 506 1029 559 restituto
1049 508 1096 571 his,
1109 510 1154 574 qni
1172 526 1187 560 n
1208 512 1278 575 plebe
1301 511 1343 562 illa
1361 516 1488 573 emerant,
1512 528 1585 579 aeqno
1605 521 1693 582 pretio.

915 596 998 652 Quum
1012 595 1087 661 igitur
1107 598 1143 648 illi
1163 598 1188 648 in
1214 599 1253 649 his
1276 600 1352 651 rebus
1371 601 1406 652 ita
1423 616 1450 653 se
1465 602 1613 667 gessissent,
1631 609 1694 659 mala

915 684 1058 749 reipublicae
1072 687 1239 752 impendentia
1253 688 1411 755 disjecerunt.

946 872 1031 923 llblll.
1043 875 1093 922 llcc
1110 874 1189 925 multo
1209 880 1265 939 post
1282 876 1389 926 tribunis
1401 877 1490 931 iterum
1505 884 1695 937 mentionemde

915 981 945 1017 en
956 968 1010 1033 lege
1031 970 1186 1026 iacientibus.
1204 973 1336 1039 derepente
1354 976 1445 1028 allatus
1462 982 1575 1043 nuncios,
1591 983 1623 1034 de
1640 983 1696 1035 bos·

915 1063 978 1114 tium
990 1065 1016 1115 iu
1028 1080 1113 1129 agrum
1125 1067 1295 1119 Tusculanum
1316 1069 1466 1136 irruptione,
1487 1081 1590 1128 conatus
1608 1093 1696 1132 eorum

917 1160 986 1223 plane
995 1159 1132 1225 impedivit.
1166 1166 1313 1216 Tusculanis
1329 1169 1394 1219 enim
1414 1184 1500 1235 rnagno
1520 1190 1624 1228 nurnero
1644 1181 1694 1229 llo·

916 1272 982 1308 mam
1010 1259 1140 1322 protectis,
1168 1275 1198 1312 ac
1235 1264 1374 1318 dicentibus
1403 1272 1493 1334 AEqnos
1519 1288 1576 1325 cum
1602 1276 1694 1341 ingenti

917 1357 1026 1409 exercitu
1047 1358 1150 1420 edesse,
1165 1365 1190 1411 et
1210 1375 1298 1424 agrum
1320 1381 1393 1419 soum
1409 1370 1440 1419 ab
1456 1371 1506 1423 illis
1521 1373 1570 1435 iam
1590 1377 1693 1441 populo·

917 1458 985 1516 tum,
1001 1454 1138 1522 urbemque
1153 1459 1210 1518 (nisi
1227 1462 1340 1515 celeriter
1362 1468 1463 1533 aliquod
1484 1472 1621 1525 subsidium
1634 1475 1692 1525 snit·

918 1554 1027 1617 teretur)
1051 1554 1116 1604 intra
1136 1569 1229 1619 paucos
1252 1560 1306 1611 dies
1337 1570 1504 1631 expugnatum
1531 1571 1570 1632 iri,
1593 1577 1696 1625 serimus

917 1647 1026 1698 decrerit
1036 1653 1064 1698 ut
1082 1650 1156 1700 ambo
1167 1655 1281 1707 musuleo
1300 1661 1421 1712 auxilium
1434 1665 1483 1716 illis
1495 1667 1594 1719 terrent.
1628 1673 1694 1720 Con·

918 1738 987 1787 eules
997 1750 1064 1799 sero,
1084 1737 1221 1792 delentibus
1232 1743 1340 1809 indictis,
1354 1750 1422 1802 cives
1434 1755 1563 1807 universos
1575 1764 1697 1810 socamnt

918 1833 1035 1884 udarms.
1050 1837 1227 1902 Tuncquoquo
1245 1844 1301 1892 orta
1312 1849 1351 1895 est
1368 1849 1456 1899 seditio
1472 1852 1574 1903 tribunis
1584 1854 1696 1906 delectos

918 1932 1120 1998 impedientibus,
1144 1943 1169 1990 et
1183 1954 1268 2006 pennas
1287 1939 1382 2004 legibus
1406 1945 1511 1993 statutas
1520 1943 1552 1993 de
1571 1948 1697 1994 contuma-

918 2029 990 2082 cibus
1008 2034 1073 2085 snmi
1085 2048 1135 2086 non
1147 2036 1300 2100 sinentibus,
1320 2038 1365 2090 sed
1379 2040 1479 2090 trustra.
1512 2042 1617 2092 Senatus
1630 2043 1695 2092 enim

919 2133 1019 2180 coactns
1038 2130 1157 2194 decrerit,
1181 2137 1211 2185 ut
1234 2137 1330 2201 patricii
1355 2150 1412 2187 cnm
1436 2138 1489 2187 suis
1508 2138 1638 2190 clientibus
1664 2141 1696 2192 ad

918 2226 1012 2278 bellum
1027 2230 1259 2293 proficiscerentur:
1287 2236 1388 2300 reliquis
1407 2251 1467 2288 vero
1477 2238 1585 2299 nivibus,
1609 2240 1653 2303 qui
1665 2240 1696 2290 ad

919 2331 985 2386 illam
996 2335 1176 2400 expeditionem
1191 2349 1235 2400 pro
1257 2337 1343 2401 patrico
1359 2336 1438 2386 salute
1453 2342 1592 2402 susceptam
1615 2353 1642 2389 sn
1658 2353 1697 2390 so·

918 2431 970 2482 cios
982 2431 1047 2483 ultro
1056 2433 1224 2493 addidissent,
1239 2433 1300 2484 deos
1314 2433 1434 2498 propitios
1450 2433 1530 2496 dieii,
1544 2440 1697 2486 contravero

919 2533 1047 2582 consulum
1060 2533 1227 2584 desertoribus
1237 2533 1352 2583 intensos.
1388 2534 1423 2580 Eo
1434 2530 1649 2582 senatusconsulto
1672 2532 1698 2582 in

924 2629 1043 2678 concione
1067 2631 1185 2692 recitato,
1204 2631 1276 2681 multi
1294 2631 1368 2681 etiem
1395 2628 1427 2679 de
1445 2628 1517 2693 plebe
1540 2629 1640 2678 nomina
1666 2628 1698 2679 ad

920 2731 988 2781 illam
1017 2729 1130 2779 militiam
1156 2728 1219 2778 ultro
1250 2728 1384 2786 dederun13
1420 2740 1449 2776 ac
1479 2725 1589 2775 homines
1612 2724 1698 2797 optimi

919 2829 1017 2891 ingenii,
1035 2827 1128 2892 pudore
1141 2827 1209 2889 moti,
1222 2841 1252 2877 ne
1266 2826 1361 2877 civitati
1373 2825 1506 2883 loedcmtae.
1520 2828 1619 2889 propter
1629 2838 1698 2876 suam

919 2925 1114 2977 benevolentiam
1135 2938 1193 2987 erga
1222 2923 1340 2988 populum
1378 2925 1515 2974 Romanum
1546 2937 1643 2988 semper
1666 2923 1699 2973 ab

920 3023 1033 3075 hostibus
1047 3026 1155 3081 veram,
1171 3023 1302 3074 deessent:
1323 3023 1385 3074 inter
1402 3036 1465 3086 qnos
1481 3025 1539 3071 erat·
1561 3025 1586 3072 et
1606 3022 1700 3073 Siccius

919 3123 970 3186 ille,
979 3124 1023 3188 qui
1037 3123 1103 3189 apud
1114 3123 1230 3189 populum
1242 3123 1354 3174 invectus
1368 3122 1447 3174 luerat
1459 3121 1484 3172 in
1496 3135 1548 3176 eos.
1561 3122 1603 3184 qui
1612 3135 1701 3186 agrum

920 3221 1047 3287 publicum
1068 3223 1229 3285 occuparani;
1255 3219 1410 3284 ducebatque
1429 3218 1557 3269 cohortem
1571 3218 1699 3284 octingen-

920 3324 1004 3371 torum
1016 3319 1135 3377 virorum,
1147 3319 1188 3381 qui
1209 3320 1282 3369 aetate
1296 3316 1397 3381 quidem
1418 3315 1517 3366 militari
1537 3330 1585 3365 non
1595 3316 1702 3380 amplius

920 3422 999 3480 erant,
1013 3422 1042 3469 ut
1062 3431 1108 3468 nee
1120 3414 1171 3476 illc,
1188 3415 1280 3478 quique
1299 3415 1373 3465 nullis
1395 3413 1490 3463 militias
1517 3412 1613 3476 legibus
1631 3414 1702 3463 erant

920 3515 1039 3567 obnoxii:
1061 3514 1104 3565 sed
1118 3512 1188 3563 illurn
1202 3511 1283 3561 airum
1294 3510 1327 3560 ob
1348 3508 1428 3559 multa
1445 3513 1471 3560 ct
1484 3522 1570 3571 magna
1584 3509 1701 3560 beneticia

921 3615 952 3665 ab
966 3616 1108 3677 coaccepla
1136 3611 1300 3670 honorantes,
1327 3607 1357 3658 ad
1377 3607 1492 3657 militiam
1506 3607 1702 3672 proticiscentem

921 3714 1035 3764 deserere
1050 3722 1151 3774 aequnm
1163 3721 1218 3758 esse
1242 3720 1291 3757 non
1301 3710 1459 3758 censuerunt.
1493 3709 1573 3770 Atque
1584 3707 1632 3758 ista
1644 3721 1703 3773 pars

874 3849 875 3853 ,
922 3811 1057 3874 copiarum,
1068 3808 1127 3856 tunc
1143 3818 1174 3855 ex
1184 3803 1245 3855 urbe
1259 3802 1414 3863 eductamm,
1428 3803 1552 3868 reliquum
1565 3804 1702 3855 exercitum

922 3910 958 3960 rei
977 3907 1093 3958 militaris
1111 3905 1200 3971 peritia
1232 3906 1258 3954 et
1293 3901 1437 3954 fortitudine
1463 3904 1535 3965 longe
1560 3902 1701 3968 superabat.

922 4009 968 4061 alti
985 4010 1068 4060 antem
1087 4004 1173 4068 multi,
1199 4002 1277 4068 gratis
1295 4006 1322 4054 et
1338 4001 1508 4052 adhortatione
1524 3999 1648 4052 seniorum
1659 4001 1702 4053 ad·

921 4107 1000 4170 docti,
1012 4120 1054 4158 ens
1064 4104 1240 4168 sequebantur.
1275 4102 1350 4151 Erant
1365 4099 1441 4151 etiam
1466 4100 1590 4162 nonnulli,
1605 4100 1703 4164 quispe

922 4212 1022 4276 prsedae,
1035 4225 1092 4277 quie
1105 4208 1200 4261 militina
1217 4200 1343 4268 quaeritur,
1363 4199 1394 4249 ad
1413 4198 1509 4264 quanvis
1520 4200 1631 4263 pericula
1642 4198 1703 4249 sub·

922 4309 1003 4360 cunda
1019 4309 1099 4375 parati
1121 4306 1199 4357 erant.
1243 4299 1377 4364 Brevisque
1395 4297 1513 4362 temporis
1533 4299 1612 4364 spatio
1635 4311 1704 4349 exer·

922 4409 994 4466 citus.
1011 4407 1071 4459 satis
1092 4404 1191 4455 salidus
1208 4404 1234 4452 et
1247 4399 1385 4449 instructus
1405 4395 1612 4459 splendidissime,
1628 4394 1703 4445 educ·

922 4506 963 4555 tos
974 4505 1020 4554 est.
1054 4504 1087 4551 nt
1096 4499 1189 4557 hostes,
1201 4511 1280 4561 quum
1299 4493 1486 4558 praesensissent
1506 4496 1629 4543 Rornanos
1645 4505 1702 4542 cum

922 4601 1001 4664 copiis
1017 4602 1103 4650 contra
1130 4610 1157 4646 se
1179 4597 1306 4649 venturos,
1336 4589 1473 4640 exercitum
1500 4604 1572 4639 suurn
1600 4588 1701 4638 domum

922 4701 1081 4753 reduxerunt.
1118 4696 1165 4747 Sed
1182 4693 1306 4754 eonsules,
1328 4691 1376 4741 iter
1391 4704 1479 4756 magna
1502 4688 1656 4740 testinatione
1668 4687 1701 4735 ta·

922 4804 1021 4860 cientes,
1036 4815 1079 4853 eos
1092 4812 1167 4864 prope
1191 4797 1288 4847 Antium
1311 4782 1418 4845 assecuti
1434 4795 1500 4851 sunt,
1524 4791 1546 4840 in
1566 4787 1662 4840 excelso
1674 4791 1701 4838 et

922 4901 1049 4967 praerupto
1061 4898 1166 4962 quodam
1187 4895 1243 4969 loco
1259 4895 1342 4942 castra
1360 4894 1484 4949 metatos;
1502 4890 1528 4938 et
1545 4886 1591 4950 ipsi
1603 4898 1700 4949 quoque

923 5011 972 5049 non
988 4994 1074 5062 procul
1093 4996 1126 5045 ab
1147 4994 1194 5043 illis
1218 4993 1299 5040 castra
1322 4988 1464 5052 posuerunt.
1501 4987 1530 5034 Et
1550 4983 1700 5047 aliquamdiu

922 5094 1022 5157 utrique
1034 5091 1097 5141 intra
1109 5102 1190 5139 suase
1202 5085 1377 5137 continuerunt
1418 5079 1526 5129 Tandem
1542 5077 1629 5144 AEqni,
1644 5092 1700 5131 con-

924 5191 997 5242 tentis
1008 5186 1133 5248 Romanis,
1150 5182 1217 5248 qnod
1225 5193 1252 5230 se
1267 5179 1361 5242 priores
1371 5190 1419 5227 non
1431 5176 1586 5237 invasissent,
1601 5174 1700 5240 ntique
