3772 5828
612 391 906 464 AN'IIQUI'I'ATUbI
926 391 1072 452 ROMAN.
1097 392 1170 450 LIB.
1194 392 1244 451 XI.

112 559 124 581 ν
139 531 215 588 πόλιν
229 527 276 588 καί
291 530 560 607 ἀντιστρατηγοῦντις
578 528 642 601 ἡμῖν
657 527 682 583 ol
701 523 882 602 ταραχώδεις,

111 648 124 672 ο
141 621 252 699 μηδαμῇ
263 616 393 697 χρήσιμοι
405 616 468 692 μήτ’
488 616 515 674 έν
527 613 618 693 εἰρήνη
638 613 706 688 μήτε
722 612 792 670 κατά
806 609 886 672 πολέ-

112 736 123 759 11
139 732 218 785 μους,
233 707 341 775 ὑπὸτῆς
353 705 471 781 ἀνάγκης
485 701 703 783 σωφρονισθέντες
719 698 813 769 εἷξετε.
838 698 885 769 Μὴ

111 798 243 862 «τούτους
262 793 347 854 οἴεσθε
370 791 430 859 τοὺς
446 790 492 849 ἐπὶ
506 796 552 851 τοῦ
573 789 746 851 Καπιτωλίου
769 787 816 847 καὶ
838 791 886 859 τῆς

112 912 124 936 u
140 889 221 967 άκρας
245 879 368 964 ρρσυροθς
393 879 436 939 έπλ
459 876 518 946 τοῦς
537 877 629 946 ἔξωθεν
654 874 796 952 πολεμίους
820 879 884 952 ἡμῖν

113 1004 125 1026 α
141 974 352 1054 παρεσκευάσθαι
365 968 461 1047 μόνον,
473 971 541 1045 ὐμᾶς
554 969 582 1027 δέ
593 965 653 1035 scd<
670 965 743 1027 ίνόον
755 969 887 1037 ύποκαθη·

113 1094 124 1115 υ
141 1065 232 1141 μένους
247 1063 292 1123 καὶ
313 1060 400 1120 πάντα
416 1060 550 1130 σήποντας
564 1055 599 1117 τά
613 1060 661 1128 τῆς
675 1057 777 1122 πόλεως
796 1054 886 1214 πράγ-

875 1167 887 1210 I

113 1183 124 1206 u
140 1178 212 1230 ματα
227 1154 323 1213 ἐάσειν.
368 1146 481 1224 Γνώμην
495 1143 528 1216 δὴ
543 1143 684 1216 λαθόντες,
704 1145 839 1223 κρείττονα

58 1295 64 1319 ,
114 1272 125 1294 α
141 1244 214 1321 ἔχετε
233 1248 278 1300 νῦν
292 1240 385 1311 ἀπιτε,
407 1226 443 1302 οἷς
457 1234 535 1312 μήτι
550 1243 679 1313 πρᾶγμα,
694 1233 740 1292 καί
755 1233 886 1314 πράσσετε

113 1361 125 1384 ο
139 1312 174 1391 τά
194 1336 309 1410 ἑαυτῶν,
326 1332 349 1389 εί
367 1332 539 1406 σωρρονεῖτε·
556 1322 588 1381 σθ
604 1324 631 1380 il
646 1323 710 1400 άγου
727 1321 774 1392 τὴν
796 1319 885 1379 παιδί·

113 1448 125 1472 ο
140 1445 206 1493 σκην
221 1423 303 1500 ἔχων,
320 1417 446 1487 Κλαύδιε,
459 1414 560 1492 μηδένα
577 1410 713 1486 δεδοικώς,
732 1413 765 1469 δι’
779 1412 885 1488 ἀγορᾶς·

112 1539 123 1563 u
139 1515 162 1570 cI
174 1512 225 1593 γάρ
241 1509 351 1570 Ἀππίου
362 1529 391 1565 σε
404 1503 590 1584 προπέμψουσι
610 1501 711 1558 δώδεκα
729 1499 856 1566 πελέκεις.
872 1524 885 1551 ο

112 1600 161 1667 Ὡς
177 1600 204 1660 δέ
227 1599 301 1660 ταῦτ’
321 1586 407 1670 εἶπεν,
422 1594 445 1653 ol
467 1591 514 1669 μὲν
537 1590 612 1648 ἄλλοι
628 1589 776 1664 στένοντες,
792 1586 837 1644 καί
851 1585 885 1644 τά

111 1690 223 1769 μέτωπα
240 1687 374 1759 παίοντες,
388 1683 432 1742 καλ
453 1680 487 1739 τά
511 1679 612 1758 δάκρυα
625 1676 747 1757 κατέχειν
761 1677 790 1735 ού
810 1674 887 1733 δυνά·

60 1794 84 1832 ¹⁶
112 1805 201 1857 μενοι,
222 1775 394 1859 παρεχώρουν
418 1772 449 1829 έκ
469 1774 515 1841 τῆς
539 1771 648 1848 ἀγορᾶς·
670 1770 685 1825 ό
706 1764 734 1825 δὲ
753 1765 885 1832 Κλαύδιος

112 1872 199 1944 ἀπῆγε
212 1868 259 1939 τὴν
274 1867 358 1925 παῖδα
371 1866 409 1940 τῷ
424 1858 506 1939 πατρὶ
520 1857 767 1937 περιπεπλεγμένην
783 1853 828 1912 καὶ
840 1876 886 1911 κα·

112 1963 291 2038 ταριλοῦσαν,
304 1954 349 2014 καλ
366 1959 424 2017 ταῖς
437 1949 557 2019 ἡδίσταις
571 1949 669 2027 ρωναῖς
688 1946 884 2002 ἀνακαλοῦσαν.

112 2047 160 2109 Ἐν
181 2046 306 2112 τοιούτοις
326 2041 358 2114 δὴ
385 2045 475 2104 κακοῖς
501 2035 652 2117 Οὐεργίνιος
678 2033 733 2110 ῶν,
760 2032 834 2111 ἔργον
850 2032 886 2097 εἰς

112 2141 171 2195 νοῦν
185 2137 310 2216 βάλλεται
320 2130 400 2210 πατρὶ
411 2128 458 2206 μέν
470 2127 639 2206 ταλαίπωρον
648 2126 693 2182 καὶ
703 2124 807 2202 πικρὸν,
816 2125 887 2182 ἐλευ-

57 2249 86 2290 ab
111 2229 179 2306 θέρω
192 2229 219 2288 δὲ
231 2222 306 2304 ἀνδρί
321 2219 367 2280 καί
385 2217 560 2297 μεγαλόρρονι
575 2214 685 2297 πρέπον,
702 2211 887 2287 Αἰτησάμινος

111 2291 169 2399 γάρ.
177 2315 295 2387 ἐξουσίαν
316 2310 488 2371 ἀσπάσασθαι
511 2304 559 2375 τὴν
580 2302 709 2382 θυγατέρα
724 2298 782 2366 τοῦς
796 2300 886 2358 τελευ·

111 2408 199 2473 ταίους
213 2398 369 2476 ἀσπασμούς
382 2398 423 2455 ἐπ’
438 2394 564 2464 ἐξουσίας,
577 2392 623 2449 καὶ
639 2392 808 2467 διαλεχθῆναι
820 2386 887 2464 μόνη

112 2497 195 2554 ὁπόσα
214 2492 354 2570 βούλεται,
367 2485 428 2564 πρὶν
442 2484 472 2540 έκ
486 2485 532 2553 τῆς
548 2484 645 2558 ἀγορᾶς
667 2478 750 2546 αὐτὴν
763 2476 886 2554 ἀπαχθῆ-

112 2607 172 2657 ναι,
190 2577 409 2660 συγχωρήσαντος
432 2576 477 2631 τοῦ
490 2573 638 2650 στρατηγοῦ
656 2566 701 2625 καὶ
722 2568 773 2623 τῶν
789 2567 887 2644 ἐχθρῶν

18 2663 23 2670 ’
59 2698 86 2738 οε
114 2670 208 2753 μικρδν
226 2661 474 2746 ἀναχωρησάντων,
499 2654 640 2718 ὑπολαύδιν
665 2653 745 2725 αὐτὴν
762 2650 888 2729 έκλυομέ·

113 2786 159 2833 νην
178 2783 206 2818 τι
223 2757 269 2817 καλ
294 2748 504 2831 καταρρέουσαν,
529 2745 594 2812 τέως
618 2741 665 2820 μέν
681 2741 835 2801 ἀνεκαλεῖτό
858 2763 887 2799 τε

113 2852 158 2910 καὶ
170 2845 304 2926 κατερίλει
317 2841 362 2900 καὶ
376 2837 423 2906 τάς
437 2835 547 2904 λιύάδας
556 2833 683 2910 έξέματτε
693 2835 744 2891 τῶν
759 2830 887 2910 δακρύων·

113 2940 203 3000 ἔπειτα
226 2933 296 2995 κατά
312 2930 404 3010 μικρδν
419 2926 546 3005 ὑπάγων,
561 2927 597 2990 ῶς
617 2913 648 2994 ἦν
664 2919 740 3000 ἐγγύς
755 2922 888 2999 έργαστη-

115 3030 169 3109 ρίου
185 3026 355 3106 μαγειρικοῦ,
374 3017 509 3097 μάχαιραν
524 3011 674 3094 ίξαρπάσας
694 3008 746 3069 ἀπδ
760 3011 807 3078 τῆς
820 3031 888 3088 τρα-

60 3136 87 3177 οο
115 3120 204 3190 πέζης,
221 3114 294 3174 παίει
311 3109 359 3182 τὴν
374 3104 506 3184 θυγατέρα
520 3102 564 3162 tsi
580 3104 630 3161 τῶν
646 3100 823 3178 σπλάγχνων,
841 3119 887 3156 το-

115 3213 206 3266 σοῦτον
234 3201 331 3262 εἰπών·
360 3224 372 3249 ο
401 3190 559 3272 Ἐλευθέραν
588 3211 618 3248 σε
645 3189 703 3246 καὶ·
717 3185 888 3265 εὐσχήμονα,

115 3328 126 3349 ο
142 3296 247 3366 τέκνον,
267 3287 423 3350 ἀποστέλλω
438 3291 492 3347 τοῖς
510 3279 579 3339 κατά
594 3281 642 3354 γῆς
657 3277 805 3354 προγόνοις·
818 3278 889 3343 ζῶσα

115 3415 126 3438 ο
142 3384 193 3464 γάρ
213 3385 297 3440 ταῦτα
320 3377 379 3455 οὐχὶ
394 3375 452 3443 έξῆν
472 3369 541 3449 ἔχειν
560 3365 695 3448 ἀμφύτερα
712 3364 755 3423 διά
776 3365 818 3421 τόν
841 3363 888 3419 τύ-

116 3501 127 3523 «
144 3493 245 3549 ραννον.
262 3496 272 3518 ν
290 3465 415 3544 Κραυγῆς
432 3455 460 3517 δέ
472 3455 629 3532 γενομένης,
644 3450 805 3532 ᾑμαγμένην
820 3448 888 3526 ἔχων

63 3594 89 3630 γη
116 3563 162 3629 τὴν
178 3556 292 3637 σραγίδα
306 3551 352 3610 καὶ
367 3549 444 3612 αὐτός
457 3543 602 3618 ἀνάμεστος
617 3540 729 3619 αἵματος
742 3538 888 3615 γενόμενος,

116 3640 138 3706 sb
160 3647 320 3725 προσέρυρεν
342 3638 420 3696 αὐτὸν
444 3637 460 3703 ἡ
488 3630 577 3713 σραγά,
589 3634 635 3701 τῆς
656 3629 754 3707 κόρης,
773 3627 824 3684 ἔθει
846 3624 890 3683 td

115 3710 163 3807 έῆς
177 3735 276 3799 πόλεως
295 3725 414 3806 έμμανλς
438 3725 482 3786 ἐπὶ
496 3724 543 3793 rba
567 3719 715 3798 ἐλευθερίαν
734 3714 795 3782 τοὺς
815 3714 890 3773 πολέ-

117 3851 163 3894 τας
182 3828 282 3885 καλῶν.
324 3813 551 3891 Διεκπαισάμενος
574 3809 601 3869 δέ
626 3807 672 3873 τάς
691 3807 790 3875 πύλας,
809 3801 890 3874 ἀνέθη

117 3916 160 3975 τὸν
174 3913 271 3983 ἵππον,
287 3899 359 3978 &In
377 3898 624 3983 παρεσκευασμένος
638 3899 726 3976 αὐτῷ,
750 3893 794 3953 καλ
815 3893 892 3952 συνέ·

63 4032 90 4069 νο
118 4027 199 4063 τεινεν
218 3999 261 4060 ἐπὶ
279 3997 309 4056 τὸ
323 3993 510 4074 στρατόπεδον,
526 3986 633 4050 Ἰκιλίου
655 3984 744 4044 τεκαὶ
771 3987 894 4060 Νομιτω-

121 4094 176 4173 ρίου
201 4096 251 4151 τῶν
273 4086 423 4166 ἀγαγόντων
439 4079 518 4139 αύτδν
533 4080 563 4137 έκ
580 4080 626 4134 τοῦ
651 4075 784 4154 χάρακος,
805 4071 893 4131 νιανί·

117 4208 187 4244 σκων
211 4178 256 4238 καλ
280 4178 338 4236 τότε
364 4164 640 4250 συμπροπεμπόντων.
684 4160 839 4224 Ἠκολούθει
867 4158 893 4219 δὲ

118 4276 203 4338 αὐτοῖς
227 4271 273 4330 καί
288 4265 366 4329 ἄλλος
392 4260 471 4340 ὄχλος
497 4257 619 4330 δημοτῶν
636 4257 684 4313 οῦκ
703 4252 807 4329 ὀλίγος,
825 4247 894 4309 ώστε

116 4361 174 4427 rob<
191 4359 345 4433 σύμπαντας
366 4349 435 4431 appi
450 4343 632 4427 τετρακοσίους
642 4340 774 4420 γενέσθαι.

64 4478 90 4515 ss
156 4448 316 4511 XXXVIII.
340 4441 373 4501 ‘0
387 4439 414 4499 II
432 4431 560 4506 Ἄππιος,
577 4436 613 4501 ὡς
627 4433 657 4491 τ“ο
674 4429 734 4510 περί
749 4427 796 4499 τὴν
812 4424 893 4508 κόρην

119 4538 218 4614 ἐπέγνω
243 4535 344 4607 πάθος,
372 4527 498 4608 ἀναπηδᾷ
521 4549 550 4584 τε
573 4521 626 4582 ἀπδ
650 4526 696 4581 τοῦ
722 4518 827 4599 lippos,
848 4517 893 4575 καὶ

119 4625 218 4683 διώκειν
232 4625 276 4684 τδν
294 4618 448 4699 Οὐεργίνιον
471 4613 608 4683 έθούλετο,
629 4607 716 4668 πολλά
740 4605 785 4664 καί
811 4601 893 4680 λέγων

119 4713 164 4772 καὶ
178 4712 298 4790 πράττων
314 4710 431 4786 ἄκοσμα.
483 4699 670 4784 Περιστάντων
695 4696 723 4756 δὲ
746 4693 825 4752 αὐτὸν
842 4694 894 4749 τῶν

120 4801 200 4882 ρίλων
223 4798 267 4857 καλ
294 4797 376 4875 μηδέν
402 4792 591 4875 ἐξαμαρτάνειν
618 4784 778 4859 ἀξιούντων,
813 4780 895 4860 ἀπῄει

64 4916 92 4956 50
119 4888 184 4967 πρὸς
199 4885 317 4952 ἅπαντας
331 4886 497 4963 ἀγανακτῶν.
521 4876 593 4949 Ἤδη
611 4874 639 4933 δέ
653 4876 724 4953 αὐτῷ
737 4868 796 4930 κατ’
811 4868 894 4927 οἰκίαν

119 4979 174 5039 όντι
189 4972 414 5053 προσαγγέλλουσι
434 4974 486 5029 τῶν
501 4968 612 5045 ἑταίρων
633 4961 714 5029 τινές,
728 4960 769 5020 ότι
791 4957 851 5034 περί
866 4956 896 5015 τδ

120 5069 217 5142 πτῶμα
233 5068 279 5132 τῆς
302 5061 381 5136 κόρης
400 5057 504 5122 Ἰκίλιάς
519 5078 547 5114 τε
566 5058 580 5111 θ
600 5047 729 5123 κηδεστὴς
748 5048 793 5106 καλ
808 5048 895 5120 Napr-

120 5157 213 5236 τώριος
226 5156 240 5211 ό
255 5156 320 5214 θεῖος
343 5146 390 5205 σῦν
404 5154 457 5212 τοῖς
473 5146 562 5207 ἀλλοις
584 5142 696 5220 έταίροις
710 5160 738 5196 τε
757 5135 801 5195 καὶ
824 5158 894 5212 συγ-

121 5247 220 5326 γενέσιν
244 5244 370 5311 ἑστῶτες,
395 5234 461 5314 ρητά
477 5229 524 5290 καλ
543 5230 646 5310 ἄρρητα
669 5224 732 5285 κατ’
749 5224 828 5282 αὐτοῦ
845 5221 892 5281 λί-

1657 398 1715 458 eat

939 551 951 575 c
969 545 1015 583 οοε
1029 531 1164 582 turbulenti
1178 533 1203 581 et
1217 543 1349 593 nusquam,
1365 535 1408 580 aut
1420 543 1482 594 pace
1497 535 1542 581 aut
1554 532 1618 581 bello
1628 534 1716 593 utiles,

940 623 1066 688 «abipsa
1087 622 1232 673 necessitate
1252 622 1333 672 edocti
1347 626 1373 671 et
1393 622 1553 686 sapientiores
1568 623 1628 673 iacti
1644 624 1718 673 nobis

941 713 1069 764 scedetis.
1102 713 1263 777 deputetis,
1289 725 1334 762 nos
1358 712 1414 761 lrcec
1427 712 1558 775 praesidia,
1581 727 1637 774 quas
1662 716 1720 765 suot

942 807 994 856 sin
1015 805 1136 869 capitolio
1148 807 1174 854 et
1187 816 1259 864 arce,
1271 803 1352 853 solum
1367 803 1488 853 adversus
1503 807 1616 856 externos
1634 805 1719 856 hostes

941 917 953 940 c
970 896 1041 946 nobis
1058 910 1169 960 parasse,
1190 909 1285 959 nosque
1306 897 1471 959 permissuros
1493 903 1522 948 ut
1544 913 1600 961 ros,
1629 901 1719 963 quim

942 1009 954 1032 α
969 989 1031 1039 urbe
1051 987 1200 1046 considetis,
1227 1001 1269 1038 res
1288 988 1343 1051 ejus
1363 1002 1449 1039 omnes
1464 990 1636 1055 corrumpatiss.
1669 995 1721 1043 l'e-

942 1097 954 1120 ν
972 1091 1029 1127 rum
1051 1075 1152 1127 oonsilio
1180 1075 1295 1138 meliore,
1320 1091 1395 1141 quam
1425 1078 1492 1143 quod
1524 1095 1587 1131 nunc
1614 1082 1718 1142 trahetis,

943 1196 955 1219 «
971 1180 1043 1240 capto
1063 1177 1143 1237 abile,
1167 1177 1259 1240 quibus
1280 1176 1340 1227 nibil
1364 1180 1403 1229 est
1421 1178 1525 1242 negotii,
1547 1184 1622 1242 atque
1638 1194 1719 1231 rernm

944 1290 956 1313 ν
969 1273 1106 1321 vestrarum
1127 1270 1239 1334 satagite,
1260 1269 1281 1319 si
1304 1270 1398 1333 sapitis.
1418 1272 1456 1319 Tu
1474 1284 1546 1329 vero,
1564 1270 1662 1332 claudi,
1675 1286 1720 1321 an-

945 1386 957 1410 ν
974 1366 1054 1416 cdlam
1075 1380 1149 1428 quam
1173 1367 1264 1426 babes,
1287 1379 1331 1429 per
1353 1363 1450 1424 lorum,
1470 1365 1563 1415 nullum
1590 1343 1719 1426 metuens,

945 1478 958 1501 c
973 1457 1063 1508 abduc.
1097 1458 1157 1506 itam
1188 1456 1319 1507 duodecim
1347 1456 1418 1520 Appii
1442 1469 1541 1506 secures
1578 1459 1603 1506 te
1636 1471 1721 1521 prose-

945 1571 958 1594 a
974 1551 1088 1613 quentnr.
1106 1568 1117 1590 ν
1141 1548 1186 1597 llis
1199 1546 1284 1607 dictis,
1302 1546 1384 1596 caeleri
1404 1546 1505 1609 quidem
1527 1550 1669 1610 gementes,
1696 1554 1722 1600 et

946 1646 1050 1695 ironiam
1070 1644 1199 1701 lerientes,
1216 1644 1291 1703 atque
1314 1641 1435 1703 lacrymas
1463 1640 1588 1689 conlinere
1602 1654 1649 1691 non
1675 1656 1722 1692 va·

945 1733 1038 1793 lentes,
1062 1732 1094 1781 de
1124 1733 1176 1780 loro
1203 1729 1363 1780 decedebant.
1399 1730 1517 1781 claudius
1547 1732 1723 1797 voropuellam

945 1822 1097 1882 abducebat,
1125 1836 1182 1885 quse
1209 1821 1272 1885 patri
1308 1821 1425 1884 Impliciln
1450 1821 1592 1872 adhaerebat
1616 1837 1723 1888 eumque

944 1916 1143 1974 deosculabatur,
1163 1917 1189 1964 et
1200 1913 1353 1963 suavissimis
1364 1913 1466 1962 vocibus
1480 1914 1629 1976 appellabat.
1641 1920 1724 1974 Quum

948 2008 1021 2072 igitur
1050 2004 1175 2069 Virginius
1200 2002 1227 2052 iu
1253 2003 1392 2054 istiusmodi
1417 2001 1489 2052 malis
1514 2007 1664 2066 versaretur,
1685 2005 1722 2058 Is.

946 2100 1017 2150 ciuus
1041 2099 1123 2148 annno
1145 2097 1272 2160 concepit,
1302 2097 1365 2161 patri
1388 2095 1488 2159 quidem
1506 2108 1673 2147 aerumnosum
1699 2104 1726 2152 et

941 2188 1070 2246 acerbum,
1092 2189 1135 2237 scd
1165 2189 1246 2239 sirum
1276 2191 1407 2252 Ingenuum
1437 2198 1461 2243 et
1484 2196 1666 2258 magnanimum
1684 2196 1728 2247 de·

941 2286 1007 2324 cens.
1052 2276 1115 2323 liare
1141 2276 1218 2337 petilo
1244 2276 1314 2326 venia
1345 2277 1421 2329 libere
1455 2281 1577 2333 salutandi
1597 2287 1728 2348 postremIs

945 2374 1143 2431 salutationibus,
1164 2377 1190 2424 et
1204 2374 1359 2436 colloquendi
1381 2389 1438 2424 cum
1462 2388 1493 2425 ea
1517 2375 1638 2427 arbitratu
1662 2391 1724 2441 sno,

947 2469 1047 2521 remotis
1066 2465 1180 2517 omnibus
1201 2466 1326 2532 ,testibus
1350 2470 1481 2532 antequam
1500 2481 1532 2517 ex
1545 2469 1597 2518 loro
1612 2469 1725 2521 abduce·

947 2566 1023 2619 retur,
1037 2574 1114 2622 eaque
1132 2559 1224 2610 educe
1240 2560 1386 2624 impetrata.
1407 2574 1484 2622 quum
1504 2560 1596 2610 immici
1609 2564 1722 2625 paullum

946 2659 1117 2715 recessissent,
1137 2656 1277 2718 susceptam
1301 2667 1370 2713 sam,
1396 2666 1452 2717 qua
1471 2654 1522 2714 iarn
1544 2653 1726 2707 dissolvebatur

947 2752 973 2800 et
997 2749 1135 2806 diffluebat,
1150 2751 1188 2799 ct
1201 2760 1228 2798 se
1252 2748 1293 2796 ris
1308 2746 1479 2807 sustentabat,
1505 2748 1612 2811 primum
1624 2749 1724 2812 quidem

946 2841 1039 2891 crebris
1054 2841 1157 2891 vocibus
1171 2839 1274 2890 vocabat
1294 2842 1320 2888 el
1338 2837 1538 2899 deosculabatur,
1551 2842 1578 2889 et
1599 2839 1723 2902 lacrymas

947 2932 1064 2983 cadentes
1088 2932 1273 3003 abstergebat:
1298 2929 1387 2980 deinde
1413 2943 1500 2995 quum,
1524 2930 1653 2994 paullatim
1670 2945 1725 2982 eam

947 3027 1102 3088 subducens,
1125 3025 1156 3075 ad
1183 3026 1311 3076 tabernam
1341 3024 1398 3075 lanii
1428 3026 1588 3086 accessisset,
1619 3027 1726 3077 cultrum

947 3120 979 3169 dc
1007 3131 1091 3167 mensa
1115 3121 1255 3182 arreptum.
1271 3130 1314 3180 per
1337 3117 1393 3168 tillae
1417 3118 1511 3169 viscera
1532 3120 1590 3182 egit,
1614 3119 1662 3169 boc
1685 3133 1725 3169 so·
1809 3152 1812 3159 -

947 3205 999 3254 lum
1018 3204 1109 3254 aliatus
1124 3223 1129 3251 :
1146 3223 1157 3245 ο
1174 3203 1286 3252 Liberam
1298 3205 1323 3252 te
1342 3206 1367 3252 ct
1379 3201 1503 3266 pudicam,
1521 3203 1579 3266 filia,
1593 3203 1626 3253 sd
1641 3215 1726 3253 mares

950 3317 961 3339 u
979 3299 1076 3346 tuocum
1087 3297 1207 3358 rnajornm
1215 3295 1287 3343 ollito
1304 3312 1310 3342 ε
1327 3294 1369 3344 tibi
1382 3296 1447 3345 enim
1458 3295 1551 3346 viventi
1563 3296 1652 3347 borum
1662 3309 1725 3346 nen·

950 3409 963 3432 a
978 3388 1059 3438 troob
1073 3393 1202 3450 tyrannum
1221 3386 1268 3435 Irni
1287 3386 1385 3437 licebat.
1403 3407 1414 3430 ν
1431 3390 1492 3437 0rto
1507 3392 1591 3439 autem
1608 3389 1726 3451 clamore,

949 3484 1078 3531 cruentum
1090 3486 1187 3541 gestans
1204 3478 1321 3538 cultrum,
1333 3483 1358 3528 et
1373 3478 1407 3528 ila
1425 3484 1492 3530 ictus
1505 3494 1654 3545 conspersus
1666 3496 1724 3531 sao-

950 3574 1038 3637 guiua,
1056 3586 1130 3636 quem
1143 3571 1231 3635 puellas
1247 3569 1329 3620 caedes
1344 3570 1369 3620 in
1385 3585 1441 3621 eum
1455 3573 1564 3634 elitaret,
1580 3587 1623 3637 per
1640 3573 1727 3624 urbem

951 3670 1097 3721 furibundus
1110 3668 1234 3730 currebat,
1257 3667 1324 3718 circs
1342 3666 1374 3717 ad
1389 3668 1529 3721 libertatem
1539 3684 1638 3722 rorans.
1672 3674 1729 3722 Etc

950 3762 1026 3828 portis
1036 3776 1080 3826 per
1092 3761 1142 3810 rim
1153 3773 1269 3823 egressus
1287 3772 1381 3824 equum
1395 3761 1545 3821 conscendit,
1563 3762 1608 3828 qui
1619 3764 1642 3815 ei
1656 3776 1727 3828 pora·

950 3856 992 3903 tus
1001 3855 1064 3912 erat,
1075 3853 1100 3901 et
1108 3849 1140 3900 ad
1153 3852 1236 3899 castra
1249 3848 1389 3906 contendit,
1401 3850 1469 3900 Icilio
1485 3854 1511 3900 et
1520 3851 1658 3902 Numitorio
1672 3852 1730 3903 ado-

950 3940 1108 3998 lescentibus,
1125 3938 1169 4004 qni
1188 3952 1244 3989 eum
1258 3951 1290 3988 cx
1300 3937 1389 3988 castris
1407 3938 1570 4002 adduxerant,
1583 3941 1642 3991 tunc
1652 3941 1727 3990 etiam

948 4029 1131 4082 comitantibus.
1166 4030 1214 4078 Eos
1228 4031 1312 4077 autem
1338 4027 1386 4078 alia
1399 4027 1473 4077 etiam
1485 4027 1555 4080 turba
1576 4028 1728 4092 plebeiorum

950 4135 999 4172 non
1011 4120 1098 4183 exigna
1110 4118 1269 4182 sequebatur,
1283 4116 1319 4167 ita
1331 4120 1361 4166 nt
1381 4116 1490 4167 universi
1502 4123 1585 4169 essent
1602 4119 1653 4168 lere
1664 4132 1728 4183 qua·

949 4208 1081 4271 driogenti.

982 4439 1114 4488 xxxvnr.
1128 4438 1222 4501 Appius
1232 4450 1307 4494 vero,
1318 4436 1442 4498 utpuellns
1451 4450 1536 4487 casum
1553 4437 1681 4498 cognovit,
1697 4437 1727 4486 dc

949 4526 1009 4578 sella
1022 4525 1121 4584 exsiliit,
1132 4530 1158 4575 et
1173 4525 1310 4588 l'irgirrium
1321 4525 1437 4587 persequi
1450 4525 1561 4585 volebat,
1574 4525 1652 4574 mulla
1660 4525 1726 4575 indc-

949 4629 1008 4665 cera
1031 4617 1054 4663 el
1069 4613 1154 4662 dicens
1177 4617 1203 4663 et
1224 4613 1325 4661 faciens.
1359 4611 1407 4660 Sed
1433 4611 1651 4663 circumstantibus
1670 4626 1726 4661 eum

949 4704 1035 4755 amicis
1044 4705 1079 4759 et,
1090 4700 1185 4751 utnibil
1200 4704 1328 4765 peccaret,
1343 4699 1500 4764 rogantibus,
1518 4700 1633 4748 omnibus
1647 4700 1725 4749 Inlen·

950 4791 1072 4845 susubiit.
1107 4790 1136 4838 Ei
1158 4796 1255 4847 autem,
1273 4801 1351 4851 quum
1368 4790 1419 4852 jam
1437 4788 1504 4838 domi
1526 4791 1604 4846 esset,
1625 4789 1725 4851 qnidam

950 4878 1022 4927 amici
1035 4874 1178 4925 nurrtiarunt
1190 4873 1286 4923 Icilium
1301 4886 1413 4922 εοοοιυιο
1424 4877 1449 4922 et
1466 4871 1629 4922 NumitorIum
1647 4887 1727 4923 avun-

950 4965 1046 5023 culum,
1065 4976 1121 5010 cmn
1135 4962 1190 5012 aliis
1200 4961 1285 5010 amicIs
1294 4965 1319 5010 et
1331 4961 1456 5023 cognatis,
1474 4961 1541 5009 eirca
1552 4961 1640 5024 puellas
1651 4965 1725 5015 rada-

950 5054 1113 5110 vernantes,
1140 5049 1211 5098 [anila
1223 5051 1248 5098 et
1268 5045 1366 5095 infanda
1385 5045 1506 5096 adversus
1520 5060 1576 5096 eum
1591 5048 1688 5112 dicere,
1702 5057 1727 5101 et

950 5138 1066 5202 populum
1088 5137 1118 5186 ad
1133 5136 1270 5186 libertatem
1286 5145 1381 5182 vocare.
1413 5133 1457 5183 Ille
1471 5148 1542 5195 vcro,
1561 5136 1597 5186 ita
1610 5141 1689 5188 aratos
1700 5143 1726 5189 ut

950 5229 1011 5285 erat,
1024 5226 1093 5277 misit
1103 5225 1222 5288 quosdam
1240 5223 1347 5283 lictores,
1356 5222 1446 5284 jubens
1460 5225 1485 5273 in
1497 5223 1594 5277 siocula
1604 5225 1727 5277 abducere
