3772 5828
607 336 901 410 nNt'tQtll'tA't'u'tt
924 336 1068 396 nullas.
1092 337 1166 398 tta.
1189 337 1266 397 t'ttt.

106 500 152 541 νας
180 472 323 553 θριοίμθους
349 471 438 547 νόμος.
483 468 612 547 Ἀκυλλίῳ
638 468 666 527 δὲ
691 469 735 526 τθν
761 469 887 527 ἐλάττονα

108 564 234 644 θρίαμόον
261 562 412 631 ἀπέδοσαν,
449 557 477 618 δν
506 558 578 616 αὐτοί
607 560 731 617 καλοῦσιν
757 556 886 628 οὐαστήν·

108 654 252 723 δεδήλωται
268 649 295 708 δέ
311 672 357 723 μοι
370 649 412 705 διὰ
424 652 476 706 τῶν
487 645 636 726 προτέρων,
650 645 682 718 ήν
696 646 752 727 ἔχει
764 643 888 725 διαφορὰν

107 735 181 807 οὑτος
202 741 265 820 πρὸς
281 738 325 797 τὀν
343 736 466 815 μείζονα·
490 735 537 794 καί
558 736 677 806 εἰσῆλθεν
694 733 788 815 ὑοίνήρ
809 732 889 802 πεζὸς

108 832 141 889 τὰ
155 831 238 891 λοιπὰ
252 834 298 899 τῆς
315 831 423 904 πομπῆς
439 824 608 904 ἐπαγόμενος.
627 823 683 886 Καὶ
698 823 728 882 τὸ
742 821 798 890 ἔτος
813 825 888 879 τοῦτο

110 918 245 979 ἐτελεύτα.

150 1006 278 1067 thlttt.
303 1005 338 1062 0t
353 1000 381 1061 δέ
396 1002 470 1082 παρὰ
484 999 581 1061 τοὺτων
596 999 643 1073 τήν
659 999 787 1060 ὑπατείαν
804 1021 890 1076 παρα-

110 1096 235 1164 λαόόντες
250 1094 367 1174 Πρόκλος
383 1090 535 1172 Οὑεργίνιος
555 1090 600 1149 καί
627 1091 742 1168 Σπόριος
774 1090 889 1154 Κάσσιος

110 1187 140 1245 τὸ
155 1185 240 1266 τρίτον
254 1183 312 1243 τότε
330 1181 494 1260 ἀποδειχθείς
513 1177 628 1251 ὑπατος,
644 1179 691 1247 τοίς
710 1202 739 1237 τε
755 1176 892 1242 πολιτικὰς

76 1293 79 1297 ⁴
111 1275 224 1340 καὶτὰς
248 1268 421 1350 συμμαχικὰς
448 1265 624 1334 ἀναλαόόντες
647 1266 771 1344 δυνάμεις
798 1263 890 1341 ἐξῆγον

111 1366 147 1429 εἷς
160 1361 208 1432 τήν
223 1360 362 1438 ὕπαιθρον·
382 1355 534 1437 Οὑεργίνιος
562 1355 610 1431 μὲν
633 1356 677 1414 έπλ
700 1355 746 1422 τὰς
766 1356 889 1415 Αἰκανῶν

111 1453 213 1523 πολεις,
226 1448 345 1514 Κοίσσιος
359 1445 381 1506 δ’
395 1446 438 1506 ἐπί
450 1447 496 1511 τὰς
514 1443 642 1523 Ἑρνίκων
655 1468 683 1504 τε
696 1446 741 1504 καλ
759 1441 893 1504 Οὐολούσ-

112 1567 179 1614 κων,
197 1538 288 1618 κλήρῳ
308 1535 478 1615 διαλαχόντες
492 1533 540 1600 τδις
555 1533 664 1602 ἐξόδους.
719 1533 828 1594 Αἰκανοί
844 1530 892 1608 μέν

111 1616 155 1687 οὑν
183 1625 364 1706 ὀχυρώσαντες
384 1620 431 1688 τθις
445 1620 551 1696 πόλεις,
573 1622 618 1680 καλ
638 1621 672 1680 τδι
691 1620 815 1680 πλείστου
832 1616 892 1687 ἄξια

73 1752 84 1787 5
113 1719 143 1774 ἐκ
156 1721 207 1774 τῶν
224 1737 311 1793 αγρων
328 1710 572 1786 ανασκευασαίμενοι
587 1756 595 1786 ,
610 1709 657 1783 τήν
673 1733 702 1768 τε
717 1714 766 1788 γῆν
781 1707 892 1788 περιεώ-

114 1828 164 1885 ρων
180 1802 328 1883 δῃουμένην
349 1799 394 1860 καί
416 1803 464 1866 τὰς
483 1798 564 1866 αὑλδις
582 1796 800 1880 έμπιπραμένας,
825 1794 894 1856 ώστε

113 1893 182 1951 κατὰ
192 1889 292 1962 πολλὴν
302 1888 436 1948 εὐπέτειαν
449 1887 600 1969 Οὑεργίνιος
610 1887 673 1959 ὅσην
684 1888 791 1948 ἐδύνατο
804 1887 893 1947 πλείσ-

114 2006 161 2053 την
178 1984 263 2038 αὐτῶν
285 1984 333 2057 γῆν
356 1978 444 2057 κείρας
465 2000 493 2035 τε
512 1977 557 2036 καί
574 1976 779 2054 λωόησσίμενος,
802 1975 893 2046 ἐπειδὴ

115 2071 195 2138 οὐδεὶς
211 2069 275 2147 ὑπὲρ
291 2071 369 2139 αὐτῆς
383 2067 451 2146 έξήει
465 2066 631 2147 μαχόμενος,
645 2068 732 2142 ἀπῆγε
747 2066 795 2137 τήν
810 2087 893 2142 στρα-

60 2186 66 2199 ·
115 2161 184 2221 τισίν.
199 2163 363 2220 Οὐολοῦσκοι
377 2156 405 2216 δέ
420 2157 465 2216 καί
475 2156 615 2237 Ἕρνικες,
630 2155 672 2236 ἐφ’
687 2154 729 2222 οὑς
745 2158 759 2213 ὑ
776 2153 894 2219 Κάσσιος

113 2247 286 2328 ἐστράτευσε,
310 2244 419 2324 γνώμην
437 2243 483 2322 μέν
501 2244 659 2316 ἐποιήσαντο
678 2243 823 2324 δῃουμένης
847 2244 894 2310 τῆς

112 2337 203 2416 χώρας
228 2345 373 2413 περιορᾶν,
394 2335 440 2393 καί
463 2332 605 2414 συνέφυγον
621 2335 656 2398 εἰς
678 2332 724 2398 τθς
747 2331 848 2397 πολεις·
864 2330 893 2388 οὑ

116 2426 169 2501 μὴν
184 2423 318 2500 ένέμεινοίν
332 2424 355 2500 γ’
365 2426 392 2481 έν
405 2421 458 2488 τοῖς
467 2421 640 2498 ἐγνωσμένοις
651 2421 739 2500 χώρας
755 2444 782 2477 τε
794 2421 894 2497 ἀγαθῆς

117 2512 285 2592 κειρομένης,
296 2512 328 2583 ἢν
344 2514 373 2570 οὑ
387 2510 482 2591 ῥᾳδίως
497 2508 689 2580 ἀνακτήσεσθαι
706 2507 744 2566 ἔτι
760 2507 892 2580 ἤλπισαν,

65 2631 74 2666 ,—
118 2602 198 2679 οἴκτῳ
212 2598 385 2678 ὑπαχθέντες,
400 2597 445 2655 καί
461 2600 513 2660 τοῖς
523 2596 649 2676 ἐρύμασιν
667 2599 695 2655 οὑ
709 2596 810 2677 σφόδρα
830 2597 894 2674 dpu-

119 2697 173 2768 ροῑς
186 2678 274 2759 οὑσιν,
285 2689 321 2754 είς
336 2684 615 2767 δκατεπεφεόγεσαν,
629 2688 812 2757 ἀπιστοῦντες,
826 2683 895 2743 ἀλλὰ

119 2776 243 2856 πρέοόεις
256 2776 416 2835 ἀπέστειλαν
439 2775 505 2855 πρὸς
532 2774 577 2834 τδν
606 2773 705 2833 ὑπατον
726 2773 793 2854 ὑπέρ
813 2796 896 2833 κατα·

117 2866 217 2934 λύσεως
237 2872 283 2926 τοῦ
305 2861 423 2942 πολέμου
450 2862 639 2941 δεησομένους·
662 2865 824 2925 Οὐολοῦσκοι
847 2862 896 2939 μὲν

118 2955 261 3036 πρότεροι,
278 2954 323 3013 καὶ
339 2959 432 3013 θᾶττον
448 2944 519 3014 οὑτοι
533 2957 580 3026 τῆς
592 2951 698 3034 εἰρήνης
718 2953 829 3033 ἔτυχον,
849 2959 896 3032 ἀρ·

65 3075 68 3084 ·
117 3043 205 3122 γόριόν
226 3067 254 3101 τε
277 3042 379 3116 δόντες,
402 3041 462 3104 ὅσον
482 3045 569 3110 αὐτοῖς
591 3045 605 3099 ὑ
630 3041 728 3109 ὑπατος
752 3041 824 3111 ἔταξε
849 3040 896 3100 καὶ

117 3136 201 3193 τᾶλλα
223 3135 291 3193 όσων
306 3130 359 3192 ἔθει
379 3136 411 3212 τῇ
426 3140 539 3212 στρατιᾷ
564 3131 649 3190 πάντα
666 3129 895 3209 ὑπηρετήσαντες·

117 3221 162 3281 καὶ
174 3213 243 3282 οὑτοι
257 3220 304 3298 μὲν
318 3221 429 3292 ὑπήκοοι
440 3218 588 3298 Ῥωμαίοις
600 3218 705 3279 ἔσεσθαι
718 3216 894 3297 ὡμολόγησαν

117 3311 219 3376 οὐδενός
235 3309 274 3368 ἔτι
289 3308 507 3386 μεταποιούμενοι
530 3312 583 3367 τῶν
604 3308 679 3368 ίσων.
722 3306 844 3388 Ἕρνικες
867 3309 895 3368 δέ

118 3398 240 3478 ὑστεροι,
263 3397 355 3469 ἐπειδή
372 3395 574 3474 μεμονωμένους
595 3394 704 3463 έαυτοὺς
728 3385 814 3469 εἶδον,
830 3395 895 3475 ὑπὲρ

65 3539 69 3549 .
120 3489 224 3566 εἰρήνης
248 3509 276 3545 τε
300 3487 346 3544 καί
363 3487 451 3566 φιλίας
473 3485 618 3564 διελέγοντο
637 3484 703 3565 πρδς
717 3483 760 3542 τὸν
783 3483 894 3544 ὑπατον.

119 3578 153 3638 Ὁ
166 3578 194 3636 δὲ
209 3575 324 3642 Κάσσιος
336 3577 436 3647 πολλήν
446 3574 606 3655 κατηγορίαν
622 3575 686 3656 πρὸς
700 3574 759 3640 τοὺς
775 3574 897 3652 πρέσόεις

120 3664 179 3724 κατ’
202 3656 288 3721 αὐτῶν
313 3661 477 3738 διαθέμενος,
496 3666 600 3742 πρῶτον
624 3664 673 3745 ἔφη
688 3663 741 3721 δεῖν
757 3661 849 3730 αὐτοὺς
864 3663 897 3721 rit

119 3757 171 3812 τῶν
194 3750 395 3832 κεκρατημένων
419 3775 448 3810 τε
479 3751 525 3810 καί
551 3750 675 3824 ὑπηκόων
717 3752 896 3825 ποιήσαντας,

120 3840 178 3899 τότε
201 3839 367 3919 διαλέγεσθαι
390 3838 451 3919 περὶ
474 3838 576 3921 φιλίας·
604 3843 656 3897 τῶν
680 3838 708 3898 δέ
731 3840 898 3920 πρεσθευτῶν

120 3929 241 4003 ποιήσειν
254 3927 288 3987 τδι
297 3928 396 3987 δυνατδι
408 3929 454 3988 καλ
467 3930 561 4010 μέτρια
573 3928 719 4009 [εἰπόντων
728 3929 749 4012 ],
763 3930 898 3989 ἐκέλευσεν

120 4022 208 4086 αὐτοῖς
228 4015 351 4098 ἀργύριόν
371 4041 416 4092 τε,
440 4016 527 4078 θκατ’
550 4017 632 4099 ἄνδρα
653 4026 707 4087 τοῖς
725 4018 900 4098 στρατιώταις

119 4113 156 4179 εἰς
170 4108 339 4191 ὀψωνιασμὸν
354 4107 409 4177 ἔθος
427 4100 459 4181 ἦν
491 4106 517 4178 έξ
533 4111 622 4185 μηνῶν
639 4110 775 4183 δίδοσθαι,
792 4110 836 4170 καί
856 4109 900 4169 διδ

120 4199 199 4280 μηνὸς
213 4195 310 4277 τροφδις
325 4197 475 4277 ἀποφέρειν.
502 4196 575 4264 Ἕως
588 4198 611 4256 δ’
625 4196 657 4256 ἂν
673 4203 758 4257 ταῦτα
770 4198 901 4279 πορίσωσι

119 4290 197 4359 παίξας
213 4287 273 4347 τινὰ
289 4286 382 4365 χρόνον
403 4290 509 4367 ἡμερῶν
528 4287 625 4366 ἀνοχὰς
648 4290 737 4357 αὐτοῖς
754 4289 839 4348 ἐδίδου
854 4292 900 4347 τοῦ

80 4427 83 4437 .
119 4381 248 4456 πολέμου.
307 4376 548 4456 Ὑπηρετησαίντων
573 4379 598 4436 δ’
616 4380 705 4447 αὐτοῖς
728 4377 834 4438 ἅπαντα
848 4381 901 4437 τῶν

119 4469 247 4550 Ἑρνίκων
270 4466 314 4527 διδ
328 4467 425 4546 τοίχους
445 4467 491 4526 καλ
512 4466 579 4544 μετὰ
601 4467 767 4547 προθυμίας,
782 4467 827 4527 καὶ
841 4465 902 4536 τοὺς

120 4559 240 4639 περὶτῆς
256 4557 343 4639 φιλίας
365 4554 561 4634 διαλεξομένους
583 4557 797 4617 ἀποστειλάντων
811 4546 900 4627 αὑθις,

122 4649 259 4712 ἐπαινέσας
274 4645 369 4711 αὖτοὺς
383 4649 396 4704 ὑ
412 4647 529 4712 Κάσσιος
551 4647 701 4726 ἀνέπεμψεν
711 4646 754 4705 ἐπὶ
769 4644 816 4719 τὴν
836 4650 901 4727 βου·

121 4732 181 4803 λη’ν.
223 4736 286 4800 Τοῖς
300 4735 325 4792 δ’
348 4737 379 4794 ia
400 4742 445 4795 τοῦ
465 4735 599 4815 συνεδρίου
615 4733 702 4794 πολλθι
719 4733 898 4814 βουλευσαμέ-

122 4845 175 4887 νοις
192 4820 260 4890 έδοξε
277 4822 400 4902 δέχεσθαι
416 4822 463 4900 μὲν
483 4822 542 4890 τοὺς
568 4822 664 4902 ἄνδρας
685 4827 721 4890 εἰς
740 4822 844 4903 φιλίαν,
861 4825 901 4905 ἔφ’

121 4901 158 4976 οἷς
173 4908 200 4967 δέ
224 4908 378 4985 γενήσονται
392 4912 501 4979 δικαίοις
516 4914 543 4972 αἱ
566 4912 630 4990 πρὸς
646 4911 738 4980 αι’ντοὺς
759 4915 899 4985 συνθῆκαι,

122 4999 241 5061 Κάσσιον
258 4997 301 5057 τὀν
316 4996 414 5059 ὑπατον
426 5001 524 5078 γνῶναί
539 5023 567 5060 τε
582 5000 628 5060 καὶ
643 5004 754 5072 στῆσαι·
766 4999 782 5061 ὅ
795 5023 820 5059 τι
832 4998 855 5058 δ’
867 4998 899 5058 διν

121 5088 211 5167 ἐκείνῳ
226 5085 287 5163 δόξη
298 5132 305 5160 ,
318 5092 395 5147 τοῦτο
410 5079 476 5148 εἶναί
487 5112 561 5170 σφισι
576 5088 676 5169 κόριον.

160 5178 261 5240 LXIX.
285 5179 380 5238 Ταῦτα
394 5180 440 5248 τῆς
457 5181 552 5257 βουλῆς
569 5178 755 5261 ψηφισαμένης
767 5177 897 5259 ἄναστρέ-
924 5199 930 5208 ·

1659 346 1720 407 ltili

948 477 1016 541 quod
1029 480 1094 527 essct
1106 477 1236 528 discrimen
1245 478 1384 528 interhunc.
1393 482 1418 529 et
1431 481 1548 532 maiorem
1560 484 1720 550 triumphum.

944 564 990 614 llic
1007 568 1090 615 autern
1112 567 1238 629 ingressus
1255 571 1294 616 est
1315 568 1402 617 rrrbcm
1425 569 1529 631 {ectitius
1552 585 1608 621 curu
1631 576 1722 640 reliqua

945 667 990 704 sua
1003 668 1099 719 pompa.
1134 658 1214 721 Ανγυο
1226 655 1265 706 tric
1283 670 1362 707 atinus
1383 658 1418 707 ila
1432 658 1518 709 finitus
1531 665 1577 712 est.

977 1024 1087 1073 vatrt.
1105 1024 1240 1086 sequentes
1254 1023 1368 1073 eonsules
1378 1026 1500 1076 Proculus
1509 1028 1635 1092 Virginius
1646 1032 1671 1081 et
1681 1033 1723 1097 Sp.

948 1118 1049 1171 Cassius
1066 1119 1167 1169 tertium
1200 1133 1257 1169 cuin
1280 1119 1380 1170 urbanis
1395 1124 1570 1188 sociorumque
1597 1129 1674 1193 copiis
1690 1130 1720 1179 acl

947 1215 1039 1267 bellum
1052 1216 1157 1280 protecti
1169 1218 1245 1266 sunt:
1259 1220 1284 1266 et
1301 1219 1382 1269 sortiti
1399 1219 1463 1270 inter
1473 1236 1499 1273 sc
1511 1225 1657 1288 provincias,
1673 1227 1728 1277 t’ir·

947 1319 1013 1383 ginio
1025 1319 1114 1384 AEqui,
1131 1317 1217 1367 Cassio
1230 1318 1329 1369 ttemici
1343 1324 1368 1370 et
1381 1303 1466 1371 Volsci
1478 1322 1627 1387 obtigerunt.
1651 1329 1725 1393 AEqul
1763 1314 1766 1319 ¹

947 1421 1046 1479 autem,
1061 1416 1165 1466 munitis
1182 1416 1294 1481 oppidis.
1310 1419 1335 1467 et
1348 1419 1480 1469 carissimis
1495 1422 1637 1487 quibusque
1652 1423 1727 1474 rebus

947 1529 979 1565 ex
993 1514 1059 1579 agris
1071 1515 1095 1564 in
1112 1514 1202 1579 oppida
1221 1515 1394 1580 comportatis,
1406 1531 1493 1581 agrum
1514 1519 1607 1569 uastari
1621 1522 1645 1569 ci
1657 1521 1728 1571 villas

949 1613 1046 1666 incendi
1063 1615 1232 1679 patiebantur;
1247 1615 1283 1666 ita
1296 1620 1323 1666 ut
1339 1617 1464 1681 Virginius
1482 1616 1598 1669 facillime
1609 1624 1728 1685 quantam

949 1717 1081 1767 maximam
1095 1718 1176 1780 potuit
1189 1731 1274 1767 eorum
1285 1718 1335 1781 agri
1352 1722 1447 1782 piantem
1461 1720 1621 1784 popularetur
1634 1725 1660 1771 et
1675 1736 1729 1773 ras·
1814 1740 1818 1761 ¹

950 1818 1064 1876 taret‚ct,
1077 1829 1156 1878 quum
1169 1829 1240 1863 nemo
1262 1817 1292 1864 acl
1305 1830 1362 1864 euin
1378 1815 1560 1868 ‹lelcmdenclum
1577 1819 1670 1880 exiret,
1683 1832 1728 1871 eo·

949 1912 1003 1979 pias
1017 1914 1123 1963 domum
1138 1913 1272 1963 reduceret.
1308 1914 1392 1964 Volsci
1412 1928 1471 1965 vero
1488 1921 1513 1966 el
1524 1918 1632 1976 liernicl,
1644 1922 1729 1969 contra

949 2024 1013 2074 quos
1026 2011 1126 2066 Cassius
1138 2014 1192 2061 erat
1206 2008 1345 2074 proiectus,
1367 2009 1475 2072 primum
1492 2011 1592 2075 ‹puidem
1605 2011 1657 2076 agri
1673 2027 1730 2065 ras-

950 2110 1069 2158 tationem
1083 2107 1131 2172 pati
1147 2110 1302 2182 statuerant,
1320 2110 1396 2171 alque
1406 2107 1432 2157 in
1453 2109 1526 2159 urbes
1539 2107 1728 2173 confugiebant,

951 2208 1017 2257 haud
1038 2207 1162 2258 tamenin
1185 2221 1215 2257 ea
1236 2206 1356 2258 sententia
1376 2209 1577 2269 permanserunt,
1598 2209 1652 2257 tum
1671 2208 1730 2273 quia

950 2318 1022 2367 mrpuo
1037 2305 1119 2355 aniano
1131 2303 1194 2354 terre
1207 2319 1254 2353 non
1268 2308 1381 2368 poterant
1400 2302 1505 2354 sertitem
1521 2318 1608 2368 agrum
1629 2306 1730 2361 vastari,

951 2416 1026 2465 quem
1040 2418 1088 2452 non
1102 2402 1172 2453 tacite
1186 2403 1292 2466 amplius
1305 2417 1319 2451 a
1330 2415 1356 2451 se
1372 2404 1481 2465 reparari
1493 2416 1564 2467 possa
1586 2403 1730 2467 sperabant,

952 2505 1006 2554 tum
1022 2503 1112 2557 etiam,
1132 2501 1190 2565 quia
1213 2501 1264 2551 suis
1287 2499 1463 2549 munitionibus
1487 2514 1577 2563 parurn
1594 2502 1687 2560 firmis,
1707 2501 1730 2551 in

951 2613 1015 2663 quas
1031 2597 1203 2659 conlugerant,
1227 2596 1328 2646 minime
1349 2595 1457 2645 sidebant
1482 2615 1489 2645 :
1518 2594 1563 2647 scd
1585 2595 1680 2659 legatos
1700 2598 1732 2647 ad

953 2697 1077 2745 consulem
1092 2696 1229 2759 miserunt,
1250 2707 1335 2758 pacem
1349 2693 1485 2757 petituros;
1508 2693 1615 2756 primum
1630 2694 1732 2758 (puidam

953 2794 1048 2851 l'olsci,
1070 2799 1096 2844 et
1121 2793 1217 2845 facilius
1247 2795 1287 2844 isti
1308 2808 1394 2858 pacem
1426 2795 1605 2858 irnpctrarunt,
1628 2797 1732 2860 pecunia

953 2894 1049 2945 consuli
1066 2895 1206 2959 persoluta,
1222 2896 1315 2957 quanta
1335 2894 1454 2956 imperata
1477 2893 1575 2954 suerat,
1593 2898 1619 2943 et
1642 2908 1733 2959 suppe-

954 2992 1038 3043 ditatis
1058 2992 1147 3043 ceteris
1172 2991 1262 3049 rebus,
1277 3005 1332 3055 quur
1349 2990 1468 3041 exercitui
1489 2992 1633 3042 necessariae
1652 2996 1731 3044 erant.
1778 3062 1783 3069 Ὶ

955 3093 1035 3154 Atque
1048 3090 1075 3140 hi
1085 3089 1252 3154 promiserunt
1262 3103 1302 3148 se,
1317 3089 1399 3154 populi
1412 3090 1512 3139 itomani
1522 3089 1624 3153 imperio
1635 3091 1732 3141 subice·

954 3191 1009 3247 tos,
1019 3187 1051 3239 cle
1060 3189 1127 3238 nulla
1144 3188 1206 3238 iuris
1219 3187 1386 3250 equanttitate
1400 3200 1458 3237 curn
1471 3199 1500 3237 eo
1517 3186 1623 3251 anrptlns
1637 3190 1735 3238 conten·

954 3290 1024 3337 turos
1039 3301 1101 3337 esse.
1116 3287 1210 3336 Deinde
1222 3287 1338 3346 tiernici,
1356 3287 1399 3336 ubi
1419 3299 1473 3336 sea
1494 3284 1587 3338 celeris
1602 3287 1734 3339 destitutos

952 3385 1081 3442 ciderunt,
1097 3385 1127 3434 cle
1146 3398 1205 3448 pace
1218 3387 1244 3434 et
1262 3384 1370 3434 amicitia
1386 3397 1443 3433 euin
1456 3384 1557 3434 consula
1576 3388 1687 3448 egerunt.
1702 3387 1734 3436 tt

954 3482 1068 3542 Cassius,
1085 3481 1157 3543 longa
1181 3481 1291 3530 oratione
1313 3481 1379 3544 apud
1396 3480 1490 3544 legatos
1508 3485 1625 3530 accusata
1648 3496 1733 3535 corum

953 3582 1041 3644 genle,
1063 3578 1188 3642 respondit
1213 3578 1281 3642 prins
1304 3578 1353 3629 iltis
1377 3578 1504 3640 iacienda,
1539 3592 1597 3643 quae
1630 3581 1733 3644 populos

955 3678 1035 3727 uictos
1056 3680 1081 3727 et
1102 3677 1220 3726 subactos
1233 3675 1313 3726 lacere
1335 3675 1424 3740 decet,
1440 3680 1516 3740 atque
1537 3677 1572 3725 ila
1589 3675 1690 3728 demum
1702 3678 1733 3729 de

955 3773 1063 3825 amicitia
1077 3773 1208 3837 agendum.
1243 3773 1308 3823 cnm
1318 3777 1402 3824 aulem
1419 3771 1495 3836 legati
1507 3772 1627 3832 dicerent,
1644 3787 1670 3824 se
1683 3773 1735 3824 lao-

956 3877 1041 3935 turos,
1060 3871 1128 3936 quod
1139 3870 1193 3922 steri
1212 3873 1297 3935 posset
1314 3884 1396 3936 neque
1415 3869 1519 3921 modum
1533 3871 1668 3923 excederet
1686 3871 1735 3923 iltis

956 3987 999 4024 sex
1013 3973 1134 4022 mensium
1152 3971 1292 4035 pecuniam,
1313 3984 1369 4034 quae
1387 3970 1508 4022 militibus
1519 3971 1612 4022 uiritim
1630 3986 1675 4037 pro
1689 3973 1736 4024 sti·
1767 3981 1769 3985 ’

954 4072 1044 4137 pondio
1061 4070 1186 4121 numerari
1198 4069 1274 4129 solet,
1288 4072 1314 4121 et
1325 4074 1479 4121 commeatus
1492 4071 1517 4122 in
1528 4086 1607 4122 unum
1626 4085 1736 4123 mensem

956 4170 1095 4234 imperarit.
1130 4166 1167 4217 Aci
1182 4181 1239 4232 quae
1251 4167 1360 4231 paranda
1370 4167 1467 4231 aliquot
1484 4168 1582 4219 dicrum
1594 4168 1736 4232 praestituto

956 4268 1080 4329 tempore,
1093 4264 1141 4314 iltis
1154 4264 1266 4314 inducias
1279 4264 1407 4315 noncessit.
1442 4267 1525 4323 Quum
1537 4269 1620 4316 autern
1636 4263 1735 4316 Hernici

956 4363 1037 4413 omnia
1049 4363 1163 4413 celeriter
1184 4367 1209 4412 et
1224 4363 1338 4413 alacriter
1354 4363 1403 4413 illis
1418 4363 1617 4423 ministrassent,
1630 4367 1654 4412 et
1669 4362 1734 4427 lega·

958 4470 995 4514 tos
1006 4464 1038 4514 de
1050 4464 1158 4514 artricitia
1175 4467 1275 4515 acturos
1292 4463 1381 4514 iterum
1397 4464 1536 4523 misissent,
1552 4463 1652 4513 Cassius
1666 4476 1735 4513 cosa

958 4579 984 4615 se
997 4564 1111 4615 laudatos
1131 4564 1164 4614 ad
1182 4569 1294 4615 senatum
1309 4565 1412 4615 remisit.
1451 4563 1568 4615 Patribus
1583 4567 1665 4612 autem
1680 4565 1735 4625 post

957 4661 1053 4728 longam
1065 4663 1270 4713 consultationem
1284 4663 1376 4727 placuit
1392 4676 1434 4712 eos
1450 4664 1475 4712 in
1488 4661 1622 4711 amicitiam
1643 4657 1733 4719 rccipi;

956 4774 1043 4811 verum
1068 4761 1098 4811 de
1118 4760 1301 4811 conditionibus
1320 4763 1346 4811 el
1361 4760 1456 4824 legibus
1480 4758 1602 4808 loederum
1621 4755 1735 4803 Cassium

955 4861 1080 4911 consulem
1103 4874 1263 4925 cognoscere,
1285 4872 1376 4922 easque
1397 4859 1561 4911 constituore;
1576 4850 1733 4916 etquidquid

955 4956 990 5007 illi
1003 4958 1149 5021 placuisset,
1162 4957 1188 5007 id
1202 4972 1217 5008 a
1231 4972 1257 5008 se
1270 4960 1350 5007 ratum
1367 4953 1462 5005 haberi.

988 5187 1071 5237 axtx.
1090 5185 1164 5236 Facto
1181 5183 1230 5235 hoe
1243 5174 1473 5234 senatusconsulto,
1489 5173 1590 5223 Cassius
1607 5173 1631 5224 in
1646 5169 1732 5220 urbem

1531 5259 1570 5302 32.
