3772 5828
682 305 850 366 ntoutstt
876 304 1255 369 utttcattuassuusts

709 498 915 561 EXCERPTA
938 500 992 560 EX
1013 499 1125 563 ttauo
1146 503 1228 564 xtx.

205 669 230 726 1.
251 665 314 738 (Π,
341 665 383 745 ί).
405 662 472 725 Ὀτι
496 665 604 748 Κρότων
624 666 700 733 πόλις
720 667 746 724 έν
764 664 867 747 Ἰταλίᾳ
885 665 944 726 tart
969 674 975 752 Ι
1031 676 1052 725 l.
1066 674 1368 737 (ttcrotociritaaltalite
1376 675 1790 742 est;Sybarisitcm,quoeuomea

165 755 211 814 καλ
227 752 361 834 Σύύαρις,
378 753 489 813 ἀπὸτοῦ
508 755 703 836 παραρρέοντος
720 758 842 831 ποταμοῦ
862 752 943 821 οὕτως

165 844 303 913 κληθεῖσα.

216 929 284 991 Ὀτι
311 929 515 1008 Λακεδαιμόνιοι
551 929 676 1001 Μεσήνην
707 930 870 1008 ἐπολέμουν,
899 929 945 989 καῖ

124 1038 137 1077 o
165 1025 247 1101 χῆρος
274 1021 374 1099 ἀνδρῶν
398 1020 511 1091 ἡπόλις
533 1010 580 1090 ἦν,
607 1017 742 1093 δεομέναις
763 1018 821 1086 ταῖς
844 1018 945 1097 γυναιξὶ

165 1112 211 1167 καί
227 1110 344 1186 μάλιστα
369 1116 426 1175 ταῖς
449 1109 475 1166 ῖν
499 1109 574 1186 ἀκμῇ
597 1107 736 1185 παρθένοις
756 1106 794 1184 μὴ
820 1107 945 1187 περιιδεῖν

165 1198 212 1265 τὰς
223 1198 271 1273 μίν
288 1197 421 1274 ἀγάμους,
438 1195 484 1263 τάς
499 1195 526 1256 δέ
542 1194 665 1263 ἀτέκνους
682 1194 840 1273 γενομένας,
856 1195 945 1271 ἀπέμ-

165 1286 245 1345 ποντά
260 1309 328 1352 τινες
343 1285 383 1345 ἀεὶ
399 1283 451 1342 νέοι
466 1281 605 1362 παραλλάξ
628 1282 682 1341 άπὸ
697 1289 743 1341 τοῦ
766 1282 944 1362 στρατοπέδου

164 1376 212 1444 τῆς
227 1373 322 1447 μίξεως
341 1376 394 1431 τῶν
410 1375 540 1450 γυναικῶν
564 1370 657 1444 ἕνεκα,
680 1371 725 1429 καὶ
750 1371 881 1452 συνῄεσαν
904 1363 946 1439 αἶς

112 1466 138 1504 ¹⁰
165 1461 326 1540 ἐπιτύχοιεν·
340 1463 370 1519 έκ
388 1460 484 1519 τούτων
505 1457 619 1537 γίνονται
635 1460 687 1515 τῶν
707 1458 868 1536 ἀδιαιρέτων
882 1460 944 1517 έπε-

166 1547 259 1625 μιξιῶν
283 1548 393 1618 παῖδες,
421 1545 465 1613 οθς
490 1546 666 1623 ἀνδρωθέντας
685 1549 709 1605 ol
740 1547 945 1624 Λακεδαιμόνιοι

165 1635 378 1716 προεπηλάκιζον
395 1635 429 1694 τά
449 1657 477 1692 τε
497 1634 566 1693 ἄλλα
583 1634 629 1693 καὶ
649 1637 797 1714 Παρθενίας
811 1636 944 1714 προσηγό-

167 1746 251 1803 ρευον.
269 1757 309 1770 -
332 1724 374 1804 (θ)
391 1723 516 1791 Στάσεως
531 1723 558 1781 δὲ
573 1724 731 1802 γενομένης,
748 1725 901 1798 ἡττηθέντες
920 1726 944 1783 οἱ

164 1812 304 1891 παρθενίαι
321 1814 503 1892 ἀναχωροῦσιν
526 1813 627 1878 ἑκόντες
650 1815 680 1871 έκ
701 1817 749 1884 τῆς
771 1813 884 1880 πόλεως·
899 1816 944 1871 καί

113 1917 136 1954 ιε
164 1898 317 1980 πέμψαντες
331 1904 367 1968 εἷς
381 1897 517 1981 Δελροθς,
545 1898 666 1979 χρησμὸν
688 1898 783 1958 ἔλαθον
808 1900 885 1958 πλεῖν
909 1901 944 1967 εἶς

166 1985 302 2062 Ἰταλίαν,
319 1986 469 2069 ἐξευρόντας
485 1988 511 2046 δὲ
533 1991 631 2070 χωρίον
647 1992 693 2059 τῆς
707 1986 842 2066 Ἰαπυγίας
857 1987 944 2048 Σατύ-

165 2099 218 2153 ρεον
236 2078 281 2136 καὶ
307 2076 426 2154 ποταμὸν
452 2076 600 2155 Τάραντα,
627 2075 678 2136 ἔνθ’
705 2075 737 2134 ἂν
758 2075 834 2135 ἴδωσι
848 2075 944 2155 τράγον

164 2169 198 2244 τῇ
224 2165 341 2244 θαλάττῃ
365 2163 492 2243 τέγγοντα
510 2167 541 2222 τὸ
563 2163 681 2241 γένειον,
705 2164 760 2221 ἐκεῖ
786 2161 846 2230 τοὺς
874 2165 945 2244 βίους

163 2251 332 2335 ἱδρύσασθαι.
376 2251 543 2318 Πλεύσαντες
560 2253 587 2311 δὲ
600 2254 644 2310 τόν
659 2275 687 2310 τε
700 2252 819 2329 ποταμόν
830 2251 943 2330 ἐξεῦρον,

110 2346 137 2385 ²⁰
164 2343 210 2399 καὶ
225 2342 294 2401 κατά
310 2364 378 2409 τινος
390 2344 489 2420 ἐρινεοῦ
504 2340 616 2411 πλησίον
638 2344 684 2410 τῆς
706 2341 839 2412 θαλάττης
859 2364 944 2422 περυ-

164 2428 239 2496 κάτος
256 2429 373 2506 άμπελαν
389 2429 533 2488 ἐθεάσαντο
548 2429 789 2508 κατακεχυμένην,
806 2427 833 2497 ίξ
846 2419 879 2500 ἧς
891 2432 944 2487 τῶν

165 2518 312 2598 ἕπετράγων
349 2541 388 2583 τις
416 2517 569 2592 καθειμένος
593 2516 693 2588 ἥπτετο
724 2521 772 2588 τῆς
800 2518 942 2589 θαλάττης.

164 2609 253 2667 Τοῦτο
276 2605 455 2673 ύπολαῦόντες
478 2596 545 2663 εῖναι
567 2605 611 2664 τὸν
636 2606 746 2687 τράγον,
769 2605 797 2664 ὃν
821 2606 945 2686 προεῖπεν

165 2697 253 2763 αὐτοῖς
265 2699 279 2753 ό
289 2695 343 2762 θεὸς
356 2697 465 2774 ὄψεσθαι
480 2692 608 2773 τέγγοντα
621 2694 651 2752 τὸ
661 2696 758 2773 γε’νειον
772 2718 805 2774 τη
816 2694 943 2774 θαλάττῃ,

164 2786 245 2844 αὐτοῦ
270 2783 391 2859 μένοντες
414 2784 558 2860 ἐπολέμουν
579 2783 724 2861 Ἰάπυγας,
746 2783 790 2842 καὶ
809 2783 942 2866 ἱδρύονται

164 2870 212 2944 τὴν
228 2871 367 2948 ἐπώνυμον
386 2876 432 2931 τοῦ
446 2876 566 2946 ποταμοῦ
586 2871 725 2950 Τάραντος
745 2871 822 2930 πόλιν
840 2872 941 2932 Αηεθν.

205 2962 244 3021 tl.
271 2962 338 3036 (Π,
361 2957 395 3038 3)
423 2959 607 3039 Ἀρτήμιδηςό
627 2958 775 3024 Χαλκιδεὺς
800 2959 887 3036 λόγιον
907 2950 943 3019 εί·

164 3070 221 3128 χεν,
236 3047 287 3105 ἔνθ’
302 3046 332 3105 διν
345 3046 407 3125 εθρη
417 3045 462 3103 τὸν
473 3046 570 3124 ἄρρενα
582 3046 631 3104 ὑπὸ
645 3049 692 3115 τῆς
703 3045 808 3117 θηλείας
820 3047 944 3123 ὀπυιέμε-

164 3162 223 3212 νον,
248 3136 338 3195 αὐτόθι
364 3141 449 3211 μένειν
472 3132 519 3192 καί
543 3133 639 3209 μηκέτι
665 3132 824 3210 προσωτέρω
847 3136 942 3192 πλεῖν·

165 3227 280 3291 πλεύσας
302 3224 330 3282 δὲ
355 3222 416 3303 περὶ
436 3223 467 3282 τὸ
483 3222 648 3281 Παλλάντιον
667 3224 713 3291 τῆς
740 3219 876 3294 Ἰταλίας,
898 3222 943 3281 καὶ

164 3313 225 3372 ἰδὼν
238 3315 355 3390 ἄμπελον
369 3312 478 3396 [ἐρινεῷ
490 3309 750 3390 περιπεπλεγμένην,
765 3310 810 3367 καί
821 3310 944 3382 ἐννοήσας

165 3404 270 3474 θήλειαν
297 3402 344 3479 μὲν
368 3392 435 3460 εἶναι
461 3400 509 3473 τὴν
534 3400 684 3478 ἄμπελον],
715 3398 811 3477 άρρενα
843 3399 871 3457 δὲ
900 3402 943 3458 τὸν

165 3494 281 3572 ἐρινεὸν,
305 3490 394 3570 ὀχείαν
415 3491 443 3549 δέ
467 3489 514 3560 τὴν
531 3488 693 3570 πρόσφυσιν,
711 3486 785 3554 τέλος
807 3487 877 3568 ἔχειν
900 3487 943 3548 τὸν

147 3582 285 3663 ,χρησμὸν
301 3578 433 3638 ὑπέλαθε·
457 3578 502 3637 καί
526 3577 584 3643 τοῦς
609 3576 770 3655 κατέχοντας
795 3577 839 3635 τὸν
863 3576 943 3635 τόπον

167 3669 315 3749 βαρῦάρους
330 3667 450 3727 ἐκῖαλὼν
469 3670 545 3730 οἰκεῖ.
561 3665 668 3746 Ῥήγιον
684 3671 698 3724 ό
713 3666 793 3733 τόπος
808 3668 943 3738 καλεῖται,

166 3758 211 3817 εἴθ’
227 3758 267 3817 ότι
289 3757 414 3820 σκόπελος
429 3747 462 3827 ἦν
478 3754 619 3834 ἀπορρὼξ,
639 3755 686 3813 εἴθ’
707 3757 747 3813 ότι
769 3754 839 3813 κατὰ
852 3759 943 3812 τοῦτον

166 3853 183 3920 ἡ
199 3854 233 3927 γῆ
249 3847 293 3906 τὸν
309 3847 388 3907 τόπον
405 3847 503 3926 ἐρράγη
528 3846 572 3903 καὶ
592 3846 727 3917 διέστησεν
747 3844 799 3902 ἀπὸ
813 3848 861 3914 τῆς
876 3842 943 3903 Ἰτα-

165 3938 222 4002 λίας
237 3936 285 4007 τὴν
301 3936 407 4016 ἀντικρύ
424 3935 563 4007 Σικελίαν,
579 3935 630 3993 είτε
644 3933 688 3992 ὑπ’
708 3932 798 4011 ἀνδρὸς
816 3931 943 3991 δυνάστου

166 4026 265 4096 ταύτην
278 4025 382 4105 ἔχοντος
398 4024 446 4095 τὴν
462 4023 652 4102 προσηγορίαν.
668 4022 768 4082 Atttbr.

209 4115 260 4171 ΙΙΙ.
289 4118 349 4185 (ti,
375 4117 405 4187 ί)
431 4112 576 4192 Λευκίππῳ
601 4114 638 4189 τῷ
656 4109 858 4190 Λακεδαιμονίῳ
877 4134 943 4167 πυν-

167 4200 314 4279 θανομένῳ,
330 4202 394 4258 ὅπου
417 4198 583 4280 πεπρωμένῳ
605 4199 881 4277 saepememorati
899 4198 944 4258 καὶ

165 4291 287 4368 τοῖςπερὶ
303 4291 393 4360 αὐτὸν,
406 4291 517 4368 ἔχρησεν
533 4292 546 4346 δ
558 4287 612 4355 θεὸς
623 4291 696 4345 πλεῖν
710 4285 757 4363 μέν
767 4291 802 4355 είς
814 4287 943 4361 Ἰταλίαν,

166 4384 214 4458 γῆν
229 4379 255 4436 δὲ
279 4380 401 4450 οἰκίζειν,
417 4381 453 4444 εἰς
474 4379 506 4449 ἣν
529 4378 560 4435 ἂν
586 4377 759 4455 καταχθέντες
781 4378 882 4455 ἡμέραν
898 4378 943 4435 καὶ

166 4468 247 4526 νύκτα
262 4470 385 4543 μείνωσι·
402 4466 578 4545 καταχθέντος
590 4467 616 4524 δὲ
629 4472 673 4524 τοῦ
687 4465 780 4525 στόλου
796 4465 856 4543 περί
873 4467 944 4525 Καλ·

126 4574 134 4589 '
165 4559 268 4617 λίπολιν
287 4555 396 4614 ἐπίνειόν
422 4580 447 4612 τι
466 4562 517 4613 τῶν
536 4556 722 4635 Ταραντίνων,
749 4555 870 4632 ἀγασθεὶς
897 4559 943 4614 τοῦ

165 4645 261 4727 χωρίου
287 4643 427 4722 τὴνφύσιν
451 4649 464 4701 ὁ
485 4644 641 4711 Λεύκιππος
664 4643 747 4701 πείθει
768 4643 944 4722 Ταραντίνους

166 4734 339 4814 συγχωρῆσαί
355 4757 442 4814 σρισιν
458 4736 559 4812 ἡμέραν
577 4735 667 4793 αὐτόθι
688 4736 731 4791 καὶ
745 4733 826 4792 νύκτα
842 4732 943 4792 ἐναυλί-

166 4831 271 4884 σασθαι.
316 4825 362 4891 Ὠς
377 4823 404 4882 δέ
420 4824 524 4889 πλείους
539 4824 637 4904 ἡμέραι
665 4825 769 4895 διῆλθον
804 4822 941 4889 ἀξιούντων

166 4915 257 4979 αὐτούς
273 4915 379 4972 ἀπιέναι
401 4918 452 4972 τῶν
475 4913 664 4992 Ταραντίνων,
690 4917 718 4972 οὐ
744 4920 881 4991 προσεῖχεν
897 4912 942 4967 αὖ·

109 5016 136 5050 50
165 5011 216 5066 τοῖς
229 5004 272 5060 τὸν
287 5008 375 5061 νοῦνό
397 5001 566 5078 Λεύκιππος,
594 5001 658 5079 παρ’
683 5001 786 5061 ἐκείνοιν
810 4999 941 5078 εἷληρέναι

164 5089 246 5167 λέγων
260 5090 307 5161 τὴν
323 5094 371 5167 γῆν
388 5091 447 5147 καθ’
462 5089 600 5168 ὁμολογίας
616 5092 650 5155 είς
672 5089 773 5167 ἡμέραν
790 5090 834 5146 καὶ
849 5090 938 5145 νύκτα·

999 776 1015 813 a
1027 761 1216 827 preterlabente
1228 765 1303 815 llario
1319 764 1369 816 tale
1384 764 1489 830 accepit.

1032 937 1066 998 (t)
1088 939 1174 1002 Quum
1198 939 1376 991 lacedemonii
1401 944 1537 993 Messanam
1562 940 1631 993 bello
1656 954 1789 1008 peraeque·

1000 1029 1094 1088 rentur,
1124 1030 1260 1092 spartaque
1282 1029 1345 1080 viris
1372 1035 1475 1092 careret,
1498 1034 1588 1095 rogatu
1614 1034 1789 1082 matronarum

999 1115 1177 1181 praecipueque
1194 1116 1315 1181 puberum
1327 1117 1461 1183 virginum,
1474 1132 1505 1169 ne
1520 1119 1632 1170 sinerent
1649 1119 1789 1184 sequidem

1000 1201 1126 1268 innuptas,
1142 1204 1197 1255 illas
1211 1218 1270 1255 vero
1285 1206 1391 1268 steriles,
1408 1207 1624 1259 submittebantur
1635 1208 1733 1272 jugiter
1744 1208 1788 1259 ali-

1001 1295 1062 1354 quot
1071 1291 1177 1355 juvenes
1189 1292 1331 1344 alternatim
1344 1308 1359 1345 e
1372 1295 1470 1356 castris,
1482 1295 1524 1359 qui
1537 1295 1724 1348 consuetudine
1736 1310 1788 1347 mu·

1000 1378 1089 1430 lterum
1108 1383 1252 1445 uterentur3
1266 1387 1343 1446 atque
1357 1383 1384 1432 hi
1396 1395 1449 1433 rem
1463 1383 1588 1434 habebant
1602 1397 1662 1434 cnm
1676 1385 1719 1446 iis,
1732 1398 1787 1448 quea

1000 1470 1063 1522 torte
1078 1472 1250 1524 occurrebant.
1266 1476 1301 1538 (3)
1320 1477 1355 1525 Ex
1372 1474 1412 1526 bis
1426 1474 1526 1525 incertis
1537 1475 1635 1538 nuptiis
1648 1479 1788 1527 nascuntur

1000 1558 1072 1611 liberi
1095 1562 1148 1626 qui,
1171 1566 1302 1627 postquam
1320 1562 1490 1623 adoleverunt,
1509 1576 1566 1613 cam
1587 1563 1660 1613 vario
1681 1563 1787 1615 ludibrio

1001 1661 1016 1697 a
1027 1647 1220 1701 lacedemoniis
1233 1649 1396 1712 habebantur,
1409 1654 1463 1701 tum
1476 1651 1550 1700 etiam
1564 1652 1708 1702 Parthenii
1717 1653 1784 1703 snot-

1002 1737 1126 1789 tabautur.
1145 1739 1180 1802 tt)
1199 1739 1324 1790 seditione
1336 1739 1453 1801 excitata,
1470 1739 1530 1789 victi
1550 1740 1681 1791 Parthenii
1699 1746 1785 1806 sponte

1001 1838 1032 1875 ex
1050 1826 1111 1877 urbe
1130 1831 1300 1890 secesserunt,
1314 1829 1439 1892 missaque
1455 1828 1565 1892 Delphos
1577 1828 1713 1894 legatione,
1727 1845 1787 1882 ora·

1000 1915 1085 1964 culum
1099 1916 1223 1966 redditum
1235 1920 1282 1975 est,
1297 1917 1361 1968 utin
1374 1917 1472 1967 ltaliam
1482 1917 1641 1981 navigarent3
1654 1922 1734 1984 atque
1745 1920 1786 1970 ubi

1002 2001 1033 2052 ad
1052 2003 1134 2053 locum
1158 2005 1262 2069 Iapygiae
1286 2003 1412 2067 satyriam
1436 2004 1589 2069 fluviumque
1607 2009 1720 2058 Taranta
1744 2009 1784 2058 vi-

1001 2090 1084 2141 derint
1098 2106 1202 2157 caprum
1224 2092 1286 2142 mari
1311 2091 1413 2142 barbam
1432 2093 1584 2156 tingentem,
1603 2093 1639 2144 ibi
1659 2095 1785 2146 coloniam

1002 2181 1152 2232 conderent.
1172 2180 1209 2245 to)
1224 2183 1310 2244 itaque
1325 2193 1401 2247 cursu
1416 2181 1498 2231 navali
1512 2181 1616 2233 durium
1629 2182 1696 2232 nacti
1709 2187 1785 2245 sunt,

1001 2269 1165 2335 caprifiooque
1172 2271 1245 2333 Juxta
1258 2282 1328 2319 mare
1341 2269 1452 2332 surgenti
1461 2269 1538 2321 vitem
1550 2269 1717 2320 observarunt
1728 2273 1782 2321 cir-

1001 2370 1059 2407 cum
1072 2357 1194 2420 volutam,
1207 2371 1239 2408 ex
1253 2371 1304 2421 quo
1321 2355 1488 2408 carbunculus
1505 2356 1624 2409 demimus
1636 2371 1705 2408 mare
1719 2361 1781 2410 tan·

1001 2445 1081 2510 gebat.
1097 2447 1132 2510 tt)
1150 2448 1222 2497 Hunc
1236 2446 1408 2497 existimantes
1424 2459 1537 2510 caprum,
1554 2459 1628 2511 quem
1644 2445 1694 2497 illis
1708 2449 1783 2499 Deus

1003 2537 1161 2601 praedixerat,
1182 2538 1315 2602 tingentem
1334 2536 1397 2588 mari
1417 2535 1532 2598 barbam,
1551 2536 1588 2588 ibi
1605 2538 1784 2603 subsistentes,

1003 2625 1133 2690 iapygibus
1151 2625 1216 2675 bello
1241 2625 1328 2687 vietis,
1351 2622 1458 2675 ίυιιθεειε
1475 2625 1564 2676 urbem
1582 2628 1719 2677 Tarentum
1737 2627 1788 2679 sub

1002 2711 1145 2776 cognomine
1157 2710 1234 2763 ssuvfi.

1032 2960 1064 3008 lt
1088 2958 1123 3020 (t)
1142 2956 1263 3008 Artimedi
1284 2956 1438 3008 chalcidensi
1456 2959 1586 3009 oracutum
1603 2958 1702 3010 editum
1721 2965 1785 3021 erat,

1000 3063 1042 3113 ubi
1056 3062 1158 3112 vidisset
1175 3064 1314 3113 masculum
1330 3077 1387 3113 cum
1402 3063 1491 3113 lamina
1512 3063 1622 3121 unitum,
1636 3065 1671 3115 ibi
1686 3067 1723 3115 uti
1736 3081 1787 3116 ma·
1815 3085 1817 3089 ¹

1000 3173 1079 3228 neret,
1101 3182 1147 3218 uec
1162 3167 1257 3232 longius
1270 3170 1415 3232 navigaret:
1434 3170 1491 3218 navi
1503 3172 1588 3219 autem
1606 3185 1685 3235 prope
1699 3173 1780 3223 ltaliae

1001 3274 1150 3324 Pallantium
1164 3279 1254 3333 stante,
1273 3275 1349 3324 ritem
1371 3277 1501 3341 conspexit
1516 3276 1643 3340 caprifico
1660 3281 1788 3330 similiter

999 3383 1175 3445 complexum.
1192 3382 1225 3443 (2)
1238 3381 1279 3431 Sic
1290 3382 1406 3431 seminam
1416 3381 1537 3433 indicavit
1546 3382 1634 3441 ritem,
1643 3386 1786 3438 masculum

1001 3487 1152 3552 caprificum,
1168 3488 1261 3537 coitum
1273 3486 1448 3550 adtiaesionem,
1463 3487 1586 3553 tinemquc
1603 3489 1667 3540 adea
1682 3492 1787 3543 oraculo

1000 3594 1151 3658 impositum.
1171 3598 1204 3658 (3)
1221 3594 1340 3658 Rhegium
1357 3594 1427 3645 iocus
1443 3599 1555 3656 vocatur,
1575 3595 1629 3644 sire
1647 3597 1707 3658 quia
1727 3612 1786 3648 sco·

999 3706 1074 3767 putus
1086 3708 1139 3755 crat
1153 3704 1282 3767 abruptus,
1294 3703 1346 3752 sive
1359 3702 1418 3766 quia
1432 3702 1455 3751 in
1468 3715 1498 3751 ea
1512 3702 1603 3752 vicinia
1615 3703 1692 3752 teitus
1706 3706 1786 3756 scissa

999 3813 1046 3868 est,
1063 3812 1224 3871 separatuque
1243 3808 1313 3857 ltalia
1328 3808 1359 3857 ab
1376 3806 1482 3856 adversa
1496 3806 1590 3868 Sicilia,
1607 3806 1661 3857 sive
1677 3811 1739 3871 quia
1754 3811 1789 3860 ab

999 3913 1082 3976 aliquo
1093 3912 1140 3961 loci
1148 3911 1252 3974 dynasta
1266 3925 1353 3962 nomen
1365 3912 1494 3976 acceperit.

1030 4117 1064 4165 ill
1076 4114 1110 4178 (t)
1125 4114 1248 4177 leucippo
1258 4112 1442 4162 Lacedaemonio
1456 4113 1552 4175 roganti
1563 4111 1663 4161 ubinam
1677 4113 1731 4163 tate
1742 4114 1787 4164 de·

999 4208 1127 4254 cernerent
1141 4202 1225 4252 sedem
1242 4202 1347 4252 condere
1359 4200 1406 4250 sibi
1424 4204 1449 4250 et
1467 4201 1550 4256 sociis,
1565 4200 1694 4264 respondit
1710 4205 1784 4253 Deus

998 4294 1022 4344 in
1042 4293 1135 4342 ltaliam
1150 4306 1226 4340 tiaras
1239 4291 1364 4352 dirigeret,
1379 4288 1500 4337 coloniam
1513 4288 1547 4337 ibi
1559 4292 1722 4347 construeret,
1735 4291 1783 4340 ubi

998 4384 1064 4433 diem
1080 4382 1187 4441 itemque
1200 4384 1298 4428 nirctcm
1313 4377 1427 4427 conducti
1442 4377 1597 4425 mansissent.
1617 4379 1648 4435 tt)
1664 4377 1779 4427 Classem

999 4486 1073 4536 {tropo
1089 4469 1225 4531 Callipolim
1240 4481 1316 4530 quum
1336 4465 1488 4529 appulissent
1506 4464 1536 4512 ad
1557 4463 1642 4512 navaie
1658 4466 1781 4516 Tarenti-

997 4575 1093 4618 norum,
1114 4559 1216 4607 uitiatus
1238 4556 1286 4605 loci
1305 4554 1438 4603 bonitatem
1457 4553 1606 4616 Leucippus,
1626 4553 1745 4616 impetrat
1767 4571 1782 4604 u

997 4648 1135 4698 Tarentinis
1149 4649 1189 4709 jus
1202 4646 1248 4695 sibi
1261 4649 1286 4693 et
1298 4643 1350 4692 suis
1363 4642 1395 4691 ibi
1406 4641 1472 4690 diem
1486 4641 1598 4703 itemque
1611 4644 1708 4690 noctem
1725 4656 1783 4694 nio-

998 4738 1073 4786 ramli.
1093 4737 1127 4799 (3)
1148 4738 1240 4785 l'erunr
1256 4733 1366 4797 pluribus
1378 4732 1428 4794 jam
1448 4730 1537 4779 diebus
1555 4732 1696 4787 transactis,
1718 4731 1780 4781 bor-

997 4828 1107 4878 tuutibus
1122 4825 1153 4874 ad
1172 4825 1309 4873 discessum
1325 4819 1472 4878 Tarentinis,
1485 4822 1593 4868 mentem
1614 4833 1658 4867 eos
1677 4820 1707 4868 ad
1728 4836 1779 4872 uun

996 4917 1085 4965 direxit
1099 4916 1249 4978 Leucippus,
1263 4913 1348 4975 aitque
1359 4925 1386 4961 sc
1400 4911 1430 4959 ab
1451 4910 1481 4958 iis
1502 4909 1630 4973 sponsione
1649 4911 1780 4971 accepisse

997 5020 1049 5055 eum
1063 5009 1151 5053 terram
1162 5003 1200 5051 die
1215 5005 1239 5051 et
1250 5005 1323 5050 nocte
1336 4998 1489 5049 incolendam
1501 5019 1507 5046 :
1521 4999 1555 5061 (t)
1567 5011 1644 5060 quare
1655 4998 1777 5058 airamdtu

996 5097 1143 5145 atterutrum
1160 5094 1233 5152 esset,
1251 5091 1316 5140 nolle
1331 5103 1357 5139 se
1375 5088 1512 5137 atrsceterc.
1537 5085 1670 5144 Tarentini,
1688 5085 1731 5135 ubi
1750 5100 1779 5135 se
