3772 5828
611 446 902 536 asrloul'larunl
924 450 1072 513 ROMAN.
1097 456 1170 515 LIB.
1200 459 1238 518 X.

117 572 134 644 ἢ
148 577 202 639 τοῖς
216 572 349 653 προτέροις
364 574 419 642 ἔθος
431 558 479 647 ήν,
497 573 610 644 ὑπάτους
626 576 764 647 άπίδειξαν
777 578 891 641 Ἄππιον

119 663 248 723 Κλαύδιον
263 663 309 720 καὶ
321 660 402 722 Τίτον
418 663 555 738 Γενύκιον,
570 665 616 725 καλ
631 668 699 743 μετὰ
714 676 791 728 τοῦτο
805 679 893 730 πᾶσαν

117 750 270 827 ἀποθέμενοι
285 749 334 822 τήν
348 750 409 832 περὶ
422 756 473 812 τῶν
486 757 578 812 κοινῶν
593 756 731 835 φροντίδα,
746 761 782 825 ώς
794 758 894 837 ἑτέρους

116 841 166 914 ήδη
181 840 237 900 δέον
252 840 318 920 ὑπὲρ
335 842 419 899 αὑτῶν
435 843 559 915 σκοπεῖν,
574 844 648 903 ούδὲν
671 844 710 903 ἔτι
722 854 775 914 τοῖς
790 847 893 927 δημάρ-

74 950 87 988 σ
115 952 172 1008 χαις
190 937 348 1009 προσεῖχον,
372 927 441 988 ἀλλὰ
463 930 605 1013 διακλέψαι
628 936 673 993 τὸν
691 935 782 996 λοιπὸν
800 936 893 1017 χρόνον

115 1023 163 1092 τῆς
188 1019 313 1084 ὑπατείας
340 1021 493 1080 διενοοῦντο.
549 1017 650 1101 Ἔτυχε
678 1024 706 1084 δὲ
730 1025 775 1084 τὸν
804 1028 893 1106 ἕτερον

117 1109 203 1166 αὐτῶν
217 1108 346 1180 Μενήνιον
361 1110 497 1187 ἀρρωστία
509 1132 548 1176 τις
563 1110 753 1171 καταλαὺοῦσα
777 1113 890 1195 χρόνιος.

116 1195 189 1269 Ἤδη
205 1198 233 1256 δέ
245 1221 311 1265 τινες
333 1197 432 1278 ἔφασαν
446 1198 497 1256 ὑπὸ
519 1198 605 1271 λύπης
624 1200 668 1259 καί
684 1201 795 1277 ἀθυμίας
811 1206 891 1281 δμπε·

117 1290 213 1344 σοὺσαν
228 1289 266 1366 τῷ
281 1287 354 1366 altpt
375 1285 503 1357 τηκεδόνα
530 1288 750 1348 δυσαπάλλακτον
777 1295 893 1370 ἐργάσα-

64 1394 90 1433 ro
116 1378 176 1433 σθαι
189 1375 274 1438 νόσον.
317 1376 426 1448 Ταύτην
448 1375 476 1434 δέ
490 1377 649 1453 προσλαὺὼν
673 1376 722 1449 τήν
736 1378 893 1460 πρόφασινὺ

116 1462 240 1542 Σήστιος,
253 1472 288 1534 ὼς
305 1464 378 1524 οὐδὲν
397 1455 449 1531 οἷός
466 1488 495 1522 τε
510 1462 546 1523 ὢν
559 1467 683 1547 πράττειν
700 1467 789 1545 μόνος,
807 1470 893 1529 ἀπεω-

115 1554 182 1611 θεῖτο
197 1554 243 1621 τδις
257 1559 308 1613 τῶν
324 1555 470 1633 δημάρχων
484 1551 586 1624 δεήσεις
605 1554 651 1614 καί
666 1554 731 1635 πρὸς
750 1555 809 1623 τοὺς
822 1557 892 1625 νέους

115 1642 244 1721 ἄρχοντας
266 1644 339 1715 ήξίου
353 1643 504 1723 τρέπεσθαι.
547 1646 584 1702 tll
602 1643 630 1702 ti
654 1647 700 1704 οὑκ
721 1645 824 1725 ἔχοντες
838 1650 853 1705 ὅ
866 1672 891 1706 τι

114 1731 265 1807 πράττωσιν
280 1733 385 1813 ἕτερον,
408 1731 451 1791 ἐπὶ
472 1730 530 1799 τοίις
543 1732 604 1811 περί
625 1733 669 1791 τὸν
689 1730 803 1793 Ἄππιον
818 1735 892 1795 οὑπω

63 1825 87 1864 ¹⁶
115 1817 161 1889 τήν
173 1820 290 1889 ἐξουσίαν
308 1819 502 1902 παρειληφότας
514 1820 695 1898 ἠναγκάζοντο
706 1822 890 1903 καταφεύγειν,

115 1907 148 1963 τά
164 1907 210 1983 μὲν
227 1912 253 1968 ἐν
265 1917 322 1976 ταῖς
338 1908 490 1979 ἐκκλησίαις
503 1907 635 1985 δεόμενοι,
649 1910 684 1968 τά
700 1909 728 1969 δὲ
740 1910 891 1985 καταμόνας

116 1997 327 2077 ἐντυγχάνοντες·
350 1997 395 2054 καί
410 1995 483 2062 τέλος
506 1996 689 2076 ἐξειργάσαντο
712 1997 771 2064 τοθς
797 2000 891 2076 ἄνδρας

116 2084 229 2160 μεγάλας
244 2087 419 2153 ὑποτείνοντες
442 2086 550 2152 ἐλπίδας
571 2088 659 2153 αὑτοῖς
683 2089 706 2144 εἰ
720 2086 754 2146 τά
773 2092 817 2145 τοῦ
841 2087 887 2158 δή·

115 2194 166 2245 μου
182 2170 282 2234 ἕλοιντο
296 2179 373 2252 τιμῆς
385 2173 430 2232 καί
445 2173 607 2240 δυναστείας.
651 2176 765 2246 Elaites
784 2175 834 2254 γάρ
849 2200 888 2243 τις

59 2270 87 2309 ²⁰
113 2259 156 2317 τὸν
169 2259 281 2323 Ἄππιον
296 2261 421 2340 ἐπιθυμία
437 2254 514 2334 ξένην
524 2260 606 2342 ἀρχὴν
622 2262 830 2343 περιύαλέσθαι,
843 2264 887 2322 καὶ

114 2348 207 2426 νόμους
226 2354 444 2425 καταστήσασθαι
464 2355 498 2430 τῇ
512 2352 638 2429 πατρίδι,
660 2352 781 2428 ὑμονοίας
800 2353 888 2412 τεκαὶ

113 2438 235 2516 εἰρήνης,
249 2441 294 2500 καὶ
312 2447 359 2500 τοὺ
381 2439 444 2516 μίαν
460 2438 578 2505 ἅπαντας
603 2442 724 2516 ἡγεῖσθαι
744 2440 792 2512 τήν
812 2440 887 2499 πόλιν

114 2526 189 2608 ἄρξαι
210 2539 262 2596 τοῖς
281 2526 558 2607 συμπολιτευομένοις.
601 2530 642 2589 Οὐ
667 2529 757 2604 μέντοι
772 2529 816 2586 καί
831 2530 887 2588 διέ-

114 2618 188 2691 μεινέ
201 2640 230 2694 γε
243 2617 370 2697 χρηστὸς,
385 2619 457 2696 ἀρχῇ
471 2617 612 2693 κοσμηθεὶς
627 2618 746 2696 μεγάλη,
765 2620 823 2677 ἀλλ’
837 2617 890 2686 ἐξί-

59 2710 86 2747 2⁵
113 2727 179 2764 πεσε
205 2709 333 2765 τελευτῶν
358 2708 393 2772 εἰς
415 2706 559 2785 φιλαρχίαν
583 2706 810 2787 ἀπαραχώρητοι,
838 2708 889 2766 ὑπὸ

113 2795 237 2871 μεγέθους
250 2793 365 2862 ἐξουσίας
380 2794 549 2874 διαφθαρεὶς,
564 2794 610 2853 καὶ
625 2796 714 2873 ὀλίγου
725 2795 833 2866 ἐδάησαν
846 2796 889 2855 ἐπί

111 2883 252 2961 τυραννίδα
266 2882 371 2944 ἐλάσαι.
415 2883 484 2964 Περὶ
498 2873 535 2942 ὧν
547 2884 617 2943 κατλ
632 2884 675 2943 τὸν
690 2887 784 2944 οἰκεῖον
803 2885 890 2945 διαλέ-

113 2972 189 3049 ξομαι
201 2972 301 3052 καιρόν.

151 3061 210 3121 LV.
232 3060 301 3120 Τότε
315 3057 342 3119 δί
358 3048 420 3133 ούν,
436 3057 489 3117 ἀπὸ
506 3066 551 3119 τοὺ
568 3060 709 3140 κρατίστου
723 3066 805 3119 ταῦτα
822 3066 886 3140 βου-

59 3157 85 3195 ³⁰
113 3150 288 3229 λευσάμενος,
302 3148 347 3208 καί
359 3148 404 3208 τόν
416 3150 581 3231 συνάρχοντα
594 3150 704 3223 πείσας,
720 3149 810 3222 ἐπειδὴ
826 3154 889 3212 πολ·

111 3237 184 3305 λάκις
199 3237 275 3297 αὐτόν
286 3236 330 3296 ἐπί
349 3236 396 3309 τήν
409 3238 552 3309 ἐκκλησίαν
568 3240 696 3298 ἐκάλεσαν
706 3241 729 3298 αἱ
740 3240 886 3319 δήμαρχοι,

110 3324 246 3406 παρελθὼν
271 3324 383 3393 πολλοὺς
405 3327 451 3385 καί
475 3327 674 3409 φιλανθρώπους
698 3326 813 3398 διεξῆλθε
837 3326 885 3386 λό-

109 3439 181 3493 γους·
204 3416 334 3495 κεφάλαια
350 3416 378 3474 δὲ
403 3418 484 3475 αὑτοῦ
498 3420 545 3486 τῆς
559 3415 722 3496 δημηγορίας
736 3419 825 3476 τοιάδε
838 3423 885 3489 ήν·

112 3532 123 3555 ιι
141 3504 180 3563 ότι
203 3505 233 3560 τὸ
250 3501 296 3577 μὲν
320 3506 507 3582 ἀποδειχθῆναι
527 3504 586 3571 τοὺς
606 3506 717 3580 νόμους,
744 3505 788 3562 καί
813 3505 883 3565 παύ-

58 3595 84 3629 ³⁵
112 3619 124 3641 ιι
139 3599 234 3650 σασθαι
255 3591 442 3660 στασιάζοντας
455 3592 515 3660 τοὺς
532 3594 639 3660 πολίτας
655 3592 721 3670 ὑπὲρ
736 3596 788 3651 τῶν
802 3592 883 3669 ἴασιν,

112 3708 123 3729 ιι
140 3683 211 3760 αύτῷ
224 3703 253 3737 τε
267 3682 362 3758 καὶτῷ
377 3682 533 3762 συνάρχοντι
550 3682 646 3747 παντὸς
665 3679 783 3757 μάλιστα
797 3682 882 3751 δοκεῖ,

111 3798 123 3819 ιι
138 3770 183 3828 καί
196 3768 382 3849 ἀποφαίνονται
399 3768 507 3847 γνώμην
521 3769 652 3851 φανεράν·
669 3777 715 3829 τοὺ
732 3771 759 3829 δέ
776 3770 883 3827 ἀποδεῖ-

112 3884 124 3907 ιι
139 3856 180 3924 ξαι
204 3858 262 3923 τοθς
284 3857 425 3932 νομοθίτας
453 3857 525 3916 αὐτοὶ
553 3857 600 3932 μίν
625 3856 750 3935 οὐδεμίαν
780 3857 884 3935 ἔχουσιν

111 3945 271 4017 «ἐξουσίαν,
294 3945 367 4005 οὑπιο
388 3946 579 4026 παρειληφότες
593 3945 641 4016 τὴν
661 3945 760 4027 ἀρχὴν,
783 3954 835 4011 τοῖς
858 3945 885 4004 δέ

57 4047 83 4085 θθ
112 4064 123 4086 ιι
140 4034 200 4113 περλ
226 4031 354 4105 Μενήνιον
373 4032 481 4097 ὑπάτοις
505 4036 555 4112 οὐχ
591 4033 660 4101 ὅπως
686 4034 886 4095 ἐναντιώσονται

112 4154 124 4177 ιι
141 4124 285 4204 πράττουσι
298 4122 332 4181 τὰ
351 4121 460 4191 δόξαντα
485 4126 518 4200 τῇ
538 4125 637 4202 βουλῇ,
650 4123 718 4183 ἀλλὰ
733 4125 778 4183 καί
795 4149 887 4203 συνερ-

109 4244 120 4266 ιι
136 4213 247 4292 γήσουσι
261 4214 306 4272 καί
321 4210 422 4285 πολλήν
441 4212 555 4271 εἴσονται
569 4212 659 4293 χάριν.
703 4214 766 4276 Ἐάν
779 4214 806 4274 δὲ
821 4218 884 4272 ἀνα·

109 4331 121 4355 ιι
138 4304 249 4362 δύωνται
276 4304 371 4380 σκῆψιν
396 4299 605 4380 προὺαλλόμενοι
627 4304 674 4374 τήν
702 4304 763 4362 νέαν
782 4303 885 4385 ἀρχὴν,

108 4422 119 4445 ιι
135 4396 170 4459 ὡς
185 4396 232 4451 οὑκ
254 4390 308 4459 ἐξὸν
326 4391 412 4455 αὐτοῖς
435 4391 537 4471 ἑτέρους
553 4393 684 4463 ὑπατικὴν
700 4392 817 4461 ἐξουσίαν
832 4417 883 4452 πα.-

54 4486 80 4524 45
108 4508 120 4533 ιι
135 4480 332 4561 ραληθρομένους
358 4480 554 4547 ἀποδεικνύειν,
573 4485 649 4556 ἡμῶν
663 4481 716 4555 ήδη
732 4481 884 4560 κεκυρωμί·

108 4596 120 4621 ιι
134 4593 185 4628 νων
200 4570 324 4640 ὑπάτων,
340 4568 412 4629 ostie
428 4568 550 4645 ἐμποδίου
564 4572 651 4636 αὑτοῖς
661 4570 691 4629 τό
705 4573 765 4629 καθ’
779 4569 885 4636 ἑαυτούς

109 4683 121 4708 ιι
136 4657 251 4721 ἐσεσθαι.
295 4658 419 4726 Ἔκόντες
433 4657 484 4738 γάρ
493 4659 689 4729 ἀποστήσεσθαι
698 4663 746 4730 τῆς
757 4660 882 4726 ὑπατείας

110 4770 121 4793 ιι
135 4745 187 4810 τοῖς
202 4749 257 4804 ἀνθ’
277 4751 361 4807 αὑτῶν
380 4745 611 4826 αἱρεθησομένοις,
630 4747 674 4806 ἐθν
691 4747 736 4806 καί
752 4751 785 4826 τῇ
802 4749 883 4826 βουλῖιῖΙ

110 4856 122 4879 ιι
137 4835 220 4889 ταῦτα
236 4834 308 4914 δοκῇ.
322 4839 510 4901 Ἐπαινοὺντος
526 4833 553 4892 el
567 4838 614 4893 τοῦ
629 4834 714 4913 δήμου
729 4833 776 4906 τήν
792 4841 885 4916 προθυ·

54 4926 81 4965 '⁰⁰
110 4944 122 4969 ιι
139 4918 202 4991 μίαν
225 4925 277 4979 τῶν
300 4924 418 5001 ἀνδρῶν,
436 4921 482 4981 καί
507 4921 613 4981 πάντων
630 4922 701 4980 κατὰ
722 4926 821 4994 πλῆθος
841 4923 884 4981 ἐπὶ

109 5034 122 5060 ιι
137 5008 167 5065 τὸ
190 5008 322 5089 συνέδριον
343 5012 508 5088 ὠσαμίνων,
533 5011 706 5088 ἀναγκασθείς
735 5015 749 5070 ὑ
771 5012 885 5082 Σήστιος

109 5122 122 5147 ιι
136 5095 183 5168 τήν
209 5096 305 5175 βουλήν
330 5106 484 5175 συναγαγεῖν
507 5098 601 5175 μόνος,
617 5098 708 5171 ἐπειδὴ
723 5104 738 5159 θ
752 5098 884 5169 Μενήνιος

110 5212 122 5237 ιι
137 5187 264 5252 ἀδύνατος
286 5177 318 5257 ἦν
338 5190 463 5265 παρεῖναι
488 5186 532 5245 διὰ
552 5187 600 5260 τὴν
618 5189 711 5261 νόσον,
737 5188 884 5266 προύθηκεν

109 5298 122 5323 ιι
137 5275 201 5357 ὑπὲρ
216 5278 268 5334 τῶν
287 5273 375 5352 νόμων
390 5272 487 5350 λίγειν.
528 5273 697 5356 Ἓλίχθησαν
711 5275 758 5352 μίν
776 5266 820 5334 οὑν
837 5275 883 5336 καί

1670 471 1726 531 631

949 597 1048 658 tempus
1067 595 1105 645 sui
1123 598 1266 649 consulatus
1280 598 1365 651 dolose
1374 615 1404 652 ac
1415 599 1520 655 inaniter
1541 609 1621 659 terere
1637 610 1730 672 cogita·

949 690 1017 742 bant.
1051 695 1124 743 Forte
1142 700 1224 746 aulem
1246 696 1310 748 alter
1325 698 1412 750 consul
1424 702 1551 753 Menenius
1566 705 1653 755 inorbo
1666 722 1730 772 quo·

948 790 1006 840 dam
1024 793 1143 842 diuturno
1159 797 1287 858 correptus
1301 795 1466 850 detinebatur.
1499 802 1550 850 Nec
1564 800 1667 853 deerant
1685 806 1729 867 qui

949 887 1070 953 dicerent,
1095 892 1118 941 el
1138 906 1189 956 praa
1215 892 1299 944 dolore
1321 908 1350 944 ae
1366 910 1473 947 moerore
1491 897 1580 960 animi,
1603 900 1646 964 qui
1671 915 1728 953 eum

948 987 1081 1050 invaserat,
1095 990 1177 1041 labem
1196 990 1238 1040 six
1257 992 1391 1043 sanabilem
1416 1009 1432 1043 a
1454 994 1542 1045 morbo
1565 998 1728 1049 conciliatam.

948 1084 1051 1146 Sestius,
1066 1085 1113 1135 hac
1125 1089 1254 1138 occasione
1265 1095 1376 1153 arrepta,
1391 1093 1463 1154 quasi
1485 1094 1553 1142 solus
1566 1095 1629 1145 nihil
1645 1100 1729 1160 posset

948 1195 1035 1246 agero,
1050 1183 1205 1234 lribunorum
1222 1199 1309 1249 preces
1323 1187 1466 1249 repellebat,
1483 1203 1576 1252 eosque
1589 1204 1616 1241 se
1634 1191 1667 1241 ad
1680 1205 1725 1241 no·

947 1292 992 1327 uos
1004 1280 1163 1342 magistratus
1176 1284 1319 1332 cnrrsertece
1326 1283 1436 1345 jubebat.
1471 1285 1517 1347 llll,
1534 1302 1612 1351 quum
1625 1303 1673 1339 non
1687 1291 1731 1340 ha·

948 1374 1034 1426 beraut
1054 1390 1104 1439 quo
1120 1392 1147 1428 se
1163 1382 1301 1439 verterent,
1317 1380 1349 1430 ad
1363 1382 1470 1445 Appium
1493 1388 1517 1434 et
1532 1386 1650 1450 collegam
1664 1389 1727 1451 eius,

947 1476 990 1541 qui
1014 1476 1124 1526 nondum
1155 1478 1260 1527 inierant
1291 1480 1478 1543 magistratum,
1511 1468 1644 1548 confugere
1672 1492 1729 1538 sunt

948 1575 1037 1634 coacti,
1053 1587 1145 1639 eosque
1161 1575 1235 1624 modo
1252 1590 1295 1640 pro
1312 1579 1427 1629 concione.
1440 1581 1573 1643 rogabunt,
1583 1584 1658 1633 modo
1672 1600 1729 1635 cum

948 1670 1007 1721 solis
1033 1671 1148 1735 privatim
1172 1673 1278 1736 agebant
1299 1694 1306 1724 ι
1331 1675 1481 1741 tandemque
1496 1692 1540 1729 eos
1556 1681 1678 1745 vicerunt,
1699 1696 1729 1731 ac

949 1779 1001 1815 rem
1015 1765 1075 1830 ipsis
1089 1774 1274 1833 persuaserunt,
1290 1785 1379 1835 magna
1395 1773 1495 1824 lionoris
1510 1790 1539 1826 aa
1549 1779 1666 1842 polentiae
1686 1792 1729 1842 spe

949 1867 996 1917 illis
1012 1867 1148 1930 proposita,
1173 1867 1194 1916 sl
1217 1868 1293 1932 plebis
1312 1876 1394 1935 partes
1409 1875 1489 1924 seculi
1508 1876 1620 1927 luissent.
1654 1879 1729 1943 Cupi·

948 1964 1013 2013 clitus
1026 1963 1090 2014 enim
1109 1964 1167 2013 novi
1187 1967 1346 2029 nragistratus
1367 1972 1511 2033 capessendi
1532 1974 1639 2038 Appium
1655 1974 1728 2025 inva-

949 2068 1023 2124 serat,
1055 2068 1084 2112 ut
1098 2069 1124 2112 ct
1143 2064 1208 2126 leges
1233 2067 1371 2117 concordias
1388 2082 1417 2117 aa
1441 2070 1508 2134 pacis
1527 2072 1613 2134 piatum
1639 2073 1727 2127 lecrel.

950 2161 1094 2224 civibusque
1106 2166 1192 2210 auctor
1209 2166 1288 2222 esset,
1307 2167 1337 2212 ut
1349 2178 1434 2214 oscines
1447 2180 1506 2215 earu
1523 2181 1597 2218 unam
1609 2182 1728 2219 conamu-

949 2273 1060 2324 ιιειιιριεε
1072 2259 1177 2322 patriam
1189 2262 1370 2313 existimarent.
1392 2265 1537 2326 Magistralu
1548 2269 1629 2318 umen
1640 2280 1729 2332 magno

950 2358 1052 2404 ornatus
1061 2356 1086 2404 in
1098 2355 1155 2405 boni
1165 2356 1210 2406 riri
1229 2357 1311 2407 oliicio
1325 2372 1373 2408 uon
1393 2361 1541 2425 permansit3
1555 2363 1600 2414 sed
1614 2365 1727 2430 tandem,

949 2453 1079 2516 potestatis
1098 2455 1267 2518 magnitudine
1275 2460 1419 2522 corruptus,
1434 2464 1579 2524 perpeluum
1597 2464 1725 2528 magistra·

950 2553 1003 2598 lum
1018 2548 1134 2600 allectum
1153 2551 1242 2614 cupit:
1256 2556 1281 2602 et
1304 2567 1390 2617 parum
1403 2554 1493 2616 abluit,
1504 2559 1563 2619 quin
1578 2558 1602 2607 in
1617 2561 1728 2622 tyranni·

948 2646 1005 2695 clem
1019 2649 1144 2699 eraderet.
1178 2650 1275 2710 Quibus
1285 2651 1316 2701 de
1331 2652 1406 2702 rebus
1422 2667 1466 2702 suo
1480 2653 1534 2703 luco
1546 2659 1700 2707 commodius
1712 2675 1727 2709 a

948 2744 1109 2797 medicetur.

978 3059 1028 3105 LV.
1044 3058 1113 3105 Tunc
1128 3068 1188 3104 aero
1208 3069 1286 3119 ‹puum
1302 3055 1395 3119 optima
1409 3062 1493 3108 mente
1512 3059 1642 3110 consilium
1657 3063 1725 3113 istud

947 3143 1055 3204 iniisset,
1073 3146 1099 3193 et
1111 3157 1162 3193 rem
1185 3143 1284 3207 collega
1310 3145 1488 3208 persuasisset,
1504 3146 1596 3210 saepius
1610 3149 1641 3197 ad
1663 3163 1725 3199 con·

947 3233 1043 3284 cionem
1061 3248 1077 3282 a
1093 3232 1199 3283 tribunis
1216 3236 1327 3293 vocatus,
1345 3248 1490 3298 progressus
1502 3237 1594 3286 mullas
1608 3242 1633 3288 et
1646 3253 1725 3304 popu·

947 3321 1012 3372 lares
1021 3322 1152 3372 corrciones
1163 3321 1258 3372 babuit.
1294 3323 1379 3386 dapila
1402 3326 1486 3374 autem
1507 3324 1563 3386 ejus
1581 3328 1724 3378 concionum

948 3410 1002 3460 iaaac
1015 3415 1085 3459 erant
1097 3428 1103 3459 τ
1116 3432 1128 3452 ιι
1140 3413 1169 3460 ut
1181 3411 1247 3472 legas
1260 3412 1380 3461 terrentur
1391 3415 1417 3462 et
1426 3413 1493 3463 eires
1502 3412 1534 3462 de
1545 3415 1608 3477 juris
1617 3419 1726 3480 aequabi-

948 3518 960 3539 ιι
973 3497 1041 3546 litate
1064 3496 1128 3545 iuter
1144 3510 1170 3545 se
1194 3497 1309 3547 seditiose
1332 3499 1480 3550 contendere
1499 3501 1652 3565 desinerent,
1674 3512 1724 3559 tam

948 3609 959 3629 a
974 3584 1029 3645 sibi,
1045 3598 1118 3649 (paam
1141 3584 1255 3646 collegae.
1280 3600 1435 3652 summopere
1450 3589 1555 3658 placere,
1569 3609 1645 3660 seque
1655 3611 1724 3649 suam

948 3675 1120 3725 «sententiam
1139 3676 1222 3737 aperte
1238 3674 1321 3725 dicere
1335 3677 1514 3741 significabant.
1557 3686 1724 3738 creandorum

948 3784 958 3805 ,ι
972 3776 1031 3811 vero
1044 3761 1210 3824 legislatorum
1220 3764 1313 3813 nullam
1332 3779 1360 3815 se
1372 3767 1462 3820 babere
1475 3777 1641 3835 potestatem,
1656 3778 1723 3839 quod

946 3872 959 3895 ιι
974 3850 1145 3914 magislralum
1154 3849 1264 3901 nandum
1277 3851 1390 3904 iniissent
1405 3877 1411 3906 ι
1426 3857 1471 3907 sed
1485 3863 1597 3911 Menenio
1619 3863 1722 3927 ejusque

947 3962 959 3985 ιι
973 3941 1084 4000 collegae,
1105 3941 1348 3992 senatusconsultum
1365 3948 1566 4010 exsequentibus,
1581 3964 1668 4001 senon
1681 3966 1724 4003 so·

946 4051 957 4073 n
975 4030 1026 4079 lum
1035 4042 1083 4078 non
1101 4028 1282 4094 adversaturos,
1296 4033 1639 4099 sedaliamlllosadjuturos,
1651 4041 1724 4105 ipsis·

945 4149 957 4172 «ι
971 4143 1021 4192 qne
1038 4142 1151 4194 magnam
1179 4128 1283 4192 gratiam
1303 4127 1440 4178 habituros.
1474 4130 1546 4187 Quod
1568 4131 1590 4180 si
1604 4133 1722 4197 tergiver-

944 4239 956 4261 «
971 4223 1085 4270 serentur
1100 4224 1126 4269 et
1146 4217 1318 4281 magistratum
1335 4219 1500 4281 praetexentes
1520 4233 1547 4271 se
1562 4227 1720 4283 excusarent,

943 4327 955 4350 ιι
970 4307 1080 4359 dicentes
1105 4308 1151 4358 sibi
1172 4320 1219 4355 non
1239 4307 1314 4358 licere
1338 4308 1400 4357 alios
1415 4311 1575 4372 magistratus
1596 4311 1723 4376 imperium

942 4418 954 4442 ιι
970 4402 1097 4449 consulare
1123 4399 1250 4448 babituros
1266 4412 1358 4458 creare,
1372 4399 1439 4461 quod
1456 4411 1502 4449 nos
1513 4414 1566 4463 jam
1585 4402 1720 4451 cnnllmmli

942 4510 954 4531 ιι
967 4489 1044 4537 simus
1056 4488 1179 4548 consules,
1193 4503 1229 4547 se,
1240 4502 1290 4551 φιιο
1310 4491 1396 4537 ιιιὶιιιιτ
1411 4488 1441 4537 a'd
1458 4487 1588 4551 facerent,
1610 4490 1658 4538 illis
1677 4491 1720 4538 im-

941 4598 953 4619 «
970 4576 1112 4640 pedimentn
1133 4592 1180 4625 non
1205 4578 1317 4635 tuturos,
1332 4576 1417 4638 dlxit5
1441 4577 1484 4626 sed
1518 4578 1582 4625 ultro
1607 4592 1720 4627 cessuros

944 4685 956 4706 ι
969 4665 1037 4723 aliis,
1053 4666 1094 4727 qui
1120 4665 1143 4713 in
1170 4679 1243 4714 suum
1259 4666 1341 4715 locum
1363 4664 1435 4714 eleell
1449 4670 1545 4721 essenl,
1568 4666 1589 4713 si
1608 4666 1720 4714 modoet

941 4774 952 4795 ιι
970 4752 1065 4802 senatui
1088 4753 1121 4801 ila
1136 4752 1268 4801 videretur.
1288 4773 1301 4795 ιι
1323 4753 1416 4816 Populo
1436 4756 1518 4803 aulem
1533 4753 1654 4814 egregium
1673 4768 1718 4800 cu-

939 4856 995 4889 rum
1010 4842 1163 4890 voluntalem
1182 4840 1352 4901 mitandans,
1368 4847 1392 4892 et
1415 4842 1528 4890 ninnibus
1545 4840 1674 4888 corrlcrlim
1694 4840 1717 4888 in

939 4931 1033 4979 curiam
1045 4929 1240 4991 irrumpcntibus
1254 4969 1259 4988 ,
1271 4931 1365 4980 Seslius
1379 4936 1493 4981 senatum
1502 4942 1637 4980 conscenso
1652 4929 1718 4979 solus

939 5022 1039 5068 ‹acac-lus
1057 5019 1133 5080 (quia
1153 5017 1282 5067 Menenius
1297 5020 1397 5081 collega,
1412 5019 1498 5068 nrorbo
1515 5018 1660 5080 impeditus,
1677 5018 1715 5068 iu·

938 5111 1031 5157 teresse
1047 5120 1095 5156 nou
1108 5105 1214 5169 poterat)
1226 5106 1257 5155 de
1272 5106 1365 5169 legibus
1377 5108 1407 5156 ad
1425 5112 1507 5170 patres
1528 5106 1619 5155 retulit.
1653 5110 1716 5173 Ergo

937 5202 997 5248 tunc
1020 5198 1093 5248 etiam
1110 5197 1188 5247 marita
1209 5196 1284 5246 rerba
1301 5197 1358 5247 hinc.
1377 5202 1402 5246 cl
1420 5196 1477 5246 iude
1499 5198 1563 5247 lacta
1579 5202 1651 5259 sunt,
1664 5204 1716 5251 tarn

938 5284 1044 5347 abillis,
1067 5285 1110 5349 qui
1139 5283 1289 5344 suadebant,
1306 5288 1334 5333 ut
1355 5284 1442 5335 ciuiles
1463 5286 1558 5350 legibus
1575 5292 1715 5353 regeretur,
