3772 5828
712 318 918 381 extuavit
938 318 991 380 ΕΧ
1012 319 1085 383 LlB.
1108 321 1187 383 XlX.

153 454 202 523 ίως
217 454 245 514 di
259 453 292 513 ἂν
314 445 333 531 ᾖ
354 452 453 513 τούτων
479 450 605 533 θάτερον,
632 453 662 512 ού
691 452 852 530 μεθήσεσθαι
882 456 929 524 τῆς

150 543 210 618 γῆς.
253 536 391 603 Μαθόντες
405 535 437 609 δὴ
463 536 744 616 παρακεκρουσμίνους
763 536 882 617 ἑαυτούς,
904 538 929 597 oi

150 628 310 706 Ταραντῖνοι
326 628 508 704 συγχωροῦσιν
524 626 611 692 αὐτοῖς
629 624 728 701 μίνιιν.
749 626 852 687 Ambr.

191 716 242 778 lV.
268 717 331 792 (Π,
355 714 387 789 ὅ)
407 710 504 792 Ἄκρον
535 715 583 784 τῆς
608 711 722 781 Ἰταλίας
748 713 875 795 Ζεφύριον
904 714 929 774 οἱ

107 825 122 863 s
152 801 251 882 Λοκροὶ
264 800 480 874 κατοικήσαντες,
501 799 626 883 Ζεφύριοι
640 800 847 878 ὠνομάσθησαν.

193 891 289 952 Μένειν
303 889 382 951 αύτδν
396 892 546 968 ίγνεύκεσαν
562 889 603 970 ἐφ’
616 879 639 971 ᾧ
654 879 688 963 ι’ίν
706 887 800 973 τόπερ,
821 888 868 949 καλ
884 888 928 949 τὸν

151 982 249 1039 ίκεῖθεν
267 978 360 1061 ρίοντα
368 977 485 1056 πόλεμον
499 976 614 1057 άνίχιιν.

191 1071 240 1138 tel<
262 1068 326 1138 θλας
352 1068 398 1128 καί
416 1068 554 1150 φάραγγας
578 1064 625 1127 καλ
650 1069 788 1149 τραχῶνας
813 1066 930 1150 ὀρεινοὺς

152 1159 385 1232 διεσκεδάσθησαν.

103 1260 123 1300 Ιθ
193 1245 238 1327 (6)
258 1243 420 1327 Ταραντίνός
432 1267 472 1313 εις
490 1242 557 1326 ἀνὴρ
581 1243 711 1318 Αἰνησίας
729 1244 776 1305 καλ
796 1246 856 1326 πιρί
875 1246 928 1305 πά·

150 1359 200 1405 σας
221 1334 268 1404 τίς
281 1334 375 1408 ἡδονάς
390 1333 504 1413 ἀσελγὴς
519 1332 572 1392 dat
585 1338 632 1405 τῆς
647 1333 795 1394 ἀκολάστου
811 1334 857 1394 καί
875 1357 929 1394 κα-

151 1428 203 1493 κῶς
217 1422 432 1502 δημοσιευθείσης
448 1426 474 1482 ἐν
488 1421 580 1483 παισίν
594 1420 665 1502 ὥρας
678 1426 834 1483 ἐπεκαλεῖτο
846 1423 926 1491 Θάις.

191 1511 232 1573 Τὸ
244 1514 343 1585 πλῆθος
358 1509 596 1592 άνδρολογήσαντες
613 1511 745 1591 ἐπῄεσαν.

191 1602 227 1663 Oi
242 1598 493 1681 σπερμολογύετατοι
505 1600 558 1656 τῶν
572 1597 643 1658 κατίι
657 1597 705 1672 τὴν
728 1599 804 1658 πόλιν
823 1601 929 1678 άναγω·

103 1707 124 1747 ts
150 1688 270 1768 γότατοι.
291 1687 395 1750 Ambr.

204 1780 240 1836 V.
269 1779 342 1858 (1⁸1,
365 1780 400 1852 ⁸1)
423 1774 489 1837 Ὀτι
514 1775 663 1853 Ποστόμιος
684 1775 798 1857 πρέσύυς
830 1775 929 1849 ἐστάλη

151 1865 215 1945 πρὸς
229 1864 415 1947 Ταραντίνους·
429 1864 475 1926 καί
487 1887 547 1924 τινα
560 1865 639 1924 αὐτοῦ
650 1863 785 1933 διεξιόντος
795 1864 870 1942 λόγον
881 1865 931 1944 οὐχ

151 1953 223 2021 ὅπως
234 1963 375 2035 προσεῖχον
389 1951 520 2036 αὐτῷτὴν
532 1952 647 2013 διάνοιαν
662 1952 679 2024 ἢ
693 1951 832 2033 λογισμοὺς
848 1953 930 2028 ἐλάμ-

152 2042 233 2103 δανον
257 2045 281 2103 ol
302 2047 463 2123 Ταραντῖνοι
487 2039 626 2122 σωφρόνων
649 2039 853 2121 ἀνθρώπωνκαὶ
869 2037 931 2120 περὶ

103 2155 125 2194 ιο
152 2132 254 2200 πόλεως
277 2132 477 2204 κινδυνευούσης
493 2128 708 2210 βουλευομένων·
726 2131 785 2189 ἀλλ’
807 2129 833 2187 εί
846 2152 871 2188 τι
892 2128 929 2207 μὴ

151 2222 221 2279 κατδι
248 2219 293 2280 τὸν
318 2219 506 2298 άκριύίστατον
529 2222 576 2290 τῆς
606 2215 768 2290 Ἑλληνικῆς
794 2216 931 2276 διαλέκτου

151 2312 311 2392 χαρακτῆρα
326 2309 371 2368 ὑπ’
384 2311 464 2367 αὐτοῦ
478 2306 582 2386 λίγοετο
596 2310 808 2384 παρατηροῦντες
824 2306 930 2384 ἐγέλων·

152 2397 276 2474 καὶπρὸς
296 2394 344 2463 τίες
365 2394 505 2460 ἀνατάσεις
525 2392 714 2471 ἐτραχύνοντο,
729 2391 774 2449 καί
795 2393 931 2474 βάρύαρον

152 2484 320 2557 ἐπεκάλουν,
344 2483 390 2542 καλ
411 2483 583 2547 τελευτῶντες
600 2478 740 2547 ίξέύαλλον
763 2482 793 2539 ἐκ
806 2486 854 2540 τοῦ
868 2482 932 2542 θεά-

103 2600 124 2639 ts
152 2596 226 2652 τρου.
269 2570 411 2630 ’λπιόντων
426 2569 454 2629 δέ
469 2571 568 2641 αὐτῶν,
583 2559 621 2635 εἷς
635 2572 688 2627 τῶν
706 2569 888 2650 ἐφεστηκότων
904 2575 930 2632 ἐν

152 2667 185 2742 τῇ
200 2658 308 2739 παρόδῳ
323 2657 503 2739 Ταραντίνων,
518 2657 671 2729 Φιλωνίδης
685 2655 768 2734 ὄνομα
778 2658 829 2737 (ι),
847 2682 931 2739 σπερ-

153 2752 264 2829 μολόγος
289 2748 439 2828 άνθρωπος,
453 2745 480 2814 δς
502 2745 554 2805 ἀπὸ
569 2751 616 2818 τῆς
631 2745 807 2824 οἰνοφλυγίας,
823 2737 842 2824 ᾗ
858 2747 932 2826 παρὰ

152 2841 241 2902 πάντα
254 2838 300 2897 τὸν
325 2835 381 2916 βίον
402 2833 546 2916 ἐκέχρητο,
570 2833 780 2914 προσηγορεύετο
806 2838 929 2912 Κοτύλη,

153 2929 247 3008 μεστός
268 2925 304 2986 ὢν
320 2924 359 2986 ἔτι
372 2929 419 2997 τῆς
439 2928 531 3005 χθιζῆς
551 2923 646 3002 μέθης,
669 2925 705 2991 ὡς
724 2922 800 3001 ἐγγύς
821 2915 890 2997 ἦσαν
907 2928 932 2986 οἱ

103 3041 125 3081 ει)
152 3024 290 3107 πρέσύεις,
314 3020 513 3102 ἀνασυράμενος
524 3019 574 3092 τὴν
596 3018 747 3096 άναύολὴν,
761 3020 806 3078 καί
821 3042 929 3100 σχημα-

152 3116 227 3181 τίσας
243 3110 351 3181 ἑαυτὸν,
364 3113 400 3179 rite,
414 3109 551 3188 αἴσχιστον
567 3109 697 3190 ὀφθῆναι,
720 3106 767 3179 τὴν
783 3107 842 3166 οὐδὲ
856 3108 932 3187 λέγε-

153 3206 214 3261 σθαι
228 3198 380 3276 πρέπουσαν
397 3196 563 3277 ἀκαθαρσίαν
585 3195 655 3257 κατὰ
669 3199 716 3267 τῆς
733 3198 805 3274 ἱερᾶς
824 3199 931 3268 ἐσθῆτος

153 3295 199 3349 τοῦ
216 3288 378 3369 πρεσόευτού
392 3285 582 3346 κατεσκέδασε.
596 3320 636 3329 -
650 3287 691 3362 (8)
708 3285 826 3353 Γέλωτος
845 3285 872 3345 δὲ
887 3309 933 3347 κα·

153 3378 327 3458 ταρραγέντος
342 3374 369 3444 ἐξ
383 3375 444 3433 ὅλου
458 3378 504 3432 τοῦ
516 3373 645 3448 θεάτρου,
661 3372 706 3432 καλ
716 3374 930 3452 συγκροτούντων

104 3484 126 3517 tt
154 3464 201 3533 τίις
214 3474 304 3545 χεῖρας
316 3467 368 3521 τῶν
385 3462 592 3608 άγιρωχρτάτων
602 3505 610 3536 ,
622 3461 758 3543 ἐμύλέφας
771 3464 807 3528 εἰς
820 3461 865 3521 τὸν
878 3464 933 3523 Φι-

152 3555 266 3626 λωνίδην
282 3556 295 3610 ὁ
312 3550 461 3629 Ποστόμιος
475 3573 486 3608 ε
500 3573 557 3609 aaa·
581 3577 594 3604 ι
609 3550 748 3631 Δεχάμιθα
762 3551 806 3609 τὸν
823 3550 929 3628 οίωνδν,

156 3671 168 3697 «
183 3633 205 3702 ὦ
221 3641 386 3722 σπερμολόγα
409 3640 550 3718 ἄνθρωπε,
565 3640 606 3699 ὅτι
622 3641 667 3699 καὶ
682 3641 715 3699 τὰ
728 3638 766 3716 μὴ
789 3638 931 3717 αἰτούμενα

156 3764 165 3781 ·-
183 3732 267 3791 δίδοτε
276 3730 351 3805 ἡμῖν.
362 3755 374 3781 u
387 3724 503 3789 Ἔπειτα
515 3730 551 3796 είς
562 3726 607 3788 τόν
617 3729 696 3810 ὄχλον
709 3727 877 3808 ἐπιστραφεὶς
886 3729 931 3789 καὶ

146 3821 202 3892 ”ip
230 3816 391 3898 ύύρεσμένην
427 3818 525 3888 ἐσθῆτα
554 3818 671 3892 διικνθς,
701 3820 736 3886 ὡς
767 3817 864 3896 ἐμαθιν
892 3817 932 3878 ἐτι

109 3942 122 3976 s.
148 3909 261 3973 πῖιείονα
275 3906 411 3985 γενόμενον
426 3904 452 3973 ἐξ
472 3904 598 3965 ἁπάντων
615 3905 660 3965 τόν
676 3905 799 3984 γέλωτα,
819 3906 865 3966 καί
879 3930 933 3989 φοι·

149 4004 199 4065 adq
213 3997 323 4057 ’ίκουσεν
339 3993 414 4055 ἐνίων
430 3994 618 4073 ἐπιχαιρόντων
632 3994 678 4054 καὶ
699 3993 747 4065 τὴν
763 3993 837 4077 ύύριν
853 3997 932 4054 irrue·

147 4116 183 4149 oo·
200 4103 276 4143 ·..ι-ιν·
293 4109 306 4137 α
321 4085 432 4154 Γελάτε,
447 4081 561 4161 ἔφησεν,
577 4081 626 4150 ίως
640 4082 739 4152 έξεστιν
754 4088 826 4162 ύμῖν,
841 4083 933 4166 ἄνδρες

180 4180 359 4251 Ἰ“α,.ιντῖνοι,
381 4174 489 4250 γιλᾶτε·
513 4170 595 4230 πολύν
619 4171 671 4253 γὰρ
685 4174 730 4233 τὸν
754 4171 822 4250 μετὰ
847 4178 932 4233 ταῦτα

153 4299 158 4311 ·
181 4294 196 4331 p
206 4278 278 4343 poan
289 4260 445 4321 κλαύσεσθε.
458 4285 471 4313 υ
488 4257 732 4340 Ἐκπικρανθέντων
743 4261 772 4320 δέ
781 4284 858 4319 τινων
868 4262 932 4341 πρὸς

103 4366 123 4403 θ
219 4353 339 4425 atentia·
352 4377 365 4404 a
375 4347 482 4410 Kaliour
493 4371 522 4428 γε
538 4351 649 4427 μᾶλλον,
660 4351 765 4432 ἔφησεν,
781 4350 932 4428 ἀγανακτή-

152 4474 161 4495 a
180 4468 209 4503 a·
221 4470 255 4513 ·.;,
271 4442 317 4500 καί
331 4438 401 4500 τοῦθ’
411 4441 472 4517 ὑμῖν
482 4437 604 4517 λέγομεν,
618 4437 658 4498 ότι
674 4441 765 4520 πολλῷ
775 4439 823 4510 τὴν
834 4440 932 4511 ἐσθῆτα

152 4559 164 4584 ιι
182 4536 281 4602 ταύτην
302 4528 395 4607 ·ιίματι
409 4530 573 4591 ἐκπλυνεῑεε.
587 4554 600 4581 ν
644 4531 738 4588 Ταῦτα
749 4529 773 4587 oi
789 4529 841 4585 τῶν
861 4525 930 4588 Ῥω·

150 4603 237 4695 μαίων
253 4617 376 4698 πρίσύεις
389 4615 555 4696 θύρισθέντες
571 4613 623 4674 tab
630 4618 682 4674 τῶν
695 4612 868 4697 Ταραντίνων
879 4615 931 4696 ἰδίη

1707 330 1762 392 'tit

981 459 1071 513 fraude
1080 463 1162 514 riotos
1173 465 1313 525 senserunt,
1324 463 1442 514 manendi
1451 463 1596 517 facultatem
1606 466 1688 532 largiti
1697 474 1761 523 aaut

1013 551 1055 601 lv.
1071 550 1106 613 (t)
1122 552 1310 603 Extremitatem
1325 550 1404 602 ltaliae
1417 549 1566 614 zephyrium
1577 553 1649 605 Locri
1666 554 1763 606 colonia

989 637 1139 704 muniemut,
1153 643 1179 690 et
1188 637 1303 704 Zephyrii
1314 637 1397 688 vocati
1410 641 1477 689 suut.

1012 728 1047 791 (ε)
1063 729 1163 779 Manere
1175 741 1232 778 eum
1245 726 1410 790 permiserunt
1425 726 1450 776 ln
1464 725 1521 778 loeo
1534 726 1577 779 ubi
1595 732 1658 790 erat,
1673 734 1699 781 et
1712 729 1766 782 bel·

982 812 1035 866 lum
1048 815 1116 880 quod
1130 814 1187 867 inde
1199 814 1353 872 imminebat,
1369 815 1502 866 sustinere.

1013 905 1047 968 (3)
1068 903 1141 955 Silvis
1162 907 1188 955 et
1208 904 1316 954 vallibus
1336 906 1363 955 et
1383 904 1508 955 montanis
1528 905 1631 958 salebris
1651 906 1766 972 dissipati

982 995 1049 1043 sunt.

1013 1079 1050 1143 (t)
1067 1081 1188 1142 AEneeias,
1203 1081 1352 1134 Tarentinus
1369 1080 1479 1146 quidam,
1497 1081 1536 1132 rir
1554 1082 1580 1132 iu
1600 1096 1699 1135 omnem
1720 1098 1767 1136 ro·

983 1166 1104 1233 luptutem
1126 1170 1258 1234 projeetus,
1277 1172 1380 1236 propter
1399 1170 1600 1222 incontinentiam
1616 1174 1643 1222 et
1661 1173 1768 1237 turpiter

983 1256 1135 1321 publicatam
1145 1260 1198 1323 jam
1212 1259 1278 1311 iuter
1294 1273 1385 1325 pueros
1400 1260 1515 1323 turmam,
1531 1274 1651 1324 agnomen
1664 1262 1768 1315 Thaidis

984 1346 1089 1397 sortitus
1102 1350 1164 1397 erat.
1679 1371 1680 1375 ¹

1014 1434 1113 1486 Dileetu
1134 1435 1251 1501 explebe
1266 1436 1362 1500 habito,
1379 1436 1556 1489 discesserunt.

1015 1627 1133 1679 vilissimi
1147 1631 1173 1680 et
1188 1629 1378 1694 petulantissiml
1394 1632 1481 1683 urbem
1496 1631 1671 1685 habitantium.

1015 1808 1046 1858 v.
1067 1806 1102 1871 (t)
1119 1807 1264 1858 Postumius
1281 1811 1417 1860 Tarentum
1439 1811 1464 1860 in
1480 1811 1626 1875 legationem
1643 1814 1768 1878 protectus

985 1919 1039 1979 est,
1062 1916 1129 1982 apud
1147 1918 1215 1969 nives
1234 1931 1292 1967 oum
1309 1919 1386 1969 verba
1408 1920 1510 1980 taceret,
1536 1920 1563 1970 hi
1587 1923 1687 1986 quidem
1705 1923 1767 1974 adeo

986 2029 1094 2077 mentem
1107 2039 1155 2076 uon
1166 2025 1335 2085 arlvertebant,
1348 2040 1429 2090 neque
1439 2026 1513 2091 digne
1528 2027 1617 2078 sobriis
1627 2028 1768 2081 bominibus

988 2135 1016 2184 et
1027 2132 1183 2197 periclitante
1199 2131 1259 2182 urbe
1276 2131 1378 2182 consilia
1395 2145 1447 2197 prae
1460 2146 1488 2185 se
1505 2134 1632 2194 terebant,
1649 2137 1678 2185 ut
1691 2137 1767 2186 immo

986 2239 1009 2289 si
1022 2240 1083 2305 quid
1096 2253 1111 2290 a
1124 2241 1205 2306 legato
1216 2242 1306 2305 praeter
1319 2240 1518 2291 accuratissimus
1530 2241 1664 2293 Helleniere
1678 2243 1767 2307 lingua

986 2349 1052 2415 leges
1068 2350 1202 2412 diceretur,
1214 2348 1241 2400 ld
1253 2350 1412 2400 observantes
1424 2351 1572 2412 irriderent;
1585 2354 1612 2403 et
1622 2352 1720 2416 quoties
1734 2352 1768 2404 ad
1803 2403 1808 2413 ,

986 2458 1121 2509 dicendum
1133 2463 1254 2523 surgeret,
1266 2460 1342 2510 toties
1352 2460 1455 2510 moleste
1471 2460 1571 2522 terrent,
1586 2474 1695 2525 eumque
1708 2461 1767 2512 bar·

987 2565 1075 2616 bamm
1098 2566 1259 2631 appellarent,
1284 2570 1310 2616 et
1331 2565 1439 2630 denique
1460 2566 1558 2617 theatro
1582 2566 1705 2629 ejicerent.
1731 2571 1767 2633 (2)

986 2674 1099 2726 abeunte
1117 2688 1173 2724 oum
1188 2675 1262 2725 sociis
1276 2676 1365 2739 legato,
1387 2674 1577 2728 Tarentinorum
1595 2677 1707 2741 quidum,
1722 2677 1768 2743 qui

987 2783 1013 2833 in
1026 2782 1132 2834 transitu
1144 2782 1268 2845 adstabat,
1284 2784 1426 2835 Philonides
1438 2786 1545 2849 nomine,
1561 2786 1600 2837 vir
1615 2787 1731 2851 garrulam
1742 2790 1769 2840 et

986 2891 1019 2942 ob
1038 2893 1191 2957 perpetuam,
1213 2893 1255 2943 oui
1273 2893 1328 2943 erat
1349 2892 1480 2957 obnoxius,
1500 2893 1648 2946 ebrietatem
1673 2898 1768 2962 Gotptu

986 3001 1124 3067 appellatus
1147 3020 1154 3051 ε
1177 2999 1292 3051 madidus
1312 3001 1395 3051 edituo
1409 3001 1525 3053 bestamo
1546 3004 1614 3065 rino,
1629 3005 1672 3055 ubi
1694 3006 1769 3069 legati

986 3125 1063 3176 pmpe
1071 3113 1236 3172 aooeaseruut,
1245 3114 1353 3161 mutato
1359 3111 1459 3175 amictu,
1470 3126 1548 3178 seque
1558 3114 1591 3164 ad
1599 3114 1768 3178 turpissimam

987 3219 1095 3283 speeiem
1118 3220 1262 3284 composito,
1280 3220 1422 3285 pudendam
1438 3221 1508 3273 dictu
1528 3222 1672 3288 spurcitiam
1692 3224 1768 3276 saeris

986 3327 1107 3379 Postumii
1120 3328 1232 3378 vestibus
1246 3327 1376 3391 adspersit.
1392 3329 1427 3392 (3)
1439 3329 1525 3380 Risum
1538 3329 1641 3381 tollente
1651 3330 1768 3381 universo

987 3435 1094 3500 theatro,
1111 3436 1249 3501 plausuque
1263 3450 1381 3489 manuum
1400 3438 1597 3503 petulantissime
1615 3454 1712 3505 quoqne
1725 3454 1768 3506 ap·

987 3547 1120 3612 probante,
1130 3549 1243 3611 spectans
1252 3548 1396 3597 Postumius
1405 3546 1560 3599 Plrilouidem
1571 3569 1577 3595 τ
1590 3568 1602 3593 ι
1616 3549 1766 3614 Λευίρίωυι,

987 3675 1000 3699 ν
1017 3655 1104 3721 inquit,
1125 3668 1208 3717 omen,
1227 3668 1243 3705 o
1261 3656 1371 3720 garrule!
1394 3657 1467 3715 Quod
1480 3657 1554 3707 etiam
1572 3671 1621 3708 nou
1640 3659 1768 3723 postulata

988 3785 1001 3810 a
1018 3763 1089 3815 nobis
1104 3764 1170 3815 ultro
1181 3762 1255 3815 datis,
1274 3783 1286 3808 ν
1306 3763 1342 3828 (t)
1357 3763 1451 3815 Deinde
1464 3764 1496 3815 ad
1512 3765 1611 3817 turbam
1624 3780 1758 3818 conversus

986 3874 1210 3939 deshoneatumque
1234 3876 1329 3926 vestem
1357 3877 1493 3937 ostentans,
1518 3879 1548 3926 ut
1570 3877 1685 3942 cognovit
1711 3879 1766 3942 ple·

986 3987 1080 4038 niorem
1096 3985 1206 4051 undique
1218 3984 1321 4036 excitari
1338 3985 1425 4045 risum,
1445 3985 1592 4051 audivitque
1608 4000 1683 4038 voees
1697 4000 1728 4038 ea
1740 4001 1768 4039 re

987 4094 1155 4159 gaudentium,
1173 4094 1382 4158 ignominiamque
1400 4093 1534 4159 impastam
1546 4093 1740 4147 collaudantium
1759 4115 1766 4147 :

987 4200 1023 4266 (5)
1034 4202 1150 4263 «Ridete,
1158 4202 1202 4262 ait,
1210 4205 1332 4266 quantum
1343 4200 1414 4251 vobis
1422 4201 1489 4266 licet,
1497 4202 1621 4254 Tarentini
1632 4221 1638 4253 ;
1649 4203 1693 4254 din
1701 4206 1767 4255 enim

988 4325 1000 4349 a
1018 4305 1135 4371 deinoeps
1151 4307 1242 4358 tlebitis
1261 4327 1283 4357 ν.
1298 4307 1332 4371 (6)
1350 4310 1399 4358 Eas
1411 4309 1490 4358 minas
1502 4307 1638 4359 terentibus
1650 4310 1765 4373 aliquot:

988 4431 1001 4456 a
1017 4414 1052 4461 Ut
1068 4413 1176 4476 gravius,
1193 4412 1270 4474 addit,
1284 4413 1454 4477 indignemini,
1470 4414 1510 4465 aio
1521 4415 1596 4465 etiam
1612 4413 1666 4465 iore
1679 4418 1708 4464 ut
1720 4426 1766 4463 vos

988 4514 1080 4567 «haue
1100 4519 1195 4568 vestem
1212 4518 1291 4569 multo
1309 4518 1427 4582 sanguine
1441 4518 1556 4570 abluatis.
1574 4539 1586 4563 ν
1602 4519 1637 4580 (7)
1654 4519 1696 4567 llis
1711 4529 1766 4566 eon-

985 4622 1093 4674 tumeliis
1112 4622 1210 4688 publico
1228 4623 1396 4688 privatimque
1415 4623 1531 4689 acceptis,
1552 4622 1684 4685 edictoque
1698 4623 1766 4685 quod

103 4945 126 4985 3⁰
182 4923 216 4988 (γ)
233 4924 299 4971 apulo.
310 4920 366 4976 ιίδης
380 4938 415 4977 τις
426 4923 572 4985 Ταραντῖνος
581 4919 748 4984 σπιρμολύγος
760 4919 892 4985 ἄνθρωπος,
906 4920 932 4976 ὃς
946 4915 994 4967 dnh
1005 4914 1211 4979 τηςοίνοφλυγίας,
1228 4914 1244 4978 ᾖ
1258 4914 1321 4981 παρὰ
1335 4915 1413 4966 πάντα
1426 4916 1466 4966 τὸν
1479 4914 1531 4979 βίον
1548 4914 1670 4978 ἐκέχρητο,
1686 4933 1763 4980 προσ-

150 4995 275 5059 ηγορεύετο
288 4994 390 5049 Κυτιίλη,
407 4993 463 5040 ἰδὼν
480 4992 534 5049 τοὺς
545 4992 675 5055 Ῥωμαίων
692 4992 801 5056 πρέσθεις
816 4992 919 5047 διιόντας
933 4988 1109 5053 ἀνασυράμενος
1120 4989 1163 5047 τὴν
1183 4987 1309 5051 περιθολὴν
1321 4989 1363 5036 καὶ
1383 4987 1536 5052 σχηματίσας
1560 4989 1653 5047 ἑαυτὸν,
1669 4993 1701 5045 ὡς
1724 4992 1765 5040 nl-

151 5085 252 5132 egrotos
270 5069 327 5129 Qua
333 5081 378 5117 aar,
389 5068 433 5119 aia
445 5063 501 5112 atat
509 5066 620 5126 λέγεσθαι
630 5066 767 5128 πρέπουσαν
781 5061 930 5128 ἀκαθαρσίαν
939 5061 1002 5112 κατὰ
1014 5068 1055 5122 τῆς
1066 5064 1129 5125 ἱερᾶς
1138 5060 1235 5121 ἐσθῆτος
1246 5062 1290 5111 τοῦ
1304 5059 1451 5125 πρεσύευτοῡ
1465 5060 1650 5111 κατεσκέδασεν.
1664 5060 1722 5114 ’atah’
1732 5056 1766 5114 ὧν

150 5142 180 5192 οὐ
194 5155 300 5204 μιμτιας
313 5136 382 5191 δίνας
397 5134 478 5183 ίτισαν
489 5135 511 5183 oi
521 5135 672 5196 Ταραντῖνοι.
688 5133 779 5185 ambr.

246 5238 350 5278 Pton'tsu

1637 5224 1669 5271 46
