3772 5828
606 340 898 414 ANTlQUlTATUM
921 340 1072 402 ROMAN.
1098 343 1171 403 LlB.
1193 345 1246 403 lX.

104 471 151 525 τοῦ
171 469 277 549 μετρίου
291 471 503 550 παραθεμένους,
518 471 599 548 τιμὴν
610 471 744 551 ὁρίσαντες
759 474 883 552 ἀποχρῶ-

106 579 165 615 σαν.
222 560 315 618 Ταῦτα
339 559 371 631 δῆ
400 560 445 619 καί
476 560 544 620 ἄλλα
572 558 659 620 sotii
690 559 880 641 μηχανώμενοι

105 651 213 704 τοιαῦτα
230 645 343 728 ἐπέσχον
357 651 410 706 τῶν
430 646 552 720 πενήτων
573 649 621 715 τὰς
635 648 823 728 παρανομίας,
836 646 882 707 καλ

106 735 273 818 ἀναστρορὴν
304 735 400 797 tiseos
425 741 471 809 τῆς
496 738 532 803 είς
556 735 600 796 τδν
630 737 748 816 πόλεμον
774 759 882 818 παρασ-

65 846 77 881 s
105 846 194 893 κευης.

145 913 253 972 xxvi.
276 911 386 982 Ἐπειδῆ
401 911 428 971 δδ
444 915 470 972 αἱ
485 912 534 988 μέν
549 914 643 982 ίξωθεν
662 914 804 994 ίόράδυνον
818 915 883 992 ‹ipe-

107 999 169 1076 ραὶ,
187 998 220 1056 τά
239 998 260 1056 δ’
274 999 345 1066 ἐντὸς
366 1000 468 1079 τείχους
492 1005 590 1081 τρορῆς
604 1001 719 1081 ἐχόμενα
734 1001 823 1060 πάντα
836 1024 883 1059 κα·

106 1087 253 1161 τανάλωτο,
264 1088 418 1169 ἀποστροφή
429 1088 456 1148 δί
466 1093 519 1149 τῶν
531 1095 621 1150 κακῶν
631 1090 741 1169 οὐδεμία
754 1081 786 1163 ἦν
797 1087 883 1168 ἑτέρα,

108 1176 177 1234 ἀλλὰ
201 1178 269 1236 δυεῖν
286 1176 392 1259 θάτερον
408 1180 507 1259 ἐχρῆν,
523 1178 540 1249 ἢ
556 1179 614 1246 τοῦς
633 1179 774 1257 πολεμίους
799 1177 882 1237 ίκόα-

55 1296 80 1335 10
107 1268 160 1324 λεῖν
177 1269 206 1323 ἐκ
220 1271 267 1338 τῆς
287 1266 377 1347 χώρας
390 1267 482 1347 ἁπάσῃ
499 1267 609 1344 δυνάμει
624 1266 883 1348 παρακινδυνεύσαν·

107 1376 168 1429 τας,
184 1354 202 1425 ἢ
215 1355 347 1436 τειχήρεις
363 1361 488 1432 μένοντας
500 1354 552 1415 ὑπὸ
569 1358 649 1435 λιμοῦ
662 1381 692 1417 τε
704 1356 749 1416 καί
764 1357 882 1423 στάσεως

108 1446 297 1524 διαφθαρῆναι·
321 1446 352 1503 τδ
375 1445 532 1526 κουρότερον
548 1443 698 1525 αἱρούμενοι
721 1450 774 1505 τῶν
795 1448 884 1504 κακῶν

107 1533 224 1611 ἔγνωσαν
238 1535 317 1611 ὁμόσε
332 1545 429 1614 χωρεῖν
447 1544 502 1600 τοῖς
517 1537 546 1593 lx
562 1538 614 1595 τῶν
629 1534 765 1611 πολεμίων
779 1534 882 1601 δεινοῖς.

108 1624 309 1701 Προαγαγόντες
324 1623 356 1693 δή
371 1621 417 1690 τάς
439 1623 560 1701 δυνάμεις
585 1625 616 1684 ίκ
628 1628 675 1696 τῆς
689 1622 804 1695 πολεως,
823 1622 883 1703 περί

68 1732 80 1768 s
108 1711 191 1784 μέσας
205 1711 301 1778 νύκτας
324 1710 450 1782 διέῦησαν
478 1711 522 1770 τὸν
547 1711 667 1789 ποταμδν
689 1712 733 1770 ἐπὶ
749 1709 883 1791 σχεδίαις,

108 1799 153 1856 καὶ
171 1800 232 1878 πρὶν
246 1798 349 1879 ἡμέραν
361 1799 480 1877 γενέσθαι
493 1800 607 1873 πλησίον
619 1803 671 1859 τῶν
685 1799 821 1876 πολεμίων
834 1822 884 1858 κα-

107 1887 378 1965 τεστρατοπέδευσαν.
420 1890 463 1967 Τῆ
485 1889 507 1946 δ’
524 1887 583 1961 έξῆς
603 1888 692 1970 ἡμέρα
714 1885 884 1969 προελθόντες

109 1970 203 2038 ἔταξαν
218 1977 253 2040 ὡς
268 1976 303 2040 εἰς
325 1975 415 2055 μάχην
432 1977 477 2035 τὸν
491 1977 616 2057 στρατόν.
661 1978 729 2056 Εχε
744 1976 771 2035 δί
789 1975 820 2036 τδ
833 1974 881 2054 μίν

109 2060 191 2129 δεξιὸν
206 2065 257 2121 τῶν
271 2063 389 2141 κεράτων
401 2066 570 2143 Οὐεργίνιος,
591 2067 622 2127 τδ
635 2067 662 2125 δί
675 2063 807 2143 εὐώνυμον
831 2067 882 2125 Σε·

55 2186 82 2224 20
111 2147 230 2232 ρουίλιος.
254 2151 362 2221 Ἰδόντες
374 2152 401 2211 δδ
417 2152 510 2220 αὖτοὺς
525 2155 662 2233 εὐτρεπεῖς
675 2153 755 2219 όντας
770 2154 795 2211 ei
808 2155 883 2233 Τυρ-

109 2241 181 2320 ρηνοὶ
196 2241 260 2322 πρὸς
274 2243 317 2302 τὸν
333 2244 425 2320 ἀγῶνα
447 2241 546 2324 σρόδρα
561 2240 714 2322 ίχάρησαν,
729 2238 764 2309 rie
789 2240 826 2299 td
845 2246 885 2322 τῷ

106 2329 166 2386 τότε
190 2330 300 2410 κινδύνῳ
319 2329 389 2388 κατδι
416 2334 477 2387 νοῦν
497 2329 652 2409 χωρήσαντι
675 2329 725 2402 τῆν
739 2328 884 2405 Ῥωμαίων

108 2420 278 2485 καθελοῦντες
296 2417 398 2498 ἀρχὴν,
412 2416 508 2484 εἰδότες
524 2415 566 2476 ότι
582 2426 636 2477 πᾶν
648 2416 710 2477 όσον
722 2407 755 2489 ἦν
774 2414 883 2496 κράτισ·

108 2526 151 2561 τον
162 2506 349 2583 στρατιωτικόν
363 2507 450 2565 αὐτῶν
462 2503 549 2571 εἰςτδν
559 2507 649 2582 αἰγῶνα
658 2507 754 2564 ἐκεῖνον
767 2502 885 2582 ὥρμητο,

69 2631 81 2666 5,
109 2592 155 2650 καί
171 2594 202 2650 δι’
216 2591 319 2660 ἐλπίδος
341 2593 463 2671 ίχοντες,
487 2595 514 2650 έν
540 2585 640 2672 ῆπολθ
659 2593 690 2652 τδ
713 2598 808 2671 κοῦρον
834 2584 883 2669 ῆν,

110 2681 205 2760 ῥᾳδίοις
220 2682 306 2740 αὐτῶν
320 2681 479 2760 κρατήσειν,
493 2680 583 2752 ε’πιιδῆ
599 2680 647 2754 τήν
660 2682 729 2756 μετίι
751 2681 886 2753 Μενηνίου

109 2771 220 2846 δύναμιν
236 2773 262 2829 ίν
277 2769 666 2851 δυσχωρίαιςπαραταξαμίνην
683 2769 771 2852 σρίσιν
794 2770 886 2842 ίνίκη-

109 2881 168 2917 σαν·
210 2858 355 2938 Γενομένης
370 2858 397 2918 δὲ
412 2863 523 2939 ἰσχυρᾶς
537 2860 583 2918 καὶ
596 2859 772 2940 πολυχρονίου
785 2859 886 2939 μάχης,

109 2948 222 3015 πολλοὺς
239 2947 287 3025 μὲν
304 2949 504 3015 ἀποκτείναντες
519 2946 680 3025 Ῥωμαίων,
696 2950 788 3028 πολλῷ
810 2950 834 3008 δ’
847 2946 887 3008 δτι

111 3037 234 3104 πλείονας
262 3041 315 3096 τῶν
350 3038 482 3118 σρετέρων
512 3036 709 3111 ἀποόαλόντες,
737 3037 885 3120 ἀνεχώρουν

112 3126 196 3203 βάδην
209 3125 253 3184 ἐπὶ
268 3124 312 3184 τδν
333 3124 452 3204 χάρακα.
495 3117 530 3187 ‘0
547 3126 596 3203 μίν
611 3116 655 3185 σύν
679 3124 841 3205 Οὐεργίνιος,
857 3127 887 3187 τὸ

109 3216 190 3284 δεξιὸν
205 3215 282 3294 κίρας
301 3212 380 3294 ἔχων,
403 3214 451 3275 οῦκ
464 3215 507 3274 εἴα
527 3216 630 3275 διώκειν
651 3213 712 3283 τοίις
727 3215 885 3295 σρετίρους,

109 3305 168 3361 ἀλλ’
185 3303 228 3361 ἐπὶ
241 3307 279 3383 τῶ
294 3301 481 3384 κατορθώματι
496 3303 598 3376 μένειν·
614 3306 628 3362 ὁ
649 3303 676 3361 δέ
691 3301 853 3380 Σερουίλιος,
872 3308 887 3364 δ

108 3393 266 3468 τεταγμένος
281 3392 324 3451 ἐπὶ
339 3392 449 3473 θατέρου
462 3393 556 3473 κέρως,
569 3391 661 3451 ε’δίωκε
676 3390 735 3460 τοῦς
749 3392 810 3451 καθ’
823 3396 885 3454 tue·

69 3518 81 3554 5
108 3481 164 3551 τὸν,
182 3480 307 3557 ἑπόμενος
321 3480 386 3559 ἄχρι
397 3482 507 3539 πολλοῦ.
541 3478 591 3548 Ὦς
601 3480 625 3539 δ’
638 3482 665 3540 δν
679 3488 733 3548 τοῖς
746 3480 886 3563 μετεώροις

109 3568 229 3646 ἐγένετο,
244 3569 454 3649 ὑποστρέψαντες
474 3569 498 3627 οἱ
515 3570 649 3649 Τυρρηνοί
664 3568 710 3627 καί
724 3575 776 3629 τῶν
794 3571 825 3629 ix
839 3577 884 3631 τοῦ

109 3656 227 3735 χάρακος
241 3655 473 3727 ίπιόοηθησάντων
495 3656 635 3717 ίνσείουσιν
660 3659 756 3724 αὐτοῖς.
797 3654 834 3716 Οἱ
857 3657 885 3718 δέ

109 3745 196 3824 ύλίγον
210 3744 269 3803 rint
291 3743 427 3822 δεξάμενοι
450 3746 555 3826 χρόνον,
571 3749 719 3824 ἐγκλίνουσι
741 3744 775 3806 sl
798 3749 883 3824 νῶτα,

109 3836 154 3893 καὶ
169 3834 238 3894 κατδι
251 3838 296 3894 τοῦ
309 3832 390 3913 λόρου
402 3835 557 3912 διωκόμενοι
570 3838 703 3916 σποράδες
716 3835 884 3899 ἀπώλλυντο.

111 3923 211 3984 Μαθὼν
230 3922 258 3982 δέ
272 3921 440 4004 Οὐεργίνιος,
451 3925 477 3983 έν
491 3922 559 3993 οἵαις
570 3915 603 3998 ήν
622 3925 716 4004 τύχαις
732 3930 749 3998 ἡ
763 3924 795 3984 τὸ
809 3926 886 4004 ἀρισ-

110 4014 183 4092 τερὸν
208 4011 286 4093 κίρας
301 4012 453 4092 κατέχουσα
478 4013 606 4094 στρατιά,
631 4021 720 4073 πᾶσαν
744 4013 814 4093 ἔχων
835 4013 885 4087 τῆν

110 4101 220 4178 δύναμιν
242 4102 270 4160 έν
283 4098 356 4169 τάξει
378 4098 495 4178 πλαγίαν
518 4091 567 4180 ῆγε
583 4099 627 4160 διδ
648 4106 694 4160 τοῦ
721 4100 795 4181 όρους
814 4105 885 4166 δδόν.

109 4191 253 4267 Γενόμενος
264 4187 293 4247 δί
304 4185 374 4246 κατδ
388 4187 471 4247 νώτου
489 4193 541 4250 τῶν
556 4189 704 4249 διωκόντων
718 4187 777 4257 τοὺς
789 4191 887 4271 σρετί-

111 4306 168 4360 ρους
182 4279 230 4358 μέν
239 4303 265 4339 τι
274 4277 359 4357 ταύτῃ
371 4276 526 4338 καταλείπει
537 4283 584 4350 τῆς
598 4286 724 4358 στρατιᾶς
745 4279 886 4347 κωλύσεως

109 4375 195 4431 ἕνεκεν
217 4373 270 4429 τῶν
291 4371 323 4428 ίκ
339 4371 385 4427 τοῦ
399 4366 517 4448 χάρακος
540 4368 790 4443 ίπιόοηθησόντων,
813 4368 843 4428 τὸ
858 4368 886 4428 δέ

109 4459 199 4520 λσιπδν
215 4458 292 4526 sieri<
306 4457 378 4537 ἄγων
393 4456 535 4538 ίπερίρετο
554 4467 606 4526 τοῖς
624 4457 773 4537 πολεμίοις.
837 4456 886 4519 Ἔν

109 4550 136 4607 δὲ
152 4548 235 4628 τούτῳ
249 4548 295 4608 καί
309 4549 334 4607 σί
349 4546 418 4626 μετδι
428 4552 473 4608 τοῦ
491 4547 646 4628 Σερουϊλίου
661 4545 886 4629 θαρσήσαντεςτῦΙ

110 4637 241 4718 παρουσίᾳ
253 4641 305 4697 τῶν
319 4635 450 4718 σφετέρων
467 4635 662 4718 ὑποστρέφουσί
679 4659 709 4696 τε
722 4635 768 4694 καί
781 4658 886 4696 κατασ-

110 4725 201 4794 τάντες
224 4727 365 4806 ἐμάχοντο.
408 4726 595 4794 Κυκλωθίντες
620 4721 648 4785 δί
671 4723 714 4783 ὑπ’
739 4728 838 4807 άμρσῖν
863 4727 888 4786 σί

54 4850 82 4890 50
111 4817 258 4894 Τυρρηνοί,
272 4814 318 4875 καί
331 4815 392 4877 ούττ
406 4815 499 4894 πρόσω
516 4817 733 4894 διεκπορευθῆναι
747 4814 887 4892 δυνάμενοι

111 4901 155 4963 διὰ
169 4902 227 4971 τοὺς
247 4904 327 4981 ὁμόσε
350 4910 518 4986 χωροῦντας,
532 4906 592 4966 οὔτε
617 4904 704 4964 ὀπίσω
723 4904 828 4986 φεύγειν
843 4904 888 4966 isi

109 4994 154 5054 τδν
173 4992 283 5075 χάρακα
305 4993 349 5052 διδ
371 4991 431 5061 τοὺς
446 4994 558 5055 κατόπιν
578 4992 717 5066 ίπιόντας,
739 4997 787 5053 οῦκ
799 4988 884 5072 Δάνείν

111 5086 187 5165 δρως,
204 5086 308 5164 ἀτυχῶς
324 5081 352 5140 δδ
369 5082 394 5139 ei
407 5081 513 5149 πλείους
526 5080 724 5156 κατεκόπησαν.
740 5083 888 5158 Γενομένής

111 5176 138 5235 δὲ
152 5178 258 5256 οἰκτρᾶς
290 5172 365 5246 νίκης
379 5171 440 5251 περὶ
453 5169 513 5238 τοῦς
523 5171 684 5252 Ῥωμαίους,
705 5173 751 5233 καὶ
765 5175 795 5232 ού
814 5194 884 5230 παν·

1660 353 1718 413 ete

936 479 962 530 id
979 481 1003 530 in
1021 481 1148 546 publicum
1161 483 1320 532 conterrent:
1336 482 1495 548 pretiumque
1512 484 1607 536 iustum
1624 491 1720 541 statue·

938 575 1004 620 runt.
1038 570 1083 620 ilis
1101 571 1177 633 igitur
1189 575 1265 634 atque
1281 570 1368 623 multis
1380 571 1437 622 eliis
1450 573 1593 624 istiusmodi
1603 578 1719 628 remediis

937 672 1073 722 pauperum
1087 658 1189 709 iniurias
1209 663 1398 723 represserunt,
1417 661 1565 726 animosque
1583 662 1719 716 iterumad

936 745 996 797 belli
1009 750 1154 812 apparatum
1167 751 1353 799 eonvertemnt.

968 918 1054 967 xxvi.
1073 920 1157 975 Quum
1168 920 1252 966 autem
1262 916 1358 966 externi
1370 922 1526 969 commeatus
1536 920 1633 971 tardius
1642 920 1720 973 aller·

937 1009 1034 1068 rentur,
1054 1010 1079 1056 et
1096 1005 1180 1054 ersrniu
1201 1004 1337 1056 domestica
1361 1006 1455 1057 cibaris
1481 1008 1597 1060 absumta
1623 1018 1718 1072 essent,

937 1108 983 1144 nec
1001 1094 1054 1144 ullo
1078 1093 1128 1145 alie
1139 1093 1215 1144 modo
1233 1092 1329 1145 malum
1347 1095 1424 1146 vitari
1435 1102 1536 1160 posset,
1559 1099 1603 1148 sed
1623 1099 1718 1150 alteru-

937 1188 1004 1233 trum
1017 1182 1159 1233 necessarie
1174 1187 1242 1233 esset
1252 1182 1302 1233 illis
1315 1182 1473 1246 iaciendum,
1486 1190 1529 1236 aut
1552 1188 1612 1238 totis
1626 1190 1720 1240 ririlrus

937 1271 1141 1336 periclitandum,
1152 1273 1196 1322 aut
1214 1272 1301 1322 hostes
1312 1286 1342 1322 ex
1354 1287 1414 1336 agre
1431 1278 1542 1325 llereano
1555 1277 1718 1341 expellerent,
1796 1280 1799 1292 “

937 1359 1058 1412 uutiame
1079 1363 1104 1411 et
1126 1361 1248 1410 seditione
1270 1360 1394 1411 absumtis
1415 1361 1582 1424 pereundum,
1603 1363 1626 1412 si
1654 1364 1719 1415 intra

937 1463 1021 1500 mures
1035 1463 1064 1501 se
1077 1451 1234 1500 continerent
1248 1468 1254 1498 ε
1273 1448 1356 1498 levius
1370 1448 1464 1499 malum
1474 1449 1607 1512 eligentes,
1624 1456 1721 1503 sintne·

939 1541 996 1589 mnt
1016 1552 1043 1590 se
1058 1531 1168 1589 externis
1193 1538 1304 1588 hostium
1330 1538 1449 1602 perieulis
1476 1539 1593 1603 objicere.
1617 1544 1720 1606 ltaque,

937 1627 1037 1678 eductis
1048 1643 1080 1677 ex
1092 1627 1154 1678 urhe
1163 1626 1242 1690 copiis
1255 1627 1320 1675 circa
1340 1626 1447 1676 mediam
1466 1632 1563 1678 noctem
1575 1630 1665 1680 llumen
1678 1645 1720 1680 ra-

938 1716 1006 1767 tibus
1023 1716 1189 1779 trajecerunt3
1201 1719 1226 1765 et
1242 1717 1379 1777 antequam
1393 1715 1447 1765 dies
1467 1714 1534 1765 clere
1548 1715 1720 1780 illucesceret,

938 1820 1015 1870 prope
1038 1806 1125 1855 hostes
1145 1808 1228 1855 castra
1249 1806 1395 1867 posuerunt.
1438 1805 1566 1855 Postridie
1585 1821 1645 1855 rere
1666 1821 1721 1871 pre-

938 1896 1018 1962 gressi
1037 1893 1174 1946 esercitum
1195 1892 1228 1943 ad
1249 1906 1355 1957 pugnam
1376 1894 1559 1944 instruxerunt,
1597 1897 1720 1947 Dextrum

938 1990 1023 2037 autem
1037 1999 1114 2034 cemu
1134 1981 1287 2044 ai'irginio,
1305 1982 1397 2031 laevum
1417 1981 1553 2031 sServilie
1573 1982 1718 2036 ducebatur.

939 2077 1039 2129 Etrusci
1054 2088 1121 2131 vere,
1135 2088 1214 2138 quum
1229 2086 1272 2123 eos
1286 2072 1318 2122 sd
1333 2071 1450 2136 proelium
1467 2077 1568 2135 parntes
1583 2073 1718 2133 vidissent,

939 2167 1098 2219 veliementer
1114 2163 1191 2215 letati
1209 2166 1281 2220 sunt,
1299 2162 1373 2226 quusi
1405 2175 1454 2211 uno
1467 2160 1512 2211 illo
1531 2163 1684 2224 certamine,
1698 2165 1721 2214 si

939 2255 1000 2319 ipsis
1014 2269 1045 2306 ex
1059 2252 1134 2305 enimi
1150 2252 1273 2302 sententia
1291 2250 1473 2310 successisset,
1485 2251 1616 2314 imperium
1633 2254 1720 2302 iterna-

939 2358 998 2395 num
1020 2341 1151 2404 eversuri,
1166 2339 1274 2391 scientes
1296 2342 1376 2388 toturn
1396 2341 1564 2389 ltemunerum
1580 2342 1657 2391 robur
1676 2344 1721 2393 mi·

939 2432 1012 2482 litare
1033 2430 1066 2481 ad
1078 2431 1102 2480 id
1116 2432 1241 2480 certamen
1256 2427 1370 2487 venisse,
1388 2431 1414 2477 et
1434 2441 1478 2490 spe
1495 2429 1630 2478 vanissima
1644 2429 1718 2489 elati,

938 2534 966 2571 se
990 2518 1062 2570 laeile
1079 2517 1209 2568 victoriam
1240 2514 1273 2566 sb
1296 2513 1346 2565 illis
1372 2519 1561 2578 reportaturos,
1583 2517 1651 2580 qued
1670 2519 1721 2566 lile·

939 2608 1004 2658 nonii
1018 2608 1100 2672 copies
1114 2607 1139 2655 in
1153 2605 1208 2655 lece
1220 2607 1325 2668 angusto
1337 2617 1367 2653 ec
1380 2603 1465 2666 iniquo
1479 2617 1564 2653 secum
1573 2616 1720 2666 congressas

940 2697 1064 2747 vicissent.
1098 2693 1240 2745 Commisso
1263 2691 1339 2754 igitur
1364 2692 1415 2741 acri
1428 2694 1454 2741 et
1477 2691 1596 2741 diuturno
1619 2691 1719 2754 proelio,
1808 2733 1812 2739 .

940 2785 1026 2836 multis
1041 2782 1157 2834 ltemanis
1170 2782 1256 2844 cessis,
1266 2780 1310 2831 sed
1328 2779 1398 2844 lenge
1411 2778 1526 2844 pluribus
1539 2779 1571 2831 de
1584 2781 1638 2831 suis
1647 2781 1721 2835 nmis·

940 2874 992 2935 sis,
1019 2886 1046 2923 se
1071 2872 1097 2921 in
1120 2872 1203 2921 castra
1229 2868 1387 2933 recipiebunt.
1438 2868 1564 2933 Virginius
1586 2884 1661 2928 vero,
1677 2869 1722 2935 qui

940 2963 1059 3014 dextmm
1071 2974 1149 3011 cornu
1162 2958 1285 3018 ducebat,
1298 2971 1359 3008 sues
1378 2957 1485 3009 ulten'us
1503 2958 1602 3008 hostem
1622 2959 1720 3022 insequi

941 3066 990 3102 oon
1002 3051 1113 3108 sinebat,
1127 3048 1171 3099 sed
1183 3061 1228 3100 eos
1245 3046 1402 3105 tenebatur,
1421 3049 1448 3096 ut
1471 3048 1588 3110 presenti
1603 3061 1721 3098 successu

940 3130 1049 3191 contenti
1069 3141 1155 3190 essent
1175 3153 1182 3183 ι
1203 3138 1230 3187 et
1251 3135 1374 3188 Servilius
1398 3134 1472 3185 alteri
1488 3149 1569 3186 cornu
1589 3136 1721 3199 prefectus

940 3247 996 3282 cum
1010 3232 1063 3281 suis
1074 3244 1119 3282 ees
1131 3229 1175 3293 qui
1187 3228 1234 3279 sibi
1246 3232 1317 3280 erant
1327 3227 1435 3292 oppositi
1446 3226 1516 3287 lenge
1531 3230 1569 3275 est
1583 3226 1719 3279 insecutus.

939 3323 973 3370 Ut
989 3335 1049 3371 vere
1066 3320 1098 3370 ed
1109 3319 1163 3368 loca
1177 3317 1282 3367 acclivis
1297 3321 1401 3367 ventum
1416 3319 1463 3372 est,
1483 3315 1581 3365 Etrusci
1597 3317 1718 3379 conversi,

939 3412 1100 3460 succurrente
1112 3409 1138 3458 et
1152 3411 1291 3457 cestrorum
1309 3404 1441 3470 presidio,
1453 3403 1479 3453 in
1497 3418 1540 3452 ees
1562 3404 1716 3468 irruperunt.

940 3496 977 3548 llli
988 3511 1067 3562 quum
1079 3495 1259 3559 aliquantisper
1280 3507 1366 3543 eorum
1380 3492 1501 3555 impetum
1515 3492 1716 3552 sustinuissent,

940 3589 1009 3648 terga
1020 3587 1160 3640 verterunt,
1176 3584 1202 3632 et
1214 3594 1294 3645 quum
1304 3594 1347 3644 per
1359 3578 1465 3630 declivia
1478 3578 1560 3628 hostis
1576 3592 1619 3629 ees
1630 3593 1719 3644 perse·

939 3675 1065 3738 queretur,
1087 3670 1177 3736 passim
1198 3669 1365 3721 caedebantur.
1400 3667 1529 3731 Virginius
1550 3681 1609 3719 rere
1623 3669 1721 3732 cognite

939 3776 1001 3813 casu
1013 3759 1155 3822 exercitus,
1168 3758 1212 3824 qui
1229 3759 1253 3810 in
1275 3758 1339 3810 leve
1359 3770 1437 3808 cornu
1456 3760 1519 3815 erat,
1534 3770 1622 3807 omnes
1634 3757 1720 3822 copies

939 3850 991 3902 acie
1013 3850 1136 3901 instmctn
1156 3861 1200 3912 per
1221 3849 1332 3899 mentem
1353 3849 1501 3896 transverse
1524 3844 1613 3895 itinere
1636 3845 1719 3898 duxit.

940 3944 1024 4000 Quum
1040 3940 1125 3989 eutem
1136 3951 1152 3987 a
1162 3938 1231 4000 terge
1240 3935 1352 3986 hostium
1363 3947 1423 3984 sues
1441 3932 1627 3999 insequentium
1637 3934 1721 3986 venis-

940 4031 992 4087 set,
1011 4030 1106 4093 partem
1127 4024 1251 4076 exercitus
1271 4023 1305 4074 ibi
1327 4023 1444 4087 reliquit,
1469 4025 1497 4071 ut
1525 4022 1668 4086 prohiberet
1689 4036 1721 4073 ne

941 4117 984 4182 qui
996 4129 1011 4166 e
1024 4113 1113 4164 castris
1123 4111 1156 4162 ad
1165 4111 1293 4175 suppetias
1307 4111 1360 4160 suis
1377 4107 1494 4160 ferendas
1507 4111 1674 4173 erumperent,
1691 4123 1720 4160 sc

940 4217 998 4253 cum
1012 4200 1115 4265 reliquis
1125 4199 1202 4263 repiis
1214 4199 1269 4263 ipse
1281 4198 1367 4267 hostes
1376 4196 1476 4249 invasit.
1513 4199 1610 4247 lnteree
1623 4199 1649 4248 et
1663 4198 1720 4249 Ser·

940 4291 1025 4342 vlliuni
1041 4288 1160 4341 resumtis
1177 4287 1268 4337 enimis
1286 4288 1319 4337 oli
1338 4300 1440 4337 suerum
1455 4286 1593 4338 adventum
1613 4300 1721 4336 cenver-

940 4384 998 4433 tunt
1009 4393 1064 4431 sese
1075 4382 1101 4430 et
1111 4380 1207 4429 stantes
1216 4379 1334 4440 pugnant.
1368 4376 1469 4426 Etrusci
1484 4391 1551 4435 vere,
1563 4377 1595 4426 sb
1608 4375 1720 4439 utrisque

940 4469 1114 4526 circumventi,
1128 4481 1206 4531 quum
1223 4479 1303 4530 neque
1324 4465 1431 4515 ulterius
1450 4469 1550 4528 possent
1561 4477 1721 4529 perrumpere

940 4561 973 4613 eb
992 4559 1130 4625 eppesitsm
1147 4557 1241 4613 aciem,
1264 4567 1345 4617 neque
1359 4558 1427 4603 retro
1438 4554 1464 4604 in
1479 4557 1561 4604 castre
1582 4553 1669 4615 ingere
1688 4553 1721 4602 eli

941 4664 990 4709 eos,
1007 4646 1124 4714 aquibus
1134 4660 1149 4696 a
1159 4649 1229 4709 terge
1240 4641 1400 4708 urgebantur,
1415 4643 1528 4707 plerique
1537 4641 1655 4707 quamvis
1668 4639 1720 4689 ier-

942 4741 1000 4791 liter
1013 4739 1151 4804 pugnantes
1165 4734 1256 4785 misere
1270 4732 1387 4783 trucidati
1407 4736 1474 4781 sunt.
1508 4730 1626 4782 Romanis
1641 4727 1719 4776 mise·

941 4827 1043 4878 randum
1055 4826 1186 4877 victoriam
1196 4821 1293 4885 adeptis
1311 4835 1389 4887 quum
1403 4819 1516 4884 prrmlium
1533 4829 1619 4881 parum
1633 4813 1719 4863 laetum

941 4915 1036 4967 exitum
1050 4914 1193 4971 habuisset,
1207 4908 1338 4965 rensules,
1355 4907 1444 4956 cestris
1464 4907 1521 4954 ante
1540 4915 1660 4951 reserum
1676 4914 1718 4950 ca-

941 5005 1033 5056 davera
1047 5004 1144 5069 positis,
1153 5002 1298 5064 sequentem
1320 4999 1418 5047 noctem
1438 4993 1472 5042 ihi
1492 4994 1676 5051 transegerunt.
1688 4994 1720 5041 at

942 5088 1056 5147 Etrusci,
1072 5088 1116 5152 qui
1134 5084 1273 5137 Ianiculum
1283 5085 1392 5132 mentem
1410 5076 1541 5137 tenebant,
1555 5089 1633 5139 quum
1650 5076 1719 5127 nulla

940 5176 1035 5228 euniliu
1049 5174 1123 5227 domo
1138 5173 1266 5233 venirent,
1279 5167 1312 5220 nd
1329 5163 1460 5217 castellum
1470 5164 1610 5229 relinquere
1629 5163 1718 5216 decre-
