3772 5828
185 290 245 349 tto
710 291 877 354 nlonlsn
899 292 1279 360 HalicaaNassstls

184 450 197 473 ιι
212 419 332 498 γνώμης,
352 424 503 503 ὁμολογεῖτε
527 421 612 495 δήπου
636 425 893 503 πονηροκρατεῖσθαι
917 425 965 485 καί
1017 454 1030 478 ιι
1045 436 1095 499 regi
1116 436 1235 502 nullaque
1254 437 1309 488 eius
1328 438 1430 489 decreta
1454 436 1633 491 auctoritatem
1649 439 1753 494 lubere
1768 441 1813 495 fas

184 536 196 562 ιι
211 511 321 585 μηδενὸς
335 501 460 585 εἶναιτὴν
477 510 571 592 βουλὴν
585 503 621 571 ὧν
635 510 667 571 δν
682 508 961 592 προεληται,“κυρίοιν.
1015 527 1138 579 «temni.
1169 531 1201 579 El
1218 533 1301 579 tamen
1319 529 1411 591 vultis,
1429 529 1459 580 ut
1476 527 1592 581 intelam
1604 531 1737 585 civitatem
1760 551 1809 590 re·

184 625 197 651 ιι
212 596 328 660 Ἔπειτα
343 602 379 665 εἰς
400 599 523 671 τοιαύτην
540 599 641 669 ἀξιοῦτέ
663 623 696 676 μι
715 603 851 662 κατελθεῖν
867 601 959 672 πολιν,
1016 639 1028 663 ιι
1047 624 1138 681 vertar,
1160 622 1205 673 ubi
1227 622 1343 673 meliores
1368 625 1457 687 parent
1479 622 1663 676 datarlnrlbnat
1680 627 1806 691 profecto

184 713 196 739 ιι
210 688 236 745 έν
257 679 323 762 {ab
337 691 455 766 speirano
479 690 557 767 μέρος
571 687 621 748 ὑπὸ
635 695 681 748 τοῦ
699 689 815 768 χείρονος
830 680 961 770 rippam
1015 729 1029 754 ι
1045 724 1085 762 [ηε
1098 725 1193 776 magum
1204 714 1307 764 insania)
1327 713 1461 765 damnatis,
1493 717 1557 780 Age,
1582 715 1645 781 finge
1658 717 1708 769 hoo
1729 723 1800 774 mihi

144 808 157 848 γ
183 802 196 829 ιι
210 775 310 846 πολλὴν
325 776 377 857 ἄρα
399 775 584 853 κατεγνώκατέ
604 801 654 854 μου
676 778 785 854 μανίαν.
806 779 895 860 Φέρε,
915 779 961 838 καὶ

182 891 198 914 ιι
210 863 242 936 δύ,
254 864 400 937 πέπεισμαι
413 864 459 922 καὶ
473 863 664 941 διαλυσάμενος
678 866 721 925 τὸν
732 866 859 943 πόλεμον,
871 864 960 946 ὥσπερ

182 979 195 1003 ιι
209 951 324 1025 ἀξιοῦτε,
346 951 530 1025 κατελήλυθα,
551 953 590 1020 τίς
604 959 621 1026 ἡ
638 952 705 1029 perd
719 960 804 1014 ταῦτα
819 955 895 1015 ἔσται
915 978 960 1032 μοι

181 1065 194 1091 ιι
209 1038 327 1112 διάνοια,
343 1039 389 1097 καί
411 1038 469 1097 τίνα
489 1039 544 1118 βίον
567 1040 698 1119 ζήσομαι;
721 1043 821 1118 πότερα
845 1043 959 1123 ἀσραλὲς

180 1156 193 1180 ιι
207 1130 253 1188 καὶ
265 1131 398 1190 ἀκίνδυνον
420 1131 586 1210 αἱρούμενος,
612 1132 695 1213 ἀργοῖς
709 1155 737 1191 τε
758 1132 804 1192 καὶ
822 1133 899 1212 τιμὰς
913 1132 958 1193 καῖ

128 1248 152 1288 10
180 1243 192 1270 ιι
208 1219 294 1279 silla
315 1221 418 1297 ἀγαθὰ,
433 1214 470 1279 ὧν
492 1220 562 1289 ἀξιον
587 1226 702 1299 ἡγοῦμαι
718 1223 845 1300 ίμαυτδν,
861 1219 957 1299 μετιὼν

179 1334 192 1359 ιι
207 1309 358 1387 θεραπεύειν
376 1311 498 1382 θπομενῶ
517 1310 562 1367 τὸν
586 1308 680 1389 έχοντα
706 1309 753 1381 τὴν
773 1309 872 1368 τούτων
887 1308 957 1378 ἐξου-

179 1421 192 1445 ιι
207 1396 267 1455 σίαν
290 1397 384 1476 ὄχλον;
412 1396 523 1477 πονηρὸς
551 1396 594 1476 ἄρ’
621 1398 649 1466 ἐξ
677 1401 774 1476 ἀγαθοῦ
797 1399 956 1477 γενήσομαι,

179 1512 191 1535 ιι
207 1487 252 1543 καὶ
274 1487 346 1547 οὐδέν
362 1488 437 1546 ε’σται
452 1509 497 1564 μοι
520 1491 567 1553 τῆς
589 1486 719 1567 προτέρας
744 1490 838 1567 ἀρετῆς
852 1486 954 1569 δρελος.

179 1600 192 1623 ιι
207 1573 276 1632 ’ἀλλ’
301 1577 327 1634 έν
349 1585 403 1642 τοῖς
425 1577 513 1643 αὐτοῖς
535 1576 609 1647 ἤθεσι
628 1576 713 1652 μένων
739 1578 785 1637 καί
802 1575 852 1647 τὴν
873 1576 956 1650 αὐτὴν

125 1682 150 1722 ιο
179 1687 191 1711 ιι
206 1663 357 1742 προαίρεσιν
382 1668 428 1735 τῆς
453 1663 586 1731 πολιτείας
607 1665 745 1745 ρυλάττων
763 1664 955 1741 ἐναντιώσομαι

178 1777 190 1802 ιι
205 1760 259 1818 τοῖς
273 1753 311 1827 μθ,
335 1750 419 1811 ταύτά
444 1753 673 1833 προαιρουμένοις;
688 1743 742 1813 dir’
757 1756 786 1812 οὐ
805 1753 953 1837 πρόδηλον,

177 1866 190 1890 ιι
206 1835 246 1898 δτι
260 1841 406 1917 πολεμήσει
421 1865 467 1916 μοι
481 1842 561 1900 πάλιν
583 1845 598 1898 δ
617 1843 699 1919 δῆμος
713 1842 758 1900 καί
777 1843 852 1909 δίκας
865 1841 955 1920 έτέροις

178 1927 312 1996 «ἀξιώσει
337 1928 499 2006 λαμδοίνειν,
516 1934 593 1989 τοῦτο
614 1930 678 1988 αὐτὸ
701 1933 804 2009 πρῶτον
832 1929 954 2007 ἔγκλημα

178 2044 190 2068 ιι
205 2018 380 2097 ποιούμενος,
395 2017 435 2076 διε
463 2022 509 2089 τῆς
525 2019 635 2078 καθόδου
650 2019 684 2076 δι’
700 2017 798 2076 ἰκτίνου
814 2016 903 2098 τυχὼν
922 2022 952 2075 ού

122 2129 149 2166 uo
176 2130 189 2155 ιι
205 2104 237 2163 τὰ
248 2107 312 2185 πρὸς
326 2106 422 2176 ἡδονὴν
436 2107 509 2185 αὐτῷ
522 2103 697 2182 πολιτεύομαι
707 2108 782 2178 ;Ο)κ
802 2105 888 2164 ἔνεστι
903 2107 952 2164 αλ-

175 2217 188 2242 ιι
202 2194 253 2259 λως
271 2197 364 2255 εἰπεῖν.
382 2191 489 2253 'Eram'
510 2195 706 2275 &repatriandi
726 2218 766 2263 τις
780 2194 867 2274 ἕτερος
887 2194 954 2256 ’leu-

175 2306 187 2331 ιι
202 2283 250 2360 λίιρ
265 2281 448 2361 παραπλήσιος
462 2281 479 2354 ἢ
501 2285 605 2366 Δεκίῳ,
620 2284 717 2363 θρασὺς
730 2283 903 2362 δημαγωγὸς,
925 2283 953 2350 δς

175 2395 187 2419 ιι
204 2370 352 2429 αἰτιάσεταί
367 2396 400 2448 με
415 2373 545 2432 διιστάναι
558 2374 618 2442 τούς
631 2373 742 2440 πολίτας
753 2375 800 2431 ἀπ’
815 2374 950 2446 ἀλλήλων,

174 2453 218 2525 «ἢ
239 2457 308 2518 κατὰ
321 2465 366 2518 τοῦ
383 2461 467 2536 δήμου
484 2462 609 2540 πρέπειν
625 2462 784 2536 ίπιύουλήν,
799 2460 816 2533 ἢ
831 2460 952 2539 προδιδό-

117 2566 146 2604 as
175 2570 187 2596 ιι
201 2568 243 2605 ναι
260 2556 313 2614 τοῖς
327 2549 461 2626 πολεμίοις
479 2547 527 2620 τὴν
542 2549 633 2621 πόλιν,
656 2549 675 2623 ἢ
692 2550 840 2631 τυραννίδι,
859 2548 951 2629 ὥσπερ

174 2661 186 2687 ιι
206 2634 252 2693 καί
272 2635 363 2703 Δέκιος
382 2638 525 2716 ᾐτιάσατο,
549 2641 708 2719 ἐπιχειρεῖν,
732 2639 749 2712 ἣ
771 2640 836 2699 ἄλλο
850 2640 949 2699 ἀδικεῖν

175 2750 187 2773 ιι
202 2724 255 2782 ὅτι
275 2726 306 2797 δή
333 2731 391 2785 ποτ’
417 2727 448 2786 διν
466 2730 538 2809 αὐτῷ
558 2733 637 2808 φανῇ·
652 2730 681 2789 οὗ
705 2727 756 2807 γάρ
773 2726 902 2808 ἀπορήσει
921 2725 952 2784 τὸ

174 2837 186 2861 ιι
202 2817 293 2886 μισοῦν
313 2814 407 2883 αἰτίας.
451 2815 528 2884 Ἥξει
551 2840 581 2876 τε
595 2816 658 2894 πρὸς
670 2826 722 2883 τοῖς
743 2818 832 2883 ἄλλοις
855 2814 951 2894 ἐγκλή-

174 2925 186 2950 ιι
201 2922 267 2973 μασι
289 2903 333 2960 καὶ
357 2905 433 2963 ταυτὶ
447 2906 578 2986 φερόμενα
600 2907 649 2964 οὐκ
668 2906 704 2971 είς
725 2907 846 2983 μακρὰν,
863 2906 911 2962 ὅσα
924 2906 950 2961 έν

119 3021 146 3060 ³0
174 3013 186 3038 ιι
203 2991 242 3065 τῷ
258 2991 364 3071 πολέμῳ
382 2992 533 3071 πέπρακταί
550 3015 594 3064 μοι
608 2991 701 3071 τούτῳ,
714 2991 753 3050 ὅτι
768 2992 858 3069 χιίνραν
873 2995 948 3070 ὑμῶν

174 3104 185 3128 ιι
202 3079 320 3157 τέτμηκα
333 3080 378 3139 καὶ
392 3082 464 3138 λείαν
481 3079 638 3150 ἀπελήλακα
651 3079 696 3138 καί
708 3079 797 3145 πόλεις
810 3081 950 3159 ἀρῄρημαι

173 3193 185 3217 ιι
199 3167 244 3225 καί
258 3167 316 3234 τοὺς
332 3165 397 3246 ὑπὲρ
416 3166 514 3226 τούτων
537 3166 715 3244 ἀμυνομένους
730 3165 790 3234 τοὺς
804 3167 852 3241 μὲν
864 3169 950 3250 περό,

171 3282 184 3307 ιι
198 3278 295 3328 νευκα,
309 3256 367 3323 τοὺς
380 3258 407 3316 δὲ
424 3264 476 3322 τοῖς
488 3254 623 3333 πολεμίοις
637 3254 824 3334 παραδέδωκα.
852 3259 947 3317 Ταῦτα

173 3371 184 3396 ιι
199 3345 243 3402 έδιν
269 3348 293 3404 οἱ
310 3348 451 3425 κατήγοροι
474 3344 587 3423 λέγωσι,
613 3346 639 3404 τί
663 3346 740 3427 ρήσω
766 3346 830 3426 πρὸς
854 3346 947 3415 αὐτοὺς

116 3462 142 3501 35
173 3459 185 3485 ι
200 3436 421 3510 ἀπολογούμενος,
437 3435 455 3506 ἢ
468 3434 517 3492 τίνι
533 3434 639 3514 βοηθείᾳ
651 3435 804 3514 [pisonem

212 3525 333 3585 XXXll.
363 3546 377 3580 ιι
387 3508 446 3599 Ἆρ’
461 3528 489 3583 οὐ
505 3524 634 3605 ρανερδν,
650 3523 690 3583 δτι
706 3526 887 3603 καλλιλογεῖτε
902 3525 946 3585 καὶ

170 3639 182 3661 ιι
197 3613 379 3690 εἰρωνεύεσθε,
395 3603 417 3669 ὦ
439 3612 572 3686 Μηνύκιε,
594 3613 678 3690 ὄνομα
693 3613 773 3673 καλδν
789 3615 857 3696 ἔργῳ
873 3638 945 3694 περι-

170 3728 181 3752 ιι
197 3701 282 3768 θέντες
304 3704 418 3783 ἀνοσίῳ;
441 3706 469 3761 οὐ
496 3703 546 3784 γδρ
572 3703 604 3774 δὴ
639 3702 747 3762 κάθοδόν
775 3728 820 3780 μοι
850 3705 946 3776 δίδοτε,

170 3817 181 3839 ιι
199 3789 266 3848 ἀλλὰ
280 3792 387 3869 σμοῖγιόν
403 3814 435 3868 με
447 3793 484 3870 τῷ
500 3791 577 3871 δήμῳ
592 3791 733 3870 κατάγετε,
752 3792 824 3871 τοίχα
835 3792 886 3866 μέν
902 3794 947 3851 καὶ

115 3918 142 3955 to
171 3904 183 3925 ιι
199 3878 398 3955 βεύουλευμένοι
418 3888 494 3940 τοῦτο
517 3881 657 3958 πράττειν·
682 3884 755 3939 οὐδέν
775 3883 825 3959 γὰρ
845 3881 883 3939 ἔτι
901 3905 946 3957 μοι

171 3992 183 4015 ιι
198 3967 313 4043 χρηστὸν
330 3968 395 4046 ὑπὲρ
410 3974 483 4043 ὑμῶν
497 3969 639 4048 ἐπέρχεται
659 3974 778 4049 ρρονεῖν·
801 3972 823 4027 εἰ
839 3972 865 4029 δὲ
882 3969 946 4047 βού-

170 4081 182 4106 ιι
197 4057 292 4126 λεσθε,
315 4057 406 4129 τίθημι
426 4058 495 4137 γὰρ,
512 4058 584 4115 οὐδὲν
599 4049 636 4116 ὧν
651 4058 775 4132 πείσομαι
792 4058 944 4137 προορώμε·

170 4171 182 4195 ιι
197 4165 246 4203 νοι.
298 4144 333 4202 Τί
360 4136 403 4202 σύν
423 4147 496 4205 ἔσται
516 4169 561 4224 μοι
585 4152 632 4219 τῆς
655 4146 781 4225 ύμετέρας
807 4147 943 4222 ἀγνοίαςῆ

170 4262 181 4285 ιι
197 4230 298 4309 μωρίας
312 4232 401 4312 ὅρελος
413 4278 421 4305 ,
434 4235 543 4294 κωλύειν
561 4234 608 4311 μέν
625 4235 698 4293 οὐδὲν
713 4236 768 4293 οὐδ’
787 4234 818 4292 ἂν
835 4226 883 4294 οἶοι
897 4228 944 4308 ἦτε

115 4361 141 4398 45
169 4351 180 4375 ιι
197 4321 398 4395 δυνησομένων,
426 4324 578 4403 χαρίζεσθαι
602 4325 629 4382 δὲ
654 4325 699 4382 καὶ
716 4331 791 4383 τοῦτο
806 4330 845 4404 τῷ
869 4327 945 4407 δήμῳ

169 4440 181 4461 ιι
197 4412 243 4468 σύν
259 4420 311 4477 τοῖς
324 4413 411 4478 ἀλλοις
431 4414 664 4495 ἀναγκαζομένοιν;
675 4415 750 4475 llll
765 4417 815 4496 γάρ
834 4417 873 4476 ὅτι
897 4419 944 4493 μὲν

169 4531 181 4554 ιι
196 4506 224 4558 οὐ
245 4502 357 4560 συνοίσει
373 4525 417 4578 μοι
437 4505 501 4583 πρὸς
516 4506 660 4583 ἀσροίλειαν
676 4507 740 4581 ἥδε,
761 4507 793 4577 ἣν
811 4510 885 4583 ὑμεῖς
898 4507 945 4581 μέν

170 4621 181 4644 ιι
197 4591 304 4651 κάθοδον
327 4593 447 4666 καλεῖτε,
464 4593 515 4671 ἐγὼ
529 4596 555 4652 δὲ
572 4606 680 4674 ταχεῖαν
693 4597 751 4655 libo
772 4598 815 4655 ἐπὶ
829 4598 872 4655 τδι·
887 4599 945 4657 dle-

170 4711 181 4734 ιι
197 4684 313 4760 θρον,ού
330 4684 433 4740 πολλῶν
449 4681 537 4758 οἴομαι
554 4686 606 4741 δεῖν
622 4685 661 4741 ἔτι
679 4685 775 4763 λύγων.
832 4684 897 4746 Ὅτι
916 4688 943 4746 δέ

115 4808 141 4845 γι,
171 4798 182 4819 ιι
197 4773 254 4831 οὐδὲ
277 4773 339 4852 πρὸς
361 4771 476 4837 εὐδοξίαν
498 4771 535 4850 [ἢ
561 4773 769 4853 τιμὴν]ἢπρδς
794 4773 943 4848 εάσέὸειαν,

170 4886 181 4909 ιι
198 4863 286 4932 ε’πειδάΙ
306 4864 346 4923 καί
365 4864 395 4922 σὺ
418 4861 531 4937 τούτοιν,
546 4866 568 4921 ὠ
582 4865 714 4935 Μηνύκιε,
728 4864 853 4941 πρόνοιαν
875 4862 944 4942 ἔχειν
971 4916 973 4941 Ι

1016 821 1028 845 ι
1043 816 1206 866 persuasum,
1228 806 1336 869 mulne,
1351 802 1419 854 lacta
1442 818 1518 869 paee,
1540 810 1568 855 ut
1584 809 1685 872 petitis.
1706 826 1800 865 rerer·

1014 910 1027 934 ι
1041 905 1113 951 sum,
1135 894 1193 957 quis
1210 898 1296 957 postea
1318 895 1368 945 erit
1390 908 1463 945 maus
1479 895 1598 946 animust
1617 912 1697 962 quam
1716 902 1802 956 sitam

1014 1002 1026 1026 ι
1045 985 1147 1033 vivam?
1190 987 1279 1035 Utrum
1296 987 1351 1035 tuta
1375 985 1478 1035 consilia
1493 989 1519 1037 et
1537 989 1606 1037 orani
1625 992 1741 1054 periculo
1755 1010 1805 1048 ca·

1014 1097 1026 1120 ιι
1043 1079 1122 1128 rantis
1140 1082 1254 1139 secutus,
1280 1082 1306 1128 et
1327 1078 1489 1144 magistratus
1509 1084 1535 1132 et
1560 1081 1683 1146 honores,
1705 1093 1732 1138 et
1749 1090 1802 1141 alia

1014 1170 1105 1220 «bona
1117 1171 1276 1237 (quibusme
1293 1172 1395 1236 dignum
1416 1172 1515 1236 iudico)
1533 1175 1659 1236 ambiens.
1682 1179 1800 1235 favorem

1013 1284 1026 1307 ιι
1041 1263 1120 1328 vulgi,
1137 1278 1211 1330 penes
1231 1278 1295 1329 qnos
1319 1269 1358 1314 est
1378 1266 1469 1315 luorum
1498 1265 1639 1320 dandorum
1664 1278 1798 1339 poteslas,

1014 1376 1026 1400 ι
1040 1356 1248 1406 assentationibus
1268 1359 1368 1420 captare
1394 1357 1539 1409 sustinebo?
1564 1361 1647 1412 malus
1669 1364 1797 1429 igiturex

1013 1469 1026 1496 ι
1039 1452 1104 1502 bono
1116 1452 1182 1511 llam,
1196 1454 1222 1501 et
1241 1452 1345 1516 pristina
1359 1452 1441 1504 virtus
1453 1453 1517 1504 nihil
1528 1455 1647 1508 utilitatis
1656 1460 1722 1510 mibi
1735 1464 1797 1514 alle·

1012 1565 1025 1590 ι
1040 1549 1087 1595 rel.
1121 1552 1173 1604 nn.
1188 1546 1287 1598 eosdem
1301 1561 1384 1598 moras
1400 1547 1523 1607 retinens,
1539 1548 1658 1616 idemque
1679 1555 1795 1608 studium

1013 1660 1024 1682 ιι
1041 1641 1066 1690 in
1088 1641 1162 1691 rebus
1181 1640 1286 1705 publicis
1308 1655 1421 1702 servans,
1442 1643 1593 1695 adversabor
1617 1647 1663 1707 iis,
1685 1663 1794 1714 quorum

1012 1754 1025 1778 ι
1040 1735 1124 1786 studia
1142 1741 1216 1786 erunt
1235 1738 1375 1787 oonlrarial
1399 1740 1432 1788 at
1452 1752 1533 1791 nonne
1551 1739 1713 1793 manifestum
1734 1749 1791 1804 est,

1012 1846 1026 1871 ι
1040 1826 1112 1888 fore,
1128 1831 1157 1879 nt
1177 1827 1269 1878 iterum
1288 1828 1359 1893 plebs
1370 1829 1431 1879 mitri
1450 1830 1543 1881 bellum
1565 1831 1673 1894 inierat,
1686 1839 1712 1885 et
1730 1834 1793 1885 alias

1012 1943 1025 1967 ι
1040 1936 1124 1988 poenas
1135 1923 1166 1972 de
1175 1937 1215 1974 me
1226 1937 1324 1974 sumere
1337 1924 1407 1984 velit,
1421 1925 1470 1974 boc
1483 1925 1565 1990 ipsum
1576 1928 1668 1979 crimen
1681 1931 1793 1994 pslmum

1012 2032 1024 2057 ι
1037 2012 1164 2077 objiciens,
1177 2029 1217 2065 me
1228 2029 1273 2065 suo
1286 2016 1404 2066 baneticio
1417 2015 1444 2066 in
1458 2017 1564 2081 patriam
1576 2020 1724 2072 restitutum
1737 2024 1794 2073 suis

1010 2128 1024 2154 ιι
1039 2107 1208 2171 uoluptatibus
1219 2122 1267 2157 non
1279 2108 1418 2158 inserviret
1430 2110 1484 2159 llne
1496 2111 1575 2174 negari
1589 2111 1684 2174 nequit.
1721 2116 1792 2164 Exo-

1011 2221 1024 2246 ι
1040 2203 1119 2252 rietur
1134 2201 1224 2253 deinde
1239 2201 1330 2267 aliquis
1345 2202 1427 2265 alins,
1446 2203 1528 2260 loillo.
1539 2202 1578 2253 vel
1588 2205 1664 2253 Decio
1677 2205 1785 2264 similis,

1012 2307 1025 2331 ι
1040 2286 1157 2337 tribunus
1178 2287 1276 2347 audax,
1301 2288 1347 2351 qui
1372 2288 1502 2338 accusabit
1523 2301 1576 2345 rna.
1589 2287 1656 2352 quod
1677 2288 1785 2341 dissidia

1012 2396 1025 2420 ιι
1039 2376 1103 2427 inter
1126 2376 1194 2427 cives
1219 2389 1313 2434 seram,
1328 2379 1374 2426 aut
1396 2375 1464 2440 plebi
1489 2374 1589 2427 insidias
1608 2380 1720 2439 stream,
1738 2383 1786 2429 aut

1012 2485 1024 2509 ι
1039 2465 1229 2529 rempublicam
1248 2465 1363 2515 hostibus
1378 2465 1482 2528 prodam
1495 2504 1501 2524 ,
1515 2469 1560 2517 ant
1577 2466 1731 2529 tyrannidem
1744 2466 1783 2517 al-

1010 2573 1023 2596 ι
1040 2553 1130 2604 lentem
1147 2557 1157 2616 (
1166 2558 1195 2605 ut
1212 2554 1269 2604 lecit
1285 2553 1390 2613 Decius,
1410 2554 1455 2618 qui
1474 2567 1514 2605 ma
1534 2554 1609 2605 lunius
1623 2555 1735 2606 criminis
1747 2557 1787 2608 in·

1011 2660 1023 2684 ι
1039 2641 1181 2704 simularit)
1196 2649 1240 2693 aut
1261 2642 1334 2692 aliam
1364 2642 1480 2692 iniuriam
1505 2641 1607 2704 faciam,
1630 2657 1790 2712 quecunque

1010 2750 1023 2773 «
1040 2731 1087 2794 ipsi
1101 2731 1154 2781 nisa
1167 2730 1257 2794 luerlt;
1279 2731 1378 2781 inimico
1394 2731 1460 2781 onim
1479 2731 1584 2782 crimina
1604 2746 1654 2783 nou
1672 2733 1788 2788 deerunt,

1010 2839 1023 2862 ι
1038 2822 1070 2869 nt
1083 2824 1174 2884 practer
1190 2821 1238 2870 alia
1248 2820 1351 2871 crimina
1364 2820 1418 2871 hec
1428 2834 1530 2885 quoque
1544 2821 1618 2873 brevi
1628 2822 1785 2886 objicientur,

1010 2928 1022 2951 ι
1036 2922 1192 2973 quascunque
1206 2910 1231 2958 in
1251 2909 1299 2959 boc
1313 2909 1378 2960 bello
1391 2923 1406 2959 a
1417 2923 1458 2959 roc
1473 2907 1543 2960 iacta
1559 2913 1618 2960 sunl
1626 2948 1634 2974 ‚
1649 2925 1787 2975 amasses-

1009 3019 1021 3043 ιι
1037 3003 1112 3049 trosa
1127 3014 1167 3049 me
1179 2999 1433 3064 populatospraedam
1447 2999 1581 3057 abactam,
1592 3001 1785 3066 urbesareptas‚

1010 3110 1023 3134 ι
1042 3095 1067 3140 et
1086 3092 1174 3142 harum
1193 3097 1387 3156 propugnatores
1407 3094 1498 3157 partim
1512 3095 1676 3155 interlectos,
1695 3098 1788 3160 partim

1009 3203 1022 3227 ι
1039 3184 1064 3232 in
1076 3183 1184 3233 hostium
1198 3188 1346 3248 potestatem
1367 3186 1489 3236 redactos.
1524 3189 1717 3239 accusatoribus
1733 3191 1790 3243 haee

1010 3294 1021 3316 ιι
1037 3273 1224 3338 objicientibus,
1240 3275 1368 3339 quidnam,
1386 3279 1414 3326 ut
1429 3290 1469 3327 ane
1481 3291 1601 3341 purgem,
1615 3279 1789 3342 respondebo?

1010 3386 1022 3409 ι
1039 3370 1082 3414 aul
1095 3379 1146 3431 quo
1165 3371 1221 3415 utar
1238 3367 1353 3416 auxilio?

1042 3534 1139 3582 xxxin
1159 3552 1171 3573 ι
1184 3534 1268 3581 Nonne
1280 3531 1356 3593 igitur
1374 3529 1535 3582 manifestum
1554 3535 1610 3587 est.
1625 3535 1729 3596 Minuci,
1743 3549 1789 3585 vos

1010 3642 1021 3664 ι
1037 3621 1145 3685 speciosa
1157 3623 1182 3670 ot
1197 3620 1314 3670 attitulata
1324 3622 1435 3671 oratione
1453 3623 1499 3681 uti,
1512 3621 1617 3672 honesto
1629 3625 1730 3675 nomine
1743 3638 1788 3675 ne·

1009 3732 1021 3755 ιι
1039 3711 1127 3761 larinum
1141 3709 1236 3760 lacinus
1256 3709 1382 3760 velantes?
1399 3724 1480 3774 neque
1499 3710 1608 3761 reditum
1628 3712 1691 3762 inihi
1703 3713 1786 3777 datis,

1007 3820 1019 3843 ιι
1034 3799 1077 3850 sed
1091 3799 1196 3848 bustiam
1216 3813 1256 3848 me
1269 3799 1335 3863 plebi
1353 3798 1486 3860 reducitis,
1500 3799 1577 3863 idque
1602 3798 1708 3851 fortasse
1730 3818 1785 3852 ron·

1007 3908 1019 3930 ιι
1035 3889 1102 3938 sullo
1116 3907 1121 3936 :
1136 3889 1208 3948 (nam
1221 3887 1282 3935 nihil
1295 3887 1352 3936 boni
1362 3887 1470 3952 amplius
1483 3886 1514 3938 de
1531 3886 1602 3938 vobis
1616 3891 1710 3940 sentire
1725 3904 1785 3954 pos·

1006 3996 1018 4019 ιι
1035 3978 1107 4036 suun)
1124 3979 1180 4031 aut,
1200 3976 1220 4023 si
1243 3976 1361 4026 mavultis
1384 3974 1522 4039 (laetamus
1536 3976 1618 4037 eninr,
1637 3978 1686 4029 θοι
1703 3979 1741 4029 ila
1758 3993 1786 4030 se

1006 4088 1018 4110 ιι
1034 4067 1141 4128 habore)
1156 4066 1233 4130 ignari
1245 4081 1344 4124 nurum,
1363 4081 1549 4131 quaepassurus
1561 4083 1625 4119 sum.
1661 4071 1712 4121 Sed
1724 4072 1785 4136 quid

1006 4176 1017 4199 ιι
1037 4159 1118 4205 rastra
1142 4156 1296 4220 ignorantia,
1321 4159 1365 4205 ant
1383 4156 1489 4206 stultitia
1509 4157 1572 4207 mihi
1593 4158 1722 4221 proderit,
1738 4160 1783 4225 qui

1005 4266 1017 4288 ιι
1033 4245 1093 4302 hoo,
1111 4259 1141 4293 ne
1162 4245 1182 4293 si
1206 4245 1287 4294 velitis
1310 4243 1431 4308 quidem,
1447 4245 1567 4309 impedire
1591 4247 1720 4309 polerllis,
1738 4248 1782 4299 sed

1005 4355 1016 4377 ιι
1038 4335 1085 4382 hoo
1106 4347 1206 4397 quoquc
1221 4337 1311 4396 praalon
1323 4338 1405 4383 uetera
1427 4333 1549 4397 inpletis
1571 4334 1676 4397 gratiam
1692 4350 1781 4387 concc-

1004 4442 1016 4464 ιι
1031 4421 1088 4471 dom
1098 4422 1235 4486 cogonninit
1255 4422 1302 4472 Sed
1315 4423 1380 4472 enim
1400 4436 1448 4472 nnn
1462 4423 1577 4486 pluribus
1592 4436 1655 4486 opus
1675 4439 1730 4475 esse
1745 4440 1784 4476 ar·

1004 4533 1015 4553 ιι
1033 4513 1118 4570 bitror,
1134 4517 1163 4562 ut
1174 4513 1303 4562 ostendam
1318 4514 1393 4573 hunc,
1406 4528 1483 4578 quern
1496 4527 1540 4563 vos
1553 4513 1661 4564 reditum
1676 4517 1780 4575 vocatis.

1003 4622 1015 4643 ι
1030 4615 1074 4663 ego
1092 4616 1150 4651 nero
1175 4602 1278 4650 calorem
1304 4603 1368 4651 viam
1393 4602 1560 4660 ndenilimn,
1584 4603 1644 4652 nihil
1666 4605 1732 4654 mitri
1749 4605 1783 4655 ad

1002 4709 1014 4731 ιι
1031 4688 1189 4737 securitatem
1207 4689 1364 4739 collaturum.
1400 4689 1568 4747 Quorlaulam
1583 4705 1628 4740 noo
1642 4691 1674 4742 ad
1690 4692 1782 4742 bonam

1002 4797 1014 4819 ι
1031 4775 1239 4825 existimationem
1257 4776 1319 4839 [aut
1341 4778 1474 4842 honorem]
1497 4783 1542 4828 aul
1559 4780 1692 4842 pictatem,
1713 4779 1782 4831 ιιιιἹιι·

1002 4886 1013 4909 ιι
1027 4867 1061 4914 stt
1082 4864 1249 4927 profecturus,
1269 4867 1409 4930 (siqnidem
1428 4872 1456 4916 tu
1478 4883 1579 4932 quoque
1603 4869 1709 4930 luorum,
1730 4869 1779 4919 lli·

170 4976 181 4998 ιι
198 4971 230 5021 με
244 4951 329 5019 ἠξίους
341 4942 369 5009 εύ
384 4954 481 5022 ποιῶν,
500 4951 558 5009 ἀλλ’
577 4953 704 5030 αίσγισταί
718 4976 762 5028 μοι
777 4952 821 5010 καὶ
838 4954 945 5012 ἀνοσιώ-
970 4946 973 5007 ί
1002 4974 1013 4996 ιι
1030 4953 1102 5013 nuci,
1118 4954 1180 5002 milri
1204 4955 1322 5006 rationum
1340 4956 1479 5006 habendam
1499 4961 1566 5006 recte
1585 4959 1719 5021 monuisti)
1733 4959 1777 5009 sed

171 5066 182 5087 ιι
198 5060 264 5095 τατα
289 5042 471 5118 πραχθήσεται
501 5044 575 5116 ὑμῖν,
606 5041 716 5099 ἄκουσον
745 5043 771 5099 έν
791 5045 828 5120 τῷ
856 5042 941 5122 μέρει.

171 5157 183 5180 ιι
199 5124 270 5208 Ἐγὼ
286 5126 409 5202 πολέμιος
431 5130 557 5205 ἐγενόμην
581 5133 695 5188 τουτοισὶ
710 5131 754 5189 καὶ
773 5132 858 5188 πολλα
882 5131 942 5202 ἠδί-

1002 5063 1013 5085 ιι
1031 5042 1187 5106 lurplssime‚
1204 5047 1228 5092 et
1243 5045 1351 5093 unissime
1365 5045 1440 5107 impie
1460 5046 1507 5094 sim
1526 5045 1650 5105 lactarus,
1676 5048 1696 5096 si
1720 5062 1778 5098 res-

999 5151 1011 5175 «
1027 5136 1091 5182 tram
1112 5132 1286 5183 auctoritatem
1306 5146 1402 5195 sequar,
1428 5134 1488 5184 nudi
1504 5135 1621 5186 uicissim.
1643 5138 1694 5198 Ego
1706 5137 1780 5187 Vols·
