3772 5828
192 292 252 351 tou

195 425 258 504 πρδς
280 422 339 490 τοὺς
360 419 632 499 συμπολιτευομένους
650 421 693 480 ἐπ’
716 421 802 502 εὖνοίορ
821 421 971 501 γινόμενον·

197 511 291 588 μανίαν
304 534 333 570 τε
349 511 492 587 ἀπέφαινον
514 511 592 568 αὐτοῦ
605 508 655 581 τήν
674 507 846 585 συμόαυλὴν,
860 512 889 569 οὐ
903 533 971 591 παρ·

197 598 288 677 ρησίοιν
315 599 368 657 οὐδ’
395 595 554 677 ἐλευθερίαν.
578 593 673 675 Βραχίι
701 595 749 674 μέν
771 586 815 657 σύν
839 601 917 656 τοῦτο
940 597 971 656 rb

197 687 272 768 μέρος
310 687 356 745 καί
378 685 482 750 ἀσθενὲς
505 683 533 742 δν
549 686 704 764 περιωθοῖτο
727 683 778 744 teri
791 690 837 743 τοῦ
860 683 971 764 βιαιοτέ-

152 806 166 846 5
196 796 249 854 ρου.
291 778 384 835 Ταῦτα
400 773 427 832 δὲ
444 776 554 850 δρῶντες
575 775 598 832 σί
614 773 763 850 δήμαρχοι·
778 776 903 852 παρῆσαν
920 773 971 853 γὰρ

193 868 231 923 τῶ
267 863 391 940 συνεδρίῳ
428 860 643 941 παρακληθέντες
678 860 729 919 ύπδ
761 867 812 921 τῶν
847 860 969 922 θποίτων·

193 926 274 1010 έόόων
288 950 376 1010 τεκαὶ
391 949 523 1027 ἤσπαιρον
538 948 639 1007 καὶτὸν
655 947 774 1027 Μάρκιον
786 951 908 1026 λυμεῶνα
923 947 970 1007 καὶ

191 1039 296 1119 ὄλεθρον
318 1043 364 1110 τῆς
384 1038 486 1103 πόλεως
509 1037 674 1111 ἀπεκάλουν,
690 1036 821 1114 πονηρούς
843 1035 969 1106 διεξιόντα

191 1128 260 1187 κατδι
275 1131 319 1186 τοῦ
334 1124 419 1201 δήμου
436 1125 541 1205 λόγους·
557 1125 603 1183 καί
622 1128 645 1183 εί
664 1124 702 1202 μὴ
722 1124 868 1183 κωλύσειαν
890 1126 968 1184 αὐτὸν

140 1232 166 1273 ιο
192 1217 216 1275 σί
236 1216 370 1296 πατρίκιοι
386 1215 501 1289 πολεμον
523 1212 648 1295 ἐμφύλιον
672 1218 707 1281 είς
729 1213 777 1284 τὴν
797 1214 873 1272 πόλιν
894 1214 968 1273 ιίσοί-

190 1327 271 1383 γοντα
291 1303 396 1382 θανάτῳ
413 1300 594 1377 ζημιώσαντες
611 1299 629 1372 ἢ
650 1304 739 1381 φυγῇ,
757 1299 830 1359 αὐτοί
843 1300 965 1371 ποιήσειν

189 1397 258 1455 τοῦτ’
274 1394 374 1470 ἔλεγον.
419 1389 540 1469 Θορύόου
558 1389 585 1448 δὲ
606 1388 646 1448 ίτι
662 1389 781 1455 πλείονος
795 1388 840 1447 ίπί
854 1396 908 1456 ταῖς
921 1388 966 1448 λά·

189 1505 245 1561 γοις
266 1484 317 1539 τῶν
339 1478 485 1559 δημάρχων
506 1477 647 1555 γενομένου
665 1477 711 1537 καί
732 1477 847 1553 μάλιστα
865 1478 965 1537 ἐκτῶν

189 1569 321 1650 νεωτέρων
345 1572 391 1635 τδις
416 1567 527 1636 ἀπειλὰς
546 1567 820 1648 δυσανασχετούντων,
845 1569 965 1648 ἐπαρθείς

139 1673 163 1714 15
189 1659 288 1725 τούτοις
306 1663 320 1718 θ
340 1658 460 1736 Μάρκιος
474 1655 662 1735 αὐθαδέστερον
676 1655 729 1728 ήδη
747 1655 898 1723 καθήπτετο
912 1660 964 1716 τῶν

190 1748 334 1827 δημάρχων
346 1744 392 1805 καί
404 1743 578 1825 θρασύτερον·
599 1771 612 1796 ιι
627 1745 661 1803 Ei
674 1744 712 1821 μή
723 1742 855 1802 παύσεσθε
868 1743 965 1819 μέντοι,

189 1864 203 1890 ιι
216 1814 317 1916 λέγωύ,
332 1835 504 1915 ταράττοντες
527 1831 575 1905 τήν
591 1831 667 1892 πόλιν
690 1836 764 1908 ὑμεῖς
779 1830 825 1890 καί
844 1832 964 1908 ἐκδημα-

189 1933 359 2006 ιιγωγοδντες
380 1921 440 1991 τούς
464 1922 596 2002 ἀπόρους,
624 1921 710 1981 αιἰκίτι
732 1920 802 2000 λόγῳ
831 1920 964 1998 διοίσομαι

189 2040 202 2066 ιι
216 2014 281 2094 πρὸς
294 2017 377 2090 θμάς,
396 2011 457 2070 ἀλλ’
471 2011 550 2092 ἔργῳ.
567 2037 580 2063 u

135 2122 162 2161 20
228 2105 333 2165 XXVI.
358 2101 542 2180 Ἠγριωμένης
559 2099 587 2160 δέ
607 2105 654 2173 τῆς
677 2099 845 2179 paulisper<
866 2096 961 2174 ἔμαθον

187 2194 211 2253 οἱ
233 2193 367 2272 δήμαρχοι
390 2189 496 2257 πλείους
520 2189 597 2256 ὄντας
616 2188 677 2256 τούς
703 2187 876 2268 βουλομένους
897 2191 962 2270 ἀρε·

186 2280 279 2339 λέσθαι
294 2279 342 2351 τὴν
358 2281 477 2338 δοθεῖσαν
491 2275 610 2346 ίξουσίαν
621 2279 659 2355 τῷ
679 2275 757 2356 δήμῳ
767 2279 820 2335 τῶν
840 2275 962 2353 ίμμένειν

186 2375 245 2434 ταῖς
266 2367 418 2448 ὁμολογίαις
437 2365 600 2442 ἀξιούντων,
625 2364 766 2445 ίξέδραμαν
787 2368 818 2424 ἐκ
834 2370 880 2424 τοῦ
897 2369 961 2446 βου-

187 2458 335 2538 λευτηρίου,
351 2457 509 2539 κεκραγότες
522 2454 569 2515 καί
585 2453 656 2522 θεοὺς
670 2453 730 2520 τούς
746 2453 848 2533 ὁρκίους
869 2454 961 2513 ἐπικα·

134 2571 161 2610 αι
186 2546 319 2624 λούμενοι.
364 2544 420 2605 Καὶ
445 2544 513 2622 μετδι
535 2546 631 2621 τοῦτο,
645 2540 836 2619 συναγαγόντες
859 2541 895 2607 είς
917 2544 962 2600 έκ-

185 2635 298 2706 κλησίαν
310 2633 355 2692 τδν
370 2635 464 2710 δῆμον,
479 2631 616 2705 ἐδήλωσαν
629 2633 705 2711 αύτῷ·
715 2628 774 2697 τούς
788 2633 815 2690 έν
830 2634 863 2709 τῇ
879 2631 962 2710 βουλῇ

186 2724 313 2803 ῥηθέντας
324 2721 416 2799 λόγους
434 2722 484 2781 ύπδ
496 2726 542 2780 τοῦ
557 2719 698 2801 Μαρκίου,
710 2718 756 2778 καλ
770 2716 814 2776 τθν
827 2717 909 2797 ἀνδρα
926 2721 962 2787 είς

187 2808 330 2886 ἀπολογίαν
354 2809 475 2868 ἐκάλουν.
519 2807 569 2876 Ὡς
592 2807 620 2866 δέ
642 2811 671 2866 οὐ
696 2814 836 2886 προσεῖχεν
856 2807 960 2884 αὐτοῖς,

124 2918 129 2931 ·
186 2897 256 2958 ἀλλά
272 2897 317 2956 καί
340 2896 399 2964 τοὺς
423 2897 572 2978 ὑπηρέτας,
596 2899 638 2978 ὑφ’
657 2887 693 2954 ὧν
711 2896 844 2966 ἐκαλεῖτο,
858 2917 961 2974 προπη-

133 3005 161 3045 ³0
186 2986 298 3056 λακίζων
320 2996 374 3054 τοῖς
396 2986 483 3064 λόγοις
508 2983 641 3062 ἀνεῖρξεν,
667 2982 899 3062 ἀγανακτήσαντες
923 2982 961 3041 ἔτι

186 3078 287 3154 μᾶλλον
307 3078 330 3134 σί
347 3072 480 3152 δήμαρχοι
495 3072 693 3150 παραλαύόντες
708 3071 768 3138 τούς
782 3095 810 3130 τε
827 3071 960 3150 ἀγορανό-

185 3186 249 3241 μους
267 3163 312 3221 sat
330 3166 383 3221 τῶν
403 3162 490 3218 ἄλλοιν
511 3161 625 3218 πολιτῶν
643 3157 754 3238 συχνούς
771 3158 900 3238 ὥρμησαν
917 3163 958 3219 ἐπ’

184 3254 276 3312 αὐτόν·
294 3255 308 3310 δ
323 3254 345 3310 δ’
364 3250 453 3329 ἔτυχεν
468 3250 507 3309 ἔτι
524 3248 665 3330 διατρίύων
678 3247 729 3329 πρδ
748 3254 794 3308 τοῦ
816 3250 959 3328 βουλευτη-

185 3340 250 3421 ρίου,
269 3343 320 3399 τῶν
336 3362 364 3397 τε
379 3336 526 3415 πατρικίων
544 3336 657 3403 πολλοὺς
675 3335 838 3414 ἐπαγόμενος
850 3337 895 3395 καί
910 3339 959 3410 τήν

131 3462 157 3504 85
185 3429 266 3500 ἀλλην
287 3427 404 3507 ἑταιρίαν
426 3428 487 3505 περὶ
510 3425 588 3484 αύτδν
610 3425 690 3504 ἔχεαν.
734 3423 784 3489 Ὧς
802 3425 828 3482 δὲ
843 3427 960 3486 συνεῖδον

184 3519 262 3574 αὖτὀν
272 3519 295 3575 oi
305 3515 454 3595 δήμαρχοι,
467 3512 631 3592 προσέταξαν
645 3522 700 3582 τοῖς
715 3513 887 3594 ἀγορανόμοις
902 3516 958 3573 ἔπι-

182 3604 312 3662 totietas
333 3609 377 3661 τοῦ
400 3604 535 3677 σώματος,
564 3603 608 3662 καί
634 3605 656 3661 εί
680 3600 716 3680 μὴ
744 3600 810 3662 ἑκὼν
837 3603 959 3682 βούλεται

182 3693 349 3763 ἀκολουθεῖν,
368 3690 413 3771 βία
429 3691 519 3767 ἄγειν·
537 3679 608 3769 ιίχον
627 3691 653 3749 δὲ
675 3690 734 3749 τότε
757 3690 804 3764 τήν
828 3692 958 3769 ἀγορανο·

183 3779 263 3851 μικήν
287 3779 404 3847 ἐξουσίαν
427 3782 506 3843 Τῖτος
533 3779 639 3843 Ἰούνιος
664 3783 778 3858 Βροῦτος
806 3781 852 3837 καὶ
879 3784 900 3841 Γ
902 3781 957 3847 άῖος

129 3899 156 3937 40
183 3868 338 3933 Ούῐσέλλιος
354 3867 477 3943 Ῥούγας.
522 3869 556 3925 Οί
572 3866 663 3940 μὲνδὴ
685 3868 834 3945 προσήισαν
853 3871 887 3933 ὡς
899 3871 958 3927 ἐτει-

183 3953 326 4031 ληψόμενοι
341 3962 386 4012 τοῦ
401 3953 504 4032 ἀνδρός·
523 3956 546 4012 oi
560 3952 587 4011 δὲ
604 3952 736 4032 πατρίκιοι
755 3953 836 4011 δεινὸν
853 3957 957 4031 ήγησά·

183 4061 256 4114 μενοι
270 4033 396 4121 τοῦργον,
410 4043 461 4100 ὑπὸ
477 4045 529 4100 τῶν
540 4041 685 4121 δημάρχων
700 4041 752 4118 πρὸ
764 4041 838 4112 δίκης
849 4041 958 4122 ἄγεσθαί

181 4150 240 4184 τινα
259 4134 330 4207 σρδιν
351 4130 409 4208 βία,
431 4131 598 4209 προῦστησαν
617 4138 661 4191 τοῦ
683 4130 807 4209 Μαρκίου
829 4132 875 4189 καί
889 4133 955 4192 τύπ·

180 4238 267 4281 τοντες
288 4215 347 4280 τοὺς
366 4218 446 4292 ὁμόσε
471 4224 622 4298 χωροῦντας
648 4219 800 4289 ἀπήλασαν.
842 4221 957 4294 Διαόοη-

127 4336 153 4373 ts
180 4304 266 4371 θέντας
281 4303 307 4361 δέ
329 4310 375 4363 τοῦ
394 4306 490 4373 πάθους
506 4306 556 4364 άνά
570 4308 617 4379 τήν
637 4307 713 4367 πολιν
725 4307 806 4383 ὅλην,
823 4307 956 4380 ἐξεπήδων

180 4393 293 4459 ἅπαντας
319 4395 348 4451 ἐκ
373 4398 424 4450 τῶν
449 4398 553 4453 οἰκιῶν·
576 4400 599 4455 οἱ
624 4394 671 4472 μέν
692 4398 718 4453 έν
737 4405 790 4462 τοῖς
810 4397 956 4473 ἀξιώμασιν

179 4481 250 4544 ὄντες
265 4483 310 4541 καί
322 4482 466 4564 χρημάτων
480 4486 582 4563 ἔχοντες
597 4477 626 4544 εὖ
638 4485 681 4543 τὸν
700 4486 822 4564 Μάρκιον
837 4490 954 4565 ὑπερασ-

178 4575 296 4636 πιοῦντες
313 4571 369 4647 ἅμα
384 4580 436 4637 τοῖς
453 4575 600 4653 πατρικίοις
621 4575 666 4633 κοιλ
682 4575 729 4646 τήν
744 4575 860 4655 ἀρχαίαν
876 4581 955 4634 ἀνακ-

177 4665 317 4735 τησόμενοι
344 4661 491 4718 πολιτείαν·
516 4665 539 4719 oi
566 4662 592 4720 δὲ
632 4665 751 4723 ταπεινοί
776 4674 833 4730 ταῖς
862 4663 954 4742 τύχαις

125 4786 151 4824 50
177 4749 221 4806 καὶ
238 4749 295 4828 βίου
315 4749 482 4817 σπανίζοντες
504 4750 612 4826 ἀμύνειν
636 4752 881 4831 παρεσκευασμένοι
900 4756 954 4818 τοῖς

178 4837 325 4917 δημάρχοις
335 4837 382 4895 καί
394 4845 477 4895 ποιεῖν
492 4836 541 4897 ότι
557 4840 588 4897 διν
601 4843 693 4900 ἐκεῖνοι
706 4840 875 4899 κελεύσωσιν·
890 4839 907 4909 ii
924 4862 951 4896 τι

178 4922 273 4996 αίδδις,
298 4929 341 5008 ὑρ’
365 4920 395 5000 ἧς
417 4925 482 4992 τέως
510 4927 585 4986 οὐδέν
615 4928 734 5006 ἐτόλμων
762 4930 797 4994 είς
821 4926 952 4998 ἀλλήλους

176 5022 350 5087 παρανομεῖν,
376 5015 435 5075 τότε
464 5015 581 5094 ἀνήρητο
607 5015 652 5074 ὑπ’
687 5019 782 5074 αὐτῶν.
826 5017 867 5074 Οὐ
898 5013 951 5087 μὴν

175 5095 288 5174 ἔδρασάν
296 5121 325 5174 γε
335 5102 408 5161 οὐδὲν
424 5103 568 5174 ἀνήκεστον
579 5103 626 5174 τήν
638 5103 741 5182 ἡμέραν
753 5102 866 5180 ἐκείνην,
882 5102 951 5160 ἀλλά

713 287 881 350 DIONYSll
903 244 1281 360 hiltenesheimensis

1026 439 1110 488 autem
1123 437 1223 490 dicendi
1239 441 1380 504 licentiam,
1398 445 1443 495 aut
1461 443 1599 499 libertatem
1614 462 1669 503 esse
1682 450 1807 508 dicebaut

1027 536 1086 587 llaec
1097 538 1180 588 tamen
1196 552 1268 602 pars,
1281 553 1338 604 quse
1352 553 1427 606 parra
1445 547 1470 593 et
1483 544 1573 597 debilis
1584 550 1647 609 erat,
1665 550 1755 604 cedere
1768 567 1808 605 co

1026 630 1131 695 gebatur
1143 634 1167 685 ri
1176 649 1330 700 numeroque
1344 640 1530 702 potentioribus.
1564 649 1627 704 Quae
1639 648 1751 702 videntes
1763 655 1806 704 tri·

1026 728 1085 780 huni
1097 730 1215 796 (aderant
1225 734 1290 784 enim
1305 736 1328 784 in
1341 742 1429 788 senatu
1441 753 1457 788 a
1469 743 1612 794 consulibus
1624 749 1720 811 vocati)
1734 752 1804 802 voci-

1027 827 1364 895 ierahauturetiremebau13
1378 839 1403 886 et
1414 838 1534 889 llarcium
1549 842 1691 906 reipublicae
1706 850 1804 912 pestem

1026 926 1205 992 perniciemque
1225 932 1393 996 appellabant,
1417 935 1461 998 qui
1484 937 1549 1001 plebi
1566 943 1725 998 malediceret
1747 968 1753 998 :
1777 952 1805 999 et

1025 1025 1074 1076 nisi
1083 1039 1154 1086 eum,
1165 1027 1239 1079 civile
1251 1026 1343 1079 beilum
1357 1031 1384 1080 in
1394 1033 1569 1096 rempublicam
1584 1037 1744 1094 inducentem
1756 1058 1801 1109 pa·

1025 1118 1091 1170 tricii
1104 1119 1261 1184 cohiberent,
1278 1123 1318 1173 rei
1330 1129 1425 1188 morte,
1441 1128 1480 1179 vel
1495 1130 1600 1192 exsilio,
1614 1133 1663 1199 ipsi
1675 1150 1704 1188 se
1713 1137 1739 1188 id
1751 1140 1803 1192 iac-

1024 1219 1093 1267 turos
1115 1218 1281 1270 minabantur.
1325 1222 1387 1273 cum
1409 1227 1492 1277 autem
1512 1229 1546 1280 oh
1568 1231 1624 1284 brec
1648 1235 1802 1290 tribunorum

1022 1309 1100 1362 verbe
1115 1311 1186 1377 longe
1202 1315 1281 1367 maior
1293 1318 1416 1371 turnultus
1434 1324 1582 1389 exoriretur,
1599 1333 1722 1399 precipue
1740 1350 1802 1389 vero

1021 1409 1206 1462 eximioribus
1224 1414 1303 1466 minas
1321 1417 1375 1469 illas
1395 1420 1494 1488 indigne
1513 1425 1662 1491 terentibus,
1677 1435 1800 1496 Marcius,

1021 1505 1061 1557 his
1073 1508 1150 1561 iratus
1159 1513 1185 1562 et
1194 1512 1287 1576 elatus,
1301 1520 1455 1582 arrogantius
1465 1523 1549 1576 iamet
1561 1526 1679 1581 audacius
1697 1535 1722 1582 in
1735 1533 1800 1597 ipsos

1022 1604 1135 1657 tribunos
1163 1607 1277 1663 invectus
1299 1618 1346 1666 est.
1374 1637 1386 1660 ιι
1419 1620 1489 1681 tiisi,
1511 1621 1651 1687 inquiebat,
1676 1628 1799 1682 desieritis

1024 1721 1036 1744 ι
1051 1700 1229 1766 rempublicam
1245 1709 1404 1773 perturbare,
1415 1715 1442 1764 ct
1462 1718 1552 1768 vestris
1568 1720 1725 1771 concionibus
1744 1728 1799 1773 ino-

1024 1818 1037 1840 ι
1051 1810 1095 1862 pes
1108 1797 1244 1860 concitare,
1262 1816 1311 1855 non
1331 1807 1436 1872 amplius
1457 1811 1555 1873 verbis,
1573 1816 1618 1866 sed
1632 1814 1795 1869 iactisvobis·

1022 1915 1034 1938 ι
1054 1909 1111 1946 cum
1123 1897 1278 1952 contendam.
1295 1920 1308 1946 ν

1057 2100 1145 2150 lixt'l.
1164 2101 1317 2154 Eracerbaio
1329 2107 1411 2155 autem
1421 2109 1523 2169 senatu,
1534 2121 1589 2159 cum
1604 2110 1695 2161 tribuni
1705 2126 1799 2176 cogno-

1021 2199 1117 2252 vissent
1144 2203 1263 2254 maiorem
1275 2219 1330 2257 esse
1339 2220 1471 2260 numerum
1479 2222 1579 2273 eorum,
1591 2212 1634 2277 qui
1647 2212 1731 2263 daiam
1749 2228 1796 2278 po-

1020 2298 1079 2363 pulo
1098 2302 1245 2365 potestatem
1266 2303 1377 2356 adinmre
1403 2308 1504 2372 vehent,
1531 2323 1606 2373 quam
1625 2325 1726 2372 eorum,
1750 2316 1794 2379 qui

1020 2402 1086 2467 pueis
1106 2403 1288 2456 conditionibus
1307 2408 1422 2463 standum
1443 2416 1584 2477 σαιεατσαί,
1600 2428 1654 2466 sese
1673 2429 1705 2466 cr
1726 2419 1797 2470 suria

1020 2503 1195 2567 vociterantes,
1212 2511 1239 2559 et
1250 2510 1310 2560 deos
1322 2511 1445 2564 ioedcrum
1458 2517 1535 2567 testes
1545 2516 1717 2582 implorantes,
1736 2534 1798 2584 pro·

1022 2604 1159 2669 ripuerunt.
1195 2610 1301 2673 Postea,
1315 2613 1386 2678 plebe
1401 2615 1432 2666 ad
1448 2619 1590 2671 concionem
1604 2627 1751 2683 convocata,
1761 2627 1798 2676 r'u·

1020 2705 1134 2767 dicarunt
1150 2708 1183 2768 ei,
1201 2711 1262 2773 quid
1282 2713 1307 2763 in
1327 2718 1414 2766 senatu
1431 2719 1541 2771 llarcius
1555 2720 1673 2785 dixisset,
1691 2738 1797 2789 eumque

1017 2807 1049 2856 ad
1071 2822 1183 2860 caussam
1203 2811 1333 2864 dicendam
1355 2818 1545 2872 accersiverunt.
1588 2824 1655 2880 Quos
1676 2839 1733 2875 cum
1756 2826 1797 2878 ille

1020 2911 1200 2970 contemneret,
1214 2917 1292 2976 atque
1308 2916 1371 2967 adeo
1383 2930 1470 2969 eorum
1483 2919 1620 2984 ministros,
1634 2925 1750 2986 aqrribus
1760 2926 1795 2976 ci·

1019 3014 1124 3078 tahatur,
1147 3018 1330 3070 contumeliosis
1352 3018 1433 3071 verbis
1452 3019 1592 3084 repelleret,
1617 3022 1718 3072 obeam
1740 3037 1794 3075 rem

1018 3118 1097 3168 mulio
1111 3119 1189 3182 magis
1208 3121 1324 3186 indignati
1337 3119 1444 3182 tribuni,
1461 3122 1594 3186 assumptis
1606 3122 1665 3186 ipsis
1679 3124 1794 3176 edilibus

1017 3220 1143 3270 simultis
1164 3222 1217 3272 aliis
1232 3222 1337 3282 civibus,
1353 3219 1473 3287 impetum
1492 3221 1517 3272 in
1527 3236 1585 3274 eum
1601 3225 1711 3275 iecerunt
1728 3246 1734 3275 :
1751 3228 1793 3278 iiie

1016 3319 1081 3369 enim
1102 3320 1183 3370 adbuc
1198 3335 1243 3385 pro
1264 3322 1331 3372 curia
1346 3320 1439 3383 natat,
1457 3323 1542 3375 multis
1561 3325 1669 3389 patriciis
1685 3325 1792 3389 stipatus

1016 3423 1041 3470 et
1055 3421 1174 3485 reliquam
1193 3423 1348 3472 sodalitatem
1370 3421 1436 3473 circu
1453 3437 1481 3475 se
1501 3424 1603 3475 habens.
1636 3429 1715 3484 Quem
1734 3441 1794 3478 eum

1016 3519 1203 3583 conspexissent
1219 3519 1330 3581 tribuni,
1339 3517 1453 3571 aditibus
1463 3520 1631 3586 immrarunt,
1642 3527 1669 3572 ut
1679 3524 1795 3576 monibus

1015 3632 1111 3684 iniectis
1118 3646 1174 3684 eum
1184 3628 1429 3695 comprehenderent,
1437 3630 1464 3677 et
1472 3625 1519 3676 nisi
1529 3627 1616 3690 sponte
1625 3626 1695 3689 sequi
1708 3625 1791 3687 veliet,

1014 3748 1071 3785 eum
1087 3734 1112 3783 ri
1130 3732 1296 3789 adducercni3
1311 3732 1381 3780 erant
1395 3731 1479 3779 autem
1492 3730 1552 3776 tuuc
1567 3724 1650 3776 aediles
1662 3727 1690 3775 Τ.
1709 3726 1793 3776 lunius

1016 3839 1116 3895 Brutus,
1135 3836 1161 3884 ct
1178 3835 1206 3884 Ο.
1224 3831 1338 3882 i'iseilins
1349 3833 1426 3895 liuga.
1460 3827 1491 3877 lii
1505 3825 1581 3890 igitur
1590 3825 1748 3888 accedebant,
1761 3831 1791 3878 ut

1013 3960 1070 3997 eum
1083 3941 1335 4010 comprehenderent:
1348 3937 1376 3986 at
1389 3929 1484 3998 patricii
1498 3929 1591 3978 faunus
1604 3927 1784 3978 intolerandum

1013 4045 1068 4103 ruti,
1080 4045 1186 4108 aliquem
1197 4043 1235 4091 sui
1245 4037 1338 4089 ordinis
1350 4030 1478 4083 atribunis
1489 4030 1547 4078 anie
1556 4039 1651 4077 caussae
1660 4026 1791 4076 dictionem

1013 4144 1037 4194 vi
1052 4144 1145 4209 abripi,
1158 4157 1202 4208 pro
1214 4139 1306 4191 biarcio
1325 4148 1352 4185 sc
1361 4132 1410 4183 iilis
1421 4130 1603 4195 opposuerunt,
1614 4132 1641 4176 ut
1653 4140 1710 4177 eum
1722 4129 1791 4176 tuia-

1013 4244 1105 4299 rentur,
1120 4247 1143 4292 et
1160 4240 1247 4291 obvios
1265 4246 1394 4299 quosque,
1414 4229 1459 4292 qui
1471 4226 1647 4285 accessissent,
1666 4224 1791 4275 cedentes

1012 4342 1161 4406 repulerunt.
1195 4340 1268 4387 curius
1290 4332 1404 4384 iocinoris
1421 4340 1520 4379 rumore
1536 4325 1587 4376 iam
1600 4337 1642 4388 per
1656 4325 1732 4426 iotam
1749 4337 1790 4426 ur-

1012 4436 1067 4484 bem
1079 4436 1190 4498 vulgato,
1205 4447 1291 4481 omnes
1307 4443 1336 4478 ox
1348 4427 1442 4477 aestibus
1454 4421 1613 4488 prosiliebant
1630 4437 1635 4468 e
1652 4432 1679 4466 ac
1698 4430 1715 4465 ιι
1726 4430 1786 4479 qur-

1011 4532 1080 4591 dem,
1095 4533 1137 4593 qui
1147 4533 1171 4580 in
1182 4531 1264 4592 aliqua
1276 4526 1394 4589 dignitate
1409 4525 1433 4572 et
1450 4518 1560 4584 opulenti
1579 4517 1661 4575 erant,
1674 4516 1700 4562 ut
1719 4514 1788 4560 ilar·

1011 4632 1091 4688 cium,
1105 4631 1280 4680 adiuvantibus
1297 4626 1415 4691 patriciis,
1438 4621 1605 4685 protegerent,
1620 4621 1645 4666 et
1660 4612 1790 4679 pristinum

1011 4721 1151 4784 reipublice
1168 4725 1260 4770 statum
1283 4717 1455 4780 recuperarent
1478 4726 1484 4756 :
1503 4714 1546 4773 qui
1559 4721 1618 4759 vero
1630 4704 1717 4755 humili
1738 4704 1791 4752 ior-

1010 4823 1070 4869 tuna
1092 4822 1176 4879 erant,
1197 4821 1223 4866 et
1244 4818 1325 4866 rietus
1341 4813 1422 4877 inopia
1442 4807 1600 4867 laborabant,
1625 4807 1652 4852 ut
1675 4805 1790 4852 tribunos

1008 4915 1179 4974 defenderent,
1196 4914 1274 4976 russati
1299 4916 1379 4961 iacere
1409 4907 1531 4972 quidquid
1555 4905 1590 4956 iiii
1617 4898 1787 4965 imperassent.

1009 5012 1145 5075 Omnisque
1161 5009 1319 5067 verecundia,
1345 5020 1395 5069 qua
1416 5007 1535 5054 hacteuus
1559 4999 1674 5051 seientia
1692 4994 1788 5043 mutuis

1008 5110 1101 5161 iniuriis
1114 5109 1295 5163 abstinuerant.
1315 5111 1373 5156 tunc
1386 5103 1481 5154 sublato
1494 5106 1539 5153 est.
1566 5096 1739 5151 Verumtamen
1757 5107 1789 5143 eo
